3986 6228
441 348 560 409 343

1742 350 2137 414 THEODULI
2181 355 2530 417 MONACHI

3727 349 3841 407 3M

443 497 575 536 cum
608 479 742 536 aliis
772 480 1082 552 emigrare,
1105 495 1305 536 verum
1339 480 1555 550 pariter
1573 497 1705 536 cum
1747 499 1862 539 sivo
1892 486 2084 541 omni-

2210 486 2258 542 τό
2293 489 2387 560 μὲν
2422 487 2523 541 οὐκ
2551 483 2762 558 ἐγένετο
2799 501 2810 514 ·
2847 483 2910 536 οὐ
2942 481 3048 556 γὰρ
3087 481 3249 541 οὗτος
3301 478 3600 552 ἀνθρώπων
3626 479 3800 550 νόμος
3828 521 3842 536 .

444 572 780 642 perdurare,
813 585 995 640 eoque
1026 570 1264 624 demum
1289 570 1387 624 ilni
1421 586 1528 626 suo
1550 572 2085 645 admoto,etipsum

449 679 562 717 non
586 659 842 731 amplius
873 676 1196 732 superesse,
1240 662 1452 731 quippe
1502 663 1598 731 qui
1659 679 1849 718 reram
1885 665 2089 722 huma-

447 767 675 815 narum,
727 766 829 820 per
875 766 940 804 ea
1001 767 1127 820 quas
1178 750 1423 805 faciebat
1478 751 1842 823 dicebatque,
1894 756 2091 811 anima

447 839 617 912 plane
646 842 818 894 esset.
852 838 1148 910 Siquidem
1178 856 1334 906 vero,
1365 841 1474 894 etsi
1535 841 1644 896 hoc
1685 841 1762 896 ita
1795 843 2092 914 ﬁeriopor-

445 929 626 995 tebat,
658 944 770 983 non
808 929 1025 983 factum
1058 935 1250 983 tamen
1283 935 1396 993 est,
1426 945 1530 983 nec
1560 930 1714 986 enim
1759 932 1876 986 haec
1928 950 2093 990 mor-

447 1016 644 1071 talium
677 1021 768 1072 est
801 1017 908 1071 lex.
951 1017 1162 1072 Contra
1206 1032 1362 1086 vero,
1394 1020 1720 1074 secundum
1777 1023 2090 1078 maximam

451 1105 544 1161 Dei
568 1106 722 1161 circa
753 1123 858 1161 nos
897 1122 1098 1161 curam
1149 1112 1206 1162 et
1237 1107 1678 1176 providentiam.
1732 1109 2088 1180 Gregorium,

451 1212 567 1250 non
593 1195 785 1250 solum
818 1201 880 1250 ut
935 1211 1250 1250 commune
1297 1197 1594 1266 quoddam
1648 1199 1892 1265 bonum,
1943 1201 2095 1257 inter

455 1286 722 1340 homines
753 1285 977 1340 censeri
1011 1286 1288 1355 oportuit,
1323 1287 1422 1341 sed
1460 1291 1517 1342 et
1566 1291 1862 1345 communi
1909 1291 2094 1348 homi-

451 1391 594 1430 num
625 1391 782 1428 more
805 1375 980 1429 finem
1013 1391 1186 1429 suum
1219 1376 1486 1444 experiri.
1541 1398 1569 1425 «
1621 1377 1744 1432 Non
1800 1380 1955 1434 enim
2006 1386 2097 1437 est

450 1465 551 1536 qui
594 1463 767 1528 vivet,
819 1468 874 1515 et
931 1473 1172 1518 mortem
1226 1480 1341 1518 non
1372 1465 1589 1519 videbit
1633 1466 1696 1519 ".
1758 1489 1784 1515 »
1825 1470 1986 1531 Quod
2039 1474 2096 1525 et

451 1558 763 1621 utrumque
795 1553 1008 1607 factum
1041 1558 1149 1608 est.
1185 1558 1373 1624 Atque
1406 1552 1550 1608 illud
1597 1554 1732 1611 item
1785 1557 1898 1613 huc
1929 1574 2093 1613 acce-

451 1641 644 1708 debat,
681 1645 746 1694 ut
775 1647 832 1696 et
861 1648 1160 1713 superstes
1189 1641 1342 1696 idem
1377 1647 1442 1696 ut
1471 1649 1686 1713 ageret,
1705 1650 1763 1701 et
1791 1663 1904 1700 non
1941 1651 2095 1703 esset

452 1731 730 1802 amplius,
764 1729 1086 1784 secundum
1121 1731 1320 1786 solitas
1352 1734 1570 1787 naturae
1600 1733 1758 1804 leges
1788 1753 1804 1788 :
1829 1735 2000 1790 {iebat
2035 1737 2092 1790 id

453 1835 606 1880 vero,
640 1835 755 1874 non
787 1818 1041 1889 simplici
1070 1819 1323 1888 quodam
1364 1820 1557 1887 modo,
1609 1837 1734 1888 nec,
1769 1833 1828 1876 ut
1885 1824 2094 1880 dixerit

453 1909 764 1980 quispiam,
791 1925 926 1963 casu
957 1915 1014 1962 et
1045 1915 1213 1964 sueto
1253 1909 1384 1965 aliis
1425 1926 1606 1976 more,
1628 1928 1827 1967 verum
1864 1920 2094 1970 utrum-

455 2013 566 2068 que
595 1998 738 2052 adeo
788 1997 953 2052 bonis
1006 1997 1337 2066 dextrisque
1384 1999 1667 2070 auguriis,
1711 2006 1775 2055 ut
1830 2004 2096 2070 alterum,

456 2102 589 2141 cum
641 2086 893 2141 maxime
942 2088 1218 2157 oportuit,
1268 2086 1540 2153 alterum,
1587 2097 1649 2142 ut
1711 2090 2099 2160 pulcherrime

460 2177 736 2245 oportuit,
767 2177 947 2230 fieret.
990 2174 1232 2238 Quando
1265 2177 1420 2232 enim
1444 2178 1620 2232 rebus
1673 2179 1944 2236 Ecclesiae
1979 2183 2098 2238 viro

460 2281 609 2336 opus
637 2269 780 2329 erat,
814 2265 912 2336 qui
944 2270 1069 2320 tum
1102 2266 1502 2324 incumbentes
1535 2271 1786 2327 haereses
1818 2271 2102 2340 dissipare

461 2353 692 2424 penitus
730 2361 785 2408 et
814 2359 1086 2421 evertere,
1118 2360 1176 2409 et
1207 2356 1264 2411 in
1291 2356 1540 2413 nihilum
1575 2359 1834 2430 redigere
1864 2361 2097 2430 valeret,

459 2448 585 2498 tum
620 2443 846 2510 piorum
881 2451 1065 2498 ccetus
1085 2444 1430 2501 confirmare
1461 2457 1517 2502 et
1544 2451 1939 2516 corroborare,
1972 2450 2100 2506 etin

458 2539 756 2604 posterum
776 2533 945 2602 plane
969 2535 1382 2590 inconcussum
1397 2537 2100 2608 efficere,hoctemporum

459 2627 649 2677 tractu
679 2627 897 2687 noster,
931 2623 1091 2677 velut
1122 2627 1452 2681 communis
1481 2629 1716 2698 quidam
1761 2634 2098 2699 procurator

459 2709 658 2766 salutis
694 2712 827 2765 vita:
865 2713 1134 2766 humanis
1176 2713 1457 2770 divinitus
1513 2733 1844 2783 concessus,
1876 2724 1933 2772 et
1972 2734 2101 2772 om-

459 2816 564 2856 nes
595 2801 652 2854 in
683 2801 947 2872 ipsorum
977 2801 1398 2858 beatitudinem
1431 2807 1782 2875 gubernans,
1815 2813 1871 2863 et
1926 2807 2009 2862 ita
2041 2813 2100 2862 ut

461 2889 713 2943 nesciam
748 2905 820 2943 an
856 2889 1005 2943 alius
1037 2906 1202 2960 mque
1253 2891 1408 2946 ullus
1448 2910 1512 2948 ex
1565 2895 1638 2949 iis
1682 2897 1780 2966 qui
1843 2911 2100 2964 unquam

463 2978 644 3044 fuere,
677 2978 1335 3047 admirationeaﬂ'ectus,
1372 2983 1529 3036 itaut
1561 3000 1744 3056 genus
1779 2986 2100 3041 humanum

463 3087 492 3116 «
524 3067 935 3137 exsuperantia
957 3068 1195 3122 virtutis
1217 3085 1332 3124 suae
1355 3071 1670 3141 obtegeret,
1693 3090 1914 3144 suaque
1941 3075 2107 3144 plane

2193 573 2301 631 ἔδει
2356 574 2413 630 δὲ
2460 579 2650 628 τοῦτον
2709 571 2845 627 κατὰ
2901 572 3002 638 τὴν
3053 567 3304 645 μεγάλην
3361 571 3458 622 τοῦ
3516 571 3651 622 Θεοῦ
3717 569 3842 640 περὶ

2197 667 2345 738 ἡμᾶς
2376 662 2702 735 κηδεμονίαν
2746 662 2836 715 καὶ
2885 661 3165 733 πρόνοιαν,
3199 657 3262 712 οὐ
3319 658 3479 729 μόνον
3527 657 3601 719 ὡς
3643 675 3846 712 κοινω-

2199 755 2358 834 φελές
2399 756 2597 829 ἀγαθὸν
2642 753 2718 814 είς
2765 752 3084 826 ἀνθρώπους
3129 749 3366 810 τελέσαι.
3401 745 3550 803 ἆλλᾶ
3593 746 3684 801 καὶ
3725 748 3846 801 κατ’

2199 844 2394 905 αὐτοὺς
2447 844 2671 903 τούτους
2744 839 3002 908 τελευτῆς
3077 839 3453 912 πεπειρᾶσθαι.
3511 860 3540 886 ‹‹
3598 836 3679 893 Οὐ
3739 837 3842 909 γάρ

2201 934 2343 989 ἐστιν
2383 934 2441 995 ’ὀς
2491 935 2708 1003 ζήσεται
2737 931 2827 986 καὶ
2869 931 2970 984 οὐκ
3015 928 3204 1002 ὄψεται
3252 927 3476 982 θάνατον
3511 946 3524 958 ·
3560 950 3587 977 ιι
3637 925 3844 1000 γίνεται

2204 1026 2300 1098 μὶν
2329 1024 2417 1078 καὶ
2476 1020 2640 1096 ἄμφω
2705 1019 2858 1076 ταυτί
2891 1039 2905 1053 ·
2964 1019 3053 1074 καὶ
3108 1021 3170 1074 τό
3209 1039 3269 1094 γε
3325 1014 3393 1086 δὴ
3453 1020 3716 1091 περιεῖναι
3754 1015 3843 1069 καὶ

2201 1115 2264 1170 τὸ
2321 1111 2508 1186 μηκέτ’
2559 1113 2691 1167 εἶναι
2739 1109 2875 1164 κατᾶ
2923 1110 3052 1167 τοὺς
3098 1115 3198 1177 τῆς
3251 1105 3462 1183 φύσεως
3505 1103 3843 1179 προσγίγνε-

2198 1225 2285 1258 ται
2317 1204 2522 1276 νόμους
2557 1220 2571 1233 ο
2622 1201 2864 1276 γίγνεται
2912 1195 2970 1253 δὲ
3015 1197 3124 1276 οὐχ
3162 1195 3378 1265 ἁπλῶς,
3411 1192 3526 1250 οὐδ’
3563 1195 3638 1256 ὡς
3669 1191 3732 1248 ἄν
3765 1213 3843 1252 τις

2202 1297 2299 1370 φῇ,
2323 1292 2458 1346 κατὰ
2488 1288 2680 1360 δήτινα
2711 1287 3018 1362 ξυντυχίαν,
3049 1286 3138 1340 καὶ
3171 1287 3245 1346 ὡς
3297 1283 3416 1345 ἔθος
3464 1289 3578 1343 τοῖς
3621 1280 3844 1348 ἄλλοις,

2202 1379 2503 1434 ἆλλόὕτω
2538 1383 2652 1451 μετ’
2695 1378 2905 1452 ἀγαθῶν
2965 1397 3023 1430 τε
3077 1373 3168 1429 καὶ
3227 1372 3413 1443 δεξιῶν
3469 1372 3690 1447 ἑκάτερα
3741 1375 3848 1424 τῶν

2203 1464 2512 1541 ξυμϐόλων,
2546 1469 2618 1528 ὡς
2671 1466 2735 1522 τὸ
2787 1467 2900 1538 μὶν,
2935 1464 3095 1534 ἡνίκα
3154 1461 3376 1535 μάλιστ’
3427 1461 3625 1536 ἐχρῆν,
3677 1460 3746 1514 τὸ
3787 1457 3845 1526 δ’,

2203 1559 2275 1619 ὼς
2299 1555 2549 1612 κάλλιστ’
2581 1555 2776 1630 ἐχρῆν,
2806 1555 3147 1630 γεγενῆσθαι.
3180 1553 3311 1608 "Ore
3349 1551 3452 1625 γὰρ
3501 1546 3692 1622 ἀνδρὸς
3741 1545 3850 1602 ἔδει

2201 1651 2315 1708 τοῖς
2353 1645 2659 1719 πράγμασιν
2712 1644 2830 1698 οἳου
2883 1643 2980 1716 μὲν
3046 1639 3387 1712 ἐπικειμένας
3444 1638 3672 1712 αἱρέσεις
3731 1634 3848 1690 δια-

2205 1735 2361 1792 λῦσαι
2421 1734 2660 1804 καθάπαξ
2729 1737 2819 1787 καί
2893 1727 3381 1804 καταστρέψασθαι,
3438 1728 3530 1782 καὶ
3611 1747 3850 1801 προστο-

2213 1824 2380 1898 μηδὶν
2438 1830 2792 1892 καταστῆσαι,
2837 1821 2936 1887 τὴν
2995 1817 3053 1874 δὲ
3124 1824 3232 1874 τῶν
3303 1812 3666 1874 εὐσεϐούντων
3753 1836 3853 1893 φα-

2207 1917 2360 1989 τρίαν
2421 1911 2717 1986 έπιῤῥῶσαί
2774 1931 2832 1966 τε
2889 1910 2978 1964 καὶ
3045 1913 3326 1982 κρατῦναι,
3403 1907 3494 1960 καὶ
3568 1907 3708 1979 πρὸς
3792 1905 3850 1959 τὸ

2211 2003 2415 2076 μέλλον
2492 2000 2792 2070 ἁκλόνητον
2886 1999 3023 2053 εἶναι
3103 1997 3341 2066 καθάπαξ
3425 1994 3851 2070 παρασκευάσαι,

2206 2095 2320 2148 τόθ’
2369 2094 2524 2152 οὗτος
2585 2091 2766 2164 ὥσπερ
2811 2089 2895 2150 τίς
2965 2088 3143 2148 κοινὸς
3215 2083 3520 2160 μελεδωνὸς
3575 2081 3854 2157 σωτηρίας

2207 2185 2493 2252 θεόθεντῷ
2553 2179 2657 2254 βίῳ
2714 2176 2930 2240 δοθείς·
2982 2178 3068 2231 καὶ
3132 2175 3345 2231 πάντων
3403 2172 3484 2228 ἐπ’
3527 2170 3855 2244 εὐδαιμονίᾳ

2207 2270 2466 2346 προστὰς,
2501 2268 2590 2323 καὶ
2621 2268 2696 2329 ὡς
2721 2267 2826 2320 οὐκ
2873 2263 2972 2320 οἶδ’
3021 2263 3074 2320 εἷ’
3109 2286 3194 2326 τις
3221 2267 3328 2318 τῶν
3366 2282 3586 2318 πωποτε
3635 2263 3858 2334 θαυμα-

2209 2361 2375 2430 σθεὶς,
2430 2359 2504 2420 ὡς
2547 2356 2673 2418 τοὺς
2729 2358 2822 2429 μὶν
2872 2354 3190 2430 ἀνθρώπους
3237 2381 3262 2405 ιι
3314 2357 3393 2424 τῷ
3444 2351 3688 2424 περιόντι
3761 2369 3860 2404 κα-

2208 2448 2376 2522 λύψαι
2425 2453 2524 2515 τῆς
2570 2445 2790 2518 ἀρετῆς,
2841 2442 3006 2498 αὐτοῦ
3057 2463 3117 2516 γε
3169 2443 3276 2515 μὴν
3321 2445 3422 2508 τῆς
3468 2439 3725 2500 αἰνέσεως
3758 2441 3859 2492 πᾶ-

2210 2561 2304 2594 σαν
2342 2535 2768 2611 πεπληρωκέναι
2816 2535 2916 2603 τήν
2975 2541 3098 2608 γῆν,
3139 2557 3165 2587 ι
3225 2531 3342 2587 ἐπεὶ
3391 2532 3481 2587 καὶ
3511 2529 3686 2603 αὐμὸν
3718 2530 3860 2588 εἰκὸς

2207 2629 2274 2697 ἦν
2305 2629 2437 2696 εἶξαι
2492 2629 2560 2699 τῇ
2619 2624 2773 2702 φύσει
2803 2625 2893 2678 καὶ
2947 2620 3112 2695 δεῖξαι
3167 2621 3261 2677 τὸν
3310 2623 3618 2695 ἄνθρωπον,
3645 2618 3744 2673 καὶ
3783 2619 3858 2690 μή

2207 2721 2286 2788 τῷ
2331 2723 2431 2785 τῆς
2479 2714 2760 2775 πολιτείας
2809 2714 3088 2790 ὑπερφυεῖ,
3129 2711 3219 2766 καὶ
3271 2717 3371 2780 τῆς
3421 2710 3666 2764 ἁπάντων
3721 2709 3862 2778 ὁμοῦ

2206 2809 2318 2860 τῶν
2382 2801 2682 2878 βελτίστων
2747 2801 3056 2876 ἐπιτυχίας,
3117 2799 3262 2854 θείαν
3342 2798 3462 2852 τινὰ
3533 2797 3861 2869 νομισθῆναι

2207 2899 2399 2951 τοῦτον
2433 2893 2614 2947 οὐσίαν
2665 2891 2750 2945 ἐπὶ
2799 2895 2880 2962 τῷ
2931 2890 2997 2944 τὰ
3037 2886 3172 2962 τῇδε
3216 2895 3493 2962 κοσμῆσαι
3532 2889 3865 2958 σωματικῶς

2219 2984 2628 3057 φαντασθεῖσαν.
2660 2979 2712 3034 ἒν
2750 2977 3032 3054 βαθυτάτῳ
3065 3004 3091 3029 ‹‹
3135 2977 3224 3032 καὶ
3269 2975 3416 3042 μάλα
3450 2974 3596 3030 πίονι
3632 2976 3804 3050 γήρᾳ,
3837 2996 3862 3021 υ

2215 3071 2475 3127 καταλύει
2507 3071 2598 3125 τὸν
2634 3069 2776 3143 βίον.

465 3155 634 3212 laude
664 3161 850 3211 terras
885 3173 1098 3211 omnes
1122 3157 1391 3229 impleret
1419 3159 1506 3215 ⁸⁵⁸.
1547 3181 1572 3212 ο
1607 3163 1907 3234 Siquidem
1939 3171 1996 3220 et
2023 3169 2216 3234 ipsum
2250 3180 2464 3236 aquum
2498 3167 2623 3218 erat
2663 3166 2881 3215 naturae
2927 3158 3238 3230 aliquando
3287 3156 3622 3220 concedere,
3673 3153 3866 3210 homi-

467 3261 713 3316 nemque
745 3261 806 3300 se
836 3261 963 3300 esse
1006 3249 1428 3318 demonstrare,
1479 3267 1580 3306 nec
1631 3252 1778 3321 vitai,
1813 3258 1869 3308 et
1944 3254 2125 3310 felicis
2175 3261 2517 3308 cunctarum
2582 3250 2756 3306 simul
2825 3250 3181 3320 Optimarum
3253 3263 3444 3302 rerum
3507 3243 3866 3316 adeptionis,

465 3335 760 3390 immenso
813 3335 1143 3406 splendore,
1194 3338 1448 3394 divinam
1510 3340 1750 3397 forsitan
1800 3345 2116 3414 quamdam
2141 3343 2306 3398 illum
2366 3341 2684 3397 existimari
2743 3339 3074 3406 essentiam,
3133 3336 3415 3392 ornandis
3458 3334 3618 3390 orbis
3681 3332 3866 3388 nostri

465 3427 660 3492 rebus,
695 3425 1023 3494 aspectabili
1047 3429 1306 3495 corporis
1347 3431 1537 3500 specie
1578 3439 2004 3502 apparentem:
2063 3434 2298 3489 tandem
2352 3433 2411 3487 in
2477 3428 2952 3503 profundissima,
3012 3432 3068 3483 et
3116 3449 3144 3476 «
3205 3425 3372 3481 valde
3431 3423 3636 3496 pingui
3696 3437 3865 3478 sene-

467 3519 559 3568 cta
597 3513 665 3580 “,
701 3537 728 3563 ››
763 3515 934 3569 vitam
969 3517 1241 3571 demittit.

538 3602 778 3660 CXXVl.
808 3605 1166 3660 Perlibenter
1197 3607 1297 3662 ille
1339 3609 1575 3679 quidem
1626 3621 1776 3667 certe
1833 3629 1956 3684 quis
2016 3613 2110 3668 hic
2144 3616 2185 3680 C

469 3698 626 3756 sunt,
643 3709 882 3764 quisque
905 3694 997 3750 hic
1014 3696 1328 3752 viventium
1351 3708 1502 3768 sunt,
1525 3702 1719 3756 omnia
1746 3701 2104 3774 relinquens,

469 3783 732 3852 quippea
763 3784 978 3851 quibus
1009 3789 1073 3838 ut
1103 3785 1754 3854 digredereturomnino
1787 3791 2005 3847 conniti
2031 3793 2111 3846 vi-

469 3887 569 3925 sus
606 3878 716 3934 est,
759 3888 824 3928 ex
877 3874 967 3927 his
1022 3881 1330 3946 postquam
1374 3880 1625 3944 emersit,
1679 3883 1732 3936 id
1783 3882 1844 3936 in
1916 3881 2106 3938 maxi-

472 3958 578 4012 mis
600 3959 840 4028 ponebat
877 3961 1057 4023 bonis,
1093 3966 1218 4016 tum
1251 3980 1382 4020 vero
1419 3966 1556 4021 item
1617 3969 1871 4025 cmlestia
1901 3970 2022 4038 illa,
2055 3974 2113 4025 et

470 4046 578 4100 sibi
608 4049 1028 4116 convenientia,
1063 4067 1410 4122 capessens;
1460 4073 1708 4127 quorum
1750 4059 1891 4114 civis
1927 4061 2109 4132 prius-

473 4152 641 4206 quam
665 4153 732 4192 eo
762 4139 1010 4194 venisset
1036 4142 1244 4208 fuerat,
1280 4153 1326 4198 et
1360 4145 1420 4201 in
1450 4149 1662 4215 quibus
1692 4165 1932 4220 corpore
1981 4167 2118 4206 con-

475 4230 665 4281 tectus
689 4227 1039 4298 praecipuam
1079 4231 1363 4288 habuerat
1390 4235 1851 4307 delectationem,
1875 4240 2110 4310 etquod

479 4315 816 4383 maximum,
833 4322 976 4383 erat,
996 4319 1114 4374 sive
1131 4330 1392 4392 respectu
1415 4324 1748 4396 voluptatis,
1767 4328 2116 4383 siveintimm

476 4404 622 4474 apud
643 4403 850 4473 Deum,
873 4408 1094 4475 gratim,
1124 4410 1244 4464 sive
1265 4411 1685 4470 exantlatorum
1705 4415 2111 4488 multiplicium

477 4493 764 4557 laborum,
825 4495 944 4548 sive
1002 4498 1389 4555 sanctissima)
1437 4502 1494 4557 in
1541 4503 1656 4559 vita
1716 4504 2116 4578 philosophiae,

479 4583 691 4652 quippe
722 4601 749 4633 ι
785 4583 1054 4654 migrare,
1089 4595 1141 4642 et
1175 4603 1307 4643 cum
1339 4590 1566 4648 Christo
1595 4607 1721 4650 esse
1743 4595 1873 4662 “‘,»
1893 4595 2118 4650 dudum

476 4670 825 4728 ineffabilem
851 4675 907 4726 in
935 4678 1172 4730 modum
1197 4679 1531 4736 desiderans
1554 4702 1568 4750 ;
1591 4683 1644 4737 id
1673 4683 1858 4756 ipsum
1882 4700 2012 4740 cum
2035 4684 2122 4738 in-

479 4759 706 4828 signiet
734 4762 1100 4830 amplissimo
1137 4767 1440 4824 corollario
1471 4774 1868 4844 consequitur,
1886 4778 2121 4845 accepto

479 4848 761 4905 divinitus
793 4865 1065 4907 excessus
1097 4857 1187 4908 sui
1221 4859 1746 4917 uuntio.Nimirum
1774 4867 1833 4918 ut
1853 4861 2125 4934 quemad-

2299 3611 2483 3685 PKC'.
2545 3607 2740 3670 Μεθεὶς
2801 3609 2896 3680 μὶν
2955 3603 3132 3675 ἡδέως
3180 3605 3247 3659 τὰ
3297 3600 3450 3672 τῆδε,
3481 3599 3572 3657 καὶ
3624 3603 3727 3657 ὅσα
3763 3605 3868 3656 τῶν

2216 3697 2348 3774 τῇδε
2381 3719 2394 3732 '
2437 3699 2510 3753 ὧν
2542 3699 2646 3772 γὰρ
2699 3696 2848 3757 ὅπως
2908 3693 3124 3762 ἐκσταίη
3174 3693 3344 3747 πάντα
3405 3695 3580 3747 ποιῶν
3631 3690 3868 3765 ἑωρᾶτο,

2215 3790 2420 3844 τούτων
2460 3786 2752 3860 ἐπειδήπερ
2802 3783 3011 3857 ἐξέστη,
3059 3780 3278 3838 πολλοῦ
3331 3801 3479 3842 τινος
3524 3780 3652 3855 ἦγεν
3690 3800 3704 3812 ο
3754 3776 3870 3833 ἐπι-

2219 3873 2528 3941 λαϐόμενος
2584 3874 2640 3931 δὲ
2677 3879 2785 3930 τῶν
2835 3871 2946 3928 ἅνω
2993 3873 3083 3928 καὶ
3137 3871 3284 3943 αὖτῷ
3329 3871 3753 3945 προσηκόντων,
3801 3868 3871 3920 ὧν

2221 3967 2454 4036 πολίτης
2490 3968 2707 4039 ὑπῆρχε
2735 3965 2825 4018 καὶ
2856 3964 2990 4034 πρὸν
3036 3957 3315 4030 ἐπιϐῆναι,
3347 3963 3436 4014 καὶ
3489 3961 3576 4021 οἷς
3610 3957 3874 4034 ἐνετρῦφιι

2225 4055 2359 4131 μετᾶ
2387 4059 2486 4120 τῆς
2534 4053 2696 4123 ὕλης,
2728 4052 2817 4108 καὶ
2865 4053 2928 4106 τὸ
2979 4052 3258 4126 μέγιστον,
3307 4049 3383 4110 εἷς
3422 4045 3632 4117 ἡδονῆς
3683 4045 3875 4122 λόγον,

2221 4147 2310 4201 καὶ
2364 4145 2630 4213 πλείστης
2670 4149 2772 4212 τῆς
2831 4142 2966 4215 πρὸς
2997 4141 3125 4195 Θεὸν
3163 4139 3416 4214 χάριτος,
3451 4137 3544 4191 καὶ
3591 4140 3703 4190 τῶν
3746 4132 3882 4190 πολ-

2224 4236 2336 4291 λων
2369 4237 2535 4290 πόνον
2571 4255 2582 4266 ·
2619 4233 2708 4288 καὶ
2737 4239 2838 4302 τῆς
2868 4230 3110 4306 μεγάλης
3141 4231 3194 4285 ἐν
3242 4233 3322 4302 τῷ
3371 4227 3479 4302 βίῳ
3522 4225 3879 4306 φιλοσοφίας,

2225 4349 2253 4377 ‹‹
2288 4324 2550 4380 ἂναλύσαι
2583 4348 2608 4376 ι)
2658 4323 2760 4396 γὰρ
2810 4318 2876 4391 δή
2927 4341 3032 4375 που
3080 4343 3107 4370 ‹‹
3156 4319 3246 4374 καὶ
3285 4319 3378 4372 σὺν
3416 4315 3635 4391 Χριστῷ
3667 4317 3812 4370 εἶναι
3849 4339 3870 4364 ι

2227 4413 2396 4468 πάλαι
2437 4433 2578 4480 πως,
2610 4409 2668 4466 ἂν
2714 4407 2914 4478 εἴποις,
2962 4411 3168 4477 ποθῶν,
3213 4406 3472 4482 τυγχάνει
3518 4402 3725 4460 τούτου
3772 4402 3886 4478 μετ’

2231 4501 2506 4577 ἀξιόχρεω
2563 4507 2664 4569 τῆς
2727 4499 3073 4573 προσθήκης,
3129 4497 3310 4552 θεόθεν
3367 4497 3534 4550 τοῦτο
3599 4511 3890 4568 χρηματι-

2233 4593 2398 4654 σθείς.
2457 4593 2554 4647 ”Ιν’
2614 4589 2792 4664 ὥσπερ
2852 4591 2887 4657 ἠ
2942 4587 3174 4662 γένεσις,
3233 4584 3376 4640 οὕτω
3432 4581 3620 4638 καὶτὰ
3656 4588 3771 4651 τῆς
3799 4602 3890 4636 τε·

2235 4684 2432 4748 λευτῆς
2463 4683 2611 4744 θείας
2665 4679 2946 4742 ἐπιπνοίας
2994 4679 3224 4752 μετέχῃ,
3276 4674 3366 4731 καὶ
3422 4673 3459 4748 ᾖ
3519 4671 3612 4728 διὰ
3665 4673 3891 4728 πάντων

2237 4774 2398 4834 οὗτος
2430 4772 2631 4833 οἰκεῖος
2658 4770 2747 4825 καὶ
2782 4768 2964 4843 μέλων
2994 4765 3110 4839 Θεῷ
3160 4765 3411 4840 μεγίσται
3455 4759 3770 4838 δεχόμενος
3801 4762 3896 4822 τὰς

2235 4862 2501 4937 ἐμφάστις
2550 4864 2658 4915 τῶν
2714 4856 2986 4931 ἐσομένων
3032 4854 3362 4928 ἐλλάμψεων
3397 4869 3413 4884 ⁸
3461 4854 3490 4907 ὁ
3525 4852 3620 4926 μὲν
3654 4850 3899 4920 οὗν,¹ίνα

481 4939 721 4994 modum
746 4940 1135 5008 nativitas,ita
1151 4945 1323 5000 etiam
1353 4947 1550 5004 obitus
1572 4950 1783 5005 divina:
1804 4951 2100 5021 inspiratio

2233 4952 2324 5007 καὶ
2379 4951 2530 5011 αὖθις
2587 4941 2914 5004 ἐπαναλάϐω
2967 4946 3059 5000 τὸν
3119 4943 3314 5018 λόγον,
3369 4938 3495 4996 οὔτε
3555 4941 3674 5012 μεθ’
3729 4942 3898 5045 ἡμᾶὲ

2247 5037 2394 5045 μ-
2608 5031 3093 5045 ___...,.
3329 5027 3834 5045 a\s-9\

481 5028 574 5083 nis
606 5028 894 5100 particeps
924 5029 1089 5099 foret,
1123 5037 1179 5088 et
1207 5035 1332 5106 ipse
1354 5053 1453 5108 per
1485 5040 1680 5094 omnia
1715 5040 1828 5096 Deo
1879 5039 2124 5096 familia-

481 5118 584 5185 ris,
614 5116 818 5189 illique
849 5135 996 5174 ουτω
1021 5127 1190 5190 esset,
1227 5131 1289 5179 ut
1317 5125 1419 5196 qui
1462 5129 1746 5184 maximas
1794 5130 2127 5186 futurarum

481 5205 980 5262 illuminationum
1035 5213 1607 5282 praesigniﬁcationes
1655 5219 1959 5290 acciperet.
2019 5219 2129 5274 No-

484 5301 600 5350 ster
629 5295 823 5366 igitur,
849 5300 1123 5355 utdenuo
1165 5319 1283 5357 rem
1319 5310 1592 5375 repetam,
1636 5323 1821 5379 neque
1864 5309 2002 5362 dum
2029 5324 2129 5364 no-

486 5383 711 5438 hiscum
737 5387 1008 5456 agitabat,
1048 5406 1080 5443 a
1107 5395 1215 5446 Deo
1246 5393 1464 5463 aberat,
1491 5395 1673 5451 nihilo
1706 5397 1962 5467 profecto
1994 5396 2128 5468 plus

485 5476 958 5546 quamaseipso,
1022 5495 1217 5535 verum
1278 5483 1455 5540 ﬁxum
1519 5501 1584 5542 ac
1646 5487 1852 5542 stabile
1891 5487 2130 5543 domici-

555 5646 602 5682 ⁸⁸
631 5647 780 5706 Psal.
817 5669 1039 5725 Lxxxtx,
1079 5659 1165 5713 49.
1243 5661 1312 5696 ⁶⁵’
1344 5661 1628 5722 Habacuc.
1665 5683 1749 5738 ιιι,
1781 5668 1836 5724 3.

2241 5037 2340 5108 ὢν,
2371 5039 2514 5108 ἀπῆν
2539 5041 2638 5092 τοῦ
2669 5039 2825 5104 Θεοῦ,
2859 5031 2922 5089 οὔ
2957 5031 3169 5107 μᾶλλον
3211 5051 3274 5106 γε
3319 5029 3355 5100 ἢ
3401 5029 3492 5083 καὶ
3541 5027 3742 5097 αὐτοῦ,
3775 5024 3902 5082 ἀλλ’

2239 5128 2414 5184 έστίσν
2474 5127 2728 5196 ἀκίνητον
2788 5123 3048 5193 ἐκέκτητο
3091 5123 3218 5195 παρ’
3275 5119 3489 5191 ἐκείνῳ,
3519 5113 3635 5172 οὔτ’
3699 5115 3774 5171 αὖ
3815 5119 3902 5170 νῦν

2237 5221 2337 5283 τῆς
2391 5216 2590 5271 ἐκεῖθεν
2665 5210 2882 5286 ἂμέσως
2949 5209 3361 5288 ἐμφορούμενος
3427 5205 3648 5281 αἴγλης,
3763 5208 3903 5278 ἡμᾶς

2237 5305 2550 5362 καταλείπει
2587 5325 2598 5336 ·
2655 5301 2783 5358 ἀλλ’
2828 5301 3051 5371 ἄνωθεν,
3095 5300 3171 5361 ὡς
3221 5319 3432 5374 παρών,
3477 5298 3544 5351 τὰ
3589 5298 3724 5350 καθ’
3757 5299 3904 5367 ἡμᾶς

2239 5394 2523 5451 ἐποπτεῦει
2561 5395 2650 5448 καὶ
2698 5389 2989 5462 περιέπει·
3040 5389 3130 5444 καὶ
3185 5393 3346 5462 χεῖρα
3397 5387 3682 5454 σώζουσαν
3739 5387 3908 5458 61a?-

2242 5485 2430 5562 ίσγει·
2490 5488 2582 5538 νῦν
2657 5482 2748 5555 μὶν
2818 5484 2926 5535 τῶν
3000 5473 3420 5553 ξυμπιπτόντων
3509 5472 3908 5547 ἐξαιρούμενος

1938 5667 1984 5702 δε
2015 5665 2166 5722 Psal.
2199 5682 2334 5736 xcu,
2369 5667 2456 5721 15.
2532 5662 2856 5736 σθῬίιίιὶρρ.
2888 5678 2928 5724 ι.
2959 5660 3050 5716 23-
