3986 6228
216 386 300 443 345

1148 381 1549 443 LAUDATIO
1595 384 1659 443 S.
1712 381 2079 443 GREGORII
2125 381 2535 443 THEOLOGI.

3420 379 3537 439 346

216 512 459 585 δυσχερῶν,
500 511 587 564 καὶ
623 515 725 563 πᾶν
774 509 1016 581 ἀντίξουν
1045 509 1105 565 ἐκ
1155 510 1320 584 μέσου
1370 514 1561 583 τιθεὶς,
1594 516 1683 567 νῦν
1736 511 1782 567 δ’

1922 516 2040 569 ium
2070 514 2174 567 sibi
2227 514 2378 585 apud
2434 513 2595 569 illum
2654 518 3110 587 comparaverat,
3143 530 3328 585 neque
3386 529 3539 568 nunc

211 601 342 672 ἀγαθά
382 600 503 671 πρὸς
553 598 769 671 ἀγαθοῖς
813 598 1160 668 ἐπιπέμπων,
1206 601 1293 653 καὶ
1340 606 1459 662 τοῖς
1504 601 1786 677 ὓπηργμὲ-

205 694 295 749 ναις
343 686 647 760 εὗεργεσίαις
706 687 885 760 ἐτέρας
946 685 1009 757 δή
1078 709 1226 751 τινας
1297 691 1517 763 μείζους
1584 712 1643 745 τε
1698 691 1788 745 καὶ

203 776 416 837 καλλίους
461 776 677 850 ἐπάγων
709 795 722 807 ⁸
773 778 861 831 καὶ
898 781 990 850 μὲν
1036 776 1102 848 δὴ
1157 781 1253 833 κάν
1301 786 1419 841 τοῖς
1466 778 1787 841 καλλίστοις

201 866 337 919 taxa?
366 864 601 934 ἡδίστοις
650 866 740 920 καῖ
775 866 948 936 ζῆλον
1000 867 1099 921 οὐκ
1127 866 1315 941 ἔχουσι
1364 868 1555 944 λόγοις
1603 869 1789 940 αὐτοῦ,

210 960 448 1032 μὴμόνον
502 961 639 1033 πρὸς
702 961 839 1015 ἅπαν
896 962 1045 1033 ἡμᾶς
1103 961 1297 1036 ἀρετῆς
1349 960 1490 1023 εἶδος
1548 983 1789 1037 παρακα-

214 1045 291 1101 λῶν
327 1049 406 1102 καὶ
452 1049 794 1124 προτρέπων,
847 1048 993 1105 ἀλλά
1040 1052 1125 1106 καί
1174 1050 1328 1115 ὅπως
1377 1054 1527 1107 ταῦθ’
1573 1049 1675 1123 ἕξει
1718 1055 1793 1126 (1)

215 1135 360 1209 hinc:
414 1135 754 1207 ὑποδεικνὺς,
797 1137 1049 1213 βελτίους
1101 1141 1303 1196 ἑαυτῶν
1361 1142 1427 1196 τὰ
1484 1143 1620 1215 πρὸς
1662 1142 1793 1197 Θεὸν

211 1228 543 1297 τοκαθικάστην
592 1224 725 1302 ἔχον
784 1234 975 1283 ποιεῖ’
1041 1233 1288 1305 μετάγων
1346 1230 1451 1285 ἀπὸ
1506 1235 1606 1295 τῆς
1654 1230 1793 1301 ὕλης

205 1313 267 1368 ἐπί
301 1316 351 1369 τὸ
394 1320 625 1389 πνεῦμα,
673 1318 759 1371 καὶ
816 1319 1124 1391 θαυμαστάς
1174 1341 1324 1381 τινας
1375 1319 1603 1396 ἐλπίγας
1644 1313 1792 1398 ἔχειν

206 1403 570 1475 παρασκευάζων
604 1406 695 1459 καὶ
738 1404 884 1469 ὅλως
917 1406 1013 1461 οὐκ
1053 1402 1193 1462 ἔστιν
1228 1410 1258 1463 ὅ
1297 1411 1346 1463 τ’
1387 1408 1449 1463 ού
1490 1408 1677 1485 λόγοις
1705 1408 1795 1464 καὶ

205 1492 341 1568 ἔργοις
392 1493 444 1549 εὗ
501 1500 675 1549 ποιῶν
737 1495 878 1551 ἐστιν
936 1500 1083 1570 ἡμᾶς
1117 1517 1127 1528 ·
1189 1498 1279 1553 καὶ
1341 1499 1520 1572 ὥσπερ
1580 1498 1679 1553 οὐκ
1736 1500 1794 1554 ἄν

205 1585 295 1635 ποθ’
336 1584 360 1636 ὁ
406 1583 563 1653 ἥλιος
609 1592 713 1655 τῆς
765 1587 1030 1657 συνήθους
1069 1586 1287 1659 ἐκσταίη
1334 1592 1525 1665 φορᾶς,
1565 1590 1653 1643 καὶ
1699 1593 1798 1644 τοῦ

201 1671 275 1738 τήν
298 1672 380 1725 ὕπ’
420 1672 644 1743 οὐρανὸν
696 1679 869 1729 πᾶσαν
914 1675 1139 1750 περιϊὼν
1190 1675 1595 1750 καταλάμπειν,
1628 1677 1802 1740 οὕτως

205 1756 301 1813 οὐδὲ
351 1766 438 1816 τοῦ
492 1762 618 1835 περί
677 1765 828 1836 ἡμᾶς
886 1764 935 1834 ἐξ
974 1764 1154 1839 ἀρχῆς
1216 1765 1398 1821 οὗτοσὶ
1458 1764 1800 1840 διακειμένου

199 1849 266 1902 καὶ
305 1847 449 1921 ἵλεω,
480 1851 570 1905 καὶ
619 1859 721 1922 τῆς
773 1852 1029 1926 εὐμενοῦς
1074 1854 1302 1925 ταύτης,
1343 1856 1418 1918 ὡς
1468 1852 1526 1915 ἄν
1568 1877 1650 1918 τις
1701 1860 1798 1935 φῇ,

199 1939 480 2006 ξυντελείας.

1895 603 2267 659 divimelucis
2311 602 2555 673 fulgore,
2592 603 2752 658 nullo
2813 604 3157 674 interposito
3209 604 3535 668 obstaculo,

1896 699 2216 762 saturatos,
2256 710 2360 749 nos
2385 694 2713 765 dereliquit,
2752 695 2849 749 sed
2883 695 2952 749 de
2984 710 3178 765 super,
3211 692 3367 748 velut
3398 710 3538 764 prm-

1898 800 2056 849 sens,
2120 800 2210 838 res
2275 787 2500 838 nostras
2581 789 2891 839 contuetur
2963 788 3020 838 et
3110 784 3414 854 gubernat,
3487 790 3543 835 et

1898 872 2234 945 sospitalem
2286 872 2453 928 nobis
2514 873 2841 944 praepandit
2900 888 3155 939 manum,
3207 872 3341 927 dum
3384 888 3540 926 nunc

1900 962 2300 1035 ingruentibus
2349 963 2515 1018 malis
2553 962 2743 1034 eripit,
2777 970 2834 1018 et
2889 964 3133 1018 adversa
3190 978 3257 1018 ac
3315 967 3541 1017 contra-

1901 1052 1986 1107 ria
2004 1053 2205 1107 omnia
2243 1069 2274 1107 e
2302 1052 2488 1107 medio
2535 1053 2843 1113 submovet,
2877 1069 3032 1107 nunc
3074 1052 3227 1107 bona
3280 1050 3395 1106 alia
3434 1067 3542 1105 su-

1903 1157 2004 1213 per
2031 1141 2145 1197 alia
2176 1141 2447 1208 demittit,
2471 1145 2528 1195 et
2558 1142 2857 1211 superiora
2904 1140 3181 1197 beneficia
3229 1139 3363 1196 aliis
3408 1139 3542 1210 qui-

1905 1232 2150 1285 busdam
2184 1230 2502 1300 majoribus
2532 1232 2582 1284 et
2607 1229 3035 1300 pulchrioribus
3065 1226 3539 1284 accumlat.Tum

1903 1336 2034 1376 vero
2066 1324 2342 1390 praeterea
2370 1318 2431 1374 in
2470 1318 2953 1390 elegantissimis,
2985 1322 3041 1374 et
3084 1316 3468 1382 suavissimis,
3493 1319 3551 1369 et

1904 1426 2085 1481 supra
2106 1410 2531 1464 aemulationem
2569 1408 2794 1480 positis,
2830 1408 3067 1480 scriptis
3113 1405 3259 1471 suis,
3294 1422 3393 1460 nos
3426 1421 3540 1459 non

1906 1499 2074 1555 modo
2111 1501 2180 1554 ad
2238 1514 2471 1553 omnem
2534 1497 2766 1553 virtutis
2812 1498 3063 1568 speciem
3130 1496 3445 1551 adhortans
3494 1498 3550 1548 et

1903 1587 2235 1659 impellens,
2268 1588 2370 1643 sed
2402 1592 2459 1643 et
2489 1604 2743 1660 quonam
2779 1587 2900 1643 haec
2931 1591 3097 1659 pacto
3140 1585 3304 1640 facile
3335 1582 3549 1639 obven-

1904 1684 2037 1735 tnra
2067 1680 2185 1736 sint
2204 1684 2694 1747 commonstrans,
2731 1696 2831 1734 nos
2865 1678 3031 1734 nobis
3063 1677 3203 1750 ipsis
3235 1676 3294 1730 in
3337 1673 3548 1746 pietate

1906 1784 2043 1841 erga
2081 1769 2265 1824 Deum
2300 1767 2567 1824 meliores
2625 1769 2885 1840 quotidie
2937 1784 3077 1824 sane
3123 1766 3325 1834 efﬁcit,
3367 1769 3547 1820 retra-

1914 1859 2055 1913 hens
2114 1874 2221 1913 nos
2250 1857 2515 1913 videlicet
2581 1875 2613 1913 a
2672 1858 2915 1913 materia
2957 1857 3027 1913 ad
3076 1856 3369 1927 spiritum,
3402 1858 3460 1910 et
3490 1856 3555 1908 ut

1829 1935 1875 1999 B
1908 1946 2155 2004 mirifica
2176 1947 2347 2019 plane
2375 1947 2433 2002 in
2476 1964 2580 2019 spe
2623 1947 2834 2014 simus,
2867 1946 3104 2014 faciens,
3128 1950 3184 2001 et
3230 1945 3291 2001 in
3321 1944 3557 2000 univer-

197 2046 297 2084 sum
326 2030 476 2088 nullo
508 2049 622 2088 non
660 2035 964 2106 temporis,
996 2045 1311 2105 momento,
1344 2037 1533 2094 verbis
1565 2037 1852 2109 factisque
1891 2039 2040 2093 bene
2096 2037 2167 2092 de
2226 2036 2390 2092 nobis
2451 2053 2702 2093 merens.
2736 2036 2956 2108 Nempe
3010 2040 3074 2090 ut
3129 2049 3433 2106 nunquam
3484 2033 3558 2088 de

194 2125 428 2176 consueto
458 2139 632 2178 cursu
670 2140 776 2179 suo
806 2123 890 2179 sol
931 2125 1165 2192 decidit,
1202 2143 1269 2181 eo
1302 2131 1517 2194 tenore,
1554 2132 1616 2182 ut
1644 2143 1900 2194 omnem,
1934 2143 2060 2199 quae
2091 2127 2201 2183 sub
2232 2127 2375 2184 coelo
2418 2136 2524 2195 est,
2558 2126 2907 2182 circumiens
2957 2125 3245 2181 illuminat
3284 2127 3500 2178 terram
3536 2137 3552 2188 ;

194 2209 252 2262 ita
278 2225 445 2281 neque
476 2212 813 2281 Gregorius,
845 2215 916 2269 de
944 2216 1193 2283 pristino
1225 2232 1331 2271 suo
1362 2232 1500 2286 erga
1550 2234 1653 2273 nos
1701 2217 1908 2273 affectu
1968 2220 2025 2274 et
2074 2218 2284 2284 favore,
2325 2223 2382 2273 et
2437 2216 2546 2273 hac
2605 2220 2722 2272 tam
2778 2215 3078 2283 benevola,
3142 2222 3204 2271 ut
3258 2211 3549 2284 quispiam

190 2301 455 2367 vocaverit,
490 2302 693 2358 auxilii
724 2303 1051 2361 collatione.

253 2390 396 2443 PKZ'.
452 2394 631 2461 Ἠμᾶς
682 2386 740 2444 δὲ
792 2388 874 2445 δεῖ
925 2392 1091 2467 μικρὰ
1146 2393 1276 2448 ἄττα
1333 2394 1421 2449 καὶ
1479 2392 1577 2448 ὅσα
1635 2389 1804 2464 ἔξεστι

191 2477 373 2531 τούτονῖ
421 2480 845 2551 προσειπόντας,
895 2475 1060 2536 ἔπειθ’
1110 2482 1252 2537 οὕτω
1305 2481 1657 2538 κατακλεῖσαι
1715 2484 1807 2538 τὸν

193 2562 351 2638 λόγον.
405 2569 636 2637 Χαίροις
695 2569 723 2624 ὁ
778 2568 992 2645 χαίρειν
1053 2571 1186 2645 ὑπὲρ
1244 2571 1447 2634 πάντας
1507 2573 1808 2648 ἀξιόχρεως

191 2650 268 2719 ὢν,
312 2656 392 2709 ἅθ’
440 2657 580 2732 ὑπὲρ
630 2658 835 2722 πάντας
871 2659 1264 2733 κεχαρισμένος
1317 2664 1452 2732 Θεῷ.
1506 2660 1730 2735 Χαίροις
1779 2663 1807 2717 ὁ

190 2742 357 2798 τούτου
409 2746 578 2819 χάριν
634 2748 811 2802 πάντα
876 2749 1035 2803 πόνον
1100 2748 1394 2822 ὑπομείνας
1458 2750 1758 2823 τοπρόσθεν
1791 2770 1805 2783 ·

191 2832 264 2883 καί
315 2836 522 2910 χαίρων
590 2835 664 2897 ὡς
721 2835 946 2907 ἀληθῶς
999 2842 1118 2899 ταῖς
1171 2836 1410 2904 ἐλπίσιν,
1461 2839 1536 2902 ὡς
1593 2838 1807 2914 χαίρειν

190 2919 311 2975 ἐσαεί
364 2944 446 2977 σοι
507 2926 796 2997 παρέσται,
856 2925 1086 3001 Χαίροις
1139 2928 1167 2982 ὁ
1226 2925 1296 2982 δι’
1351 2929 1425 2982 ὧν
1488 2930 1582 3001 μὲν
1639 2930 1811 2984 πάντα

193 3010 380 3064 πάντων
422 3010 650 3082 ἄριστος
709 3015 777 3083 εἶ,
822 3016 1024 3077 πάντας
1074 3016 1464 3092 συγχαίροντας
1521 3015 1691 3096 ἔχων,
1741 3015 1812 3072 δι’

193 3098 252 3151 ὧν
301 3098 354 3154 δὲ
403 3102 613 3165 πάντας
672 3103 1068 3180 συγχαίροντας
1143 3103 1312 3180 ἔχεις,
1372 3107 1541 3161 πάντα
1598 3105 1813 3162 πάντὼν

194 3185 385 3263 ἄριστος
418 3190 493 3245 ὧν
531 3211 547 3224 ⁶
598 3193 690 3247 καὶ
724 3194 832 3266 μὴν
882 3194 955 3255 ὡς
989 3195 1134 3266 αὐτῷ
1188 3217 1272 3250 σοι
1313 3196 1522 3270 χαίρειν
1573 3196 1812 3271 περίεστι

193 3280 273 3345 τῆς
301 3278 525 3349 Τριάδος
580 3280 950 3359 ὑπερασπιστῇ
1001 3284 1272 3359 γεγονότι,
1325 3285 1467 3341 οὕτω
1513 3306 1597 3341 σοι
1647 3286 1811 3341 πάλιν

194 3369 456 3443 συγχαίρει
509 3377 610 3444 μὲν
660 3373 695 3442 ἡ
739 3373 899 3448 Τριᾶς
946 3373 1302 3449 συγχαίρουσι
1354 3372 1411 3429 δὲ
1458 3381 1562 3438 πᾶς
1612 3379 1640 3431 ὁ
1692 3378 1813 3450 περὶ

193 3457 338 3528 adripi
388 3465 496 3516 τῶν
568 3460 813 3536 ἀγγέλων
881 3459 1201 3536 διάκοσμος.
1261 3465 1326 3520 Ἡ
1388 3465 1504 3537 μὲν,
1565 3465 1680 3519 ἀνθ’
1746 3467 1820 3520 ὧν

195 3549 343 3610 πάσας
401 3550 498 3612 τὰς
568 3556 676 3606 τῶν
738 3553 1117 3627 αἱρετιζόντων
1182 3551 1660 3629 τερθρίας,κακῶς,
1720 3554 1821 3610 αὐ-

193 3638 276 3705 τήν
329 3636 670 3714 amico-501:,
704 3641 918 3714 χαίρειν
974 3643 1214 3713 καθάπαξ
1275 3642 1453 3711 ἐάσας,
1513 3645 1588 3706 ὡς
1650 3641 1820 3716 μηδὲν

196 3725 341 3800 ὑγιὲς,
394 3735 565 3783 πᾶσιν
621 3730 756 3801 ἡμῖν
824 3730 1034 3804 χαίρειν
1101 3733 1391 3807 παρέσχες,
1451 3733 1484 3788 ’ἀ
1549 3730 1632 3789 δεῖ
1696 3733 1819 3805 περὶ

195 3812 341 3883 τᾶτῆς
370 3815 558 3892 λέγειν
588 3818 678 3873 καὶ
705 3824 918 3898 φρονεῖν
952 3817 1281 3894 δογματίσας
1314 3840 1326 3853 ·
1364 3820 1587 3900 ᾅγγελοι
1620 3820 1698 3887 δε,
1730 3821 1819 3877 καὶ

189 3903 375 3959 τούτων
440 3909 544 3980 μὲν
600 3905 798 3979 ετίνεκα,
847 3907 1047 3981 πολλῷ
1100 3907 1156 3965 δὲ
1212 3909 1380 3967 πλέον
1429 3913 1513 3967 ὅτι
1557 3911 1819 3968 τάκείνων

192 3996 309 4062 μετὰ
352 4002 452 4065 τῆς
534 3996 673 4067 ὕλης
733 3998 960 4072 πρόσθεν
1034 3999 1310 4076 εἰργάζου,
1366 3997 1457 4055 καί
1534 4006 1625 4056 νῦν
1685 4001 1822 4077 μετὰ

186 4092 372 4140 τούτων
420 4109 481 4142 τε
541 4087 630 4142 καὶ
690 4086 781 4142 σὺν
834 4090 1048 4153 τούτοις
1109 4089 1405 4160 παιανίζειν
1449 4091 1516 4146 τὰ
1564 4094 1683 4147 θεῖα
1729 4094 1819 4148 καὶ

187 4174 237 4241 ἣν
281 4170 455 4239 ἔπνεις
509 4174 712 4250 Τριάδα
751 4178 930 4248 πάσης
982 4178 1199 4251 ἀιιέσως
1252 4180 1504 4256 μετέχεις
1539 4201 1551 4213 ·
1603 4182 1665 4237 ού
1712 4185 1820 4256 μήν

184 4262 315 4318 ἆλλᾶ
357 4267 448 4320 καὶ
493 4270 578 4337 τῷ
627 4272 733 4321 τῶν
780 4267 946 4344 ἀγίων
994 4268 1260 4342 ξύμπαντι
1310 4269 1500 4345 κύκλῳ
1554 4271 1818 4329 τοσούτου

188 4348 245 4422 δή
289 4375 435 4419 τινος
478 4360 710 4428 τιμᾶται
752 4359 819 4413 τά
875 4359 941 4413 σὰ
987 4358 1076 4413 καὶ
1136 4360 1306 4423 οὕτως
1365 4360 1606 4434 ἀξιοῦται
1669 4363 1821 4439 μεγί-

188 4461 335 4508 στων,
386 4446 465 4506 ὡς
525 4446 602 4517 μή
661 4446 822 4518 μόνον
875 4468 960 4503 σοι
1002 4451 1111 4503 τῶν
1160 4448 1443 4524 πρωτείων
1490 4448 1667 4521 ἡδέως
1724 4452 1821 4508 αὐ-

185 4529 300 4595 τοὺς
364 4532 747 4604 ὑπεξίστασθαι
805 4537 894 4591 καὶ
946 4543 1311 4613 ταραχωρεῖν,
1372 4537 1520 4595 ἄλλᾶ
1573 4542 1664 4596 καὶ
1720 4541 1820 4618 χά-

1986 2398 2266 2457 CXXVII.
2324 2398 2832 2455 Verumenimvero
2893 2396 3059 2454 nobis
3129 2394 3385 2461 tandem,
3453 2392 3557 2447 ubi

1920 2487 2135 2555 paucis,
2168 2494 2225 2543 et
2265 2493 2551 2558 quantum
2603 2487 2661 2542 in
2712 2486 2878 2543 nobis
2933 2488 3038 2551 est,
3093 2489 3358 2539 nostrum
3412 2479 3555 2537 allo-

1917 2575 2036 2630 cuti
2085 2576 2667 2642 consalutaverimus,
2717 2573 3120 2631 concludenda
3198 2570 3383 2626 oratio
3453 2573 3564 2625 est.

1917 2665 2100 2734 Salve,
2149 2664 2249 2737 qui
2313 2664 2532 2721 salvere
2582 2680 2759 2737 super
2814 2662 2956 2718 alios
3022 2677 3226 2716 omnes
3285 2656 3564 2730 dignissi-

1920 2771 2051 2810 mus
2085 2771 2170 2825 es,
2204 2760 2269 2810 ut
2321 2754 2437 2810 Deo
2488 2770 2666 2826 super
2695 2769 2898 2809 omnes
2932 2751 3337 2808 cbarissimus.
3368 2746 3555 2813 Salve,

1920 2844 2172 2915 quiejus
2231 2844 2314 2899 rei
2357 2860 2533 2900 causa
2579 2858 2812 2900 omnem
2848 2840 2989 2898 olim
3047 2838 3305 2894 laborem
3366 2838 3561 2907 pertu-

1920 2932 2063 3000 listi,
2088 2933 2260 3004 quive
2287 2937 2409 2988 tum
2432 2949 2534 3003 spe
2564 2932 2868 2988 verissime
2898 2928 3207 2995 laetabaris,
3240 2926 3391 2999 quod
3435 2938 3559 2995 per-

1924 3028 2097 3096 petuo
2129 3024 2401 3095 deinceps
2435 3022 2536 3078 tibi
2566 3022 2878 3077 affuturum
2912 3021 2987 3075 sit
3014 3017 3216 3075 laetari.
3240 3015 3428 3079 Salve,
3461 3015 3562 3083 qui

1927 3114 2079 3184 quod
2149 3113 2363 3185 ubique
2392 3111 2656 3168 omnium
2687 3110 2944 3182 optimus
2966 3121 3270 3176 es,omues
3290 3102 3395 3158 tibi
3425 3116 3566 3158 con-

1927 3202 2290 3275 gratulantes
2307 3201 2516 3258 babes:
2550 3200 2702 3272 quod
2733 3203 2927 3255 autem
2963 3198 3435 3268 congratutantes
3461 3189 3566 3245 tibi

1928 3310 2134 3349 omnes
2165 3292 2367 3360 habes,
2400 3307 2465 3348 eo
2496 3290 2757 3347 omnium
2781 3288 2996 3359 ubique
3025 3285 3283 3358 optimus
3330 3297 3414 3338 es.
3446 3278 3565 3335 Ce-

1927 3388 2117 3438 terum
2151 3380 2327 3437 uttibi
2348 3380 2461 3452 ipsi
2492 3380 2811 3452 plurimum
2845 3374 3195 3444 laetarilicet,
3218 3372 3319 3444 qui
3351 3372 3564 3428 sanctae

1927 3471 2234 3527 Trinitatis
2289 3470 2500 3526 vindex
2538 3474 2911 3539 assertorque
2950 3464 3108 3523 fuisti
3141 3480 3154 3518 :
3199 3462 3280 3518 ita
3316 3459 3561 3515 invicem

1929 3561 2032 3616 tibi
2075 3563 2280 3617 sancta
2325 3559 2583 3615 Trinitas
2640 3555 3104 3630 congratulatur;
3156 3548 3563 3624 congratulan-

1925 3655 2021 3705 tur
2062 3666 2194 3705 vero
2241 3649 2418 3704 etiam
2464 3662 2688 3714 omnes,
2726 3645 2826 3718 qui
2882 3642 2967 3699 illi
3014 3644 3297 3713 apparent
3333 3634 3569 3708 angelo-

1928 3756 2061 3795 rum
2118 3738 2376 3795 ordines.
2422 3736 2676 3792 Trinitas
2735 3734 2887 3804 ideo,
2934 3730 3093 3804 quod
3140 3744 3341 3786 omnes
3397 3726 3571 3781 heare-

1926 3829 2179 3886 ticorum
2230 3825 2575 3899 praestigias,
2628 3824 2778 3881 male
2838 3823 3028 3895 ipsam
3097 3817 3457 3880 divellentes,
3509 3817 3574 3869 ut

1929 3934 2091 3975 mera
2156 3917 2558 3976 deliramenta,
2609 3912 2790 3971 semel
2870 3912 3063 3968 valere
3114 3907 3349 3980 jubcns,
3400 3902 3571 3960 nobis

1927 4006 2203 4065 omnibus
2268 4004 2504 4062 latendi
2561 4002 2868 4060 materiem
2937 3998 3173 4066 dedisti,
3205 3998 3350 4053 dum
3423 3992 3564 4066 quid

1927 4099 1999 4156 de
2028 4115 2097 4156 ea
2125 4097 2481 4169 loquendum
2528 4093 3015 4164 sentiendumque
3066 4092 3238 4159 esset,
3277 4088 3569 4143 accurate-

1928 4186 2268 4260 exposuisti.
2301 4184 2506 4258 Angeli
2563 4191 2617 4239 et
2676 4184 2748 4239 ob
2805 4181 2921 4239 ista
2965 4179 3247 4245 laetantur,
3306 4180 3365 4232 et
3413 4175 3566 4231 haud

1930 4276 2104 4349 paulo
2134 4275 2287 4348 plus,
2318 4274 2474 4346 quod
2517 4271 2657 4330 olim
2688 4287 2823 4328 cum
2852 4285 3092 4342 corpore
3120 4268 3335 4341 degens
3362 4281 3566 4323 eorum

1928 4365 2133 4422 obibas
2163 4364 2438 4433 actiones,
2478 4366 2537 4419 et
2583 4362 2737 4435 quod
2785 4376 2943 4418 nunc
2990 4360 3145 4415 inter
3199 4358 3355 4430 ipsos
3402 4359 3573 4427 atque

1928 4472 2046 4511 una
2075 4468 2208 4510 eum
2240 4453 2388 4525 ipsis
2409 4451 2672 4508 divinum
2705 4465 2924 4507 numen
2972 4447 3258 4516 concinis,
3286 4449 3342 4503 et
3394 4459 3569 4517 quam

1930 4544 2197 4616 spirabas
2236 4541 2603 4611 Trinitatem,
2640 4540 2841 4597 eadem
2888 4555 3043 4595 nunc
3101 4539 3225 4594 tota
3263 4534 3469 4591 intime
3516 4536 3575 4588 et

190 4638 261 4687 ριν
316 4620 399 4678 δτι
456 4623 726 4695 πλείστην
778 4623 831 4696 ἐξ
891 4627 1134 4702 ἀνάγκης
1196 4625 1412 4699 εἰδέναι,
1471 4629 1546 4694 ὡς
1600 4630 1809 4687 τούτους

1927 4631 2406 4703 coniunctissime
2435 4630 2769 4703 perfrueris.
2791 4629 3055 4702 Denique
3105 4628 3378 4686 universo
3426 4623 3571 4679 item

188 4713 520 4783 κοσμήσαν-ει
553 4732 568 4746 ⁶
601 4714 631 4768 ’ὀ
679 4715 785 4789 γάρ
814 4716 943 4770 εἰσιν
994 4716 1225 4780 ἅπαντες
1274 4717 1447 4788 οὗτοι,
1484 4722 1633 4774 τοῦτ’
1663 4719 1823 4785 αὐτὸς

188 4800 345 4869 μόνος
392 4804 693 4878 τυγχάνεις
742 4802 841 4874 ὢν,
884 4810 963 4878 τῷ
1013 4808 1131 4877 μεθ’
1181 4803 1495 4881 ὑπερϐολῆς
1539 4810 1714 4865 πάντα
1758 4810 1826 4866 τὰ

188 4889 396 4945 πάντων
445 4894 744 4962 κεκτῆσθαι
776 4912 789 4926 ’
842 4894 931 4949 καὶ
972 4896 1104 4951 εἶναι
1154 4894 1498 4960 παντοδαπός
1535 4920 1619 4962 τις
1670 4900 1824 4976 ἅγιος

191 4976 258 5040 ὡς
308 4978 480 5035 εἰπεῖν
528 4986 647 5044 τοῖς
706 4980 1074 5047 παντοδαπαῖς
1122 4989 1220 5040 τοῦ
1280 4986 1590 5061 Πνεύματος
1636 4990 1825 5064 χάρισι

189 5066 630 5142 καταγλαισθείς.

1933 4724 2264 4779 sanctorum
2295 4718 2511 4776 circulo
2542 4719 2688 4775 tanti
2722 4723 2824 4776 tua
2879 4719 3136 4791 profecto
3180 4714 3570 4780 estimantur,

1935 4811 2198 4885 adeoque
2217 4810 2469 4869 maximo
2498 4808 2789 4867 habentur
2818 4810 2878 4865 in
2900 4809 3109 4881 pretio,
3142 4812 3207 4864 ut
3235 4820 3369 4863 cum
3392 4802 3570 4877 perli-

1935 4901 2139 4958 benter
2162 4899 2356 4957 locum
2387 4900 2713 4974 principem
2760 4898 2862 4956 tibi
2915 4896 3233 4955 concedant
3280 4911 3347 4953 ac
3393 4892 3574 4950 relin—

1938 4994 2143 5063 quant,
2178 4996 2303 5045 tum
2334 4990 2510 5046 etiam
2550 4988 2874 5047 necessario
2915 4986 3165 5044 summis
3199 4988 3256 5043 te
3312 4981 3585 5041 laudibus

1939 5079 2342 5151 gratibusque,
2364 5079 2467 5151 qui
2488 5079 2647 5151 ipsos
2668 5075 3211 5145 ornaveris,ferant.
3235 5071 3397 5141 Quod
3427 5070 3585 5128 enim

192 5156 294 5227 ipsi
326 5160 583 5218 universi
607 5161 780 5218 simul
803 5168 959 5227 sunt,
986 5165 1041 5220 id
1075 5170 1198 5225 tute
1217 5168 1379 5227 solus
1405 5186 1489 5238 es,
1520 5169 1749 5241 quando
1778 5169 1973 5227 omnia
1995 5169 2260 5226 omnium
2289 5170 2515 5241 decora,
2545 5184 2729 5241 caque
2749 5165 3197 5240 perfectissima,
3212 5178 3367 5221 unus
3379 5162 3584 5229 babes,

190 5252 243 5301 et
270 5253 330 5303 ut
356 5251 532 5307 verbo
562 5251 777 5322 dicam,
811 5253 1154 5313 universalis
1184 5258 1478 5332 quispiam
1509 5262 1747 5316 sanctus
1776 5274 1858 5327 es,
1899 5258 2330 5317 universalibus
2384 5258 2635 5331 Spiritus
2691 5255 2880 5314 sancti
2939 5253 3282 5312 muneribus
3339 5249 3583 5308 miriﬁce

191 5334 534 5398 illustratus.

264 5431 427 5485 PKH'.
466 5452 493 5481 ι(
523 5433 587 5485 ’Θ
635 5434 941 5507 προφητικέ
970 5435 1057 5505 σὺ,
1095 5435 1187 5490 καὶ
1236 5435 1453 5511 βλέπων
1504 5439 1572 5494 τὰ
1617 5436 1827 5514 ἔμπρο-

196 5514 334 5585 σθεν,
388 5539 418 5569 ι)
478 5518 567 5574 καὶ
618 5518 688 5593 τῇ
741 5526 839 5577 τοῦ
905 5528 1001 5578 νοῦ
1078 5526 1431 5601 καθαρότητι,
1491 5524 1830 5602 παμπόλλας

265 5707 339 5777 (1)
368 5711 666 5771 Fortasse.
699 5710 835 5783 ἥξει.
862 5716 947 5770 An
977 5707 1081 5786 ἳξιι
1106 5733 1212 5776 τις.

2011 5438 2305 5497 CXXVIII.
2341 5461 2369 5490 ‹‹
2403 5438 2446 5495 Ο
2478 5437 2734 5505 fatidica,
2765 5436 3012 5509 etlcnge
3042 5436 3098 5491 in
3124 5441 3420 5506 posterum
3442 5449 3583 5507 prc-

1943 5529 2201 5602 spieiens
2223 5529 2334 5598 vir,
2352 5551 2382 5581 »
2417 5528 2528 5601 (20)
2551 5527 2881 5598 mentisque
2908 5529 3020 5583 tua
3069 5523 3363 5582 munditia
3407 5523 3588 5598 pluri-

2012 5712 2134 5786 (20)
2154 5712 2325 5784 στος.
2356 5714 2403 5780 I,
2431 5711 2558 5769 5M.
