4118 6214
406 364 521 427 347

1721 366 2043 428 THEODU
2052 365 2120 424 LI
2166 363 2511 425 MONACHI

3734 11 4037 120 ’τ

3734 11 4037 120 ’τ

3695 373 3818 434 388

411 537 536 577 mas
571 519 754 577 divini
811 517 1065 589 Spiritus
1108 516 1525 589 iuspirationes
1576 518 1803 588 adepta,
1838 540 1868 568 ‹‹
1899 518 2040 587 Ollle

2173 496 2268 557 τὰς
2292 499 2389 550 τοῦ
2423 496 2735 569 Πνεύματος
2779 496 3077 573 δεχόμενος
3104 501 3408 568 ἐπιπνοίας,
3462 528 3489 555 ‹‹
3523 505 3690 576 οὗπερ
3735 504 3820 567 εἷς

414 608 474 664 ἱη
499 623 732 664 omnem
755 611 970 661 terram
1004 605 1137 662 exiit
1170 607 1299 661 fons
1330 603 1399 675 ⁸⁷,
1432 627 1460 656 ››
1493 621 1652 662 more
1715 606 2056 676 apostolico,

409 703 468 754 et
499 714 674 770 quem
700 700 983 769 perpetua
999 718 1027 747 «
1063 695 1453 751 Ecclesiarum
1491 694 1851 760 sollicitudo,
1882 717 1911 746 ν
1937 712 2053 752 non

416 787 614 842 minus
645 803 711 841 ac
734 785 981 842 Paulum
1014 785 1176 852 olim,
1210 786 1451 856 urgebat
1497 784 1567 850 ⁸⁸,
1589 786 1707 841 imo
1740 801 1871 841 vero
1921 782 2053 855 pius

413 876 589 932 etiam
641 876 855 933 rectius
922 874 1259 930 dixerimus.
1292 875 1533 940 Quando
1584 874 1683 929 ille
1721 876 2054 930 constitutis

414 981 601 1036 nuper
636 964 929 1033 Ecclesiis,
967 964 1121 1020 curis
1179 969 1234 1018 et
1273 962 1762 1020 sollicitudinibus
1803 963 2054 1036 angeba-

412 1058 547 1122 tur;
580 1056 672 1111 cui
697 1070 898 1110 recens
943 1068 1138 1109 earum
1192 1053 1619 1123 coagmentatio
1676 1052 1831 1108 haud
1880 1052 1951 1108 ab
1994 1068 2053 1108 re

408 1144 842 1200 formidolosior
869 1152 1029 1211 erat;
1062 1147 1123 1198 tu
1154 1159 1286 1198 vero
1349 1142 1559 1213 pietate
1589 1143 1737 1215 ipsa,
1771 1159 1875 1215 per
1928 1159 2051 1198 ma-

410 1232 659 1288 ledicam
694 1232 1099 1288 haereticorum
1130 1229 1554 1303 garrulitatem.
1586 1232 1644 1286 in
1691 1231 1813 1286 acie
1863 1247 2051 1286 nova-

410 1320 553 1376 culae
578 1322 710 1390 jum
743 1323 874 1388 sita,
898 1326 956 1377 et
993 1322 1053 1376 in
1103 1320 1160 1375 id
1210 1325 1416 1375 vocata
1474 1320 1822 1389 periculum,
1863 1335 1933 1376 ne
1992 1320 2049 1375 in

412 1409 771 1481 impietatem
804 1410 972 1481 plane
997 1409 1300 1473 recideret,
1331 1410 1602 1464 omnibus
1658 1408 1878 1464 viribus
1921 1425 2050 1479 pro-

411 1499 735 1569 pugnahas,
770 1504 826 1554 et
849 1515 1091 1554 manum
1123 1498 1567 1554 invictissimam
1607 1499 2041 1554 commodahas.

410 1587 453 1642 0
486 1587 585 1659 qui
617 1589 835 1660 sepius
864 1587 1213 1661 sanguinem
1262 1604 1364 1659 pro
1422 1587 1653 1643 Christo
1704 1588 2053 1659 profundere

408 1676 642 1743 avebas,
675 1676 787 1731 nisi
820 1676 943 1748 ipse
986 1676 1151 1747 plane
1208 1675 1585 1742 cohibuisset,
1620 1691 1690 1730 ne
1742 1676 1919 1731 talem
1962 1676 2052 1730 vi-

410 1765 621 1823 delicet
649 1766 806 1822 orbis
838 1772 1113 1821 terrarum
1160 1766 1455 1820 amitteret
1501 1766 1714 1834 virum,
1747 1764 1917 1831 quive
1967 1764 2052 1819 ci-

408 1859 499 1944 tra
546 1872 810 1911 cruorem
871 1853 1090 1944 athleta
1142 1852 1405 1944 evasisti,
1442 1854 1724 1944 nimirum
1765 1853 2050 1944 quodtua
2086 1879 2131 1944 Β

409 1942 800 1999 destinatione
831 1943 1085 1998 nominis
1140 1942 1322 2013 hujus
1378 1942 1725 2013 numerique
1772 1942 2047 1997 candida-

406 2038 501 2090 tus
530 2033 769 2089 omnino
797 2049 943 2088 eras.

475 2122 710 2197 CXXIX.
735 2122 780 2178 Ο
802 2121 903 2193 qui
935 2119 1245 2193 pastoralis
1276 2120 1470 2176 ofﬁcia
1500 2136 1792 2176 summam
1810 2119 2049 2186 lineam,

409 2216 469 2268 et
497 2212 873 2283 temetipsum
903 2214 963 2266 et
992 2227 1120 2284 quae
1151 2211 1221 2265 de
1253 2226 1319 2266 eo
1368 2210 1597 2280 degotio
1626 2209 1844 2281 scripta
1889 2226 2053 2265 com-

407 2316 711 2373 posueras,
742 2300 1052 2356 exhibuisti
1080 2299 1091 2352 l
1125 2299 1169 2355 0
1201 2299 1301 2370 qui
1333 2297 1656 2355 solitariam
1707 2306 1760 2353 et
1792 2298 2048 2370 quietam

397 2390 626 2445 vivendi
670 2390 953 2445 rationem
987 2394 1047 2444 et
1075 2389 1146 2444 ad
1174 2387 1477 2443 materiam
1509 2387 1670 2443 nullo
1722 2387 1892 2443 modo
1951 2388 2051 2443 ﬂe-

394 2478 657 2545 xibilem,
691 2479 789 2536 sed
822 2480 892 2533 ad
921 2478 1105 2534 Deum
1140 2480 1417 2548 perpetuo
1456 2477 1763 2544 intentam,
1786 2476 1867 2531 ita
1916 2491 2040 2547 pro-

392 2568 553 2624 tinus
585 2567 657 2623 ab
719 2568 956 2623 ineunte
1000 2570 1171 2623 astate
1229 2566 1539 2633 adamasti,
1569 2570 1627 2622 et
1673 2564 1963 2637 expetisti,
1990 2569 2049 2621 et

396 2672 574 2729 super
603 2661 838 2713 caeteros
868 2655 1191 2712 rectissime
1222 2655 1533 2726 perfecisti,
1568 2655 1722 2710 velut
1752 2654 2047 2726 quispiam

395 2751 556 2801 extra
580 2761 812 2801 carnem
840 2747 1245 2817 mundumque
1275 2745 1501 2816 positus
1529 2749 1586 2800 et
1617 2742 1742 2799 sola
1771 2742 2045 2799 victitans

399 2834 704 2891 animalO
745 2836 846 2907 qui
895 2839 1062 2892 tanto
1104 2835 1382 2890 virtutem
1439 2832 1673 2889 coluisti
1728 2848 1919 2904 opere,
1980 2835 2045 2887 ut

399 2939 503 2978 nec
534 2924 874 2980 adolescens
908 2924 979 2979 ab
1010 2928 1176 2979 atate
1226 2921 1521 2993 provectis,
1546 2925 1602 2977 et
1660 2921 1759 2992 qui
1812 2921 1871 2975 in
1921 2920 2044 2975 vir-

397 3014 541 3069 tutis
575 3013 1002 3069 meditamentis
1034 3013 1349 3085 plurimum
1401 3010 1825 3067 desudaverant
1873 3014 2037 3066 ante-

395 3102 533 3170 ires,
560 3101 665 3158 sed
686 3100 858 3175 longo
910 3100 1081 3174 plane
1141 3101 1377 3157 eosdem
1436 3099 1741 3155 intervallo
1791 3113 2036 3170 priever-

391 3194 591 3245 teres:
626 3206 731 3246 nec
783 3190 881 3246 ubi
932 3191 1134 3247 eadem
1191 3189 1317 3261 ipse
1375 3189 1434 3243 in
1485 3187 1672 3245 classe
1712 3189 1839 3259 jam
1881 3204 2032 3258 eras,

2170 591 2339 639 πᾶσαν
2372 588 2471 655 τὴν
2499 593 2604 661 γῆν
2638 610 2664 636 ››
2706 585 3084 645 άποστολικῶς
3118 613 3146 642 ‹‹
3189 592 3216 645 6
3248 592 3489 668 φθόγγος
3530 592 3744 663 ἐξῆλθε,
3783 618 3813 646 η

2168 675 2257 729 καὶ
2307 676 2364 729 ὃν
2417 677 2521 749 ἥγε
2569 674 2820 745 διηνεκής
2872 703 2897 729 ‹‹
2937 675 3175 752 μέριμνα
3221 684 3326 734 τῶν
3376 680 3743 752 Ἐκκλησιῶν,
3787 707 3815 733 ι)

2170 763 2279 839 οὐχ
2309 768 2471 833 ἧττον
2503 765 2537 834 ἢ
2588 765 2756 820 πάλαι
2792 767 3005 823 Παῦλον
3054 776 3277 844 κατεῖχε
3311 787 3324 799 °
3379 770 3592 841 μᾶλλον
3635 770 3689 826 δὲ
3720 773 3812 826 καὶ

2169 853 2334 908 πλέον
2368 854 2535 909 εἴπεῖν
2585 852 2806 913 ἔνεστιν.
2844 857 3005 929 Εἴπερ
3053 859 3253 920 ἐκεῖνος
3289 860 3383 933 μὲν
3433 858 3551 935 ἄρτι
3598 862 3809 916 τούτων

2167 946 2595 1017 καθισταμένων,
2646 947 2946 1021 φροντίζων
2994 949 3061 1016 ἦν
3107 948 3195 1002 καὶ
3246 948 3491 1022 ἀγωνιῶν
3537 951 3599 1005 τὸ
3658 956 3809 1028 σφῶν

2168 1032 2457 1107 ἀρτιπαγές
2514 1035 2868 1113 ὑφορώμενος
2900 1053 2912 1066 ·
2950 1035 3013 1089 σὺ
3063 1036 3120 1090 δὲ
3162 1044 3261 1105 τῆς
3313 1034 3587 1101 εὐσεϐείας
3635 1040 3808 1108 αὐτῆς

2172 1123 2275 1176 ὑπὸ
2333 1129 2433 1190 τῆς
2489 1127 2596 1177 τῶν
2657 1125 2941 1198 αἱρετικῶν
3009 1124 3421 1201 γλωσσαλγίας,
3478 1126 3566 1182 ἐπὶ
3644 1130 3807 1203 ξυροῦ

2167 1212 2351 1283 ἀκμῆς
2435 1212 2716 1281 ἑστηκυίας
2799 1215 2889 1268 καὶ
2972 1212 3389 1287 κινδυνευούσης
3487 1224 3807 1291 μεταπεσεῖν

2169 1302 2245 1362 εἷς
2304 1296 2633 1365 δυσσέϐειαν,
2692 1308 2850 1358 πᾶσιν
2909 1307 2995 1366 οἷς
3068 1305 3216 1381 εἶχες
3290 1307 3655 1383 προύμάχεις,
3716 1309 3807 1363 καὶ

2168 1391 2482 1465 θαυμαστὴν
2533 1397 2695 1467 χεῖρα
2741 1398 2999 1469 παρεῖχες
3035 1415 3047 1427 ·
3098 1396 3127 1449 ὁ
3178 1394 3475 1466 βουληθεὶς
3530 1398 3624 1468 μὲν
3671 1398 3810 1451 πολ-

2168 1478 2324 1542 λάκις
2385 1483 2515 1554 ὑπὲρ
2568 1486 2803 1555 Χριστοῦ
2860 1484 2922 1538 τὸ
2970 1486 3109 1556 αἷμα
3167 1483 3370 1560 ἐκχέαι,
3422 1485 3692 1549 κωλυθεὶς
3752 1485 3810 1540 δὲ

2169 1570 2257 1649 ὑφ’
2306 1570 2469 1625 αὐτοῦ
2515 1571 2733 1638 τούτου,
2784 1572 2895 1649 ἐφῷ
2948 1574 3023 1646 μή
3072 1574 3171 1642 τήν
3231 1574 3559 1646 οἰκουμένην
3607 1573 3805 1649 ἀνδρὸς

2167 1659 2481 1734 ἐστερῆσθαι
2564 1662 2815 1715 τοιούτου
2848 1678 2861 1692 ⁸
2965 1664 3051 1716 καὶ
3138 1664 3376 1738 γεγονὼς
3467 1663 3808 1736 ἀναίμακτος

2166 1750 2433 1819 ἀθλητής,
2494 1748 2570 1812 εἷς
2627 1748 2853 1814 τούτους
2909 1750 2991 1805 ὅτι
3051 1752 3286 1824 μάλιστα
3341 1758 3410 1827 τῇ
3486 1753 3805 1827 προαιρέσει

2165 1838 2339 1895 τελῶν
2350 1884 2361 1896 .

2235 2110 2393 2168 ΡΚΘ’.
2426 2112 2493 2165 Ὠ
2543 2118 2910 2183 ποιμαντικῆς
2950 2111 3075 2184 ὅρον
3122 2113 3314 2166 σαυτόν
3361 2133 3419 2166 τε
3464 2109 3655 2183 δείξας,
3705 2112 3799 2167 καὶ

2163 2196 2253 2259 οὓς
2313 2199 2447 2273 ὑπὲρ
2495 2199 2690 2254 τούτου
2750 2200 2951 2275 λόγους
3009 2201 3266 2272 ξυνέθουί
3324 2203 3388 2255 Ὠ
3442 2202 3504 2255 τὸ
3565 2208 3801 2273 μονῆρες

2159 2296 2255 2345 τοῦ
2291 2291 2410 2365 βίου
2448 2293 2537 2347 καὶ
2587 2294 2822 2367 ἥσυχον,
2853 2294 2940 2347 καὶ
2993 2294 3130 2367 πρὸς
3182 2294 3275 2365 μὲν
3319 2295 3418 2362 τήν
3464 2293 3601 2362 ὕλην
3656 2314 3805 2348 παν-

2158 2382 2386 2435 τάπασιν
2436 2381 2675 2451 άκλινές,
2709 2383 2847 2457 πρὸς
2896 2379 2952 2437 δὲ
3002 2383 3129 2438 Θεὸν
3176 2381 3305 2457 ἔχον
3352 2381 3479 2451 αἰεί,
3527 2382 3701 2445 οὕτως
3753 2383 3805 2454 ἐξ

2159 2472 2340 2545 αρχῆς
2391 2470 2673 2545 ἀγαπήσας
2717 2489 2774 2524 τε
2820 2470 2910 2524 καὶ
2962 2472 3227 2541 ποθήσας,
3273 2471 3363 2525 καὶ
3414 2470 3545 2545 ὕπὲρ
3599 2471 3804 2531 πάντας

2157 2560 2555 2635 κατωρθωκὼς,
2588 2560 2663 2620 ὡς
2710 2558 2771 2613 ἄν
2803 2581 2885 2621 τις
2933 2558 3033 2630 ἔξω
3091 2562 3285 2634 σαρκὸς
3327 2560 3415 2614 καὶ
3467 2559 3679 2633 κόσμου
3708 2580 3804 2634 γε-

2156 2670 2285 2727 γενη
2298 2650 2452 2720 μένος
2483 2650 2572 2703 καὶ
2604 2650 2737 2724 μόνῃ
2767 2654 2873 2718 ζῶν
2922 2653 2989 2721 τῇ
3023 2653 3178 2728 ψυχῇ
3206 2650 3218 2705 l
3252 2655 3317 2703 Ὠ
3363 2653 3620 2705 τοσοῦτον
3659 2650 3801 2722 πρὸς

2157 2740 2355 2815 ἀρετὴν
2400 2739 2672 2816 ἐσχηκὼς,
2724 2741 2799 2802 ὡς
2852 2742 2981 2814 μήτ’
3036 2738 3089 2794 ἐν
3138 2740 3352 2809 νεότητι
3397 2743 3505 2795 τῶν
3556 2734 3797 2810 πρεσϐυ-

2152 2833 2344 2904 τέρων,
2402 2831 2489 2885 καὶ
2544 2828 2774 2885 πλεῖστα
2830 2830 2954 2902 περὶ
2994 2829 3193 2899 ταύτην
3252 2828 3536 2902 καμόντων
3586 2829 3797 2882 ἂπολε-

2152 2917 2391 2996 λεῖφθαι,
2442 2917 2588 2974 ἄλλὰ
2629 2920 2717 2973 καὶ
2767 2916 2967 2991 πολλῷ
3014 2918 3208 2990 τῳόντι
3260 2923 3396 2995 σφᾶς
3445 2916 3747 2992 παρελάσαι
3783 2940 3796 2951 ·

2154 3009 2283 3082 μήτ’
2321 3007 2399 3069 εἲς
2433 3008 2636 3070 αὐτοὺς
2682 3008 2908 3069 τούτους
2953 3007 3194 3073 τελέσας,
3233 3003 3455 3080 ὑφέσθαι
3503 3007 3594 3062 καὶ
3640 3008 3796 3075 ὁπη-

2149 3103 2243 3153 οῦν
2287 3102 2385 3153 τοῦ
2444 3099 2759 3170 θαυμαστοῦ
2807 3094 2965 3153 τοῦδε
3020 3094 3178 3153 τόνου
3236 3097 3325 3151 καὶ
3383 3103 3483 3166 τῆς
3546 3094 3799 3171 μεγάλης

2153 3187 2467 3256 ἐνστάσεως,
2527 3188 2670 3242 ἀλλὰ
2731 3187 2821 3241 καὶ
2881 3186 3081 3248 παντὸς
3161 3185 3505 3260 ἀκμάζοντος
3578 3184 3798 3259 μᾶλλον

396 3279 721 3352 quidquam
783 3296 1134 3352 quocunque
1190 3248 1383 3349 modo,
1433 3279 1505 3334 de
1561 3248 1886 3334 incre'dibili
1928 3248 2040 3334 isto

2157 3271 2292 3346 ἠϐᾷν
2319 3277 2386 3329 τὰ
2432 3279 2679 3331 τοιαῦτα.
2712 3279 2777 3330 Ὠ
2823 3275 3012 3336 κακίας
3053 3275 3440 3350 ἀποσχόμενος
3485 3273 3683 3340 οὕτως,
3716 3275 3796 3336 ὡς

392 3369 579 3439 rigore
648 3373 706 3425 et
781 3370 1011 3441 ingenti
1089 3369 1460 3425 contentione
1526 3367 1870 3436 remitteres,
1924 3366 2043 3424 imo

398 3458 584 3528 magis
615 3459 795 3514 etiam
825 3475 1001 3529 quam
1027 3458 1285 3515 ﬂorentis
1315 3458 1609 3531 quispiam
1653 3460 1840 3514 (etatis
1880 3458 2045 3528 juve-

396 3544 500 3601 nili
530 3546 590 3602 in
622 3545 715 3602 his
746 3548 953 3604 ardore
981 3547 1309 3604 elaborares
1335 3548 1347 3603 l
1374 3546 1536 3619 Oqui
1575 3547 1819 3619 proinde
1848 3562 1883 3602 a
1914 3562 2043 3618 pec-

393 3639 522 3691 cato
552 3643 605 3692 te
637 3636 996 3707 abstinebas,
1011 3653 1188 3710 quam
1212 3636 1340 3707 ipsa
1369 3651 1498 3693 sese
1528 3636 1786 3693 abstinet
1811 3636 2035 3692 virtus!

394 3722 439 3780 0
470 3725 570 3796 qui
601 3725 1144 3783 iaudatissimorum
1175 3726 1431 3781 virorum
1464 3725 1726 3782 omnium
1759 3725 1922 3782 solus
1952 3725 2040 3780 vi-

394 3830 497 3870 sus
528 3830 589 3870 es
640 3814 1033 3887 colophoniO
1064 3815 1163 3887 qui
1205 3816 1470 3872 omnium
1530 3817 1589 3870 in
1639 3819 1791 3871 terra
1840 3815 2043 3871 viven-

394 3902 544 3960 tium
575 3903 677 3960 Dei
708 3906 961 3961 maxime
1008 3904 1214 3962 laudes
1271 3904 1601 3973 celebrasti,
1642 3908 1701 3960 et
1757 3904 2040 3975 majorem

2150 3366 2351 3437 ταύτης
2409 3365 2626 3435 ἐκείνηι
2703 3367 2769 3419 Ὦ
2847 3368 3059 3421 πάντων
3138 3364 3540 3438 ἐπαινουμένων
3624 3364 3798 3435 μόνος

2151 3455 2436 3533 ἀναφανεὶς
2493 3454 2783 3531 κολοφώνί
2843 3456 2911 3509 Ὠ
2973 3453 3209 3526 μάλιστα
3273 3455 3368 3528 μὲν
3424 3454 3638 3509 πάντων
3705 3452 3799 3507 ἐπὶ

2150 3551 2256 3620 γῆς
2316 3542 2540 3617 δοξάσας
2597 3544 2750 3611 Θεὸν,
2817 3545 3078 3616 μειζόνως
3146 3542 3202 3598 δὲ
3262 3544 3353 3598 ὑπ’
3405 3544 3569 3599 αύτοῦ
3627 3540 3800 3615 δοξα-

2151 3634 2315 3698 σθεὲς,
2364 3635 2496 3707 τῷθ’
2546 3635 2677 3709 ὑπὲρ
2725 3634 2855 3694 τοὺς
2902 3632 3107 3697 ἄλλους
3150 3631 3373 3687 ἐνταῦθα
3420 3635 3517 3701 τῆς
3564 3633 3802 3711 χάριτος

2149 3723 2477 3794 ἀπολαῦσαι,
2535 3725 2625 3778 καὶ
2674 3721 3011 3797 πανταχόθεν
3056 3722 3349 3797 ἐσχηκέναι
3400 3722 3796 3794 θαυμάζεσθαι,

2151 3819 2232 3887 τῷ
2262 3836 2320 3870 τε
2347 3821 2450 3884 τῆς
2496 3812 2608 3869 ἅνω
2635 3810 2981 3886 κληρουχίας
3029 3810 3397 3889 διαφερόντως
3424 3810 3621 3890 λαχεῖν
3653 3829 3670 3846 ο
3701 3810 3801 3866 καὶ

2152 3904 2219 3959 τά
2248 3906 2440 3978 πρῶτα
2467 3903 2594 3978 παρ’
2625 3903 2775 3974 αὐτῷ
2806 3902 3154 3974 τετιμῆσθαι.

389 3992 650 4050 vicissim
673 3994 734 4050 in
767 3996 1001 4051 modum
1021 4012 1056 4051 a
1084 3996 1199 4052 Deo
1233 3995 1451 4052 honore
1481 3995 1725 4052 affectus
1757 4010 1840 4065 es,
1876 3998 1996 4051 tum
2022 3997 2178 4068 quod
2210 3996 2305 4052 hic
2337 3994 2465 4067 plus
2494 3994 2627 4051 aliis
2657 3995 2843 4067 gratia
2870 3994 3054 4067 ipsius
3106 3993 3390 4050 fruebaris
3437 4000 3492 4050 et
3532 3994 3801 4064 undique

385 4098 502 4154 quo
535 4100 884 4156 magnopere
914 4085 1410 4143 commendareris
1443 4086 1718 4152 habebas,
1751 4091 1877 4141 tum
1911 4085 2069 4157 quod
2097 4086 2387 4145 ccelestem
2418 4086 2581 4142 illam
2614 4084 3005 4141 hereditatem
3040 4101 3193 4140 unus
3224 4084 3452 4155 egregie
3503 4099 3795 4152 creveras,

385 4176 564 4244 atque
595 4174 883 4247 praecipuo
914 4177 1070 4248 apud
1092 4176 1276 4233 Deum
1306 4177 1614 4233 decoratus
1635 4191 1765 4232 eras
1796 4175 2033 4232 honore.

454 4262 679 4319 CXXX.
712 4263 756 4320 0
816 4265 915 4336 qui
972 4265 1292 4323 humanam
1350 4281 1770 4339 supergressus
1812 4269 2030 4322 sortem

383 4352 754 4409 credebaris!
788 4354 921 4410 Sive
976 4354 1194 4423 verius,
1226 4371 1259 4411 ο
1311 4355 1413 4426 qui
1470 4354 1769 4411 hominem
1821 4354 2032 4423 pariter

383 4445 438 4497 et
479 4441 799 4514 superabas
847 4447 904 4499 et
954 4443 1246 4501 ornabasl
1282 4443 1498 4517 quippe
1548 4442 1648 4515 qui
1691 4442 2030 4514 angelorum

381 4530 619 4587 vivebas
667 4533 866 4602 vitam,
890 4532 997 4590 hos
1053 4550 1185 4590 vero
1216 4533 1374 4605 ipsos
1431 4548 1498 4589 eo
1551 4533 1846 4600 vincebas,
1875 4532 2032 4605 quod

2215 4267 2345 4323 PA'.
2405 4266 2472 4319 Ὠ
2553 4264 2751 4336 μείζων
2831 4264 2867 4333 ἢ
2937 4265 3056 4319 κατ’
3132 4265 3419 4339 ἄνθρωπον
3485 4264 3791 4336 νομισθεὶς,

2147 4351 2364 4426 μᾶλλον
2423 4350 2576 4423 δὶ,ὧ
2633 4354 2723 4407 τὸν
2780 4353 2874 4426 μὲν
2930 4351 3213 4430 ἄνθρωπον
3275 4355 3416 4427 ὁμοῦ
3463 4374 3523 4409 τε
3571 4353 3790 4427 παριὼν

2142 4442 2232 4497 καὶ
2289 4444 2571 4515 κοσμήσας
2626 4446 2707 4514 τῷ
2764 4444 2880 4497 κατ’
2946 4442 3213 4518 ἀγγέλους
3286 4443 3519 4518 βιῶναιί
3585 4443 3790 4505 αὐτοὺς

2142 4529 2199 4586 δὲ
2255 4532 2505 4601 τούτους,
2548 4536 2628 4604 τῷ
2687 4531 2903 4605 μάλιστ’
2963 4532 3137 4588 αὐτῶν
3195 4531 3409 4604 δοξάσαι
3461 4535 3592 4588 Θεόν
3625 4552 3639 4563 '
3692 4536 3783 4589 καὶ

386 4616 624 4675 illorum
666 4621 916 4678 maxime
965 4622 1150 4678 Deum
1208 4621 1681 4690 collaudabas,et
1736 4621 2030 4692 quondam

2157 4620 2313 4677 τάλαι
2363 4622 2457 4695 μὲν
2506 4620 2594 4676 ἐπὶ
2642 4628 2746 4696 γῆς
2794 4622 2883 4677 καὶ
2931 4625 3020 4677 νῦν
3063 4619 3109 4676 δ’
3154 4622 3460 4693 ούχηκιστα
3511 4626 3628 4697 μετ’
3679 4624 3791 4679 αύ-

384 4709 444 4764 in
484 4710 656 4766 terris
684 4717 741 4767 et
770 4728 927 4767 nunc
984 4711 1355 4783 potissimum
1415 4727 1532 4769 una
1588 4728 1723 4768 cum
1774 4710 1917 4782 ipsis
1974 4710 2031 4765 in

378 4797 553 4854 cmloi
585 4798 629 4855 0
660 4799 761 4871 qui
785 4801 1181 4872 jucunditatis
1211 4801 1402 4858 omnis
1432 4801 1654 4857 nullam
1686 4800 1918 4870 penitus
1940 4815 2026 4854 ra-

378 4887 600 4943 tionem
634 4889 908 4958 ducebas,
940 4890 1056 4946 nisi
1088 4906 1214 4962 qua
1245 4892 1317 4947 ad
1360 4891 1633 4948 virtutem
1678 4889 1899 4961 Deique
1947 4888 2023 4943 fa-

380 4974 777 5033 miliaritatem
808 4980 1044 5036 duceret
1067 4978 1146 5036 l0
1169 4980 1475 5037 Trinitatis
1500 4977 1867 5051 templum,et
1897 4994 2024 5050 pry-

374 5073 615 5122 taneum
644 5065 977 5139 theologia,
1018 5076 1072 5124 et
1101 5074 1435 5125 sanctorum
1466 5070 1806 5141 dogmstum
1859 5082 2025 5123 exac-

376 5155 609 5211 tissima
634 5171 839 5212 norma
863 5156 876 5211 l
908 5157 952 5213 0
985 5157 1375 5215 disertissime
1404 5159 1733 5215 orationum
1757 5156 2028 5227 omnige-

382 5258 590 5299 narum
661 5246 888 5314 artifex,
949 5263 1274 5321 earumque
1350 5264 1528 5321 super
1610 5246 1752 5303 alios
1823 5261 2026 5302 omnes

378 5333 597 5391 athleta
627 5344 1139 5410 prepugnatorque
1177 5338 1486 5395 acerrime!
1520 5340 1561 5390 Ο
1592 5354 1759 5394 sacra
1811 5335 2029 5409 gratia-

372 5438 504 5479 rum
559 5424 786 5488 thensa,
845 5432 902 5483 et
951 5427 1301 5484 suavissima
1358 5444 1592 5485 morum
1637 5425 2024 5494 concinnitas,

370 5512 628 5569 maxime
684 5515 887 5573 eadem
945 5521 1006 5574 et
1052 5516 1418 5575 admirabilis
1476 5524 1533 5575 et
1586 5514 1959 5573 inimitabilis
2007 5511 2021 5568 l

452 5689 499 5723 °"
529 5690 682 5749 Psal.
715 5709 834 5765 xxx,
862 5697 931 5766 3;
965 5696 1133 5755 Rom.
1163 5713 1222 5765 ι,
1255 5697 1343 5755 18.
1417 5697 1463 5732 ⁵⁸
1493 5699 1544 5753 ΙΙ
1574 5696 1704 5753 Cor.
1734 5711 1819 5763 xx,
1845 5695 1937 5749 28.

2139 4709 2247 4765 τῶν
2291 4708 2343 4765 ἐν
2371 4714 2488 4773 τοῖς
2517 4710 2792 4785 οὐρανοῖς.
2825 4712 2892 4765 Ὦ
2937 4711 3137 4773 παντὸς
3188 4708 3414 4779 ἡδίστου
3469 4709 3599 4784 μηδ’
3639 4714 3786 4768 ὁντι-

2137 4803 2262 4853 νοῦν
2334 4799 2651 4874 τοπαράπαν
2730 4800 3099 4871 ποιησάμενος
3173 4798 3356 4875 λόγον,
3430 4798 3577 4869 πλὴν
3656 4800 3788 4856 ὅσον

2136 4888 2213 4949 εἷς
2269 4887 2467 4963 ἀρετήν
2527 4886 2674 4967 φέρει
2724 4888 2813 4944 καὶ
2862 4892 2996 4945 Θεοῦ
3053 4888 3377 4960 ξυναυλίανί
3439 4891 3504 4945 Ὦ
3553 4888 3784 4966 Τριάδος

2137 4976 2308 5046 ἑστία,
2382 4975 2476 5031 καὶ
2551 4983 2869 5050 πρυτανεῖον
2949 4976 3256 5054 θεολογίας,
3320 4979 3412 5034 καὶ
3488 4977 3787 5057 δογμάτων

2138 5059 2423 5138 ἆκρίϐειαῑ
2469 5070 2534 5120 Ὢ
2581 5062 2937 5121 παντοδαπῶν
2990 5066 3172 5140 λόγων
3220 5067 3465 5142 τεχνίτα,
3512 5070 3599 5123 καὶ
3652 5071 3784 5125 τού-

2135 5174 2242 5209 των
2323 5154 2455 5229 ὑπέρ
2539 5155 2740 5218 πάντας
2804 5153 3099 5230 ἂγωνιστὲι,
3151 5156 3242 5211 καὶ
3318 5157 3467 5232 ἅρμα
3536 5161 3788 5233 χαρίτων

2137 5243 2225 5297 καὶ
2286 5243 2436 5313 ἠθῶν
2496 5243 2785 5318 εὐκοσμία,
2839 5246 3231 5319 θαυμαζομένη
3297 5247 3415 5319 μὲν,
3478 5246 3786 5318 ζηλοῦσθαι

2138 5332 2185 5387 δ’
2222 5332 2543 5409 ἆνέφικτοςί
2592 5336 2660 5390 Ὦ
2706 5335 2784 5409 μὴ
2832 5334 2995 5407 μόνον
3047 5359 3075 5387 (ι
3127 5337 3360 5409 οὐρανὸς
3409 5334 3783 5415 διηγούμενος

2135 5423 2236 5493 τὴν
2290 5422 2444 5493 δόξαν
2496 5429 2656 5496 Θεοῦ,
2690 5448 2719 5476 ››
2768 5423 2916 5480 ἀλλὰ
2960 5425 3049 5480 καὶ
3108 5428 3311 5489 πάντας
3355 5428 3491 5503 πρὸς
3549 5427 3783 5504 οὐρανὸν

2141 5513 2417 5587 μεθιστὰς,
2467 5515 2553 5570 καὶ
2604 5520 2726 5580 ταῖς
2779 5516 3111 5591 θαυμασταῖς
3164 5516 3462 5588 ὑποθήκαις
3504 5522 3615 5575 τῶν
3667 5527 3782 5578 σῶν
