  <div class='ocr_page' id='page_1' title='image "/cluster/home/n/w/nwhite01/storage/ocr_20150623/145/hvd.32044054086921/180.png"; bbox 0 0 4118 6214; ppageno 0'>
   <div class='ocr_carea' id='block_1_1' title="bbox 297 396 413 456">
    <p class='ocr_par' dir='ltr' id='par_1_1' title="bbox 297 396 413 456">
     <span class='ocr_line' id='line_1_1' title="bbox 297 396 413 456; baseline 0.009 -1"><span class='ocrx_word' id='word_1_1' title='bbox 297 396 413 456; x_wconf 70' lang='grc'><strong>349</strong></span> 
     </span>
    </p>
   </div>
   <div class='ocr_carea' id='block_1_2' title="bbox 1304 400 2687 467">
    <p class='ocr_par' dir='ltr' id='par_1_2' title="bbox 1304 400 2687 467">
     <span class='ocr_line' id='line_1_2' title="bbox 1304 400 2687 467; baseline 0.001 -8"><span class='ocrx_word' id='word_1_2' title='bbox 1304 400 1695 464; x_wconf 80' lang='lat' dir='ltr'><strong>LAUDATIO</strong></span> <span class='ocrx_word' id='word_1_3' title='bbox 1736 402 1801 464; x_wconf 92' lang='lat' dir='ltr'><strong>S.</strong></span> <span class='ocrx_word' id='word_1_4' title='bbox 1847 404 2226 467; x_wconf 80' lang='lat' dir='ltr'><strong>GREGORII</strong></span> <span class='ocrx_word' id='word_1_5' title='bbox 2270 404 2687 467; x_wconf 80' lang='lat' dir='ltr'><strong>THEOLOGI.</strong></span> 
     </span>
    </p>
   </div>
   <div class='ocr_carea' id='block_1_3' title="bbox 3580 402 3696 462">
    <p class='ocr_par' dir='ltr' id='par_1_3' title="bbox 3580 402 3696 462">
     <span class='ocr_line' id='line_1_3' title="bbox 3580 402 3696 462; baseline 0 -1"><span class='ocrx_word' id='word_1_6' title='bbox 3580 402 3696 462; x_wconf 79' lang='lat'><strong>350</strong></span> 
     </span>
    </p>
   </div>
   <div class='ocr_carea' id='block_1_4' title="bbox 292 526 1929 607">
    <p class='ocr_par' dir='ltr' id='par_1_4' title="bbox 292 526 1929 601">
     <span class='ocr_line' id='line_1_4' title="bbox 292 526 1929 601; baseline 0.004 -19"><span class='ocrx_word' id='word_1_7' title='bbox 292 526 494 601; x_wconf 79' lang='grc' dir='ltr'><strong>λόγων,</strong></span> <span class='ocrx_word' id='word_1_8' title='bbox 555 526 712 590; x_wconf 65' lang='grc' dir='ltr'><strong>θεοὺς</strong></span> <span class='ocrx_word' id='word_1_9' title='bbox 784 526 984 590; x_wconf 75' lang='grc' dir='ltr'><strong>αὖτοὺς</strong></span> <span class='ocrx_word' id='word_1_10' title='bbox 1051 530 1347 592; x_wconf 78' lang='grc' dir='ltr'><strong>καθιστάςί</strong></span> <span class='ocrx_word' id='word_1_11' title='bbox 1409 535 1476 586; x_wconf 85' lang='grc' dir='ltr'><strong>Ὦ</strong></span> <span class='ocrx_word' id='word_1_12' title='bbox 1545 536 1716 587; x_wconf 88' lang='grc' dir='ltr'><strong>κακοῦ</strong></span> <span class='ocrx_word' id='word_1_13' title='bbox 1788 554 1929 595; x_wconf 89' lang='grc' dir='ltr'><strong>τινος</strong></span> 
     </span>
    </p>
   </div>
   <div class='ocr_carea' id='block_1_5' title="bbox 2046 526 3693 607">
    <p class='ocr_par' dir='ltr' id='par_1_5' title="bbox 2049 531 3693 607">
     <span class='ocr_line' id='line_1_5' title="bbox 2049 531 3693 607; baseline -0.007 -13"><span class='ocrx_word' id='word_1_14' title='bbox 2049 538 2094 594; x_wconf 96' lang='lat'><strong>0</strong></span> <span class='ocrx_word' id='word_1_15' title='bbox 2120 555 2236 595; x_wconf 93' lang='lat' dir='ltr'><strong>non</strong></span> <span class='ocrx_word' id='word_1_16' title='bbox 2269 540 2443 596; x_wconf 92' lang='lat' dir='ltr'><strong>modo</strong></span> <span class='ocrx_word' id='word_1_17' title='bbox 2474 560 2502 588; x_wconf 84' lang='lat'><strong>«</strong></span> <span class='ocrx_word' id='word_1_18' title='bbox 2550 537 2759 594; x_wconf 87' lang='lat' dir='ltr'><strong>ccelum</strong></span> <span class='ocrx_word' id='word_1_19' title='bbox 2809 552 3086 592; x_wconf 85' lang='lat' dir='ltr'><strong>enarrans</strong></span> <span class='ocrx_word' id='word_1_20' title='bbox 3153 535 3400 607; x_wconf 75' lang='lat' dir='ltr'><strong>gloriam</strong></span> <span class='ocrx_word' id='word_1_21' title='bbox 3432 533 3539 590; x_wconf 92' lang='lat' dir='ltr'><strong>Dei</strong></span> <span class='ocrx_word' id='word_1_22' title='bbox 3563 531 3632 602; x_wconf 64' lang='lat'><strong>5‘,</strong></span> <span class='ocrx_word' id='word_1_23' title='bbox 3667 555 3693 583; x_wconf 65' lang='grc' dir='ltr'><strong>κ</strong></span> 
     </span>
    </p>
   </div>
   <div class='ocr_carea' id='block_1_6' title="bbox 286 614 1934 697">
    <p class='ocr_par' dir='ltr' id='par_1_6' title="bbox 286 614 1934 697">
     <span class='ocr_line' id='line_1_6' title="bbox 286 614 1934 697; baseline 0.005 -27"><span class='ocrx_word' id='word_1_24' title='bbox 286 622 502 684; x_wconf 75' lang='grc' dir='ltr'><strong>κτῆσιν,</strong></span> <span class='ocrx_word' id='word_1_25' title='bbox 544 614 659 670; x_wconf 66' lang='grc' dir='ltr'><strong>οίιδν</strong></span> <span class='ocrx_word' id='word_1_26' title='bbox 708 614 759 670; x_wconf 82' lang='grc' dir='ltr'><strong>ἐν</strong></span> <span class='ocrx_word' id='word_1_27' title='bbox 812 618 1115 691; x_wconf 74' lang='grc' dir='ltr'><strong>αὐτονομίᾳ</strong></span> <span class='ocrx_word' id='word_1_28' title='bbox 1160 624 1267 673; x_wconf 89' lang='grc' dir='ltr'><strong>τῶν</strong></span> <span class='ocrx_word' id='word_1_29' title='bbox 1315 618 1605 693; x_wconf 75' lang='grc' dir='ltr'><strong>λογισμῶν</strong></span> <span class='ocrx_word' id='word_1_30' title='bbox 1654 620 1934 697; x_wconf 79' lang='grc' dir='ltr'><strong>ἐσχηκὼς,</strong></span> 
     </span>
    </p>
   </div>
   <div class='ocr_carea' id='block_1_7' title="bbox 283 704 1937 789">
    <p class='ocr_par' dir='ltr' id='par_1_7' title="bbox 283 704 1937 789">
     <span class='ocr_line' id='line_1_7' title="bbox 283 704 1937 789; baseline 0.005 -30"><span class='ocrx_word' id='word_1_31' title='bbox 283 707 461 759; x_wconf 79' lang='grc' dir='ltr'><strong>πάντα</strong></span> <span class='ocrx_word' id='word_1_32' title='bbox 510 704 567 759; x_wconf 80' lang='grc' dir='ltr'><strong>δὲ</strong></span> <span class='ocrx_word' id='word_1_33' title='bbox 624 706 692 760; x_wconf 71' lang='grc' dir='ltr'><strong>τὰ</strong></span> <span class='ocrx_word' id='word_1_34' title='bbox 743 706 1012 762; x_wconf 80' lang='grc' dir='ltr'><strong>κάλλιστα</strong></span> <span class='ocrx_word' id='word_1_35' title='bbox 1068 710 1155 763; x_wconf 81' lang='grc' dir='ltr'><strong>καὶ</strong></span> <span class='ocrx_word' id='word_1_36' title='bbox 1216 708 1557 783; x_wconf 83' lang='grc' dir='ltr'><strong>κτησάμενος</strong></span> <span class='ocrx_word' id='word_1_37' title='bbox 1613 711 1702 766; x_wconf 77' lang='grc' dir='ltr'><strong>καὶ</strong></span> <span class='ocrx_word' id='word_1_38' title='bbox 1773 734 1937 789; x_wconf 83' lang='grc' dir='ltr'><strong>μεγα-</strong></span> 
     </span>
    </p>
   </div>
   <div class='ocr_carea' id='block_1_8' title="bbox 281 794 1934 874">
    <p class='ocr_par' dir='ltr' id='par_1_8' title="bbox 281 794 1934 874">
     <span class='ocr_line' id='line_1_8' title="bbox 281 794 1934 874; baseline 0.005 -26"><span class='ocrx_word' id='word_1_39' title='bbox 281 795 558 874; x_wconf 66' lang='grc' dir='ltr'><strong>λοψύχως</strong></span> <span class='ocrx_word' id='word_1_40' title='bbox 624 801 741 858; x_wconf 78' lang='grc' dir='ltr'><strong>τοῖς</strong></span> <span class='ocrx_word' id='word_1_41' title='bbox 812 794 1006 857; x_wconf 72' lang='grc' dir='ltr'><strong>ἄλλοις</strong></span> <span class='ocrx_word' id='word_1_42' title='bbox 1065 800 1469 873; x_wconf 78' lang='grc' dir='ltr'><strong>παρεσχηκώςί</strong></span> <span class='ocrx_word' id='word_1_43' title='bbox 1527 804 1595 855; x_wconf 89' lang='grc' dir='ltr'><strong>Ὦ</strong></span> <span class='ocrx_word' id='word_1_44' title='bbox 1641 803 1775 856; x_wconf 80' lang='grc' dir='ltr'><strong>κατὰ</strong></span> <span class='ocrx_word' id='word_1_45' title='bbox 1833 807 1934 857; x_wconf 83' lang='grc' dir='ltr'><strong>πᾶν</strong></span> 
     </span>
    </p>
   </div>
   <div class='ocr_carea' id='block_1_9' title="bbox 274 882 1938 964">
    <p class='ocr_par' dir='ltr' id='par_1_9' title="bbox 274 882 1938 964">
     <span class='ocr_line' id='line_1_9' title="bbox 274 882 1938 964; baseline 0.005 -26"><span class='ocrx_word' id='word_1_46' title='bbox 274 886 308 938; x_wconf 83' lang='grc' dir='ltr'>ὅ</span> <span class='ocrx_word' id='word_1_47' title='bbox 358 906 414 939; x_wconf 84' lang='grc' dir='ltr'><strong>τι</strong></span> <span class='ocrx_word' id='word_1_48' title='bbox 470 882 530 939; x_wconf 81' lang='grc' dir='ltr'><strong>ἂν</strong></span> <span class='ocrx_word' id='word_1_49' title='bbox 583 884 729 940; x_wconf 74' lang='grc' dir='ltr'><strong>εἷ’ποι</strong></span> <span class='ocrx_word' id='word_1_50' title='bbox 772 906 877 956; x_wconf 88' lang='grc' dir='ltr'><strong>τις,</strong></span> <span class='ocrx_word' id='word_1_51' title='bbox 907 889 1014 940; x_wconf 91' lang='grc' dir='ltr'><strong>τῶν</strong></span> <span class='ocrx_word' id='word_1_52' title='bbox 1075 885 1398 959; x_wconf 82' lang='grc' dir='ltr'><strong>βελτίστων,</strong></span> <span class='ocrx_word' id='word_1_53' title='bbox 1428 893 1688 944; x_wconf 86' lang='grc' dir='ltr'><strong>τοσοῦτον</strong></span> <span class='ocrx_word' id='word_1_54' title='bbox 1732 889 1938 964; x_wconf 82' lang='grc' dir='ltr'><strong>ἐκλάμ-</strong></span> 
     </span>
    </p>
   </div>
   <div class='ocr_carea' id='block_1_10' title="bbox 273 973 1939 1052">
    <p class='ocr_par' dir='ltr' id='par_1_10' title="bbox 273 973 1939 1052">
     <span class='ocr_line' id='line_1_10' title="bbox 273 973 1939 1052; baseline 0.004 -24"><span class='ocrx_word' id='word_1_55' title='bbox 273 978 412 1047; x_wconf 80' lang='grc' dir='ltr'><strong>ψας,</strong></span> <span class='ocrx_word' id='word_1_56' title='bbox 447 974 523 1035; x_wconf 82' lang='grc' dir='ltr'><strong>ὡς</strong></span> <span class='ocrx_word' id='word_1_57' title='bbox 584 974 689 1030; x_wconf 76' lang='grc' dir='ltr'><strong>απὸ</strong></span> <span class='ocrx_word' id='word_1_58' title='bbox 747 979 842 1030; x_wconf 89' lang='grc' dir='ltr'><strong>σοῦ</strong></span> <span class='ocrx_word' id='word_1_59' title='bbox 904 973 1118 1047; x_wconf 77' lang='grc' dir='ltr'><strong>μᾶλλον</strong></span> <span class='ocrx_word' id='word_1_60' title='bbox 1156 978 1191 1046; x_wconf 76' lang='grc' dir='ltr'><strong>ἢ</strong></span> <span class='ocrx_word' id='word_1_61' title='bbox 1223 978 1453 1051; x_wconf 78' lang='grc' dir='ltr'><strong>πρόσθεν</strong></span> <span class='ocrx_word' id='word_1_62' title='bbox 1486 980 1634 1034; x_wconf 80' lang='grc' dir='ltr'><strong>τουτὶ</strong></span> <span class='ocrx_word' id='word_1_63' title='bbox 1668 987 1939 1052; x_wconf 86' lang='grc' dir='ltr'><strong>κεκοσμῆ-</strong></span> 
     </span>
    </p>
   </div>
   <div class='ocr_carea' id='block_1_11' title="bbox 273 1063 1939 1146">
    <p class='ocr_par' dir='ltr' id='par_1_11' title="bbox 273 1063 1939 1146">
     <span class='ocr_line' id='line_1_11' title="bbox 273 1063 1939 1146; baseline 0.004 -30"><span class='ocrx_word' id='word_1_64' title='bbox 273 1064 431 1130; x_wconf 84' lang='grc' dir='ltr'><strong>σθαι,</strong></span> <span class='ocrx_word' id='word_1_65' title='bbox 472 1063 565 1118; x_wconf 86' lang='grc' dir='ltr'><strong>καὶ</strong></span> <span class='ocrx_word' id='word_1_66' title='bbox 609 1064 990 1138; x_wconf 77' lang='grc' dir='ltr'><strong>ποθεινότερον</strong></span> <span class='ocrx_word' id='word_1_67' title='bbox 1026 1070 1156 1119; x_wconf 82' lang='grc' dir='ltr'><strong>πᾶσι</strong></span> <span class='ocrx_word' id='word_1_68' title='bbox 1204 1066 1341 1139; x_wconf 82' lang='grc' dir='ltr'><strong>πρὸς</strong></span> <span class='ocrx_word' id='word_1_69' title='bbox 1392 1068 1453 1121; x_wconf 87' lang='grc' dir='ltr'><strong>τὸ</strong></span> <span class='ocrx_word' id='word_1_70' title='bbox 1502 1070 1804 1143; x_wconf 84' lang='grc' dir='ltr'><strong>κεχρῆσθαι</strong></span> <span class='ocrx_word' id='word_1_71' title='bbox 1845 1089 1939 1146; x_wconf 84' lang='grc' dir='ltr'><strong>γε·</strong></span> 
     </span>
    </p>
   </div>
   <div class='ocr_carea' id='block_1_12' title="bbox 278 1151 508 1208">
    <p class='ocr_par' dir='ltr' id='par_1_12' title="bbox 278 1151 508 1208">
     <span class='ocr_line' id='line_1_12' title="bbox 278 1151 508 1208; baseline 0.017 -4"><span class='ocrx_word' id='word_1_72' title='bbox 278 1151 469 1207; x_wconf 74' lang='grc' dir='ltr'><strong>νὲσθαι</strong></span> <span class='ocrx_word' id='word_1_73' title='bbox 495 1154 508 1208; x_wconf 77' lang='grc' dir='ltr'><strong>ί</strong></span> 
     </span>
    </p>
   </div>
   <div class='ocr_carea' id='block_1_13' title="bbox 2048 623 3695 693">
    <p class='ocr_par' dir='ltr' id='par_1_13' title="bbox 2048 623 3695 693">
     <span class='ocr_line' id='line_1_13' title="bbox 2048 623 3695 693; baseline -0.002 -11"><span class='ocrx_word' id='word_1_74' title='bbox 2048 629 2145 683; x_wconf 90' lang='lat' dir='ltr'><strong>sed</strong></span> <span class='ocrx_word' id='word_1_75' title='bbox 2177 632 2235 684; x_wconf 88' lang='lat' dir='ltr'><strong>et</strong></span> <span class='ocrx_word' id='word_1_76' title='bbox 2272 643 2474 684; x_wconf 83' lang='lat' dir='ltr'><strong>omnes</strong></span> <span class='ocrx_word' id='word_1_77' title='bbox 2503 628 2573 681; x_wconf 89' lang='lat' dir='ltr'><strong>ad</strong></span> <span class='ocrx_word' id='word_1_78' title='bbox 2614 626 2823 681; x_wconf 63' lang='lat' dir='ltr'><strong>caelum</strong></span> <span class='ocrx_word' id='word_1_79' title='bbox 2870 627 3198 693; x_wconf 86' lang='lat' dir='ltr'><strong>traducens,</strong></span> <span class='ocrx_word' id='word_1_80' title='bbox 3230 629 3287 679; x_wconf 91' lang='lat' dir='ltr'><strong>et</strong></span> <span class='ocrx_word' id='word_1_81' title='bbox 3315 623 3528 679; x_wconf 89' lang='lat' dir='ltr'><strong>divinis</strong></span> <span class='ocrx_word' id='word_1_82' title='bbox 3556 627 3695 679; x_wconf 87' lang='lat' dir='ltr'><strong>tua-</strong></span> 
     </span>
    </p>
   </div>
   <div class='ocr_carea' id='block_1_14' title="bbox 2047 709 3694 785">
    <p class='ocr_par' dir='ltr' id='par_1_14' title="bbox 2047 709 3694 785">
     <span class='ocr_line' id='line_1_14' title="bbox 2047 709 3694 785; baseline -0.003 -15"><span class='ocrx_word' id='word_1_83' title='bbox 2047 732 2178 772; x_wconf 90' lang='lat' dir='ltr'><strong>rum</strong></span> <span class='ocrx_word' id='word_1_84' title='bbox 2228 717 2556 772; x_wconf 81' lang='lat' dir='ltr'><strong>orationum</strong></span> <span class='ocrx_word' id='word_1_85' title='bbox 2610 714 2848 770; x_wconf 76' lang='lat' dir='ltr'><strong>monitis</strong></span> <span class='ocrx_word' id='word_1_86' title='bbox 2904 715 3070 769; x_wconf 88' lang='lat' dir='ltr'><strong>divos</strong></span> <span class='ocrx_word' id='word_1_87' title='bbox 3124 713 3281 785; x_wconf 76' lang='lat' dir='ltr'><strong>ipsos</strong></span> <span class='ocrx_word' id='word_1_88' title='bbox 3333 711 3617 768; x_wconf 77' lang='lat' dir='ltr'><strong>reddens!</strong></span> <span class='ocrx_word' id='word_1_89' title='bbox 3649 709 3694 765; x_wconf 97' lang='lat'><strong>0</strong></span> 
     </span>
    </p>
   </div>
   <div class='ocr_carea' id='block_1_15' title="bbox 2048 800 3695 876">
    <p class='ocr_par' dir='ltr' id='par_1_15' title="bbox 2048 800 3695 876">
     <span class='ocr_line' id='line_1_15' title="bbox 2048 800 3695 876; baseline -0.003 -16"><span class='ocrx_word' id='word_1_90' title='bbox 2048 805 2149 876; x_wconf 88' lang='lat' dir='ltr'><strong>qui</strong></span> <span class='ocrx_word' id='word_1_91' title='bbox 2174 807 2298 860; x_wconf 81' lang='lat' dir='ltr'><strong>vitii</strong></span> <span class='ocrx_word' id='word_1_92' title='bbox 2330 805 2580 875; x_wconf 86' lang='lat' dir='ltr'><strong>alicujus</strong></span> <span class='ocrx_word' id='word_1_93' title='bbox 2608 819 2781 859; x_wconf 91' lang='lat' dir='ltr'><strong>usum</strong></span> <span class='ocrx_word' id='word_1_94' title='bbox 2804 802 3183 873; x_wconf 79' lang='lat' dir='ltr'><strong>habitumque</strong></span> <span class='ocrx_word' id='word_1_95' title='bbox 3213 818 3285 857; x_wconf 89' lang='lat' dir='ltr'><strong>ne</strong></span> <span class='ocrx_word' id='word_1_96' title='bbox 3314 802 3374 856; x_wconf 90' lang='lat' dir='ltr'><strong>in</strong></span> <span class='ocrx_word' id='word_1_97' title='bbox 3406 800 3695 856; x_wconf 82' lang='lat' dir='ltr'><strong>liberrimo</strong></span> 
     </span>
    </p>
   </div>
   <div class='ocr_carea' id='block_1_16' title="bbox 2048 888 3696 965">
    <p class='ocr_par' dir='ltr' id='par_1_16' title="bbox 2048 888 3696 965">
     <span class='ocr_line' id='line_1_16' title="bbox 2048 888 3696 965; baseline -0.004 -16"><span class='ocrx_word' id='word_1_98' title='bbox 2048 894 2468 965; x_wconf 90' lang='lat' dir='ltr'><strong>cogitationum</strong></span> <span class='ocrx_word' id='word_1_99' title='bbox 2502 892 2739 948; x_wconf 89' lang='lat' dir='ltr'><strong>arbitrio</strong></span> <span class='ocrx_word' id='word_1_100' title='bbox 2782 891 3055 958; x_wconf 76' lang='lat' dir='ltr'><strong>habebas,</strong></span> <span class='ocrx_word' id='word_1_101' title='bbox 3089 890 3307 962; x_wconf 89' lang='lat' dir='ltr'><strong>optima</strong></span> <span class='ocrx_word' id='word_1_102' title='bbox 3332 905 3465 945; x_wconf 90' lang='lat' dir='ltr'><strong>vero</strong></span> <span class='ocrx_word' id='word_1_103' title='bbox 3497 888 3696 945; x_wconf 86' lang='lat' dir='ltr'><strong>omnia</strong></span> 
     </span>
    </p>
   </div>
   <div class='ocr_carea' id='block_1_17' title="bbox 2049 978 3692 1055">
    <p class='ocr_par' dir='ltr' id='par_1_17' title="bbox 2049 978 3692 1055">
     <span class='ocr_line' id='line_1_17' title="bbox 2049 978 3692 1055; baseline -0.004 -17"><span class='ocrx_word' id='word_1_104' title='bbox 2049 990 2102 1038; x_wconf 84' lang='lat' dir='ltr'><strong>et</strong></span> <span class='ocrx_word' id='word_1_105' title='bbox 2131 982 2257 1053; x_wconf 90' lang='lat' dir='ltr'><strong>ipse</strong></span> <span class='ocrx_word' id='word_1_106' title='bbox 2291 982 2654 1055; x_wconf 90' lang='lat' dir='ltr'><strong>possidebas,</strong></span> <span class='ocrx_word' id='word_1_107' title='bbox 2679 986 2737 1037; x_wconf 89' lang='lat' dir='ltr'><strong>et</strong></span> <span class='ocrx_word' id='word_1_108' title='bbox 2767 980 3072 1051; x_wconf 76' lang='lat' dir='ltr'><strong>magnifice</strong></span> <span class='ocrx_word' id='word_1_109' title='bbox 3103 978 3537 1050; x_wconf 80' lang='lat' dir='ltr'><strong>liberaliterque</strong></span> <span class='ocrx_word' id='word_1_110' title='bbox 3559 993 3692 1033; x_wconf 91' lang='lat' dir='ltr'><strong>cum</strong></span> 
     </span>
    </p>
   </div>
   <div class='ocr_carea' id='block_1_18' title="bbox 2048 1068 3697 1139">
    <p class='ocr_par' dir='ltr' id='par_1_18' title="bbox 2048 1068 3697 1139">
     <span class='ocr_line' id='line_1_18' title="bbox 2048 1068 3697 1139; baseline -0.002 -14"><span class='ocrx_word' id='word_1_111' title='bbox 2048 1070 2179 1126; x_wconf 87' lang='lat' dir='ltr'><strong>aliis</strong></span> <span class='ocrx_word' id='word_1_112' title='bbox 2211 1070 2727 1127; x_wconf 87' lang='lat' dir='ltr'><strong>communicabasl</strong></span> <span class='ocrx_word' id='word_1_113' title='bbox 2761 1070 2804 1126; x_wconf 92' lang='lat'>0</span> <span class='ocrx_word' id='word_1_114' title='bbox 2835 1070 2932 1139; x_wconf 87' lang='lat' dir='ltr'><strong>qui</strong></span> <span class='ocrx_word' id='word_1_115' title='bbox 2965 1069 3287 1124; x_wconf 90' lang='lat' dir='ltr'><strong>secundum</strong></span> <span class='ocrx_word' id='word_1_116' title='bbox 3320 1068 3377 1123; x_wconf 90' lang='lat' dir='ltr'><strong>id</strong></span> <span class='ocrx_word' id='word_1_117' title='bbox 3411 1082 3584 1123; x_wconf 91' lang='lat' dir='ltr'><strong>omne</strong></span> <span class='ocrx_word' id='word_1_118' title='bbox 3614 1082 3697 1121; x_wconf 82' lang='lat' dir='ltr'><strong>re-</strong></span> 
     </span>
    </p>
   </div>
   <div class='ocr_carea' id='block_1_19' title="bbox 2045 1155 3697 1231">
    <p class='ocr_par' dir='ltr' id='par_1_19' title="bbox 2045 1155 3697 1231">
     <span class='ocr_line' id='line_1_19' title="bbox 2045 1155 3697 1231; baseline -0.003 -16"><span class='ocrx_word' id='word_1_119' title='bbox 2045 1176 2177 1215; x_wconf 89' lang='lat' dir='ltr'><strong>rum</strong></span> <span class='ocrx_word' id='word_1_120' title='bbox 2209 1160 2582 1231; x_wconf 89' lang='lat' dir='ltr'><strong>optimarum,</strong></span> <span class='ocrx_word' id='word_1_121' title='bbox 2620 1159 2772 1231; x_wconf 91' lang='lat' dir='ltr'><strong>quod</strong></span> <span class='ocrx_word' id='word_1_122' title='bbox 2793 1157 3080 1213; x_wconf 89' lang='lat' dir='ltr'><strong>nominari</strong></span> <span class='ocrx_word' id='word_1_123' title='bbox 3113 1174 3147 1212; x_wconf 92' lang='lat' dir='ltr'><strong>a</strong></span> <span class='ocrx_word' id='word_1_124' title='bbox 3174 1171 3468 1229; x_wconf 89' lang='lat' dir='ltr'><strong>quoquam</strong></span> <span class='ocrx_word' id='word_1_125' title='bbox 3490 1155 3697 1227; x_wconf 91' lang='lat' dir='ltr'><strong>possit,</strong></span> 
     </span>
    </p>
   </div>
   <div class='ocr_carea' id='block_1_20' title="bbox 286 1245 3701 1323">
    <p class='ocr_par' dir='ltr' id='par_1_20' title="bbox 286 1245 3701 1323">
     <span class='ocr_line' id='line_1_20' title="bbox 286 1245 3701 1323; baseline 0.001 -25"><span class='ocrx_word' id='word_1_126' title='bbox 286 1259 479 1315; x_wconf 86' lang='lat' dir='ltr'><strong>usque</strong></span> <span class='ocrx_word' id='word_1_127' title='bbox 518 1246 664 1302; x_wconf 88' lang='lat' dir='ltr'><strong>adeo</strong></span> <span class='ocrx_word' id='word_1_128' title='bbox 691 1246 1172 1318; x_wconf 84' lang='lat' dir='ltr'><strong>exsplendueras,</strong></span> <span class='ocrx_word' id='word_1_129' title='bbox 1206 1251 1267 1302; x_wconf 92' lang='lat' dir='ltr'><strong>ut</strong></span> <span class='ocrx_word' id='word_1_130' title='bbox 1323 1248 1431 1303; x_wconf 92' lang='lat' dir='ltr'><strong>hoc</strong></span> <span class='ocrx_word' id='word_1_131' title='bbox 1488 1248 1680 1320; x_wconf 91' lang='lat' dir='ltr'><strong>ipsum</strong></span> <span class='ocrx_word' id='word_1_132' title='bbox 1707 1249 1844 1321; x_wconf 85' lang='lat' dir='ltr'><strong>plus</strong></span> <span class='ocrx_word' id='word_1_133' title='bbox 1878 1250 1983 1306; x_wconf 90' lang='lat' dir='ltr'><strong>abs</strong></span> <span class='ocrx_word' id='word_1_134' title='bbox 2012 1254 2090 1317; x_wconf 89' lang='lat' dir='ltr'><strong>te,</strong></span> <span class='ocrx_word' id='word_1_135' title='bbox 2149 1266 2325 1323; x_wconf 89' lang='lat' dir='ltr'><strong>quam</strong></span> <span class='ocrx_word' id='word_1_136' title='bbox 2357 1254 2528 1307; x_wconf 81' lang='lat' dir='ltr'><strong>antea</strong></span> <span class='ocrx_word' id='word_1_137' title='bbox 2571 1249 2844 1317; x_wconf 86' lang='lat' dir='ltr'><strong>habebat,</strong></span> <span class='ocrx_word' id='word_1_138' title='bbox 2905 1248 3188 1319; x_wconf 84' lang='lat' dir='ltr'><strong>acceperit</strong></span> <span class='ocrx_word' id='word_1_139' title='bbox 3234 1245 3585 1313; x_wconf 81' lang='lat' dir='ltr'><strong>ornamenti,</strong></span> <span class='ocrx_word' id='word_1_140' title='bbox 3644 1253 3701 1301; x_wconf 80' lang='lat' dir='ltr'><strong>et</strong></span> 
     </span>
    </p>
   </div>
   <div class='ocr_carea' id='block_1_21' title="bbox 279 1334 1657 1394">
    <p class='ocr_par' dir='ltr' id='par_1_21' title="bbox 279 1334 1657 1394">
     <span class='ocr_line' id='line_1_21' title="bbox 279 1334 1657 1394; baseline 0.003 -6"><span class='ocrx_word' id='word_1_141' title='bbox 279 1334 563 1390; x_wconf 88' lang='lat' dir='ltr'><strong>omnibus</strong></span> <span class='ocrx_word' id='word_1_142' title='bbox 594 1335 664 1390; x_wconf 87' lang='lat' dir='ltr'><strong>ad</strong></span> <span class='ocrx_word' id='word_1_143' title='bbox 699 1351 870 1391; x_wconf 91' lang='lat' dir='ltr'><strong>usum</strong></span> <span class='ocrx_word' id='word_1_144' title='bbox 904 1335 1346 1392; x_wconf 87' lang='lat' dir='ltr'><strong>desiderabilius</strong></span> <span class='ocrx_word' id='word_1_145' title='bbox 1374 1337 1657 1394; x_wconf 84' lang='lat' dir='ltr'><strong>evaserit!</strong></span> 
     </span>
    </p>
   </div>
   <div class='ocr_carea' id='block_1_22' title="bbox 361 1426 1937 1501">
    <p class='ocr_par' dir='ltr' id='par_1_22' title="bbox 361 1426 1937 1501">
     <span class='ocr_line' id='line_1_22' title="bbox 361 1426 1937 1501; baseline 0.003 -24"><span class='ocrx_word' id='word_1_146' title='bbox 361 1428 526 1478; x_wconf 70' lang='lat' dir='ltr'><strong>PAA&#39;.</strong></span> <span class='ocrx_word' id='word_1_147' title='bbox 574 1448 601 1474; x_wconf 83' lang='lat'>«</span> <span class='ocrx_word' id='word_1_148' title='bbox 649 1426 716 1479; x_wconf 86' lang='grc' dir='ltr'>Ὦ</span> <span class='ocrx_word' id='word_1_149' title='bbox 762 1426 987 1499; x_wconf 84' lang='grc' dir='ltr'><strong>γλῶσσα</strong></span> <span class='ocrx_word' id='word_1_150' title='bbox 1034 1426 1335 1499; x_wconf 85' lang='grc' dir='ltr'><strong>πυρίπνους</strong></span> <span class='ocrx_word' id='word_1_151' title='bbox 1389 1426 1479 1481; x_wconf 70' lang='grc' dir='ltr'><strong>καὶ</strong></span> <span class='ocrx_word' id='word_1_152' title='bbox 1539 1427 1715 1501; x_wconf 80' lang='grc' dir='ltr'><strong>στόμα</strong></span> <span class='ocrx_word' id='word_1_153' title='bbox 1774 1426 1937 1499; x_wconf 90' lang='grc' dir='ltr'><strong>μελι-</strong></span> 
     </span>
    </p>
   </div>
   <div class='ocr_carea' id='block_1_23' title="bbox 281 1513 1932 1590">
    <p class='ocr_par' dir='ltr' id='par_1_23' title="bbox 281 1513 1932 1590">
     <span class='ocr_line' id='line_1_23' title="bbox 281 1513 1932 1590; baseline 0.003 -25"><span class='ocrx_word' id='word_1_154' title='bbox 281 1513 506 1585; x_wconf 71' lang='grc' dir='ltr'><strong>σταγές,</strong></span> <span class='ocrx_word' id='word_1_155' title='bbox 542 1536 568 1567; x_wconf 72' lang='grc' dir='ltr'><strong>ι</strong></span> <span class='ocrx_word' id='word_1_156' title='bbox 603 1515 693 1568; x_wconf 78' lang='grc' dir='ltr'><strong>καὶ</strong></span> <span class='ocrx_word' id='word_1_157' title='bbox 730 1514 925 1585; x_wconf 83' lang='grc' dir='ltr'><strong>κιθάρα</strong></span> <span class='ocrx_word' id='word_1_158' title='bbox 972 1519 1070 1569; x_wconf 91' lang='grc' dir='ltr'><strong>τοῦ</strong></span> <span class='ocrx_word' id='word_1_159' title='bbox 1116 1514 1451 1588; x_wconf 72' lang='grc' dir='ltr'><strong>Ηνεόματος,</strong></span> <span class='ocrx_word' id='word_1_160' title='bbox 1482 1520 1548 1590; x_wconf 82' lang='grc' dir='ltr'><strong>τῇ</strong></span> <span class='ocrx_word' id='word_1_161' title='bbox 1613 1513 1702 1571; x_wconf 72' lang='grc' dir='ltr'><strong>διὰ</strong></span> <span class='ocrx_word' id='word_1_162' title='bbox 1748 1522 1932 1572; x_wconf 81' lang='grc' dir='ltr'><strong>πασῶν</strong></span> 
     </span>
    </p>
   </div>
   <div class='ocr_carea' id='block_1_24' title="bbox 280 1601 1937 1679">
    <p class='ocr_par' dir='ltr' id='par_1_24' title="bbox 280 1601 1937 1679">
     <span class='ocr_line' id='line_1_24' title="bbox 280 1601 1937 1679; baseline 0.004 -25"><span class='ocrx_word' id='word_1_163' title='bbox 280 1601 550 1677; x_wconf 76' lang='grc' dir='ltr'><strong>χαρίτων,</strong></span> <span class='ocrx_word' id='word_1_164' title='bbox 584 1603 660 1662; x_wconf 80' lang='grc' dir='ltr'><strong>ὡς</strong></span> <span class='ocrx_word' id='word_1_165' title='bbox 708 1604 894 1667; x_wconf 80' lang='grc' dir='ltr'><strong>εἰπεῖν,</strong></span> <span class='ocrx_word' id='word_1_166' title='bbox 948 1604 1201 1679; x_wconf 79' lang='grc' dir='ltr'><strong>ἁρμονίᾳ,</strong></span> <span class='ocrx_word' id='word_1_167' title='bbox 1253 1607 1452 1668; x_wconf 83' lang='grc' dir='ltr'><strong>πάντας</strong></span> <span class='ocrx_word' id='word_1_168' title='bbox 1503 1607 1635 1678; x_wconf 80' lang='grc' dir='ltr'><strong>μετὰ</strong></span> <span class='ocrx_word' id='word_1_169' title='bbox 1682 1607 1777 1661; x_wconf 78' lang='grc' dir='ltr'><strong>τοῦ</strong></span> <span class='ocrx_word' id='word_1_170' title='bbox 1836 1608 1937 1661; x_wconf 83' lang='grc' dir='ltr'><strong>σώ-</strong></span> 
     </span>
    </p>
   </div>
   <div class='ocr_carea' id='block_1_25' title="bbox 282 1689 1936 1775">
    <p class='ocr_par' dir='ltr' id='par_1_25' title="bbox 282 1689 1936 1775">
     <span class='ocr_line' id='line_1_25' title="bbox 282 1689 1936 1775; baseline 0.005 -31"><span class='ocrx_word' id='word_1_171' title='bbox 282 1698 395 1761; x_wconf 82' lang='grc' dir='ltr'><strong>ζειν</strong></span> <span class='ocrx_word' id='word_1_172' title='bbox 422 1689 592 1767; x_wconf 74' lang='grc' dir='ltr'><strong>ξέχειν</strong></span> <span class='ocrx_word' id='word_1_173' title='bbox 639 1691 907 1764; x_wconf 87' lang='grc' dir='ltr'><strong>κηλοῦσα,</strong></span> <span class='ocrx_word' id='word_1_174' title='bbox 938 1695 1027 1750; x_wconf 76' lang='grc' dir='ltr'><strong>καὶ</strong></span> <span class='ocrx_word' id='word_1_175' title='bbox 1077 1697 1172 1757; x_wconf 71' lang='grc' dir='ltr'><strong>τὰς</strong></span> <span class='ocrx_word' id='word_1_176' title='bbox 1213 1698 1397 1775; x_wconf 78' lang='grc' dir='ltr'><strong>ψυχὰς</strong></span> <span class='ocrx_word' id='word_1_177' title='bbox 1446 1696 1657 1759; x_wconf 77' lang='grc' dir='ltr'><strong>ἐνθέους</strong></span> <span class='ocrx_word' id='word_1_178' title='bbox 1689 1697 1936 1771; x_wconf 69' lang='grc' dir='ltr'><strong>ξέργαζο-</strong></span> 
     </span>
    </p>
   </div>
   <div class='ocr_carea' id='block_1_26' title="bbox 286 1777 1935 1861">
    <p class='ocr_par' dir='ltr' id='par_1_26' title="bbox 286 1777 1935 1861">
     <span class='ocr_line' id='line_1_26' title="bbox 286 1777 1935 1861; baseline 0.013 -27"><span class='ocrx_word' id='word_1_179' title='bbox 286 1777 429 1853; x_wconf 81' lang='grc' dir='ltr'><strong>μένη</strong></span> <span class='ocrx_word' id='word_1_180' title='bbox 487 1782 579 1836; x_wconf 78' lang='grc' dir='ltr'><strong>καὶ</strong></span> <span class='ocrx_word' id='word_1_181' title='bbox 642 1784 1016 1859; x_wconf 76' lang='grc' dir='ltr'><strong>βακχευούσας</strong></span> <span class='ocrx_word' id='word_1_182' title='bbox 1071 1786 1136 1839; x_wconf 72' lang='grc' dir='ltr'><strong>τά</strong></span> <span class='ocrx_word' id='word_1_183' title='bbox 1193 1785 1537 1861; x_wconf 72' lang='grc' dir='ltr'><strong>ἅρῥηταῙὪ</strong></span> <span class='ocrx_word' id='word_1_184' title='bbox 1583 1788 1672 1842; x_wconf 69' lang='grc' dir='ltr'><strong>καὶ</strong></span> <span class='ocrx_word' id='word_1_185' title='bbox 1730 1786 1935 1842; x_wconf 59' lang='grc' dir='ltr'><strong>τούτων</strong></span> 
     </span>
    </p>
   </div>
   <div class='ocr_carea' id='block_1_27' title="bbox 2116 1425 3696 1502">
    <p class='ocr_par' dir='ltr' id='par_1_27' title="bbox 2116 1425 3696 1502">
     <span class='ocr_line' id='line_1_27' title="bbox 2116 1425 3696 1502; baseline -0.004 -18"><span class='ocrx_word' id='word_1_186' title='bbox 2116 1428 2351 1485; x_wconf 81' lang='lat' dir='ltr'><strong>CXXXI.</strong></span> <span class='ocrx_word' id='word_1_187' title='bbox 2382 1450 2407 1482; x_wconf 73' lang='grc' dir='ltr'><strong>α</strong></span> <span class='ocrx_word' id='word_1_188' title='bbox 2440 1432 2479 1481; x_wconf 91' lang='grc' dir='ltr'><strong>Ο</strong></span> <span class='ocrx_word' id='word_1_189' title='bbox 2502 1429 3051 1502; x_wconf 85' lang='lat' dir='ltr'><strong>linguaﬂsmmans,</strong></span> <span class='ocrx_word' id='word_1_190' title='bbox 3076 1426 3360 1497; x_wconf 82' lang='lat' dir='ltr'><strong>mellaque</strong></span> <span class='ocrx_word' id='word_1_191' title='bbox 3381 1441 3448 1482; x_wconf 90' lang='lat' dir='ltr'><strong>os</strong></span> <span class='ocrx_word' id='word_1_192' title='bbox 3468 1425 3696 1497; x_wconf 82' lang='lat' dir='ltr'><strong>Hymet-</strong></span> 
     </span>
    </p>
   </div>
   <div class='ocr_carea' id='block_1_28' title="bbox 2045 1516 3696 1591">
    <p class='ocr_par' dir='ltr' id='par_1_28' title="bbox 2045 1516 3696 1591">
     <span class='ocr_line' id='line_1_28' title="bbox 2045 1516 3696 1591; baseline -0.001 -18"><span class='ocrx_word' id='word_1_193' title='bbox 2045 1519 2145 1586; x_wconf 88' lang='lat' dir='ltr'><strong>tia,</strong></span> <span class='ocrx_word' id='word_1_194' title='bbox 2177 1542 2207 1570; x_wconf 84' lang='lat'>»</span> <span class='ocrx_word' id='word_1_195' title='bbox 2240 1525 2298 1576; x_wconf 89' lang='lat' dir='ltr'><strong>et</strong></span> <span class='ocrx_word' id='word_1_196' title='bbox 2327 1520 2550 1575; x_wconf 85' lang='lat' dir='ltr'><strong>cithara</strong></span> <span class='ocrx_word' id='word_1_197' title='bbox 2569 1520 2823 1591; x_wconf 81' lang='lat' dir='ltr'><strong>Spiritus</strong></span> <span class='ocrx_word' id='word_1_198' title='bbox 2845 1517 3051 1585; x_wconf 85' lang='lat' dir='ltr'><strong>sancti,</strong></span> <span class='ocrx_word' id='word_1_199' title='bbox 3074 1516 3341 1587; x_wconf 66' lang='lat' dir='ltr'><strong>aequabili</strong></span> <span class='ocrx_word' id='word_1_200' title='bbox 3373 1531 3476 1587; x_wconf 89' lang='lat' dir='ltr'><strong>per</strong></span> <span class='ocrx_word' id='word_1_201' title='bbox 3495 1530 3696 1571; x_wconf 89' lang='lat' dir='ltr'><strong>omnes</strong></span> 
     </span>
    </p>
   </div>
   <div class='ocr_carea' id='block_1_29' title="bbox 2044 1612 3694 1684">
    <p class='ocr_par' dir='ltr' id='par_1_29' title="bbox 2044 1612 3694 1684">
     <span class='ocr_line' id='line_1_29' title="bbox 2044 1612 3694 1684; baseline -0.003 -16"><span class='ocrx_word' id='word_1_202' title='bbox 2044 1614 2287 1684; x_wconf 84' lang='lat' dir='ltr'><strong>gratias,</strong></span> <span class='ocrx_word' id='word_1_203' title='bbox 2307 1618 2370 1669; x_wconf 89' lang='lat' dir='ltr'><strong>ut</strong></span> <span class='ocrx_word' id='word_1_204' title='bbox 2392 1614 2473 1669; x_wconf 85' lang='lat' dir='ltr'><strong>sic</strong></span> <span class='ocrx_word' id='word_1_205' title='bbox 2496 1612 2827 1684; x_wconf 87' lang='lat' dir='ltr'><strong>loquamur,</strong></span> <span class='ocrx_word' id='word_1_206' title='bbox 2850 1613 3156 1680; x_wconf 86' lang='lat' dir='ltr'><strong>concentu,</strong></span> <span class='ocrx_word' id='word_1_207' title='bbox 3177 1624 3400 1678; x_wconf 89' lang='lat' dir='ltr'><strong>omnes,</strong></span> <span class='ocrx_word' id='word_1_208' title='bbox 3422 1624 3540 1664; x_wconf 86' lang='lat' dir='ltr'><strong>una</strong></span> <span class='ocrx_word' id='word_1_209' title='bbox 3561 1623 3694 1663; x_wconf 89' lang='lat' dir='ltr'><strong>cum</strong></span> 
     </span>
    </p>
   </div>
   <div class='ocr_carea' id='block_1_30' title="bbox 2048 1696 3695 1770">
    <p class='ocr_par' dir='ltr' id='par_1_30' title="bbox 2048 1696 3695 1770">
     <span class='ocr_line' id='line_1_30' title="bbox 2048 1696 3695 1770; baseline -0.002 -15"><span class='ocrx_word' id='word_1_210' title='bbox 2048 1701 2327 1759; x_wconf 81' lang='lat' dir='ltr'><strong>facultate</strong></span> <span class='ocrx_word' id='word_1_211' title='bbox 2356 1702 2646 1768; x_wconf 83' lang='lat' dir='ltr'><strong>servandi,</strong></span> <span class='ocrx_word' id='word_1_212' title='bbox 2697 1700 3059 1764; x_wconf 89' lang='lat' dir='ltr'><strong>demulcens,</strong></span> <span class='ocrx_word' id='word_1_213' title='bbox 3108 1698 3451 1770; x_wconf 88' lang='lat' dir='ltr'><strong>animasque</strong></span> <span class='ocrx_word' id='word_1_214' title='bbox 3498 1696 3695 1752; x_wconf 87' lang='lat' dir='ltr'><strong>divino</strong></span> 
     </span>
    </p>
   </div>
   <div class='ocr_carea' id='block_1_31' title="bbox 2047 1786 3698 1858">
    <p class='ocr_par' dir='ltr' id='par_1_31' title="bbox 2047 1786 3698 1858">
     <span class='ocr_line' id='line_1_31' title="bbox 2047 1786 3698 1858; baseline -0.004 -12"><span class='ocrx_word' id='word_1_215' title='bbox 2047 1790 2297 1848; x_wconf 79' lang='lat' dir='ltr'><strong>Numine</strong></span> <span class='ocrx_word' id='word_1_216' title='bbox 2336 1791 2668 1850; x_wconf 87' lang='lat' dir='ltr'><strong>instinctas.</strong></span> <span class='ocrx_word' id='word_1_217' title='bbox 2700 1795 2757 1845; x_wconf 89' lang='lat' dir='ltr'><strong>et</strong></span> <span class='ocrx_word' id='word_1_218' title='bbox 2799 1788 3206 1846; x_wconf 80' lang='lat' dir='ltr'><strong>inenarrabilis</strong></span> <span class='ocrx_word' id='word_1_219' title='bbox 3256 1786 3521 1858; x_wconf 64' lang='lat' dir='ltr'><strong>quaedam</strong></span> <span class='ocrx_word' id='word_1_220' title='bbox 3562 1786 3698 1840; x_wconf 87' lang='lat' dir='ltr'><strong>bac-</strong></span> 
     </span>
    </p>
   </div>
   <div class='ocr_carea' id='block_1_32' title="bbox 281 1857 1929 1951">
    <p class='ocr_par' dir='ltr' id='par_1_32' title="bbox 281 1867 1929 1949">
     <span class='ocr_line' id='line_1_32' title="bbox 281 1867 1929 1949; baseline 0.004 -24"><span class='ocrx_word' id='word_1_221' title='bbox 281 1867 514 1927; x_wconf 81' lang='grc' dir='ltr'><strong>ἕκαστον</strong></span> <span class='ocrx_word' id='word_1_222' title='bbox 549 1873 623 1926; x_wconf 79' lang='grc' dir='ltr'><strong>ὢν</strong></span> <span class='ocrx_word' id='word_1_223' title='bbox 656 1874 771 1947; x_wconf 82' lang='grc' dir='ltr'><strong>μεθ’</strong></span> <span class='ocrx_word' id='word_1_224' title='bbox 805 1869 1147 1947; x_wconf 70' lang='grc' dir='ltr'><strong>ὑπερϐολῆς,</strong></span> <span class='ocrx_word' id='word_1_225' title='bbox 1176 1877 1266 1929; x_wconf 81' lang='grc' dir='ltr'><strong>καὶ</strong></span> <span class='ocrx_word' id='word_1_226' title='bbox 1314 1877 1485 1931; x_wconf 84' lang='grc' dir='ltr'><strong>πάντα</strong></span> <span class='ocrx_word' id='word_1_227' title='bbox 1519 1878 1695 1949; x_wconf 77' lang='grc' dir='ltr'><strong>ὁμοῦί</strong></span> <span class='ocrx_word' id='word_1_228' title='bbox 1727 1879 1800 1942; x_wconf 70' lang='grc' dir='ltr'><em>Ὠ</em></span> <span class='ocrx_word' id='word_1_229' title='bbox 1848 1878 1929 1932; x_wconf 70' lang='grc' dir='ltr'><strong>καὶ</strong></span> 
     </span>
    </p>
   </div>
   <div class='ocr_carea' id='block_1_33' title="bbox 2046 1857 3697 1951">
    <p class='ocr_par' dir='ltr' id='par_1_33' title="bbox 2052 1857 3697 1951">
     <span class='ocr_line' id='line_1_33' title="bbox 2052 1857 3697 1951; baseline -0.004 -15"><span class='ocrx_word' id='word_1_230' title='bbox 2052 1881 2316 1948; x_wconf 85' lang='lat' dir='ltr'><strong>chantes,</strong></span> <span class='ocrx_word' id='word_1_231' title='bbox 2346 1881 2605 1936; x_wconf 82' lang='lat' dir='ltr'><strong>efficiens</strong></span> <span class='ocrx_word' id='word_1_232' title='bbox 2633 1880 2715 1935; x_wconf 90' lang='lat' dir='ltr'>l0</span> <span class='ocrx_word' id='word_1_233' title='bbox 2746 1879 2845 1951; x_wconf 89' lang='lat' dir='ltr'><strong>qui</strong></span> <span class='ocrx_word' id='word_1_234' title='bbox 2875 1883 2932 1934; x_wconf 92' lang='lat' dir='ltr'><strong>et</strong></span> <span class='ocrx_word' id='word_1_235' title='bbox 2961 1877 3197 1950; x_wconf 89' lang='lat' dir='ltr'><strong>singula</strong></span> <span class='ocrx_word' id='word_1_236' title='bbox 3224 1857 3430 1942; x_wconf 66' lang='lat' dir='ltr'><strong>hancce,</strong></span> <span class='ocrx_word' id='word_1_237' title='bbox 3453 1884 3505 1931; x_wconf 92' lang='lat' dir='ltr'><strong>et</strong></span> <span class='ocrx_word' id='word_1_238' title='bbox 3528 1874 3697 1946; x_wconf 88' lang='lat' dir='ltr'><strong>plane</strong></span> 
     </span>
    </p>
   </div>
   <div class='ocr_carea' id='block_1_34' title="bbox 280 1960 1941 2038">
    <p class='ocr_par' dir='ltr' id='par_1_34' title="bbox 280 1960 1941 2038">
     <span class='ocr_line' id='line_1_34' title="bbox 280 1960 1941 2038; baseline 0.004 -24"><span class='ocrx_word' id='word_1_239' title='bbox 280 1960 550 2034; x_wconf 75' lang='grc' dir='ltr'><strong>κρείττων</strong></span> <span class='ocrx_word' id='word_1_240' title='bbox 649 1962 904 2017; x_wconf 80' lang='grc' dir='ltr'><strong>ἁπάντων</strong></span> <span class='ocrx_word' id='word_1_241' title='bbox 986 1962 1077 2017; x_wconf 83' lang='grc' dir='ltr'><strong>καὶ</strong></span> <span class='ocrx_word' id='word_1_242' title='bbox 1154 1963 1373 2038; x_wconf 83' lang='grc' dir='ltr'><strong>προσὲτι</strong></span> <span class='ocrx_word' id='word_1_243' title='bbox 1453 1969 1688 2020; x_wconf 78' lang='grc' dir='ltr'><strong>σαυτοῦ·</strong></span> <span class='ocrx_word' id='word_1_244' title='bbox 1763 1969 1941 2022; x_wconf 70' lang='grc' dir='ltr'><strong>ἓκεῖνο</strong></span> 
     </span>
    </p>
   </div>
   <div class='ocr_carea' id='block_1_35' title="bbox 281 2049 1942 2129">
    <p class='ocr_par' dir='ltr' id='par_1_35' title="bbox 281 2049 1942 2129">
     <span class='ocr_line' id='line_1_35' title="bbox 281 2049 1942 2129; baseline 0.004 -26"><span class='ocrx_word' id='word_1_245' title='bbox 281 2050 410 2122; x_wconf 77' lang='grc' dir='ltr'><strong>μὲν,</strong></span> <span class='ocrx_word' id='word_1_246' title='bbox 444 2053 531 2111; x_wconf 86' lang='grc' dir='ltr'><strong>οἱς</strong></span> <span class='ocrx_word' id='word_1_247' title='bbox 564 2053 644 2125; x_wconf 90' lang='grc'><strong>(1)</strong></span> <span class='ocrx_word' id='word_1_248' title='bbox 675 2051 961 2129; x_wconf 80' lang='grc' dir='ltr'><strong>ὑπερέχεις</strong></span> <span class='ocrx_word' id='word_1_249' title='bbox 986 2071 1000 2084; x_wconf 79' lang='lat'>&#39;</span> <span class='ocrx_word' id='word_1_250' title='bbox 1031 2056 1194 2107; x_wconf 89' lang='grc' dir='ltr'><strong>τοῦτο</strong></span> <span class='ocrx_word' id='word_1_251' title='bbox 1227 2049 1305 2123; x_wconf 74' lang='grc' dir='ltr'><strong>δὲ,</strong></span> <span class='ocrx_word' id='word_1_252' title='bbox 1338 2055 1424 2115; x_wconf 83' lang='grc' dir='ltr'><strong>οἷς</strong></span> <span class='ocrx_word' id='word_1_253' title='bbox 1471 2053 1522 2107; x_wconf 84' lang='grc' dir='ltr'><strong>ἐν</strong></span> <span class='ocrx_word' id='word_1_254' title='bbox 1574 2055 1783 2128; x_wconf 73' lang='grc' dir='ltr'><strong>ἑκάστῳ</strong></span> <span class='ocrx_word' id='word_1_255' title='bbox 1834 2060 1942 2111; x_wconf 88' lang='grc' dir='ltr'><strong>τῶν</strong></span> 
     </span>
    </p>
   </div>
   <div class='ocr_carea' id='block_1_36' title="bbox 280 2138 1938 2217">
    <p class='ocr_par' dir='ltr' id='par_1_36' title="bbox 280 2138 1938 2217">
     <span class='ocr_line' id='line_1_36' title="bbox 280 2138 1938 2217; baseline 0.003 -23"><span class='ocrx_word' id='word_1_256' title='bbox 280 2143 394 2194; x_wconf 88' lang='grc' dir='ltr'><strong>σῶν</strong></span> <span class='ocrx_word' id='word_1_257' title='bbox 453 2141 649 2195; x_wconf 83' lang='grc' dir='ltr'><strong>σαυτὸν</strong></span> <span class='ocrx_word' id='word_1_258' title='bbox 710 2138 887 2204; x_wconf 79' lang='grc' dir='ltr'><strong>δοκεῖς</strong></span> <span class='ocrx_word' id='word_1_259' title='bbox 945 2142 1269 2217; x_wconf 70' lang='grc' dir='ltr'><strong>ὑπερέχεινί</strong></span> <span class='ocrx_word' id='word_1_260' title='bbox 1304 2147 1369 2196; x_wconf 75' lang='grc' dir='ltr'><em>Ὠ</em></span> <span class='ocrx_word' id='word_1_261' title='bbox 1414 2145 1628 2198; x_wconf 77' lang='grc' dir='ltr'><strong>πάντων</strong></span> <span class='ocrx_word' id='word_1_262' title='bbox 1683 2149 1792 2199; x_wconf 87' lang='grc' dir='ltr'><strong>τῶν</strong></span> <span class='ocrx_word' id='word_1_263' title='bbox 1842 2148 1938 2199; x_wconf 89' lang='grc' dir='ltr'><strong>τοῦ</strong></span> 
     </span>
    </p>
   </div>
   <div class='ocr_carea' id='block_1_37' title="bbox 280 2230 1937 2305">
    <p class='ocr_par' dir='ltr' id='par_1_37' title="bbox 280 2230 1937 2305">
     <span class='ocr_line' id='line_1_37' title="bbox 280 2230 1937 2305; baseline 0.002 -22"><span class='ocrx_word' id='word_1_264' title='bbox 280 2230 608 2301; x_wconf 70' lang='grc' dir='ltr'><strong>Πνεῦματος</strong></span> <span class='ocrx_word' id='word_1_265' title='bbox 658 2230 1015 2305; x_wconf 68' lang='grc' dir='ltr'><strong>χαρισμάτων</strong></span> <span class='ocrx_word' id='word_1_266' title='bbox 1065 2232 1231 2305; x_wconf 62' lang='grc' dir='ltr'><strong>μόνης</strong></span> <span class='ocrx_word' id='word_1_267' title='bbox 1277 2232 1609 2305; x_wconf 73' lang='grc' dir='ltr'><strong>ἠξιωμένος,</strong></span> <span class='ocrx_word' id='word_1_268' title='bbox 1643 2231 1702 2288; x_wconf 75' lang='grc' dir='ltr'><strong>ἄν</strong></span> <span class='ocrx_word' id='word_1_269' title='bbox 1752 2256 1809 2289; x_wconf 83' lang='grc' dir='ltr'><strong>τε</strong></span> <span class='ocrx_word' id='word_1_270' title='bbox 1847 2232 1937 2288; x_wconf 81' lang='grc' dir='ltr'><strong>καὶ</strong></span> 
     </span>
    </p>
   </div>
   <div class='ocr_carea' id='block_1_38' title="bbox 282 2317 1935 2393">
    <p class='ocr_par' dir='ltr' id='par_1_38' title="bbox 282 2317 1935 2393">
     <span class='ocr_line' id='line_1_38' title="bbox 282 2317 1935 2393; baseline 0.003 -22"><span class='ocrx_word' id='word_1_271' title='bbox 282 2317 452 2390; x_wconf 82' lang='grc' dir='ltr'><strong>μόνος</strong></span> <span class='ocrx_word' id='word_1_272' title='bbox 510 2320 577 2373; x_wconf 68' lang='grc' dir='ltr'><strong>τὰ</strong></span> <span class='ocrx_word' id='word_1_273' title='bbox 626 2318 790 2375; x_wconf 79' lang='grc' dir='ltr'><strong>τοῦδε</strong></span> <span class='ocrx_word' id='word_1_274' title='bbox 871 2319 1109 2393; x_wconf 86' lang='grc' dir='ltr'><strong>μάλιστα</strong></span> <span class='ocrx_word' id='word_1_275' title='bbox 1192 2322 1407 2376; x_wconf 84' lang='grc' dir='ltr'><strong>πάντων</strong></span> <span class='ocrx_word' id='word_1_276' title='bbox 1494 2319 1785 2392; x_wconf 80' lang='grc' dir='ltr'><strong>ἒξητακὼς,</strong></span> <span class='ocrx_word' id='word_1_277' title='bbox 1847 2325 1935 2376; x_wconf 86' lang='grc' dir='ltr'>καί</span> 
     </span>
    </p>
   </div>
   <div class='ocr_carea' id='block_1_39' title="bbox 280 2409 1933 2485">
    <p class='ocr_par' dir='ltr' id='par_1_39' title="bbox 280 2409 1933 2485">
     <span class='ocr_line' id='line_1_39' title="bbox 280 2409 1933 2485; baseline 0.004 -24"><span class='ocrx_word' id='word_1_278' title='bbox 280 2412 422 2480; x_wconf 55' lang='grc' dir='ltr'><strong>μυῖα</strong></span> <span class='ocrx_word' id='word_1_279' title='bbox 471 2412 671 2465; x_wconf 71' lang='grc' dir='ltr'><strong>τούτου</strong></span> <span class='ocrx_word' id='word_1_280' title='bbox 710 2409 985 2485; x_wconf 66' lang='grc' dir='ltr'><strong>ταμέγιστ⁹</strong></span> <span class='ocrx_word' id='word_1_281' title='bbox 1034 2409 1181 2483; x_wconf 73' lang='grc' dir='ltr'><strong>αὐτῷ</strong></span> <span class='ocrx_word' id='word_1_282' title='bbox 1239 2412 1631 2485; x_wconf 78' lang='grc' dir='ltr'><strong>συναράμενος.</strong></span> <span class='ocrx_word' id='word_1_283' title='bbox 1669 2412 1757 2466; x_wconf 80' lang='grc' dir='ltr'><strong>καὶ</strong></span> <span class='ocrx_word' id='word_1_284' title='bbox 1839 2432 1933 2467; x_wconf 90' lang='grc' dir='ltr'><strong>κο-</strong></span> 
     </span>
    </p>
   </div>
   <div class='ocr_carea' id='block_1_40' title="bbox 274 2499 1933 2577">
    <p class='ocr_par' dir='ltr' id='par_1_40' title="bbox 274 2499 1933 2577">
     <span class='ocr_line' id='line_1_40' title="bbox 274 2499 1933 2577; baseline 0.003 -25"><span class='ocrx_word' id='word_1_285' title='bbox 274 2501 500 2570; x_wconf 75' lang='grc' dir='ltr'><strong>σμήσας</strong></span> <span class='ocrx_word' id='word_1_286' title='bbox 528 2500 539 2554; x_wconf 76' lang='grc' dir='ltr'><strong>ί</strong></span> <span class='ocrx_word' id='word_1_287' title='bbox 573 2505 638 2554; x_wconf 84' lang='grc' dir='ltr'>Ὢ</span> <span class='ocrx_word' id='word_1_288' title='bbox 666 2500 721 2555; x_wconf 84' lang='grc' dir='ltr'><strong>τί</strong></span> <span class='ocrx_word' id='word_1_289' title='bbox 750 2499 811 2555; x_wconf 77' lang='grc' dir='ltr'><strong>ἄν</strong></span> <span class='ocrx_word' id='word_1_290' title='bbox 845 2500 901 2555; x_wconf 86' lang='grc' dir='ltr'><strong>σέ</strong></span> <span class='ocrx_word' id='word_1_291' title='bbox 930 2523 1015 2563; x_wconf 90' lang='grc' dir='ltr'><strong>τις</strong></span> <span class='ocrx_word' id='word_1_292' title='bbox 1058 2502 1368 2576; x_wconf 88' lang='grc' dir='ltr'><strong>προσειπὼν</strong></span> <span class='ocrx_word' id='word_1_293' title='bbox 1417 2505 1513 2556; x_wconf 90' lang='grc' dir='ltr'><strong>τοῦ</strong></span> <span class='ocrx_word' id='word_1_294' title='bbox 1561 2504 1933 2577; x_wconf 78' lang='grc' dir='ltr'><strong>προσήκοντος</strong></span> 
     </span>
    </p>
   </div>
   <div class='ocr_carea' id='block_1_41' title="bbox 269 2589 1932 2667">
    <p class='ocr_par' dir='ltr' id='par_1_41' title="bbox 269 2589 1932 2667">
     <span class='ocr_line' id='line_1_41' title="bbox 269 2589 1932 2667; baseline 0.001 -24"><span class='ocrx_word' id='word_1_295' title='bbox 269 2590 446 2663; x_wconf 76' lang='grc' dir='ltr'><strong>τύχοι</strong></span> <span class='ocrx_word' id='word_1_296' title='bbox 499 2589 587 2643; x_wconf 71' lang='grc' dir='ltr'><strong>καὶ</strong></span> <span class='ocrx_word' id='word_1_297' title='bbox 639 2591 712 2643; x_wconf 85' lang='grc' dir='ltr'><strong>ὧν</strong></span> <span class='ocrx_word' id='word_1_298' title='bbox 756 2591 1057 2665; x_wconf 81' lang='grc' dir='ltr'><strong>ἀξιόχρεως</strong></span> <span class='ocrx_word' id='word_1_299' title='bbox 1106 2592 1191 2647; x_wconf 60' lang='lat' dir='ltr'><strong>ei!</strong></span> <span class='ocrx_word' id='word_1_300' title='bbox 1230 2589 1291 2646; x_wconf 80' lang='grc' dir='ltr'><strong>Εἰ</strong></span> <span class='ocrx_word' id='word_1_301' title='bbox 1320 2591 1422 2667; x_wconf 88' lang='grc' dir='ltr'><strong>γάρ</strong></span> <span class='ocrx_word' id='word_1_302' title='bbox 1460 2611 1579 2645; x_wconf 89' lang='grc' dir='ltr'><strong>τινα</strong></span> <span class='ocrx_word' id='word_1_303' title='bbox 1625 2596 1736 2645; x_wconf 89' lang='grc' dir='ltr'><strong>τῶν</strong></span> <span class='ocrx_word' id='word_1_304' title='bbox 1792 2592 1932 2646; x_wconf 86' lang='grc' dir='ltr'><strong>πάν-</strong></span> 
     </span>
    </p>
   </div>
   <div class='ocr_carea' id='block_1_42' title="bbox 269 2679 1932 2759">
    <p class='ocr_par' dir='ltr' id='par_1_42' title="bbox 269 2679 1932 2759">
     <span class='ocr_line' id='line_1_42' title="bbox 269 2679 1932 2759; baseline 0.002 -27"><span class='ocrx_word' id='word_1_305' title='bbox 269 2700 385 2733; x_wconf 85' lang='grc' dir='ltr'><strong>των</strong></span> <span class='ocrx_word' id='word_1_306' title='bbox 446 2704 474 2729; x_wconf 82' lang='grc' dir='ltr'><strong>ι(</strong></span> <span class='ocrx_word' id='word_1_307' title='bbox 524 2679 737 2752; x_wconf 78' lang='grc' dir='ltr'><strong>κόσμου</strong></span> <span class='ocrx_word' id='word_1_308' title='bbox 784 2682 974 2759; x_wconf 78' lang='grc' dir='ltr'><strong>ψυχὴν</strong></span> <span class='ocrx_word' id='word_1_309' title='bbox 1028 2705 1055 2731; x_wconf 78' lang='grc'><strong>››</strong></span> <span class='ocrx_word' id='word_1_310' title='bbox 1107 2688 1215 2756; x_wconf 59' lang='grc' dir='ltr'><strong>χρὴ</strong></span> <span class='ocrx_word' id='word_1_311' title='bbox 1267 2685 1603 2751; x_wconf 83' lang='grc' dir='ltr'><strong>προσειπεῖν,</strong></span> <span class='ocrx_word' id='word_1_312' title='bbox 1637 2680 1725 2735; x_wconf 81' lang='grc' dir='ltr'><strong>καὶ</strong></span> <span class='ocrx_word' id='word_1_313' title='bbox 1772 2706 1799 2732; x_wconf 89' lang='grc'><strong><em>‹‹</em></strong></span> <span class='ocrx_word' id='word_1_314' title='bbox 1839 2701 1932 2736; x_wconf 85' lang='grc' dir='ltr'><strong>κε-</strong></span> 
     </span>
    </p>
   </div>
   <div class='ocr_carea' id='block_1_43' title="bbox 271 2768 1928 2848">
    <p class='ocr_par' dir='ltr' id='par_1_43' title="bbox 271 2768 1928 2848">
     <span class='ocr_line' id='line_1_43' title="bbox 271 2768 1928 2848; baseline 0.002 -25"><span class='ocrx_word' id='word_1_315' title='bbox 271 2769 516 2848; x_wconf 66' lang='grc' dir='ltr'><strong>φάλαιον</strong></span> <span class='ocrx_word' id='word_1_316' title='bbox 575 2769 770 2845; x_wconf 78' lang='grc' dir='ltr'><strong>ἀρετῆς</strong></span> <span class='ocrx_word' id='word_1_317' title='bbox 842 2774 931 2826; x_wconf 81' lang='grc' dir='ltr'><strong>καὶ</strong></span> <span class='ocrx_word' id='word_1_318' title='bbox 997 2772 1154 2827; x_wconf 90' lang='grc' dir='ltr'><strong>θείων</strong></span> <span class='ocrx_word' id='word_1_319' title='bbox 1216 2772 1603 2847; x_wconf 82' lang='grc' dir='ltr'><strong>ἐπιταγμάτων</strong></span> <span class='ocrx_word' id='word_1_320' title='bbox 1676 2768 1928 2847; x_wconf 78' lang='grc' dir='ltr'><strong>ἔμψυχον</strong></span> 
     </span>
    </p>
   </div>
   <div class='ocr_carea' id='block_1_44' title="bbox 270 2857 1930 2937">
    <p class='ocr_par' dir='ltr' id='par_1_44' title="bbox 270 2857 1930 2937">
     <span class='ocr_line' id='line_1_44' title="bbox 270 2857 1930 2937; baseline 0.004 -25"><span class='ocrx_word' id='word_1_321' title='bbox 270 2857 470 2913; x_wconf 72' lang='grc' dir='ltr'><strong>δέλτον</strong></span> <span class='ocrx_word' id='word_1_322' title='bbox 525 2885 552 2910; x_wconf 75' lang='grc' dir='ltr'><strong>η</strong></span> <span class='ocrx_word' id='word_1_323' title='bbox 611 2860 703 2914; x_wconf 82' lang='grc' dir='ltr'><strong>καὶ</strong></span> <span class='ocrx_word' id='word_1_324' title='bbox 765 2886 793 2912; x_wconf 78' lang='grc' dir='ltr'><strong>(ι</strong></span> <span class='ocrx_word' id='word_1_325' title='bbox 849 2859 1023 2915; x_wconf 73' lang='grc' dir='ltr'><strong>καλοῦ</strong></span> <span class='ocrx_word' id='word_1_326' title='bbox 1096 2862 1294 2923; x_wconf 85' lang='grc' dir='ltr'><strong>παντὸς</strong></span> <span class='ocrx_word' id='word_1_327' title='bbox 1356 2861 1696 2937; x_wconf 81' lang='grc' dir='ltr'><strong>συστοιχίαν,</strong></span> <span class='ocrx_word' id='word_1_328' title='bbox 1752 2885 1780 2911; x_wconf 86' lang='grc'><strong>››</strong></span> <span class='ocrx_word' id='word_1_329' title='bbox 1839 2861 1930 2917; x_wconf 87' lang='grc' dir='ltr'><strong>καὶ</strong></span> 
     </span>
    </p>
   </div>
   <div class='ocr_carea' id='block_1_45' title="bbox 272 2949 1932 3025">
    <p class='ocr_par' dir='ltr' id='par_1_45' title="bbox 272 2949 1932 3025">
     <span class='ocr_line' id='line_1_45' title="bbox 272 2949 1932 3025; baseline 0.002 -23"><span class='ocrx_word' id='word_1_330' title='bbox 272 2973 305 3000; x_wconf 88' lang='grc'><strong>‹‹</strong></span> <span class='ocrx_word' id='word_1_331' title='bbox 339 2949 555 3025; x_wconf 65' lang='grc' dir='ltr'><strong>φύσεως</strong></span> <span class='ocrx_word' id='word_1_332' title='bbox 596 2958 696 3019; x_wconf 77' lang='grc' dir='ltr'><strong>τῆς</strong></span> <span class='ocrx_word' id='word_1_333' title='bbox 725 2950 1060 3025; x_wconf 82' lang='grc' dir='ltr'><strong>ἀνθρωπείας</strong></span> <span class='ocrx_word' id='word_1_334' title='bbox 1092 2951 1273 3005; x_wconf 80' lang='grc' dir='ltr'><strong>εἰκόνα</strong></span> <span class='ocrx_word' id='word_1_335' title='bbox 1302 2951 1391 3005; x_wconf 84' lang='grc' dir='ltr'><strong>καὶ</strong></span> <span class='ocrx_word' id='word_1_336' title='bbox 1423 2951 1573 3021; x_wconf 80' lang='grc' dir='ltr'><strong>ὅρον,</strong></span> <span class='ocrx_word' id='word_1_337' title='bbox 1601 2974 1627 3001; x_wconf 76' lang='grc' dir='ltr'><strong>η</strong></span> <span class='ocrx_word' id='word_1_338' title='bbox 1661 2950 1751 3005; x_wconf 85' lang='grc' dir='ltr'><strong>καὶ</strong></span> <span class='ocrx_word' id='word_1_339' title='bbox 1783 2950 1932 3016; x_wconf 77' lang='grc' dir='ltr'><strong>ὅλως</strong></span> 
     </span>
    </p>
   </div>
   <div class='ocr_carea' id='block_1_46' title="bbox 275 3039 1929 3114">
    <p class='ocr_par' dir='ltr' id='par_1_46' title="bbox 275 3039 1929 3114">
     <span class='ocr_line' id='line_1_46' title="bbox 275 3039 1929 3114; baseline 0.004 -26"><span class='ocrx_word' id='word_1_340' title='bbox 275 3062 305 3087; x_wconf 85' lang='grc'><strong>‹‹</strong></span> <span class='ocrx_word' id='word_1_341' title='bbox 337 3042 452 3091; x_wconf 80' lang='grc' dir='ltr'><strong>τῶν</strong></span> <span class='ocrx_word' id='word_1_342' title='bbox 505 3040 643 3112; x_wconf 86' lang='grc' dir='ltr'><strong>πρὸς</strong></span> <span class='ocrx_word' id='word_1_343' title='bbox 692 3042 841 3111; x_wconf 76' lang='grc' dir='ltr'><strong>ἡμᾶς</strong></span> <span class='ocrx_word' id='word_1_344' title='bbox 887 3044 983 3094; x_wconf 89' lang='grc' dir='ltr'><strong>τοῦ</strong></span> <span class='ocrx_word' id='word_1_345' title='bbox 1033 3044 1166 3095; x_wconf 86' lang='grc' dir='ltr'><strong>Θεοῦ</strong></span> <span class='ocrx_word' id='word_1_346' title='bbox 1211 3039 1478 3114; x_wconf 77' lang='grc' dir='ltr'><strong>χαρίτων,</strong></span> <span class='ocrx_word' id='word_1_347' title='bbox 1526 3039 1785 3113; x_wconf 74' lang='grc' dir='ltr'><strong>μεγίστην</strong></span> <span class='ocrx_word' id='word_1_348' title='bbox 1837 3040 1929 3095; x_wconf 85' lang='grc' dir='ltr'><strong>καὶ</strong></span> 
     </span>
    </p>
   </div>
   <div class='ocr_carea' id='block_1_47' title="bbox 2053 1963 3694 2042">
    <p class='ocr_par' dir='ltr' id='par_1_47' title="bbox 2053 1963 3694 2042">
     <span class='ocr_line' id='line_1_47' title="bbox 2053 1963 3694 2042; baseline -0.005 -17"><span class='ocrx_word' id='word_1_349' title='bbox 2053 1986 2185 2026; x_wconf 91' lang='lat' dir='ltr'><strong>cum</strong></span> <span class='ocrx_word' id='word_1_350' title='bbox 2217 1968 2612 2042; x_wconf 89' lang='lat' dir='ltr'><strong>superlatione</strong></span> <span class='ocrx_word' id='word_1_351' title='bbox 2633 1984 2715 2035; x_wconf 90' lang='lat' dir='ltr'><strong>es,</strong></span> <span class='ocrx_word' id='word_1_352' title='bbox 2746 1973 2801 2025; x_wconf 90' lang='lat' dir='ltr'><strong>et</strong></span> <span class='ocrx_word' id='word_1_353' title='bbox 2818 1966 2996 2024; x_wconf 91' lang='lat' dir='ltr'><strong>simul</strong></span> <span class='ocrx_word' id='word_1_354' title='bbox 3025 1967 3220 2023; x_wconf 89' lang='lat' dir='ltr'><strong>omnia</strong></span> <span class='ocrx_word' id='word_1_355' title='bbox 3245 1966 3257 2020; x_wconf 97' lang='lat' dir='ltr'><strong>l</strong></span> <span class='ocrx_word' id='word_1_356' title='bbox 3282 1964 3326 2021; x_wconf 92' lang='grc' dir='ltr'>Ο</span> <span class='ocrx_word' id='word_1_357' title='bbox 3348 1969 3404 2020; x_wconf 90' lang='lat' dir='ltr'><strong>et</strong></span> <span class='ocrx_word' id='word_1_358' title='bbox 3429 1963 3694 2019; x_wconf 90' lang='lat' dir='ltr'><strong>omnium</strong></span> 
     </span>
    </p>
   </div>
   <div class='ocr_carea' id='block_1_48' title="bbox 2050 2053 3697 2130">
    <p class='ocr_par' dir='ltr' id='par_1_48' title="bbox 2050 2053 3697 2130">
     <span class='ocr_line' id='line_1_48' title="bbox 2050 2053 3697 2130; baseline -0.005 -15"><span class='ocrx_word' id='word_1_359' title='bbox 2050 2065 2107 2115; x_wconf 92' lang='lat' dir='ltr'><strong>et</strong></span> <span class='ocrx_word' id='word_1_360' title='bbox 2134 2059 2221 2114; x_wconf 90' lang='lat' dir='ltr'><strong>tui</strong></span> <span class='ocrx_word' id='word_1_361' title='bbox 2250 2063 2525 2130; x_wconf 65' lang='lat' dir='ltr'><strong>praeterea</strong></span> <span class='ocrx_word' id='word_1_362' title='bbox 2554 2059 2737 2130; x_wconf 87' lang='lat' dir='ltr'><strong>ipsius</strong></span> <span class='ocrx_word' id='word_1_363' title='bbox 2765 2059 2986 2114; x_wconf 89' lang='lat' dir='ltr'><strong>victor:</strong></span> <span class='ocrx_word' id='word_1_364' title='bbox 3036 2055 3182 2112; x_wconf 91' lang='lat' dir='ltr'><strong>illud</strong></span> <span class='ocrx_word' id='word_1_365' title='bbox 3222 2055 3352 2110; x_wconf 91' lang='lat' dir='ltr'><strong>ideo</strong></span> <span class='ocrx_word' id='word_1_366' title='bbox 3401 2053 3555 2126; x_wconf 91' lang='lat' dir='ltr'><strong>quod</strong></span> <span class='ocrx_word' id='word_1_367' title='bbox 3605 2069 3697 2108; x_wconf 86' lang='lat' dir='ltr'><strong>re-</strong></span> 
     </span>
    </p>
   </div>
   <div class='ocr_carea' id='block_1_49' title="bbox 2052 2142 3694 2221">
    <p class='ocr_par' dir='ltr' id='par_1_49' title="bbox 2052 2142 3694 2221">
     <span class='ocr_line' id='line_1_49' title="bbox 2052 2142 3694 2221; baseline -0.005 -17"><span class='ocrx_word' id='word_1_368' title='bbox 2052 2166 2185 2205; x_wconf 88' lang='lat' dir='ltr'><strong>vera</strong></span> <span class='ocrx_word' id='word_1_369' title='bbox 2242 2149 2519 2205; x_wconf 90' lang='lat' dir='ltr'><strong>omnibus</strong></span> <span class='ocrx_word' id='word_1_370' title='bbox 2576 2153 2836 2221; x_wconf 70' lang='lat' dir='ltr'><strong>praestas,</strong></span> <span class='ocrx_word' id='word_1_371' title='bbox 2897 2147 3007 2203; x_wconf 92' lang='lat' dir='ltr'><strong>hoc</strong></span> <span class='ocrx_word' id='word_1_372' title='bbox 3064 2150 3259 2201; x_wconf 91' lang='lat' dir='ltr'><strong>autem</strong></span> <span class='ocrx_word' id='word_1_373' title='bbox 3303 2142 3575 2216; x_wconf 87' lang='lat' dir='ltr'><strong>quoniam</strong></span> <span class='ocrx_word' id='word_1_374' title='bbox 3636 2143 3694 2197; x_wconf 90' lang='lat' dir='ltr'><strong>in</strong></span> 
     </span>
    </p>
   </div>
   <div class='ocr_carea' id='block_1_50' title="bbox 2050 2230 3693 2309">
    <p class='ocr_par' dir='ltr' id='par_1_50' title="bbox 2050 2230 3693 2309">
     <span class='ocr_line' id='line_1_50' title="bbox 2050 2230 3693 2309; baseline -0.005 -15"><span class='ocrx_word' id='word_1_375' title='bbox 2050 2253 2397 2309; x_wconf 87' lang='lat' dir='ltr'><strong>unaquaque</strong></span> <span class='ocrx_word' id='word_1_376' title='bbox 2430 2254 2488 2293; x_wconf 87' lang='lat' dir='ltr'><strong>re</strong></span> <span class='ocrx_word' id='word_1_377' title='bbox 2514 2247 2610 2292; x_wconf 88' lang='lat' dir='ltr'><strong>tua</strong></span> <span class='ocrx_word' id='word_1_378' title='bbox 2671 2236 3049 2307; x_wconf 86' lang='lat' dir='ltr'><strong>temetipsum</strong></span> <span class='ocrx_word' id='word_1_379' title='bbox 3109 2249 3382 2305; x_wconf 88' lang='lat' dir='ltr'><strong>superare</strong></span> <span class='ocrx_word' id='word_1_380' title='bbox 3440 2230 3693 2287; x_wconf 78' lang='lat' dir='ltr'><strong>videris!</strong></span> 
     </span>
    </p>
   </div>
   <div class='ocr_carea' id='block_1_51' title="bbox 2048 2320 3693 2399">
    <p class='ocr_par' dir='ltr' id='par_1_51' title="bbox 2048 2320 3693 2399">
     <span class='ocr_line' id='line_1_51' title="bbox 2048 2320 3693 2399; baseline -0.005 -16"><span class='ocrx_word' id='word_1_381' title='bbox 2048 2327 2093 2383; x_wconf 95' lang='lat'><strong>0</strong></span> <span class='ocrx_word' id='word_1_382' title='bbox 2124 2328 2219 2399; x_wconf 91' lang='lat' dir='ltr'><strong>qui</strong></span> <span class='ocrx_word' id='word_1_383' title='bbox 2248 2328 2408 2383; x_wconf 91' lang='lat' dir='ltr'><strong>solus</strong></span> <span class='ocrx_word' id='word_1_384' title='bbox 2437 2328 2712 2383; x_wconf 89' lang='lat' dir='ltr'><strong>omnibus</strong></span> <span class='ocrx_word' id='word_1_385' title='bbox 2744 2327 2996 2397; x_wconf 88' lang='lat' dir='ltr'><strong>Spiritus</strong></span> <span class='ocrx_word' id='word_1_386' title='bbox 3023 2324 3207 2380; x_wconf 83' lang='lat' dir='ltr'><strong>sancti</strong></span> <span class='ocrx_word' id='word_1_387' title='bbox 3229 2321 3572 2378; x_wconf 81' lang='lat' dir='ltr'><strong>muneribus</strong></span> <span class='ocrx_word' id='word_1_388' title='bbox 3601 2320 3693 2375; x_wconf 88' lang='lat' dir='ltr'><strong>do-</strong></span> 
     </span>
    </p>
   </div>
   <div class='ocr_carea' id='block_1_52' title="bbox 2046 2409 3695 2487">
    <p class='ocr_par' dir='ltr' id='par_1_52' title="bbox 2046 2409 3695 2487">
     <span class='ocr_line' id='line_1_52' title="bbox 2046 2409 3695 2487; baseline -0.005 -16"><span class='ocrx_word' id='word_1_389' title='bbox 2046 2421 2202 2472; x_wconf 89' lang='lat' dir='ltr'><strong>tatus</strong></span> <span class='ocrx_word' id='word_1_390' title='bbox 2249 2433 2402 2483; x_wconf 91' lang='lat' dir='ltr'><strong>eras,</strong></span> <span class='ocrx_word' id='word_1_391' title='bbox 2460 2418 2673 2487; x_wconf 90' lang='lat' dir='ltr'><strong>quippe</strong></span> <span class='ocrx_word' id='word_1_392' title='bbox 2704 2415 2865 2471; x_wconf 91' lang='lat' dir='ltr'><strong>solus</strong></span> <span class='ocrx_word' id='word_1_393' title='bbox 2922 2415 3060 2470; x_wconf 90' lang='lat' dir='ltr'><strong>item</strong></span> <span class='ocrx_word' id='word_1_394' title='bbox 3123 2411 3374 2468; x_wconf 82' lang='lat' dir='ltr'><strong>maxime</strong></span> <span class='ocrx_word' id='word_1_395' title='bbox 3432 2409 3695 2465; x_wconf 87' lang='lat' dir='ltr'><strong>omnium</strong></span> 
     </span>
    </p>
   </div>
   <div class='ocr_carea' id='block_1_53' title="bbox 2046 2498 3718 2577">
    <p class='ocr_par' dir='ltr' id='par_1_53' title="bbox 2046 2498 3718 2577">
     <span class='ocr_line' id='line_1_53' title="bbox 2046 2498 3718 2577; baseline -0.005 -17"><span class='ocrx_word' id='word_1_396' title='bbox 2046 2512 2314 2561; x_wconf 89' lang='lat' dir='ltr'><strong>naturam</strong></span> <span class='ocrx_word' id='word_1_397' title='bbox 2346 2506 2506 2561; x_wconf 91' lang='lat' dir='ltr'><strong>illius</strong></span> <span class='ocrx_word' id='word_1_398' title='bbox 2544 2507 2969 2577; x_wconf 86' lang='lat' dir='ltr'><strong>perscrutatus,</strong></span> <span class='ocrx_word' id='word_1_399' title='bbox 3014 2507 3073 2559; x_wconf 88' lang='lat' dir='ltr'><strong>et</strong></span> <span class='ocrx_word' id='word_1_400' title='bbox 3111 2501 3207 2573; x_wconf 89' lang='lat' dir='ltr'><strong>qui</strong></span> <span class='ocrx_word' id='word_1_401' title='bbox 3235 2517 3343 2573; x_wconf 84' lang='lat' dir='ltr'><strong>0pc</strong></span> <span class='ocrx_word' id='word_1_402' title='bbox 3372 2498 3531 2554; x_wconf 89' lang='lat' dir='ltr'><strong>illius</strong></span> <span class='ocrx_word' id='word_1_403' title='bbox 3563 2500 3718 2552; x_wconf 83' lang='lat' dir='ltr'><strong>ma-&#39;</strong></span> 
     </span>
    </p>
   </div>
   <div class='ocr_carea' id='block_1_54' title="bbox 2044 2586 3693 2666">
    <p class='ocr_par' dir='ltr' id='par_1_54' title="bbox 2044 2586 3693 2666">
     <span class='ocr_line' id='line_1_54' title="bbox 2044 2586 3693 2666; baseline -0.006 -17"><span class='ocrx_word' id='word_1_404' title='bbox 2044 2594 2256 2650; x_wconf 89' lang='lat' dir='ltr'><strong>ximam</strong></span> <span class='ocrx_word' id='word_1_405' title='bbox 2289 2593 2376 2650; x_wconf 85' lang='lat' dir='ltr'><strong>illi</strong></span> <span class='ocrx_word' id='word_1_406' title='bbox 2402 2610 2594 2665; x_wconf 87' lang='lat' dir='ltr'><strong>opem,</strong></span> <span class='ocrx_word' id='word_1_407' title='bbox 2648 2609 2907 2666; x_wconf 89' lang='lat' dir='ltr'><strong>operam,</strong></span> <span class='ocrx_word' id='word_1_408' title='bbox 2955 2596 3250 2656; x_wconf 89' lang='lat' dir='ltr'><strong>ornatum,</strong></span> <span class='ocrx_word' id='word_1_409' title='bbox 3281 2586 3615 2645; x_wconf 78' lang='lat' dir='ltr'><strong>contulisti!</strong></span> <span class='ocrx_word' id='word_1_410' title='bbox 3650 2586 3693 2641; x_wconf 93' lang='lat'><strong>0</strong></span> 
     </span>
    </p>
   </div>
   <div class='ocr_carea' id='block_1_55' title="bbox 2043 2677 3697 2755">
    <p class='ocr_par' dir='ltr' id='par_1_55' title="bbox 2043 2677 3697 2755">
     <span class='ocr_line' id='line_1_55' title="bbox 2043 2677 3697 2755; baseline -0.005 -18"><span class='ocrx_word' id='word_1_411' title='bbox 2043 2699 2298 2755; x_wconf 87' lang='lat' dir='ltr'><strong>quonam</strong></span> <span class='ocrx_word' id='word_1_412' title='bbox 2331 2690 2385 2738; x_wconf 87' lang='lat' dir='ltr'><strong>te</strong></span> <span class='ocrx_word' id='word_1_413' title='bbox 2413 2682 2775 2755; x_wconf 90' lang='lat' dir='ltr'><strong>compellans</strong></span> <span class='ocrx_word' id='word_1_414' title='bbox 2806 2681 3064 2749; x_wconf 90' lang='lat' dir='ltr'><strong>nomine,</strong></span> <span class='ocrx_word' id='word_1_415' title='bbox 3097 2679 3240 2735; x_wconf 88' lang='lat' dir='ltr'><strong>satis</strong></span> <span class='ocrx_word' id='word_1_416' title='bbox 3273 2677 3607 2748; x_wconf 89' lang='lat' dir='ltr'><strong>oppositum</strong></span> <span class='ocrx_word' id='word_1_417' title='bbox 3640 2679 3697 2731; x_wconf 90' lang='lat' dir='ltr'><strong>et</strong></span> 
     </span>
    </p>
   </div>
   <div class='ocr_carea' id='block_1_56' title="bbox 2043 2763 3692 2844">
    <p class='ocr_par' dir='ltr' id='par_1_56' title="bbox 2043 2763 3692 2844">
     <span class='ocr_line' id='line_1_56' title="bbox 2043 2763 3692 2844; baseline -0.007 -16"><span class='ocrx_word' id='word_1_418' title='bbox 2043 2778 2102 2829; x_wconf 89' lang='lat' dir='ltr'><strong>te</strong></span> <span class='ocrx_word' id='word_1_419' title='bbox 2131 2772 2399 2844; x_wconf 89' lang='lat' dir='ltr'><strong>dignum,</strong></span> <span class='ocrx_word' id='word_1_420' title='bbox 2434 2771 2743 2844; x_wconf 90' lang='lat' dir='ltr'><strong>quisquam</strong></span> <span class='ocrx_word' id='word_1_421' title='bbox 2768 2770 3021 2841; x_wconf 90' lang='lat' dir='ltr'><strong>reperire</strong></span> <span class='ocrx_word' id='word_1_422' title='bbox 3052 2768 3237 2841; x_wconf 85' lang='lat' dir='ltr'><strong>possit</strong></span> <span class='ocrx_word' id='word_1_423' title='bbox 3265 2764 3420 2838; x_wconf 62' lang='grc' dir='ltr'><strong>(ειη</strong></span> <span class='ocrx_word' id='word_1_424' title='bbox 3456 2765 3512 2820; x_wconf 89' lang='lat' dir='ltr'><strong>Si</strong></span> <span class='ocrx_word' id='word_1_425' title='bbox 3537 2763 3692 2818; x_wconf 88' lang='lat' dir='ltr'><strong>enim</strong></span> 
     </span>
    </p>
   </div>
   <div class='ocr_carea' id='block_1_57' title="bbox 2041 2854 3690 2932">
    <p class='ocr_par' dir='ltr' id='par_1_57' title="bbox 2041 2854 3690 2932">
     <span class='ocr_line' id='line_1_57' title="bbox 2041 2854 3690 2932; baseline -0.005 -16"><span class='ocrx_word' id='word_1_426' title='bbox 2041 2861 2295 2932; x_wconf 89' lang='lat' dir='ltr'><strong>aliquem</strong></span> <span class='ocrx_word' id='word_1_427' title='bbox 2325 2860 2654 2916; x_wconf 86' lang='lat' dir='ltr'><strong>mortalium</strong></span> <span class='ocrx_word' id='word_1_428' title='bbox 2674 2860 2938 2916; x_wconf 90' lang='lat' dir='ltr'><strong>omnium</strong></span> <span class='ocrx_word' id='word_1_429' title='bbox 2963 2881 2992 2909; x_wconf 89' lang='lat'><strong><em>«</em></strong></span> <span class='ocrx_word' id='word_1_430' title='bbox 3016 2860 3275 2913; x_wconf 89' lang='lat' dir='ltr'><strong>animam</strong></span> <span class='ocrx_word' id='word_1_431' title='bbox 3299 2854 3525 2920; x_wconf 78' lang='lat' dir='ltr'><strong>mundi,</strong></span> <span class='ocrx_word' id='word_1_432' title='bbox 3547 2874 3576 2903; x_wconf 82' lang='lat'><strong>»</strong></span> <span class='ocrx_word' id='word_1_433' title='bbox 3605 2854 3690 2908; x_wconf 78' lang='lat' dir='ltr'><strong>fas</strong></span> 
     </span>
    </p>
   </div>
   <div class='ocr_carea' id='block_1_58' title="bbox 2041 2944 3688 3022">
    <p class='ocr_par' dir='ltr' id='par_1_58' title="bbox 2041 2944 3688 3022">
     <span class='ocr_line' id='line_1_58' title="bbox 2041 2944 3688 3022; baseline -0.007 -16"><span class='ocrx_word' id='word_1_434' title='bbox 2041 2949 2371 3022; x_wconf 87' lang='lat' dir='ltr'><strong>appellare;</strong></span> <span class='ocrx_word' id='word_1_435' title='bbox 2405 2951 2450 3005; x_wconf 95' lang='lat' dir='ltr'><strong>si</strong></span> <span class='ocrx_word' id='word_1_436' title='bbox 2481 2965 2653 3021; x_wconf 86' lang='lat' dir='ltr'><strong>quem</strong></span> <span class='ocrx_word' id='word_1_437' title='bbox 2696 2971 2726 3001; x_wconf 87' lang='lat'>«</span> <span class='ocrx_word' id='word_1_438' title='bbox 2778 2953 2955 3022; x_wconf 91' lang='lat' dir='ltr'><strong>caput</strong></span> <span class='ocrx_word' id='word_1_439' title='bbox 2994 2948 3251 3013; x_wconf 86' lang='lat' dir='ltr'><strong>virtutis,</strong></span> <span class='ocrx_word' id='word_1_440' title='bbox 3283 2955 3336 3001; x_wconf 87' lang='lat' dir='ltr'><strong>et</strong></span> <span class='ocrx_word' id='word_1_441' title='bbox 3358 2944 3688 2999; x_wconf 89' lang='lat' dir='ltr'><strong>divinorum</strong></span> 
     </span>
    </p>
   </div>
   <div class='ocr_carea' id='block_1_59' title="bbox 2041 3031 3688 3112">
    <p class='ocr_par' dir='ltr' id='par_1_59' title="bbox 2041 3031 3688 3112">
     <span class='ocr_line' id='line_1_59' title="bbox 2041 3031 3688 3112; baseline -0.007 -16"><span class='ocrx_word' id='word_1_442' title='bbox 2041 3047 2457 3112; x_wconf 67' lang='lat' dir='ltr'><strong>praeceptorum</strong></span> <span class='ocrx_word' id='word_1_443' title='bbox 2470 3041 2789 3097; x_wconf 87' lang='lat' dir='ltr'><strong>animatum</strong></span> <span class='ocrx_word' id='word_1_444' title='bbox 2812 3039 3097 3105; x_wconf 86' lang='lat' dir='ltr'><strong>codicem;</strong></span> <span class='ocrx_word' id='word_1_445' title='bbox 3131 3038 3221 3093; x_wconf 84' lang='lat' dir='ltr'><strong>«si</strong></span> <span class='ocrx_word' id='word_1_446' title='bbox 3240 3051 3411 3107; x_wconf 90' lang='lat' dir='ltr'><strong>quem</strong></span> <span class='ocrx_word' id='word_1_447' title='bbox 3434 3054 3464 3085; x_wconf 86' lang='lat'>«</span> <span class='ocrx_word' id='word_1_448' title='bbox 3487 3031 3688 3101; x_wconf 88' lang='lat' dir='ltr'><strong>conju-</strong></span> 
     </span>
    </p>
   </div>
   <div class='ocr_carea' id='block_1_60' title="bbox 272 3127 1929 3233">
    <p class='ocr_par' dir='ltr' id='par_1_60' title="bbox 272 3127 1925 3206">
     <span class='ocr_line' id='line_1_60' title="bbox 272 3127 1925 3206; baseline 0.001 -25"><span class='ocrx_word' id='word_1_449' title='bbox 272 3127 787 3202; x_wconf 67' lang='grc' dir='ltr'><strong>κοινωφελεστάτην</strong></span> <span class='ocrx_word' id='word_1_450' title='bbox 823 3127 1142 3206; x_wconf 69' lang='grc' dir='ltr'><strong>φιλοτιμίαν</strong></span> <span class='ocrx_word' id='word_1_451' title='bbox 1162 3150 1174 3160; x_wconf 90' lang='grc'><strong>·</strong></span> <span class='ocrx_word' id='word_1_452' title='bbox 1208 3154 1235 3180; x_wconf 85' lang='grc'><strong>››</strong></span> <span class='ocrx_word' id='word_1_453' title='bbox 1262 3135 1353 3183; x_wconf 74' lang='grc' dir='ltr'><strong>καὶ</strong></span> <span class='ocrx_word' id='word_1_454' title='bbox 1383 3134 1485 3183; x_wconf 75' lang='grc' dir='ltr'><strong>πᾶν</strong></span> <span class='ocrx_word' id='word_1_455' title='bbox 1517 3131 1547 3183; x_wconf 80' lang='grc' dir='ltr'>ὅ</span> <span class='ocrx_word' id='word_1_456' title='bbox 1575 3150 1625 3183; x_wconf 81' lang='grc' dir='ltr'><strong>τι</strong></span> <span class='ocrx_word' id='word_1_457' title='bbox 1655 3132 1925 3195; x_wconf 79' lang='grc' dir='ltr'><strong>τοιοῦτον,</strong></span> 
     </span>
    </p>
   </div>
   <div class='ocr_carea' id='block_1_61' title="bbox 2046 3127 3688 3233">
    <p class='ocr_par' dir='ltr' id='par_1_61' title="bbox 2046 3129 3688 3203">
     <span class='ocr_line' id='line_1_61' title="bbox 2046 3129 3688 3203; baseline -0.006 -18"><span class='ocrx_word' id='word_1_458' title='bbox 2046 3138 2233 3203; x_wconf 85' lang='lat' dir='ltr'><strong>gatam</strong></span> <span class='ocrx_word' id='word_1_459' title='bbox 2258 3129 2487 3202; x_wconf 88' lang='lat' dir='ltr'><strong>pulchri</strong></span> <span class='ocrx_word' id='word_1_460' title='bbox 2509 3129 2700 3186; x_wconf 89' lang='lat' dir='ltr'><strong>omnis</strong></span> <span class='ocrx_word' id='word_1_461' title='bbox 2721 3130 2931 3187; x_wconf 89' lang='lat' dir='ltr'><strong>seriem</strong></span> <span class='ocrx_word' id='word_1_462' title='bbox 2957 3149 2971 3197; x_wconf 92' lang='lat'><strong>;</strong></span> <span class='ocrx_word' id='word_1_463' title='bbox 2999 3151 3028 3180; x_wconf 71' lang='grc' dir='ltr'><strong>ι)</strong></span> <span class='ocrx_word' id='word_1_464' title='bbox 3050 3129 3098 3183; x_wconf 89' lang='lat' dir='ltr'><strong>si</strong></span> <span class='ocrx_word' id='word_1_465' title='bbox 3121 3143 3292 3199; x_wconf 90' lang='lat' dir='ltr'><strong>quem</strong></span> <span class='ocrx_word' id='word_1_466' title='bbox 3309 3136 3688 3196; x_wconf 76' lang='lat' dir='ltr'><strong>«eXpressam</strong></span> 
     </span>
    </p>
   </div>
   <div class='ocr_carea' id='block_1_62' title="bbox 278 3218 1922 3295">
    <p class='ocr_par' dir='ltr' id='par_1_62' title="bbox 278 3218 1922 3295">
     <span class='ocr_line' id='line_1_62' title="bbox 278 3218 1922 3295; baseline 0.002 -23"><span class='ocrx_word' id='word_1_467' title='bbox 278 3219 450 3291; x_wconf 70' lang='grc' dir='ltr'><strong>μόνος</strong></span> <span class='ocrx_word' id='word_1_468' title='bbox 502 3219 562 3274; x_wconf 74' lang='grc' dir='ltr'><strong>ἄν</strong></span> <span class='ocrx_word' id='word_1_469' title='bbox 618 3241 712 3292; x_wconf 87' lang='grc' dir='ltr'><strong>μοι</strong></span> <span class='ocrx_word' id='word_1_470' title='bbox 779 3220 945 3295; x_wconf 77' lang='grc' dir='ltr'><strong>δοκῇς</strong></span> <span class='ocrx_word' id='word_1_471' title='bbox 1012 3218 1236 3281; x_wconf 74' lang='grc' dir='ltr'><strong>δικαίως</strong></span> <span class='ocrx_word' id='word_1_472' title='bbox 1300 3221 1455 3275; x_wconf 87' lang='grc' dir='ltr'><strong>ταυτὶ</strong></span> <span class='ocrx_word' id='word_1_473' title='bbox 1514 3222 1922 3294; x_wconf 72' lang='grc' dir='ltr'><strong>προσειρῆσθαι.</strong></span> 
     </span>
    </p>
   </div>
   <div class='ocr_carea' id='block_1_63' title="bbox 2039 3215 3685 3294">
    <p class='ocr_par' dir='ltr' id='par_1_63' title="bbox 2039 3215 3685 3294">
     <span class='ocr_line' id='line_1_63' title="bbox 2039 3215 3685 3294; baseline -0.007 -18"><span class='ocrx_word' id='word_1_474' title='bbox 2039 3224 2263 3276; x_wconf 72' lang='lat' dir='ltr'><strong>naturas</strong></span> <span class='ocrx_word' id='word_1_475' title='bbox 2304 3220 2578 3275; x_wconf 72' lang='lat' dir='ltr'><strong>humanm</strong></span> <span class='ocrx_word' id='word_1_476' title='bbox 2608 3220 2921 3294; x_wconf 77' lang='lat' dir='ltr'><strong>imaginem</strong></span> <span class='ocrx_word' id='word_1_477' title='bbox 2951 3226 3005 3274; x_wconf 84' lang='lat' dir='ltr'><strong>et</strong></span> <span class='ocrx_word' id='word_1_478' title='bbox 3035 3218 3350 3274; x_wconf 88' lang='lat' dir='ltr'><strong>terminum</strong></span> <span class='ocrx_word' id='word_1_479' title='bbox 3382 3235 3397 3285; x_wconf 87' lang='lat'><strong>;</strong></span> <span class='ocrx_word' id='word_1_480' title='bbox 3430 3215 3500 3269; x_wconf 88' lang='lat' dir='ltr'><strong>ad</strong></span> <span class='ocrx_word' id='word_1_481' title='bbox 3524 3226 3685 3267; x_wconf 90' lang='lat' dir='ltr'><strong>sum-</strong></span> 
     </span>
    </p>
   </div>
   <div class='ocr_carea' id='block_1_64' title="bbox 279 3303 3688 3383">
    <p class='ocr_par' dir='ltr' id='par_1_64' title="bbox 279 3303 3688 3383">
     <span class='ocr_line' id='line_1_64' title="bbox 279 3303 3688 3383; baseline -0.003 -19"><span class='ocrx_word' id='word_1_482' title='bbox 279 3328 467 3378; x_wconf 87' lang='lat' dir='ltr'><strong>mam,</strong></span> <span class='ocrx_word' id='word_1_483' title='bbox 498 3311 735 3380; x_wconf 85' lang='lat' dir='ltr'><strong>siquem</strong></span> <span class='ocrx_word' id='word_1_484' title='bbox 761 3311 1131 3367; x_wconf 86' lang='lat' dir='ltr'><strong>«divinorum</strong></span> <span class='ocrx_word' id='word_1_485' title='bbox 1153 3328 1290 3383; x_wconf 87' lang='lat' dir='ltr'><strong>erga</strong></span> <span class='ocrx_word' id='word_1_486' title='bbox 1329 3328 1429 3367; x_wconf 86' lang='lat' dir='ltr'><strong>nos</strong></span> <span class='ocrx_word' id='word_1_487' title='bbox 1444 3311 1855 3367; x_wconf 84' lang='lat' dir='ltr'><strong>beneﬁciorum</strong></span> <span class='ocrx_word' id='word_1_488' title='bbox 1896 3310 2280 3377; x_wconf 88' lang='lat' dir='ltr'><strong>maximam,et</strong></span> <span class='ocrx_word' id='word_1_489' title='bbox 2297 3309 2529 3380; x_wconf 89' lang='lat' dir='ltr'><strong>publico</strong></span> <span class='ocrx_word' id='word_1_490' title='bbox 2542 3310 3086 3365; x_wconf 89' lang='lat' dir='ltr'><strong>commodosumme</strong></span> <span class='ocrx_word' id='word_1_491' title='bbox 3116 3303 3543 3363; x_wconf 89' lang='lat' dir='ltr'><strong>conducibilem</strong></span> <span class='ocrx_word' id='word_1_492' title='bbox 3568 3316 3688 3355; x_wconf 88' lang='lat' dir='ltr'><strong>ma-</strong></span> 
     </span>
    </p>
   </div>
   <div class='ocr_carea' id='block_1_65' title="bbox 276 3392 3675 3473">
    <p class='ocr_par' dir='ltr' id='par_1_65' title="bbox 276 3392 3675 3473">
     <span class='ocr_line' id='line_1_65' title="bbox 276 3392 3675 3473; baseline -0.003 -18"><span class='ocrx_word' id='word_1_493' title='bbox 276 3401 1124 3473; x_wconf 79' lang='lat' dir='ltr'><strong>gnificentiam,»etquidquid</strong></span> <span class='ocrx_word' id='word_1_494' title='bbox 1149 3399 2057 3471; x_wconf 78' lang='lat' dir='ltr'><strong>hujusmodielogiorumest,iis</strong></span> <span class='ocrx_word' id='word_1_495' title='bbox 2082 3399 2364 3469; x_wconf 87' lang='lat' dir='ltr'><strong>solisjure</strong></span> <span class='ocrx_word' id='word_1_496' title='bbox 2403 3400 2757 3455; x_wconf 88' lang='lat' dir='ltr'><strong>etmeritotu</strong></span> <span class='ocrx_word' id='word_1_497' title='bbox 2795 3398 2939 3453; x_wconf 86' lang='lat' dir='ltr'><strong>mihi</strong></span> <span class='ocrx_word' id='word_1_498' title='bbox 2988 3398 3352 3455; x_wconf 86' lang='lat' dir='ltr'><strong>cohonestari</strong></span> <span class='ocrx_word' id='word_1_499' title='bbox 3411 3392 3675 3452; x_wconf 85' lang='lat' dir='ltr'><strong>videaris.</strong></span> 
     </span>
    </p>
   </div>
   <div class='ocr_carea' id='block_1_66' title="bbox 352 3486 1917 3563">
    <p class='ocr_par' dir='ltr' id='par_1_66' title="bbox 352 3486 1917 3563">
     <span class='ocr_line' id='line_1_66' title="bbox 352 3486 1917 3563; baseline -0.001 -19"><span class='ocrx_word' id='word_1_500' title='bbox 352 3489 519 3549; x_wconf 64' lang='lat' dir='ltr'><strong>PAB&#39;.</strong></span> <span class='ocrx_word' id='word_1_501' title='bbox 549 3487 730 3560; x_wconf 84' lang='grc' dir='ltr'><strong>Ἀλλ’,</strong></span> <span class='ocrx_word' id='word_1_502' title='bbox 761 3487 804 3543; x_wconf 84' lang='grc' dir='ltr'><strong><em>ὦ</em></strong></span> <span class='ocrx_word' id='word_1_503' title='bbox 854 3487 941 3543; x_wconf 78' lang='grc' dir='ltr'><strong>διὰ</strong></span> <span class='ocrx_word' id='word_1_504' title='bbox 987 3490 1198 3544; x_wconf 85' lang='grc' dir='ltr'><strong>πάντων</strong></span> <span class='ocrx_word' id='word_1_505' title='bbox 1248 3486 1498 3563; x_wconf 68' lang='grc' dir='ltr'><strong>βέλτιστε</strong></span> <span class='ocrx_word' id='word_1_506' title='bbox 1555 3488 1788 3557; x_wconf 86' lang='grc' dir='ltr'><strong>πάντων,</strong></span> <span class='ocrx_word' id='word_1_507' title='bbox 1829 3488 1917 3542; x_wconf 82' lang='grc' dir='ltr'><strong>καὶ</strong></span> 
     </span>
    </p>
   </div>
   <div class='ocr_carea' id='block_1_67' title="bbox 273 3574 1922 3652">
    <p class='ocr_par' dir='ltr' id='par_1_67' title="bbox 273 3574 1922 3652">
     <span class='ocr_line' id='line_1_67' title="bbox 273 3574 1922 3652; baseline -0.002 -19"><span class='ocrx_word' id='word_1_508' title='bbox 273 3584 379 3645; x_wconf 71' lang='grc' dir='ltr'><strong>τῆς</strong></span> <span class='ocrx_word' id='word_1_509' title='bbox 413 3578 739 3652; x_wconf 74' lang='grc' dir='ltr'><strong>ὑπερουσίου</strong></span> <span class='ocrx_word' id='word_1_510' title='bbox 786 3578 875 3632; x_wconf 77' lang='grc' dir='ltr'><strong>καὶ</strong></span> <span class='ocrx_word' id='word_1_511' title='bbox 936 3575 1232 3651; x_wconf 77' lang='grc' dir='ltr'><strong>μοναδικῆς</strong></span> <span class='ocrx_word' id='word_1_512' title='bbox 1258 3574 1490 3650; x_wconf 83' lang='grc' dir='ltr'><strong>Τριάδος</strong></span> <span class='ocrx_word' id='word_1_513' title='bbox 1546 3578 1731 3649; x_wconf 80' lang='grc' dir='ltr'><strong>γνήσιε</strong></span> <span class='ocrx_word' id='word_1_514' title='bbox 1790 3595 1922 3650; x_wconf 88' lang='grc' dir='ltr'><strong>πρε-</strong></span> 
     </span>
    </p>
   </div>
   <div class='ocr_carea' id='block_1_68' title="bbox 274 3661 1925 3741">
    <p class='ocr_par' dir='ltr' id='par_1_68' title="bbox 274 3661 1925 3741">
     <span class='ocr_line' id='line_1_68' title="bbox 274 3661 1925 3741; baseline -0.002 -20"><span class='ocrx_word' id='word_1_515' title='bbox 274 3662 499 3737; x_wconf 74' lang='grc' dir='ltr'><strong>σϐευτὰ,</strong></span> <span class='ocrx_word' id='word_1_516' title='bbox 529 3667 595 3721; x_wconf 76' lang='grc' dir='ltr'><strong>τὰ</strong></span> <span class='ocrx_word' id='word_1_517' title='bbox 630 3668 723 3740; x_wconf 78' lang='grc' dir='ltr'><strong>μὲν</strong></span> <span class='ocrx_word' id='word_1_518' title='bbox 751 3668 875 3741; x_wconf 85' lang='grc' dir='ltr'><strong>παρ’</strong></span> <span class='ocrx_word' id='word_1_519' title='bbox 908 3666 1042 3739; x_wconf 80' lang='grc' dir='ltr'><strong>ἐμοῦ</strong></span> <span class='ocrx_word' id='word_1_520' title='bbox 1074 3689 1154 3720; x_wconf 87' lang='grc' dir='ltr'><strong>σοι</strong></span> <span class='ocrx_word' id='word_1_521' title='bbox 1206 3670 1449 3736; x_wconf 77' lang='grc' dir='ltr'><strong>τοιαῦτα,</strong></span> <span class='ocrx_word' id='word_1_522' title='bbox 1484 3664 1695 3737; x_wconf 79' lang='grc' dir='ltr'><strong>μᾶλλον</strong></span> <span class='ocrx_word' id='word_1_523' title='bbox 1744 3661 1802 3718; x_wconf 77' lang='grc' dir='ltr'><strong>δὲ</strong></span> <span class='ocrx_word' id='word_1_524' title='bbox 1857 3664 1925 3717; x_wconf 75' lang='grc' dir='ltr'><strong>τὰ</strong></span> 
     </span>
    </p>
   </div>
   <div class='ocr_carea' id='block_1_69' title="bbox 273 3749 1925 3830">
    <p class='ocr_par' dir='ltr' id='par_1_69' title="bbox 273 3749 1925 3830">
     <span class='ocr_line' id='line_1_69' title="bbox 273 3749 1925 3830; baseline -0.002 -21"><span class='ocrx_word' id='word_1_525' title='bbox 273 3757 341 3809; x_wconf 68' lang='grc' dir='ltr'><strong>σὰ</strong></span> <span class='ocrx_word' id='word_1_526' title='bbox 400 3755 492 3810; x_wconf 78' lang='grc' dir='ltr'><strong>καί</strong></span> <span class='ocrx_word' id='word_1_527' title='bbox 547 3756 621 3810; x_wconf 85' lang='grc' dir='ltr'><strong>ῶν</strong></span> <span class='ocrx_word' id='word_1_528' title='bbox 676 3754 835 3818; x_wconf 78' lang='grc' dir='ltr'><strong>αὐτὸς</strong></span> <span class='ocrx_word' id='word_1_529' title='bbox 895 3756 943 3810; x_wconf 76' lang='grc' dir='ltr'><strong>εἶ</strong></span> <span class='ocrx_word' id='word_1_530' title='bbox 985 3756 1265 3830; x_wconf 81' lang='grc' dir='ltr'><strong>χορηγόςί</strong></span> <span class='ocrx_word' id='word_1_531' title='bbox 1300 3756 1386 3817; x_wconf 83' lang='grc' dir='ltr'><strong>οἷς</strong></span> <span class='ocrx_word' id='word_1_532' title='bbox 1418 3756 1524 3829; x_wconf 78' lang='grc' dir='ltr'><strong>γὰρ</strong></span> <span class='ocrx_word' id='word_1_533' title='bbox 1556 3752 1616 3807; x_wconf 82' lang='grc' dir='ltr'><strong>οὑ</strong></span> <span class='ocrx_word' id='word_1_534' title='bbox 1653 3753 1819 3825; x_wconf 86' lang='grc' dir='ltr'><strong>μόνον</strong></span> <span class='ocrx_word' id='word_1_535' title='bbox 1863 3749 1925 3806; x_wconf 80' lang='grc' dir='ltr'><strong>ἒκ</strong></span> 
     </span>
    </p>
   </div>
   <div class='ocr_carea' id='block_1_70' title="bbox 277 3840 1924 3921">
    <p class='ocr_par' dir='ltr' id='par_1_70' title="bbox 277 3840 1924 3921">
     <span class='ocr_line' id='line_1_70' title="bbox 277 3840 1924 3921; baseline -0.005 -19"><span class='ocrx_word' id='word_1_536' title='bbox 277 3852 390 3902; x_wconf 89' lang='grc' dir='ltr'><strong>τῶν</strong></span> <span class='ocrx_word' id='word_1_537' title='bbox 446 3850 553 3901; x_wconf 87' lang='grc' dir='ltr'><strong>σῶν</strong></span> <span class='ocrx_word' id='word_1_538' title='bbox 614 3843 910 3919; x_wconf 80' lang='grc' dir='ltr'><strong>ἐνδοσίμων</strong></span> <span class='ocrx_word' id='word_1_539' title='bbox 962 3867 1020 3901; x_wconf 87' lang='grc' dir='ltr'><strong>τε</strong></span> <span class='ocrx_word' id='word_1_540' title='bbox 1076 3846 1163 3901; x_wconf 76' lang='grc' dir='ltr'><strong>καὶ</strong></span> <span class='ocrx_word' id='word_1_541' title='bbox 1222 3845 1487 3921; x_wconf 82' lang='grc' dir='ltr'><strong>χαρίτων,</strong></span> <span class='ocrx_word' id='word_1_542' title='bbox 1520 3844 1653 3917; x_wconf 87' lang='grc' dir='ltr'><strong>πρὸς</strong></span> <span class='ocrx_word' id='word_1_543' title='bbox 1684 3844 1783 3911; x_wconf 70' lang='grc' dir='ltr'><strong>τὴν</strong></span> <span class='ocrx_word' id='word_1_544' title='bbox 1836 3840 1924 3915; x_wconf 81' lang='grc' dir='ltr'><strong>ἐγ-</strong></span> 
     </span>
    </p>
   </div>
   <div class='ocr_carea' id='block_1_71' title="bbox 278 3933 1922 4012">
    <p class='ocr_par' dir='ltr' id='par_1_71' title="bbox 278 3933 1922 4012">
     <span class='ocr_line' id='line_1_71' title="bbox 278 3933 1922 4012; baseline -0.005 -20"><span class='ocrx_word' id='word_1_545' title='bbox 278 3938 533 4012; x_wconf 80' lang='grc' dir='ltr'><strong>χείρησιν</strong></span> <span class='ocrx_word' id='word_1_546' title='bbox 590 3934 766 4005; x_wconf 71' lang='grc' dir='ltr'><strong>ἡδέως</strong></span> <span class='ocrx_word' id='word_1_547' title='bbox 823 3934 879 3991; x_wconf 76' lang='grc' dir='ltr'><strong>εὖ</strong></span> <span class='ocrx_word' id='word_1_548' title='bbox 930 3935 1078 4010; x_wconf 81' lang='grc' dir='ltr'><strong>μάλα</strong></span> <span class='ocrx_word' id='word_1_549' title='bbox 1131 3935 1409 4004; x_wconf 76' lang='grc' dir='ltr'><strong>κατέστην,</strong></span> <span class='ocrx_word' id='word_1_550' title='bbox 1443 3935 1517 3987; x_wconf 87' lang='grc' dir='ltr'><strong>ὧν</strong></span> <span class='ocrx_word' id='word_1_551' title='bbox 1560 3933 1791 4008; x_wconf 86' lang='grc' dir='ltr'><strong>πρόσθεν</strong></span> <span class='ocrx_word' id='word_1_552' title='bbox 1825 3950 1922 3985; x_wconf 85' lang='grc' dir='ltr'><strong>κα-</strong></span> 
     </span>
    </p>
   </div>
   <div class='ocr_carea' id='block_1_72' title="bbox 278 4020 1922 4100">
    <p class='ocr_par' dir='ltr' id='par_1_72' title="bbox 278 4020 1922 4100">
     <span class='ocr_line' id='line_1_72' title="bbox 278 4020 1922 4100; baseline -0.005 -18"><span class='ocrx_word' id='word_1_553' title='bbox 278 4028 454 4098; x_wconf 80' lang='grc' dir='ltr'><strong>θάπαξ</strong></span> <span class='ocrx_word' id='word_1_554' title='bbox 512 4026 824 4096; x_wconf 80' lang='grc' dir='ltr'><strong>ἀπώκνουν,</strong></span> <span class='ocrx_word' id='word_1_555' title='bbox 870 4029 949 4096; x_wconf 82' lang='grc' dir='ltr'><strong>τῷ</strong></span> <span class='ocrx_word' id='word_1_556' title='bbox 1008 4024 1219 4100; x_wconf 77' lang='grc' dir='ltr'><strong>μεγέθει</strong></span> <span class='ocrx_word' id='word_1_557' title='bbox 1290 4028 1387 4078; x_wconf 90' lang='grc' dir='ltr'><strong>τοῦ</strong></span> <span class='ocrx_word' id='word_1_558' title='bbox 1453 4022 1773 4096; x_wconf 81' lang='grc' dir='ltr'><strong>πράγματος</strong></span> <span class='ocrx_word' id='word_1_559' title='bbox 1835 4020 1922 4075; x_wconf 74' lang='grc' dir='ltr'><strong>ἑκο</strong></span> 
     </span>
    </p>
   </div>
   <div class='ocr_carea' id='block_1_73' title="bbox 276 4107 1924 4188">
    <p class='ocr_par' dir='ltr' id='par_1_73' title="bbox 276 4107 1924 4188">
     <span class='ocr_line' id='line_1_73' title="bbox 276 4107 1924 4188; baseline -0.004 -18"><span class='ocrx_word' id='word_1_560' title='bbox 276 4113 684 4188; x_wconf 77' lang='grc' dir='ltr'><strong>πληττόμενος,</strong></span> <span class='ocrx_word' id='word_1_561' title='bbox 736 4112 885 4169; x_wconf 82' lang='grc' dir='ltr'><strong>ἀλλά</strong></span> <span class='ocrx_word' id='word_1_562' title='bbox 951 4113 1042 4170; x_wconf 85' lang='grc' dir='ltr'><strong>καὶ</strong></span> <span class='ocrx_word' id='word_1_563' title='bbox 1120 4115 1252 4187; x_wconf 83' lang='grc' dir='ltr'><strong>μετὰ</strong></span> <span class='ocrx_word' id='word_1_564' title='bbox 1306 4113 1405 4181; x_wconf 75' lang='grc' dir='ltr'><strong>τὴν</strong></span> <span class='ocrx_word' id='word_1_565' title='bbox 1457 4109 1789 4186; x_wconf 84' lang='grc' dir='ltr'><strong>ἐγχείρησιν,</strong></span> <span class='ocrx_word' id='word_1_566' title='bbox 1844 4107 1924 4186; x_wconf 72' lang='grc' dir='ltr'><strong>ἐφ’</strong></span> 
     </span>
    </p>
   </div>
   <div class='ocr_carea' id='block_1_74' title="bbox 2104 3482 3682 3559">
    <p class='ocr_par' dir='ltr' id='par_1_74' title="bbox 2104 3482 3682 3559">
     <span class='ocr_line' id='line_1_74' title="bbox 2104 3482 3682 3559; baseline -0.004 -16"><span class='ocrx_word' id='word_1_567' title='bbox 2104 3489 2381 3546; x_wconf 81' lang='lat' dir='ltr'><strong>CXXXII.</strong></span> <span class='ocrx_word' id='word_1_568' title='bbox 2394 3493 2475 3545; x_wconf 84' lang='lat' dir='ltr'><strong>Tu</strong></span> <span class='ocrx_word' id='word_1_569' title='bbox 2495 3504 2651 3559; x_wconf 89' lang='lat' dir='ltr'><strong>vero,</strong></span> <span class='ocrx_word' id='word_1_570' title='bbox 2667 3505 2698 3545; x_wconf 95' lang='lat' dir='ltr'><strong>o</strong></span> <span class='ocrx_word' id='word_1_571' title='bbox 2711 3489 2977 3545; x_wconf 88' lang='lat' dir='ltr'><strong>omnium</strong></span> <span class='ocrx_word' id='word_1_572' title='bbox 2993 3489 3049 3544; x_wconf 91' lang='lat' dir='ltr'><strong>in</strong></span> <span class='ocrx_word' id='word_1_573' title='bbox 3065 3488 3339 3544; x_wconf 91' lang='lat' dir='ltr'><strong>omnibus</strong></span> <span class='ocrx_word' id='word_1_574' title='bbox 3357 3486 3577 3559; x_wconf 89' lang='lat' dir='ltr'><strong>optime</strong></span> <span class='ocrx_word' id='word_1_575' title='bbox 3594 3482 3682 3538; x_wconf 88' lang='lat' dir='ltr'><strong>vir</strong></span> 
     </span>
    </p>
   </div>
   <div class='ocr_carea' id='block_1_75' title="bbox 2034 3574 3683 3649">
    <p class='ocr_par' dir='ltr' id='par_1_75' title="bbox 2034 3574 3683 3649">
     <span class='ocr_line' id='line_1_75' title="bbox 2034 3574 3683 3649; baseline -0.004 -16"><span class='ocrx_word' id='word_1_576' title='bbox 2034 3580 2088 3633; x_wconf 90' lang='lat' dir='ltr'><strong>et</strong></span> <span class='ocrx_word' id='word_1_577' title='bbox 2119 3578 2375 3633; x_wconf 84' lang='lat' dir='ltr'><strong>essentia</strong></span> <span class='ocrx_word' id='word_1_578' title='bbox 2397 3577 2555 3634; x_wconf 90' lang='lat' dir='ltr'><strong>omni</strong></span> <span class='ocrx_word' id='word_1_579' title='bbox 2584 3578 2911 3649; x_wconf 86' lang='lat' dir='ltr'><strong>superioris,</strong></span> <span class='ocrx_word' id='word_1_580' title='bbox 2937 3578 3220 3649; x_wconf 88' lang='lat' dir='ltr'><strong>planeque</strong></span> <span class='ocrx_word' id='word_1_581' title='bbox 3241 3574 3575 3648; x_wconf 82' lang='lat' dir='ltr'><strong>singularis,</strong></span> <span class='ocrx_word' id='word_1_582' title='bbox 3598 3574 3683 3629; x_wconf 89' lang='lat' dir='ltr'><strong>di-</strong></span> 
     </span>
    </p>
   </div>
   <div class='ocr_carea' id='block_1_76' title="bbox 2033 3664 3677 3739">
    <p class='ocr_par' dir='ltr' id='par_1_76' title="bbox 2033 3664 3677 3739">
     <span class='ocr_line' id='line_1_76' title="bbox 2033 3664 3677 3739; baseline -0.001 -19"><span class='ocrx_word' id='word_1_583' title='bbox 2033 3667 2180 3721; x_wconf 70' lang='lat' dir='ltr'><strong>vina:</strong></span> <span class='ocrx_word' id='word_1_584' title='bbox 2201 3666 2511 3723; x_wconf 86' lang='lat' dir='ltr'><strong>Trinitatis</strong></span> <span class='ocrx_word' id='word_1_585' title='bbox 2539 3682 2813 3739; x_wconf 82' lang='lat' dir='ltr'><strong>germane</strong></span> <span class='ocrx_word' id='word_1_586' title='bbox 2835 3669 3103 3723; x_wconf 87' lang='lat' dir='ltr'><strong>sacerdos</strong></span> <span class='ocrx_word' id='word_1_587' title='bbox 3123 3675 3295 3739; x_wconf 87' lang='lat' dir='ltr'><strong>atque</strong></span> <span class='ocrx_word' id='word_1_588' title='bbox 3321 3664 3677 3737; x_wconf 60' lang='lat' dir='ltr'><strong>pradicator,</strong></span> 
     </span>
    </p>
   </div>
   <div class='ocr_carea' id='block_1_77' title="bbox 2036 3753 3680 3827">
    <p class='ocr_par' dir='ltr' id='par_1_77' title="bbox 2036 3753 3680 3827">
     <span class='ocr_line' id='line_1_77' title="bbox 2036 3753 3680 3827; baseline -0.001 -17"><span class='ocrx_word' id='word_1_589' title='bbox 2036 3771 2164 3827; x_wconf 70' lang='lat' dir='ltr'><strong>quae</strong></span> <span class='ocrx_word' id='word_1_590' title='bbox 2195 3773 2228 3811; x_wconf 91' lang='lat' dir='ltr'><strong>a</strong></span> <span class='ocrx_word' id='word_1_591' title='bbox 2260 3771 2352 3811; x_wconf 91' lang='lat' dir='ltr'><strong>me</strong></span> <span class='ocrx_word' id='word_1_592' title='bbox 2372 3757 2443 3811; x_wconf 89' lang='lat' dir='ltr'><strong>ad</strong></span> <span class='ocrx_word' id='word_1_593' title='bbox 2466 3772 2680 3813; x_wconf 89' lang='lat' dir='ltr'><strong>nomen</strong></span> <span class='ocrx_word' id='word_1_594' title='bbox 2711 3761 2876 3812; x_wconf 87' lang='lat' dir='ltr'><strong>tuum</strong></span> <span class='ocrx_word' id='word_1_595' title='bbox 2909 3757 3234 3813; x_wconf 89' lang='lat' dir='ltr'><strong>ornandum</strong></span> <span class='ocrx_word' id='word_1_596' title='bbox 3252 3753 3498 3811; x_wconf 87' lang='lat' dir='ltr'><strong>conferri</strong></span> <span class='ocrx_word' id='word_1_597' title='bbox 3520 3757 3680 3825; x_wconf 88' lang='lat' dir='ltr'><strong>pote-</strong></span> 
     </span>
    </p>
   </div>
   <div class='ocr_carea' id='block_1_78' title="bbox 2038 3843 3683 3916">
    <p class='ocr_par' dir='ltr' id='par_1_78' title="bbox 2038 3843 3683 3916">
     <span class='ocr_line' id='line_1_78' title="bbox 2038 3843 3683 3916; baseline -0.001 -18"><span class='ocrx_word' id='word_1_598' title='bbox 2038 3848 2186 3912; x_wconf 88' lang='lat' dir='ltr'><strong>rant,</strong></span> <span class='ocrx_word' id='word_1_599' title='bbox 2230 3843 2353 3900; x_wconf 82' lang='lat' dir='ltr'><strong>hasc</strong></span> <span class='ocrx_word' id='word_1_600' title='bbox 2383 3850 2440 3900; x_wconf 91' lang='lat' dir='ltr'><strong>et</strong></span> <span class='ocrx_word' id='word_1_601' title='bbox 2469 3845 2873 3916; x_wconf 89' lang='lat' dir='ltr'><strong>hujuscemodi</strong></span> <span class='ocrx_word' id='word_1_602' title='bbox 2907 3849 3064 3913; x_wconf 89' lang='lat' dir='ltr'><strong>sunt,</strong></span> <span class='ocrx_word' id='word_1_603' title='bbox 3099 3849 3200 3900; x_wconf 89' lang='lat' dir='ltr'><strong>aut</strong></span> <span class='ocrx_word' id='word_1_604' title='bbox 3250 3844 3437 3901; x_wconf 85' lang='lat' dir='ltr'><strong>verius</strong></span> <span class='ocrx_word' id='word_1_605' title='bbox 3485 3847 3584 3899; x_wconf 90' lang='lat' dir='ltr'><strong>tua</strong></span> <span class='ocrx_word' id='word_1_606' title='bbox 3629 3850 3683 3898; x_wconf 84' lang='lat' dir='ltr'><strong>et</strong></span> 
     </span>
    </p>
   </div>
   <div class='ocr_carea' id='block_1_79' title="bbox 2038 3933 3684 4007">
    <p class='ocr_par' dir='ltr' id='par_1_79' title="bbox 2038 3933 3684 4007">
     <span class='ocr_line' id='line_1_79' title="bbox 2038 3933 3684 4007; baseline -0.001 -20"><span class='ocrx_word' id='word_1_607' title='bbox 2038 3933 2143 3987; x_wconf 88' lang='lat' dir='ltr'><strong>abs</strong></span> <span class='ocrx_word' id='word_1_608' title='bbox 2168 3936 2225 3988; x_wconf 91' lang='lat' dir='ltr'><strong>te</strong></span> <span class='ocrx_word' id='word_1_609' title='bbox 2256 3933 2383 4003; x_wconf 89' lang='lat' dir='ltr'><strong>ipso</strong></span> <span class='ocrx_word' id='word_1_610' title='bbox 2415 3934 2582 3990; x_wconf 91' lang='lat' dir='ltr'><strong>nobis</strong></span> <span class='ocrx_word' id='word_1_611' title='bbox 2613 3934 2927 4007; x_wconf 87' lang='lat' dir='ltr'><strong>impertita.</strong></span> <span class='ocrx_word' id='word_1_612' title='bbox 2980 3936 3222 4001; x_wconf 87' lang='lat' dir='ltr'><strong>Quando</strong></span> <span class='ocrx_word' id='word_1_613' title='bbox 3252 3934 3409 3990; x_wconf 89' lang='lat' dir='ltr'><strong>enim</strong></span> <span class='ocrx_word' id='word_1_614' title='bbox 3441 3949 3557 3989; x_wconf 93' lang='lat' dir='ltr'><strong>non</strong></span> <span class='ocrx_word' id='word_1_615' title='bbox 3589 3947 3684 3987; x_wconf 89' lang='lat' dir='ltr'><strong>so-</strong></span> 
     </span>
    </p>
   </div>
   <div class='ocr_carea' id='block_1_80' title="bbox 2038 4022 3683 4097">
    <p class='ocr_par' dir='ltr' id='par_1_80' title="bbox 2038 4022 3683 4097">
     <span class='ocr_line' id='line_1_80' title="bbox 2038 4022 3683 4097; baseline 0.001 -20"><span class='ocrx_word' id='word_1_616' title='bbox 2038 4022 2162 4078; x_wconf 92' lang='lat' dir='ltr'><strong>lum</strong></span> <span class='ocrx_word' id='word_1_617' title='bbox 2180 4027 2284 4079; x_wconf 90' lang='lat' dir='ltr'><strong>tuo</strong></span> <span class='ocrx_word' id='word_1_618' title='bbox 2306 4024 2588 4080; x_wconf 88' lang='lat' dir='ltr'><strong>instinctu</strong></span> <span class='ocrx_word' id='word_1_619' title='bbox 2612 4026 2976 4097; x_wconf 89' lang='lat' dir='ltr'><strong>monituque,</strong></span> <span class='ocrx_word' id='word_1_620' title='bbox 3000 4030 3215 4097; x_wconf 90' lang='lat' dir='ltr'><strong>tuaque</strong></span> <span class='ocrx_word' id='word_1_621' title='bbox 3236 4022 3683 4081; x_wconf 89' lang='lat' dir='ltr'><strong>adminiculante</strong></span> 
     </span>
    </p>
   </div>
   <div class='ocr_carea' id='block_1_81' title="bbox 2038 4109 3685 4185">
    <p class='ocr_par' dir='ltr' id='par_1_81' title="bbox 2038 4109 3685 4185">
     <span class='ocr_line' id='line_1_81' title="bbox 2038 4109 3685 4185; baseline -0.001 -20"><span class='ocrx_word' id='word_1_622' title='bbox 2038 4111 2246 4183; x_wconf 88' lang='lat' dir='ltr'><strong>gratia,</strong></span> <span class='ocrx_word' id='word_1_623' title='bbox 2286 4113 2359 4168; x_wconf 90' lang='lat' dir='ltr'><strong>ad</strong></span> <span class='ocrx_word' id='word_1_624' title='bbox 2386 4112 2496 4168; x_wconf 90' lang='lat' dir='ltr'><strong>hoc</strong></span> <span class='ocrx_word' id='word_1_625' title='bbox 2526 4114 2842 4185; x_wconf 82' lang='lat' dir='ltr'><strong>negotium,</strong></span> <span class='ocrx_word' id='word_1_626' title='bbox 2872 4131 2905 4168; x_wconf 88' lang='lat' dir='ltr'><strong>a</strong></span> <span class='ocrx_word' id='word_1_627' title='bbox 2926 4130 3041 4185; x_wconf 90' lang='lat' dir='ltr'><strong>quo</strong></span> <span class='ocrx_word' id='word_1_628' title='bbox 3061 4118 3255 4181; x_wconf 87' lang='lat' dir='ltr'><strong>antea,</strong></span> <span class='ocrx_word' id='word_1_629' title='bbox 3281 4109 3685 4185; x_wconf 87' lang='lat' dir='ltr'><strong>magnitudine</strong></span> 
     </span>
    </p>
   </div>
   <div class='ocr_carea' id='block_1_82' title="bbox 277 4190 1929 4279">
    <p class='ocr_par' dir='ltr' id='par_1_82' title="bbox 277 4196 1926 4279">
     <span class='ocr_line' id='line_1_82' title="bbox 277 4196 1926 4279; baseline -0.004 -20"><span class='ocrx_word' id='word_1_630' title='bbox 277 4205 427 4260; x_wconf 68' lang='grc' dir='ltr'><strong>οὕτω</strong></span> <span class='ocrx_word' id='word_1_631' title='bbox 469 4226 560 4260; x_wconf 91' lang='grc' dir='ltr'><strong>τοι</strong></span> <span class='ocrx_word' id='word_1_632' title='bbox 608 4205 789 4279; x_wconf 73' lang='grc' dir='ltr'><strong>τύχης</strong></span> <span class='ocrx_word' id='word_1_633' title='bbox 838 4203 996 4275; x_wconf 81' lang='grc' dir='ltr'><strong>ἰόντι,</strong></span> <span class='ocrx_word' id='word_1_634' title='bbox 1027 4205 1101 4265; x_wconf 81' lang='grc' dir='ltr'><strong>ὡς</strong></span> <span class='ocrx_word' id='word_1_635' title='bbox 1152 4202 1287 4278; x_wconf 75' lang='grc' dir='ltr'><strong>πρὸς</strong></span> <span class='ocrx_word' id='word_1_636' title='bbox 1339 4202 1524 4263; x_wconf 78' lang='grc' dir='ltr'><strong>αὐτοῖς</strong></span> <span class='ocrx_word' id='word_1_637' title='bbox 1576 4198 1770 4275; x_wconf 86' lang='grc' dir='ltr'><strong>σχεδὸν</strong></span> <span class='ocrx_word' id='word_1_638' title='bbox 1816 4196 1926 4270; x_wconf 80' lang='grc' dir='ltr'><strong>ἤδη</strong></span> 
     </span>
    </p>
   </div>
   <div class='ocr_carea' id='block_1_83' title="bbox 2046 4190 3687 4279">
    <p class='ocr_par' dir='ltr' id='par_1_83' title="bbox 2046 4198 3687 4269">
     <span class='ocr_line' id='line_1_83' title="bbox 2046 4198 3687 4269; baseline -0.001 -15"><span class='ocrx_word' id='word_1_639' title='bbox 2046 4198 2198 4255; x_wconf 88' lang='lat' dir='ltr'><strong>illius</strong></span> <span class='ocrx_word' id='word_1_640' title='bbox 2230 4201 2563 4268; x_wconf 84' lang='lat' dir='ltr'><strong>deterritus,</strong></span> <span class='ocrx_word' id='word_1_641' title='bbox 2613 4202 2985 4258; x_wconf 88' lang='lat' dir='ltr'><strong>vehementer</strong></span> <span class='ocrx_word' id='word_1_642' title='bbox 3024 4202 3430 4269; x_wconf 79' lang='lat' dir='ltr'><strong>abborrebam,</strong></span> <span class='ocrx_word' id='word_1_643' title='bbox 3462 4214 3687 4256; x_wconf 87' lang='lat' dir='ltr'><strong>summa</strong></span> 
     </span>
    </p>
   </div>
   <div class='ocr_carea' id='block_1_84' title="bbox 275 4289 1918 4370">
    <p class='ocr_par' dir='ltr' id='par_1_84' title="bbox 275 4289 1918 4370">
     <span class='ocr_line' id='line_1_84' title="bbox 275 4289 1918 4370; baseline -0.004 -21"><span class='ocrx_word' id='word_1_644' title='bbox 275 4295 562 4370; x_wconf 70' lang='grc' dir='ltr'><strong>γεγονέναι</strong></span> <span class='ocrx_word' id='word_1_645' title='bbox 617 4298 738 4357; x_wconf 87' lang='grc' dir='ltr'><strong>τοῖς</strong></span> <span class='ocrx_word' id='word_1_646' title='bbox 793 4292 1076 4368; x_wconf 75' lang='grc' dir='ltr'><strong>ἐπιλόγοις</strong></span> <span class='ocrx_word' id='word_1_647' title='bbox 1124 4296 1221 4347; x_wconf 90' lang='grc' dir='ltr'><strong>τοῦ</strong></span> <span class='ocrx_word' id='word_1_648' title='bbox 1280 4289 1512 4365; x_wconf 86' lang='grc' dir='ltr'><strong>βίουτῷ</strong></span> <span class='ocrx_word' id='word_1_649' title='bbox 1542 4290 1779 4365; x_wconf 90' lang='grc' dir='ltr'><strong>περιόντι</strong></span> <span class='ocrx_word' id='word_1_650' title='bbox 1817 4295 1918 4358; x_wconf 72' lang='grc' dir='ltr'><strong>τῆς</strong></span> 
     </span>
    </p>
   </div>
   <div class='ocr_carea' id='block_1_85' title="bbox 272 4379 1924 4455">
    <p class='ocr_par' dir='ltr' id='par_1_85' title="bbox 272 4379 1924 4455">
     <span class='ocr_line' id='line_1_85' title="bbox 272 4379 1924 4455; baseline -0.003 -19"><span class='ocrx_word' id='word_1_651' title='bbox 272 4382 464 4453; x_wconf 90' lang='grc' dir='ltr'><strong>νόσου,</strong></span> <span class='ocrx_word' id='word_1_652' title='bbox 513 4382 605 4437; x_wconf 83' lang='grc' dir='ltr'><strong>καὶ</strong></span> <span class='ocrx_word' id='word_1_653' title='bbox 657 4380 892 4455; x_wconf 79' lang='grc' dir='ltr'><strong>μονονοὺ</strong></span> <span class='ocrx_word' id='word_1_654' title='bbox 946 4383 1047 4449; x_wconf 82' lang='grc' dir='ltr'><strong>τήν</strong></span> <span class='ocrx_word' id='word_1_655' title='bbox 1104 4379 1360 4449; x_wconf 73' lang='grc' dir='ltr'><strong>τελευτὴν</strong></span> <span class='ocrx_word' id='word_1_656' title='bbox 1418 4383 1712 4455; x_wconf 82' lang='grc' dir='ltr'><strong>προσὸρᾷν,</strong></span> <span class='ocrx_word' id='word_1_657' title='bbox 1763 4398 1924 4432; x_wconf 79' lang='grc' dir='ltr'><strong>παια-</strong></span> 
     </span>
    </p>
   </div>
   <div class='ocr_carea' id='block_1_86' title="bbox 271 4464 1927 4547">
    <p class='ocr_par' dir='ltr' id='par_1_86' title="bbox 271 4464 1927 4547">
     <span class='ocr_line' id='line_1_86' title="bbox 271 4464 1927 4547; baseline -0.002 -21"><span class='ocrx_word' id='word_1_658' title='bbox 271 4474 429 4527; x_wconf 85' lang='grc' dir='ltr'><strong>νικὸν</strong></span> <span class='ocrx_word' id='word_1_659' title='bbox 486 4470 643 4533; x_wconf 76' lang='grc' dir='ltr'><strong>εὐθὺς</strong></span> <span class='ocrx_word' id='word_1_660' title='bbox 697 4470 922 4547; x_wconf 76' lang='grc' dir='ltr'><strong>γέγονας</strong></span> <span class='ocrx_word' id='word_1_661' title='bbox 978 4466 1129 4535; x_wconf 79' lang='grc' dir='ltr'><strong>ἄκος,</strong></span> <span class='ocrx_word' id='word_1_662' title='bbox 1159 4470 1250 4525; x_wconf 83' lang='grc' dir='ltr'><strong>καὶ</strong></span> <span class='ocrx_word' id='word_1_663' title='bbox 1310 4468 1371 4524; x_wconf 80' lang='grc' dir='ltr'><strong>οὐ</strong></span> <span class='ocrx_word' id='word_1_664' title='bbox 1430 4466 1695 4544; x_wconf 83' lang='grc' dir='ltr'><strong>περιεῖδες</strong></span> <span class='ocrx_word' id='word_1_665' title='bbox 1741 4464 1927 4541; x_wconf 81' lang='grc' dir='ltr'><strong>δεόμε-</strong></span> 
     </span>
    </p>
   </div>
   <div class='ocr_carea' id='block_1_87' title="bbox 269 4554 1926 4639">
    <p class='ocr_par' dir='ltr' id='par_1_87' title="bbox 269 4554 1926 4639">
     <span class='ocr_line' id='line_1_87' title="bbox 269 4554 1926 4639; baseline -0.004 -22"><span class='ocrx_word' id='word_1_666' title='bbox 269 4582 391 4629; x_wconf 86' lang='grc' dir='ltr'><strong>νον,</strong></span> <span class='ocrx_word' id='word_1_667' title='bbox 423 4559 474 4630; x_wconf 79' lang='grc' dir='ltr'>ἐξ</span> <span class='ocrx_word' id='word_1_668' title='bbox 530 4561 633 4635; x_wconf 74' lang='grc' dir='ltr'><strong>ἄρα</strong></span> <span class='ocrx_word' id='word_1_669' title='bbox 678 4559 885 4615; x_wconf 75' lang='grc' dir='ltr'><strong>τούτων</strong></span> <span class='ocrx_word' id='word_1_670' title='bbox 928 4558 1316 4639; x_wconf 63' lang='grc' dir='ltr'><strong>ἀποφαίϊσθαι</strong></span> <span class='ocrx_word' id='word_1_671' title='bbox 1366 4555 1556 4627; x_wconf 75' lang='grc' dir='ltr'><strong>δίδως,</strong></span> <span class='ocrx_word' id='word_1_672' title='bbox 1605 4557 1679 4619; x_wconf 84' lang='grc' dir='ltr'><strong>ὡς</strong></span> <span class='ocrx_word' id='word_1_673' title='bbox 1727 4554 1761 4611; x_wconf 77' lang='grc' dir='ltr'><strong>’ά</strong></span> <span class='ocrx_word' id='word_1_674' title='bbox 1800 4557 1926 4629; x_wconf 90' lang='grc' dir='ltr'><strong>παρ’</strong></span> 
     </span>
    </p>
   </div>
   <div class='ocr_carea' id='block_1_88' title="bbox 271 4642 1926 4722">
    <p class='ocr_par' dir='ltr' id='par_1_88' title="bbox 271 4642 1926 4722">
     <span class='ocr_line' id='line_1_88' title="bbox 271 4642 1926 4722; baseline -0.004 -17"><span class='ocrx_word' id='word_1_675' title='bbox 271 4652 416 4721; x_wconf 80' lang='grc' dir='ltr'><strong>ἐμοῦ</strong></span> <span class='ocrx_word' id='word_1_676' title='bbox 443 4654 527 4722; x_wconf 81' lang='grc' dir='ltr'><strong>τῷ</strong></span> <span class='ocrx_word' id='word_1_677' title='bbox 557 4647 735 4704; x_wconf 86' lang='grc' dir='ltr'><strong>δοκεῖν</strong></span> <span class='ocrx_word' id='word_1_678' title='bbox 787 4644 893 4717; x_wconf 73' lang='grc' dir='ltr'><strong>ἤδη</strong></span> <span class='ocrx_word' id='word_1_679' title='bbox 942 4642 1259 4721; x_wconf 75' lang='grc' dir='ltr'><strong>λαμϐάνεις,</strong></span> <span class='ocrx_word' id='word_1_680' title='bbox 1291 4668 1438 4722; x_wconf 89' lang='grc' dir='ltr'><strong>παρα</strong></span> <span class='ocrx_word' id='word_1_681' title='bbox 1486 4649 1684 4701; x_wconf 82' lang='grc' dir='ltr'><strong>σαυτοῦ</strong></span> <span class='ocrx_word' id='word_1_682' title='bbox 1725 4645 1926 4716; x_wconf 85' lang='grc' dir='ltr'><strong>τῳόντι</strong></span> 
     </span>
    </p>
   </div>
   <div class='ocr_carea' id='block_1_89' title="bbox 275 4733 1926 4811">
    <p class='ocr_par' dir='ltr' id='par_1_89' title="bbox 275 4733 1926 4811">
     <span class='ocr_line' id='line_1_89' title="bbox 275 4733 1926 4811; baseline -0.004 -18"><span class='ocrx_word' id='word_1_683' title='bbox 275 4733 625 4811; x_wconf 75' lang='grc' dir='ltr'><strong>λαμϐάνεις·</strong></span> <span class='ocrx_word' id='word_1_684' title='bbox 682 4738 772 4792; x_wconf 84' lang='grc' dir='ltr'><strong>καὶ</strong></span> <span class='ocrx_word' id='word_1_685' title='bbox 847 4738 921 4791; x_wconf 82' lang='grc' dir='ltr'><strong>ὢν</strong></span> <span class='ocrx_word' id='word_1_686' title='bbox 990 4740 1138 4809; x_wconf 81' lang='grc' dir='ltr'><strong>ἡμᾶς</strong></span> <span class='ocrx_word' id='word_1_687' title='bbox 1208 4736 1265 4791; x_wconf 86' lang='grc' dir='ltr'><strong>εῦ</strong></span> <span class='ocrx_word' id='word_1_688' title='bbox 1331 4735 1659 4806; x_wconf 85' lang='grc' dir='ltr'><strong>πεποίηκας,</strong></span> <span class='ocrx_word' id='word_1_689' title='bbox 1719 4754 1926 4788; x_wconf 87' lang='grc' dir='ltr'><strong>τουτων</strong></span> 
     </span>
    </p>
   </div>
   <div class='ocr_carea' id='block_1_90' title="bbox 274 4820 1926 4903">
    <p class='ocr_par' dir='ltr' id='par_1_90' title="bbox 274 4820 1926 4903">
     <span class='ocr_line' id='line_1_90' title="bbox 274 4820 1926 4903; baseline -0.004 -21"><span class='ocrx_word' id='word_1_690' title='bbox 274 4827 409 4888; x_wconf 79' lang='grc' dir='ltr'><strong>τοὺς</strong></span> <span class='ocrx_word' id='word_1_691' title='bbox 449 4826 695 4900; x_wconf 82' lang='grc' dir='ltr'><strong>καρποὺς</strong></span> <span class='ocrx_word' id='word_1_692' title='bbox 723 4827 968 4903; x_wconf 74' lang='grc' dir='ltr'><strong>ἆποφέρῃ</strong></span> <span class='ocrx_word' id='word_1_693' title='bbox 995 4845 1008 4859; x_wconf 74' lang='grc' dir='ltr'><strong>ο</strong></span> <span class='ocrx_word' id='word_1_694' title='bbox 1056 4826 1084 4880; x_wconf 86' lang='grc' dir='ltr'>ὁ</span> <span class='ocrx_word' id='word_1_695' title='bbox 1118 4824 1278 4889; x_wconf 63' lang='grc' dir='ltr'><strong>αὐτὸς</strong></span> <span class='ocrx_word' id='word_1_696' title='bbox 1323 4825 1707 4903; x_wconf 31' lang='grc' dir='ltr'><strong>γεγονὼςητοῦ</strong></span> <span class='ocrx_word' id='word_1_697' title='bbox 1754 4820 1926 4897; x_wconf 77' lang='grc' dir='ltr'><strong>λόγου</strong></span> 
     </span>
    </p>
   </div>
   <div class='ocr_carea' id='block_1_91' title="bbox 274 4911 1928 4992">
    <p class='ocr_par' dir='ltr' id='par_1_91' title="bbox 274 4911 1928 4992">
     <span class='ocr_line' id='line_1_91' title="bbox 274 4911 1928 4992; baseline -0.003 -21"><span class='ocrx_word' id='word_1_698' title='bbox 274 4918 369 4971; x_wconf 76' lang='grc' dir='ltr'><strong>καὶ</strong></span> <span class='ocrx_word' id='word_1_699' title='bbox 407 4911 716 4992; x_wconf 73' lang='grc' dir='ltr'><strong>βραϐευτής</strong></span> <span class='ocrx_word' id='word_1_700' title='bbox 754 4914 843 4970; x_wconf 85' lang='grc' dir='ltr'><strong>καὶ</strong></span> <span class='ocrx_word' id='word_1_701' title='bbox 889 4916 1315 4991; x_wconf 82' lang='grc' dir='ltr'><strong>συναγωνιστὴς,</strong></span> <span class='ocrx_word' id='word_1_702' title='bbox 1345 4915 1433 4969; x_wconf 86' lang='grc' dir='ltr'><strong>καὶ</strong></span> <span class='ocrx_word' id='word_1_703' title='bbox 1459 4913 1737 4988; x_wconf 83' lang='grc' dir='ltr'><strong>τεχνίτης.</strong></span> <span class='ocrx_word' id='word_1_704' title='bbox 1774 4911 1928 4967; x_wconf 77' lang='grc' dir='ltr'><strong>Εἶεν⁶</strong></span> 
     </span>
    </p>
   </div>
   <div class='ocr_carea' id='block_1_92' title="bbox 280 4998 1426 5080">
    <p class='ocr_par' dir='ltr' id='par_1_92' title="bbox 280 4998 1426 5080">
     <span class='ocr_line' id='line_1_92' title="bbox 280 4998 1426 5080; baseline 0 -19"><span class='ocrx_word' id='word_1_705' title='bbox 280 5006 429 5061; x_wconf 75' lang='grc' dir='ltr'><strong>οὕτω</strong></span> <span class='ocrx_word' id='word_1_706' title='bbox 457 5007 604 5080; x_wconf 74' lang='grc' dir='ltr'><strong>παρὰ</strong></span> <span class='ocrx_word' id='word_1_707' title='bbox 632 5009 830 5060; x_wconf 79' lang='grc' dir='ltr'><strong>σαυτοῦ</strong></span> <span class='ocrx_word' id='word_1_708' title='bbox 859 5006 1007 5059; x_wconf 83' lang='grc' dir='ltr'><strong>ταῦτ’</strong></span> <span class='ocrx_word' id='word_1_709' title='bbox 1037 5000 1185 5079; x_wconf 81' lang='grc' dir='ltr'><strong>ἔχεις</strong></span> <span class='ocrx_word' id='word_1_710' title='bbox 1219 4998 1426 5061; x_wconf 78' lang='grc' dir='ltr'><strong>λαϐών.</strong></span> 
     </span>
    </p>
   </div>
   <div class='ocr_carea' id='block_1_93' title="bbox 2036 4288 3688 4364">
    <p class='ocr_par' dir='ltr' id='par_1_93' title="bbox 2036 4288 3688 4364">
     <span class='ocr_line' id='line_1_93' title="bbox 2036 4288 3688 4364; baseline 0.002 -19"><span class='ocrx_word' id='word_1_711' title='bbox 2036 4288 2219 4345; x_wconf 88' lang='lat' dir='ltr'><strong>animi</strong></span> <span class='ocrx_word' id='word_1_712' title='bbox 2247 4289 2549 4346; x_wconf 86' lang='lat' dir='ltr'><strong>alacritate</strong></span> <span class='ocrx_word' id='word_1_713' title='bbox 2576 4307 2890 4364; x_wconf 87' lang='lat' dir='ltr'><strong>aggressus</strong></span> <span class='ocrx_word' id='word_1_714' title='bbox 2910 4309 3063 4358; x_wconf 88' lang='lat' dir='ltr'><strong>sum,</strong></span> <span class='ocrx_word' id='word_1_715' title='bbox 3094 4294 3196 4349; x_wconf 88' lang='lat' dir='ltr'><strong>sed</strong></span> <span class='ocrx_word' id='word_1_716' title='bbox 3227 4291 3328 4349; x_wconf 91' lang='lat' dir='ltr'><strong>illo</strong></span> <span class='ocrx_word' id='word_1_717' title='bbox 3353 4292 3531 4348; x_wconf 89' lang='lat' dir='ltr'><strong>etiam</strong></span> <span class='ocrx_word' id='word_1_718' title='bbox 3556 4308 3688 4348; x_wconf 87' lang='lat' dir='ltr'><strong>sus-</strong></span> 
     </span>
    </p>
   </div>
   <div class='ocr_carea' id='block_1_94' title="bbox 2036 4382 3687 4451">
    <p class='ocr_par' dir='ltr' id='par_1_94' title="bbox 2036 4382 3687 4451">
     <span class='ocr_line' id='line_1_94' title="bbox 2036 4382 3687 4451; baseline 0.002 -17"><span class='ocrx_word' id='word_1_719' title='bbox 2036 4383 2223 4451; x_wconf 86' lang='lat' dir='ltr'><strong>cepto,</strong></span> <span class='ocrx_word' id='word_1_720' title='bbox 2257 4396 2391 4436; x_wconf 91' lang='lat' dir='ltr'><strong>cum</strong></span> <span class='ocrx_word' id='word_1_721' title='bbox 2425 4382 2486 4436; x_wconf 90' lang='lat' dir='ltr'><strong>in</strong></span> <span class='ocrx_word' id='word_1_722' title='bbox 2515 4395 2644 4437; x_wconf 88' lang='lat' dir='ltr'><strong>eam</strong></span> <span class='ocrx_word' id='word_1_723' title='bbox 2677 4382 2962 4438; x_wconf 89' lang='lat' dir='ltr'><strong>venissem</strong></span> <span class='ocrx_word' id='word_1_724' title='bbox 2988 4383 3298 4450; x_wconf 82' lang='lat' dir='ltr'><strong>fortunam,</strong></span> <span class='ocrx_word' id='word_1_725' title='bbox 3333 4387 3399 4438; x_wconf 92' lang='lat' dir='ltr'><strong>ut</strong></span> <span class='ocrx_word' id='word_1_726' title='bbox 3429 4382 3687 4438; x_wconf 86' lang='lat' dir='ltr'><strong>maxima</strong></span> 
     </span>
    </p>
   </div>
   <div class='ocr_carea' id='block_1_95' title="bbox 2034 4469 3683 4543">
    <p class='ocr_par' dir='ltr' id='par_1_95' title="bbox 2034 4469 3683 4543">
     <span class='ocr_line' id='line_1_95' title="bbox 2034 4469 3683 4543; baseline 0.002 -18"><span class='ocrx_word' id='word_1_727' title='bbox 2034 4469 2222 4526; x_wconf 88' lang='lat' dir='ltr'><strong>morbi</strong></span> <span class='ocrx_word' id='word_1_728' title='bbox 2252 4469 2308 4526; x_wconf 86' lang='lat' dir='ltr'><strong>vi</strong></span> <span class='ocrx_word' id='word_1_729' title='bbox 2336 4470 2408 4526; x_wconf 91' lang='lat' dir='ltr'><strong>ad</strong></span> <span class='ocrx_word' id='word_1_730' title='bbox 2440 4471 2629 4543; x_wconf 89' lang='lat' dir='ltr'><strong>ipsam</strong></span> <span class='ocrx_word' id='word_1_731' title='bbox 2662 4472 2776 4528; x_wconf 89' lang='lat' dir='ltr'><strong>fere</strong></span> <span class='ocrx_word' id='word_1_732' title='bbox 2806 4474 2933 4528; x_wconf 63' lang='lat' dir='ltr'><strong>vitae</strong></span> <span class='ocrx_word' id='word_1_733' title='bbox 2967 4472 3396 4529; x_wconf 90' lang='lat' dir='ltr'><strong>conclusionem</strong></span> <span class='ocrx_word' id='word_1_734' title='bbox 3435 4473 3683 4529; x_wconf 88' lang='lat' dir='ltr'><strong>adducto</strong></span> 
     </span>
    </p>
   </div>
   <div class='ocr_carea' id='block_1_96' title="bbox 2037 4563 3684 4631">
    <p class='ocr_par' dir='ltr' id='par_1_96' title="bbox 2037 4563 3684 4631">
     <span class='ocr_line' id='line_1_96' title="bbox 2037 4563 3684 4631; baseline 0.002 -18"><span class='ocrx_word' id='word_1_735' title='bbox 2037 4575 2294 4629; x_wconf 67' lang='lat' dir='ltr'><strong>prasens</strong></span> <span class='ocrx_word' id='word_1_736' title='bbox 2323 4564 2554 4616; x_wconf 90' lang='lat' dir='ltr'><strong>tantum</strong></span> <span class='ocrx_word' id='word_1_737' title='bbox 2596 4577 2712 4616; x_wconf 91' lang='lat' dir='ltr'><strong>non</strong></span> <span class='ocrx_word' id='word_1_738' title='bbox 2734 4566 2871 4618; x_wconf 91' lang='lat' dir='ltr'><strong>ante</strong></span> <span class='ocrx_word' id='word_1_739' title='bbox 2890 4563 3090 4619; x_wconf 90' lang='lat' dir='ltr'><strong>oculos</strong></span> <span class='ocrx_word' id='word_1_740' title='bbox 3119 4564 3305 4619; x_wconf 85' lang='lat' dir='ltr'><strong>fatum</strong></span> <span class='ocrx_word' id='word_1_741' title='bbox 3330 4567 3684 4631; x_wconf 89' lang='lat' dir='ltr'><strong>versaretur,</strong></span> 
     </span>
    </p>
   </div>
   <div class='ocr_carea' id='block_1_97' title="bbox 2034 4646 3679 4720">
    <p class='ocr_par' dir='ltr' id='par_1_97' title="bbox 2034 4646 3679 4720">
     <span class='ocr_line' id='line_1_97' title="bbox 2034 4646 3679 4720; baseline 0.003 -18"><span class='ocrx_word' id='word_1_742' title='bbox 2034 4646 2132 4704; x_wconf 90' lang='lat' dir='ltr'><strong>hic</strong></span> <span class='ocrx_word' id='word_1_743' title='bbox 2158 4652 2222 4703; x_wconf 90' lang='lat' dir='ltr'><strong>tu</strong></span> <span class='ocrx_word' id='word_1_744' title='bbox 2252 4649 2577 4720; x_wconf 67' lang='lat' dir='ltr'><strong>peanicum</strong></span> <span class='ocrx_word' id='word_1_745' title='bbox 2606 4654 2664 4706; x_wconf 91' lang='lat' dir='ltr'><strong>et</strong></span> <span class='ocrx_word' id='word_1_746' title='bbox 2720 4650 2976 4708; x_wconf 89' lang='lat' dir='ltr'><strong>salutare</strong></span> <span class='ocrx_word' id='word_1_747' title='bbox 3035 4653 3357 4709; x_wconf 89' lang='lat' dir='ltr'><strong>remedium</strong></span> <span class='ocrx_word' id='word_1_748' title='bbox 3407 4653 3679 4709; x_wconf 89' lang='lat' dir='ltr'><strong>continuo</strong></span> 
     </span>
    </p>
   </div>
   <div class='ocr_carea' id='block_1_98' title="bbox 2035 4735 3685 4814">
    <p class='ocr_par' dir='ltr' id='par_1_98' title="bbox 2035 4735 3685 4814">
     <span class='ocr_line' id='line_1_98' title="bbox 2035 4735 3685 4814; baseline 0.004 -23"><span class='ocrx_word' id='word_1_749' title='bbox 2035 4735 2218 4806; x_wconf 79' lang='lat' dir='ltr'><strong>fuisti,</strong></span> <span class='ocrx_word' id='word_1_750' title='bbox 2252 4753 2358 4793; x_wconf 89' lang='lat' dir='ltr'><strong>nec</strong></span> <span class='ocrx_word' id='word_1_751' title='bbox 2379 4754 2547 4810; x_wconf 90' lang='lat' dir='ltr'><strong>opem</strong></span> <span class='ocrx_word' id='word_1_752' title='bbox 2569 4743 2729 4795; x_wconf 89' lang='lat' dir='ltr'><strong>tuam</strong></span> <span class='ocrx_word' id='word_1_753' title='bbox 2755 4739 3109 4814; x_wconf 84' lang='lat' dir='ltr'><strong>ﬂagitantem</strong></span> <span class='ocrx_word' id='word_1_754' title='bbox 3134 4745 3482 4814; x_wconf 89' lang='lat' dir='ltr'><strong>aspernatus</strong></span> <span class='ocrx_word' id='word_1_755' title='bbox 3503 4757 3585 4797; x_wconf 86' lang='lat' dir='ltr'><strong>es.</strong></span> <span class='ocrx_word' id='word_1_756' title='bbox 3608 4740 3685 4797; x_wconf 85' lang='lat' dir='ltr'><strong>Es</strong></span> 
     </span>
    </p>
   </div>
   <div class='ocr_carea' id='block_1_99' title="bbox 2037 4824 3683 4903">
    <p class='ocr_par' dir='ltr' id='par_1_99' title="bbox 2037 4824 3683 4903">
     <span class='ocr_line' id='line_1_99' title="bbox 2037 4824 3683 4903; baseline 0.003 -23"><span class='ocrx_word' id='word_1_757' title='bbox 2037 4824 2217 4897; x_wconf 88' lang='lat' dir='ltr'><strong>igitur</strong></span> <span class='ocrx_word' id='word_1_758' title='bbox 2239 4843 2299 4882; x_wconf 91' lang='lat' dir='ltr'><strong>re</strong></span> <span class='ocrx_word' id='word_1_759' title='bbox 2317 4826 2650 4884; x_wconf 85' lang='lat' dir='ltr'><strong>affirmandi</strong></span> <span class='ocrx_word' id='word_1_760' title='bbox 2677 4829 2845 4885; x_wconf 90' lang='lat' dir='ltr'><strong>nobis</strong></span> <span class='ocrx_word' id='word_1_761' title='bbox 2867 4847 3103 4886; x_wconf 88' lang='lat' dir='ltr'><strong>causam</strong></span> <span class='ocrx_word' id='word_1_762' title='bbox 3121 4832 3365 4903; x_wconf 67' lang='lat' dir='ltr'><strong>praebes,</strong></span> <span class='ocrx_word' id='word_1_763' title='bbox 3390 4832 3529 4895; x_wconf 75' lang='lat' dir='ltr'><strong>haec,</strong></span> <span class='ocrx_word' id='word_1_764' title='bbox 3556 4846 3683 4902; x_wconf 69' lang='lat' dir='ltr'><strong>quas</strong></span> 
     </span>
    </p>
   </div>
   <div class='ocr_carea' id='block_1_100' title="bbox 2036 4917 3687 4990">
    <p class='ocr_par' dir='ltr' id='par_1_100' title="bbox 2036 4917 3687 4990">
     <span class='ocr_line' id='line_1_100' title="bbox 2036 4917 3687 4990; baseline 0.004 -21"><span class='ocrx_word' id='word_1_765' title='bbox 2036 4929 2211 4985; x_wconf 89' lang='lat' dir='ltr'><strong>nunc,</strong></span> <span class='ocrx_word' id='word_1_766' title='bbox 2246 4921 2310 4971; x_wconf 90' lang='lat' dir='ltr'><strong>ut</strong></span> <span class='ocrx_word' id='word_1_767' title='bbox 2338 4917 2583 4986; x_wconf 85' lang='lat' dir='ltr'><strong>videtur,</strong></span> <span class='ocrx_word' id='word_1_768' title='bbox 2617 4935 2651 4974; x_wconf 91' lang='lat' dir='ltr'><strong>a</strong></span> <span class='ocrx_word' id='word_1_769' title='bbox 2681 4934 2773 4975; x_wconf 93' lang='lat' dir='ltr'><strong>me</strong></span> <span class='ocrx_word' id='word_1_770' title='bbox 2818 4920 3054 4990; x_wconf 87' lang='lat' dir='ltr'><strong>accipis,</strong></span> <span class='ocrx_word' id='word_1_771' title='bbox 3086 4936 3217 4976; x_wconf 85' lang='lat' dir='ltr'><strong>vere</strong></span> <span class='ocrx_word' id='word_1_772' title='bbox 3250 4925 3307 4977; x_wconf 91' lang='lat' dir='ltr'><strong>te</strong></span> <span class='ocrx_word' id='word_1_773' title='bbox 3340 4921 3445 4977; x_wconf 91' lang='lat' dir='ltr'><strong>abs</strong></span> <span class='ocrx_word' id='word_1_774' title='bbox 3475 4924 3687 4977; x_wconf 85' lang='lat' dir='ltr'><strong>temet-</strong></span> 
     </span>
    </p>
   </div>
   <div class='ocr_carea' id='block_1_101' title="bbox 2035 5002 3683 5080">
    <p class='ocr_par' dir='ltr' id='par_1_101' title="bbox 2035 5002 3683 5080">
     <span class='ocr_line' id='line_1_101' title="bbox 2035 5002 3683 5080; baseline 0.004 -23"><span class='ocrx_word' id='word_1_775' title='bbox 2035 5002 2166 5076; x_wconf 91' lang='lat' dir='ltr'><strong>ipso</strong></span> <span class='ocrx_word' id='word_1_776' title='bbox 2193 5004 2471 5077; x_wconf 87' lang='lat' dir='ltr'><strong>accipere,</strong></span> <span class='ocrx_word' id='word_1_777' title='bbox 2505 5010 2561 5062; x_wconf 87' lang='lat' dir='ltr'><strong>et</strong></span> <span class='ocrx_word' id='word_1_778' title='bbox 2590 5006 2785 5063; x_wconf 91' lang='lat' dir='ltr'><strong>collati</strong></span> <span class='ocrx_word' id='word_1_779' title='bbox 2819 5008 2877 5063; x_wconf 90' lang='lat' dir='ltr'><strong>in</strong></span> <span class='ocrx_word' id='word_1_780' title='bbox 2906 5023 3014 5064; x_wconf 89' lang='lat' dir='ltr'><strong>nos</strong></span> <span class='ocrx_word' id='word_1_781' title='bbox 3047 5009 3314 5065; x_wconf 82' lang='lat' dir='ltr'><strong>beneficii</strong></span> <span class='ocrx_word' id='word_1_782' title='bbox 3348 5010 3520 5066; x_wconf 88' lang='lat' dir='ltr'><strong>hosce</strong></span> <span class='ocrx_word' id='word_1_783' title='bbox 3552 5025 3683 5080; x_wconf 87' lang='lat' dir='ltr'><strong>per-</strong></span> 
     </span>
    </p>
   </div>
   <div class='ocr_carea' id='block_1_102' title="bbox 280 5095 3675 5169">
    <p class='ocr_par' dir='ltr' id='par_1_102' title="bbox 280 5095 3675 5169">
     <span class='ocr_line' id='line_1_102' title="bbox 280 5095 3675 5169; baseline -0.001 -15"><span class='ocrx_word' id='word_1_784' title='bbox 280 5098 474 5169; x_wconf 89' lang='lat' dir='ltr'><strong>cipere</strong></span> <span class='ocrx_word' id='word_1_785' title='bbox 507 5098 749 5165; x_wconf 86' lang='lat' dir='ltr'><strong>fructus,</strong></span> <span class='ocrx_word' id='word_1_786' title='bbox 784 5097 1018 5168; x_wconf 91' lang='lat' dir='ltr'><strong>quando</strong></span> <span class='ocrx_word' id='word_1_787' title='bbox 1054 5096 1210 5152; x_wconf 90' lang='lat' dir='ltr'><strong>idem</strong></span> <span class='ocrx_word' id='word_1_788' title='bbox 1244 5095 1528 5152; x_wconf 89' lang='lat' dir='ltr'><strong>orationis</strong></span> <span class='ocrx_word' id='word_1_789' title='bbox 1559 5096 1751 5151; x_wconf 86' lang='lat' dir='ltr'><strong>editor</strong></span> <span class='ocrx_word' id='word_1_790' title='bbox 1807 5109 1874 5149; x_wconf 90' lang='lat' dir='ltr'><strong>ac</strong></span> <span class='ocrx_word' id='word_1_791' title='bbox 1944 5095 2335 5166; x_wconf 89' lang='lat' dir='ltr'><strong>munerarius,</strong></span> <span class='ocrx_word' id='word_1_792' title='bbox 2382 5096 2540 5152; x_wconf 88' lang='lat' dir='ltr'><strong>idem</strong></span> <span class='ocrx_word' id='word_1_793' title='bbox 2590 5097 2822 5167; x_wconf 89' lang='lat' dir='ltr'><strong>adjutor</strong></span> <span class='ocrx_word' id='word_1_794' title='bbox 2868 5103 3047 5169; x_wconf 90' lang='lat' dir='ltr'><strong>atque</strong></span> <span class='ocrx_word' id='word_1_795' title='bbox 3076 5099 3433 5157; x_wconf 88' lang='lat' dir='ltr'><strong>architectus</strong></span> <span class='ocrx_word' id='word_1_796' title='bbox 3490 5098 3675 5166; x_wconf 82' lang='lat' dir='ltr'><strong>fuisti,</strong></span> 
     </span>
    </p>
   </div>
   <div class='ocr_carea' id='block_1_103' title="bbox 281 5184 2033 5259">
    <p class='ocr_par' dir='ltr' id='par_1_103' title="bbox 281 5184 2033 5259">
     <span class='ocr_line' id='line_1_103' title="bbox 281 5184 2033 5259; baseline -0.003 -16"><span class='ocrx_word' id='word_1_797' title='bbox 281 5203 421 5243; x_wconf 81' lang='lat' dir='ltr'><strong>sane</strong></span> <span class='ocrx_word' id='word_1_798' title='bbox 452 5203 585 5243; x_wconf 89' lang='lat' dir='ltr'><strong>vero</strong></span> <span class='ocrx_word' id='word_1_799' title='bbox 615 5187 695 5243; x_wconf 85' lang='lat' dir='ltr'><strong>ita</strong></span> <span class='ocrx_word' id='word_1_800' title='bbox 722 5189 981 5259; x_wconf 86' lang='lat' dir='ltr'><strong>profecto</strong></span> <span class='ocrx_word' id='word_1_801' title='bbox 1013 5186 1119 5242; x_wconf 90' lang='lat' dir='ltr'><strong>abs</strong></span> <span class='ocrx_word' id='word_1_802' title='bbox 1152 5192 1207 5242; x_wconf 79' lang='lat' dir='ltr'><strong>te</strong></span> <span class='ocrx_word' id='word_1_803' title='bbox 1240 5186 1368 5258; x_wconf 89' lang='lat' dir='ltr'><strong>ipso</strong></span> <span class='ocrx_word' id='word_1_804' title='bbox 1400 5185 1520 5241; x_wconf 72' lang='lat' dir='ltr'><strong>haac</strong></span> <span class='ocrx_word' id='word_1_805' title='bbox 1555 5184 1743 5241; x_wconf 87' lang='lat' dir='ltr'><strong>habes</strong></span> <span class='ocrx_word' id='word_1_806' title='bbox 1772 5185 2033 5255; x_wconf 88' lang='lat' dir='ltr'><strong>accepta.</strong></span> 
     </span>
    </p>
   </div>
   <div class='ocr_carea' id='block_1_104' title="bbox 358 5272 1925 5345">
    <p class='ocr_par' dir='ltr' id='par_1_104' title="bbox 358 5272 1925 5345">
     <span class='ocr_line' id='line_1_104' title="bbox 358 5272 1925 5345; baseline -0.003 -14"><span class='ocrx_word' id='word_1_807' title='bbox 358 5277 519 5333; x_wconf 69' lang='lat' dir='ltr'><strong>PAI&quot;.</strong></span> <span class='ocrx_word' id='word_1_808' title='bbox 553 5283 710 5332; x_wconf 87' lang='grc' dir='ltr'><strong>Δυοῖν</strong></span> <span class='ocrx_word' id='word_1_809' title='bbox 768 5273 825 5331; x_wconf 73' lang='grc' dir='ltr'><strong>δὲ</strong></span> <span class='ocrx_word' id='word_1_810' title='bbox 890 5273 1057 5332; x_wconf 81' lang='grc' dir='ltr'><strong>ὄντων</strong></span> <span class='ocrx_word' id='word_1_811' title='bbox 1115 5274 1374 5332; x_wconf 85' lang='grc' dir='ltr'><strong>πλείστου</strong></span> <span class='ocrx_word' id='word_1_812' title='bbox 1423 5272 1583 5345; x_wconf 83' lang='grc' dir='ltr'><strong>ἀξίων</strong></span> <span class='ocrx_word' id='word_1_813' title='bbox 1641 5274 1730 5329; x_wconf 86' lang='grc' dir='ltr'><strong>καὶ</strong></span> <span class='ocrx_word' id='word_1_814' title='bbox 1785 5272 1925 5329; x_wconf 88' lang='grc' dir='ltr'><strong>πάνυ</strong></span> 
     </span>
    </p>
   </div>
   <div class='ocr_carea' id='block_1_105' title="bbox 282 5357 1927 5445">
    <p class='ocr_par' dir='ltr' id='par_1_105' title="bbox 282 5357 1927 5445">
     <span class='ocr_line' id='line_1_105' title="bbox 282 5357 1927 5445; baseline -0.001 -25"><span class='ocrx_word' id='word_1_815' title='bbox 282 5364 645 5445; x_wconf 72' lang='grc' dir='ltr'><strong>διαφερόντων</strong></span> <span class='ocrx_word' id='word_1_816' title='bbox 686 5368 821 5441; x_wconf 78' lang='grc' dir='ltr'><strong>ἡμῖν</strong></span> <span class='ocrx_word' id='word_1_817' title='bbox 868 5365 942 5429; x_wconf 87' lang='grc' dir='ltr'><strong>ὡς</strong></span> <span class='ocrx_word' id='word_1_818' title='bbox 987 5366 1049 5421; x_wconf 87' lang='grc' dir='ltr'><strong>τὸ</strong></span> <span class='ocrx_word' id='word_1_819' title='bbox 1096 5370 1197 5421; x_wconf 84' lang='grc' dir='ltr'><strong>πᾶν</strong></span> <span class='ocrx_word' id='word_1_820' title='bbox 1245 5364 1606 5440; x_wconf 88' lang='grc' dir='ltr'><strong>συνεχόντων,</strong></span> <span class='ocrx_word' id='word_1_821' title='bbox 1656 5357 1927 5425; x_wconf 75' lang='grc' dir='ltr'><strong>εὐσεϐείας</strong></span> 
     </span>
    </p>
   </div>
   <div class='ocr_carea' id='block_1_106' title="bbox 284 5452 1921 5532">
    <p class='ocr_par' dir='ltr' id='par_1_106' title="bbox 284 5452 1921 5532">
     <span class='ocr_line' id='line_1_106' title="bbox 284 5452 1921 5532; baseline -0.001 -21"><span class='ocrx_word' id='word_1_822' title='bbox 284 5453 427 5532; x_wconf 79' lang='grc' dir='ltr'><strong>λέγω</strong></span> <span class='ocrx_word' id='word_1_823' title='bbox 455 5458 548 5511; x_wconf 81' lang='grc' dir='ltr'><strong>καὶ</strong></span> <span class='ocrx_word' id='word_1_824' title='bbox 578 5456 881 5531; x_wconf 85' lang='grc' dir='ltr'><strong>βασιλείας,</strong></span> <span class='ocrx_word' id='word_1_825' title='bbox 917 5458 993 5531; x_wconf 80' lang='grc' dir='ltr'>μή</span> <span class='ocrx_word' id='word_1_826' title='bbox 1046 5454 1321 5518; x_wconf 80' lang='grc' dir='ltr'><strong>διαλίποις</strong></span> <span class='ocrx_word' id='word_1_827' title='bbox 1369 5457 1469 5525; x_wconf 81' lang='grc' dir='ltr'><strong>τήν</strong></span> <span class='ocrx_word' id='word_1_828' title='bbox 1524 5455 1643 5529; x_wconf 79' lang='grc' dir='ltr'><strong>μὲν,</strong></span> <span class='ocrx_word' id='word_1_829' title='bbox 1673 5452 1921 5525; x_wconf 87' lang='grc' dir='ltr'><strong>άκλονη-</strong></span> 
     </span>
    </p>
   </div>
   <div class='ocr_carea' id='block_1_107' title="bbox 358 5603 821 5674">
    <p class='ocr_par' dir='ltr' id='par_1_107' title="bbox 358 5603 821 5674">
     <span class='ocr_line' id='line_1_107' title="bbox 358 5603 821 5674; baseline -0.002 -14"><span class='ocrx_word' id='word_1_830' title='bbox 358 5603 406 5639; x_wconf 79' lang='grc'><strong>⁶⁹</strong></span> <span class='ocrx_word' id='word_1_831' title='bbox 432 5604 589 5663; x_wconf 87' lang='lat' dir='ltr'><strong>Psal.</strong></span> <span class='ocrx_word' id='word_1_832' title='bbox 620 5621 737 5674; x_wconf 81' lang='lat' dir='ltr'><strong>xIx,</strong></span> <span class='ocrx_word' id='word_1_833' title='bbox 766 5605 821 5659; x_wconf 90' lang='lat'><strong>2.</strong></span> 
     </span>
    </p>
   </div>
   <div class='ocr_carea' id='block_1_108' title="bbox 361 5727 1271 5803">
    <p class='ocr_par' dir='ltr' id='par_1_108' title="bbox 361 5727 1271 5803">
     <span class='ocr_line' id='line_1_108' title="bbox 361 5727 1271 5803; baseline -0.001 -19"><span class='ocrx_word' id='word_1_834' title='bbox 361 5730 432 5803; x_wconf 89' lang='grc'><strong>(1)</strong></span> <span class='ocrx_word' id='word_1_835' title='bbox 466 5737 549 5787; x_wconf 82' lang='lat' dir='ltr'><strong>An</strong></span> <span class='ocrx_word' id='word_1_836' title='bbox 581 5730 960 5803; x_wconf 89' lang='lat' dir='ltr'><strong>repetendum</strong></span> <span class='ocrx_word' id='word_1_837' title='bbox 991 5730 1222 5790; x_wconf 64' lang='grc' dir='ltr'><strong>ἅπαντες</strong></span> <span class='ocrx_word' id='word_1_838' title='bbox 1243 5727 1271 5783; x_wconf 85' lang='lat'><strong>?</strong></span> 
     </span>
    </p>
   </div>
   <div class='ocr_carea' id='block_1_109' title="bbox 2106 5274 3681 5350">
    <p class='ocr_par' dir='ltr' id='par_1_109' title="bbox 2106 5274 3681 5350">
     <span class='ocr_line' id='line_1_109' title="bbox 2106 5274 3681 5350; baseline 0.004 -19"><span class='ocrx_word' id='word_1_839' title='bbox 2106 5274 2397 5332; x_wconf 82' lang='lat' dir='ltr'><strong>CXXXIII.</strong></span> <span class='ocrx_word' id='word_1_840' title='bbox 2423 5276 2704 5333; x_wconf 60' lang='lat' dir='ltr'><strong>Caeterum</strong></span> <span class='ocrx_word' id='word_1_841' title='bbox 2719 5292 2853 5333; x_wconf 90' lang='lat' dir='ltr'><strong>cum</strong></span> <span class='ocrx_word' id='word_1_842' title='bbox 2870 5279 2998 5334; x_wconf 73' lang='lat' dir='ltr'><strong>duae</strong></span> <span class='ocrx_word' id='word_1_843' title='bbox 3011 5280 3277 5350; x_wconf 66' lang='lat' dir='ltr'><strong>quadam</strong></span> <span class='ocrx_word' id='word_1_844' title='bbox 3300 5280 3533 5337; x_wconf 88' lang='lat' dir='ltr'><strong>maximi</strong></span> <span class='ocrx_word' id='word_1_845' title='bbox 3556 5297 3681 5337; x_wconf 89' lang='lat' dir='ltr'><strong>mo-</strong></span> 
     </span>
    </p>
   </div>
   <div class='ocr_carea' id='block_1_110' title="bbox 2036 5365 3685 5444">
    <p class='ocr_par' dir='ltr' id='par_1_110' title="bbox 2036 5365 3685 5444">
     <span class='ocr_line' id='line_1_110' title="bbox 2036 5365 3685 5444; baseline 0.005 -24"><span class='ocrx_word' id='word_1_846' title='bbox 2036 5365 2239 5433; x_wconf 85' lang='lat' dir='ltr'><strong>menti,</strong></span> <span class='ocrx_word' id='word_1_847' title='bbox 2271 5370 2329 5423; x_wconf 90' lang='lat' dir='ltr'><strong>et</strong></span> <span class='ocrx_word' id='word_1_848' title='bbox 2356 5367 2429 5422; x_wconf 89' lang='lat' dir='ltr'><strong>ad</strong></span> <span class='ocrx_word' id='word_1_849' title='bbox 2461 5383 2566 5422; x_wconf 89' lang='lat' dir='ltr'><strong>nos</strong></span> <span class='ocrx_word' id='word_1_850' title='bbox 2597 5381 2773 5438; x_wconf 90' lang='lat' dir='ltr'><strong>quam</strong></span> <span class='ocrx_word' id='word_1_851' title='bbox 2807 5367 3060 5426; x_wconf 83' lang='lat' dir='ltr'><strong>maxime</strong></span> <span class='ocrx_word' id='word_1_852' title='bbox 3085 5370 3463 5444; x_wconf 85' lang='lat' dir='ltr'><strong>pertinentes,</strong></span> <span class='ocrx_word' id='word_1_853' title='bbox 3488 5374 3685 5442; x_wconf 88' lang='lat' dir='ltr'><strong>utpote</strong></span> 
     </span>
    </p>
   </div>
   <div class='ocr_carea' id='block_1_111' title="bbox 2034 5457 3683 5533">
    <p class='ocr_par' dir='ltr' id='par_1_111' title="bbox 2034 5457 3683 5533">
     <span class='ocr_line' id='line_1_111' title="bbox 2034 5457 3683 5533; baseline 0.005 -22"><span class='ocrx_word' id='word_1_854' title='bbox 2034 5460 2239 5513; x_wconf 70' lang='lat' dir='ltr'><strong>cetera</strong></span> <span class='ocrx_word' id='word_1_855' title='bbox 2251 5457 2446 5513; x_wconf 89' lang='lat' dir='ltr'><strong>omnia</strong></span> <span class='ocrx_word' id='word_1_856' title='bbox 2468 5458 2527 5514; x_wconf 87' lang='lat' dir='ltr'><strong>in</strong></span> <span class='ocrx_word' id='word_1_857' title='bbox 2545 5474 2608 5515; x_wconf 90' lang='lat' dir='ltr'><strong>se</strong></span> <span class='ocrx_word' id='word_1_858' title='bbox 2622 5462 2955 5533; x_wconf 69' lang='lat' dir='ltr'><strong>complexa,</strong></span> <span class='ocrx_word' id='word_1_859' title='bbox 2971 5476 3062 5517; x_wconf 88' lang='lat' dir='ltr'><strong>res</strong></span> <span class='ocrx_word' id='word_1_860' title='bbox 3079 5464 3236 5529; x_wconf 90' lang='lat' dir='ltr'><strong>sunt,</strong></span> <span class='ocrx_word' id='word_1_861' title='bbox 3256 5477 3389 5517; x_wconf 86' lang='lat' dir='ltr'><strong>vera</strong></span> <span class='ocrx_word' id='word_1_862' title='bbox 3401 5461 3683 5519; x_wconf 89' lang='lat' dir='ltr'><strong>nimirum</strong></span> 
     </span>
    </p>
   </div>
   <div class='ocr_carea' id='block_1_112' title="bbox 2106 5724 3113 5798">
    <p class='ocr_par' dir='ltr' id='par_1_112' title="bbox 2106 5724 3113 5798">
     <span class='ocr_line' id='line_1_112' title="bbox 2106 5724 3113 5798; baseline 0.005 -19"><span class='ocrx_word' id='word_1_863' title='bbox 2106 5726 2222 5797; x_wconf 81' lang='lat'><strong>(21)</strong></span> <span class='ocrx_word' id='word_1_864' title='bbox 2260 5724 2342 5780; x_wconf 84' lang='lat' dir='ltr'><strong>Ex</strong></span> <span class='ocrx_word' id='word_1_865' title='bbox 2371 5725 2670 5783; x_wconf 87' lang='lat' dir='ltr'><strong>Demosth.</strong></span> <span class='ocrx_word' id='word_1_866' title='bbox 2704 5728 2777 5785; x_wconf 75' lang='lat' dir='ltr'><strong>De</strong></span> <span class='ocrx_word' id='word_1_867' title='bbox 2803 5743 3027 5798; x_wconf 82' lang='lat' dir='ltr'><strong>corona,</strong></span> <span class='ocrx_word' id='word_1_868' title='bbox 3057 5731 3113 5785; x_wconf 90' lang='lat'><strong>8.</strong></span> 
     </span>
    </p>
   </div>
  </div>
