3986 6228
460 367 572 430 351
1761 379 2159 441 'l‘HEODULI
2205 382 2306 441 MU
2315 379 2551 443 NACHI
3729 383 3817 443 352

457 503 642 573 pietas
658 507 715 560 et
737 505 1077 579 imperium:
1105 525 1174 564 ne
1199 526 1460 582 unquam
1486 512 1859 580 intermittas,
1885 531 2031 586 quan

2244 535 2307 568 πον
2362 516 2669 569 παντάπασι
2725 520 2910 586 τηρῶν
2965 513 3129 584 ἐσαεὶ,
3183 515 3272 569 καὶ
3352 513 3525 584 πάσης
3602 516 3818 582 ἡστινοσ-

457 608 587 648 cum
623 594 889 665 pietatem
946 614 1359 672 usquequaque
1389 601 1801 658 inconcussam
1829 604 1884 658 in
1916 620 2031 660 aavu

2247 606 2301 655 ῦν
2347 604 2604 674 αἱρέσεως
2649 603 2941 675 ἀνωτὲραν,
2971 604 3037 669 ἧς
3082 602 3172 655 καὶ
3223 602 3427 675 περιὼν
3471 596 3549 654 ἔτι
3580 596 3821 674 προύστης

457 700 649 754 omne,
682 690 737 742 et
769 689 1047 746 adversus
1090 691 1336 749 haereses
1386 710 1587 749 omnes
1619 694 1918 763 invictam,
1954 712 2031 767 pr.

2249 690 2508 759 ὀλλάκις,
2545 690 2761 765 μᾶλλον
2794 689 2839 744 δ’
2871 690 3092 746 εἰσάπαν
3121 690 3439 764 προίστασο,
3475 689 3823 744 λιθολευστού-

458 778 630 844 stare,
652 776 744 832 cui
766 778 905 835 dum
927 780 1041 837 vita
1055 787 1331 850 maneret,
1349 800 1500 856 saepe
1524 800 1767 856 praeeras
1789 792 1887 840 aut
1910 787 2023 854 poti

2246 782 2370 843 ιενός
2420 802 2477 835 τε
2525 781 2609 836 καὶ
2662 781 2751 836 τὸν
2800 780 2922 853 περί
2968 782 3153 858 ψυχῆς
3190 779 3426 851 μάλιστα
3457 778 3612 848 θέων,
3641 780 3724 832 καὶ
3748 783 3820 832 νῦν

459 871 735 938 perpetuo
767 885 1031 941 praeeras,
1083 888 1418 944 quanquam
1468 873 1764 945 lapidibus
1814 876 2028 946 appetit

2247 872 2519 944 ύχήκιστα
2568 870 2838 947 περιέπεις
2887 873 2955 943 τῇ
3003 873 3289 943 Θαυμαστῇ
3322 871 3691 946 φραττομὲνην
3738 889 3821 922 πα-

456 956 511 1007 et
542 969 879 1026 percussus,
910 967 963 1014 et
996 960 1066 1014 de
1089 961 1284 1016 anima
1306 961 1427 1031 ipsa
1461 962 1806 1034 planissime
1838 979 2030 1020 curret

2245 959 2412 1031 οπλίᾳ
2441 964 2545 1015 τῶν
2578 958 2755 1031 λόγων
2783 980 2795 992 ·
2829 965 2927 1028 τῆς
2961 957 3006 1013 δ’
3033 957 3263 1032 ἐννόμου
3310 959 3399 1013 καὶ
3431 956 3715 1033 Θεοφιλοῦς
3745 958 3819 1032 βα-

455 1045 511 1097 et
548 1042 658 1099 hoc
688 1046 814 1116 ipso
869 1051 1126 1119 tempore
1157 1050 1244 1106 vel
1293 1052 1547 1107 maxime
1588 1053 1788 1122 tueris,
1821 1053 2029 1108 nimiru

2250 1050 2419 1111 ιλείας
2464 1051 2529 1103 τὰ
2578 1057 2825 1123 σκῆπτρα
2871 1050 3121 1123 κατὲχων
3165 1070 3221 1104 τε
3267 1049 3357 1104 καὶ
3400 1048 3674 1123 κρατύνων
3700 1067 3712 1079 ·
3750 1048 3819 1100 καὶ

455 1132 787 1189 admirabili
809 1136 922 1191 ista
934 1142 990 1192 et
1007 1137 1464 1197 instructissima
1484 1143 1837 1214 scriptorum
1864 1146 2029 1199 tuoru

2248 1138 2314 1194 ὐκ
2350 1137 2449 1193 ἓῶν
2495 1136 2646 1193 οὐδὲν
2694 1140 2873 1194 ὁτιοῦν
2920 1141 3028 1192 τῶν
3069 1137 3456 1212 ἀπειρημένων
3485 1138 3623 1192 κατὰ
3650 1136 3822 1205 ταύτης

455 1226 752 1278 armatura
782 1227 1201 1283 communitam
1228 1243 1243 1282 :
1291 1233 1412 1285 tum
1459 1229 1699 1302 legitimi
1734 1232 1871 1287 item
1903 1235 1958 1287 et
1987 1230 2029 1286 D

2246 1226 2492 1302 χωρῆσαι,
2523 1226 2671 1282 ἀλλὰ
2699 1228 2872 1282 πάντα
2900 1226 2967 1280 τὰ
3015 1225 3273 1300 βέλτιστα
3319 1226 3548 1296 ταυτησὶ
3577 1229 3820 1299 προνοῶν,

455 1309 783 1367 charissiini
818 1313 1050 1386 imperii
1104 1321 1331 1389 sceptra
1369 1319 1672 1391 complecti
1704 1328 1877 1392 atque
1909 1335 2029 1376 corr

2248 1321 2326 1388 ρῷ
2372 1316 2573 1376 πάντας
2625 1316 2719 1389 μὲν
2770 1314 3079 1388 Ῥωμαίους
3130 1316 3220 1371 καὶ
3277 1317 3376 1384 τὴν
3422 1314 3705 1389 Ῥωμαίων

454 1399 660 1455 borare
676 1403 820 1469 ;'neu
841 1403 1136 1474 permittas
1156 1405 1476 1479 quidquam
1494 1409 1886 1465 infaustarum
1908 1426 2028 1467 reru

2250 1406 2320 1477 ,ἠν
2378 1406 2478 1473 τὴς
2533 1405 2839 1479 ἑκασταχοῦ
2896 1407 2999 1480 γῆς
3051 1405 3293 1477 γενέσθαι
3340 1403 3597 1479 κυρίους·
3653 1404 3824 1460 πάντας

456 1486 599 1543 illud
634 1489 976 1562 persultare,
1008 1495 1108 1550 sed
1143 1501 1207 1550 ut
1227 1498 1655 1555 secundissima
1685 1498 1768 1554 illi
1802 1499 2030 1570 provide

2252 1496 2272 1548 ὲ
2320 1492 2645 1567 πολεμίους,
2677 1493 2804 1556 τοὺς
2855 1494 2948 1566 μὲν
2994 1494 3061 1547 τὰ
3109 1492 3255 1548 ὅπλα
3300 1491 3582 1568 ῥίψαντας,
3612 1488 3826 1546 τουτοισὶ

455 1578 673 1647 omnia,
706 1596 821 1651 quo
854 1580 1097 1638 Romani
1151 1600 1354 1642 omnes
1383 1592 1440 1642 et
1472 1587 1865 1644 Romanorum
1898 1586 2027 1660 prin

2252 1583 2484 1640 υνελθεῖν
2531 1584 2620 1638 καὶ
2672 1582 2747 1645 εἷς
2799 1580 2978 1646 εὔνους
3017 1580 3255 1652 τελέσαι,
3306 1581 3396 1637 καὶ
3447 1580 3514 1636 τὰ
3558 1579 3826 1657 γιγνόμενα

457 1673 627 1738 palus
656 1673 871 1726 terram
929 1677 1197 1730 cunctam
1263 1676 1321 1730 in
1353 1693 1522 1733 suam
1561 1681 1891 1749 potestatem
1926 1681 2025 1749 atq

2253 1673 2559 1728 πείσασθαι·
2608 1674 2734 1733 τοὺς
2792 1668 2851 1726 δὲ
2895 1672 2985 1725 καὶ
3030 1668 3253 1732 ἄκοντας
3302 1671 3634 1745 ἠναγκάσθαι
3685 1668 3827 1745 φόρον

457 1755 734 1813 ditionem
769 1760 1072 1834 redigant;
1106 1767 1307 1820 contra
1347 1764 1544 1823 hostes
1575 1766 1854 1831 universi,
1891 1766 2031 1837 parti

2252 1764 2507 1836 ³ωμαίοιις
2539 1763 2820 1837 ἀπῆρχθαι
2850 1760 2940 1816 καὶ
2973 1758 3250 1817 δουλεύειν
3282 1761 3358 1823 ὡς
3398 1755 3518 1822 ἔθος
3538 1780 3549 1791 °
3587 1760 3661 1819 ὡς
3692 1778 3826 1814 κατα-

458 1846 634 1902 armis
667 1846 929 1918 abjectis,
961 1867 1092 1907 cum
1124 1852 1560 1926 iisjungantur,
1592 1863 1645 1911 et
1677 1855 1734 1910 in
1768 1854 2032 1911 amicoru

2253 1859 2407 1923 τῆναι
2454 1856 2625 1907 πᾶσαν
2674 1852 2773 1921 τὴν
2824 1850 3147 1923 οἴκουμένην
3193 1848 3453 1920 ἐντεῦθεν,
3484 1850 3558 1909 ὡς
3606 1846 3667 1903 ἂν
3708 1846 3827 1902 εἴποι

458 1950 768 1993 numerum
798 1940 1055 2009 veniant,
1086 1943 1386 2014 aequisque
1415 1943 1787 2015 paciscantur
1814 1944 2030 2001 conditi

2254 1965 2310 2011 ,ς,
2365 1940 2691 2014 οἰκουμένην
2739 1941 2958 2011 εἰρήνης
2989 1960 3001 1973 ·
3053 1940 3143 1994 καὶ
3205 1940 3490 2014 πλήρωμα
3545 1936 3828 2010 καλοκαγα-

458 2023 647 2093 nibus,
681 2028 891 2099 partim
926 2030 1329 2103 suisingratiis
1352 2032 1656 2104 vectigales
1677 2033 1956 2089 Romanis
1974 2033 2032 2088 δε

2256 2032 2330 2095 ἔας
2375 2030 2465 2086 καὶ
2515 2032 2722 2106 χωρίον
2768 2031 3139 2101 ταυτότητος·
3192 2028 3240 2083 εἰ
3291 2027 3350 2083 δὲ
3400 2029 3491 2083 καὶ
3539 2030 3608 2099 τῇ
3659 2025 3830 2082 καθὲνα

458 2117 515 2169 et
544 2115 776 2174 solitam
802 2119 1013 2175 servire
1043 2120 1377 2177 servitutem
1413 2127 1717 2194 cogantur,
1753 2122 1836 2177 ita
1860 2127 1918 2177 ut
1942 2125 2027 2177 tot

2259 2126 2314 2174 Iw
2367 2119 2583 2175 πόλεων
2627 2120 2689 2174 τὸ
2734 2119 2903 2175 ταυτᾶ
2947 2123 3173 2196 φρωνεῖν
3213 2116 3480 2192 σωτηρία,
3510 2116 3603 2171 καὶ
3651 2116 3833 2170 τούτων

459 2205 594 2261 inde
624 2210 913 2266 terrarum
943 2210 1124 2278 orbis,
1156 2227 1265 2282 qua
1295 2211 1634 2269 habitabilis
1662 2217 1772 2281 est,
1805 2219 1867 2268 ut
1896 2211 2033 2268 dixe:

2254 2231 2287 2272 ις
2333 2204 2609 2285 πρόϐολος
2658 2210 2842 2271 κοινὸς
2901 2207 3215 2286 ἀσφαλείας,
3251 2204 3306 2261 εὖ
3355 2203 3461 2261 οἶδ’
3510 2205 3593 2261 ὅτι
3654 2202 3828 2261 παντέ-

459 2296 775 2369 quispiam.
806 2298 965 2356 orbis
1009 2302 1191 2371 pacis,
1230 2307 1287 2359 et
1316 2302 1612 2374 plenitudo
1645 2303 1807 2375 probi
1840 2302 2033 2358 honest

2263 2319 2343 2353 ασι
2401 2304 2695 2374 φροντιεῖς,
2754 2297 3012 2372 ὁμόνοιαν
3065 2296 3416 2371 πρυτανεύων
3466 2294 3558 2350 καὶ
3617 2298 3716 2349 πᾶν
3746 2292 3837 2347 δτι

460 2402 573 2456 que
607 2387 802 2457 moris,
835 2392 892 2445 et
948 2390 1124 2447 unius
1181 2392 1556 2464 ejusdemque
1585 2391 1761 2448 animi
1794 2392 1949 2464 regio
1981 2391 2034 2446 ﬁ:

2216 2389 2363 2467 σφίσι
2396 2387 2716 2444 λυσιτελοῦν
2735 2388 2825 2444 καὶ
2858 2390 2993 2462 πρὸς
3027 2388 3216 2465 ψυχήν
3251 2384 3489 2459 μάλιστα
3523 2388 3703 2462 φέρον.

460 2477 634 2531 Porro
666 2476 714 2531 si
746 2478 996 2550 singulis
1023 2479 1197 2537 etiam
1233 2480 1477 2537 urbibus
1508 2481 1664 2537 idem
1725 2480 1880 2537 nolle
1908 2478 2083 2536 saluti
2136 2484 2248 2544 est,
2303 2480 2481 2535 etiam
2538 2494 2763 2547 earum,
2797 2484 2862 2533 ut
2915 2492 3288 2533 communem
3347 2474 3673 2532 securitatis
3730 2471 3839 2526 vin-

461 2565 644 2623 dicem
677 2573 1305 2642 propugnatoremque,
1339 2576 1423 2629 sat
1456 2573 1576 2628 scio
1606 2588 1805 2630 curam
1837 2572 2077 2629 omnino
2109 2577 2162 2627 ts
2228 2576 2662 2642 suscepturum,
2713 2570 3204 2640 concordiamque
3262 2572 3320 2624 et
3375 2566 3664 2639 quidquid
3717 2577 3837 2620 con-

463 2655 716 2713 ducibile
744 2657 888 2730 ipsis
916 2664 1023 2729 est,
1054 2661 1376 2732 animaque
1406 2661 1697 2734 imprimis
1729 2661 1972 2718 salutem
2006 2664 2323 2734 promovet,
2358 2660 2891 2731 suppeditaturum.

537 2747 817 2805 CXXXIV.
844 2754 918 2805 At
941 2749 1104 2816 mihi,
1128 2767 1245 2822 pre
1266 2750 1396 2806 aliis
1423 2752 1764 2809 omnibuste
1784 2757 1840 2808 et
1870 2758 1969 2809 tua
1990 2752 2101 2823 spi-

2284 2749 2446 2805 PAA'.
2480 2748 2644 2822 Ἐμοὶ
2676 2746 2721 2803 δ’
2757 2749 2889 2823 ὑπὲρ
2921 2748 3120 2808 πάντας
3150 2747 3216 2802 τὰ
3248 2745 3314 2801 σὰ
3359 2746 3450 2801 καὶ
3506 2745 3715 2800 πνέοντι
3756 2748 3834 2800 καί

469 2838 639 2904 ranti,
673 2838 1056 2908 laudibusque
1082 2838 1307 2908 ferenti,
1331 2844 1387 2895 et
1418 2840 1521 2896 abs
1545 2848 1597 2897 te
1625 2858 1739 2898 uno
1762 2845 1893 2914 post
1922 2846 2040 2899 Deu

2261 2837 2566 2910 ιυμάζοντι,
2597 2836 2686 2891 καὶ
2714 2839 2809 2890 σοῦ
2864 2835 3032 2910 μόνου
3067 2835 3202 2907 μετὰ
3249 2835 3379 2889 Θεὸν
3432 2835 3499 2889 τὰ
3542 2839 3641 2903 τῆς
3680 2852 3835 2900 σωτη-

468 2927 883 2997 immortalem,
940 2928 1147 2985 salutis
1205 2946 1337 2986 oras
1392 2931 1676 3003 funesque
1732 2931 2024 3004 religanti,

2263 2926 2333 2988 ίας
2389 2923 2672 2996 ἐξάπτοντι
2722 2923 3018 2999 πείσματα,
3052 2924 3127 2978 ὦν
3173 2943 3232 2978 τε
3278 2922 3524 2996 ἥμαρτον
3559 2920 3730 2988 λύσιν,
3758 2918 3837 2973 καὶ

469 3031 670 3071 eorum
702 3015 759 3071 in
789 3016 997 3086 quibus
1045 3018 1284 3089 deliqui,
1344 3019 1593 3090 veniam,
1649 3028 1705 3077 et
1760 3037 1882 3090 qua
1914 3020 1972 3075 in
2000 3019 2043 3076 hi

2262 3012 2370 3069 ἀνθ’
2420 3014 2453 3068 ἃ
2511 3020 2785 3090 προσῆκεν
2844 3012 2932 3069 ἐπὶ
2988 3017 3087 3069 τοῦ
3145 3013 3411 3088 παρόντος
3468 3008 3836 3087 παρεσχηκὼς,

468 3105 595 3161 vite
624 3106 915 3163 curriculo
958 3113 1279 3179 opportuna
1321 3109 1478 3165 fuere
1506 3110 1722 3180 omnia,
1744 3108 2021 3182 largitus:

2266 3103 2310 3159 ιῖ
2339 3104 2436 3166 τὰς
2468 3103 2554 3158 ἐπὶ
2586 3104 2672 3158 σοὶ
2704 3102 2918 3166 πολλὰς
2948 3103 3038 3158 καὶ
3081 3100 3322 3177 μεγάλας
3372 3102 3448 3174 μὴ
3499 3096 3840 3177 καταισχύνας

470 3210 612 3265 quas
649 3196 708 3251 in
740 3198 796 3252 te
842 3196 1058 3253 multas
1105 3213 1458 3272 magnasque
1507 3198 1917 3256 collocaveram
1951 3215 2044 3271 spe

2263 3190 2469 3256 λπίδας.
2503 3192 2565 3248 σὺ
2597 3191 2652 3249 δὶ
2682 3194 2771 3249 καὶ
2813 3198 2920 3249 τῶν
2951 3192 3233 3266 Ὀλύμπου
3283 3191 3618 3267 πραγμάτων
3665 3195 3837 3245 κοινὼ-

469 3285 917 3357 haudquaquam
968 3286 1297 3353 frustratus,
1346 3288 1500 3344 idem
1530 3304 1662 3345 vero
1705 3287 1878 3344 etiam
1910 3291 2043 3360 post

2269 3305 2307 3338 ιν
2382 3279 2567 3339 ἔπειτα
2643 3282 2859 3356 δείξαις,
2919 3284 2972 3339 ἐν
3030 3287 3247 3358 Χριστῷ
3303 3283 3485 3353 Ἰησοῦ
3547 3286 3624 3354 τῷ
3677 3278 3843 3354 Κυρίῳ

461 3374 786 3432 ccelastium
837 3391 1029 3431 rerum
1087 3380 1414 3434 consortem
1471 3377 1532 3433 in
1590 3377 1818 3435 Christo
1862 3377 2028 3434 Domi

2268 3377 2409 3446 μῶν
2444 3373 2490 3446 ᾧ
2522 3374 2718 3448 πρέπει
2747 3379 2890 3428 πᾶσα
2949 3371 3098 3443 δόξα,
3129 3372 3265 3445 τιμή
3323 3372 3415 3426 καὶ
3474 3371 3842 3447 προσκύνησις,

462 3468 662 3522 nostro
691 3465 909 3522 efﬁcias
936 3482 949 3521 :
1008 3466 1105 3523 cui
1134 3483 1250 3523 una
1272 3481 1403 3523 cum
1435 3466 1702 3539 principii
1754 3473 1811 3523 et
1865 3467 2036 3539 origir

2271 3484 2312 3515 ιν
2373 3466 2450 3535 τῷ
2506 3462 2731 3537 ἆνάρχῳ
2788 3462 2954 3518 αὐτοῦ
2988 3462 3152 3536 Πατρί
3203 3460 3293 3515 καὶ
3348 3465 3428 3533 τῷ
3482 3460 3720 3533 παναγίῳ
3765 3456 3845 3511 καὶ

462 3557 654 3614 omnis
685 3560 937 3629 experte,
963 3557 1151 3629 ipsius
1182 3562 1370 3626 Patre,
1401 3562 1458 3614 et
1486 3558 1860 3616 sanctissimo
1881 3563 1937 3614 et
1959 3558 2031 3614 bo

2271 3554 2404 3625 (αθῷ
2460 3551 2551 3606 καὶ
2604 3556 2862 3625 ζωοποιῷ
2911 3551 3221 3624 Πνεύματιο
3255 3553 3346 3605 νῦν
3394 3549 3485 3604 καὶ
3534 3549 3612 3603 ἀεὶ
3657 3545 3743 3602 καὶ
3780 3546 3845 3605 εἰς

460 3653 518 3703 et
541 3646 765 3703 viviﬂco
823 3646 1062 3719 Spiritu,
1096 3647 1259 3703 decet
1286 3649 1479 3705 omnis
1535 3646 1742 3720 gloria,
1802 3647 1988 3705 honos

1634 3647 1742 3719 ria,
1802 3647 1988 3705 honos
2053 3651 2112 3704 et
2219 3641 2346 3703 τοὺς
2375 3641 2573 3704 αἰῶνας
2604 3646 2710 3696 τῶν
2741 3641 2969 3696 αἰώνων.
3008 3641 3205 3714 Ἀμήν.

459 3739 751 3796 veneratio
782 3754 937 3796 nunc
966 3742 1023 3796 et
1051 3752 1283 3811 semper
1327 3748 1382 3795 et
1411 3739 1467 3795 in
1503 3740 1715 3798 saecula
1745 3740 2116 3798 saeculorum.

458 3828 663 3886 Amen.
