3986 6228
176 372 258 436 353
1303 372 1596 435 ORATIO
1639 373 1792 434 PRO
1833 371 2332 434 OHANDRENO.

3398 378 3516 438 354

440 722 1883 898 ΘΕΟΔΟΥΛΟΥ
2034 722 3200 897 ΜΟΝΑΧΟΥ

1743 991 1902 1046 HTOI

805 1141 1297 1273 ΘΩΜΑ
1395 1141 1742 1271 ΤΟΥ
1840 1140 2730 1271 ΜΑΓΙΣΤΡΟ
2760 1145 2848 1270 Υ

486 1376 832 1473 ΥΠΕΡ
913 1373 1161 1471 ΤΟΥ
1243 1374 1806 1470 ΧΑΝΔΡΗΡ

1893 1373 2014 1472 )Υ
2092 1375 3078 1474 ΑΠΟΛΟΓΗΤΙΚΟΣ
3117 1375 3145 1405 ’⁸

794 1722 1827 1890 THEODULI
1941 1724 2863 1892 MONACHI

1722 1967 1932 2026 ALIAS

1057 2115 1698 2240 ΤΗΟΜλἘ
1784 2115 2604 2242 MAGISTRI

873 2325 1411 2414 ORATIO
1529 2324 1804 2412 PRO
1865 2323 2786 2419 lCHANDRENO.

214 2631 276 2687 οὗ
327 2633 389 2687 τὸ
437 2633 935 2711 σεσυκοφαντῆσθαι
985 2629 1289 2706 Χανδρηνὸν
1335 2633 1412 2703 (1)
1474 2631 1564 2686 ὑπ’
1609 2628 1806 2700 ὶνίωνέ

1953 2633 2071 2686 Non
2131 2631 2282 2702 quod
2336 2630 2574 2704 quidam
2625 2631 3059 2688 calumniantur
3115 2632 3526 2691 Chandrenum

159 2721 511 2783 θαυυιάσαιτις
557 2721 639 2786 ἂν,
692 2723 738 2776 ὦ
791 2719 1046 2796 βασιλεῦ·
1097 2722 1160 2776 τὸ
1209 2717 1255 2775 δ’
1304 2720 1460 2787 εἶναι,
1511 2724 1607 2774 σοῦ
1636 2740 1765 2793 κραο

157 2813 372 2878 τοῦπος,
419 2811 548 2872 τοὺς
604 2812 672 2865 τὰ
725 2814 946 2864 τοιαῦτα
1001 2807 1342 2882 τολμῶντας.
1398 2813 1459 2864 Ὁ
1518 2809 1612 2881 μὲν
1663 2808 1766 2881 γὰρ

160 2897 194 2948 εἷ
241 2899 329 2952 καὶ
384 2900 528 2972 παρὰ
582 2900 686 2965 τήν
744 2898 891 2968 ἀξίαν
948 2895 1208 2975 δυστυχεῖ
1251 2898 1352 2965 τήν
1399 2896 1584 2964 αὐτοῦ,
1642 2894 1768 2951 ἀλλ’

161 2987 271 3063 οὐχ,
325 2987 445 3041 ὅσον
503 2985 580 3047 εἷς
638 2983 1008 3062 παράδειγμα.
1059 2983 1199 3040 ἔστιν
1249 2985 1544 3059 ἀνενεγκεῖν
1574 2983 1656 3039 ὅτι
1691 2985 1767 3057 μὴ

159 3077 230 3128 καὶ
279 3075 804 3150 παραμυθουμένους
845 3069 961 3150 ἔχει
1007 3075 1135 3136 τοὺς
1181 3075 1348 3130 ταυτὰ
1397 3074 1726 3136 πεπονθότας
1752 3092 1766 3106 ·

159 3162 284 3233 ἀλλ’,
334 3163 378 3218 εἳ
411 3185 503 3238 μοι
553 3162 718 3226 δίδως
757 3163 943 3233 εἰπεῖν,
992 3164 1082 3218 καὶ
1133 3161 1472 3239 δυσχεραίνει
1518 3163 1770 3223 ἐπιεικῶς

159 3253 227 3306 ὅτι
270 3255 346 3325 μή
397 3252 780 3328 κατηγόρησαν
837 3253 1035 3320 πλείω,
1092 3251 1186 3307 ’ίνα
1245 3251 1625 3327 λαμπρότερος
1681 3252 1771 3306 καὶ

163 3341 339 3411 μείζων
389 3343 524 3417 ἀνὴρ
569 3341 780 3418 φανείη,
827 3345 926 3396 τοῦ
975 3339 1329 3412 δικάζοντος·
1383 3343 1557 3402 οὕτως
1606 3339 1776 3416 ἔρῥω-

162 3450 231 3484 ται
261 3452 274 3464 ·
327 3433 386 3487 σὺ
435 3430 513 3496 δί,
565 3432 695 3506 παρ’
751 3431 797 3504 ᾧ
839 3431 1072 3502 τάληθὲς
1117 3432 1364 3511 ἰσχυρὸν,
1409 3434 1496 3488 καὶ
1547 3434 1608 3488 ὃν
1656 3437 1773 3494 τοῖς

162 3527 333 3582 κακοῖς
377 3526 608 3584 ἅπαντες
651 3520 814 3593 ’ἴσμεν
855 3520 1068 3600 ἐχθρῶς
1107 3516 1308 3598 ἔχοντα
1351 3522 1563 3596 μᾶλλον
1610 3523 1645 3592 ἢ
1676 3527 1775 3577 τοῦ

165 3611 316 3665 καλοῖ»
341 3613 425 3666 καὶ
483 3613 727 3685 νομίμου
784 3613 1020 3668 ποιεῖταί
1067 3633 1150 3672 τις
1196 3609 1379 3686 ἕτερος
1437 3609 1629 3688 λόγον,
1679 3612 1778 3666 οὐκ

167 3699 218 3751 ἂν
269 3700 440 3755 εἰκότα
496 3702 724 3770 ποιοίης
781 3705 948 3755 ταῦτα
989 3706 1282 3774 περιορῶν,
1323 3702 1583 3761 ’ἁπαν-τὸς
1634 3703 1776 3773 μᾶλ-

171 3787 256 3842 λον
288 3789 445 3866 ἐχρῆν
480 3791 830 3859 ὑποπτεύειν,
871 3791 959 3844 καὶ
1000 3787 1325 3863 δημοτελεῖς
1370 3793 1538 3862 μόνας
1584 3791 1778 3852 ταύτας

172 3881 322 3945 κῆρας
349 3881 589 3955 νομίζειν
629 3880 706 3940 ὡς
747 3879 986 3948 ἀληθῶς.
1029 3881 1105 3936 Οὐ
1144 3881 1251 3954 γὰρ
1290 3877 1467 3950 δήπου
1504 3882 1640 3955 πρὸς
1685 3883 1780 3954 μὲν

177 3967 292 4029 τοὺς
351 3961 534 4042 ἔξωθεν
595 3968 917 4040 πολεμίους,
989 3969 1139 4032 ὅπως
1202 3969 1550 4043 ἀμυνώμεθα,
1609 3971 1784 4027 πάντα

175 4063 329 4110 ποιεῖν
387 4054 485 4128 δεῖ,
554 4058 645 4112 καὶ
711 4055 1045 4130 στρατόπεδα
1105 4060 1372 4134 συνάγειν,
1433 4062 1522 4114 καὶ
1584 4059 1784 4122 ὅπλοις

180 4149 413 4217 χρῆσθαι,
463 4148 556 4201 καὶ
603 4153 921 4222 συγκροτεῖν
975 4150 1070 4208 τὰς
1132 4145 1410 4220 δυνάμεις,
1465 4151 1592 4210 τοὺς
1651 4147 1697 4204 δ’
1735 4149 1787 4204 ἐν

180 4235 302 4307 μέσῃ
360 4240 426 4308 τῇ
498 4235 662 4291 πόλει
729 4233 997 4310 δεινότερα
1080 4236 1288 4292 τούτων
1375 4237 1784 4312 ἐργαζομένους,

175 4323 232 4375 τὸ
259 4327 326 4396 (2)
347 4329 466 4386 τοὺς
524 4325 764 4386 οἰκείους
801 4325 1159 4398 ἐκπολεμοῦν,
1203 4327 1330 4391 τούς
1367 4348 1429 4403 γε
1477 4329 1584 4400 μὴν
1634 4325 1784 4382 οὐδέν

179 4431 226 4464 τι
279 4414 498 4484 νομίζειν
551 4411 674 4468 οὐδὲ
727 4417 1006 4492 συμφορὰν
1049 4415 1112 4470 τὸ
1153 4417 1464 4484 κεκτῆσθαι,
1511 4415 1660 4472 ἀλλὰ
1703 4438 1789 4472 το-

183 4503 328 4554 σοῦτο
359 4508 550 4572 μισεῖν,
583 4501 696 4574 ὅσῳ
745 4502 835 4557 καὶ
867 4503 994 4576 ῥᾷον
1045 4501 1105 4557 ἅν
1155 4524 1238 4566 τις
1286 4502 1520 4566 ἐκείνους
1575 4503 1788 4578 μᾶλλον

184 4587 216 4654 ἧ
245 4589 446 4652 τούτους
476 4589 771 4666 φυλάξαιτο
782 4635 794 4647 .
909 4653 914 4656 _

249 4680 310 4731 Τὸ
363 4683 450 4751 μὲν
503 4669 604 4735 οὗπῖ
646 4683 922 4752 προσ-ἧκον
975 4683 1062 4751 ἦν,
1116 4682 1162 4736 ὦ
1221 4681 1468 4757 βασιλεῦ,
1533 4685 1789 4756 τιμᾶσθαι

187 4765 466 4841 Χινδρηνὸν
518 4771 755 4834 τουτονὶ,
812 4771 901 4825 καὶ
972 4772 1174 4833 πάντας
1233 4774 1373 4843 ὁμοῦ
1433 4773 1528 4846 μὶν
1597 4777 1788 4827 τοῦτον

188 4854 505 4917 ἓππινοῦντας
563 4861 811 4931 ὁρᾶσθαι,
871 4861 1012 4932 ὁμοῦ
1059 4859 1106 4916 δ’
1165 4862 1298 4935 ὑπὲρ
1383 4861 1548 4918 αὐτοῦ
1595 4863 1789 4918 τούτου

187 4945 268 4997 καέ
297 4951 414 5020 πρὸς
444 4951 499 5004 σὲ
551 4948 756 5025 λόγους
809 4952 1099 5021 ποιεῖσθαι,
1135 4951 1208 5012 ὡς
1239 4953 1340 5026 ἄρα
1384 4949 1600 5007 πολλοῦ
1645 4973 1789 5015 τινος

190 5029 318 5100 ἄξιος
357 5044 548 5112 φρενῶν
598 5059 655 5092 τε
701 5033 959 5110 εὐϐουλίᾳ
1003 5041 1091 5094 καὶ
1140 5045 1353 5111 κρατῶν
1402 5041 1454 5095 ἐν
1499 5039 1788 5114 πολέμοις,

191 5119 224 5172 ἆ
253 5126 422 5189 πτντὸς
469 5126 684 5197 μᾶλλον
735 5127 895 5189 αὐτὸς
945 5127 1090 5201 αὐτῷ
1149 5130 1434 5184 σύνοισθα·
1489 5130 1638 5184 τουτὶ
1689 5130 1792 5204 γὰρ

195 5207 254 5273 ἦν
281 5211 364 5265 οὐκ
400 5215 550 5270 αὐτὸν
595 5215 760 5288 μόνον
800 5220 897 5270 τοῦ
936 5217 1256 5291 γιγνομένου
1293 5219 1606 5294 τυγχάνεῖν,
1648 5216 1793 5275 ἀλλά

193 5297 276 5350 καὶ
322 5302 434 5363 τοὺς
489 5303 692 5366 ἄλλους
740 5305 828 5361 ἐπὶ
873 5307 940 5360 τὰ
990 5304 1088 5362 ’ίσα
1140 5307 1484 5382 προτρέπειν.
1538 5309 1686 5364 Ἐπεὶ
1737 5305 1794 5362 δὲ

265 5448 354 5505 ‘Ex
402 5454 586 5528 codice
635 5456 794 5528 regio
833 5456 993 5511 2629.
1043 5456 1398 5524 Notandum,
1440 5457 1594 5514 hunc
1641 5460 1794 5513 codi-

199 5531 310 5601 gem
331 5526 586 5601 eumdem,
609 5526 738 5601 esse
766 5543 898 5584 cum
933 5529 1092 5597 1853,
1124 5529 1279 5601 quod
1308 5529 1380 5585 ad
1406 5528 1796 5601 Nicephorum

201 5588 472 5658 ῧηὲυηω
497 5597 773 5654 Boivinus
803 5605 890 5654 est
922 5588 1082 5655 usus,

264 5651 332 5732 (ἢ
365 5651 735 5726 οδιηίιὶὸηὰέ
756 5651 760 5652 ν
785 5651 1081 5728 ίὲἵδοὴὶέ
1127 5681 1325 5728 contra
1365 5671 1676 5730 Catalanos
1733 5688 1800 5729 ac

1815 4014 1862 4079 B

1879 2721 2212 2776 mirandum
2242 2729 2348 2789 est,
2371 2737 2404 2776 ο
2433 2721 2773 2794 imperator,
2803 2721 2904 2778 sed
2937 2722 3112 2794 quod,
3138 2726 3195 2778 te
3215 2729 3526 2795 regnante,

1876 2812 1995 2866 sint
2024 2811 2123 2882 qui
2155 2811 2296 2866 talia
2326 2813 2590 2867 audeant.
2628 2809 2728 2867 Ille
2759 2811 2940 2881 enim,
2973 2811 3203 2866 etiamsi
3225 2813 3521 2870 immerito

1878 2903 2153 2956 aerumnis
2195 2901 2508 2973 al‘ﬂigatur,
2541 2906 2797 2956 attamen
2851 2917 2966 2955 non
3019 2905 3205 2971 potest
3255 2902 3521 2974 exemplo

1881 2989 2134 3060 probari,
2193 3006 2326 3045 eum
2397 3006 2508 3046 non
2569 2990 2714 3046 alios
2791 2990 2888 3062 qui
2957 2991 3107 3046 idem
3169 2992 3321 3064 passi
3377 2992 3518 3057 sint,

1880 3077 2032 3132 circa
2081 3095 2144 3134 se
2193 3079 2438 3147 habere;
2489 3082 2610 3147 sed,
2661 3081 2710 3134 si
2769 3079 2913 3135 mihi
2967 3079 3160 3136 dicere
3213 3082 3522 3147 concedas.

1882 3169 2126 3222 multum
2159 3168 2396 3239 angitur
2413 3169 2563 3241 quod
2609 3185 2720 3242 non
2763 3168 2931 3241 plura
2955 3171 3235 3226 adversus
3265 3186 3399 3226 eum
3427 3171 3526 3225 di-

1881 3257 2088 3322 xerint,
2113 3259 2286 3312 utvir
2305 3257 2516 3313 clarior
2545 3273 2609 3312 ac
2641 3259 2848 3327 major.
2883 3263 2936 3312 te
2960 3259 3178 3328 judice,
3209 3258 3524 3331 eﬂ'ulgeat;

1883 3346 1962 3402 sic
1991 3347 2145 3402 enim
2175 3348 2479 3402 roboratur
2513 3363 2526 3401 :
2557 3351 2616 3401 tu
2651 3363 2806 3414 vero,
2839 3348 2987 3417 apud
3021 3363 3195 3420 quem
3228 3347 3405 3421 pollet
3435 3365 3525 3407 ve-

1885 3436 2044 3502 ritas,
2067 3441 2125 3490 et
2145 3452 2318 3508 quem
2342 3437 2559 3492 scimus
2588 3452 2792 3492 omnes
2817 3435 3002 3492 malos
3031 3438 3310 3494 detestari
3340 3439 3529 3511 magis

1885 3543 2058 3596 quam
2091 3527 2242 3582 alius
2264 3527 2537 3599 quisquis
2557 3527 2634 3583 sit
2663 3527 2763 3600 qui
2785 3528 2979 3584 decori
3003 3532 3059 3582 et
3079 3529 3227 3600 equi
3243 3530 3527 3585 rationem

1889 3615 2118 3683 habeat,
2153 3632 2267 3671 non
2314 3617 2583 3688 aequitate
2633 3622 2880 3685 uterere,
2922 3616 2969 3670 si
3026 3616 3149 3672 hinc
3206 3617 3530 3690 negligeres
3559 3605 3572 3620 ’

1888 3705 2040 3776 quod
2075 3706 2328 3760 maxime
2357 3706 2617 3761 omnium
2653 3705 2912 3776 oportuit
2939 3705 3226 3773 suspicari
3260 3712 3316 3761 et
3355 3722 3534 3778 popu-

1889 3794 2044 3850 solas
2101 3794 2466 3849 calamitates
2517 3808 2714 3848 revera
2784 3793 3132 3849 existimare.
3198 3793 3320 3850 Non
3377 3795 3532 3850 enim

1891 3897 2032 3937 sane
2060 3881 2117 3934 in
2149 3881 2402 3936 externis
2435 3880 2701 3937 hostibus
2745 3881 3124 3953 proﬂigandis
3172 3897 3405 3938 omnem
3435 3899 3535 3938 cu-

1893 3987 2014 4026 ram
2069 3985 2281 4042 ponere
2318 3974 2562 4040 oportet,
2596 3976 2650 4025 et
2683 3970 2891 4026 castris
2923 3969 3227 4036 metandis,
3261 3976 3318 4026 et
3355 3971 3536 4027 armis

1893 4059 2192 4130 parandis.
2224 4062 2282 4114 et
2327 4059 2510 4130 copiis
2559 4059 2854 4130 cogendis,
2899 4058 3036 4114 illos
3087 4065 3276 4115 autem
3328 4061 3426 4132 qui
3474 4061 3534 4116 in

1895 4149 2086 4206 media
2115 4147 2346 4204 civitate
2377 4149 2574 4220 pejora
2619 4147 2713 4204 bis
2762 4153 3092 4220 perpetrant
3138 4149 3288 4206 cives
3335 4151 3535 4218 impu—

1893 4238 2149 4312 gnando,
2215 4254 2330 4294 non
2399 4253 2683 4304 coercere,
2759 4242 2816 4293 et
2897 4253 3098 4294 eorum
3171 4239 3537 4308 prasentiam

1896 4329 2060 4394 lerre,
2093 4327 2194 4384 sed
2244 4343 2311 4382 eo
2342 4327 2528 4397 magis
2559 4326 2691 4382 odio
2739 4325 2971 4396 habere,
2997 4342 3114 4398 quo
3165 4327 3392 4384 facilius
3423 4328 3534 4383 ini-

1896 4418 2077 4471 micos
2106 4416 2417 4472 exteriores
2467 4431 2638 4485 quam
2687 4415 2990 4472 interiores
3039 4416 3252 4488 aliquis
3289 4421 3534 4474 caveret.

1967 4695 2214 4752 Docebat
2255 4711 2412 4766 ergo,
2443 4711 2476 4750 ο
2526 4697 2862 4766 imperator,
2913 4694 3322 4752 Chandrenum
3373 4695 3540 4752 illum

1899 4787 2181 4845 honorare
2225 4795 2280 4842 et
2326 4802 2530 4843 omnes
2571 4795 2693 4842 tum
2741 4786 2908 4843 illum
2951 4786 3256 4843 laudantes
3287 4787 3538 4858 prodire,

1899 4884 2018 4932 tum
2071 4877 2139 4930 ad
2191 4881 2248 4930 te
2298 4876 2367 4929 de
2418 4874 2518 4931 illo
2560 4891 2881 4932 sermonem
2935 4876 3140 4942 lacere,
3171 4874 3308 4946 quia
3356 4875 3541 4930 multa

1897 4965 2322 5021 existimatione
2352 4964 2567 5036 dignus
2596 4969 2686 5020 est
2711 4963 2784 5019 ob
2817 4963 3184 5034 prudentiam
3215 4963 3425 5020 mentis
3474 4979 3542 5020 ac

1900 5053 2118 5111 bellica».
2158 5053 2234 5108 rei
2294 5052 2580 5124 peritiam,
2623 5069 2771 5125 quas
2828 5053 3076 5108 maxime
3114 5054 3376 5108 omnium
3415 5052 3540 5124 ipse

1899 5143 1956 5198 in
1988 5161 2054 5199 eo
2087 5142 2402 5215 cognovisti
2431 5159 2444 5208 ;
2486 5142 2570 5198 sic
2600 5143 2753 5196 enim
2789 5157 2902 5197 non
2937 5143 3105 5198 modo
3129 5142 3284 5215 quod
3308 5158 3537 5214 equum

1903 5239 1990 5289 est
2021 5237 2226 5289 nactus
2275 5237 2448 5301 esset,
2477 5231 2572 5286 sed
2605 5229 2700 5284 alii
2751 5230 2822 5285 ad
2858 5230 3075 5286 similia
3127 5231 3370 5286 fuissent
3401 5230 3543 5287 inci-

1907 5324 2032 5378 tati.
2078 5322 2220 5378 Cum
2252 5339 2384 5378 vero
2433 5317 2758 5377 exstiterint
2787 5318 3051 5377 homines
3097 5319 3196 5392 qui
3231 5318 3409 5376 nihilo
3454 5336 3544 5376 res

1903 5476 2120 5532 Turcos
2163 5469 2375 5528 Graecis
2418 5465 2744 5539 profuerat.
2781 5465 2919 5525 Vide
2959 5466 3178 5522 Boivin.
3219 5464 3295 5522 ad
3337 5463 3543 5537 Grego-

1906 5561 2056 5611 ram,
2091 5558 2226 5615 pag,
2250 5541 2376 5596 229.

1977 5607 2057 5688 (2)
2091 5607 2293 5670 Malim
2325 5614 2424 5683 τῷ,
2454 5618 2509 5668 et
2533 5626 2664 5668 max
2692 5607 2958 5681 τοσούτῳ.
