3986 6228
417 345 534 406 355

1718 341 2110 404 THEODUL]
2161 341 2515 404 MONACHI

3693 348 3796 410 356

417 478 681 550 publicas
711 483 940 547 curant,
973 482 1031 534 et
1071 480 1375 550 propterea
1411 476 1694 534 damnant
1721 477 1933 545 virum,
1966 475 2051 532 cui

2173 476 2440 550 πεφήνασί
2495 497 2634 538 τινες
2685 479 2770 538 οἷς
2816 480 2920 532 τῶν
2979 481 3171 533 κοινῶν
3221 472 3448 534 ἔλασσον
3499 478 3676 552 μέλει,
3718 481 3798 537 καὶ

419 571 490 626 de
521 570 644 626 suis
677 585 782 640 pro
821 567 988 624 nobis
1028 566 1319 640 susceptis
1355 565 1654 638 periculis,
1685 573 1746 621 ut
1775 565 1900 636 ipse
1929 564 2068 634 scis,

417 659 716 731 oportebat
761 655 1177 730 congratulari,
1211 656 1451 712 obsecro
1505 659 1580 722 te,
1629 654 1966 726 imperator,
1999 671 2070 711 ne

417 747 584 802 illum
605 762 807 802 eorum
831 746 1204 802 sermonibus
1238 743 1578 810 laceratum,
1603 747 1659 798 et
1682 759 1751 799 ea
1780 759 1905 815 quas
1927 742 2066 799 olim

417 837 474 892 in
507 835 607 892 illo
655 835 979 908 cognovisti
1007 834 1341 901 dedecoras,
1372 839 1432 889 et
1458 831 1943 889 calumniatorum
1973 849 2068 890 ex-

415 925 816 997 probrationes
847 924 974 993 ejus
1005 922 1228 978 meritis
1275 921 1542 980 fortiores
1571 937 1700 978 esse
1741 921 2064 994 permittas,

414 1015 515 1071 sed
547 1031 581 1070 a
611 1017 664 1069 te
695 1014 768 1070 de
797 1012 895 1068 illo
940 1011 1311 1069 sermonibus
1341 1011 1617 1083 acceptis,
1654 1011 1704 1067 si
1747 1009 2065 1082 deliquisse

411 1102 898 1172 deprehendatur,
941 1100 1106 1157 illum
1149 1106 1285 1156 tunc
1333 1098 1706 1172 castigatione
1755 1104 1813 1156 et
1857 1100 2059 1171 exqui-

413 1192 542 1248 sitis
573 1191 874 1264 suppliciis
905 1189 1166 1258 afflcias;
1217 1189 1267 1244 si
1315 1195 1508 1246 autem
1552 1188 1714 1246 omni
1744 1189 1914 1260 culpa
1941 1189 2061 1245 im-

413 1281 631 1350 munis,
659 1284 726 1335 ut
755 1295 859 1351 ego
900 1277 1125 1349 opinor,
1163 1277 1388 1344 evadat,
1421 1277 1480 1332 in
1511 1292 1610 1332 eos
1643 1279 1742 1349 qui
1781 1277 1929 1334 falso
1960 1294 2059 1334 ac-

411 1374 758 1429 cusaverunt
786 1369 932 1425 iram
977 1369 1208 1424 referas.
1258 1367 1394 1432 Quae
1425 1367 1604 1438 enim,
1638 1369 1689 1424 si
1734 1367 1900 1424 illum
1930 1384 2061 1440 pec-

411 1477 578 1516 casse
637 1458 1043 1530 comperiatur,
1104 1474 1332 1529 aequum
1391 1461 1542 1513 esset
1601 1456 1758 1516 hunc
1817 1458 2056 1530 perpeti,

409 1550 618 1606 iisdem
648 1549 802 1604 afﬁci
833 1548 1046 1603 debent
1073 1545 1181 1616 illi,
1214 1551 1525 1618 postquam
1557 1545 1873 1616 deliquisse
1914 1564 2058 1602 con-

410 1639 606 1706 stabit,
655 1637 911 1710 primum
953 1653 1025 1692 ne
1072 1635 1212 1692 talia
1239 1636 1453 1692 iterum
1487 1636 1826 1702 moliantur,
1858 1641 2058 1708 postea

409 1729 551 1800 quia
580 1725 1144 1799 periculosissimum
1185 1729 1274 1781 est
1319 1742 1426 1781 nos
1469 1725 1660 1782 sinere
1691 1725 2058 1796 perversissi-

410 1835 539 1876 mos
588 1819 853 1874 homines
913 1820 1123 1872 natura
1169 1815 1276 1882 uti,
1337 1831 1470 1870 cum
1520 1813 1742 1871 scimus
1789 1831 1889 1872 eos
1940 1833 2058 1873 non
2088 1837 2137 1903 Β

411 1908 557 1964 dura
594 1921 870 1979 passuros
901 1919 1052 1972 esse,
1087 1905 1134 1961 si
1167 1903 1368 1960 millies
1399 1903 1674 1960 fefellisse
1703 1905 2053 1962 convincen-

410 2005 525 2053 tur.

477 2178 741 2234 Fortasse
784 2175 1021 2248 quidem
1053 2173 1408 2246 quibusdam
1452 2171 1706 2229 absurde
1737 2173 1926 2230 facere
1964 2175 2058 2230 vi-

405 2267 586 2323 debor
624 2265 694 2335 si,
727 2281 860 2322 cum
893 2265 1006 2320 sim
1036 2262 1222 2320 exsuli
1253 2278 1460 2334 genere
1502 2263 1876 2334 conjunctus,
1907 2268 2058 2319 atta-

405 2371 539 2412 men
590 2371 692 2428 pro
740 2355 866 2425 ipso
913 2355 1090 2410 verba
1138 2351 1389 2408 faciam:
1433 2351 1847 2408 existimabunt
1894 2351 2053 2408 enim

403 2445 560 2518 quod
587 2462 699 2500 non
728 2447 963 2515 propter
981 2441 1273 2514 justitiam
1304 2457 1409 2497 nec
1438 2448 1502 2496 ut
1531 2457 1624 2498 res
1654 2457 1799 2513 quas
1829 2445 2057 2514 oportet

402 2540 590 2601 tuear,
622 2533 724 2589 sed
775 2536 993 2588 naturae
1045 2530 1327 2588 instinctu
1377 2530 1750 2600 surrexerim,
1779 2529 1860 2586 nil
1899 2531 2054 2602 ωσιιὶ

401 2625 624 2682 habens
653 2624 866 2690 dicere,
899 2623 998 2679 sed
1030 2622 1337 2679 verborum
1365 2621 1578 2677 astutia
1608 2626 1666 2678 et
1686 2620 1928 2679 occultis
1959 2639 2055 2677 ar-

400 2713 556 2770 tibus
589 2715 842 2770 maaime
871 2712 1150 2768 confisus.
1181 2711 1300 2783 Ego
1342 2711 1580 2782 quidem
1629 2711 1690 2766 in
1739 2709 1847 2768 hoc
1879 2710 2057 2783 plane

400 2802 710 2860 dissentire
761 2803 986 2858 fateor:
1025 2804 1250 2856 tantum
1299 2799 1461 2855 abest
1505 2803 1568 2854 ut
1619 2803 1921 2870 prapterea
1975 2799 2057 2855 ti—

404 2907 618 2959 meam,
666 2899 725 2946 ut
772 2889 962 2962 ipsius
993 2906 1170 2946 causa
1219 2889 1594 2960 longinquam
1627 2888 2055 2959 navigationem

400 2981 758 3054 susceperim
819 2985 877 3036 et
929 2979 1107 3037 maris
1165 2978 1508 3050 pertulerim
1558 2978 1876 3047 molestias,
1939 2995 2057 3034 non

401 3070 510 3126 hoc
542 3071 729 3126 solum
754 3069 1043 3126 tributum
1073 3068 1373 3124 conferens
1402 3069 1599 3140 generi
1631 3068 1692 3123 in
1720 3066 2056 3140 opportuni-

399 3165 520 3216 tate
549 3159 849 3230 temporis,
881 3159 980 3215 sed
1016 3156 1202 3213 multo
1232 3155 1418 3228 magis
1445 3156 1686 3224 veritus,
1719 3173 1792 3213 ne
1827 3156 1888 3212 in
1919 3173 2052 3228 pro-

403 3249 560 3320 prios
591 3251 750 3304 ferus
779 3253 955 3319 atque
1005 3247 1229 3318 impius
1268 3246 1483 3314 videar,
1512 3244 1582 3314 si,
1617 3245 1676 3300 in
1723 3247 1894 3302 rebus
1923 3263 2053 3318 quas

398 3341 574 3396 etiam
624 3338 846 3394 alienos
895 3336 1162 3406 incitant,
1210 3335 1371 3391 solus
1427 3351 1530 3408 ego
1578 3336 1902 3408 quiescam.
1955 3334 2054 3392 His

401 3435 594 3485 autem
644 3426 1012 3500 posthabitis,
1063 3428 1113 3481 si
1161 3425 1347 3482 scindi
1396 3441 1648 3498 possem.
1691 3429 1751 3481 et
1799 3425 2056 3480 benevo-

399 3517 638 3574 lentiam
673 3532 938 3574 seorsum
977 3515 1306 3583 ostendam,
1339 3530 1406 3570 ac
1435 3518 1635 3585 postea
1677 3514 1738 3570 in
1787 3512 1896 3569 hoc
1928 3529 2050 3568 cer-

399 3608 619 3664 tamine
675 3605 760 3662 illi
813 3605 1098 3673 auxiliari,
1141 3605 1263 3660 haec
1315 3605 1523 3670 forent,
1572 3608 1628 3660 et
1685 3619 1802 3659 non
1858 3607 2056 3658 essent

399 3713 588 3754 causa:
636 3695 708 3751 iis
748 3694 848 3767 qui
877 3695 1121 3767 cupiunt
1166 3693 1493 3764 vituperare
1525 3707 1539 3748 :
1575 3692 1729 3764 quod
1771 3692 1822 3748 si
1854 3699 2047 3747 autem

397 3785 546 3842 illud
575 3783 990 3856 ﬁerinequeat,
1025 3783 1318 3854 quomodo
1367 3798 1480 3836 non
1531 3799 1634 3852 pro
1687 3781 1840 3836 virili
1890 3786 2050 3852 parte

399 3876 764 3948 propinquos
793 3882 995 3931 contra
1039 3889 1244 3930 omnes
1283 3874 1372 3930 fas
1405 3871 1796 3944 periclitantes
1847 3871 2048 3927 defen-

400 3965 586 4021 dam?
613 3966 776 4021 Certe
821 3979 984 4020 nemo
1031 3967 1122 4020 est
1169 3963 1245 4018 ita
1295 3961 1646 4020 calamitatis
1699 3962 1961 4031 ignarus,
1994 3963 2052 4017 et

399 4053 566 4110 malai
600 4054 839 4109 fortuna:
887 4052 1223 4126 inexpertus
1253 4056 1315 4107 ut
1367 4053 1586 4108 nesciat
1615 4051 1906 4121 cujusque
1941 4050 2048 4105 ad-

397 4144 700 4200 versitates
730 4143 1037 4201 benevolus
1085 4147 1312 4200 mentes
1343 4140 1662 4214 postulare,
1691 4148 1744 4196 et
1777 4138 1912 4195 inde
1937 4139 2046 4195 bo-

397 4249 505 4289 nos
527 4231 800 4302 judicari.

470 4507 536 4562 Et
567 4523 784 4574 revera,
817 4507 866 4562 si
897 4508 1044 4578 apud
1071 4506 1250 4564 alium
1282 4505 1546 4578 quemvis
1573 4505 1746 4562 verba
1778 4506 2044 4572 facerem,

2181 559 2270 618 διὰ
2323 568 2484 619 τοῦτο
2541 565 2812 639 κρίνουσιν
2875 564 3176 640 ἄνθρωπον,
3228 567 3274 640 ᾧ
3319 573 3428 622 τῶν
3477 568 3608 646 ὓπέρ
3651 572 3800 644 ἡμῶν

2175 649 2460 723 κινδύνων,
2529 653 2603 716 ὡς
2673 655 2835 716 αὐτὸς
2915 657 3088 728 οἶσθα,
3180 655 3414 730 μάλιστα
3497 666 3799 735 συγχαίρειν

2175 739 2368 818 ἐχρῆν,
2401 741 2593 815 δέομαί
2624 764 2742 814 σου,
2788 743 3030 817 βασιλεῦ,
3085 766 3186 819 μη,
3219 749 3649 823 συναρπασθέντα
3691 754 3800 812 τοῖς

2172 829 2380 885 τούτων
2440 829 2648 907 λόγοις,
2698 832 2786 886 τὸν
2835 833 2928 904 μὲν
2983 832 3072 888 καὶ
3103 832 3137 887 ἃ
3184 834 3356 890 πάλαι
3401 834 3576 908 τούτῳ
3627 857 3799 892 συνοι⁹

2175 915 2268 981 δας
2311 919 2592 992 ἀτιμάσαι,
2640 919 2735 981 τάς
2790 918 2846 976 δὲ
2901 926 3008 976 τῶν
3061 928 3402 998 συκοφαντῶν
3458 923 3800 1004 βλασφημίας

2175 1005 2529 1084 ἰσχυροτέρας
2586 1010 2808 1083 νομίσαι
2866 1015 2973 1066 τῶν
3020 1010 3072 1067 ἐν
3119 1011 3334 1075 τούτοις
3385 1011 3630 1082 δικαίων,
3676 1013 3800 1070 ἀλλ’

2173 1100 2358 1173 ἡσυχῆ
2405 1100 2493 1154 καὶ
2542 1098 2669 1162 τοὺς
2715 1102 2860 1174 παρὰ
2909 1100 3106 1156 τούτου
3151 1098 3434 1176 δεξάμενον
3486 1101 3709 1178 λόγους,
3741 1104 3800 1158 ἃν

2176 1189 2272 1260 μὲν
2316 1185 2516 1244 ἀδικῶν
2567 1188 2832 1266 ἐλεγχθῇ,
2888 1191 3010 1246 τότε
3063 1189 3318 1261 καλάζειν
3375 1192 3465 1248 καὶ
3509 1199 3672 1268 τιμᾷν
3721 1194 3804 1249 αῦ-

2169 1281 2248 1348 τῷ
2310 1283 2419 1332 τῶν
2486 1278 2750 1354 ἐσχάτων,
2816 1277 2876 1334 ἃν
2945 1276 2992 1334 δ’
3059 1279 3158 1351 ἔξω
3235 1282 3412 1353 πάσης
3465 1282 3664 1352 αἰτίας,
3729 1285 3799 1346 ὡς

2173 1364 2405 1440 ἐγῷμαι,
2464 1370 2716 1441 φανῆται,
2776 1367 2864 1424 ἐπὶ
2926 1367 3053 1430 τοὺς
3133 1373 3641 1445 καταψευσαμένους
3701 1369 3804 1443 δή·

2169 1457 2366 1510 πουθεν
2424 1457 2522 1524 τήν
2583 1456 2749 1531 ὀργὴν
2810 1457 3066 1532 ἐνεγκεῖν.
3125 1461 3195 1516 ’Ἃ
3259 1459 3359 1535 γὰρ
3419 1459 3502 1529 ἂν,
3556 1461 3713 1524 οὗτος
3759 1462 3805 1516 εἰ

2171 1545 2526 1619 πλημμελῶν
2585 1545 2864 1625 ἐφωράθη,
2924 1546 3129 1604 δίκαιον
3189 1551 3255 1620 ἦν
3315 1551 3635 1622 ὑποστῆναι,
3677 1553 3804 1606 τού-

2168 1657 2284 1698 τοις
2327 1634 2521 1696 αὐτοὺς
2565 1635 2838 1706 ἡλωκέναι
2891 1635 3246 1711 πλημμελεῖν
3299 1642 3659 1716 φωραθέντας,
3709 1643 3812 1714 μά-

2170 1721 2331 1780 λιστα
2374 1725 2468 1798 μὲν
2511 1723 2601 1779 τίνα
2634 1727 2710 1796 μή
2757 1731 2874 1790 τοῖς
2924 1725 3140 1799 ὁμοίοις
3187 1729 3580 1806 ἐγχειρήσωσιν
3630 1729 3808 1798 αὖθις,

2170 1809 2340 1870 ἔπειθ’
2369 1815 2457 1870 ἄτι
2497 1815 2587 1870 καὶ
2635 1813 2920 1871 πάνδεινόν
2965 1816 3104 1873 ἐστιν
3151 1818 3197 1874 εἰ
3243 1824 3360 1882 τοῖς
3410 1823 3806 1895 πονηροτάτοις

2169 1904 2313 1959 οὕτω
2344 1906 2393 1979 γ’
2443 1905 2501 1959 ἂν
2552 1907 2790 1983 χρῆσθαι
2837 1911 2907 1978 τῇ
2957 1909 3108 1984 φύσει
3155 1905 3427 1981 δώσομεν,
3471 1907 3682 1972 εἰδότας
3733 1911 3810 1973 ὡς

2167 1992 2227 2048 ού
2285 1995 2560 2050 πείσονται
2617 1999 2820 2066 κακῶς,
2879 1995 2938 2050 ἂν
2997 1999 3250 2072 μυριάκις
3308 1997 3612 2076 ἐλεγχθῶσι
3671 2004 3808 2075 ψευ-

2167 2083 2398 2145 σθέντες.

2235 2175 2396 2235 Ἴσως
2455 2175 2552 2247 μὲν
2611 2171 2701 2228 οὖν
2759 2173 2958 2230 ἄτοπόν
3018 2197 3125 2231 τισι
3177 2175 3315 2247 δόξω
3372 2184 3567 2249 ποιεῖν,
3620 2180 3667 2234 εἰ
3725 2185 3809 2251 τῷ

2166 2262 2421 2340 φεύγοντι
2477 2262 2614 2319 καλά
2667 2261 2820 2338 γένος
2871 2267 3184 2336 προσήκων,
3234 2260 3400 2322 ἔπειθ’
3447 2268 3580 2343 ὑπὲρ
3632 2270 3806 2325 αὐτοῦ

2166 2355 2393 2426 χρῶμαι
2424 2359 2542 2414 τοῖς
2597 2353 2818 2428 λόγοις·
2865 2353 3147 2424 οῖήσονται
3195 2357 3295 2430 γὰρ
3344 2357 3420 2419 ὡς
3469 2356 3528 2412 ού
3576 2363 3676 2413 τοῦ
3727 2356 3812 2413 δι-

2165 2441 2323 2496 καίου
2383 2443 2570 2520 χάριν,
2616 2439 2743 2498 οὐδέ
2795 2448 2915 2504 τοῖς
2962 2444 3274 2519 πράγμασιν
3326 2445 3358 2500 ἃ
3407 2445 3490 2501 δεῖ
3536 2453 3807 2520 συνερῶν,

2166 2529 2292 2586 ἀλλ’
2329 2531 2432 2585 ὑπὸ
2476 2535 2572 2586 τοῦ
2620 2527 2926 2608 πεφυκότος
2973 2531 3218 2603 ἀνέστην,
3269 2531 3450 2590 δίκαια
3501 2537 3594 2607 μὲν
3645 2533 3809 2591 οὐδὲν

2165 2616 2311 2694 ἔχων
2347 2619 2548 2696 λέγειν,
2592 2625 2660 2694 τῇ
2695 2618 2752 2676 δὲ
2787 2625 2894 2676 τῶν
2947 2621 3128 2689 λόγων
3179 2619 3446 2694 δεινότητι
3494 2625 3586 2678 καὶ
3627 2645 3808 2698 παραυ

2170 2713 2334 2783 σκευῇ
2398 2708 2547 2780 μάλα
2604 2709 2833 2785 θαρῥῶν.
2895 2711 3039 2784 Ἐγὼ
3101 2707 3156 2766 δὲ
3213 2711 3274 2766 τὸ
3335 2714 3428 2785 μὲν
3497 2713 3644 2784 αὐτῷ
3715 2715 3812 2768 καὶ

2167 2797 2305 2853 πάνυ
2353 2820 2407 2854 τι
2455 2795 2724 2872 διαφέρειν
2785 2799 3087 2876 ὀμολογῶ”
3147 2803 3399 2857 τεσοῦτόν
3444 2823 3507 2876 γε
3557 2805 3670 2873 μὴν
3702 2802 3817 2858 δέω

2169 2883 2259 2941 διὰ
2303 2890 2468 2942 ταῦτα
2525 2883 2829 2966 φοϐεῖσθαι,
2888 2885 3018 2942 ὥσθ’
3076 2889 3208 2964 ὑπὲρ
3265 2890 3428 2946 αὐτοῦ
3471 2891 3668 2946 τούτου
3715 2893 3817 2946 καὶ

2172 2977 2376 3049 μακρὸν
2408 2975 2582 3030 πλοῦν
2637 2974 2965 3050 ἐστειλάμην
3015 2977 3104 3031 καὶ
3151 2983 3258 3032 τῶν
3303 2978 3361 3034 ἐκ
3387 2983 3484 3034 τοῦ
3531 2978 3817 3054 πελάγους

2166 3060 2445 3139 δυσχερῶν
2503 3065 2848 3138 ἠνεσχόμην,
2909 3064 3008 3121 οὐκ
3064 3065 3196 3122 αὐτὸ
3253 3072 3415 3122 τοῦτο
3476 3069 3644 3139 μόνον
3705 3069 3812 3138 τήν

2164 3157 2491 3228 γιγνομένην
2551 3151 2846 3218 ἀποδιδοὺς
2899 3161 2978 3227 τῷ
3052 3154 3193 3229 γένει
3252 3155 3556 3212 συντέλειαν
3611 3156 3664 3212 ἐν
3726 3163 3814 3230 τῷ

2162 3240 2421 3298 καλοῦντι
2478 3247 2689 3318 καιροῦ,
2748 3241 2894 3299 ἀλλά
2949 3266 3002 3300 τι
3052 3245 3142 3300 καὶ
3191 3242 3380 3308 δεδιὼς
3423 3244 3568 3301 πολὺ
3607 3245 3814 3316 πλέον,

2169 3332 2246 3404 μή
2277 3333 2400 3406 περὶ
2437 3331 2563 3394 τοῦς
2601 3331 2834 3394 οἰκείους
2876 3331 3154 3408 θηριώδης
3195 3331 3334 3404 δόξω
3372 3335 3461 3389 καὶ
3511 3331 3812 3405 δυσσεϐὴς,

2163 3412 2232 3482 εί,
2263 3418 2368 3468 τῶν
2397 3413 2732 3488 πραγμάτων
2783 3413 2874 3469 καὶ
2920 3416 3048 3478 τοὺς
3092 3412 3192 3485 ἔξω
3240 3414 3580 3484 καλούντων,
3636 3418 3815 3488 μόνος

2163 3502 2322 3564 αὐτὸς
2383 3504 2744 3580 ἡσυχάζοιμι.
2822 3511 2980 3561 Ἄνευ
3037 3501 3095 3559 δὲ
3150 3503 3358 3559 τούτων
3395 3523 3408 3537 ⁸
3477 3504 3523 3560 εἷ
3584 3506 3681 3578 μὲν
3734 3506 3810 3574 ἦν

2165 3589 2456 3662 διελέσθαι,
2501 3591 2592 3647 καὶ
2630 3594 2730 3660 τὴν
2797 3592 2892 3667 μὶν
2952 3590 3162 3649 εὔνοιαν
3211 3591 3545 3670 ἐνδεδεῖχθαι
3599 3595 3809 3670 χωρὶς,

2161 3681 2342 3738 ἔπειτα
2393 3680 2450 3737 δὲ
2503 3683 2594 3738 καὶ
2645 3683 2780 3758 πρὸς
2835 3684 2925 3739 τὸν
2981 3683 3163 3760 ἀγῶνα
3217 3684 3540 3756 συνάρασθαι
3599 3706 3812 3757 τουτῳ,

2161 3774 2228 3842 ἧν
2278 3773 2340 3828 ἂν
2389 3779 2580 3841 ταῦτα,
2629 3776 2717 3830 καὶ
2771 3775 2872 3830 οὐκ
2892 3774 2950 3830 ἂν
2983 3775 3117 3844 ἦσαν
3167 3776 3460 3852 προφάσεις
3509 3781 3628 3838 τοῖς
3677 3775 3812 3831 ἐπι-

2158 3865 2390 3936 θυμοῦσι
2420 3863 2654 3932 κακίζειν
2679 3884 2691 3896 ο
2734 3863 2780 3917 εἷ
2820 3861 2876 3918 δὲ
2914 3867 3074 3918 τοῦτο
3115 3863 3221 3940 οὐχ
3259 3863 3372 3918 οἷόν
3407 3885 3488 3936 τε,
3529 3869 3654 3926 πῶς
3705 3866 3816 3920 οῦκ

2159 3949 2220 4004 ἐα
2281 3955 2388 4006 τῶν
2450 3950 2675 4006 ἐνόντων
2742 3951 3100 4026 παρίστασθαι
3182 3958 3297 4014 τοῖς
3369 3953 3593 4015 οἰκείοις
3655 3955 3812 4026 παρὰ

2157 4039 2328 4095 πάντα
2358 4039 2727 4096 κινδυνεύουσι
2775 4043 2979 4114 νόμονς
3013 4038 3213 4097 Οὔκουν
3274 4063 3338 4116 γε
3384 4040 3562 4104 οὐδεὶς
3625 4043 3815 4106 οὕτως

2156 4125 2259 4199 ἔξω
2317 4131 2554 4200 καθάπαξ
2613 4135 2710 4185 τοῦ
2776 4128 3061 4204 δυστυχεῖν
3129 4131 3218 4186 καὶ
3274 4137 3376 4199 τῆς
3434 4131 3538 4188 οῦκ
3590 4131 3812 4208 ἀγαθῆς

2155 4220 2332 4294 τύχης
2391 4217 2634 4296 ἄπειρος,
2688 4221 2748 4283 ὃς
2803 4219 2991 4295 ἀγνοεῖ
3037 4217 3214 4290 δήπου
3272 4220 3346 4281 ὡς
3405 4222 3462 4274 αἱ
3521 4223 3813 4296 συμφοραὶ

2158 4309 2356 4370 παντὸς
2417 4306 2628 4381 μᾶλλον
2695 4308 2979 4363 ἀπαιτοῦσι
3043 4310 3173 4370 τοὺς
3239 4305 3449 4381 εὔνους,
3516 4310 3812 4372 καῖ’-τοὺς

2156 4397 2390 4472 ἀγαθοὺς
2422 4397 2653 4452 ἐντεῦθεν
2685 4397 2958 4471 κρίνομεν.

2229 4487 2327 4540 Καὶ
2371 4488 2480 4560 μὴν
2530 4487 2574 4540 εἰ
2627 4487 2719 4558 μὲν
2769 4487 2905 4560 πρὸς
2960 4483 3140 4555 ἕτερον
3199 4488 3438 4541 ὁντινοῦν
3491 4487 3815 4560 ἐποιούμην

398 4594 546 4651 illud
585 4596 840 4668 cogitare
888 4574 1144 4668 possem,
1177 4574 1333 4668 quod
1389 4595 1564 4650 verba
1607 4611 1738 4651 mea
1784 4601 2045 4662 secutus,

2173 4577 2278 4637 ποὺς
2329 4575 2546 4651 λόγους,
2607 4577 2675 4644 ἦν
2722 4575 2780 4630 ἃν
2829 4574 3026 4630 ἐννοεῖν
3081 4576 3156 4639 ὡς
3201 4574 3392 4652 λόγοις
3447 4577 3810 4645 παρακολου-

395 4687 493 4742 sed
545 4687 766 4760 inique,
801 4685 1149 4742 sententiam
1200 4691 1480 4742 statueret
1521 4709 1537 4754 ;
1583 4685 1861 4757 quoniam
1909 4701 2042 4740 vero

397 4791 604 4832 omnes
633 4773 856 4831 scimus
899 4782 953 4830 te
1001 4775 1246 4830 dicendo
1281 4779 1538 4831 oratores
1579 4774 1912 4832 Homericos
1951 4790 2047 4829 su-

398 4880 620 4935 perare,
644 4879 744 4919 cur
773 4863 896 4918 haec
945 4863 1248 4934 oportebat
1277 4863 1488 4932 dicere,
1522 4867 1578 4919 et
1608 4879 1722 4919 non
1772 4862 2045 4918 omnibus

392 4953 614 5010 viribus
644 4951 942 5010 colluctari
962 4958 984 5005 2

463 5226 546 5284 Da
588 5232 781 5282 autem
814 5221 978 5291 mihi,
1009 5222 1343 5295 imperator,
1376 5221 1575 5296 paucis
1613 5223 1804 5279 verbis
1837 5223 1942 5286 uti,
1976 5226 2041 5278 ut

393 5317 532 5371 satis
578 5314 774 5371 videre
821 5313 1012 5385 possis
1053 5312 1396 5384 jampridem
1441 5311 1850 5369 Cbandrenum
1893 5312 2044 5370 inter

394 5403 576 5461 bonos
607 5402 918 5470 reccnssri,
949 5405 1006 5457 et
1035 5399 1182 5456 nihil
1230 5417 1360 5459 esse
1385 5400 1540 5473 quod
1586 5399 1672 5456 illi
1702 5401 1774 5458 ad
1805 5400 2039 5458 laudem

391 5507 512 5570 non
559 5491 754 5548 faciat.
805 5490 918 5547 Sed
967 5489 1017 5546 si
1075 5490 1146 5546 de
1192 5505 1403 5564 genere
1461 5489 1806 5564 interrogas,
1854 5489 2042 5548 multa

468 5671 548 5747 (3)
573 5673 870 5733 Nestorem
893 5675 1183 5746 videlicet,
1220 5673 1372 5752 λιγὺν
1405 5673 1622 5734 Πυλίων
1662 5674 1967 5756 ἀγορητήν.

2153 4668 2322 4736 θήσας
2360 4671 2475 4726 τοῖς
2523 4665 2698 4737 ἐμοῖς,
2741 4664 2865 4720 ἀλλ’
2906 4663 3006 4719 οὐκ
3049 4663 3100 4719 ἐν
3149 4661 3294 4737 δίκῃ,
3335 4667 3406 4721 τά
3453 4674 3553 4736 τῆς
3606 4668 3814 4742 ψήφου

2149 4777 2210 4830 γε
2267 4757 2411 4810 θεῖτο
2443 4774 2455 4786 '
2510 4754 2592 4809 ὅτι
2643 4751 2689 4809 δ’
2739 4755 2964 4816 ἅπαντες
3009 4752 3166 4826 (ίσμεν
3217 4753 3291 4816 ὡς
3339 4753 3431 4809 καὶ
3482 4753 3606 4815 τοὺς
3655 4753 3810 4830 ἄγαν

2151 4841 2359 4906 δεινοὺς
2417 4840 2571 4899 οὐδὲν
2628 4842 2787 4905 αὐτὸς
2847 4843 3156 4920 ἀποφαίνεις
3207 4840 3572 4919 δημηγορῶν,
3617 4845 3675 4906 ὃς
3738 4867 3814 4918 γε

2148 4935 2239 4988 καὶ
2287 4934 2412 4994 τοὺς
2471 4931 2805 5006 Ὁμηρικοὺς
2863 4929 3216 5006 παρελαύνεις
3275 4931 3518 5006 ῥήτορας
3571 4933 3670 5006 (3),
3743 4936 3809 4988 τί

2149 5027 2318 5080 ταῦτα
2358 5020 2532 5097 λέγειν
2581 5021 2776 5100 ἐχρῆν,
2835 5018 2962 5076 ἀλλ’
3000 5020 3062 5076 ού
3123 5022 3277 5076 παντὶ
3327 5020 3501 5077 σθένει
3543 5042 3820 5096 συναγω-

2149 5112 2388 5182 νίζεσθαι
2416 5130 2429 5178 ;

2222 5201 2320 5262 Δὸς
2362 5198 2419 5255 δέ
2477 5220 2592 5271 μοι,
2649 5199 2866 5274 μικρὸν,
2923 5196 2967 5252 ὦ
3019 5195 3268 5271 βασιλεῦ,
3325 5200 3418 5254 τὸν
3471 5197 3629 5272 λόγον
3689 5199 3820 5254 ἆν-

2149 5295 2405 5365 ενεγκεῖν,
2457 5287 2530 5344 ’ἶν’
2597 5287 2728 5344 ἰδεῖν
2796 5286 2933 5364 ἔχῃς
2999 5287 3309 5363 ἀρκούντως
3369 5289 3446 5350 ὡς
3502 5288 3822 5364 πόρῥωθεν

2149 5378 2464 5456 Χανδρηνὸς
2520 5380 2598 5442 εἰς
2657 5377 2884 5451 ἀγαθοὺς
2944 5376 3120 5454 ἔφερε,
3166 5379 3254 5432 καὶ
3307 5375 3459 5433 οὐδὲν
3491 5376 3598 5433 ἔσθ’
3633 5378 3663 5431 ὃ
3725 5382 3824 5452 μὴ

2147 5471 2328 5542 τούτῳ
2377 5473 2615 5546 χορηγεῖ
2650 5467 2784 5543 πρὸς
2824 5466 3074 5523 ἔπαινον.
3121 5463 3274 5523 Ἀλλ’
3304 5465 3392 5522 ἐάν
3433 5487 3493 5522 τε
3535 5467 3596 5520 τὸ
3632 5467 3826 5540 γένος
