4118 6214
287 357 408 418 357

1481 359 1770 426 ORATIO
1813 363 1968 428 PRO
2008 365 2506 430 CHANDRENO.

3573 361 3694 422 358

291 489 466 565 εἴπῃς,
507 489 728 546 πολλοῦ
751 512 900 554 τινος
946 490 1095 562 ἄξιον
1140 491 1233 548 καὶ
1281 496 1380 563 τῆς
1425 495 1611 558 Ἀσίας
1659 497 1928 562 πολλάκις

2047 502 2476 562 existimatione
2531 500 2774 573 dignum
2829 505 2913 556 est
2986 501 3044 556 et
3099 514 3495 571 saepenumero
3552 500 3697 556 Asis:

289 580 518 655 ὡσπερεί
572 575 854 656 πρόϐολος
915 581 1128 637 ὦπται·
1181 581 1268 638 ἐάν
1327 603 1386 639 τε
1425 589 1618 642 τοῦτον
1666 585 1934 664 ἐξετάσῃς,

285 669 538 739 εὑρήσεις
585 669 646 724 οὐ
693 676 802 724 τῶν
845 671 1125 746 προγόνων
1191 671 1494 748 ἀξιόχρεων
1560 675 1744 748 μόνον,
1793 675 1940 747 ἀλλᾶ

281 756 371 810 καὶ
435 763 626 832 συχνῷ
679 763 760 830 τῷ
809 760 1035 814 τουτουὶ
1089 761 1356 825 παριόντα
1385 765 1487 836 (4),
1519 763 1609 818 καὶ
1665 769 1774 820 τῶν
1806 765 1940 822 ἐκεῖ·

277 848 368 900 Θεν
447 846 595 918 αὐτῷ
671 847 900 904 πολλῶν
977 849 1067 903 καὶ
1149 848 1406 926 μεγάλων
1485 849 1938 930 παραδειγμάτων

278 935 464 1008 μείζω
507 942 624 998 τοῖς
672 936 826 1002 ὅλοις
872 938 1203 1014 ἀγωνιστήν.
1241 939 1338 996 Καὶ
1389 938 1504 996 οὔτ’
1546 939 1762 998 ἐκείνων
1822 950 1940 1010 τοῖς

276 1024 454 1090 ἰδίοις
498 1028 723 1102 ἀγαθοῖς
747 1028 1164 1102 ,κοσμουμένων
1203 1029 1279 1090 εἷς
1328 1028 1536 1092 ὄνειδος
1586 1034 1676 1088 καὶ
1737 1035 1938 1108 ξημίαν

275 1113 634 1186 ἐτελεύτησεν
680 1116 860 1187 οὗτος,
903 1115 1161 1172 πλεῖστον
1211 1117 1339 1171 ὅσον
1391 1117 1759 1196 ἀπολειφθεὶς,
1810 1121 1937 1177 ἀλλ’

275 1201 510 1274 ἐξέτεινε
538 1205 636 1273 τήν
686 1204 918 1278 μίμησιν
963 1205 1039 1267 εἰς
1091 1199 1404 1279 ὑπερϐολήν
1433 1224 1446 1238 '
1502 1204 1615 1264 οὔτ’
1645 1207 1711 1262 αὖ
1769 1209 1932 1264 πάλιν

278 1292 450 1356 οὗτος
499 1299 615 1356 τοῖς
672 1291 732 1348 έκ
783 1299 883 1349 τοῦ
942 1295 1129 1372 γένους
1185 1295 1440 1370 ἠγάπησε
1501 1297 1719 1370 μόνοις,
1753 1299 1935 1374 ὥσπερ

277 1403 367 1444 τις
421 1381 638 1438 οἴκοθεν
701 1384 798 1456 μὶν
853 1384 913 1439 οὐ
971 1385 1177 1458 φανεὶς,
1209 1387 1272 1441 τὸ
1323 1384 1380 1440 δὲ
1421 1389 1624 1460 πατρὸς
1656 1387 1934 1462 ὀλυμπιο-

275 1469 440 1526 νίκου
470 1472 603 1527 εἶναι
631 1471 707 1534 εἷς
738 1473 936 1548 ἀρετῆς
968 1471 1134 1548 λόγον
1185 1474 1454 1551 ἀποχρῶν
1507 1477 1636 1531 εἶναι
1675 1478 1933 1552 νομίζων,

275 1558 452 1630 ἀλλὰ,
496 1561 595 1629 τὴν
645 1561 900 1635 πατρῴαν
959 1562 1155 1636 ἀρετὴν
1211 1565 1474 1640 μεγίστης
1521 1561 1932 1638 εὐδοκιμήσεως

275 1650 540 1704 ὑπόθεσιν
595 1650 778 1724 κρίνας
852 1651 941 1705 καὶ
1013 1653 1152 1724 πρὸς
1207 1653 1274 1707 τὰ
1335 1653 1506 1725 μείζω
1563 1657 1932 1728 παρασκευήν,

274 1739 426 1811 ὁμοῦ
448 1759 504 1794 τε
537 1743 670 1816 σφᾶς
704 1741 941 1814 ὑπερῆρε
998 1741 1087 1795 καὶ
1140 1739 1398 1798 πλεῖστον
1447 1743 1529 1821 ἐφ’
1572 1742 1719 1815 αὗτῷ
1769 1743 1935 1823 2:20.0-

271 1830 561 1901 τιμεῖσθαι
591 1829 852 1904 παρέσχε.

2043 593 2212 664 quasi
2263 607 2468 648 murus
2514 589 2776 647 exstitit:
2808 587 2855 644 si
2901 588 2973 644 de
3014 587 3114 644 illo
3151 588 3385 659 quieris,
3437 587 3697 646 invenies

2045 695 2160 738 non
2213 697 2343 737 esse
2393 686 2620 736 tantum
2679 676 3022 748 parentibus
3091 677 3421 733 illustribus
3477 681 3697 744 ortum,

2045 771 2144 826 sed
2193 771 2366 827 etiam
2418 785 2487 826 ea
2516 768 2689 840 longe
2735 780 3042 836 superasse
3077 765 3312 822 virtutis
3343 766 3696 838 exemplaria

2044 860 2161 932 ipsi
2211 861 2283 915 ab
2332 859 2416 915 eis
2466 857 2786 930 preposita.
2823 856 2890 910 Et
2933 871 3074 924 non,
3117 855 3246 927 ipse
3290 855 3546 912 multum
3578 855 3695 912 illis

2046 949 2313 1017 inferior,
2375 964 2474 1004 eos
2532 946 2782 1018 propriis
2837 944 3145 1000 decoribus
3200 949 3434 1001 ornatos
3503 946 3694 1018 turpi-

2043 1039 2246 1094 tudine
2322 1055 2387 1093 ac
2466 1033 2794 1108 ignominia
2861 1032 3072 1102 affecit,
3127 1033 3230 1088 sed
3309 1033 3695 1091 imitationem

2043 1126 2215 1200 longe
2276 1127 2596 1200 provexit:
2665 1141 2770 1179 nec
2835 1127 3030 1178 autem
3103 1121 3202 1178 ille
3271 1121 3398 1178 sola
3461 1123 3693 1196 generis

2043 1214 2288 1272 virtutes
2363 1215 2504 1270 satis
2570 1229 2698 1268 esse
2765 1210 2944 1275 duxit,
3006 1209 3161 1264 sicut
3218 1207 3432 1280 aliquis
3486 1215 3691 1282 suapte

2044 1311 2254 1359 natura
2302 1301 2594 1375 ignobilis,
2641 1308 2861 1372 patrem
2919 1297 3360 1370 Olympionicen
3401 1297 3474 1354 ob
3511 1298 3690 1354 virtu-

2043 1399 2164 1452 tem
2197 1409 2324 1450 esse
2354 1392 2576 1448 clarum
2611 1389 2880 1446 sufﬁcere
2909 1392 3094 1448 ratus.
3129 1387 3228 1442 sed
3283 1387 3464 1458 patris
3509 1388 3692 1442 virtu-

2042 1491 2158 1542 tem
2209 1482 2473 1539 maxime
2519 1479 2714 1552 glorise
2766 1477 3216 1534 fundamentum
3267 1492 3396 1532 esse
3419 1476 3694 1547 judicans

2042 1579 2099 1630 et
2127 1573 2197 1628 ad
2229 1572 2452 1643 majora
2481 1568 2982 1643 praeparationem,
3024 1565 3202 1620 simul
3248 1569 3304 1620 et
3351 1581 3490 1622 suos
3521 1581 3696 1637 supe-

2043 1663 2215 1729 ravit,
2246 1665 2302 1717 et
2333 1659 2513 1716 multa
2544 1661 2601 1716 in
2635 1658 2827 1729 seipse
2859 1655 3134 1728 praeclara
3165 1653 3437 1726 prmbuit.

352 1915 534 1986 Δῆλον
595 1916 690 1972 δέ’
723 1917 798 1973 ὢν
849 1920 951 1994 γὰρ
1011 1918 1100 1974 ἐπὶ
1152 1923 1251 1990 τῆς
1282 1921 1468 1982 Ἀσίας
1528 1920 1752 1994 (ἐκεῖθεν
1803 1922 1928 1998 γάρ,

2113 1929 2274 1994 Quod
2323 1927 2380 1982 in
2428 1928 2702 1998 promptu
2749 1928 2882 1980 est:
2929 1938 3063 1978 cum
3093 1919 3250 1977 enim
3291 1919 3349 1974 in
3381 1920 3526 1976 Asia
3553 1936 3689 1977 ver-

276 2007 356 2069 ὡς
387 2005 544 2084 ἔφην,
577 2009 730 2080 αὖτῷ
773 2008 841 2062 τὰ
885 2012 987 2062 τοῦ
1024 2009 1260 2085 γένους),
1287 2011 1375 2065 καὶ
1423 2015 1588 2066 τοῦτο
1638 2012 1730 2084 μὲν
1766 2033 1930 2085 στρα-

273 2096 548 2168 τοπέδων,
605 2103 767 2155 τοῦτο
825 2097 882 2154 δὲ
937 2099 1026 2156 καὶ
1084 2101 1303 2156 πόλεων
1356 2103 1544 2176 ἅρχων
1604 2101 1663 2156 ἐκ
1717 2101 1927 2158 παίδων

272 2185 415 2258 ἤδη,
449 2187 548 2242 ὅσα
580 2189 674 2260 μὲν
708 2187 783 2250 εἷς
816 2187 1118 2264 λογισμοὺς
1168 2191 1291 2259 ἥκει
1325 2190 1415 2245 καὶ
1462 2191 1524 2246 τὸ
1575 2192 1926 2265 βουλεύεσθαι

277 2281 557 2354 γερόντων
621 2277 850 2353 ἐκράτει,
886 2281 983 2335 ὅσα
1039 2277 1085 2336 δ’
1127 2281 1204 2343 εἷς
1255 2277 1538 2352 πολέμους
1591 2283 1681 2336 καὶ
1743 2284 1924 2362 μάχας

273 2370 367 2423 καὶ
423 2375 629 2444 χειρῶν
678 2369 944 2446 εὐψυχίαν
1002 2375 1108 2426 τῶν
1169 2371 1595 2446 συνειλεγμένων
1654 2373 1924 2443 ἁπάντων,

271 2459 397 2534 οὐχ
428 2459 578 2520 δπως
608 2463 716 2514 τῶν
750 2457 1064 2515 ἀντιπάλων
1097 2459 1297 2528 αὐτῶν,
1325 2465 1392 2534 τῇ
1448 2462 1540 2533 μὲν
1587 2466 1695 2516 τῶν
1741 2465 1926 2534 νόμων

269 2547 498 2626 ιρυλακῇ
552 2548 684 2610 τοὺς
742 2547 1084 2623 ἀρχομένους
1139 2547 1378 2622 ἐπαῦξων
1437 2550 1528 2604 καὶ
1609 2552 1774 2622 μετὰ,
1817 2556 1925 2607 τῶν

268 2635 624 2709 εὐδαιμόνων
676 2638 864 2705 τιθεὶς,
893 2637 973 2710 τῷ
1031 2634 1089 2692 δὲ
1147 2643 1392 2708 σκηπτοῦ
1435 2635 1590 2708 δίκην
1637 2639 1922 2712 ἐμπίπτειν

268 2726 406 2788 τοὺς
455 2724 692 2801 ἐχθροὺς
741 2726 1180 2796 καταπλήττων·
1225 2727 1305 2782 ἀεὶ
1367 2729 1461 2800 μὲν
1519 2733 1706 2797 νικῶν,
1739 2729 1925 2798 ἡττώ-

269 2837 440 2887 μενος
499 2813 557 2870 ὃὲ
614 2813 730 2871 οὐδ’
761 2815 1003 2886 εἰσάπαξ,
1034 2815 1096 2870 οὐ
1156 2818 1263 2888 μὴν
1326 2814 1434 2872 οὐδ’
1469 2815 1746 2893 ἄπρακτος
1793 2819 1920 2874 ἀπο-

267 2909 520 2978 χωρῶν·
583 2901 690 2958 ἕσθ’
749 2904 839 2958 ὅτε
913 2904 1136 2977 ἀμάχου
1218 2904 1312 2977 μὲν
1369 2903 1586 2977 τόλμης
1642 2905 1922 2978 ἐμπιπλὰς

267 2994 401 3053 τοὺς
434 2992 689 3056 οἰκείους,
724 2993 928 3066 τρόμον
973 2989 1030 3046 δὲ
1077 2997 1190 3054 τοῖς
1241 2991 1532 3065 πολεμίοις
1583 2990 1878 3067 ἐμϐάλλων
1907 3015 1919 3028 υ

275 3083 445 3154 μόνος
481 3083 577 3154 μὲν
624 3083 760 3156 πρὸς
810 3081 1060 3144 πολλοὺς
1091 3080 1385 3150 πολλάκις,
1418 3083 1555 3156 πρὸς
1585 3082 1822 3157 ἀριθμοῦ
1869 3082 1924 3139 δὲ

269 3181 523 3248 κρεῖττον
569 3171 785 3242 πλῆθος
846 3174 1319 3247 παραταττόμενος
1382 3175 1498 3247 μετ’
1555 3172 1781 3250 ὀλίγων,
1831 3177 1918 3230 καὶ

2039 2023 2270 2074 saretur
2299 2016 2526 2088 (exinde
2574 2029 2847 2086 namque,
2883 2020 2944 2066 ut
2993 2010 3132 2080 dixi,
3166 2025 3350 2081 genus
3395 2009 3689 2082 ducebat),

2038 2111 2095 2164 et
2124 2122 2279 2162 nunc
2309 2103 2685 2168 exercitibus,
2717 2117 2876 2158 nunc
2921 2100 3165 2156 urbibus
3209 2099 3336 2170 jam
3365 2098 3502 2155 inde
3531 2117 3566 2155 a
3587 2100 3688 2171 ju-

2036 2199 2274 2251 ventute
2300 2200 2586 2266 praesset,
2619 2189 2904 2264 quidquid
2931 2190 2988 2244 in
3021 2189 3259 2244 senibus
3283 2187 3492 2259 judicii
3522 2191 3580 2244 et
3627 2189 3685 2244 in

2037 2283 2280 2340 consilio
2302 2281 2848 2354 sapientiminesset,
2865 2277 3151 2350 quidquid
3177 2275 3464 2334 bellorum
3489 2293 3554 2333 ac
3575 2292 3690 2335 cer-

2037 2373 2326 2430 taminum
2362 2371 2578 2443 peritiae
2610 2377 2664 2426 et
2697 2383 2978 2424 manuum
3009 2365 3372 2422 strenuitatis
3403 2382 3520 2421 non
3549 2370 3685 2422 tan—

2037 2466 2164 2517 tum
2185 2461 2244 2516 in
2267 2460 2389 2516 suis
2412 2459 2706 2524 hostibus,
2723 2455 2896 2513 sedin
2919 2455 3194 2512 omnibus
3216 2455 3576 2526 congregatis
3598 2471 3686 2512 es-

2039 2555 2146 2616 set,
2177 2549 2506 2620 superabat,
2528 2561 2698 2619 egum
2739 2544 3006 2600 custodia
3035 2543 3430 2616 ampliﬁcabat
3450 2543 3686 2614 subjec-

2035 2647 2122 2694 tos
2147 2655 2212 2694 ac
2237 2637 2432 2694 felices
2464 2635 2776 2704 efﬁciebat,
2799 2639 2856 2690 et
2886 2633 3177 2701 inimicos,
3201 2630 3466 2688 fulminis
3494 2631 3682 2688 instar

2032 2729 2092 2784 in
2125 2746 2221 2784 eos
2249 2727 2545 2794 irruendo,
2593 2724 2972 2796 percutiebat.
3021 2729 3258 2795 Semper
3305 2727 3428 2778 erat
3474 2723 3676 2780 victor.

2033 2833 2375 2890 numquam,
2430 2833 2500 2872 ne
2547 2814 2728 2872 semel
2778 2813 3034 2886 quidem,
3087 2820 3418 2883 superatus,
3467 2817 3570 2868 aut
3618 2830 3678 2868 re

2035 2908 2186 2963 male
2207 2912 2371 2980 gesta
2391 2921 2682 2972 reversus;
2703 2903 3018 2976 aliquando
3033 2901 3484 2974 iusuperabilem
3502 2903 3676 2958 auda-

2034 2999 2184 3052 ciam
2207 2997 2331 3052 suis
2363 2997 2698 3066 infundens,
2731 2999 3015 3050 terrorem
3041 2991 3308 3049 hostibds
3339 2993 3678 3049 incutiebat.

2033 3085 2204 3142 Solus
2235 3102 2390 3158 saepe
2419 3090 2623 3142 contra
2668 3083 2906 3151 multos,
2937 3086 3037 3138 aut
3066 3097 3276 3154 propre
3304 3082 3536 3137 turbam
3571 3099 3682 3138 nu-

2035 3192 2192 3232 mero
2238 3173 2701 3247 praestantiorem
2748 3189 2884 3228 cum
2926 3171 3128 3243 paucis
3175 3170 3513 3240 collocatus,
3563 3171 3683 3242 pul-

267 3284 424 3326 νικας
482 3265 575 3325 τὰς
633 3261 932 3326 κάλλιστας
983 3284 1041 3318 τε
1095 3263 1186 3318 καὶ
1260 3262 1511 3338 μεγίστας
1587 3261 1918 3336 λαμϐάνων’

2039 3268 2354 3323 cherrimas
2367 3283 2434 3321 ac
2449 3263 2732 3320 maximas
2755 3261 3388 3336 reportabatvictorias,
3405 3262 3685 3321 mirabilis

272 3353 691 3425 θαυμαζόμενος
751 3353 846 3424 μὲν
902 3372 983 3412 οις
1051 3352 1177 3412 τοὺς
1258 3351 1669 3427 παραπεσόντας
1736 3354 1936 3414 πάντας

273 3441 488 3516 ἀνῄρει,
550 3440 962 3513 θαυμαζόμενος
1040 3437 1096 3494 δὲ
1171 3440 1261 3494 καὶ
1336 3441 1418 3502 οἷς
1490 3441 1618 3501 τοὺς
1696 3439 1932 3504 ἀπόντας

275 3529 682 3602 μετριωτέρους
754 3528 980 3598 καθίστη
1057 3533 1136 3600 τῷ
1211 3524 1389 3601 φόϐῳ.
1448 3527 1772 3584 Τοῦντεῦθεν
1836 3529 1937 3584 οὐκ

271 3615 347 3675 ἔτ’
408 3619 487 3681 εἷς
533 3625 728 3694 χεῖρας
778 3618 935 3688 ἰέναι,
967 3617 1098 3674 ἀλλ’
1147 3615 1260 3673 οὐδ’
1301 3618 1490 3692 ἐξιέναι
1524 3625 1624 3688 τῆς
1678 3615 1933 3697 σφετέρας

267 3711 333 3766 τὸ
368 3709 622 3784 παράπαν
671 3707 922 3783 ἐτόλμων
949 3729 960 3742 ·
1017 3709 1166 3780 ἀλλ’,
1198 3709 1231 3763 ’ἀ
1277 3711 1508 3784 πρόσθεν
1553 3705 1722 3782 ἔδρων
1783 3712 1936 3766 οὗτοι

269 3799 404 3863 τοὺς
453 3797 692 3869 ἄλλους,
730 3801 883 3853 ταῦτ’
914 3799 1014 3853 οὐκ
1043 3796 1297 3874 ὀλιγάκις
1353 3799 1442 3854 ὑπ’
1483 3797 1684 3854 ἐκείνου
1734 3799 1934 3855 παθόν-

267 3911 364 3952 τες
423 3890 516 3943 καὶ
567 3889 906 3963 πειραθέντες
963 3883 1064 3958 ἔξω
1121 3887 1424 3942 παντάπασι
1484 3885 1790 3962 λογισμῶν,
1831 3891 1934 3958 τήν

272 3979 518 4052 ἡσυχίαν
597 3975 766 4032 έπειτ’
821 3975 966 4052 ἄγειν
1041 3977 1215 4050 ᾤοντο
1274 3975 1403 4046 δεῖν,
1464 3975 1646 4050 ὥσπερ
1733 3977 1932 4049 αὐτῶν,

273 4067 461 4139 οἶμαι,
491 4065 898 4140 κατεγνωκότες
949 4066 1012 4119 τὸ
1061 4065 1151 4120 καὶ
1205 4063 1304 4135 τήν
1363 4065 1544 4139 ἀρχὴν
1576 4064 1888 4140 ἐγχειρίσον
1917 4085 1930 4098 ·

267 4161 538 4212 τοσοῦτον
597 4157 662 4224 ἦν
703 4155 849 4226 αὐτῷ
892 4156 1037 4228 παρὰ
1082 4153 1294 4210 πάντων
1346 4157 1409 4210 τὸ
1459 4155 1594 4228 πρὸς
1621 4156 1716 4217 τάς
1752 4156 1932 4230 μάχας

270 4245 602 4321 ἀφεστηκὸς,
635 4244 726 4298 καὶ
775 4247 883 4297 τῶν
942 4241 1154 4297 οἰκείων
1219 4243 1424 4315 μόνων,
1483 4240 1612 4296 ἀλλ’
1661 4239 1768 4312 ἤδη
1839 4241 1928 4296 καὶ

265 4338 379 4388 τῶν
449 4332 741 4404 πολεμίων
803 4331 997 4400 αὐτῶν,
1057 4331 1146 4386 καὶ
1220 4331 1430 4386 τούτων
1508 4335 1725 4405 Περσῶν
1785 4327 1931 4402 (οὐδὲ

265 4424 372 4496 γὰρ
429 4425 594 4476 τοῦτο
675 4421 866 4494 μικρὸν
944 4421 1019 4483 εἷς
1108 4422 1467 4492 προσθήκην),
1527 4419 1622 4481 οὓς
1702 4421 1932 4482 ἅπαντες

259 4512 429 4583 ’ἐσμεν
474 4511 526 4565 έν
578 4517 694 4571 τοῖς
750 4508 946 4574 ὅπλοις
1003 4511 1280 4583 βιαῠντας,
1313 4509 1402 4564 καὶ
1452 4529 1656 4578 ταυτην
1690 4508 1929 4584 ἡγουμέ-

2041 3361 2098 3412 et
2137 3373 2272 3411 cum
2317 3355 2573 3411 dirueret
2616 3354 2816 3410 obvios
2861 3351 3078 3419 hostes,
3113 3349 3398 3407 mirabilis
3445 3358 3502 3408 et
3549 3369 3684 3408 cum

2043 3445 2428 3518 paucissimos
2460 3446 2561 3518 qui
2591 3445 2855 3501 abierant
2903 3452 3116 3498 terrore
3165 3441 3506 3499 contineret.
3538 3441 3684 3499 Hinc

2043 3552 2159 3592 non
2191 3542 2418 3591 tantum
2451 3550 2662 3590 manus
2703 3547 3024 3600 conserere,
3057 3531 3156 3587 sed
3191 3547 3296 3587 nec
3325 3531 3496 3588 domo
3527 3531 3684 3587 exire

2043 3639 2282 3694 prorsus
2313 3623 2646 3691 audebant;
2679 3621 2801 3687 sed,
2834 3637 2962 3691 qua!
3011 3619 3176 3689 prius
3217 3617 3312 3674 isti
3359 3634 3492 3687 erga
3539 3618 3686 3675 alios

2039 3713 2309 3784 agebant,
2343 3712 2465 3768 haec
2497 3728 2609 3768 non
2643 3708 2820 3766 semel
2849 3726 2919 3765 ex
2957 3707 3056 3764 illo
3101 3715 3306 3780 praeter
3353 3707 3686 3779 opinionem

2039 3803 2258 3874 experti
2307 3807 2484 3873 atque
2533 3799 2814 3870 perpessi,
2865 3799 3166 3870 quiescere
3205 3795 3478 3866 deinceps
3509 3811 3686 3867 opor-

2037 3895 2157 3948 tere
2209 3896 2580 3955 eensuerunt,
2632 3888 2820 3960 quasi,
2869 3892 2930 3942 ut
2974 3886 3202 3958 opinor,
3233 3885 3458 3956 seipsos
3494 3885 3681 3955 impe-

2038 3980 2188 4036 rium
2237 3980 2550 4052 appetiisse
2603 3975 2956 4050 pcenituerit.
2999 3977 3084 4032 Ita
3143 3991 3344 4030 omnes
3399 3990 3532 4030 cum
3581 3973 3682 4030 illo

2036 4085 2294 4142 pugnare
2324 4068 2718 4133 abstinebant,
2741 4083 2857 4122 non
2882 4067 3053 4121 modo
3075 4063 3346 4135 subjecti,
3377 4063 3478 4120 sed
3509 4062 3681 4120 etiam

2037 4161 2234 4214 hostes
2263 4159 2376 4229 ipsi
2406 4163 2462 4214 et
2491 4157 2584 4212 isli
2617 4161 2803 4212 Perse
2835 4157 2975 4226 (non
3020 4155 3178 4209 enim
3217 4152 3360 4208 illud
3396 4168 3568 4222 parva
3595 4156 3685 4208 est

2036 4247 2332 4320 accessio),
2375 4263 2523 4320 quos
2571 4261 2776 4303 omnes
2823 4243 3048 4302 scimus
3097 4243 3248 4297 inter
3294 4257 3455 4298 arma
3504 4241 3681 4298 vitam

2035 4353 2226 4407 agere,
2258 4346 2312 4392 et
2349 4336 2492 4392 illud
2537 4335 2962 4393 oblectamento
3011 4331 3225 4387 habere
3267 4331 3420 4401 quod
3457 4346 3684 4401 semper

2033 4427 2093 4482 in
2122 4425 2302 4482 armis
2352 4429 2711 4491 remaneant,
2742 4423 2823 4478 ita
2871 4426 2936 4477 ut
2968 4421 3154 4493 pluris
3185 4419 3418 4484 iaciant,
3449 4419 3682 4475 etiamsi

2035 4515 2182 4570 illud
2231 4513 2310 4570 sit
2353 4511 2698 4569 incredibile
2749 4511 2934 4580 dictu,
2977 4525 3037 4566 se
3082 4509 3154 4563 ab
3201 4505 3301 4562 illo
3331 4507 3512 4563 victos
3549 4521 3678 4562 esse

263 4621 394 4662 νους
465 4599 748 4674 ῥᾳττώνην
807 4597 936 4653 εἷ’σω
998 4598 1174 4673 βελῶν
1231 4599 1470 4668 καθάπαξ
1515 4598 1752 4666 ἑστάναι,
1785 4595 1924 4653 ὥστε

2039 4620 2214 4674 quam
2268 4603 2376 4672 ipsi
2432 4601 2576 4658 alios
2631 4615 2927 4672 superare,
2961 4600 3144 4669 magis
3193 4594 3390 4668 gloria:
3421 4610 3547 4650 esse
3575 4593 3682 4649 rati

261 4691 354 4744 καὶ
407 4694 544 4766 σφᾶς
593 4689 786 4758 πλέον,
839 4688 886 4743 εἴ
949 4689 1040 4742 καὶ
1099 4685 1396 4762 παρέδοξον
1449 4688 1631 4764 φάναι,
1680 4686 1920 4760 νομίζειν

264 4781 356 4835 ὑπ’
390 4780 557 4834 αὑτοῦ
587 4777 905 4848 νενιλῆσθαι
935 4778 971 4848 ἢ
1018 4777 1499 4853 περιγιγνομένους
1543 4776 1736 4839 αὐτοὺς
1787 4779 1924 4832 εἶναι

2039 4691 2228 4748 claros
2261 4691 2474 4748 habere
2499 4690 2766 4751 victores,
2798 4704 2977 4760 quam
3000 4685 3390 4742 inﬁrmiorum
3423 4682 3690 4738 cladibus

2037 4779 2314 4838 decorari.

263 4875 372 4926 τῶν
435 4867 648 4934 ἄλλων,
709 4874 893 4941 μεῖζον
949 4868 1288 4944 ἡγουμένους
1339 4867 1414 4929 εἷς
1473 4865 1627 4938 δόξαν
1679 4866 1804 4930 τοὺς
1890 4870 2288 4940 κεκρατηκότας
2375 4867 2663 4943 λαμπρούς
2735 4887 2884 4928 τινας
2968 4863 3114 4939 ἔχειν
3201 4863 3236 4932 ἢ
3323 4859 3679 4938 φαυλοτέρων

263 4959 467 5022 αὐτοὺς
506 4959 700 5024 ἥτταις
729 4962 1071 5034 κοσμεῖσθαι.

344 5049 421 5108 Οό
450 5049 632 5104 τοίνυν
679 5047 944 5122 πολεμῶν
989 5051 1084 5122 μὲν
1136 5048 1309 5112 οὕτως
1360 5048 1592 5124 ἐκράτει,
1623 5048 1690 5102 τὰ
1737 5044 1784 5102 δ’
1843 5047 1918 5110 εἷς

264 5138 498 5211 εἷρήνην
557 5138 752 5212 ἑτέρων
807 5139 1060 5208 ἡττήθη·
1109 5136 1254 5194 ἀλλὰ
1321 5140 1413 5192 καὶ
1468 5141 1636 5192 ταῦτα
1708 5141 1816 5191 τῶν
1863 5135 1918 5190 ἐν

261 5234 380 5289 τοῖς
433 5225 707 5300 πολέμοις
767 5227 868 5282 οὐκ
921 5225 1226 5302 ἀντίβροπα
1281 5230 1360 5300 (5)
1415 5225 1600 5299 μόνον,
1634 5223 1781 5281 ἀλλὰ
1826 5227 1914 5280 καὶ

259 5315 482 5370 καλλίω
541 5321 658 5378 τοῖς
735 5315 890 5378 ὅλοις
969 5313 1194 5379 ἐδείκνυ,
1255 5315 1436 5390 ὥσπερ
1516 5315 1678 5375 αὐτὸς
1761 5312 1919 5370 αὐτὸν

259 5403 685 5478 ἅμιλλώμενος.
713 5406 812 5460 Καὶ
872 5404 1062 5461 σιωπῶ
1117 5407 1186 5460 τὰ
1212 5407 1260 5460 τ’
1291 5405 1440 5461 ἄλλα
1489 5404 1579 5460 καὶ
1607 5403 1670 5459 τὸ
1723 5402 1914 5483 φιλαν-

445 5605 684 5692 forsan,
719 5625 768 5658 σ.
800 5607 895 5692 τίη,
924 5603 1071 5677 μέσῳ
1100 5604 1325 5692 τούτους
1344 5623 1488 5692 ἧπαρ,

2099 5050 2336 5118 Verum,
2389 5051 2541 5108 sicut
2589 5049 2830 5116 militiae,
2876 5049 2962 5104 ita
3009 5046 3068 5102 in
3099 5044 3259 5116 pacis
3305 5042 3517 5099 studiis
3559 5058 3674 5098 non

2029 5138 2141 5195 fuit
2195 5139 2326 5197 aliis
2383 5141 2658 5198 inferior:
2711 5139 2813 5197 sed
2879 5138 3000 5194 hac
3050 5152 3166 5192 non
3224 5131 3397 5188 modo
3454 5127 3678 5187 bellicis

2029 5229 2295 5300 aequalia,
2319 5230 2418 5286 sed
2451 5231 2628 5287 etiam
2663 5227 3071 5286 excellentiora
3111 5237 3353 5296 prorsus
3391 5217 3674 5288 exhibuit,

2027 5319 2198 5391 quasi
2221 5320 2345 5390 ipse
2366 5336 2429 5376 se
2458 5319 2654 5392 ipsum
2687 5321 3010 5391 superaret.
3043 5315 3112 5370 Et
3140 5316 3410 5370 caterum
3433 5314 3592 5366 taceo
3621 5315 3679 5366 et

2026 5423 2159 5464 eum
2191 5407 2502 5467 humanum
2533 5424 2658 5466 esse
2685 5407 2746 5462 in
2795 5404 3038 5474 alienos,
3071 5408 3442 5459 mansuetum
3481 5402 3540 5455 et
3565 5396 3675 5456 be-

339 5675 418 5750 (5)
452 5677 820 5750 Legendum,
857 5675 1202 5752 dicato-trgi»;
1234 5676 1397 5738 αὐτὸς
1427 5675 1612 5746 αὗτὸν,
1642 5693 1756 5749 qua
1789 5678 1927 5734 verb

2041 5697 2098 5736 m
2134 5682 2448 5740 collatione
2482 5679 2668 5736 utitur
2699 5677 2858 5736 alibi.
