3986 6228
417 383 533 448 359
1725 374 2119 439 THEODULI
2164 371 2512 433 MONACHI
3697 372 3816 434 360

425 517 695 574 nevolum
738 515 796 570 in
845 513 1163 584 subjectos,
1211 514 1268 566 et
1320 509 1500 584 largis
1557 511 1852 568 beneﬂciis
1912 509 2058 568 indi-
2092 511 2113 577 λ

2224 507 2411 567 οώπως
2475 505 2569 579 μὶν
2627 503 2770 581 ἔχειν
2843 509 2964 566 τοῖς
3038 505 3226 576 ξένοις,
3276 505 3500 580 ἡμέρως
3585 503 3642 561 δὲ
3726 509 3823 562 καὶ

427 612 625 680 gentes
649 619 928 669 recreare,
968 609 1022 658 et
1051 601 1112 656 in
1143 601 1418 658 omnibus
1457 601 1699 672 justitiea
1745 618 1873 658 esse
1903 601 2068 656 addi-

2224 598 2465 670 ροσηνῶς
2494 599 2610 657 τοῖς
2642 593 2886 663 οἰκείοις,
2919 595 3009 649 καὶ
3047 593 3259 669 χαίρειν
3313 595 3408 668 μὶν
3455 595 3511 650 εὖ
3558 601 3827 652 ποιοῦντα

427 703 608 763 ctum,
631 704 705 763 et,
731 710 862 752 cum
886 691 1072 764 possit
1090 691 1162 748 de
1185 689 1417 746 dotibus
1438 690 1652 762 quibus
1683 692 1956 763 prsiditus
1979 697 2069 748 eet

427 786 683 860 gloriari,
725 801 838 839 non
893 780 1062 852 velle,
1111 785 1177 836 ut
1225 779 1620 837 moderatione
1660 788 1714 836 et
1763 781 2067 852 magnani-

427 877 629 931 mitate
649 871 1058 946 Epaminondae
1083 871 1268 943 magis
1297 885 1472 943 quam
1499 869 1688 942 quivis
1718 869 1866 926 alius
1887 871 2067 943 aequi-

428 964 723 1036 parandus
753 963 828 1018 sit
861 979 876 1017 :
916 961 1038 1016 haec
1085 961 1262 1025 enim,
1293 958 1402 1016 etsi
1451 975 1569 1015 non
1615 958 1827 1030 dicam,
1869 976 2072 1017 omnes

430 1052 788 1110 clamabunt.

2177 681 2421 757 δαψιλῶς
2480 681 2605 744 τοὺς
2663 681 2716 737 ἐν
2775 681 2956 758 χρείᾳ,
3014 682 3251 738 τίθεσθαι
3311 682 3367 738 δὲ
3432 688 3682 763 πανταχῇ
3741 688 3826 755 τῷ

2177 769 2393 845 δικαίῳ,
2419 773 2510 827 καὶ
2540 778 2658 836 τοῖς
2709 774 2802 845 μὲν
2851 776 3144 846 προσοῦσιν
3197 772 3418 847 ἀγαθοῖς
3467 769 3614 849 ἔχειν
3677 778 3826 848 μέγα

2179 867 2414 938 φρονεῖν,
2479 863 2554 934 μή
2633 861 2920 935 βούλεσθαι
2999 857 3078 932 δὲ,
3154 859 3282 916 ἀλλ’
3354 859 3614 934 ἐπιεικείᾳ
3682 863 3828 936 μετὰ

2184 949 2597 1026 μεγαλοψυχίας
2657 947 2861 1006 διδόναι
2918 949 3117 1013 παντὸς
3187 949 3404 1024 μᾶλλον
3461 952 3827 1025 Ἐπαμυνώνο

503 1273 706 1332 Talem
725 1273 783 1328 in
803 1272 942 1329 Asia
957 1287 1017 1328 se
1038 1270 1321 1338 exhibuit,
1339 1270 1398 1326 in
1413 1271 1643 1343 Europa
1661 1277 1853 1328 autem
1871 1272 2080 1343 quem?

436 1364 696 1420 Primum
727 1361 962 1434 quidem
997 1360 1270 1417 adversus
1309 1361 1512 1417 Persas
1558 1368 1616 1418 et
1664 1361 1838 1418 Italos
1881 1362 1981 1432 qui
2021 1365 2080 1418 in

437 1452 745 1510 Thraciam
777 1453 903 1508 dire
934 1452 1239 1506 saevierant
1269 1455 1328 1506 et.
1359 1457 1594 1520 propter
1623 1452 1811 1507 fcsdus
1840 1452 1990 1508 inter
2019 1469 2080 1508 se

439 1548 674 1616 pactum
706 1557 819 1597 non
875 1555 1046 1609 parva
1096 1539 1299 1610 repleti
1347 1544 1514 1595 erant
1539 1541 1806 1607 audacia,
1845 1541 1988 1596 adeo
2019 1547 2086 1596 ut

442 1630 651 1688 ultima
681 1627 1114 1695 minitarentur,
1141 1643 1312 1700 grave
1345 1627 1557 1684 bellum
1589 1646 1622 1684 a
1653 1628 1932 1686 Romanis
1959 1646 2086 1685 sus-

438 1729 669 1793 ceptum
723 1727 838 1782 est,
870 1723 928 1772 et
973 1716 1252 1774 dimicare
1298 1723 1648 1784 statuerunt,
1699 1719 1861 1790 gnari
1906 1720 2084 1790 quod,

440 1811 554 1866 nisi
604 1807 907 1864 celerrime
956 1812 1251 1863 certamen
1300 1810 1658 1864 conserendo
1700 1824 1826 1864 sese
1876 1808 2085 1864 libera-

2183 1038 2318 1096 δου·
2375 1041 2529 1096 ταυτί
2584 1041 2712 1116 γὰρ,
2742 1039 2837 1096 κᾶν
2897 1039 3002 1116 ἐγὼ
3063 1041 3139 1114 μὴ
3200 1040 3365 1117 λέγω,
3425 1045 3623 1104 πάντες
3681 1043 3832 1116 βοή-

2185 1151 2393 1186 σονται.

2257 1267 2511 1324 Τοιοῦτος
2564 1264 2658 1335 μὲν
2717 1263 2804 1319 ἐπὶ
2861 1270 2962 1334 τῆς
3018 1263 3236 1326 Ἀσίας·
3277 1265 3344 1318 τὰ
3401 1261 3449 1318 δ’
3505 1264 3580 1326 είς
3640 1265 3833 1336 Εὐρώ-

2189 1374 2321 1421 πην,
2353 1353 2512 1414 ποῖός
2569 1372 2691 1420 τις;
2727 1357 2948 1428 Πρῶτον
3011 1354 3103 1422 μὲν
3135 1354 3270 1427 πρὸς
3301 1355 3430 1415 τοὺς
3478 1353 3566 1408 ἐπὶ
3605 1354 3829 1428 Θρᾴκης

2191 1447 2370 1503 κακῶς
2445 1441 2883 1516 εἰσκωμάσαντας
2959 1442 3158 1517 Πέρσας
3235 1443 3326 1497 κάὶ
3401 1443 3648 1503 Ἰταλοὺς
3728 1445 3836 1517 (6),

2192 1535 2279 1587 καὶ
2313 1537 2382 1606 τῇ
2412 1533 2546 1606 πρὸς
2585 1530 2872 1602 ἀλλήλους
2922 1536 3168 1587 συστάσει
3210 1533 3442 1606 θράσους
3487 1532 3584 1587 οὐκ
3632 1534 3837 1606 ὀλίγου

2193 1622 2530 1694 πλησθέντας
2587 1623 2662 1683 ὡς
2719 1623 2806 1676 καὶ
2855 1624 2921 1676 τὰ
2973 1621 3174 1698 ἔσχατα
3223 1623 3486 1691 ἀπειλεῖν,
3545 1621 3695 1693 δεινή
3755 1643 3841 1684 τις

2195 1712 2420 1782 συνέστη
2483 1712 2640 1790 μάχη
2701 1712 3015 1786 Ῥωμαίοις,
3071 1713 3164 1766 καὶ
3239 1713 3502 1785 πολεμεῖν
3575 1709 3844 1786 ἔγνωσαν,

2197 1799 2398 1860 εἰδότες
2459 1802 2552 1870 ὡς,
2605 1801 2692 1856 ἐὰν
2750 1803 2826 1871 μὴ
2901 1800 3132 1876 τάχιστα
3191 1803 3556 1876 συμπεσόντες
3607 1799 3845 1870 ἐξέλωσι

444 1861 833 1966 ἷέῌιίεξὸὲιιη
879 1861 1061 1950 eum,
1111 1861 1310 1968 plures
1342 1861 1786 1966 ᾖυέηᾷτοιίιξέὶ
1804 1861 1952 1952 de};
1969 1861 2092 1952 ξιξ-

2224 1896 2355 1968 τφᾶς,
2386 1889 2584 1960 πολλῷ
2615 1887 2860 1944 πλείοσιν
2906 1889 3060 1951 αὖθις
3095 1895 3396 1965 μαχοῦνται
3425 1891 3514 1944 καὶ
3565 1890 3846 1969 σχετλιωο

449 1987 612 2044 viora
666 1983 911 2057 experiri
969 1983 1050 2039 eis
1105 1984 1412 2040 accideret.
1473 1983 1616 2038 Cum
1675 1989 1894 2055 autem,
1942 1984 2094 2042 inter

452 2080 770 2147 utrumque
849 2073 1168 2129 exercitum
1249 2072 1323 2129 ad
1395 2076 1568 2146 Egos
1644 2073 1913 2130 Potamos
1979 2073 2096 2130 acri

462 2165 779 2222 certamine
842 2167 1059 2230 exorto,
1139 2161 1271 2232 plus
1345 2162 1598 2218 valerent
1666 2163 1922 2230 barbari,
1980 2179 2095 2219 non

461 2253 730 2324 equidem
782 2252 933 2323 quod
986 2251 1057 2306 ad
1107 2266 1368 2322 pugnam
1415 2257 1609 2307 essent
1652 2251 1920 2308 meliores
1948 2251 2102 2324 (quis

464 2343 617 2400 enim
669 2340 778 2396 hoc
825 2337 1131 2408 diceret?),
1178 2339 1279 2396 sed
1311 2341 1466 2412 quod
1515 2357 1583 2396 ex
1635 2341 1718 2397 eis
1746 2357 1952 2398 omnes
2000 2341 2100 2414 qui

460 2430 570 2488 sub
627 2429 798 2486 nobis
847 2425 1184 2484 militabant
1239 2428 1538 2485 confestim
1603 2430 1675 2485 ad
1728 2429 1860 2486 illos
1906 2435 2100 2487 trans-

457 2520 632 2576 ierint
661 2521 718 2588 (ο
748 2515 1046 2574 crudelem
1078 2517 1244 2572 illum
1297 2534 1500 2574 casum
1529 2517 1588 2590 ί),
1639 2524 1974 2576 nostrorum
2005 2519 2107 2576 alii

463 2609 801 2667 ceciderunt
829 2621 944 2662 non
992 2606 1184 2678 pauci,
1230 2606 1329 2662 alii
1377 2608 1514 2676 fuga
1560 2609 1952 2680 undequaque
2000 2607 2106 2664 ela-

463 2699 554 2770 psi
586 2705 744 2763 sunt,
777 2697 900 2765 ipse
929 2701 1124 2752 autem
1157 2696 1320 2752 solus
1347 2695 1500 2752 inter
1541 2695 1755 2754 multos
1803 2709 2109 2770 superatos

465 2785 878 2856 insuperabilis
925 2783 1175 2852 exstitit;
1225 2791 1328 2840 aut
1375 2786 1568 2856 potius
1599 2791 1822 2842 tantum
1853 2789 2018 2843 abest
2048 2794 2112 2842 ut

468 2873 880 2943 retrocesserit,
916 2878 1000 2941 ut,
1027 2889 1142 2930 non
1183 2872 1372 2929 solum
1422 2876 1840 2944 prosternendo
1889 2875 2108 2944 hostes,

469 2974 606 3035 quot
645 2961 858 3034 aliquis
889 2963 1036 3018 scire
1077 2968 1342 3033 nequeat,
1378 2965 1480 3018 sed
1521 2964 1692 3020 etiam
1723 2964 1840 3020 illis
1870 2967 2112 3022 vulnera

466 3053 790 3117 inferendo,
841 3051 1002 3107 illius
1053 3051 1234 3107 virtus
1283 3052 1448 3124 quasi
1506 3053 1820 3124 ancipitem
1875 3055 2112 3111 illorum

470 3142 788 3198 reddiderit
835 3140 1156 3208 victoriam,
1197 3141 1505 3198 ostendens
1553 3145 1723 3212 quod,
1769 3144 2114 3200 etiametia-

2200 1978 2371 2053 τέριυν
2427 1983 2536 2033 τῶν
2589 1975 2850 2052 δευτέρων
2910 1981 3232 2054 πειραθῆναι
3288 1981 3569 2054 παρέσται.
3615 1984 3706 2040 Ὧς
3769 1977 3849 2046 δὲ,

2205 2061 2625 2139 συνεῤῥωγότων
2685 2063 2950 2138 ἑκατέρων
2998 2067 3106 2125 τῶς
3151 2062 3526 2137 στρατοπέδων
3576 2062 3628 2119 έν
3675 2063 3852 2138 Αἰγὸς

2207 2158 2483 2223 Ποταμοῖς
2532 2152 2620 2207 καὶ
2669 2155 2768 2216 τῆς
2812 2150 3138 2226 συμπλοκῆς
3177 2154 3494 2225 θαυμαστῆς
3542 2151 3854 2228 γεγονυίας,

2205 2242 2269 2297 τὸ
2320 2238 2485 2296 πλέον
2546 2240 2708 2314 ἔσχον
2763 2242 2816 2295 οἱ
2875 2236 3167 2314 βάρϐαροι,
3201 2241 3262 2296 οὐ
3318 2247 3398 2314 τῷ
3451 2242 3516 2296 τὰ
3555 2240 3608 2302 ές
3659 2241 3854 2316 μάχην

2207 2330 2483 2404 κρείττους
2539 2350 2600 2406 γε
2648 2330 2782 2384 εἶναι
2840 2329 2942 2397 (τίς
2976 2327 3019 2384 δ’
3053 2329 3112 2384 ἂν
3172 2329 3316 2386 εἷ’ποι
3371 2335 3603 2401 ταῦτας)
3667 2336 3755 2403 τῷ
3813 2329 3860 2385 δ’

2212 2419 2557 2474 οὑστινασοῦν
2611 2423 2721 2474 τῶν
2795 2419 2882 2497 ὑφ’
2937 2421 3074 2492 ημῖν
3143 2419 3479 2494 τεταγμένων
3559 2415 3852 2494 βαρὸἀρων

2213 2509 2421 2583 ἀθρόως
2451 2509 2525 2569 ὡς
2564 2507 2805 2570 ἐκείνους
2860 2509 3244 2582 αὐτομολῆσαι
3299 2507 3363 2579 (ὣ
3421 2507 3598 2564 δεινοῦ
3644 2508 3861 2567 πάθους

2214 2597 2420 2653 ἐκείνου
2443 2599 2484 2670 l)
2535 2598 2850 2652 πεπτώκασι
2911 2599 3006 2670 μέν
3059 2600 3218 2672 ἡμῶν
3281 2597 3385 2653 οὐκ
3443 2599 3643 2672 ὀλίγοι,
3674 2599 3740 2651 οἱ
3805 2595 3861 2651 δὲ

2215 2685 2444 2767 φυγάδες
2517 2684 2830 2757 ὁπηδήποτ⁹
2884 2687 3154 2762 ἐχώρουν,
3219 2687 3380 2758 μόνος
3461 2683 3507 2741 δ’
3565 2687 3734 2748 οὗτος
3811 2685 3861 2740 ἐν

2215 2773 2456 2838 πολλοῖς
2509 2776 2838 2846 ἡττημένοις
2885 2775 3155 2844 ἀήττητος
3201 2772 3497 2852 διαγέγονε,
3534 2773 3755 2848 μᾶλλον
3807 2773 3862 2828 δὲ

2217 2866 2429 2920 τοσοῦτ’
2487 2862 2690 2939 ἀπέσχε
2755 2867 2848 2918 τοῦ
2921 2865 3090 2920 ταυτὰ
3163 2868 3500 2932 πεπονθέναι,
3557 2863 3700 2919 ὥστε
3773 2864 3862 2918 καὶ

2219 2959 2326 3010 τῶν
2381 2954 2666 3027 πολεμίων
2727 2954 2834 3026 οὐχ
2883 2954 3042 3016 ὅσους
3112 2952 3170 3008 ἄν
3240 2975 3323 3016 τις
3389 2955 3655 3029 ἀγνοήσαι
3738 2973 3862 3007 κατ-

2222 3047 2472 3121 ενεγκὼν,
2522 3043 2632 3100 ἔστι
2691 3041 2738 3099 δ’
2795 3043 2886 3106 οῦς
2943 3046 3034 3098 καὶ
3106 3045 3440 3117 τραυματίας
3511 3046 3866 3111 πεποιηκὼς,

2225 3136 2403 3207 ὥσπερ
2463 3129 2772 3210 ἀμφίϐολον
2830 3134 3016 3195 αὐτοῖς
3071 3138 3361 3204 πεποιήκει
3415 3137 3512 3203 τὴν
3584 3133 3751 3204 νίκην
3809 3134 3869 3186 τὸ

471 3232 664 3287 fausta
695 3229 1022 3286 acciderent
1051 3228 1354 3300 Romanis,
1385 3230 1501 3285 illis
1532 3237 1727 3286 tamen
1758 3247 1900 3288 suus
1931 3233 2113 3288 honos

2227 3226 2344 3279 καθ’
2403 3224 2580 3291 αὐτὸν,
2643 3220 3046 3295 ένδειξάμενοςσ
3100 3226 3268 3290 τοῦθ’,
3337 3222 3441 3288 ὅτι,
3507 3223 3602 3276 κᾶν
3683 3224 3868 3296 ἀτυχῆ

475 3325 727 3387 maneat,
761 3324 817 3374 et
846 3321 998 3389 quod
1032 3317 1115 3373 nil
1158 3335 1415 3391 unquam
1451 3336 1584 3376 eum
1617 3320 1902 3377 subducet
1929 3326 1987 3377 et
2015 3337 2115 3377 au-

476 3411 637 3466 feret.

545 3634 618 3690 Et
665 3631 902 3704 quidem
950 3630 1060 3686 hoc
1108 3631 1190 3688 ita
1219 3631 1350 3686 fuit.
1401 3631 1545 3687 Cum
1596 3637 1790 3689 autem
1833 3637 2123 3704 oporteret

479 3741 578 3779 eos
607 3721 854 3778 transire
894 3721 952 3776 in
1001 3720 1420 3790 Macedoniam,
1468 3727 1770 3778 transeunt
1801 3730 1854 3779 et
1905 3723 1960 3778 in
1995 3722 2120 3779 Pal-

473 3813 606 3868 lene
652 3815 841 3866 castra
903 3813 1165 3880 ponunt;
1222 3813 1278 3864 et
1321 3809 1481 3865 illinc
1511 3811 1750 3882 profecti
1781 3813 1979 3868 omnia
2023 3813 2122 3869 de-

483 3900 908 3972 przetlaverunt,
943 3903 1005 3953 ut
1027 3913 1096 3954 ex
1127 3898 1352 3954 Decelia
1379 3899 1625 3955 Atticam
1681 3900 2120 3956 Lacedaemonii.

492 3990 800 4046 inveniunt
819 3993 878 4044 et
897 3987 974 4043 ibi
995 3992 1301 4045 strenuum
1333 3987 1495 4044 illum
1521 3989 1914 4045 adversarium
1942 4006 1955 4046 :
1981 3989 2122 4046 illud

490 4084 686 4135 autem
722 4076 978 4132 nondum
1011 4076 1223 4145 dicam,
1254 4076 1357 4132 sed
1395 4078 1572 4150 quod,
1605 4095 1739 4133 cum
1772 4078 1891 4134 illic
1933 4080 2128 4136 venis-

489 4171 639 4235 sent,
693 4166 888 4238 copias
938 4169 1166 4222 nostras
1213 4181 1395 4237 nepos
1443 4171 1582 4222 tuus
1627 4168 1812 4234 duxit,
1865 4173 1922 4224 et
1957 4173 2125 4225 caste-

485 4273 618 4312 rum
651 4254 846 4328 qualis
875 4254 974 4310 ille
1002 4253 1128 4310 vir!
1179 4255 1394 4310 ducum
1441 4255 1540 4328 qui
1589 4257 1884 4314 veteribus
1915 4257 2130 4314 Roma-

489 4348 582 4404 nis
611 4349 916 4418 praserant,
970 4344 1242 4416 adjiciam
1289 4349 1346 4400 et
1394 4345 1496 4417 qui
1545 4343 1930 4418 undequaque
1957 4347 2128 4403 exsti-

487 4443 703 4505 terunt,
755 4434 1017 4492 omnium
1067 4437 1315 4507 profecto
1365 4435 1536 4508 longe
1585 4435 2130 4506 excellentissimus,

491 4543 606 4582 non
659 4525 831 4579 modo
886 4525 944 4579 in
999 4524 1171 4580 rebus
1220 4523 1635 4592 deliberandis,
1667 4535 1719 4581 et
1766 4526 1827 4581 in
1862 4528 2132 4596 operibus

493 4615 606 4672 cito
640 4613 1005 4685 peragendis,
1039 4619 1140 4668 aut
1185 4614 1323 4686 quia
1357 4614 1582 4686 judicio
1623 4615 1883 4671 futurum
1933 4615 2137 4672 melius

497 4720 668 4774 quam
717 4707 896 4771 vates,
946 4703 1098 4758 sicut
1147 4719 1424 4773 praesens,
1463 4703 1669 4772 videat,
1704 4709 1760 4760 et
1806 4705 1864 4760 in
1899 4705 1988 4760 bis
2017 4722 2140 4775 quae

491 4793 623 4848 aliis
653 4791 1006 4848 difﬁcillima
1049 4791 1316 4848 videntur
1359 4809 1532 4864 quam
1568 4793 1836 4849 facillime
1865 4801 2140 4866 opportu-

495 4898 600 4937 nas
631 4897 723 4936 res
748 4879 1038 4951 expediat,
1071 4881 1169 4935 sed
1202 4882 1373 4935 etiam
1407 4882 1558 4951 quod
1602 4899 1636 4936 a
1666 4883 1970 4954 juventule
1994 4883 2144 4939 bella

499 4972 682 5029 multa
713 4978 772 5027 et
803 4970 1076 5037 maxima,
1109 4976 1166 5027 et
1195 4970 1298 5027 illa
1342 4971 1576 5044 quidem
1618 4973 1894 5029 omnibus
1940 4975 2142 5041 ardua,

500 5060 743 5119 feliciter
769 5067 824 5116 et
853 5066 918 5116 ut
948 5076 1120 5117 nemo
1149 5061 1541 5117 existimasset
1576 5062 1818 5131 gesserit
1870 5062 2146 5134 (omnibus

500 5149 739 5223 peritior
766 5165 934 5223 equos
963 5151 1226 5206 ordinare
1253 5154 1307 5204 et
1335 5152 1486 5206 viros
1531 5149 1830 5223 clypeatos.
1866 5151 2144 5221 (Homer.,

505 5239 678 5309 Iliad,
729 5239 794 5307 B,
837 5239 1006 5309 (554.)
1053 5239 1204 5296 Illud
1256 5238 1532 5294 nimirum
1586 5239 1832 5295 maxime
1876 5256 2007 5295 eum
2040 5241 2150 5298 tibi

580 5407 658 5474 (6)
685 5409 900 5462 Turcos
931 5405 1154 5461 scilicet
1182 5415 1235 5460 et
1266 5405 1589 5462 Catalanos.

584 5479 656 5549 (7)
683 5478 747 5533 Ei
781 5495 987 5533 nomen
1016 5477 1130 5549 fuit
1159 5475 1396 5546 Angela,
1421 5475 1766 5549 quoddidici
1797 5477 2153 5549 exoratione

511 5543 914 5623 '_l‘bebduli__'c§i
962 5546 1200 5623 Μεγάλῳ
1238 5543 1710 5623 Στρατοπεδάρχῃ
1751 5550 1829 5619 τῷ
1877 5545 2152 5623 ’ᾼγγέλφ.

513 5619 900 5691 Βυωίωοιίυε
919 5619 1067 5691 quid
1085 5638 1117 5676 a
1147 5619 1285 5676 viris
1312 5619 1520 5677 borum
1546 5619 1876 5691 temporum
1900 5619 2153 5676 historias

514 5690 888 5762 peritioribus
920 5690 1265 5760 Proferatur,
1291 5693 1498 5762 Opinor
1531 5694 1644 5748 fere
1670 5690 1828 5750 hunc
1869 5691 2155 5764 Angelum

2226 3311 2530 3388 συνηνέχθη
2562 3313 2882 3384 Ῥωμαίοις,
2913 3313 2975 3367 τὸ
3016 3313 3145 3388 γοῦν
3195 3315 3396 3368 ἑαυτῶν
3447 3313 3659 3384 ἀξίωμα
3697 3314 3872 3384 μένει,

2225 3401 2314 3456 καὶ
2372 3401 2525 3456 οὐδὲν
2586 3404 2660 3474 μή
2711 3421 2843 3456 ποτε
2880 3401 3100 3458 καθεῖλε
3143 3403 3251 3456 τῶν
3303 3403 3536 3465 πάντων,
3583 3398 3714 3457 οὔτε
3763 3403 3870 3474 μὴν

2224 3493 2564 3564 καθαιρήσει.

2301 3633 2344 3680 Κ
2385 3627 2399 3644 ς
2525 3629 2552 3640 ρ.
2720 3627 2736 3644 ς
2873 3627 2885 3646 ι
3167 3627 3180 3644 .
3274 3627 3288 3643 ς
3423 3626 3437 3644 ε
3578 3625 3632 3660 ι,

2351 3647 2400 3680 αι
2459 3646 2624 3682 τουτο
2681 3647 2775 3700 μεν
2824 3627 3036 3692 οὕτως·
3070 3626 3184 3683 ἐπει
3243 3623 3299 3681 δε
3351 3647 3439 3680 και
3496 3645 3632 3700 προ.⁸
3685 3633 3873 3681 Μακε-

2232 3712 2406 3770 δονίαν
2462 3712 2568 3770 ἔδει
2626 3716 2876 3772 τουτουσὶ
2937 3713 3214 3786 διαϐῆναι,
3244 3711 3577 3771 διαϐαίνουσι
3627 3716 3732 3787 μὲν
3786 3715 3872 3768 καὶ

2231 3802 2742 3880 στρατοπεδεύουσιν
2827 3805 2878 3861 έν
2965 3807 3189 3881 Παλήνῃ
3225 3824 3240 3838 ⁶
3316 3805 3558 3860 κάκεῖθεν
3643 3803 3873 3873 ἐξιόντες

2233 3893 2520 3965 ἐληΐζοντο
2581 3897 2772 3964 πάντα,
2803 3897 3043 3971 καθάπερ
3101 3894 3160 3951 ἐκ
3211 3893 3494 3956 Δεκελείας
3548 3894 3650 3963 τήν
3686 3895 3872 3948 ’Δττι-

2232 3985 2333 4052 κήν
2389 3982 2662 4044 Λάκωνες.
2718 3983 3034 4057 Εὕρίσκουσί
3093 3981 3157 4057 γέ
3207 4003 3295 4036 τοι
3353 3981 3620 4036 κάνταῦθα
3680 3983 3876 4034 τοῦτον

2235 4068 2406 4126 δεινὸν
2461 4071 2905 4147 ἀνταγωνιστήν·
2941 4069 3084 4128 ἀλλᾶ
3139 4073 3307 4144 μήπω
3362 4073 3551 4138 τοῦτο,
3603 4066 3738 4126 ἀλλ’
3769 4069 3874 4135 ὅτι,

2237 4157 2394 4235 δεῦρο
2452 4159 2876 4234 κεχωρηκότων,
2933 4165 3036 4229 τῆς
3106 4159 3374 4233 ἡμετέρας
3449 4160 3706 4230 στρατιᾶς
3793 4156 3878 4216 σὸς

2236 4247 2560 4328 ἀδελφιδοῦς
2617 4253 2695 4324 (7)
2741 4247 3034 4318 ἐπεστάτει,
3065 4248 3132 4304 τὰ
3185 4249 3233 4303 τ’
3289 4246 3419 4303 ἀλλ’
3459 4248 3651 4309 ὁποῖος
3717 4248 3881 4319 ἀνὴρ,

2237 4340 2326 4394 καὶ
2377 4345 2482 4394 τῶν
2531 4338 2581 4393 ἐν
2634 4339 2978 4413 στρατηγίαις
3026 4343 3133 4394 τῶν
3173 4337 3342 4393 πάλαι
3370 4336 3682 4410 Ῥωμαίων,
3718 4355 3887 4408 προσο

2241 4431 2392 4499 θήσω
2453 4427 2509 4483 δὲ
2575 4427 2661 4483 καὶ
2737 4433 2844 4484 τῶν
2917 4429 3232 4502 ἁπανταχοῦ
3301 4425 3630 4502 γενομένων,
3692 4425 3886 4484 ἁπλῶς

2247 4523 2438 4594 μακρῷ
2492 4521 2700 4574 πάντων
2740 4515 2956 4592 ἄριστος
3007 4517 3066 4572 οὗ
3127 4518 3437 4593 λογίζεσθαι
3471 4517 3596 4592 περὶ
3637 4517 3889 4590 πραγμα-

2242 4629 2351 4662 των
2387 4607 2548 4682 μόνον
2581 4607 2671 4662 καὶ
2702 4613 2816 4670 τοῖς
2867 4606 3048 4682 ἔργοις
3103 4606 3176 4668 ὡς
3217 4606 3391 4685 τάχος
3443 4607 3741 4678 περαίνειν,
3777 4603 3888 4660 οὐδ’

2250 4697 2387 4753 ὥστε
2439 4703 2556 4759 τοῖς
2611 4696 2899 4774 λογισμοῖς
2959 4699 3020 4752 τὸ
3075 4693 3281 4770 μέλλον
3336 4695 3588 4768 μαντείας
3645 4702 3894 4770 κρεῖττον

2251 4789 2325 4847 ὡς
2381 4788 2546 4862 παρὸν
2603 4787 2843 4860 θεωρεῖν,
2874 4787 2962 4840 καὶ
3013 4788 3134 4860 περὶ
3195 4789 3301 4840 τῶν
3346 4785 3722 4859 ἀπορωτάτων
3783 4790 3895 4844 τοῖς

2252 4875 2446 4938 ἄλλοις
2478 4876 2609 4930 εἶναι
2651 4873 2953 4930 δοκούντων
3005 4874 3156 4947 μάλα
3197 4870 3398 4947 ῥᾳδίως
3450 4870 3897 4948 αὐτοσχεδιάζειν

2252 4967 2313 5019 τὸ
2372 4962 2681 5026 δέον,ἂλλᾶ
2737 4965 2823 5019 καὶ
2891 4963 3170 5036 πολέμους
3237 4963 3296 5018 ἐκ
3340 4960 3549 5017 παίδων
3609 4961 3900 5020 πλείστους

2256 5075 2310 5110 τε
2375 5056 2461 5109 καὶ
2523 5053 2829 5130 μεγίστους,
2877 5055 3005 5115 τοῦς
3065 5049 3112 5107 δ’
3151 5051 3350 5114 αὐτοὺς
3407 5052 3497 5107 καὶ
3553 5056 3670 5112 τοῖς
3737 5053 3901 5106 ἅπασι

2257 5145 2561 5221 δυσχερεῖς,
2592 5145 2648 5200 εὖ
2691 5165 2750 5200 τε
2784 5143 2874 5198 καὶ
2924 5145 2998 5208 ὡς
3042 5143 3141 5198 οὐκ
3187 5140 3248 5198 ἄν
3279 5163 3364 5202 τις
3395 5141 3554 5213 ᾠήθη
3589 5139 3899 5216 διενεγκεῖν,

2257 5236 2338 5290 ἅθ’
2373 5236 2504 5309 ὑπὲρ
2555 5235 2750 5296 πάντας
2801 5231 2942 5308 ἔχων
2983 5229 3191 5294 ’ίππους
3236 5252 3294 5286 τε
3342 5238 3618 5304 κοσμῆσαι
3660 5230 3756 5284 καῖ
3792 5230 3902 5284 ἆνέο

2263 5402 2667 5474 Ροὶεοοιοευω,
2705 5399 3068 5474 imperatoris
3099 5399 3290 5474 fratris
3339 5397 3544 5474 lilium,
3575 5395 3751 5474 illum
3785 5411 3906 5474 esse

2259 5468 2866 5544 Joannis'Pali-Loolngi.
2898 5471 3110 5544 ﬁlium,
3148 5473 3214 5544 de
3264 5487 3378 5544 quo
3413 5468 3668 5530 Cannius
3705 5469 3817 5538 agi.
3853 5469 3904 5544 in

2262 5547 2522 5602 Familiis
2557 5540 2903 5617 Byzantinis,
2929 5543 3202 5617 pag.§_£34,
3226 5543 3328 5597 sed
3359 5556 3534 5617 quem
3567 5557 3684 5617 non
3723 5540 3904 5617 nomi-

2263 5625 2396 5688 nat:
2429 5617 2512 5674 ita
2541 5607 2622 5673 ut'
2649 5607 2898 5688 proprie
2920 5607 3196 5688 κλῄει-οβ’
3219 5628 3334 5670 non
3377 5607 3553 5669 fuerit
3581 5613 3716 5684 ipse
3751 5607 3904 5666 eae).-

2263 5685 2474 5765 φιδοῦς,
2507 5689 2605 5746 sed
2633 5681 2732 5742 τοῦ
2757 5681 3060 5763 ἆδελφιδοῦ
3089 5685 3272 5742 ﬁlius.
