4154 6216
261 337 363 399 381

1401 325 1691 387 ORATIO
1732 321 1887 384 PRO
1931 315 2434 383 CHANDBENO.

3505 324 3626 385 362

260 492 345 545 ρας
369 463 685 526 ἀσπιδιώτας
713 465 791 536 (8)
820 480 833 493 '
867 463 896 517 ’ὀ
927 459 995 530 δὴ
1028 461 1116 516 καὶ
1150 459 1253 533 μᾶ)
1270 459 1366 515 λον
1393 463 1492 514 τοῦ
1538 458 1727 534 γένους
1777 479 1851 513 σοι

1978 472 2187 529 genere
2217 454 2597 526 oonjunctum
2630 469 2758 511 esse
2790 457 3041 514 ostendit
3075 476 3089 514 :
3138 460 3259 515 hac
3305 476 3442 532 ergo
3491 468 3625 517 sunt

258 560 572 634 προσήκοντα
627 557 815 608 τοῦτον
860 548 1066 606 ἐδείκνυ
1091 568 1105 583 ·
1154 550 1219 603 σὰ
1254 552 1386 624 γοῦν
1422 552 1593 604 ταῦτα
1631 547 1720 601 καὶ
1768 553 1865 602 τοῦ

255 650 366 705 κατά
394 647 448 700 σὶ
477 645 819 718 πράγματος.

308 737 482 801 Οὗτος,
536 734 663 808 πρὶν
872 730 909 801 ἢ
955 726 1267 803 Χανδρηνὸν
1313 727 1617 804 ἀφικέσθαι,
1655 726 1866 803 ἐχρῆτα

246 828 325 901 μέν
359 847 461 880 τισι
512 824 812 899 λοχαγοῖς,
872 821 1078 897 ἐχρῆτο
1130 816 1174 874 δ’
1235 819 1296 874 οὐ
1350 818 1501 891 μάλα
1546 820 1862 893 πρέπουσιν,

239 913 339 970 οὐδ’
392 912 693 988 ἀξιόχρεως
752 912 857 967 ὑπὸ
914 908 1093 983 τούτῳ
1167 909 1471 985 τετάχθαι·
1531 907 1725 980 ἀμέλει
1772 907 1863 962 καὶ

235 1011 339 1068 τοῖς
382 1000 677 1076 πολεμίοις
716 1004 973 1057 τοσοῦτον
1033 1000 1182 1072 εἶχον
1243 1001 1323 1070 (9)
1371 996 1674 1073 ἀνταρκεῖν,
1725 994 1862 1051 ὥστε

233 1093 309 1147 καὶ
338 1091 573 1159 τούτοις,
611 1092 687 1153 ὡς
728 1089 838 1167 ἐγὼ
883 1088 1048 1166 φαίην
1088 1085 1174 1154 ἂν,
1219 1084 1289 1141 δι’
1342 1088 1415 1141 ὧν
1467 1086 1862 1160 ἐμαλακίζοντο

233 1182 353 1256 πρὸς
388 1182 483 1242 τὰς
548 1181 756 1255 μάχας,
797 1179 860 1233 τὸ
910 1181 1040 1254 γοῦν
1090 1178 1208 1232 καθ’
1258 1175 1451 1238 αὐτοὺς
1477 1174 1862 1252 ἐστρατήγουν,

233 1272 528 1346 ἀγαπῶντες
560 1269 607 1323 εί
636 1270 902 1338 σώζοιντο
946 1269 1131 1340 (τοῦτο
1163 1263 1209 1320 δ’
1242 1268 1429 1327 αὐτοῖς
1477 1265 1689 1335 ἀπήντα
1719 1265 1865 1339 παρὰ

230 1364 310 1415 τοῦ
366 1360 724 1434 στρατηγοῦ),
783 1358 937 1412 κυσὶν
1016 1354 1257 1418 ἐοικότες
1334 1354 1861 1431 ἐρῥᾳστωνευμὲνοις

232 1450 348 1523 πρὸς
395 1449 589 1526 μάχην
633 1490 645 1502 .
689 1448 898 1503 Τούτου
941 1449 1054 1519 (10)
1100 1442 1148 1500 δ’
1195 1444 1271 1499 εἰς
1315 1446 1416 1514 τὴν
1450 1444 1665 1499 ἐκείνων
1712 1445 1859 1514 τάξιν

231 1537 406 1607 ἰόντος,
439 1536 486 1590 ὦ
522 1535 774 1611 βασιλεῦ,
804 1536 897 1591 καὶ
927 1530 1340 1610 προσλαϐόντος
1382 1531 1714 1607 Ἡρακλέους
1747 1536 1859 1608 (11)

230 1627 448 1695 Ἰόλεων,
541 1625 742 1700 διθρόον
810 1625 999 1679 ἅπαντ’
1080 1622 1258 1678 ἐκεῖνα
1340 1624 1474 1697 πρὸς
1556 1621 1860 1677 τούναντίον

230 1716 461 1790 μετέστη,
499 1715 767 1776 καὶτοὺς
828 1708 1086 1789 ὑϐριστάς
1144 1711 1235 1767 καί
1293 1713 1461 1786 μείζω
1528 1716 1858 1788 φρονοῦντας

227 1804 473 1875 διεδέξατο
507 1799 705 1881 φόϐος,
741 1803 820 1866 εἰς
862 1801 1124 1873 Παλήνην
1166 1801 1322 1865 αὖθις
1362 1801 1684 1878 συγκλείσας
1709 1821 1722 1833 °
1767 1805 1856 1856 καί

226 1896 311 1950 οὐκ
360 1894 428 1949 ἔτ’
487 1894 683 1956 αὐτοῖς
738 1894 805 1961 ἢν
860 1890 1061 1948 πλατεῖ
1126 1890 1487 1965 στρατεύματι
1543 1893 1855 1966 πανταχόσε

223 1988 523 2059 χωροῦντας
574 1984 639 2038 τὸ
683 1982 997 2060 προστυχὸν
1036 1978 1398 2060 διαφθείρειν·
1442 1979 1567 2035 αλλ’
1612 1974 1851 2055 ἔγνωσαν

220 2072 457 2134 ἐλάττους
515 2071 665 2133 ὄντες
693 2073 729 2141 ἢ
782 2071 918 2126 ὥστε
969 2071 1265 2145 Ῥωμαίοις
1315 2068 1716 2147 ἀντοφθαλμεῖν
1760 2067 1855 2124 δύ-

219 2164 409 2217 νασθαι.
467 2163 671 2223 Ὀσους
734 2161 827 2233 μὲν
886 2158 1070 2215 ἀνεῖλε
1126 2163 1233 2215 τῶν
1310 2159 1596 2232 πολεμίων
1655 2159 1850 2215 αὐτίκα

217 2252 401 2326 φανεὶς,
432 2252 525 2306 καὶ
556 2250 778 2322 πλῆθος
826 2250 1206 2325 αἰχμαλώτων
1238 2251 1310 2304 ὧν
1342 2248 1481 2319 εἷλε,
1534 2249 1627 2304 καὶ
1676 2250 1850 2306 σκύλα

215 2343 290 2396 καὶ
322 2339 468 2397 ὅπλα
505 2342 600 2395 καὶ
654 2339 891 2419 λάφυρα,
940 2340 1030 2394 καὶ
1066 2337 1273 2401 ’ίππους
1313 2339 1403 2393 καὶ
1458 2339 1588 2412 βόας
1618 2339 1708 2393 καὶ
1740 2335 1846 2410 ὄϊς,

212 2432 290 2487 καὶ
320 2432 473 2486 πάνθ’
505 2430 609 2484 ὅσα
656 2429 882 2500 ταυτησὶ
923 2435 1024 2498 τῆς
1060 2426 1299 2503 μερίδος,
1335 2427 1384 2481 τί
1419 2448 1500 2489 τις
1542 2426 1599 2481 ἂν
1645 2427 1799 2505 λέγοι
1828 2450 1844 2499 ς

210 2522 337 2582 Τοὺς
368 2523 502 2594 γοῦν
533 2518 841 2593 ἡμετέρους
882 2519 1218 2592 στρατιώτας
1270 2515 1441 2579 Μίδας
1496 2522 1695 2592 μικροῦ
1733 2518 1846 2573 τόθ’

210 2613 323 2684 ὁρᾷν
354 2611 441 2681 ἦν.

271 2698 439 2756 Ἀλλὰ
486 2704 593 2755 τοῦ
650 2701 726 2773 μὴ
773 2696 1214 2773 στρατοπεδεύειν
1264 2695 1411 2774 ἔχειν
1508 2696 1732 2775 πρόσθεν
1792 2700 1843 2755 οἱ

213 2784 464 2864 βάρϐαροι
517 2787 990 2864 δυσχεραίνοντες,
1041 2789 1116 2851 ὡς
1160 2788 1328 2855 εἰκὸς,
1372 2783 1464 2843 ἅτε
1509 2793 1616 2843 τῶν
1668 2788 1844 2844 πολε-

211 2882 368 2948 μικῶν
437 2876 587 2939 ὄντες
656 2875 842 2938 ἐθάδες
898 2879 986 2931 καὶ
1046 2878 1143 2946 τήν
1199 2879 1324 2952 περὶ
1399 2882 1565 2933 ταῦτα
1625 2877 1842 2956 σχολὴν

211 2965 529 3046 δυστύχημα
576 2968 877 3041 κρίνοντες,
936 2964 1117 3036 ἐτέραν
1174 2964 1467 3041 ἐτράποντο
1502 2985 1515 2997 ·
1567 2965 1841 3040 λῃστείαις

208 3058 296 3132 γὰρ
331 3056 608 3132 ἐχρῶντο,
662 3055 754 3110 καὶ
806 3053 1015 3130 λόχους
1063 3053 1278 3110 ἐποίουν
1338 3054 1389 3128 ἐξ
1441 3056 1694 3129 ἀφανοῦς,
1753 3056 1843 3110 καὶ

206 3148 314 3221 περὶ
361 3144 734 3221 βοσκημάτων
788 3145 880 3199 καὶ
927 3150 1035 3199 τῶν
1083 3144 1298 3207 τούτοις
1349 3144 1694 3221 ἐφεπομένων
1743 3140 1838 3200 λό-

1975 550 2101 614 tua,
2133 548 2190 601 et
2221 548 2383 599 tuam
2415 559 2536 600 rem
2569 543 2837 601 attinent.

2046 730 2169 797 Ille,
2218 730 2564 803 priusquam
2635 730 3014 789 Chandrenus
3078 734 3310 791 adesset
3371 737 3620 808 quibus-

1973 821 2105 876 dam
2137 825 2467 876 turmarum
2498 820 2838 876 ductoribus
2868 828 3112 893 prmerat
3143 841 3257 880 non
3290 827 3434 882 adeo
3465 828 3620 894 aptis

1972 915 2028 965 et
2056 911 2295 966 omnino
2320 909 2574 983 indignis
2604 910 2702 980 qui
2734 911 2846 982 ipsi
2878 914 3231 970 subessent:
3280 920 3434 972 certe
3482 921 3620 974 tan-

1974 1005 2100 1055 tum
2132 999 2295 1055 abest
2319 1004 2379 1055 ut
2408 999 2676 1055 hostibus
2726 1000 3098 1064 obsisterent,
3132 1012 3194 1058 ut
3242 1022 3343 1076 pro
3394 1005 3532 1075 illis,
3568 1008 3617 1063 si

1973 1089 2055 1145 ita
2084 1090 2245 1161 loqui
2288 1089 2480 1157 liceat,
2516 1097 2813 1161 propterea
2844 1092 2999 1163 quod
3030 1093 3102 1147 ad
3131 1110 3388 1165 pugnam
3429 1102 3620 1153 essent

1975 1179 2247 1245 enervati,
2270 1179 2381 1250 ipsi
2402 1180 2602 1236 omnia
2623 1186 2909 1251 gererent,
2936 1181 3077 1236 satis
3100 1183 3379 1239 ducentes
3404 1184 3453 1240 si
3468 1186 3614 1242 salvi

1973 1272 2169 1324 essent
2198 1268 2366 1338 (illud
2394 1269 2548 1323 enim
2564 1268 2649 1323 eis
2667 1269 2860 1325 aduce
2890 1269 3164 1342 obvenit),
3189 1272 3432 1328 canibus
3452 1275 3617 1330 simi-

1973 1357 2056 1412 les
2087 1358 2156 1413 ad
2176 1374 2432 1428 pugnam
2449 1357 2835 1429 segnioribus.
2854 1359 2996 1414 Cum
3013 1364 3209 1415 autem
3232 1362 3615 1422 Chandrenus

1971 1446 2042 1500 ad
2074 1463 2172 1501 eos
2204 1445 2311 1501 rite
2356 1446 2713 1501 ordinandos
2772 1448 3043 1514 venisset,
3094 1466 3125 1503 ο
3185 1449 3526 1521 imperator,
3557 1457 3615 1508 et
3696 1484 3697 1493 ι

1971 1535 2246 1591 Hercules
2278 1535 2388 1591 sibi
2411 1534 2632 1591 Iolaum
2651 1537 3037 1607 adjunxisset,
3059 1538 3253 1594 subito
3274 1538 3397 1595 haec
3418 1541 3613 1597 omnia

1971 1624 2029 1679 in
2063 1624 2417 1681 contrarium
2464 1625 2701 1679 fuerunt
2748 1640 3046 1692 conversa,
3070 1633 3128 1682 et
3177 1633 3513 1699 arrogantes
3545 1647 3612 1686 ac

1970 1714 2251 1785 superbos
2281 1713 2561 1785 corripuit
2586 1730 2766 1785 pavor
2797 1718 2853 1770 et
2882 1732 2980 1771 eos
3007 1716 3068 1770 in
3097 1715 3368 1773 Pallenen
3398 1718 3610 1775 iterum

1967 1801 2330 1858 interclusit:
2365 1811 2419 1858 et
2448 1803 2709 1857 nondum
2742 1804 2945 1858 datum
2974 1809 3100 1860 erat
3129 1806 3214 1861 eis
3245 1806 3441 1878 amplo
3476 1824 3607 1864 cum

1963 1895 2215 1951 exercitu
2248 1892 2721 1967 aggredienlibus
2754 1894 3046 1950 fortunam
3100 1895 3470 1963 labefactare,
3507 1900 3608 1955 sed

1957 1988 2360 2055 cognoverunt
2403 1999 2464 2039 se
2512 1997 2637 2038 esse
2695 1983 2949 2039 minores
2998 2000 3178 2056 quam
3218 1989 3281 2040 ut
3327 1986 3607 2044 Romanis

1958 2073 2251 2128 adversari
2284 2071 2562 2128 valerent.
2606 2072 2756 2136 Quot
2777 2072 3137 2129 interemerit
3170 2075 3383 2142 hostes,
3418 2076 3607 2147 prima

1956 2163 2390 2235 congressione,
2423 2168 2481 2219 et
2513 2179 2827 2219 numerum
2861 2164 3225 2233 captivorum
3259 2182 3406 2236 quos
3439 2166 3607 2222 sube-

1954 2254 2057 2325 git,
2088 2256 2146 2310 et
2176 2253 2424 2324 praedam
2473 2257 2532 2308 et
2585 2269 2751 2308 arma
2797 2258 2855 2308 et
2912 2253 3150 2309 exuvias
3208 2260 3266 2311 et
3313 2270 3493 2325 equos
3546 2261 3604 2313 et

1956 2342 2131 2399 boves
2161 2347 2219 2398 et
2247 2359 2377 2398 oves
2407 2347 2464 2398 et
2493 2342 2693 2398 omnia
2722 2357 2850 2414 qua:
2900 2343 2961 2397 in
2993 2342 3099 2398 hac
3143 2345 3380 2416 regione
3408 2349 3596 2414 erant,

1954 2431 2086 2504 quis
2116 2430 2579 2488 enumeraverit?
2610 2434 2849 2488 Nostros
2882 2447 3019 2502 ergo
3062 2431 3275 2488 milites
3323 2433 3502 2489 ferme
3534 2436 3600 2488 ut

1954 2522 2197 2578 totidem
2230 2522 2411 2579 Midas
2437 2521 2636 2578 videro
2666 2525 2812 2576 erat.

2023 2702 2134 2758 Sed
2167 2702 2421 2770 barbari,
2447 2700 2598 2769 irati,
2636 2705 2832 2773 utpar
2878 2705 2984 2771 est,
3031 2718 3100 2757 ex
3143 2718 3209 2758 eo
3259 2704 3415 2774 quod
3475 2718 3588 2759 non

1950 2797 2139 2849 castra
2169 2807 2378 2862 ponere
2408 2792 2709 2863 potuerint
2739 2794 2797 2848 in
2848 2793 2972 2850 loco
3031 2808 3143 2864 quo
3192 2792 3354 2865 prius
3401 2796 3587 2860 erant,

1949 2884 2087 2956 quia
2116 2883 2286 2938 rebus
2315 2881 2541 2937 bellicis
2570 2886 2736 2937 erant
2767 2882 3080 2938 assuefacti
3111 2886 3167 2938 et
3196 2899 3229 2937 a
3259 2882 3473 2954 prasliis
3495 2882 3592 2938 ah-

1947 2973 2162 3028 stinere
2200 2975 2264 3028 ut
2294 2971 2679 3028 calamitatem
2724 2971 3035 3037 ducebant,
3069 2972 3245 3027 aliam
3294 2972 3353 3027 in
3399 2972 3590 3044 regio-

1947 3078 2081 3118 nem
2113 3060 2469 3118 lransierunt
2499 3077 2514 3129 ;
2548 3059 2865 3117 latrociniis
2890 3061 3045 3117 enim
3079 3062 3414 3129 utebantur,
3446 3067 3503 3117 ct
3524 3078 3596 3118 ex

1952 3151 2176 3208 occulto
2208 3150 2509 3206 struebant
2537 3151 2803 3219 insidias,
2834 3167 2900 3207 ac
2930 3150 3002 3206 de
3031 3151 3341 3221 pecoribus
3384 3155 3442 3206 et
3488 3153 3591 3225 qui

206 3257 288 3311 γος
328 3235 513 3298 αὐτοῖς
573 3237 642 3303 ἦν
682 3235 744 3289 ού
809 3233 1001 3309 μικρὸς
1047 3236 1544 3309 στρατηγουμένοις
1597 3235 1699 3289 ὑπὸ
1747 3235 1834 3290 λι-

1966 3262 2053 3303 eos
2072 3245 2471 3317 sequebantur
2497 3244 2783 3300 militibus
2829 3261 2947 3300 non
2995 3260 3207 3315 parvus
3233 3247 3357 3299 erat
3395 3260 3589 3300 sermo

213 3331 322 3397 μοῦ.
381 3331 469 3388 Ὡς
529 3322 589 3379 δέ
646 3325 758 3393 καὶ,
816 3322 1033 3385 τούτοις
1108 3324 1243 3394 ἅπαξ
1306 3322 1688 3402 εὐτυχηκότες,
1747 3323 1845 3377 οὐκ

208 3413 446 3492 ὀλιγάκις
496 3418 683 3477 κακῶς
749 3408 966 3476 ἔπαθον,
1035 3412 1419 3487 ἀπειρηκότες,
1486 3416 1665 3487 οἶμαι,
1728 3419 1844 3477 τοῖς

206 3503 367 3575 δλοις,
417 3506 510 3559 καὶ
572 3501 742 3577 μηδὲν
802 3500 1020 3578 ἔχοντες
1081 3502 1157 3564 εἰς
1214 3503 1561 3578 παραμυθίαν
1623 3503 1841 3571 λοιπὸν,

205 3599 298 3649 τῶν
370 3596 466 3667 μὲν
535 3592 838 3669 ἀναγκαίων
908 3590 1349 3647 ἐπιλελοιπότων
1416 3593 1689 3661 ἁπάντων,
1756 3592 1843 3646 ἐπὶ

208 3686 357 3759 ξυροῦ
408 3682 466 3739 δέ
517 3684 702 3756 ἀκμῆς
759 3687 867 3738 τῶν
915 3681 1251 3757 πραγμάτων
1299 3681 1449 3761 σφίσι
1506 3682 1845 3752 καθεστηκό-

205 3794 319 3841 των,
382 3772 540 3836 εύθὺς
603 3771 899 3832 Θετταλίας
957 3777 1160 3847 χωρεῖν
1211 3770 1465 3844 ἔγνωσαν,
1518 3772 1598 3850 ἐφ’
1627 3774 1672 3844 ᾧ
1718 3775 1845 3844 γοῦν

206 3867 309 3924 τοῖς
347 3857 687 3931 ἐπιτηδείοις
737 3855 882 3935 ἔχειν
920 3858 1182 3935 ἀφθόνοις
1226 3859 1559 3933 χρήσασθαι,
1601 3859 1691 3913 καὶ
1733 3860 1844 3930 ἅμα

205 3955 303 4005 τῶν
367 3947 691 4023 Χανδρηνοῦ
757 3952 980 4024 χειρῶν,
1045 3947 1174 4020 ἐμοὶ
1261 3944 1461 4018 δοκεῖν,
1544 3948 1844 4017 ἀποστῆναι

207 4036 544 4101 σπεύδοντες.

271 4130 420 4186 Ἀλλ’
454 4126 570 4184 οὔτ’
628 4127 811 4188 αὐτοῖς
862 4124 1028 4181 πλέον
1075 4124 1227 4182 οὐδὲν
1260 4128 1324 4196 ἦν
1378 4127 1454 4191 εἰς
1496 4126 1844 4202 ἀπαλλαγὴν,

209 4226 297 4289 τῆς
329 4215 659 4283 ἀλλοδαπῆς
688 4216 810 4288 είλη
824 4216 1074 4290 μμένοις,
1104 4216 1194 4272 καὶ
1226 4236 1311 4271 τοι
1366 4213 1571 4293 σφόδρα
1611 4214 1804 4271 δοκοῦν
1831 4237 1843 4250 ·

209 4306 308 4364 οὐδ’
367 4308 435 4363 αὖ
500 4306 677 4387 σφίσιν
738 4306 922 4370 αὐτοῖς
981 4304 1199 4379 ἀμύνειν
1255 4303 1527 4377 ἠδύναντο
1584 4304 1847 4362 Θετταλοὶ

207 4398 286 4453 καὶ
337 4399 475 4475 πρὸς
532 4400 793 4453 τοσοῦτον
825 4391 1278 4471 παραϐάλλεσθαι
1325 4394 1556 4461 πλῆθος.
1608 4396 1684 4453 Ού
1739 4397 1846 4468 μὴν

209 4487 390 4565 ἒτέρου
442 4488 582 4563 πρὸς
654 4488 804 4542 ταῦτ’
871 4484 1167 4557 ἐδεήθησαν
1202 4503 1217 4519 ο
1277 4486 1425 4541 ἀλλά
1480 4485 1572 4540 καὶ
1633 4485 1848 4546 τούτοις

208 4582 379 4642 κακῶς
423 4579 723 4654 πράττουσι
770 4577 859 4631 καὶ
911 4570 1336 4653 θορυϐουμένοις
1376 4574 1548 4631 ἐλθὼν
1590 4572 1850 4647 Χανδρη-

209 4668 293 4731 νὸς
328 4668 649 4743 συνεμάχει,
706 4671 803 4722 σοῦ
858 4668 958 4736 τὴν
1008 4666 1222 4723 ἐκείνων
1278 4666 1601 4737 ἐλεήσαντος
1646 4666 1849 4742 τύχην,

215 4756 395 4827 ἐπειδὴ
464 4751 862 4832 πρεσϐεύοντας
930 4753 1091 4827 εἶδες,
1175 4757 1266 4811 καὶ
1349 4755 1477 4819 τοὺς
1542 4751 1852 4830 βαρϐάρους

216 4845 498 4920 παρείλετο
565 4847 660 4907 τάς
727 4842 952 4907 ἐλπίδας
1020 4846 1082 4904 ἃς
1146 4843 1617 4920 ἐπιστρατεύοντες
1674 4844 1845 4919 εἶχον,

216 4934 639 5010 ἀπροσδοκήτως
693 4933 900 5013 φανεὶς,
940 4934 1121 5008 ὥσπερ
1171 4935 1375 5010 ἀνάγκῃ
1421 4935 1523 4989 τινὶ
1571 4933 1661 4988 καὶ
1705 4940 1849 5009 τύχῃ

220 5025 736 5100 συγκεκληρωμένον
796 5022 927 5097 μηδ’
983 5026 1224 5079 ὁντινοῦν
1292 5021 1475 5096 ἕτερον
1541 5023 1766 5084 τούτους
1816 5022 1850 5092 ἢ

221 5112 526 5188 Χαδδρηνὸν
570 5107 716 5188 ἔχειν
772 5113 1084 5171 ἀντίπαλον.
1144 5110 1345 5168 Τοσάδε
1399 5118 1526 5188 γοῦν
1584 5113 1855 5168 κάνταῦθα

220 5204 330 5258 κατ’
395 5203 570 5258 αὐτῶν
639 5197 834 5273 ἔστησε
894 5203 1128 5277 τρόπαια
1193 5203 1281 5258 καὶ
1350 5203 1492 5257 οὕτω
1558 5208 1855 5279 περιφανῆ,

224 5297 309 5346 νῦν
342 5295 437 5365 μὲν
486 5292 704 5367 ἀθρόοις
756 5291 1062 5366 ἐμπίπτων,
1114 5297 1204 5346 νῦν
1256 5289 1301 5346 δ’
1349 5291 1408 5348 ἐκ
1454 5291 1682 5348 πολλῶν
1728 5289 1856 5346 όλί-

223 5403 339 5459 γοις
386 5383 476 5437 καὶ
518 5380 756 5444 πολλοῖς
796 5383 911 5437 κατ’
961 5380 1209 5457 ὀλίγους,
1260 5382 1385 5437 ὥστ’
1434 5379 1625 5453 ᾅδουσί
1677 5383 1770 5457 μὲν
1804 5380 1856 5443 ἐς

295 5511 369 5579 (8)
394 5511 478 5568 Ex
507 5512 753 5568 Homero
783 5510 951 5567 Iliad.
989 5511 1051 5581 B,
1081 5512 1206 5568 554.

299 5582 376 5657 (9)
403 5583 625 5657 Forsan,
646 5581 901 5657 ἀπεῖχον.

300 5654 408 5724 (10)
439 5654 816 5712 Οὴοοὰιοεηυέ
844 5654 1279 5729 intelligendus.

535 5756 793 5817 ΡΑτιιοι.
839 5756 950 5820 Gn.
995 5756 1221 5818 CXLV.

1952 3341 2188 3408 propter
2220 3334 2486 3389 ciborum
2521 3335 2846 3405 penuriam.
2905 3334 3218 3406 Postquam
3267 3337 3479 3399 autem,
3532 3332 3593 3387 in

1955 3426 2044 3481 his
2079 3424 2257 3481 semel
2285 3424 2500 3491 felices,
2534 3423 2966 3480 calamitatibus
2989 3440 3102 3479 non
3131 3422 3331 3494 paucis
3362 3424 3596 3478 fuerunt

1952 3513 2172 3579 afﬂicti,
2204 3513 2527 3585 desperatis
2557 3512 2855 3578 omnibus,
2888 3520 2949 3566 ut
2979 3511 3186 3581 opinor
3215 3514 3276 3567 et
3297 3508 3442 3565 nihil
3483 3510 3597 3565 ha-

1953 3603 2157 3657 bentes
2212 3602 2283 3656 ad
2324 3600 2617 3667 solatium,
2658 3601 2932 3655 omnibus
2981 3600 3191 3672 Opibus
3250 3599 3490 3668 relictis,
3540 3604 3599 3655 et

1953 3691 2129 3747 rebus
2158 3705 2358 3745 eorum
2391 3689 2555 3760 quasi
2576 3691 2636 3743 in
2668 3689 2790 3744 aoie
2821 3690 3114 3745 novaculae
3146 3688 3455 3759 stantibus,
3485 3687 3597 3745 cito

1953 3779 2011 3834 in
2043 3778 2406 3834 Thessaliam
2445 3777 2529 3833 ire
2567 3782 2899 3833 statuerunt
2935 3777 3035 3833 ubi
3101 3782 3461 3832 commeatus
3501 3792 3598 3832 co-

1955 3868 2106 3939 piam
2140 3882 2441 3938 capessere
2472 3874 2525 3923 et
2556 3867 2732 3922 simul
2755 3883 2824 3922 ex
2856 3867 3185 3923 Chandreni
3208 3865 3500 3935 manibus,
3533 3869 3599 3922 ut

1956 3957 2098 4013 mihi
2131 3957 2376 4024 videtur,
2402 3956 2653 4027 elfugere
2691 3961 2948 4027 possent.

2025 4137 2151 4192 Non
2181 4140 2374 4193 autem
2403 4139 2672 4207 poterant
2706 4136 2894 4208 magis
2922 4152 3051 4192 sese
3098 4136 3346 4203 salvere,
3382 4139 3602 4192 terram

1953 4225 2199 4281 alienam
2227 4225 2587 4296 occupando,
2618 4224 2844 4281 etiamsi
2877 4225 3129 4282 maxime
3156 4226 3214 4281 id
3257 4230 3562 4296 sperarent
3588 4244 3601 4281 :

1957 4332 2062 4372 nec
2092 4316 2315 4386 seipsos
2344 4317 2523 4371 armis
2552 4316 2624 4372 de
2656 4316 2888 4371 fendere
2930 4316 3205 4373 valebant
3251 4317 3516 4373 Thessali
3547 4325 3604 4373 et

1957 4422 2089 4461 cum
2121 4410 2286 4461 tanta
2318 4404 2692 4461 multitudine
2724 4406 3018 4477 congredi.
3054 4406 3178 4461 Non
3211 4406 3322 4462 alio
3376 4422 3514 4462 sane
3544 4406 3607 4463 in

1958 4495 2050 4551 his
2089 4511 2235 4566 opus
2284 4499 2454 4551 erat:
2519 4495 2620 4551 sed
2669 4494 3052 4551 Chandrenus
3095 4496 3409 4552 adveniens
3468 4512 3602 4551 cum

1881 4616 1933 4681 Ι)
1967 4583 2115 4639 male
2164 4584 2444 4640 ordinatis
2484 4590 2542 4639 et
2596 4584 3015 4656 trepidantibus
3080 4601 3430 4656 congressus
3498 4589 3608 4650 est,

1965 4675 2105 4746 quia
2136 4678 2196 4729 tu
2227 4690 2427 4730 eorum
2487 4675 2780 4730 fortunam
2840 4676 3121 4731 misertus
3172 4690 3253 4742 es,
3290 4680 3607 4747 postquam

1958 4762 2182 4837 legatos
2213 4764 2430 4831 vidisti,
2462 4769 2519 4819 et
2549 4764 2863 4836 improviso
2894 4766 3148 4820 adventu
3181 4764 3418 4821 abstulit
3470 4765 3604 4819 bar-

1964 4853 2123 4909 baris
2153 4869 2317 4925 spem
2334 4869 2504 4925 quam
2530 4853 3061 4910 belluminl‘erendo
3078 4853 3419 4923 habuerant,
3438 4852 3608 4925 quasi

1965 4941 2314 4998 necessitate
2344 4944 2593 5013 quadam
2626 4947 2683 4999 et
2740 4945 2976 4999 fortuna
3021 4943 3208 4998 sortiti
3258 4959 3373 4997 non
3424 4941 3604 4998 alium

1964 5040 2103 5087 tunc
2160 5032 2558 5088 adversarium
2607 5050 2672 5089 ac
2741 5033 3173 5090 Chandrenum.
3226 5034 3415 5088 Tanta
3470 5047 3605 5103 ergo

1965 5125 2022 5177 et
2054 5126 2169 5176 tam
2214 5121 2491 5193 praeclara
2535 5121 2655 5177 illic
2703 5123 2877 5177 etiam
2926 5122 3205 5177 adversus
3256 5138 3354 5177 eos
3403 5120 3609 5176 statuit

1966 5216 2205 5283 tropea,
2237 5228 2393 5267 nunc
2423 5211 2482 5266 in
2523 5213 2736 5267 densos
2763 5212 2959 5267 hostes
2992 5212 3244 5278 irruens,
3276 5226 3430 5265 nunc
3463 5225 3610 5280 pau-

1966 5317 2064 5357 cos
2095 5318 2232 5357 eum
2266 5301 2469 5357 multis
2520 5317 2676 5357 nunc
2725 5300 2939 5356 multos
2980 5318 3110 5356 cum
3159 5300 3358 5372 paucis
3408 5314 3613 5370 aggre-

1967 5391 2155 5460 diens,
2172 5391 2846 5464 utillaoelebrentusque
2860 5407 3014 5448 nunc
3027 5389 3616 5456 Thessali,celebrent

2039 5518 2157 5589 (11)
2206 5517 2505 5599 Hercules,
2555 5516 2810 5599 angelus
2860 5534 3068 5599 nempe
3113 5515 3497 5599 lfalgologqs,
3526 5516 3618 5599 Ιο-

1963 5587 2158 5729 ἕουιη,
2213 5605 2316 5646 seu
2375 5587 2810 5659 Chandrenum,
2869 5587 3094 5648 socium
3144 5588 3276 5645 belli
3335 5587 3448 5643 sibi
3516 5587 3620 5644 ad-

1999 5677 2132 5715 uan
2165 5702 2179 5714 .

3228 5765 3302 5823 12
