3986 6228
397 339 516 400 363

1711 331 2111 397 THEODULI
2157 329 2502 394 MONACHI

3677 337 3790 398 364

398 488 604 530 omnes
629 472 744 528 fere
772 469 1058 536 homines,
1092 477 1144 526 et
1174 468 1336 526 stetit
1366 467 1534 542 quasi
1576 467 1851 526 columna
1899 484 2039 541 pra-
2070 524 2072 533 λ

2192 468 2312 540 εὖρο
2343 464 2495 519 ταυτὶ
2527 461 2813 533 Θετταλοὶ,
2866 458 3054 532 ᾅδουσι
3114 459 3170 518 δὲ
3222 463 3414 539 σχεδὸν
3458 465 3654 527 πάντες
3707 467 3797 523 ἄν-

399 562 561 619 clara
615 561 675 618 in
731 560 944 616 animis
1012 560 1378 632 singulorum
1459 559 1760 629 memoria,
1803 575 1931 630 qua:
1990 561 2049 614 et

399 655 677 712 victorem
707 650 965 708 illustrat
993 658 1050 707 et
1077 649 1223 707 alios
1254 649 1327 706 ad
1380 650 1784 706 strenuitatem
1833 647 2045 705 adhor-

402 747 581 801 tatur.

473 939 539 995 Et
580 937 720 1010 quid
772 935 942 1010 plura
989 935 1308 993 edisserere
1367 935 1684 1008 cporteat?
1718 933 1842 992 Nisi
1888 935 2046 994 enim

404 1027 712 1088 confestim
772 1043 972 1099 pacem
1034 1026 1364 1096 petiissent,
1435 1041 1638 1083 omnes
1697 1025 1814 1084 illic
1895 1028 2049 1086 ceci-

402 1119 648 1184 dissent,
707 1116 843 1172 mali
895 1114 1043 1172 male
1087 1114 1410 1187 disperditi.
1471 1115 1637 1172 Tunc
1713 1133 1844 1173 vero
1910 1133 2044 1174 cum

401 1208 702 1266 Thessalis
728 1207 994 1265 inducias
1039 1207 1324 1272 fecerunt,
1373 1211 1450 1274 et,
1485 1223 1616 1263 cum
1671 1208 2047 1266 Chandrenus

406 1304 708 1372 propterea
755 1299 823 1354 ad
866 1313 972 1352 nos
1029 1312 1162 1351 cum
1209 1299 1294 1352 tot
1340 1313 1407 1352 ac
1460 1297 1640 1353 tantis
1690 1299 1942 1366 coronis,
1986 1306 2048 1355 ut

404 1389 553 1444 alius
575 1386 867 1452 Hercules,
895 1401 1197 1456 regressus
1219 1392 1392 1455 esset,
1425 1385 1646 1457 seipsos
1679 1387 2047 1444 abstulerunt

405 1498 438 1536 a
467 1477 744 1552 periculo,
781 1480 1045 1534 cessante
1079 1477 1229 1532 bello
1259 1475 1319 1531 in
1351 1493 1465 1548 quo
1505 1477 1746 1534 infausti
1803 1480 2046 1547 fuerant,

407 1573 466 1625 et
498 1567 953 1640 pulcherrimam
986 1565 1146 1622 illam
1179 1565 1478 1621 victoriam
1505 1566 1829 1623 retulerunt
1859 1570 2050 1624 adver-

409 1674 514 1714 sus
545 1655 762 1712 vicinos
813 1655 1009 1719 Italos,
1060 1653 1157 1724 qui
1223 1659 1419 1710 contra
1461 1671 1558 1710 eos
1602 1672 1735 1710 cum
1803 1661 2052 1726 superbo

413 1751 691 1821 apparatu
744 1746 1068 1812 movebant,
1119 1753 1173 1800 et
1228 1761 1339 1800 non
1391 1751 1617 1801 tantum
1681 1763 1800 1814 eos,
1846 1751 1947 1803 sed
1997 1755 2053 1806 et

2159 557 2366 630 θρωποι
2401 571 2415 587 ·
2468 552 2660 623 ἕστηκε
2719 549 2796 620 δὲ,
2858 551 3036 626 ὥσπερ
3090 573 3173 615 τις
3243 553 3419 626 στήλη
3475 560 3790 635 περιρανὴς,

2157 647 2208 702 ἐν
2269 650 2386 701 ταῖς
2444 647 2649 718 ψυχαῖς
2705 643 2940 698 ἑκάστων
3095 646 3310 718 μνήμη,
3391 647 3532 719 ὁμοῦ
3588 669 3645 702 τε
3704 650 3796 704 τὸν

2155 733 2502 810 εἰργασμένον
2533 735 2836 806 κοσμοῦσα,
2875 732 2999 794 τούς
3049 753 3106 787 τε
3150 731 3358 797 ἄλλους
3405 735 3480 796 είς
3532 736 3791 812 εὐψυχίαν

2153 821 2562 898 παρακαλοῦσα.

2226 915 2325 970 Καὶ
2381 914 2433 967 τί
2485 909 2567 967 δεῖ
2614 909 2789 966 πλείω
2839 909 3125 982 διεξιέναι;
3177 913 3222 967 εἰ
3275 916 3349 986 μὴ
3403 915 3503 990 γὰρ
3555 916 3656 983 τὴν
3710 937 3797 971 τα-

2157 1001 2353 1078 χίστην
2439 1001 2660 1076 εἰρήνης
2742 998 3106 1074 ἐπεθύμησαν,
3184 999 3278 1056 κᾶν
3366 1003 3530 1058 αὐτοῦ
3608 1003 3796 1066 πάντες

2153 1090 2367 1161 ἔπεσον,
2427 1092 2584 1146 κακοὶ
2643 1095 2822 1153 κακῶς
2902 1089 3180 1153 ὀλωλότες
3213 1109 3224 1121 ·
3288 1095 3393 1146 Νῦν
3451 1089 3507 1146 δὲ
3559 1091 3794 1156 σπονδὰς

2153 1183 2288 1257 πρὸς
2356 1179 2656 1243 Θετταλοὺς
2714 1181 3100 1253 ποιησάμενοι,
3161 1180 3247 1236 καὶ
3305 1185 3398 1236 τοῦ
3479 1181 3793 1256 Χανδρηνοῦ

2156 1269 2244 1327 διὰ
2307 1275 2474 1326 ταῦτα
2542 1271 2674 1344 μετά
2738 1269 3012 1326 τοσούτων
3095 1269 3184 1325 καὶ
3267 1269 3612 1341 τηλικούτων
3693 1277 3796 1328 τῶν

2156 1359 2360 1430 ἄθλων,
2421 1359 2600 1433 ὥσπερ
2651 1360 2796 1422 τινὸς
2851 1357 3199 1435 Ἡρακλέους,
3273 1358 3580 1424 ἐπανιόντος
3640 1364 3796 1434 ἡμῖν,

2158 1457 2291 1530 σφᾶς
2324 1471 2382 1506 τε
2433 1450 2629 1510 αὐτοὺς
2675 1449 2942 1521 ἐξείλοντο
2986 1453 3082 1505 τοῦ
3129 1447 3393 1521 κινδύνον,
3443 1453 3794 1525 πεπαυμένης

2156 1547 2256 1607 τῆς
2316 1542 2504 1617 μάχης
2562 1540 2608 1596 δ’
2647 1541 2714 1611 ἢν
2764 1546 2946 1603 κακῶς
2997 1539 3281 1617 ἔπραττον,
3333 1542 3421 1596 καὶ
3453 1545 3550 1611 τήν
3599 1542 3804 1598 καλλί-

2162 1653 2289 1702 στην
2331 1632 2420 1686 καὶ
2475 1631 2787 1705 θαυμαστὴν
2849 1630 3052 1699 ἐκείνην
3101 1631 3236 1685 κατά
3291 1636 3398 1686 τῶν
3455 1633 3799 1707 προσχώρων

2164 1718 2387 1776 Ἰταλῶν
2437 1721 2552 1792 (12)
2611 1717 2888 1774 ἀνείλοντο
2945 1719 3121 1789 νίκην,
3186 1719 3318 1792 μετᾶ
3372 1721 3465 1791 μὶν
3519 1720 3802 1796 ὑπερηφὰ-

415 1807 594 1894 tritam
624 1834 985 1891 Thessaliam
1019 1807 1075 1890 et
1105 1834 1496 1890 Macedoniam
1529 1807 1893 1908 confringere
1941 1840 2052 1895 mi-

2192 1831 2259 1864 Ιου
2292 1815 2632 1884 παρασκευῆς
2689 1808 2872 1872 αὐτοῖς
2928 1807 3211 1878 ἐπιόντων,
3266 1809 3356 1864 καὶ
3411 1811 3487 1881 μή
3537 1807 3621 1863 ὅτι
3673 1809 3806 1864 τού-

419 1927 783 1995 nitebantur,
815 1929 873 1981 et
901 1926 1003 1997 qui
1035 1924 1142 1996 ipsi
1196 1924 1278 1980 ita
1310 1940 1545 1995 prorsus
1575 1927 1854 1982 confracti
1895 1933 2058 2000 sunt,

420 2019 487 2072 ut
516 2032 620 2072 nec
650 2015 879 2085 ignifer,
911 2013 1083 2070 sicuti
1106 2013 1294 2083 aiunt,
1327 2014 1700 2085 superfuerit.

492 2247 634 2302 Cum
667 2247 862 2301 autem
894 2242 1016 2300 haec
1057 2244 1201 2300 bene
1249 2245 1648 2316 succederent,
1681 2247 2064 2308 Chandrenus

421 2335 692 2409 inprimis
735 2335 867 2391 felix
889 2339 1035 2391 erat.
1061 2335 1219 2400 Quod
1234 2335 1284 2394 si
1306 2336 1431 2394 fieri
1456 2354 1568 2395 non
1592 2344 1818 2411 poterat
1837 2349 1892 2398 ut
1915 2343 2064 2399 bene

425 2427 816 2498 procederent,
831 2425 943 2481 nisi
965 2425 1342 2482 securitatem
1361 2432 1560 2485 essent
1581 2431 2063 2500 consecuti,illam

426 2524 612 2574 autem
668 2531 782 2571 non
832 2515 1174 2571 habuissent
1222 2515 1334 2572 nisi
1385 2533 1475 2573 res
1531 2527 1833 2593 susceptas
1886 2521 2064 2577 relin-

426 2605 686 2680 quendo,
735 2604 1096 2675 reliquerunt
1143 2620 1293 2670 vero,
1360 2605 1704 2666 Chandreno
1779 2627 2066 2684 regresso,

425 2695 767 2751 Chandreno
798 2709 995 2749 revera
1029 2693 1278 2750 victoria
1320 2693 1448 2750 laus
1472 2697 1774 2754 referenda
1807 2701 1906 2771 qui
1939 2703 2068 2772 ejus

428 2799 667 2840 causam
701 2783 968 2856 prebuit.

499 2885 643 2939 Cum
676 2898 811 2954 ergo
868 2881 953 2937 illi
1009 2887 1206 2939 essent
1262 2883 1446 2956 fugati
1497 2891 1554 2942 et
1611 2887 1717 2943 has
1776 2890 2072 2952 dedissent

429 2971 775 3028 temeritatis
807 2987 1025 3040 pinnas,
1059 2987 1186 3042 qua
1219 2971 1276 3026 in
1308 2971 1452 3029 alios
1496 2991 1757 3045 perverse
1805 2980 2072 3036 decreve-

432 3065 565 3116 rant
595 3074 783 3131 agere,
817 3058 935 3114 haec
966 3059 1036 3113 ab
1067 3059 1198 3116 aliis
1229 3059 1341 3132 ipsi
1368 3061 1515 3118 belle
1538 3066 1817 3135 perpessi,
1852 3076 2071 3140 oporte-

431 3150 530 3204 bat
561 3151 803 3202 victores
835 3153 1185 3204 nontantum
1215 3165 1512 3207 armorum
1542 3159 1600 3209 et
1631 3170 1940 3226 equorum,
1971 3161 2071 3215 sed

2165 1920 2318 1967 τους,
2377 1897 2524 1954 ἀλλὰ
2579 1898 2668 1954 καὶ
2735 1899 3030 1954 Θετταλίαν
3096 1904 3267 1954 πᾶσαν
3324 1897 3414 1954 καὶ
3473 1895 3806 1955 Μακεδονίαν

2171 1987 2538 2044 ἀπειλούντων
2600 1988 2894 2062 ἐκτρίψειν,
2952 1989 3097 2043 οὕτω
3146 1985 3194 2042 δ’
3241 1987 3416 2043 αὐτῶν
3469 1990 3806 2044 παντάπασιν

2170 2073 2546 2153 ἐκτριϐέντων,
2607 2079 2682 2140 ὡς
2744 2075 2883 2151 μηδὲ
2940 2077 3242 2154 πυρφόρον,
3313 2078 3376 2134 τὸ
3446 2083 3542 2133 τοῦ
3619 2077 3808 2152 λόγου,

2173 2167 2272 2226 λελ
2281 2171 2480 2246 εἳφθαι.

2244 2259 2454 2316 Οὐκοῦν
2516 2258 2604 2314 ὅτε
2659 2259 2808 2314 ταῦθ’
2866 2257 3017 2312 οὗτοι
3091 2259 3423 2332 κατώρθουν,
3499 2254 3810 2333 Χανδρτ,νὸς

2174 2346 2352 2418 δήπου
2384 2349 2692 2424 κατώρθου.
2740 2348 2800 2404 Εἰ
2840 2348 2943 2423 γὰρ
2985 2347 3092 2422 οὐχ
3130 2347 3242 2402 οἷόν
3290 2368 3346 2402 τε
3396 2352 3530 2424 σφᾶς
3581 2346 3813 2424 εὐτυχῆ-

2176 2459 2264 2493 σαι
2300 2441 2374 2512 μὴ
2405 2437 2675 2512 τυχόντας
2725 2435 2926 2504 ἁδείας,
2975 2438 3176 2508 ταύτην
3229 2434 3283 2492 δὲ
3316 2436 3417 2491 ούκ
3450 2437 3509 2491 ἃν
3544 2438 3813 2512 μετέσχον

2181 2530 2255 2601 μή
2288 2532 2392 2580 τῶν
2445 2526 2494 2581 ἐν
2549 2526 2734 2601 χερσὶν
2794 2523 3184 2602 ἀπηλλαχότες
3233 2527 3590 2601 πραγμάτων,
3628 2523 3815 2596 ἀπήλ-

2179 2615 2342 2685 λαξαν
2376 2613 2452 2682 δὲ,
2480 2619 2576 2670 τοῦ
2607 2612 2922 2689 Χανδρηνοῦ
2967 2615 3350 2687 μεταστάντος,
3401 2611 3726 2690 Χανδρηνὸς
3757 2617 3813 2669 ἂν

2179 2706 2265 2776 εἴη
2298 2711 2376 2760 τῶ
2409 2705 2524 2760 ὄντι
2555 2706 2645 2762 καὶ
2683 2712 2781 2774 τῆς
2828 2705 2980 2776 νίκης
3033 2706 3287 2780 ἐργάτης,
3323 2706 3350 2760 ὁ
3379 2705 3465 2759 καὶ
3515 2705 3816 2780 παρασχὼν

2177 2799 2274 2864 τήν
2311 2796 2503 2854 αἷτίαν.

2249 2887 2338 2947 Ὠς
2371 2881 2426 2939 δὲ
2459 2885 2509 2941 οἱ
2554 2885 2650 2957 μὲν
2696 2887 2814 2958 (13)
2863 2881 3106 2941 ἐκποδὼν
3157 2884 3290 2953 ἦσαν
3348 2885 3435 2939 καὶ
3483 2884 3680 2940 ταύτθν
3726 2888 3820 2940 τοῦ

2179 2977 2405 3047 θράσους
2464 2971 2640 3029 ’ἔτισαν
2701 2971 2882 3044 δίκην,
2943 2973 2973 3028 ἃ
3026 2979 3132 3029 τῶν
3211 2972 3396 3029 ἄλλων
3456 2972 3578 3047 πέρι
3645 2978 3820 3034 κακῶς

2179 3060 2588 3132 ἐϐουλεύσαντο,
2646 3066 2796 3118 ταῦθ’
2857 3065 2944 3119 ὑπ’
3003 3061 3215 3118 ἐκείνων
3272 3063 3424 3119 αὐτοὶ
3487 3061 3676 3125 καλῶς
3731 3084 3820 3119 πεο

2183 3155 2440 3214 πονθότες
2453 3199 2465 3222 ,

2531 3151 2636 3208 ἔδει
2707 3151 2764 3208 δὲ
2828 3155 2955 3217 τοὺς
3021 3155 3421 3228 κεκρατηκότας
3511 3155 3615 3229 οὐχ
3705 3154 3824 3208 ὅσον

432 3242 488 3294 et
520 3236 752 3292 urbium
781 3241 838 3292 et
863 3236 1183 3306 regionum,
1217 3243 1276 3295 et
1305 3241 1572 3298 omnium
1604 3222 1731 3314 quas
1766 3243 1882 3302 illis
1912 3222 2072 3304 erant

2192 3241 2370 3298 ὅπλων
2403 3243 2489 3297 καὶ
2521 3240 2732 3311 ⁸ίαιτπων,
2773 3240 2919 3296 ἀλλά
2959 3242 3047 3296 καὶ
3097 3241 3312 3297 πόλεων
3362 3241 3450 3296 καὶ
3500 3246 3706 3316 χωρῶν
3737 3241 3823 3296 καὶ

431 3324 704 3382 dominos
735 3325 860 3381 fieri
893 3330 950 3382 et
984 3331 1178 3398 postea
1224 3328 1345 3384 haec
1374 3332 1573 3401 partiri
1629 3333 1779 3389 inter
1807 3336 2030 3408 seipsos
2057 3357 2070 3406 ;

431 3419 489 3472 et
519 3415 644 3472 haec
675 3415 912 3486 quidem
944 3415 1050 3472 hoc
1083 3418 1253 3473 modo
1288 3419 1485 3490 partiti
1533 3431 1690 3478 sunt.
1725 3425 1834 3488 Qui
1880 3442 1947 3482 ex
1985 3427 2074 3484 Si-

431 3504 564 3560 cilia
592 3508 872 3560 venerant
892 3505 1138 3561 urbibus
1161 3507 1322 3576 potiti
1355 3507 1470 3564 illic
1493 3511 1705 3567 morari
1725 3517 2073 3581 statuerunt,

437 3593 528 3648 hic
556 3593 1062 3649 seconstituentes
1117 3594 1214 3649 ubi
1271 3603 1438 3653 erant
1487 3606 1853 3658 mortuorum
1913 3605 2076 3676 pueri

439 3682 496 3736 et
524 3682 840 3754 conjuges;
874 3699 1051 3752 equos
1073 3689 1268 3740 autem
1301 3691 1358 3741 et
1395 3703 1553 3743 arma
1583 3695 1640 3744 et
1677 3707 1911 3748 omnem
1944 3693 2077 3750 belli

439 3775 786 3842 apparatum
817 3771 1003 3828 Persas
1035 3772 1386 3830 habuerunt.
1423 3776 1578 3833 Esto.

511 4046 620 4101 Sed
655 4063 784 4104 cum
837 4048 1230 4108 Triballorum
1284 4053 1554 4127 princeps
1608 4055 1822 4114 foedera
1872 4059 2082 4118 Roma-

445 4153 652 4192 norum
683 4141 1089 4210 transgressus
1117 4145 1292 4207 esset,
1325 4148 1381 4198 et
1411 4150 1710 4216 propterea
1732 4149 1903 4218 juxta
1952 4150 2083 4208 Per-

445 4241 538 4279 sae
560 4226 767 4280 morari
785 4231 1052 4296 tentaret,
1089 4230 1242 4300 quod
1280 4237 1568 4291 nostrates
1594 4237 1833 4293 minime
1858 4240 2087 4310 permit-

445 4314 644 4368 tebant
674 4316 802 4384 (nos
832 4317 987 4371 enim
1020 4320 1362 4389 attentavit),
1388 4325 1566 4378 armis
1596 4341 1744 4394 opus
1777 4327 1883 4382 fuit
1902 4335 1957 4384 et
1979 4347 2089 4385 ma-

446 4403 646 4471 nibus,
679 4409 754 4470 et,
799 4406 1076 4476 utrinque
1105 4408 1259 4463 inter
1305 4426 1364 4464 se
1413 4414 1732 4482 conjuncti,
1765 4416 1822 4471 in
1875 4420 2090 4475 monti-

447 4491 556 4547 bus
595 4491 830 4548 illorum
872 4493 1249 4573 dimicabant.
1295 4501 1432 4554 Cum
1484 4509 1702 4572 autem,
1734 4504 1886 4561 bello
1917 4507 2086 4565 vehe-

2187 3333 2400 3386 πάντων
2455 3337 2560 3384 τῶν
2630 3330 2850 3393 ἐκείνοις
2917 3330 3230 3408 προσόντων
3291 3329 3484 3394 αὐτοὺς
3532 3331 3824 3408 γεγονότας

2186 3422 2405 3496 κυρίους
2466 3419 2626 3476 ἔπειτ’
2697 3433 2749 3475 εν
2817 3421 2994 3499 σφίσιν
3062 3419 3245 3482 αὐτοῖς
3313 3421 3466 3475 ταυτὶ
3535 3418 3822 3487 διελέσθαι,

2189 3509 2457 3566 διείλοντο
2498 3510 2587 3564 καὶ
2627 3515 2794 3565 ταῦτα
2833 3510 3020 3585 τρόπῳ
3057 3507 3272 3582 τοιῷδε.
3312 3510 3378 3568 Οἱ
3431 3511 3524 3582 μὶν
3569 3509 3628 3566 ἐκ
3672 3517 3824 3566 Σικε-

2188 3600 2310 3662 λίας
2368 3601 2707 3673 ὁρμώμενοι,
2768 3603 2863 3662 τὰς
2930 3600 3118 3661 πόλεις
3187 3598 3422 3667 ἑλόντες,
3504 3601 3668 3655 αὐτοῦ
3727 3621 3826 3654 που

2193 3692 2368 3763 μὲνειν
2421 3687 2493 3744 ἔτ’
2551 3689 2721 3761 ᾤοντο
2777 3687 2909 3758 δεῖν,
2969 3689 3084 3744 ἀντὶ
3137 3693 3245 3744 τῶν
3288 3687 3662 3745 ἀπολωλότων
3714 3694 3826 3748 ταῖς

2190 3780 2395 3834 τούτων
2438 3777 2641 3852 γυναιξῖ
2699 3780 2788 3833 καὶ
2846 3779 3028 3833 παισὶν
3089 3777 3243 3832 αὐτοὶ
3301 3780 3690 3840 καταστάντες.
3741 3775 3824 3831 vix,

2191 3889 2285 3924 ποι
2317 3866 2373 3923 δὲ
2414 3868 2503 3924 καὶ
2556 3867 2722 3938 ὅπλα,
2768 3867 2857 3922 καὶ
2910 3867 3051 3922 πᾶσά
3094 3889 3175 3929 τις
3223 3868 3360 3939 πρὸς
3413 3868 3600 3946 μάχην
3657 3888 3827 3940 1:19:-

2195 3958 2380 4025 σκευὴ,
2417 3956 2643 4031 Πέρσαις
2668 3958 2734 4025 ἦν
2766 3957 2900 4028 (14).
2935 3957 3075 4015 Εἶεν.

2264 4051 2371 4103 Τοῦ
2412 4043 2468 4101 δὲ
2515 4042 2837 4121 Τριϐαλλῶν
2899 4050 3163 4124 ἄρχοντος
3225 4049 3338 4119 (15)
3385 4047 3452 4100 τα
3509 4045 3645 4119 πρὸς
3693 4051 3826 4099 Ῥω-

2200 4135 2395 4209 μαίους
2437 4136 2792 4206 ἠθετηκότος,
2845 4136 2927 4188 καὶ
2981 4134 3067 4189 διὰ
3124 4140 3284 4190 τοῦτο
3334 4139 3430 4190 τοῦ
3485 4134 3579 4206 μὲν
3629 4136 3832 4208 Πέρσας

2196 4227 2320 4302 περὶ
2362 4226 2714 4280 ὖποκίσασθαι
2761 4228 2870 4297 (16)
2920 4227 3284 4300 πειρωμενου,
3316 4229 3425 4280 τῶν
3467 4222 3512 4278 δ’
3554 4224 3832 4298 ἡμετέρων

2198 4318 2374 4386 ἥκιστ’
2446 4317 2656 4372 ἐώντων
2722 4316 2830 4390 (ἐπὶ
2901 4318 3002 4392 γὰρ
3067 4319 3224 4390 ἡμῶν
3287 4315 3585 4392 ἐπειρᾶτο),
3653 4315 3838 4370 ὃπλων

2198 4405 2381 4476 ἐδέησε
2429 4409 2518 4461 καὶ
2550 4413 2778 4482 χειρῶν,
2835 4409 2946 4474 καὶ,
3005 4403 3369 4478 ξυμϐαλόντες
3430 4403 3731 4475 ἀλλήλοις,
3789 4403 3840 4458 ἐν

2198 4503 2314 4558 τοῖς
2351 4496 2564 4552 ἐκείνων
2617 4497 2791 4569 ὁρίοις
2842 4495 3135 4570 ἐμάχοντο.
3169 4500 3277 4552 Τοῦ
3309 4492 3365 4550 δὲ
3415 4494 3662 4567 πολέμου
3713 4513 3840 4566 καρ-

451 4586 679 4637 menter
713 4581 969 4653 incenso,
1023 4583 1252 4642 barbari
1336 4590 1648 4660 asperitate
1722 4595 1978 4666 regionis
2036 4614 2066 4654 e

2209 4592 2367 4661 τερυῦ
2426 4587 2776 4661 γιγνομένου,
2832 4586 2919 4640 καῖ
2978 4590 3085 4639 τῶν
3167 4585 3260 4656 μὶν
3325 4581 3612 4661 βαρϐάρων
3665 4588 3736 4658 τῇ
3793 4603 3847 4636 τε

447 4685 656 4726 eorum
673 4672 1215 4738 consuetudinibus,
1237 4677 1507 4732 maximis
1527 4680 1798 4751 equidem
1821 4684 2099 4743 adversus

451 4775 554 4814 nos
603 4759 984 4830 adjumentis,
1020 4767 1341 4831 uterentur,
1382 4772 1438 4821 et
1489 4767 1634 4824 nihil
1685 4773 1907 4840 paciﬁci
1942 4776 2097 4846 cogi-

453 4851 665 4917 tarent,
701 4865 805 4906 nos
838 4867 967 4906 vero
992 4850 1118 4922 jam
1169 4853 1240 4908 ad
1288 4853 1433 4910 nihil
1485 4874 1751 4916 essemus
1791 4863 2022 4920 adducti
2050 4875 2101 4920 et

453 4938 508 4991 in
541 4938 827 5010 angustiis
857 4942 1170 5011 staremus,
1204 4941 1284 4998 ita
1314 4942 1436 5000 hac
1481 4950 1766 5005 convertit
1811 4951 2098 5008 Chandre~

459 5044 593 5095 nus,
627 5045 780 5084 nunc
814 5044 914 5101 per
936 5029 1216 5089 militares
1248 5031 1590 5104 industriae,
1644 5056 1798 5096 nunc
1844 5057 1944 5113 per
1987 5059 2102 5099 ma-

670 5222 826 5300 Quos
860 5227 1022 5300 vocat
1052 5224 1420 5300 προσχώρους
1442 5224 1687 5289 Ἰταλοὺς
1725 5230 1906 5286 Latini
1947 5243 2100 5300 sunt,

456 5292 752 5372 Gualterio
793 5292 1152 5372 {athenarum
1199 5292 1347 5353 'Du'ci
1393 5313 1681 5370 parentes,
1715 5318 1861 5372 quos
1916 5307 1948 5360 ὸ,
1997 5292 2102 5361 Ca;

457 5365 858 5490 talagis6ca‘de
890 5365 1111 5439 ingenti
1153 5372 1336 5427 statos
1383 5365 1575 5427 narrat
1625 5365 1905 5445 Gregoras
1956 5377 2099 5434 Hist.

676 5508 862 5586 gopiaa
895 5509 1118 5586 scilice_t
1154 5513 1332 5586 Latini
1369 5513 1644 5586 principis
1677 5517 1976 5574 Gualterii.

537 5578 644 5646 (ti)
681 5578 855 5660 Erant
882 5581 1033 5637 enim
1068 5583 1238 5638 Turci
1275 5587 1328 5640 in
1364 5578 1461 5641 illa
1491 5578 1854 5660 expeditione
1884 5591 2109 5648 Catala-

469 5661 674 5701 norum
709 5651 894 5708 socii..

2208 4675 2512 4750 τραχύτητι
2553 4680 2647 4730 τοῦ
2691 4674 2900 4750 χωρίου
2941 4679 3016 4747 τῷ
3053 4695 3110 4729 τε
3161 4675 3405 4747 ξυνήθεις
3456 4674 3649 4735 αὐτοὺς
3691 4674 3846 4730 εἶναι.

2215 4768 2487 4842 μεγίστοις
2565 4766 2926 4839 ὁρμητηρίοις
3012 4765 3129 4818 καθ’
3198 4766 3380 4836 ἡμῶν,
3467 4763 3846 4838 κεχρημένων,

2210 4856 2298 4910 καὶ
2353 4854 2568 4928 μέτριον
2617 4852 2788 4928 μηδὲν
2837 4853 3150 4921 ἐνοούντων,
3199 4855 3358 4924 ἡμῶν
3408 4850 3457 4908 δ’
3505 4851 3580 4913 είς
3625 4853 3684 4906 τὸ
3740 4873 3848 4923 μη-

2213 4941 2295 4999 δὲν
2351 4942 2458 5014 ἤδη
2519 4944 2848 5018 χωρούντων
2906 4943 2993 4998 καὶ
3046 4948 3162 5005 τοῖς
3219 4941 3374 5003 ὅλοις
3444 4940 3849 5014 ἀπορουμένων,

2212 5033 2354 5089 οὕτω
2412 5037 2578 5089 ταῦτα
2637 5034 2952 5108 περιέστησε
3002 5035 3112 5106 (27)
3165 5030 3499 5107 Χαρδρηνὸς,
3549 5036 3708 5085 τοῦτο
3759 5032 3853 5102 μὲν

2285 5239 2402 5304 (15)
2438 5238 2574 5291 Vide
2607 5238 2843 5306 Niceph.
2887 5238 3200 5308 Gregordm
3236 5236 3379 5291 Hist.
3416 5236 3590 5303 vn,8.
3631 5236 3675 5288 1.

2283 5310 2396 5390 (ιο)
2428 5311 2522 5398 Sic
2557 5310 2683 5365 cod.
2736 5309 2881 5398 Quid
2918 5309 3233 5398 (scripserit
3287 5313 3490 5364 auctor
3540 5322 3690 5361 nunc
3749 5321 3855 5360 non

2213 5379 2446 5435 extriw.
2485 5382 2697 5436 Forsan
2729 5379 2879 5453 πέριξ
2913 5379 3289 5434 ὑποκίσασθαι.

2284 5453 2398 5521 (17)
2436 5457 2508 5505 .\n
2539 5454 2657 5507 htrc
2688 5449 2992 5506 Servorum
3024 5469 3088 5507 ac
3117 5453 3435 5506 Turcorum
3465 5465 3598 5505 eum
3635 5449 3856 5512 Graecis,

2219 5523 2564 5580 Chandreno
2614 5525 2782 5588 duce,
2833 5541 3025 5596 pugna
3097 5525 3169 5578 ab
3239 5522 3526 5578 historicis
3556 5535 3860 5596 _memore~

2218 5601 2313 5668 tur
2379 5613 2577 5668 gnoro,
2639 5597 2798 5666 Silet,
2833 5594 3004 5668 quem
3053 5611 3263 5668 unum,
3295 5594 3567 5668 nunc‘ad
3625 5605 3856 5668 manum

2219 5662 2424 5730 haberi,
2457 5662 2756 5739 Gregoras,
2785 5662 2914 5724 silet
2947 5675 3020 5736 et,
3054 5682 3228 5740 quem
3254 5665 3478 5738 inspexi
3521 5666 3661 5720 Arne
3689 5662 3838 5719 Ihon
