3986 6228
208 426 296 488 365
1309 425 1600 488 ORATIO
1644 430 1796 490 PRO
1841 429 2342 492 CHANDRENO.

3409 430 3526 491 366

208 566 514 636 στρατηγικαῖς
572 559 856 624 ἐπινοίαις.
915 566 1076 617 τοῦτο
1136 558 1194 616 δὲ
1253 567 1456 636 χειρῶν
1535 561 1769 634 εὐψυχία

1915 581 1998 620 ius
2023 566 2420 620 strenuitatem
2437 570 2495 620 et
2509 565 2895 632 audaciam,et
2915 563 3286 619 solusomnia
3310 581 3528 636 susque

203 652 264 706 καί
303 650 595 723 τόλμῃ,καὶ
652 655 730 721 τῷ
791 654 956 722 μόνος
1013 650 1118 706 ἅνω
1163 652 1250 706 καὶ
1303 651 1450 705 κάτω
1510 652 1620 705 θεῖν
1677 653 1766 704 καὶ

198 737 721 813 παρακελεύεσθαι,καὶ
775 737 956 816 ἔργοις
1003 742 1094 795 καὶ
1144 740 1334 814 λόγοις
1385 739 1548 813 μόνος
1587 739 1767 794 ὥσπεό

192 835 314 884 πᾶσιν
354 829 582 902 ἐμπνεῖν,
643 830 732 884 καὶ
792 833 928 904 πρὸς
995 834 1254 886 τοσοῦτον
1315 828 1516 899 ἤλασεν
1575 830 1768 903 ἀρετῆς

183 940 228 973 τε
267 919 340 972 καί
382 919 574 994 τύχης,
607 917 735 974 ὥστ’
765 919 827 974 ού
861 921 1026 992 μόνον
1051 921 1147 983 τὰς
1174 925 1274 988 τῆς
1321 919 1476 988 νίκης
1520 915 1766 987 ἐλπίδας,

184 1005 299 1062 ἆλλᾶ
337 1009 416 1063 καὶ
458 1008 549 1069 τας
588 1007 755 1064 αὐτοῦ
803 1013 901 1064 τοῦ
936 1013 1031 1082 ζῇν
1068 1006 1254 1088 σφόδρ’
1286 1009 1474 1069 αὐτοῖς
1508 1007 1770 1080 περιεῖλε,

180 1101 263 1152 τῶν
292 1098 376 1170 μὲν
420 1097 630 1152 οἰκείων
683 1097 851 1171 μηδὲν
897 1093 1320 1169 ἀποϐεϐληκὼς,
1350 1101 1459 1151 τῶν
1501 1094 1558 1151 δὲ
1602 1097 1772 1152 πολε-

185 1189 294 1256 μίων
338 1185 458 1248 τοὺς
517 1189 610 1259 μὲν
667 1187 890 1249 πλείους
945 1185 1373 1262 διειργασμένος,
1435 1186 1770 1262 τραυματίας

183 1272 224 1329 δὲ
246 1275 320 1330 καί
348 1273 578 1353 φυγάδας
605 1275 734 1336 τοὺς
767 1275 992 1337 λοιποὺς
1021 1277 1394 1350 εἰργασμένος.

236 1362 432 1434 Ἐπειδὴ
497 1371 630 1420 πᾶσι
695 1366 912 1427 τούτοις
986 1363 1104 1420 δέον
1159 1366 1321 1420 αύτὸν
1389 1366 1770 1441 στεφανοῦσθαι

182 1453 246 1508 καὶ
294 1457 455 1527 γερῶν
510 1452 832 1523 ἀπολαύειν,
887 1454 977 1509 κοί
1034 1453 1222 1508 τοῦτόν
1309 1475 1368 1508 τε
1446 1453 1628 1520 αὐτὸν,
1687 1453 1776 1506 καὶ

183 1543 385 1604 πολλοὺς
437 1544 653 1617 ἑτέρους
715 1540 784 1597 δι’
840 1542 1022 1612 αὐτὸν,
1067 1544 1318 1617 πράττειν
1369 1541 1444 1608 εὖ,
1489 1544 1516 1596 ὁ
1575 1539 1630 1596 δὲ
1687 1540 1777 1594 καὶ

187 1631 646 1706 τροσαπεστέρηται
700 1637 809 1686 τῶν
855 1631 1049 1700 ὄντων,
1101 1629 1284 1706 ὥσπερ
1329 1653 1411 1693 τις
1460 1632 1526 1685 τὰ
1576 1626 1780 1708 ἔσχατα

187 1720 630 1794 πεπονηρευμένος.
683 1720 810 1790 Καὶ,
861 1719 902 1774 εἷ
958 1721 1054 1793 μὲν
1125 1719 1418 1793 προδοσίας
1469 1719 1636 1786 ἑάλω,
1683 1719 1782 1773 ούκ

1341 1807 1363 1826 εκ

186 1806 308 1864 οἶδὸ
358 1831 406 1863 τι
467 1815 654 1882 μεῖζον
717 1809 776 1864 ἃν
837 1809 1154 1865 ἐπεπόνθειο
1189 1816 1276 1864 νῦν
1337 1807 1383 1863 δ’
1435 1809 1565 1883 ὑπὲρ
1617 1811 1776 1882 ἡμῶν

1878 655 2064 726 deque
2095 655 2324 710 mittere
2357 655 2736 720 adhortando,
2770 665 2822 709 et
2855 653 3016 708 solus
3047 653 3195 708 actis
3247 658 3305 709 et
3337 653 3529 710 verbis

1878 744 2041 814 quasi
2083 761 2288 799 omnes
2345 743 2710 813 inspirando,
2772 747 2827 798 et
2884 743 2954 796 ad
3009 747 3237 797 tantum
3291 743 3528 797 virtutis

1879 850 1944 889 ac
1977 834 2216 888 fortunas
2240 835 2522 898 ascendit,
2560 838 2620 886 ut
2651 850 2764 886 non
2803 830 2994 887 solum
3036 832 3310 898 victoriae,
3343 833 3442 886 sed
3473 839 3534 887 et

1879 922 2067 994 ipsius
2095 925 2222 978 vitae
2251 940 2414 992 spem
2449 921 2566 977 illis
2589 922 2821 992 penitus
2852 919 3182 986 abstulerit,
3213 926 3268 974 et
3301 920 3526 976 nullum

1881 1027 1949 1067 ex
2005 1013 2130 1068 suis
2187 1014 2473 1081 amiserit,

1883 1101 2114 1167 delevit,
2146 1101 2232 1157 vel
2266 1102 2598 1158 vulneratos
2631 1101 2690 1154 in
2726 1101 2918 1171 fugam
2955 1100 3142 1154 vertit.

2561 1012 2700 1065 dum
2772 1011 2961 1065 hostes
3023 1009 3324 1082 plerosque
3372 1011 3524 1065 ferro

1956 1372 2099 1426 Cum
2129 1374 2324 1424 autem
2356 1367 2672 1437 Oportuerit
2699 1364 2866 1420 illum
2906 1363 2998 1420 his
3040 1363 3312 1418 omnibus
3357 1377 3530 1417 coro-

1887 1463 2012 1518 nari
2043 1467 2099 1516 et
2127 1459 2378 1532 praemiis
2413 1459 2651 1528 perfrui,
2685 1462 2742 1510 et
2769 1455 2985 1523 ipsum.
3019 1459 3072 1508 et
3105 1453 3322 1508 multos
3381 1449 3529 1505 alios

1889 1567 1990 1623 per
2019 1551 2235 1620 ipsum,
2270 1547 2570 1602 beneficiis
2600 1546 2819 1612 ornari,
2865 1543 3117 1613 prOpriis
3161 1543 3254 1597 hic
3300 1540 3533 1596 exuitur

1889 1641 2057 1696 bonis
2079 1654 2246 1710 quasi
2293 1635 2496 1690 ultima
2525 1634 2743 1689 scelera
2779 1637 3186 1702 perpetrasset.
3218 1631 3308 1696 Et,
3331 1631 3378 1683 si
3403 1645 3534 1697 pro-

1889 1730 2125 1786 ditionis
2147 1743 2280 1783 reus
2304 1725 2528 1790 fuisset,
2556 1723 2747 1778 nescio
2780 1740 2850 1776 an
2890 1722 3121 1791 gravius
3153 1720 3292 1790 quid
3328 1734 3536 1788 passus

1891 1821 2053 1874 foret.
2079 1819 2382 1885 Postquam
2414 1823 2602 1868 autem
2636 1829 2738 1883 pro
2771 1810 2939 1866 nobis
2988 1816 3046 1864 et
3094 1809 3309 1863 nostris
3361 1807 3538 1862 rebus

181 1899 248 1952 καί
293 1904 390 1954 τῶν
450 1899 740 1975 ἡμετέρων
799 1900 1129 1975 πραγμάτων
1187 1899 1237 1954 ἐν
1293 1900 1448 1954 παντὶ
1496 1903 1576 1970 τῷ
1602 1918 1782 1971 παρα-

1917 1927 1951 1964 n
1981 1907 2139 1965 omni
2165 1904 2464 1962 occasione
2497 1901 2868 1974 prmelariora
2903 1899 3288 1968 praesentibus
3321 1902 3378 1951 et
3425 1911 3540 1950 caa-

183 1988 331 2062 οχόντι
377 1990 756 2063 φαινερώτατα
806 1990 912 2044 uin
961 2011 1020 2044 τε
1068 1994 1158 2044 νῦν
1205 1994 1313 2044 τῶν
1345 2009 1401 2043 τε
1432 1987 1617 2042 ἄλλων
1651 1989 1786 2041 πάν-

179 2097 260 2131 των
308 2077 705 2151 ἠγωνισμένος,
736 2077 825 2132 καὶ
889 2080 1122 2151 μονονοὺ
1179 2079 1482 2152 προέμενος
1539 2079 1638 2146 τὴν
1685 2080 1783 2150 ψυ-

187 2166 290 2238 χὴν,
338 2163 517 2220 ἔπειτα
573 2167 742 2228 κακὸς
804 2165 936 2220 εἶναι
991 2164 1160 2236 δοκεῖ,
1220 2167 1248 2220 ὁ
1305 2165 1431 2229 τοὺς
1481 2165 1568 2220 ὑπ’
1628 2164 1786 2218 αὐτὸν

188 2253 474 2327 στρατιώτας
527 2263 634 2324 τῆς
682 2276 740 2310 τε
786 2254 964 2326 ἄλλης
1011 2256 1097 2310 καὶ
1147 2253 1212 2324 δὴ
1277 2255 1366 2309 καὶ
1413 2261 1512 2322 τῆς
1564 2253 1615 2315 ἐς
1663 2254 1788 2313 τοὺς

186 2345 448 2420 πολεμίους
493 2346 818 2418 ἀπαλλάξας
867 2347 1076 2414 κακίας,
1126 2347 1216 2402 καὶ
1275 2347 1460 2408 πείσας
1515 2347 1606 2400 τὸν
1659 2347 1789 2418 ὑπὶρ

183 2445 260 2508 τῆς
307 2448 487 2510 κοινῆς
528 2440 830 2514 ἀσφαλείας
875 2442 1094 2496 θάνατον
1151 2441 1544 2514 προτιμότερον
1591 2436 1788 2512 κρίνειν

180 2535 258 2596 τῆς
297 2529 711 2605 Ἀργανθονίκου
773 2536 940 2599 ζωῆς.
997 2529 1094 2584 Καὶ
1168 2531 1303 2602 πρὸς
1366 2530 1456 2599 μὲν
1523 2527 1617 2589 οὖς
1667 2527 1786 2580 Exi-

182 2639 309 2674 ποτε
379 2622 742 2694 παρετάξατο,
817 2617 978 2696 ἄνδρα
1068 2619 1262 2694 ἀγαθὸν
1347 2621 1517 2672 πάντα
1600 2621 1790 2670 τοῦτον

179 2711 408 2783 ἡγοῦνται
438 2710 528 2764 καὶ
563 2709 930 2782 θαυμάζουσι,
959 2709 1049 2763 καὶ
1079 2713 1196 2770 τοῖς
1236 2729 1291 2762 τε
1340 2706 1528 2782 ἔχουσι
1562 2705 1794 2782 συγχαί-

184 2817 329 2870 ρουσι,
380 2799 527 2877 σφίσι
584 2819 647 2854 τε
712 2799 896 2860 αὐτοῖς
973 2799 1253 2858 τοιούτους
1323 2795 1386 2866 δή
1448 2817 1596 2857 τινας
1651 2793 1795 2868 ἔχειν

183 2892 539 2962 συνεύχονται·
606 2890 770 2960 ἡμεῖς
831 2884 906 2955 δὲ,
965 2887 1012 2941 εἰ
1072 2883 1241 2960 μηδὲν
1301 2884 1462 2952 ἄλλο,
1517 2882 1645 2956 μηδ’
1703 2883 1794 2945 οὒς

186 2975 294 3050 ύπὶρ
350 2980 512 3050 ἡμῶν
571 2975 866 3037 πλείστους
912 2997 970 3030 τε
1026 2976 1112 3031 καὶ
1170 2974 1502 3036 καλλίστους
1569 2975 1794 3050 ἤνεγκεν

181 3063 352 3127 ἔθλους
410 3067 501 3120 καὶ
559 3067 664 3134 τήν
715 3062 802 3119 διὰ
859 3066 1068 3120 πάντων
1125 3065 1438 3137 θαυμαστήν
1513 3061 1794 3138 εὐψυχίαν,

181 3155 262 3222 τὴν
313 3160 440 3227 γοῦν
498 3155 650 3230 παρὰ
705 3154 916 3230 ἐχθρῶν
984 3152 1301 3227 μαρτυρίαν,
1361 3152 1435 3214 ὡς
1495 3151 1658 3220 εἰκὸς,
1713 3151 1798 3205 αἱ·

181 3240 443 3316 διαθέντες,
506 3244 574 3299 οὐ
629 3237 976 3318 βεϐαιοτέραν
1035 3243 1234 3312 ταύτην
1291 3246 1397 3296 τῶν
1448 3244 1796 3316 συκοφαντῶν

182 3338 474 3406 νομιοῦμεν,
511 3331 664 3389 ἀλλὰ
721 3331 1180 3408 καταγνωσόμεθα
1242 3329 1552 3405 μοχθηρίαν
1612 3329 1800 3396 αὐτοῦ,

183 3419 248 3489 ὃν,
277 3421 317 3476 εἰ
359 3425 434 3496 μή
489 3422 768 3495 λαμπρῶς
818 3421 1154 3495 ἐπαινοῖμεν,
1189 3419 1505 3497 μοχθηρίαν
1560 3423 1662 3480 πᾶς
1720 3439 1801 3480 τις

183 3509 230 3562 ἂν
259 3513 407 3584 ἡμῶν
440 3510 800 3585 καταγνοίης.

242 3600 308 3654 Σὺ
363 3598 418 3654 δὲ
481 3600 756 3675 μάχεσθαι
817 3600 910 3671 μὲν
983 3599 1072 3654 καὶ
1145 3598 1404 3671 πολεμεῖν
1473 3602 1589 3660 τοῖς
1645 3595 1804 3658 αὐτὸς

185 3694 374 3759 σαυτοῦ,
405 3691 494 3744 καὶ
549 3693 737 3750 κακῶς
780 3695 954 3744 ποιεῖν
1003 3688 1037 3742 ἃ
1077 3690 1263 3749 καλῶς
1306 3691 1519 3742 πάντων
1569 3685 1806 3759 μάλιστα

188 3779 375 3852 βούλει,
409 3781 512 3836 οὐκ
569 3780 630 3834 ἃν
694 3777 868 3849 δέξαιο
892 3797 905 3809 ·
939 3777 1028 3834 ἐὰν
1082 3777 1128 3834 δ’
1159 3779 1192 3833 ἃ
1233 3778 1480 3854 λέγουσιν
1511 3775 1660 3830 οὗτοι
1691 3798 1806 3830 πει-

187 3871 295 3942 σθῇς
341 3870 432 3924 καὶ
488 3871 560 3925 τὰ
620 3873 730 3922 τῶν
792 3870 1071 3943 βασκάνων
1149 3868 1392 3942 στόματα
1449 3871 1632 3940 περιῇ,
1693 3870 1808 3926 πῶς

189 3959 271 4014 οὐκ
296 3961 450 4023 αὐτὸς
490 3965 658 4016 τοῦτο
697 3961 978 4029 ποιήσεις,
1009 3960 1098 4013 καὶ
1143 3961 1527 4032 στμμαχήσεις
1579 3959 1810 4029 ὡσπερεὶ

186 4055 284 4112 τοῖς
339 4049 590 4125 ἐχθροῖς,
625 4048 659 4102 ’ἀ
710 4048 885 4127 σφίσιν
945 4047 1128 4109 αὐτοῖς
1177 4049 1499 4120 συνεύξαιντ⁹
1533 4047 1593 4102 ἂν
1640 4048 1810 4112 οὗτοι,

189 4143 318 4194 ταῦτ’
373 4141 535 4201 αὐτὸς
597 4138 649 4194 ἐν
711 4138 924 4202 τούτοις
981 4136 1194 4206 τελῶν;
1254 4140 1345 4200 Τίς
1402 4138 1504 4214 γὰρ
1564 4132 1637 4194 ἔθ’
1681 4137 1810 4207 ὑπὲρ

189 4249 268 4282 σού
339 4231 644 4305 προθύμως
715 4230 1040 4304 ἀγωνιεῖται,
1101 4230 1189 4283 καὶ
1249 4223 1645 4301 παραϐαλεῖται
1721 4227 1815 4298 μὲν

188 4319 304 4389 πρὸς
359 4316 672 4380 κινδύνους,
707 4319 1100 4394 ὑπερφρονήσει
1158 4313 1216 4372 δὲ
1269 4323 1368 4384 τῆς
1427 4321 1592 4386 ζωῆς,
1644 4315 1818 4370 πάντα

189 4401 236 4461 δὲ
261 4405 435 4463 τᾶλλα
466 4405 694 4480 δεύτερα
725 4411 829 4482 φοῦ
877 4412 1081 4478 νομιεῖ,
1115 4407 1256 4480 ὁρῶν
1302 4406 1392 4460 τὸν
1440 4410 1546 4460 τῶν
1586 4404 1822 4478 στρατη-

187 4500 288 4567 γῶν
340 4495 587 4570 ἄριστον,
623 4495 761 4567 μετᾶ
816 4495 909 4556 τὰς
968 4493 1184 4558 πολλὰς
1214 4496 1303 4548 καὶ
1343 4493 1586 4571 μεγάλας
1640 4493 1819 4566 μάχας

187 4587 264 4637 καὶ
309 4587 548 4657 τρόπαια
600 4585 687 4637 καὶ
739 4582 863 4644 τοὺς
912 4583 1283 4657 ἀνῃρημένους
1343 4580 1668 4657 βαρϐάρους,
1734 4570 1822 4636 ὑπ’

1897 1998 2038 2055 teris
2059 1995 2331 2054 omnibus
2355 1991 2672 2048 certamina
2684 1990 2978 2046 commisit
2993 1994 3291 2042 ettantum
3315 2003 3429 2040 non
3452 1984 3539 2038 vi-

1895 2093 2016 2144 tam
2039 2085 2284 2150 devovit,
2309 2088 2443 2138 tunc
2464 2082 2514 2136 is
2536 2095 2839 2150 perversos
2861 2077 3088 2132 videtur
3107 2076 3206 2147 qui
3257 2091 3395 2129 suos
3440 2073 3538 2128 mi-

1899 2175 2031 2231 lites
2061 2173 2131 2228 ab
2163 2172 2410 2228 aliorum
2441 2186 2508 2224 ac
2539 2167 2795 2224 hostium
2821 2165 3198 2237 perversitate
3230 2161 3532 2233 propulsa—

1899 2266 1998 2332 vit,
2030 2267 2086 2318 et
2114 2262 2197 2317 eis
2221 2261 2410 2316 suasit
2451 2263 2696 2313 mortem
2726 2273 2824 2327 pro
2857 2254 3122 2311 omnium
3155 2252 3341 2307 salute
3373 2266 3544 2306 acce-

1899 2360 2060 2425 ptam
2086 2350 2364 2422 potiorem
2379 2364 2505 2402 esse
2529 2345 2851 2400 ducendam
2864 2341 3304 2414 Arganthonica
3325 2339 3456 2394 vita.
3474 2338 3546 2394 Et

1903 2457 2106 2498 omnes
2133 2445 2333 2493 contra
2363 2453 2508 2508 quos
2542 2435 2756 2504 ubique
2786 2431 3124 2497 decertavit,
3149 2430 3315 2485 illum
3351 2430 3542 2486 virum

1903 2533 2121 2585 bonum
2150 2532 2390 2582 censent
2430 2530 2486 2581 et
2535 2523 2844 2591 mirantur,
2869 2527 2928 2576 et
2977 2521 3095 2576 illis
3125 2522 3221 2590 qui
3274 2535 3407 2573 eum
3441 2517 3548 2571 ha-

1903 2624 2040 2676 bent
2068 2615 2570 2690 congratulantur,
2603 2619 2662 2668 et
2693 2611 2864 2667 talem
2894 2611 3084 2666 virum
3135 2608 3390 2679 sibiipsis
3420 2622 3547 2662 esse

1903 2713 2178 2767 exorant:
2211 2723 2318 2761 nos
2348 2721 2502 2771 vero,
2539 2704 2647 2758 nisi
2673 2701 2830 2757 aliud
2859 2700 3199 2772 quidquam,
3224 2713 3328 2751 nec
3361 2695 3546 2750 multa

1903 2818 1970 2857 ac
2001 2798 2390 2872 pulcherrima
2419 2810 2544 2866 quae
2575 2809 2676 2863 pro
2709 2791 2878 2846 nobis
2910 2788 3146 2859 pertulit
3178 2787 3308 2857 prml
3342 2794 3464 2853 a,et
3485 2786 3545 2840 in

1904 2889 2174 2946 omnibus
2207 2885 2530 2940 mirandam
2564 2881 2989 2944 strenuitatem,
3023 2877 3234 2932 saltem
3276 2874 3546 2930 inimico-

1907 2997 2032 3036 rum
2063 2973 2488 3040 testimonium,
2516 2976 2578 3028 ut
2626 2988 2726 3042 par
2770 2974 2872 3034 est,
2926 2966 3174 3030 reveriti,
3227 2979 3420 3020 nonne
3445 2961 3546 3016 illo

1908 3067 2137 3124 ﬁrmius
2169 3079 2294 3120 esse
2323 3062 2814 3118 calumniatorum
2848 3055 3253 3112 testimonium
3302 3051 3548 3108 arbitra-

1907 3159 2120 3224 bimur,
2153 3155 2253 3210 sed
2283 3170 2418 3210 eum
2460 3149 2869 3208 accusabimus
2919 3143 3320 3217 perversitatis,
3375 3130 3550 3213 quem

1909 3249 1956 3304 si
1991 3265 2102 3302 non
2138 3244 2410 3316 praeclare
2442 3242 2768 3308 laudemus,
2805 3253 2910 3293 nos
2959 3234 3208 3306 quisque
3266 3230 3546 3302 perversi-

1911 3340 2047 3396 tatis
2077 3333 2423 3392 accusaret?

1985 3609 2071 3664 Tu
2105 3605 2376 3676 equidem
2410 3600 2682 3654 adversus
2714 3595 2961 3663 teipsum
3012 3602 3269 3660 pugnare
3314 3600 3381 3640 ac
3430 3596 3557 3638 cer-

1917 3703 2057 3765 tare,
2090 3674 2320 3751 etmale
2359 3705 2526 3762 egere
2555 3703 2680 3758 quae
2712 3683 2958 3737 maxime
2989 3679 3252 3734 omnium
3284 3674 3369 3728 vis
3413 3674 3560 3726 bene

1918 3763 2115 3861 gerere
2146 3800 2258 3839 non
2293 3779 2655 3852 permitteres
2679 3791 2692 3828 :
2714 3773 2762 3827 si
2795 3778 2984 3826 autem
3009 3783 3138 3838 quis
3167 3765 3265 3820 isti
3295 3763 3498 3818 dicunt
3529 3776 3562 3814 a

1923 3856 1974 3934 te
2020 3893 2121 3948 pro
2168 3877 2320 3928 certo
2369 3868 2696 3923 habeantur
2743 3866 2800 3916 et
2847 3856 3336 3912 calumniatorum
3395 3864 3562 3906 voces

1924 3936 2288 4042 praevaleant,
2321 3957 2608 4028 quomodo
2651 3956 2755 4008 hoc
2777 3950 2900 4020 ipse
2934 3963 3048 4001 non
3081 3944 3272 4013 facies,
3306 3945 3364 3996 et
3397 3936 3564 4010 quasi

1925 4031 2025 4130 pro
2072 4050 2322 4110 inimicis
2367 4043 2695 4109 dimicabis,
2742 4055 2865 4110 quae
2915 4033 3294 4103 sibimetipsis
3324 4031 3570 4100 exopta—

1926 4117 2045 4203 i'ent
2087 4142 2207 4206 isti,
2258 4140 2376 4194 hinc
2425 4137 2548 4206 ipse
2595 4146 2751 4187 nunc
2798 4123 3167 4198 peragendo?
3213 4120 3353 4185 Quis
3408 4117 3566 4173 enim

1929 4235 2181 4310 posthaee
2213 4247 2311 4300 pro
2341 4235 2394 4282 te
2415 4220 2716 4295 pugnabit,
2750 4223 2806 4274 et
2840 4218 2898 4270 in
2942 4211 3265 4285 periculum
3300 4225 3428 4265 esse
3451 4207 3568 4308 'iu-

1929 4297 2090 4390 i‘eret,
2122 4297 2294 4376 vitam
2330 4312 2631 4385 despiciet.
2666 4307 2864 4364 omnia
2893 4313 3100 4360 caetera
3147 4306 3204 4356 te
3254 4297 3573 4369 posteriora

1929 4389 2307 4478 existimabit,
2348 4423 2480 4463 cum
2542 4400 2750 4456 viderit
2806 4395 3106 4467 egregium
3165 4392 3396 4478 durem,
3441 4389 3571 4457 post

1935 4502 2146 4558 multas
2176 4503 2234 4552 et
2258 4477 2540 4551 maximas
2571 4503 2795 4560 pugnas
2831 4489 2888 4538 et
2924 4487 3134 4553 trepzea
3164 4483 3220 4533 et
3256 4477 3451 4532 hostes
3483 4488 3571 4528 su-

1934 4595 2182 4666 peratos,
2217 4580 2627 4641 miserabiliter
2652 4578 2921 4632 vexatum
2980 4578 3044 4625 a‘
3079 4567 3432 4666 quibusdam
3454 4578 3573 4666 ὀο-

189 4672 478 4748 ἇλιτηρίων
534 4673 605 4744 δή
658 4678 819 4728 τινῶν
871 4672 1156 4752 δυστυχῶς
1202 4672 1584 4746 ἐλαυνόμενον,
1634 4677 1796 4727 κοινῶ

1938 4651 2095 4738 i‘ariis
2127 4675 2463 4733 hominibus
2513 4670 2612 4740 qui
2670 4671 2805 4722 sunt
2853 4658 3183 4718 communis
3246 4651 3574 4726 reipublica

187 4760 493 4839 ἀλαστόρων
525 4770 627 4831 τῆς
661 4762 963 4827 πολιτείας,
997 4764 1049 4816 εί
1095 4766 1179 4836 μή
1234 4763 1304 4816 σύ
1343 4783 1410 4837 γε
1450 4760 1677 4816 δύσεαι
1721 4759 1820 4816 αλ-

187 4856 275 4923 κήν
301 4859 410 4926 (18)
440 4875 454 4924 ;

251 4946 342 4999 Καὶ
376 4948 488 5017 μὴν
525 4944 572 5000 εί
623 4944 722 5018 μὶν
773 4946 995 5006 ἅπαντες
1053 4944 1398 5018 ἡμάρτομεν,
1433 4943 1616 5004 καλῶς
1675 4943 1822 5016 εὗρες

189 5034 295 5088 ὅθεν
319 5036 837 5108 ἡμᾶς,τιμωρήσῃο
893 5035 938 5088 εἰ
987 5032 1042 5088 δὲ
1073 5032 1228 5088 οὐδὲν
1267 5028 1414 5110 ἔχεις
1465 5031 1705 5105 ἐγκαλεῖν
1753 5037 1819 5106 τῇ

191 5123 486 5192 Φιλίππου,
524 5122 740 5196 μᾶλλον
783 5121 838 5178 δὲ
878 5127 947 5196 τῇ
994 5127 1212 5192 σαυτοῦ,
1245 5120 1391 5178 ἀλλᾶ
1435 5121 1522 5176 καὶ
1562 5121 1820 5190 πλείστην

193 5210 312 5282 ὅσην
362 5213 503 5288 αὐτῇ
550 5213 674 5288 περὶ
725 5213 782 5267 ait
824 5215 914 5268 τὸν
943 5213 1024 5267 ἀεὶ
1056 5213 1258 5286 χρόνον
1289 5209 1498 5266 εὔνοιαν
1549 5211 1816 5277 σύνοισθα,

193 5306 268 5357 καὶ
323 5303 586 5372 σπουδήν,
645 5305 734 5360 καὶ
784 5306 936 5360 πάντ’
992 5304 1052 5358 ἂν
1137 5305 1347 5378 ἐνέγκαι
1425 5301 1623 5379 ῥᾳδίως
1687 5305 1816 5375 ὑπὲρ

191 5397 278 5446 τοῦ
309 5399 403 5449 σοῦ
433 5399 788 5462 συνεστῶτος,
816 5397 894 5464 τί,
923 5396 1014 5449 τὸν
1054 5394 1214 5464 μόνον
1251 5391 1422 5461 αὐτῆς
1471 5393 1543 5454 ὼς
1593 5391 1816 5461 ἀληθῶς

194 5478 458 5556 πρόϐολον
520 5483 768 5557 ἐξαιρῶν,
793 5489 910 5546 τοῖς
961 5483 1257 5556 πολεμιοις
1314 5479 1515 5544 ἀδίκως
1567 5484 1682 5555 (l9)
1730 5483 1817 5536 καὶ

197 5569 346 5644 θύραν
397 5573 630 5649 ἆνοίγεις
674 5577 789 5636 τοῖς
842 5574 1115 5650 καθαιρεῖν
1175 5573 1238 5628 τὰ
1296 5573 1360 5628 σα
1422 5569 1820 5648 βουλομενοις;

268 5765 373 5831 (18)
406 5763 483 5819 Ex
510 5764 678 5820 Hom.
705 5762 862 5818 Iliad.
891 5764 934 5828 Ι,
973 5765 1098 5817 231.

1933 4769 2128 4844 pestis,
2161 4765 2272 4821 nisi
2311 4771 2369 4818 tu
2398 4757 2784 4832 fortitudinem
2811 4748 3050 4806 induas?

2002 4951 2061 5008 Si
2092 4955 2286 5004 tamen
2322 4958 2527 5000 omnes
2559 4936 2932 5007 deliquimus.
2960 4931 3100 4984 bene
3126 4923 3400 4981 invenisti
3424 4920 3577 4976 unde

1935 5061 2041 5100 nos
2071 5041 2392 5109 castigares
2420 5033 2506 5090 :si
2528 5035 2719 5086 autem
2748 5026 2826 5080 nil
2869 5022 3042 5076 habes
3079 5017 3232 5089 quod
3270 5014 3578 5082 eximubres

1935 5134 2060 5190 urbi
2085 5102 2390 5199 Philippis,
2416 5125 2516 5178 aut
2540 5118 2732 5192 potius
2755 5121 2888 5178 tua,
2913 5112 3144 5179 sedjam
3177 5102 3578 5199 dudum-illius

1935 5240 2072 5294 erga
2101 5226 2161 5276 te
2213 5193 2671 5272 benevolentiam
2723 5214 2775 5260 et
2824 5202 3080 5257 studium
3139 5193 3462 5294 cognoscis,
3523 5197 3582 5248 et

1935 5283 2301 5370 omnial‘erre
2334 5319 2433 5372 pro
2468 5306 2564 5354 tuo
2612 5297 2847 5356 (cadere,
2885 5307 3006 5353 cur,
3049 5286 3235 5344 solum
3284 5283 3439 5338 illius
3487 5299 3580 5337 re-

1935 5420 2066 5458 vera
2095 5400 2361 5471 clypeum
2394 5387 2733 5452 auferendo,
2766 5381 3037 5438 hostibus
3067 5374 3355 5432 immerito
3397 5376 3454 5428 et
3491 5371 3584 5426 his

1933 5495 2035 5566 qui
2068 5463 2174 5545 tua'
2194 5463 2397 5542 volunt
2427 5478 2645 5550 eripere
2690 5483 2913 5547 portam
2965 5464 3204 5564 aperis?
3232 5465 3356 5566 ltion
3406 5463 3584 5566 enim,

1931 5553 1980 5641 si
2004 5584 2246 5639 adveeu~
2298 5573 2380 5628 Ch
2425 5567 2706 5624 ndreium
2734 5561 2917 5617 solum
2943 5553 3390 5618 irasceris,iram
3428 5553 3588 5610 solus

2012 5757 2126 5827 (19)
2155 5753 2396 5806 Videtur
2435 5745 2530 5801 hic
2556 5737 2824 5798 nonnihil
2857 5733 3125 5808 periisse.
