4154 6216
371 424 490 485 367

1678 356 2080 462 THEOuULI
2125 391 2473 486 promam

3663 381 3788 443 368

347 551 860 628 ,sustinsbit:sed
882 547 998 606 tela
1027 560 1152 618 quas
1201 543 1482 600 adversus
1538 551 1673 594 eum
1715 533 2018 628 iaciuntur

2162 525 2210 580 id
2257 524 2380 602 γὰρ,
2427 523 2472 579 εἰ
2517 521 2652 598 πρὸς
2702 517 3020 596 Χανὸρηνόν
3075 518 3238 593 μόνον
3307 518 3375 572 τὰ
3449 523 3550 587 τῆς
3612 516 3790 591 ὀργῆς

2511 612 2525 628 .
2656 611 2670 628 .
2833 611 2848 628 .
2935 608 3032 628 κ.
3307 603 3789 628 σν-φληκεκ

377 666 486 708 nos
515 659 746 720 quoque
775 647 928 697 certe
964 631 1320 710 percutiunt,
1381 632 1438 720 et
1502 621 2020 720 quemadmodum,

376 711 550 811 lapso
575 711 838 795 Hectore,
871 725 1238 797 unalapsum
1261 726 1348 811 est
1389 716 1584 784 Ilium,
1627 711 1784 811 quia.
1811 711 2022 811 incon—

377 797 551 885 cussa
579 823 666 879 illi
695 819 989 885 columna,
1021 818 1087 870 ut
1115 811 1194 868 ait
1225 809 1538 872 Pindarus,
1586 807 1730 870 erat,
1771 801 1873 867 ita,
1922 797 2021 854 illo

381 913 656 973 aerumnis
687 908 924 974 afﬂicto,
955 919 1058 962 nos
1097 919 1131 958 a
1159 897 1451 957 continuis
1487 894 1870 953 barbarorum
1927 887 2018 944 in-

381 1001 755 1064 cursionibus
783 997 1206 1054 labefactemur
1240 1001 1472 1046 necesse
1501 991 1608 1041 est.

458 1264 560 1323 His
585 1277 720 1320 vero
751 1257 1008 1324 omissis,
1031 1251 1436 1309 Ghandrenum
1487 1259 1603 1302 non
1651 1259 1781 1299 esse
1837 1257 2026 1309 reum,

387 1355 520 1430 quis
547 1368 667 1408 non
697 1345 1054 1407 multimodis
1074 1341 1288 1407 videat,
1315 1334 1636 1410 praesertim
1667 1348 1736 1388 ex
1765 1346 1830 1388 eo
1871 1329 2027 1402 quod

387 1422 752 1502 accusatores
808 1435 890 1492 nil
928 1432 1182 1491 solidum
1252 1424 1478 1500 possint
1543 1422 1769 1492 afferre,
1801 1435 1907 1476 nec
1962 1434 2031 1474 ex

389 1536 588 1607 aperto
625 1529 946 1598 vituperare
988 1521 1202 1579 velint;
1254 1515 1423 1572 illum
1474 1517 1668 1569 autem
1715 1507 2030 1565 multorum

388 1598 455 1680 ac
479 1617 866 1677 maximorum
897 1613 1183 1670 bonorum
1217 1609 1511 1664 auctorem
1545 1599 1710 1657 nobis
1749 1598 1926 1654 fuisse
1977 1600 2035 1652 et

392 1713 680 1769 futurum.
726 1703 857 1778 quis
905 1703 988 1756 ita
1038 1698 1226 1756 audax
1272 1699 1330 1752 et
1367 1695 1560 1764 aperte
1607 1687 1896 1778 contraria
1937 1702 2032 1742 sa-

388 1803 577 1876 piens,
613 1801 678 1854 ut
706 1775 844 1860 non,
877 1807 1006 1848 meo
1029 1785 1279 1860 judicio,
1311 1782 1428 1840 alte
1455 1779 1802 1839 vociferatur
1821 1775 1848 1830 ‘I

461 1979 576 2037 Sed
607 1980 756 2042 esto,
787 1987 938 2046 pone
982 1968 1150 2026 illum
1197 1980 1324 2037 qua
1371 1979 1488 2020 non
1537 1961 1761 2032 oportet
1798 1955 2033 2046 adiisse,

395 2173 596 2217 rasse:
630 2160 829 2212 utrum
861 2165 996 2222 ergo
1022 2148 1094 2203 de
1123 2145 1216 2201 bis
1247 2143 1578 2214 loquemur,
1617 2154 1742 2210 qua
1774 2133 1955 2194 semel
1985 2137 2043 2190 et

395 2251 456 2307 in
477 2247 731 2321 quodam
763 2247 1024 2310 tempore
1051 2233 1221 2292 illum
1271 2230 1498 2321 fecisse
1524 2228 1786 2321 apparet,
1837 2240 1910 2321 an
1969 2222 2040 2277 de

398 2313 744 2397 strenuitate
787 2331 848 2386 in
898 2325 1175 2384 omnibus
1225 2325 1282 2378 et
1350 2320 1420 2375 de
1484 2315 1786 2373 laboribus
1831 2313 2042 2368 virtute

399 2423 608 2498 plenis,
641 2416 880 2490 etquod
921 2416 1100 2470 testes
1147 2411 1449 2483 gestorum
1489 2403 1699 2460 habeat
1737 2402 1962 2458 Graecos
1990 2406 2044 2457 et

399 2492 674 2570 barbaros
695 2510 722 2564 ‘I
752 2505 962 2564 Utrum
983 2500 1256 2559 omnibus
1285 2512 1388 2570 per
1416 2495 1540 2551 huic
1585 2492 1747 2550 utilis
1795 2493 1908 2559 est,
1947 2507 2042 2558 an,

403 2603 451 2658 si
482 2603 624 2658 forte
652 2598 854 2670 lapsus
875 2594 969 2662 sit,
1001 2587 1174 2646 vilis?
1203 2588 1275 2644 Et
1303 2585 1460 2657 quod
1491 2583 1673 2640 semel
1703 2583 1918 2638 factum
1959 2583 2048 2636 est

403 2691 682 2759 solidum,
709 2703 841 2760 quas
862 2692 1052 2739 autem
1077 2695 1178 2752 per
1195 2682 1314 2733 tam
1336 2675 1573 2746 longum
1611 2676 1846 2760 tempus
1885 2677 2046 2760 gesta

403 2787 544 2838 sunt
565 2758 708 2834 nihil
727 2758 858 2831 esse
881 2767 1295 2828 arbitrabimur
1316 2765 1345 2820 ?
1364 2764 1432 2819 Et
1450 2779 1567 2818 non
1589 2777 1657 2818 ex
1678 2759 1880 2831 primis
1905 2758 2046 2815 aclis

404 2875 462 2927 et
492 2886 619 2942 quae
652 2868 710 2922 in
751 2865 850 2919 illo
883 2878 1087 2916 omnes
1133 2860 1524 2930 cognoverant
1570 2850 1850 2922 suffragia
1897 2851 2052 2906 fere-

405 2938 557 3020 mus,
591 2956 691 3012 sed
724 2971 794 3009 ex
827 2950 1049 3007 ultimis
1080 2952 1138 3004 et
1165 2961 1292 3017 quis
1337 2958 1496 3000 nemo
1555 2940 1819 2997 omnium
1871 2938 2048 3004 novit,

407 3049 522 3109 nisi
556 3047 652 3102 isti
684 3037 1141 3104 sceleratissimi,
1171 3034 1268 3104 qui
1295 3032 1480 3102 [illum
1521 3046 1589 3086 ex
1627 3027 1850 3084 occulto
1891 3028 2049 3082 inse-

409 3141 670 3211 quuntur
696 3134 724 3189 ?
752 3131 927 3189 Nemo
963 3141 1200 3200 prorsus
1231 3139 1301 3180 ex
1331 3121 1404 3178 iis
1443 3119 1545 3192 qui
1593 3119 1787 3174 sciunt
1830 3115 2052 3172 ratione

411 3230 492 3283 uti
525 3227 646 3281 haec
674 3223 906 3278 diceret.

483 3410 597 3479 Ego
648 3403 847 3477 igitur,
897 3396 1124 3455 etiamsi
1176 3393 1496 3466 deliquisse
1519 3397 1575 3448 et
1605 3389 1757 3447 malo
1787 3405 2058 3462 quocun-

415 3514 529 3571 que
551 3495 723 3552 modo
749 3489 1134 3549 succubuisse
1164 3501 1296 3541 eum
1331 3484 1536 3550 sciam,
1569 3498 1683 3538 non
1733 3480 1862 3536 ideo
1902 3495 2059 3534 com-

421 3570 715 3644 mitterem
748 3585 809 3637 ut
839 3595 958 3635 non
991 3577 1166 3632 mirer
1195 3572 1480 3646 quidquid
1515 3571 1649 3628 boni
1673 3570 1824 3626 inest
1844 3570 1984 3629 viro,
2007 3572 2064 3624 et

418 3676 625 3734 merita
653 3669 1042 3728 obliviscerer.
1085 3664 1202 3723 Nec
1232 3661 1412 3730 enim,
1446 3677 1550 3717 nec
1576 3660 1754 3716 solem
1791 3657 2065 3729 turpissi-

419 3782 582 3824 mum
607 3779 737 3821 esse
759 3760 1102 3824 diceremus,
1117 3755 1254 3828 quia
1267 3753 1452 3808 nubes
1472 3753 1733 3823 quaedam
1750 3748 2063 3821 aliquando

423 3857 592 3912 illum
624 3847 1055 3912 oti'uscsnt,sed
1099 3862 1167 3901 cx
1213 3849 1419 3898 natura
1468 3855 1611 3896 sane
1658 3855 1792 3894 eum
1837 3838 2066 3909 judica-

421 3947 642 4007 bimus,
672 3945 729 3996 et
762 3937 1016 4011 primum
1050 3936 1202 3990 inter
1231 3931 1429 3988 stellas
1459 3929 1652 3986 locum
1683 3929 1734 3986 ei
1775 3927 2064 3984 dabimus.

422 4035 481 4092 Si
532 4041 725 4090 autem
801 4043 1027 4098 semper
1072 4025 1133 4081 in
1183 4021 1545 4088 hominibus,
1611 4035 1680 4076 ex
1744 4018 2063 4090 Euripide:

639 4231 930 4285 Perversus
959 4224 1106 4280 nihil
1137 4220 1291 4279 aliud
1311 4228 1386 4278 est
1411 4219 1523 4276 nisi
1543 4218 1744 4285 malus,

641 4306 826 4356 Bonus
857 4301 1037 4353 autem
1072 4297 1263 4362 bonus,
1289 4309 1388 4348 nec
1415 4308 1548 4348 casu

641 4373 914 4428 Naturam
939 4369 1204 4439 corrupit,
1235 4365 1325 4422 sed
1351 4366 1584 4436 optimus
1625 4369 1700 4418 est
1729 4375 1960 4432 semper,

431 4499 548 4544 non
577 4480 756 4554 igitur
785 4476 1186 4540 Cbandrenus,
1217 4475 1316 4544 qui
1350 4473 1422 4528 ab
1454 4470 1622 4526 initio
1652 4467 1908 4541 optimus
1939 4465 2070 4531 fuit,

431 4579 702 4630 naturam
770 4565 1110 4638 corruperit,
1181 4563 1281 4618 sed
1357 4562 1614 4630 Optimus
1657 4563 1746 4616 est
1821 4572 2072 4628 semper,

2065 1912 2113 1979 Β

393 2075 452 2126 et
482 2065 726 2125 audacia
749 2043 920 2119 usum
943 2072 1094 2126 esse,
1117 2059 1174 2112 et
1194 2071 1310 2111 non
1350 2051 1504 2110 sicut
1539 2048 1772 2105 volebas
1817 2043 2038 2102 delibe-
2071 2082 2078 2088 -

2125 614 2240 672 ἔστι
2288 633 2399 683 σοι,
2439 612 2529 667 καὶ
2575 611 2779 682 ταύτης
2823 608 3192 665 ἀπολαύσεται
3251 608 3452 682 μόνος·
3521 604 3669 662 ἆλλᾶ
3718 603 3791 658 τὰ

2126 705 2262 778 πρὸς
2290 707 2480 758 τοῦτον
2514 699 2580 773 δή
2614 701 2810 755 πουθεν
2847 696 2983 773 βέλη
3026 697 3118 752 καὶ
3165 699 3329 770 ἡμῶν
3377 697 3600 751 ἅπτεται
3649 693 3784 748 πάν-

2125 815 2259 864 των,
2305 792 2394 848 καὶ
2470 791 2562 847 τὸν
2627 788 2786 844 αὐτὸν
2861 785 2922 841 ἂν
2997 787 3200 860 τρόπον
3269 783 3454 859 ὥσπερ
3512 786 3791 856 ’Έκτορος

2127 881 2478 942 πεπτωκότος
2545 877 2937 933 συνεπεπτώκει
3013 876 3074 929 τὸ
3132 872 3329 940 Ἴλιον,
3379 873 3439 934 ’ὸς
3498 865 3778 945 ἀστραϐὴς

2126 971 2306 1044 τούτῳ
2381 969 2536 1039 κίων,
2589 967 2726 1023 κατὰ
2801 962 3067 1038 Πίνδαρον
3121 963 3260 1037 (20),
3313 963 3404 1032 ἦν,
3458 961 3600 1016 οὕτω
3667 959 3786 1027 καὶ,

2127 1057 2286 1116 τοῦδε
2335 1058 2617 1133 δυστυχῶς
2669 1049 3020 1126 πεπονθότος,
3071 1052 3276 1126 ἀνάγκη
3331 1049 3424 1106 καὶ
3471 1051 3621 1124 ἡμᾶς
3671 1045 3784 1104 διε-

2131 1151 2361 1230 φθάρθαι
2391 1145 2638 1222 συνεχέσι
2667 1151 2776 1200 τῶν
2811 1137 3103 1219 βαρϐάρων
3144 1137 3492 1215 ἐπιδρομαῖς.

2203 1240 2383 1311 Χωρὶς
2433 1235 2491 1293 δὲ
2539 1237 2770 1304 τούτων,
2811 1235 2885 1297 ὡς
2937 1234 3032 1306 μὲν
3087 1233 3190 1289 οὐκ
3240 1228 3496 1302 ἠδίκηκε,
3537 1227 3792 1302 Χανδρη-

2131 1331 2222 1384 νὸν
2278 1325 2627 1402 πολλαχόθεν
2680 1323 2741 1378 ἄν
2791 1344 2877 1385 τις
2937 1318 3172 1391 κατίδοι,
3214 1322 3326 1398 οὐχ
3373 1318 3576 1389 ἥκιστα
3632 1315 3690 1373 δὶ
3733 1317 3796 1372 ἐκ

2132 1422 2230 1474 τοῦ
2281 1419 2408 1479 τοὺς
2461 1414 2838 1490 ἐγκαλοῦντας,
2867 1414 3013 1487 παρὰ
3060 1411 3124 1466 τὸ
3178 1407 3321 1484 μηδὲ
3348 1403 3496 1484 ἔχειν
3559 1407 3790 1482 ἰσχυρὸν

2139 1508 2330 1572 εἰπεῖν,
2391 1503 2504 1560 οὐδ’
2561 1503 2637 1566 εἷς
2704 1501 3010 1579 τούμφανὲς
3086 1497 3392 1574 ἐξελέγχειν
3453 1497 3748 1572 βούλεσθαι
3777 1514 3790 1527 °

2139 1598 2213 1659 ὡς
2247 1595 2304 1652 δὶ
2333 1593 2558 1650 πολλῶν
2589 1593 2679 1647 καὶ
2723 1588 2978 1668 μεγάλων
3020 1587 3194 1651 αἴτιος
3242 1590 3377 1660 ἡμῖν
3419 1587 3639 1662 ἀγαθῶτ
3701 1584 3796 1639 καὶ

2137 1686 2322 1762 γέγονε
2375 1683 2466 1739 καὶ
2512 1683 2818 1758 γενήσεται,
2848 1680 2931 1741 τίς
2983 1678 3126 1734 οὕτω
3175 1678 3395 1753 Θρασὺς,
3443 1676 3535 1731 καὶ
3587 1673 3794 1730 τάναν-

2139 1776 2230 1830 τία
2315 1777 2557 1850 φανερῶς
2641 1774 2875 1850 φρονῶν,
2934 1769 2992 1832 ’ὸς
3079 1767 3178 1824 οὐκ
3264 1765 3344 1837 ἂν,
3404 1765 3582 1838 οἶμαι,
3648 1765 3793 1838 μέγα

2145 1866 2382 1941 βοήσαι;

2213 1952 2368 2010 Ἀλλ’
2399 1951 2560 2019 ἔστω,
2611 1948 2849 2006 δεδόσθω
2889 1951 3084 2004 τοῦτον
3129 1945 3210 2025 ἔφ’
3240 1945 3274 2000 ’ὰ
3325 1947 3398 2018 μὴ
3451 1941 3533 1999 δεῖ
3580 1942 3794 2018 προελ-

2147 2045 2278 2111 θεῖν,
2309 2042 2399 2096 καὶ
2445 2041 2753 2116 χρήσασθαι
2804 2039 3010 2114 θράσει,
3065 2036 3155 2091 καὶ
3207 2035 3284 2108 μή
3341 2034 3460 2090 καθ’
3490 2033 3651 2088 αὐτὸν
3704 2034 3798 2106 βε-

2148 2133 2507 2208 βουλεῦσθαι*
2554 2132 2782 2206 πότερον
2843 2127 2938 2184 οὖν
3000 2128 3076 2190 εἷς
3135 2126 3302 2202 λόγον
3331 2125 3482 2180 ταῦθ’
3511 2119 3726 2195 ἕξομεν,
3761 2123 3797 2178 ’ἁ

2145 2224 2235 2279 καὶ
2291 2223 2455 2296 μόνον
2505 2221 2594 2276 καὶ
2646 2221 2845 2296 χρόνον
2896 2221 3000 2274 τιν’
3029 2216 3177 2288 αὖτῷ
3225 2209 3422 2285 συνέϐη
3457 2217 3788 2291 σεπρᾶχθαι,

2148 2311 2182 2381 ἢ
2215 2311 2314 2380 τήν
2348 2307 2435 2364 διὰ
2464 2309 2662 2372 παντὸς
2693 2305 2960 2385 εὐψυχίαν
2991 2309 3087 2360 τοῦ
3125 2305 3250 2379 βίου
3294 2302 3384 2356 καὶ
3432 2301 3558 2362 τοὺς
3601 2300 3799 2374 ἀρετῆς

2147 2403 2414 2477 γέμοντας
2472 2401 2694 2462 πόνους,
2734 2401 2820 2454 καὶ
2873 2399 2936 2453 τὸ
2995 2395 3269 2472 μάρτυρας
3311 2393 3481 2467 ἴσχειν
3538 2396 3648 2447 τῶν
3706 2385 3798 2462 ἔρ-

2149 2512 2259 2566 γων
2316 2489 2404 2544 καὶ
2459 2487 2739 2560 Ἕλληνας
2818 2489 2908 2544 καὶ
2989 2485 3339 2563 βαρϐάρουςς
3397 2480 3486 2536 καὶ
3572 2482 3804 2554 πότερον

2153 2581 2316 2635 ἅπασι
2374 2580 2616 2655 χρηστὸς
2670 2575 2739 2633 δι’
2789 2579 2987 2648 ἐκεῖνα,
3021 2581 3078 2650 ἢ,
3123 2577 3177 2634 εἷ’
3222 2601 3274 2635 τι
3324 2603 3430 2636 που
3479 2581 3570 2637 καὶ
3622 2600 3808 2655 προσ-

2153 2669 2391 2735 έπταισε,
2447 2668 2692 2745 φαῦλοςς
2752 2670 2842 2723 καὶ
2915 2670 2979 2724 τὸ
3049 2671 3144 2744 μὲν
3218 2669 3294 2732 εἰς
3371 2673 3506 2743 ἅπαξ
3581 2669 3809 2746 γεγονὸς

2157 2759 2406 2834 ἰσχυρὸν,
2454 2760 2521 2814 τὰ
2579 2756 2624 2812 δ’
2683 2759 2757 2820 εἰς
2814 2763 3071 2815 τοσοῦτον
3129 2759 3218 2814 καὶ
3278 2756 3406 2816 ὄντα
3459 2757 3809 2835 γεγενημένα

2153 2852 2250 2903 τοῦ
2309 2848 2510 2923 χρόνου
2565 2847 2861 2924 πράγματα
2919 2846 3071 2903 οὐδὲν
3146 2854 3494 2922 νομιοῦμεν;
3544 2849 3634 2903 καὶ
3706 2849 3804 2910 τὰς

2157 2939 2373 3014 ψήφους
2428 2936 2527 2992 οὐκ
2582 2936 2641 2993 ἐκ
2695 2942 2802 2993 τῶν
2861 2938 3140 3012 προτέρων
3173 2939 3262 2994 καὶ
3295 2940 3368 2994 ὧν
3425 2939 3576 3011 αὐτῷ
3607 2939 3808 3000 πάντες

2159 3029 2390 3098 ξυνίσασι
2457 3031 2720 3101 θήσομεν,
2778 3027 2902 3085 ἀλλ’
2958 3028 3018 3084 έκ
3094 3035 3202 3084 τῶν
3283 3029 3516 3104 ὑστέρων
3582 3031 3670 3086 καὶ
3731 3031 3808 3084 ὧν

2161 3116 2338 3180 οὐδεὶς
2379 3116 2512 3196 ἔγνω
2580 3123 2687 3174 τῶν
2742 3120 2980 3187 πάντων,
3041 3117 3190 3189 πλὴν
3230 3123 3339 3174 τῶν
3399 3119 3608 3174 κάκιστ’
3665 3121 3810 3174 ἆπο-

2159 3206 2448 3280 λουμένων
2507 3209 2760 3272 τουτωνὶ,
2807 3209 2896 3262 καὶ
2954 3205 3132 3264 αὒτῶν
3187 3206 3248 3262 ἐκ
3300 3208 3565 3282 τάφανοῦς
3625 3207 3815 3262 ἐπιόν-

2081 3287 2124 3354 C
2161 3317 2268 3352 των
2295 3317 2309 3366 ;
2345 3297 2457 3352 οὐδ’
2489 3297 2548 3351 ἂν
2582 3295 2659 3358 εἷς
2689 3297 2836 3352 ταῦτ’
2868 3296 3012 3352 εἷ’ποι
3060 3301 3167 3352 τῶν
3194 3295 3418 3352 εἰδότων
3471 3297 3816 3372 λογίζεσθαι.

2237 3386 2374 3459 Ἐγὼ
2436 3386 2531 3458 μέν
2591 3384 2704 3454 οὖν,
2739 3384 2784 3440 εἰ
2841 3385 2928 3440 καὶ
2986 3391 3066 3457 τῷ
3097 3381 3212 3440 ὄντι
3242 3383 3505 3458 ἀδικήσας
3547 3385 3821 3464 ἐτύγχανε

2166 3475 2255 3529 καὶ
2284 3479 2380 3530 τοῦ
2402 3475 2584 3537 καλῶς
2614 3471 2838 3551 ἔχοντος
2870 3476 3174 3532 ὁποιωσοῦν
3207 3475 3464 3554 ὑφεικὼς,
3488 3474 3604 3533 οὐδ’
3639 3476 3824 3537 οὕτως

2169 3566 2228 3620 ἂν
2286 3565 2524 3640 ἀπέσχον
2581 3571 2678 3621 τοῦ
2741 3567 2817 3638 μὴ
2871 3565 2932 3620 οὗ
2991 3571 3150 3621 πᾶσιν
3203 3568 3286 3628 οἷς
3335 3565 3488 3642 εἶχον
3525 3568 3824 3641 θαυμάζειν

2168 3656 2261 3709 τὸν
2317 3653 2504 3725 ἄνδρα,
2537 3657 2626 3712 καὶ
2685 3654 2920 3710 τίθεσθαι
2991 3655 3057 3710 τὰ
3111 3655 3446 3733 γιγνόμενα·
3509 3654 3636 3712 οὐδὲ
3694 3659 3824 3734 γὰρ,

2172 3743 2298 3799 οὐδὲ
2353 3747 2443 3800 τὸν
2502 3745 2664 3816 ¹ἥλιον
2723 3745 3008 3823 αἴσχιστον
3057 3748 3294 3826 φαίημεν
3336 3747 3422 3818 ἂν,
3455 3747 3536 3803 ὅτι
3598 3746 3826 3821 νεφέλαι

2173 3831 2239 3904 δή
2285 3856 2421 3897 τινες
2467 3832 2576 3891 ἔσθ’
2631 3835 2708 3892 ὅτ’
2759 3836 2916 3893 αὐτὸν
2967 3837 3368 3916 περιίσχουσιν,
3419 3836 3544 3893 ἀλλ’
3590 3837 3651 3892 ἐκ
3679 3849 3696 3908 ζ,
3724 3845 3828 3908 τῆς

2173 3928 2384 4003 φύσεως
2432 3925 2623 4000 ἀμέλει
2675 3930 2866 3982 τοῦτον
2915 3931 3226 4000 κρινοῦμεν,
3261 3927 3350 3981 καὶ
3399 3931 3504 3982 τῶν
3540 3926 3828 4000 Ὀλύμπου

2173 4019 2510 4091 πραγμάτων
2563 4018 2631 4074 τὰ
2686 4023 2876 4093 πρῶτα
2955 4016 3220 4090 δώσομεν.
3285 4019 3348 4074 Εἰ
3407 4014 3454 4072 δ’
3510 4017 3830 4092 ἀνθρώποις

2177 4113 2282 4181 ἀεὶ,
2313 4114 2428 4166 κατ’
2462 4107 2760 4185 Εὐριπίδην
2789 4112 2926 4183 (21),

2247 4221 2310 4276 Ὀ
2355 4220 2470 4346 ξιὲν
2512 4217 2802 4292 πονηρὸς
2843 4213 3030 4272 οὐδὲν
3071 4213 3241 4271 ἄλλο
3282 4215 3456 4286 πλὴν
3496 4215 3722 4284 κακὸς,

2249 4297 2314 4346 ‘0
2399 4293 2410 4314 ’
2450 4287 2686 4346 ἐσθλὸς
2727 4287 2984 4346 ἐσθλὸς.
3025 4285 3181 4344 οὐδὲ
3219 4293 3566 4346 συμφορᾶς
3604 4289 3722 4344 ὕπο

2249 4297 2314 4346 ‘0
2355 4285 2410 4346 δ’
2450 4285 2700 4361 ἐσθλὸς
2727 4287 2984 4361 ἐσθλὸς,
3014 4285 3181 4361 ,οὐδὲ
3219 4285 3566 4361 συμφορᾶς
3604 4289 3730 4361 ὕπο

2251 4364 2452 4420 Φύσιν
2497 4360 3090 4435 διέφθειρεν,ἆλλὰ
3130 4360 3422 4434 χρηστός
3464 4360 3596 4416 ἐστ’
3633 4360 3761 4430 ἀεὶ,

2181 4472 2281 4527 οὐκ
2327 4469 2429 4546 ἄρα
2479 4466 2814 4544 Χανδρηνὸς,
2845 4468 3090 4543 χρηστός
3128 4489 3191 4544 γε
3253 4465 3324 4522 ὢν
3355 4467 3404 4540 ἐξ
3436 4467 3638 4542 ἀρχῆς,
3673 4467 3835 4546 φύσιν

2182 4561 2240 4618 ἂν
2286 4561 2368 4632 εἴη
2421 4559 2777 4638 διεφθαρκὼς,
2813 4559 2958 4614 ἀλλὰ
3007 4577 3247 4632 χρηστος
3311 4557 3403 4632 μέν
3461 4557 3568 4613 ἐστ’
3597 4558 3704 4628 ἀεὶ,
3737 4579 3840 4613 πο-

435 4679 548 4718 non
613 4661 736 4731 jam
807 4669 1148 4727 perversus;
1195 4651 1344 4708 sicut
1406 4667 1436 4705 e
1503 4659 1722 4716 contra,
1790 4647 1839 4704 si
1889 4645 2051 4702 malu:

2181 4653 2348 4724 νηρὸς
2408 4647 2465 4705 δὲ
2521 4648 2618 4704 οὐκ
2674 4643 2786 4703 ⁴ἔτι·
2817 4646 2998 4722 ὥσπερ
3031 4647 3096 4701 αὖ
3157 4646 3491 4716 τούναντίον,
3517 4646 3562 4702 εἰ
3593 4649 3838 4721 πονηρὸς

435 4751 760 4817 fuerit,nou
786 4748 1047 4819 optimus
1069 4745 1369 4814 evasisset,
1393 4758 1548 4809 cum,
1593 4747 1656 4798 ut
1697 4739 1796 4805 ait,
1847 4741 2074 4795 Perver-

430 4858 525 4897 δαί
553 4841 698 4896 nihil
734 4835 890 4892 aliud
913 4841 993 4892 est
1019 4833 1132 4890 nisi
1163 4834 1350 4888 malus
1369 4851 1392 4899 ,-
1425 4833 1505 4887 ita
1537 4835 1599 4886 ut
1630 4831 1677 4886 si
1711 4829 1921 4892 malus,
1959 4843 2075 4882 non

437 4933 649 4996 bonus,
688 4928 736 4982 si
771 4931 964 4982 autem
991 4925 1270 4996 Optimam
1305 4931 1524 4994 partem
1585 4935 1782 4976 revera
1839 4917 2078 4972 sortitus

435 5021 530 5081 sit,
565 5016 778 5072 malam
812 5031 924 5070 non
959 5013 1194 5069 deberet
1242 5011 1516 5067 nancisci.
1568 5009 1676 5073 Qui
1723 5023 1854 5078 ergo
1912 5006 2078 5062 nobis

438 5111 591 5166 idem
611 5121 914 5178 perversus
935 5110 993 5160 et
1013 5103 1271 5172 optimus
1288 5099 1580 5166 videatur;
1612 5104 1670 5154 et
1708 5113 1862 5152 nunc
1909 5095 2078 5151 illum

441 5199 767 5262 laudemus,
793 5209 950 5250 nunc
968 5209 1102 5248 vero
1127 5190 1562 5257 maledicamus,
1599 5203 1700 5244 nec
1741 5203 1842 5242 nos
1871 5186 2082 5258 pudeat

439 5304 571 5344 cum
599 5283 1034 5354 nobismetipsis
1079 5297 1354 5354 pugnare,
1408 5280 1710 5350 loquentes
1759 5277 1912 5332 sicut
1967 5275 2082 5330 Ab-

439 5377 635 5432 deritae
665 5380 721 5431 et
746 5373 1040 5430 Maronitas
1069 5371 1097 5426 ?

513 5591 629 5734 ξω)
656 5592 891 5671 Pindar.
925 5589 1006 5648 Ol.
1045 5607 1107 5646 ιι.
1143 5589 1264 5645 146.

537 5663 858 5734 2t)Eur1p.
894 5663 1012 5734 Hec.
1047 5661 1170 5716 600.
1207 5733 1211 5734 ί

537 5661 632 5730 21⁷)
663 5663 858 5732 Eurip.
894 5663 1012 5732 Hec.
1047 5661 1170 5716 600.

517 5730 630 5802 (22)
658 5730 874 5788 Forsan
911 5731 1108 5800 ἥκιστα
1136 5733 1232 5786 τοῦ
1258 5730 1478 5788 παντός.

2185 4741 2474 4816 ἐτύγχανεν
2552 4737 2645 4810 ὣν,
2707 4737 2806 4792 οὐκ
2864 4735 2922 4793 ἂν
2980 4737 3226 4812 χρηστὸς
3299 4735 3556 4811 ἐγεγόνει,
3617 4734 3837 4805 ἐπειδὴ,

2187 4833 2374 4905 φησὶν,
2408 4855 2434 4882 ι(
2469 4832 2497 4884 ὁ
2529 4830 2769 4904 πονηρὸς
2801 4825 2954 4883 οῦδὲν
2999 4825 3138 4882 ἄλλο
3184 4826 3332 4896 πλὴν
3384 4826 3546 4889 κακός
3571 4843 3584 4856 ·
3625 4851 3652 4878 ››
3683 4827 3840 4895 ὥστ’,

2186 4921 2232 4976 εἰ
2294 4921 2386 4992 μέν
2446 4919 2710 4992 πονηρὸς,
2744 4917 2806 4974 οὐ
2865 4917 3132 4992 χρηστὸς,
3164 4915 3208 4970 εἰ
3268 4913 3325 4970 δε
3380 4922 3480 4985 τῆς
3545 4914 3840 4990 βελτίστης

2190 5005 2411 5082 μερίδος
2469 5009 2546 5069 ὼς
2594 5008 2840 5076 ἀληθῶς,
2870 5010 2967 5060 τοῦ
3018 5005 3216 5067 παντὸς
3263 5007 3377 5075 (22)
3415 5002 3522 5060 ἔδει
3553 5007 3839 5080 γεγονέναι

2186 5100 2283 5170 τῆς
2317 5095 2552 5175 φαύλης.
2589 5100 2712 5158 Πῶς
2745 5095 2836 5150 οὖν
2868 5095 2896 5150 ὁ
2926 5093 3087 5154 αὐτὸς
3137 5095 3274 5167 ἡμῖν
3315 5093 3406 5149 καὶ
3453 5094 3696 5168 πονηρὸς
3747 5094 3841 5150 καὶ

2191 5187 2456 5266 χρηστὸς,
2501 5186 2590 5240 καὶ
2656 5190 2747 5239 νῦν
2831 5185 2924 5257 μὶν
3003 5181 3166 5238 αὐτόν
3225 5183 3576 5256 ἐπαινοῦμεν,
3630 5187 3724 5237 νῦν
3786 5181 3847 5239 δὶ

2190 5277 2507 5350 κακίζομεν,
2538 5276 2626 5330 καὶ
2687 5273 2785 5330 οὐκ
2839 5273 3192 5350 αἰσχυνόμεθ’
3253 5271 3438 5335 αὐτοῖς
3492 5275 3626 5345 ἡμῖν
3683 5294 3842 5349 περι-

2191 5369 2504 5437 πίπτοντες,
2534 5367 2716 5441 ὥσπερ
2746 5365 2798 5421 έν
2833 5359 3196 5438 Ἀὅδημίταις
3235 5362 3263 5434 ἢ
3299 5364 3676 5437 Μαρωνείταις
3727 5367 3846 5438 (23)

2192 5460 2318 5521 τοὺς
2351 5459 2548 5532 λόγους
2581 5457 2944 5530 ποιούμενοι;

2199 5586 2691 5715 ba(1'12t3u)rAbderitas
2719 5590 2776 5642 et
2807 5585 3103 5643 Maronitas
3133 5583 3327 5641 stolidi
3357 5599 3423 5642 ac
3463 5584 3608 5642 fatui
3669 5585 3845 5642 habe-
