4154 6216
368 345 481 405 369

1547 338 1839 403 ORATIO
1884 341 2038 400 PRO
2082 340 2579 401 CHANDRENO.

3649 344 3765 404 3'10

434 477 637 529 Σκόπει
699 471 752 527 δὲ
802 474 1044 540 κάκεῖνα,
1093 471 1136 526 ὦ
1186 472 1432 546 βασιλεῦ.
1488 473 1550 529 Εἰ
1587 474 1678 546 μὲν
1725 469 2002 547 βδελυρίος

2200 473 2325 528 Haec
2373 474 2545 529 etiam
2619 474 2942 539 considera,
2985 490 3017 530 ο
3073 474 3410 546 imperator,
3473 477 3517 531 si
3574 492 3767 533 revera

363 563 531 637 παλρι
589 563 771 635 τούτῳ
817 569 1060 637 προσῆκε
1088 565 1181 617 καὶ
1239 567 1335 618 τοῦ
1376 564 1755 636 πονηροτάτου
1785 564 2005 636 κόμμα.

357 675 450 714 τος
487 652 768 726 ἅνθρωπος
817 651 907 721 ἦν,
939 652 1052 729 οὐχ
1099 653 1131 706 ἃ
1165 656 1251 704 νῦν
1303 651 1608 726 ἐγκαλεῖται
1644 653 1832 724 μόνον,
1865 652 2010 708 ἀλλὰ

357 745 447 796 καὶ
482 741 651 797 πόλλ’
678 741 836 815 ἕτερα
872 743 1007 814 πρὸς
1049 743 1266 804 τούτοις
1314 741 1577 815 πρότερον
1627 744 1872 817 εἴργαστο
1922 742 2010 797 ἄνη

358 833 401 886 εί
439 830 500 887 δὲ
544 833 636 887 τὸν
688 833 769 887 eiei.
821 833 1016 906 χρόνον
1067 832 1310 906 χρηστὸς
1353 832 1442 886 καὶ
1493 831 1757 900 ἐπιεικὴς,
1790 833 1881 887 καὶ
1909 838 2006 887 τοῦ

355 920 537 977 καλοῦ
569 922 654 976 καὶ
689 919 898 976 δικαίου
930 920 1117 996 λόγον,
1151 921 1300 995 εἴπερ
1347 942 1429 982 τις
1475 921 1799 995 ἀνθρώπων,
1830 918 2005 995 ἔθετο,

357 1010 560 1066 οὔκουν
594 1009 699 1066 ἔσει)
733 1009 910 1072 οὐδεὶς
940 1011 998 1072 ὃς
1030 1012 1245 1065 πώποτ’
1295 1011 1446 1082 αὐτῷ
1503 1009 1660 1082 δίκην
1709 1013 2005 1087 ἀναισχυν-

352 1100 481 1163 τίας
530 1099 774 1175 εἰλήχει,
823 1100 873 1155 τί
915 1101 980 1155 τὰ
1035 1102 1109 1172 μή
1174 1101 1528 1173 προσήκοντα
1587 1106 2004 1176 κατηγοροῦμεν

355 1189 529 1244 αὐτοῦ
579 1191 665 1244 καὶ
714 1189 746 1244 ἃ
792 1189 950 1244 παντὶ
1002 1187 1212 1262 μᾶλλον
1255 1188 1290 1257 ἢ
1338 1189 1516 1262 τούτῳ
1560 1190 1874 1267 γιγνόμενα,
1914 1193 2000 1246 καὶ

358 1279 462 1333 οὐκ
516 1279 890 1358 αἰσχυνόμεθα
946 1280 1037 1334 τὸν
1098 1278 1260 1348 ἥλιον
1315 1279 1556 1354 ἐσχάτης
1607 1281 2002 1355 ἀγνωμοσύνης

356 1369 687 1440 ποιούμενοι
741 1371 1007 1442 μάρτυρα,
1039 1367 1221 1429 ὥσπερ
1265 1366 1325 1423 ἂν
1375 1369 1420 1423 εἰ
1467 1368 1558 1423 καὶ
1613 1369 1863 1449 Κέφαλον
1914 1372 2000 1424 καὶ

356 1461 761 1536 ’Δριστοφῶντα
820 1464 1069 1534 πονηροῦ
1119 1481 1202 1523 τις
1258 1454 1432 1533 ἔκρινε
1517 1460 1636 1534 βίου
1720 1463 1855 1533 (24),
1918 1464 2003 1524 οἷς

358 1547 743 1622 χρηστότητος
775 1548 948 1610 οὕτως
977 1548 1269 1622 ἐμέλησεν,
1301 1550 1376 1610 ὡς
1408 1547 1514 1623 οὐχ
1545 1550 1696 1609 ὅπως
1727 1549 2004 1620 ἀλλήλοις

356 1633 724 1714 ἀμφισϐητεῖν
781 1638 997 1710 ἀρετῆς,
1057 1636 1203 1693 ἀλλὰ
1273 1639 1362 1693 καὶ
1419 1637 1752 1714 παράδειγμ’
1812 1639 2006 1703 αὐτοὺς

357 1727 490 1779 εἶναι
522 1733 639 1788 τοῖς
672 1726 865 1788 ἄλλοις
897 1728 1110 1801 τρόπων
1137 1732 1394 1803 χρηστῶν
1431 1747 1445 1797 ;

2123 563 2357 634 flagitiis
2383 562 2727 633 jamdudum
2761 562 2993 618 deditus
3019 564 3129 620 iste
3187 569 3244 620 et
3300 566 3560 636 pessime
3621 571 3767 622 note

2119 661 2271 707 esset
2310 652 2505 717 homo,
2535 669 2647 707 non
2670 657 2897 707 tantum
2920 654 2990 708 de
3012 654 3228 725 quibus
3251 671 3408 712 nunc
3431 660 3764 721 accusatur,

2119 742 2215 796 sed
2249 741 2432 796 multa
2461 740 2572 796 alia
2616 744 2816 810 praeter
2874 741 2992 798 hanc
3047 747 3219 798 antea
3275 743 3760 814 perpetravisset;

2120 830 2168 884 si
2206 834 2400 885 autem
2451 831 2521 884 ab
2589 832 2749 885 omni
2814 835 3069 902 tempore
3119 833 3376 903 optimus
3435 836 3491 889 et
3548 837 3764 904 probus

2119 923 2225 985 est,
2259 924 2316 973 et
2346 919 2480 974 boni
2504 924 2560 974 et
2615 919 2784 990 aequi,
2847 925 2910 974 ut
2966 937 3133 976 nemo
3202 921 3411 993 magis,
3473 923 3760 979 rationem

2117 1010 2342 1079 habuit,
2375 1015 2431 1066 et
2460 1016 2764 1083 propterea
2801 1028 2970 1068 nemo
3013 1013 3328 1085 aliquando
3374 1029 3504 1070 eum
3548 1022 3765 1085 proter-

2115 1101 2306 1156 vitatis
2352 1101 2660 1167 accusavit,
2715 1118 2818 1156 cur
2865 1103 2914 1157 ei
2975 1103 3396 1172 exprobramus
3455 1120 3580 1174 qum
3644 1119 3760 1159 non

2116 1190 2320 1245 decent
2350 1193 2406 1246 et
2435 1207 2560 1261 quae
2590 1190 2686 1245 alii
2720 1191 2906 1262 magis
2965 1208 3141 1264 quam
3196 1193 3245 1248 ei
3303 1193 3676 1261 conveniunt,
3705 1196 3762 1248 et

2115 1295 2230 1333 non
2258 1279 2653 1335 erubescimus
2703 1281 2882 1336 solem
2935 1281 3152 1336 ultimas
3201 1281 3522 1337 atrocitatis
3573 1282 3762 1337 facere

2115 1371 2340 1430 testem,
2373 1368 2548 1424 veluti
2582 1370 2626 1424 si
2673 1370 2805 1440 quis
2863 1370 3178 1441 Cephalum
3237 1376 3293 1427 et
3347 1371 3762 1442 Aristophonta

2116 1463 2414 1514 accusaret
2445 1474 2774 1530 perversam
2807 1459 3080 1515 habuisse
3111 1460 3307 1527 vitam,
3342 1461 3560 1531 quibus
3603 1465 3760 1515 tanta

2114 1550 2371 1617 probitas
2405 1550 2609 1618 inerat,
2667 1555 2732 1604 ut
2763 1567 2879 1606 non
2912 1555 3138 1606 tantum
3170 1552 3322 1606 inter
3352 1569 3414 1607 se
3445 1552 3515 1608 de
3547 1551 3758 1606 virtute

2114 1644 2420 1702 certarent,
2453 1640 2553 1695 sed
2585 1639 2760 1695 etiam
2788 1640 2907 1695 sint
2936 1639 3065 1694 aliis
3093 1639 3497 1696 excellentium
3524 1655 3754 1696 morum

2114 1727 2411 1799 exemplar
2429 1729 2457 1782 ?
3475 1722 3478 1725 ’

426 1815 508 1873 Οὐ
530 1818 710 1870 τοίνυν
740 1818 802 1872 τὸ
848 1813 1239 1886 διαϐεϐλῆσθαι
1283 1818 1447 1889 μόνον
1479 1817 1662 1887 αὐτὸς,
1701 1823 1860 1873 τοῦτο
1893 1816 1999 1873 δει-

2185 1816 2308 1872 Non
2352 1821 2580 1872 tantum
2632 1833 2766 1890 ergo
2815 1833 2940 1874 sese
3007 1821 3265 1875 accusari
3313 1819 3758 1876 acerbissimum

351 1911 444 1958 νον
474 1904 728 1967 ἐπιεικῶς
779 1905 1102 1979 Χανδρηνῷ,
1138 1904 1306 1979 μηδὲν
1347 1911 1594 1963 τοιοῦτον
1644 1909 1788 1982 παρᾶ
1829 1911 2002 1962 πάντα

352 1996 650 2049 πεπονθότι
681 1997 772 2050 τὸν
805 1997 942 2069 βίον,
975 1995 1120 2051 ἀλλᾶ
1158 1995 1248 2050 καὶ
1290 1995 1488 2067 πολλῷ
1533 1998 1730 2052 τούτου
1777 1994 2003 2052 δεινότε-

362 2104 458 2157 ρον
487 2086 549 2139 τὸ
589 2085 763 2140 πάντα
795 2087 888 2158 μὲν
922 2086 987 2140 τὰ
1021 2083 1245 2158 βελτίω,
1274 2087 1512 2160 πονηρὸν
1561 2083 1608 2140 δ’
1656 2083 1808 2142 οὐδὲν
1856 2087 2003 2158 αὑτῷ

361 2173 665 2244 συνειδότα,
711 2175 801 2229 καὶ
842 2173 1135 2236 πλείστους
1169 2177 1262 2247 μὲν
1306 2175 1394 2230 ἐπὶ
1440 2181 1558 2236 τοῖς
1607 2171 1784 2252 ἔργοις
1833 2177 2001 2251 προσ-

354 2265 607 2318 ὁοκῶντα
657 2265 978 2342 στεφάνους,
1025 2263 1227 2324 πάντας
1278 2262 1346 2332 δ’,
1392 2265 1464 2326 ὡς
1536 2263 1721 2336 εἰπεῖν,
1792 2267 2001 2339 θαυμα-

348 2356 481 2416 στὰς
536 2352 757 2429 ἔχοντα,
805 2349 970 2410 ἔπειτ’
1013 2354 1117 2429 οὐχ
1167 2356 1315 2416 ὅπως
1365 2360 1614 2410 τοιοῦτον
1674 2353 1826 2410 οὐδὲν
1875 2356 2000 2410 ὑπο-

350 2452 569 2514 στῆναι,
620 2443 768 2499 ἀλλᾶ
813 2443 904 2499 καὶ
950 2447 1152 2499 τοιαῦτ’
1209 2443 1590 2519 ἐγκεκλῆσθαι,
1643 2446 1673 2499 ἃ
1737 2450 1998 2518 ποταμῶν

350 2533 464 2588 ἄνω
497 2535 611 2608 (25)
658 2533 746 2588 καὶ
797 2541 896 2602 τῆς
945 2533 1110 2588 αὐτοῦ
1160 2534 1388 2610 φύσεως.
1442 2539 1564 2596 Πῶς
1614 2535 1716 2610 γὰρ
1749 2533 1847 2590 ούκ
1876 2535 2000 2590 ἄτο-

348 2645 454 2678 πον
502 2622 594 2676 καὶ
648 2623 932 2700 ὑπερῳυὶς,
983 2623 1031 2676 εἶ’
1070 2623 1382 2696 πραότητος
1417 2623 1510 2696 μὲν
1538 2624 1626 2679 καὶ
1661 2619 2002 2694 δικαιοσύνης

350 2715 445 2767 καὶ
495 2713 737 2780 πάντων,
771 2712 845 2773 ὡς
897 2713 1089 2778 εἰπεῖν,
1118 2716 1225 2766 τῶν
1276 2711 1590 2781 καλλίστων.
1635 2712 1714 2792 ἐφ’
1765 2713 1908 2768 οὕτω
1950 2735 2002 2767 τι

350 2805 534 2870 ἥκων,
576 2803 649 2862 ὡς
701 2801 937 2856 ἐντεῦθεν
979 2801 1334 2875 γνωρίζεσθαι
1375 2803 1462 2856 καὶ
1500 2806 1651 2857 ταῦτ’
1693 2802 1825 2857 εἶναι
1862 2801 2002 2875 μᾶλ-

355 2892 458 2946 λον
491 2893 772 2964 πρόσρημ¹
802 2891 968 2962 αὐτῷ,
1001 2896 1108 2945 τῶν
1139 2889 1185 2944 δ’
1225 2890 1477 2946 ἐναντίων
1533 2894 1605 2965 μή
1660 2892 1743 2946 ὅτι
1789 2898 2001 2967 πεῖραν,

351 2981 505 3036 ἀλλὰ
531 2981 619 3035 καὶ
671 2980 913 3053 τοῦνομα
962 2977 1353 3054 δυσχεραίνων,
1389 2977 1490 3048 ὅδ’,
1536 2980 1653 3051 οὐκ,
1686 2979 1786 3035 οἶδ’
1830 2983 2001 3050 ὅπως,

349 3071 448 3126 καὶ
499 3071 734 3145 θράσους
778 3067 934 3144 ἔσχεν
1007 3067 1205 3140 αἰτίαν,
1254 3081 1343 3125 και
1406 3074 1553 3126 ταῦτ’
1597 3070 1649 3125 ἐν
1707 3069 1848 3142 τῷδε
1905 3075 2003 3137 τῆς

350 3159 610 3236 ἠλικξας,
660 3158 749 3214 ὅτε
816 3158 927 3229 καὶ,

351 3247 468 3304 ἔδει
497 3251 804 3304 πεπαῦσθαι
831 3269 842 3318 ;

433 3344 594 3394 Δυοῖν
641 3340 818 3393 τοίνυν
861 3337 1065 3412 ἀνάγκη
1120 3339 1341 3414 θάτερον
1375 3359 1387 3372 ·
1431 3342 1489 3408 ἢ,
1529 3341 1604 3402 ὡς
1637 3341 1698 3395 οὐ
1728 3346 1835 3395 τῶν
1869 3342 2002 3417 φαύ-

352 3429 470 3485 λων
515 3427 625 3482 ἐστί
674 3429 736 3482 τὸ
779 3427 1151 3502 θρασύνεσθαι,
1201 3428 1350 3500 εἴπερ
1401 3431 1428 3483 ὁ
1471 3435 1578 3484 τῶν
1626 3427 1835 3506 ἀνδρῶν
1877 3430 1999 3504 ἄρι-

351 3539 482 3578 στος
528 3517 726 3592 θρασὺς
775 3519 902 3591 παρ’
944 3517 1152 3585 αὐτοῖς,
1188 3518 1244 3588 ἢ,
1297 3518 1342 3572 εἷ
1391 3525 1498 3574 τῶν
1542 3518 1786 3592 φαύλων,
1826 3518 2001 3574 ἄλλου

347 3605 800 3681 κατηγόρημ’ἃν
849 3605 933 3678 εἴη
982 3607 1107 3662 τόδε
1155 3609 1243 3662 καὶ
1297 3609 1396 3662 ούκ
1445 3608 1628 3676 αὐτοῦ,
1664 3609 1810 3678 εἴπερ
1841 3610 2000 3672 οὗτος

348 3695 614 3752 τάναντία
667 3698 872 3752 τούτων
934 3698 1024 3752 καὶ
1090 3699 1342 3777 πεφυκὼς
1395 3700 1482 3753 καὶ
1552 3697 1998 3772 πολιτευόμενος.

353 3787 422 3843 Ei
455 3784 512 3841 δὲ
563 3785 752 3862 βούλει
803 3787 892 3841 καὶ
944 3786 1116 3851 οὕτως
1150 3809 1162 3821 ·
1194 3790 1236 3842 εἰ
1290 3789 1382 3861 μὲν
1434 3787 1601 3844 καλὸν
1643 3791 1677 3859 ἡ
1709 3789 2000 3863 θρασύτης,

351 3877 448 3931 καὶ
502 3873 823 3948 Χανδρηνὸς
864 3877 923 3931 ἃν
984 3876 1068 3948 εἷή
1113 3881 1363 3941 τοιοῦτος
1411 3878 1578 3954 ταύτῃ
1638 3881 2003 3954 χρθσάμενος,

359 3968 554 4022 οὔκουν
609 3965 807 4034 αἱτίας,
858 3964 985 4021 ἀλλ’
1015 3965 1245 4022 ἐπαίνων
1294 3968 1438 4040 ἄξιος
1476 3988 1488 4001 ·
1540 3969 1584 4024 εἰ
1631 3967 1688 4023 δὲ
1726 3967 2005 4044 αἴσχιστον

363 4058 459 4129 μὲν
517 4061 686 4110 τοῦτο
739 4056 828 4111 καὶ
883 4055 1077 4128 μανίας
1128 4056 1306 4134 ἐγγὺς,
1359 4059 1539 4131 τούτῳ
1576 4055 1632 4113 δὲ
1679 4057 1892 4131 πάντες,
1933 4059 2006 4120 ὡς

357 4145 517 4217 καλῷ
556 4145 804 4219 κάγαθῷ,
840 4144 1016 4201 πάντα
1045 4147 1110 4200 τὰ
1163 4145 1418 4219 βέλτιστα
1465 4147 1556 4202 καὶ
1593 4147 1885 4223 βούλονται
1916 4146 2004 4201 καὶ

357 4235 735 4308 συνεύχονται,
801 4233 909 4308 οὐχ
963 4237 1076 4309 ὁρω
1133 4239 1250 4296 πῶς
1306 4234 1365 4290 ἄν
1415 4257 1551 4299 τινες
1597 4235 1809 4310 μᾶλλον
1840 4257 2004 4290 κατα-

356 4328 539 4401 φανεῖς
600 4322 841 4400 γένοιντο
911 4328 1386 4402 συκοφαντοῦντες,
1441 4326 1530 4379 καὶ
1590 4331 1721 4404 σφᾶς
1782 4325 2005 4394 uti-05¢,

358 4413 432 4475 ὡς
494 4411 594 4466 οὐκ
639 4410 819 4482 ἀληθῆ
873 4411 1149 4486 λέγουσιν,
1193 4413 1592 4489 ἐξελέγχοντες,
1625 4415 1656 4468 ἃ
1709 4415 1784 4486 μὴ
1840 4412 2006 4486 ἔξεστι

359 4502 633 4578 λέγοντες,
665 4502 779 4570 καὶ,
811 4502 840 4556 ’ὁ
875 4501 1096 4574 μάλιστ’
1140 4499 1200 4556 ἄν
1250 4525 1333 4564 τις
1380 4504 1512 4579 ὑπὲρ
1552 4505 1717 4558 αὐτοῦ
1761 4505 1850 4558 καὶ
1890 4505 2006 4559 κατ’

2117 1905 2340 1961 videtur
2369 1905 2734 1974 Chandreno,
2759 1909 2860 1978 qui
2883 1907 2962 1962 nil
2991 1907 3100 1963 tale
3123 1909 3181 1964 in
3205 1910 3365 1964 omni
3387 1908 3504 1964 vita
3543 1925 3754 1980 passus

2113 2000 2221 2062 est,
2253 1997 2351 2051 sed
2387 1997 2562 2052 etiam
2614 1997 2760 2052 illud
2818 1998 3003 2054 multo
3062 1999 3327 2054 acerbius
3387 2001 3562 2070 quod,
3624 2015 3757 2055 cum

2112 2085 2519 2141 excellentiora
2541 2103 2804 2157 quaeque,
2839 2087 2919 2142 nil
2966 2104 3100 2144 vero
3133 2089 3351 2144 malum
3411 2089 3524 2144 sibi
3567 2090 3758 2144 inesse

2113 2174 2379 2229 conscius
2410 2176 2502 2235 sit.
2528 2181 2583 2231 et
2606 2177 2817 2232 multas
2838 2177 2909 2232 ob
2929 2176 3072 2233 bene
3093 2181 3255 2248 gesta
3276 2183 3569 2250 exspectet
3593 2194 3756 2233 coro-

2114 2279 2242 2331 nas,
2261 2279 2458 2320 omnes
2483 2265 2638 2320 utita
2660 2266 2874 2335 dicam,
2890 2266 3272 2323 admiratores
3294 2267 3524 2334 habeat,
3549 2266 3756 2322 deinde

2113 2369 2228 2408 non
2260 2355 2429 2408 modo
2460 2353 2574 2409 tale
2605 2354 2715 2410 sibi
2751 2355 3066 2426 quidquam
3088 2355 3336 2426 affuerit,
3356 2357 3453 2412 sed
3481 2356 3656 2412 etiam
3689 2357 3757 2411 de

2112 2442 2205 2497 his
2235 2449 2540 2499 accusetur
2577 2461 2703 2515 quae
2737 2444 3047 2501 ﬂuminum
3107 2463 3340 2502 sursum
3386 2462 3586 2502 versus
3623 2452 3758 2501 sunt

2111 2539 2169 2589 et
2199 2534 2555 2606 hujusmodi.
2589 2536 2888 2599 Quomodo
2919 2554 3035 2593 non
3061 2538 3382 2593 absurdum
3425 2542 3515 2593 est
3544 2541 3601 2593 et
3631 2537 3760 2593 sin-

2111 2625 2332 2696 gulare,
2365 2625 2414 2680 si
2447 2625 2517 2680 ad
2553 2630 2767 2681 tantam
2802 2627 3310 2684 mansuetudinem
3340 2631 3399 2683 et
3429 2626 3760 2698 equitatem

2113 2719 2170 2770 et
2199 2715 2419 2784 omnia,
2454 2721 2517 2770 ut
2548 2716 2625 2770 ita
2658 2717 2870 2783 dicam,
2925 2717 3318 2787 pulcherrima
3369 2719 3654 2786 ascendit,
3701 2722 3765 2772 ut

2113 2803 2248 2858 inde
2278 2803 2606 2860 innotescat
2635 2809 2693 2860 et
2722 2806 2815 2861 his
2850 2808 3100 2862 maxime
3131 2806 3474 2876 celebretur,
3520 2811 3577 2861 et
3636 2823 3764 2879 quas

2115 2892 2207 2947 his
2252 2895 2543 2948 contraria
2604 2902 2739 2950 sunt
2785 2912 2899 2952 non
2963 2897 3134 2952 modo
3184 2896 3390 2965 facere,
3440 2897 3538 2952 sed
3585 2896 3762 2952 etiam

2114 2981 2418 3038 nominare
2449 2982 2781 3052 abhorreat,
2815 3001 2972 3051 eum,
3005 2984 3201 3041 nescio
3233 2987 3546 3057 quomodo,
3582 2985 3762 3041 auda-

2113 3069 2216 3128 ciae
2248 3071 2470 3128 crimen
2503 3073 2816 3145 suscipere,
2849 3079 2906 3131 et
2937 3075 3254 3146 praesertim
3281 3077 3338 3131 in
3381 3079 3546 3132 tanta
3573 3078 3762 3139 astate,

987 3159 1039 3214 εἷ’
1091 3159 1140 3214 τί
1193 3179 1296 3214 που
1344 3160 1595 3230 νεότητος
1636 3159 1892 3239 ἐφόλκιον
1919 3163 2002 3230 ἦν,

2121 3162 2326 3233 possit,
2360 3178 2518 3232 cum,
2549 3163 2600 3219 si
2649 3165 2785 3234 quid
2836 3165 2958 3221 vitii
3015 3165 3291 3238 reliquum
3343 3181 3410 3222 ex
3459 3167 3763 3237 juventute

2118 3253 2487 3321 remanserit,
2521 3269 2746 3309 cessare
2777 3255 3113 3326 oporteret?

2187 3341 2266 3397 Ex
2295 3341 2523 3398 duobus
2547 3344 2896 3400 alterutrum
2928 3345 3001 3400 sit
3031 3361 3267 3400 necesse
3290 3349 3376 3400 est
3408 3361 3422 3400 :
3447 3349 3570 3412 aut,
3601 3344 3762 3416 igna-

2117 3450 2316 3490 vorum
2339 3435 2637 3508 proprium
2657 3453 2770 3494 non
2794 3442 2885 3494 est
2906 3439 3171 3505 audacia,
3187 3438 3487 3510 siquidem
3508 3438 3760 3493 virorum

2117 3523 2372 3596 optimus
2421 3527 2574 3597 apud
2607 3543 2704 3582 eos
2735 3527 2928 3583 audax
2958 3535 3060 3595 est,
3093 3532 3196 3582 aut
3217 3527 3268 3583 si
3300 3528 3644 3599 ignavorum
3671 3532 3763 3583 est

2117 3614 2435 3685 proprium,
2457 3613 2609 3671 alius
2641 3617 2738 3672 sed
2774 3633 2889 3672 non
2913 3616 3011 3672 ille
3040 3617 3098 3671 in
3119 3617 3267 3673 hanc
3289 3616 3760 3672 criminationem

2115 3704 2292 3766 venit,
2327 3704 2619 3775 siquidem
2649 3705 2746 3762 ille
2777 3722 3004 3776 semper
3035 3713 3242 3762 natura
3271 3711 3328 3762 et
3387 3706 3505 3761 vita
3562 3707 3633 3762 ab
3694 3707 3764 3761 iis

2117 3788 2484 3862 discrepavit.
2514 3793 2628 3846 Aut
2658 3791 2706 3847 si
2733 3791 2822 3848 vis
2852 3793 2934 3848 ita
2964 3807 3058 3848 res
3086 3797 3176 3848 est
3207 3809 3220 3846 :
3280 3793 3326 3847 si
3385 3791 3630 3863 pulchra
3687 3793 3766 3847 sit

2118 3878 2379 3945 audacia,
2413 3882 2470 3934 et
2497 3880 2868 3936 Chandrenus
2901 3880 3003 3936 illa
3033 3897 3167 3936 cum
3193 3898 3336 3936 usus
3368 3881 3465 3950 sit,
3496 3897 3612 3936 non
3644 3881 3763 3936 cri-

2117 3966 2456 4034 minatione,
2490 3968 2593 4024 sed
2624 3969 2796 4025 laude
2825 3969 3041 4042 dignus
3071 3971 3288 4027 evasit:
3335 3971 3383 4026 si
3435 3973 3626 4026 autem
3665 3968 3764 4024 illa

2117 4055 2452 4128 turpissima
2477 4065 2532 4114 et
2568 4058 2833 4114 amantia;
2888 4059 3162 4128 finitima,
3223 4076 3354 4116 cum
3409 4075 3615 4116 omnes
3677 4057 3762 4114 illi

2117 4150 2314 4216 utpote
2362 4146 2513 4202 bono
2562 4147 2856 4220 proboque
2899 4149 3123 4220 optima
3175 4165 3422 4222 quasque
3466 4149 3646 4205 velint
3705 4153 3763 4204 et

2116 4240 2370 4300 exorent,
2405 4253 2518 4292 non
2552 4237 2714 4294 video
2744 4254 2845 4294 cur
2875 4239 3116 4309 quidam
3149 4239 3314 4295 illurn
3345 4243 3535 4310 agerte
3569 4238 3762 4310 potius

2117 4323 2526 4392 criminentur,
2546 4335 2598 4381 et
2615 4327 2858 4398 seipsos,
2881 4345 2996 4383 non
3021 4329 3176 4402 quod
3200 4345 3402 4385 verum
3423 4332 3514 4385 est
3553 4327 3764 4384 dixisse

2114 4413 2483 4481 convincant,
2505 4432 2633 4486 quis
2655 4432 2771 4472 non
2795 4417 3002 4474 decent
3024 4417 3308 4490 dicantet,
3335 4419 3487 4490 quod
3515 4419 3764 4474 maxime

2115 4500 2328 4572 aliquis
2361 4519 2464 4574 pro
2494 4502 2592 4560 illo
2623 4512 2677 4561 et
2725 4512 2930 4563 contra
2976 4523 3074 4564 eos
3121 4511 3471 4579 precaretur,
3525 4505 3763 4562 mirabi-

363 4591 537 4647 αύτῶν
595 4589 828 4661 εὔξαιτο,
889 4593 1324 4664 θαυμαστότερον
1384 4599 1574 4649 τοῦτον
1632 4599 1751 4657 ταῖς
1809 4594 2002 4656 αἰτίαις

2117 4589 2322 4646 liorem
2355 4592 2522 4649 illum
2558 4611 2657 4665 per
2685 4595 3124 4653 criminationes
3157 4597 3680 4668 ostendant,quam
3713 4595 3762 4650 i

359 4679 684 4749 δεικνύντες,
736 4681 771 4750 ἢ
831 4681 875 4736 εἷ
925 4681 1161 4744 πολλοῖς
1212 4681 1457 4758 ἐχρῶντο
1507 4685 1622 4738 κατ’
1681 4685 1843 4738 αὐτοῦ
1889 4691 2004 4745 τοῖς

360 4770 621 4832 ἐπαίνοις.
687 4775 908 4845 Πρῶτον
944 4772 1035 4844 μὲν
1069 4773 1197 4847 γὰρ,
1238 4772 1290 4827 ἐν
1321 4775 1400 4845 τῷ
1447 4779 1564 4827 κατ’
1610 4774 1774 4827 αὐτοῦ
1823 4771 1996 4850 λέγειν

356 4857 642 4920 τούτουςᾶ
699 4860 775 4930 μή
836 4857 939 4927 δεῖ,
998 4859 1355 4915 διανίστανται
1410 4860 1604 4923 πάντες
1665 4861 1790 4934 ὑαέρ
1835 4860 1999 4917 αὐτοῦ

361 4947 537 5024 λέγειν
570 4946 603 5002 ἃ
631 4945 731 5019 δεῖ,
763 4947 853 5003 καὶ
884 4948 1008 5010 τούς
1040 4969 1098 5024 γε
1130 4947 1226 5004 δύο
1265 4950 1300 5019 ἢ
1341 4954 1486 5025 τρεῖς
1537 4951 1746 5006 τούτων
1796 4949 1998 5029 φληνά-

354 5058 489 5114 Ῠους
526 5037 553 5090 ὁ
612 5041 719 5092 τῶν
769 5038 1060 5113 ἐγκωμίων
1113 5036 1279 5111 ἐσμὸς
1325 5040 1640 5113 παρασύρει,
1689 5040 1777 5094 καὶ
1821 5039 1996 5102 οὐδεὶς

354 5127 412 5187 ὃς
468 5127 582 5202 οὐχ
643 5127 774 5199 ὑπερ
833 5126 996 5182 αὐτοῦ
1044 5128 1131 5183 καὶ
1179 5134 1292 5184 κατ’
1344 5128 1518 5184 αὐτῶν
1562 5128 1763 5202 γίνεται
1814 5130 1998 5203 ῥήτωρ

355 5211 589 5290 εὔπορος
624 5234 638 5249 ’
671 5211 876 5287 ἔπειτα,
911 5216 955 5271 εἰ
987 5223 1106 5279 τοῖς
1156 5215 1246 5272 διὰ
1295 5219 1417 5294 βίου
1455 5217 1849 5294 πονηροτάτοις
1901 5220 2002 5274 οὐκ

426 5362 541 5444 (24)
571 5361 862 5444 Cephalus
894 5368 1068 5444 notus
1090 5373 1174 5420 est
1204 5381 1235 5420 e
1265 5365 1456 5444 prime
1495 5365 1802 5422 Platonica:
1862 5366 1998 5444 Rei—

353 5433 604 5505 plnbica:
635 5433 803 5488 libro.
835 5439 920 5489 An
967 5436 1124 5492 hunc
1172 5433 1483 5505 respexerit
1523 5446 1712 5493 orator
1764 5439 1994 5500 nescio;

353 5504 457 5561 nec
503 5504 634 5576 quis
702 5505 780 5562 sit
844 5507 1188 5576 Aristophon
1220 5504 1318 5564 ille
1351 5510 1518 5564 facile
1556 5509 1820 5566 dixerim.
1845 5511 2000 5576 Quos

351 5576 485 5634 novi
523 5576 970 5650 Aristophontes
1029 5584 1191 5635 tanta
1237 5579 1467 5636 virtutis
1517 5580 1689 5636 laude
1736 5581 2002 5638 ﬂoruisse

2117 4681 2317 4738 multis
2349 4683 2622 4742 laudibus
2652 4685 2819 4743 illum
2851 4687 3250 4757 cumularent;
3287 4688 3539 4758 primum
3582 4685 3761 4752 enim,

2116 4787 2250 4828 cum
2283 4772 2562 4830 adversus
2590 4773 2761 4831 illum
2795 4775 2890 4832 isti
2949 4776 3150 4832 dicunt
3199 4793 3328 4848 qum
3377 4791 3493 4832 non
3538 4779 3764 4845 oportet

2110 4876 2313 4917 omnes
2343 4868 2656 4935 exsurgant
2689 4870 2751 4920 ut
2780 4882 2905 4936 quas
2937 4871 3162 4938 oportet
3182 4869 3251 4922 de
3276 4866 3374 4922 illo
3415 4867 3761 4931 edisserant,

2110 4959 2164 5006 et
2185 4951 2326 5007 duas
2356 4957 2457 5008 aut
2479 4958 2594 5010 tres
2616 4970 2818 5010 eorum
2841 4956 3092 5027 ineptias
3116 4957 3248 5012 laud
3260 4973 3358 5012 um
3386 4955 3565 5012 moles
3581 4959 3762 5012 trans-

2109 5041 2298 5108 vertit,
2327 5048 2384 5097 et
2413 5059 2582 5100 nemo
2614 5049 2703 5100 est
2729 5046 2828 5116 qui
2861 5061 2977 5100 non
3009 5063 3110 5118 pro
3149 5045 3246 5102 illo
3287 5050 3344 5103 et
3403 5050 3603 5102 contra
3660 5060 3758 5102 eos

2109 5130 2382 5200 copiosus
2413 5133 2654 5188 exsistat
2686 5139 2898 5190 orator.
2930 5135 3166 5204 Deinde,
3211 5135 3258 5191 si
3304 5137 3439 5207 quis
3494 5133 3761 5189 homines

2110 5235 2390 5289 perversae
2413 5222 2544 5279 vita
2565 5239 2679 5278 non
2704 5229 3004 5280 accusaret
3036 5231 3100 5280 ut
3131 5224 3476 5280 malefacere
3497 5230 3760 5296 pergant,

2111 5369 2372 5451 nondum
2407 5370 2682 5442 comperi.
2719 5369 2792 5425 Ea
2843 5371 3040 5428 forsan
3102 5373 3337 5429 nomina
3386 5376 3603 5428 temere
3652 5388 3760 5444 po-

2113 5443 2402 5590 sﬁéélDe
2439 5511 2882 5590 prov_erbio_&'vw
2933 5520 3194 5590 ποταμῶν
3258 5519 3502 5590 χῳρρῆσι
3562 5515 3759 5590 πηγαὶ,

2110 5581 2240 5639 vide
2271 5581 2528 5655 Gregorii
2559 5585 2750 5657 Cyprii
2782 5581 3108 5645 Proverbia.
3151 5581 3298 5644 tom:
3327 5581 3545 5644 CXLII.
3598 5581 3756 5644 Εὸιτζ
