4154 6216
397 345 510 406 371

1703 348 2099 412 THEODULI
2143 349 2498 412 MONACHI

3693 343 3816 404 372

395 483 532 540 inde
563 485 828 556 sequitur
861 491 918 540 et
948 499 1180 542 necesse
1207 499 1274 541 ex
1305 485 1485 542 altera
1515 489 1675 556 parte
1706 490 1770 541 ut
1809 487 1856 542 si
1905 483 2042 554 quid

2169 480 2216 537 ἰίν
2262 504 2345 544 τις
2393 480 2678 556 ἐγκαλέσαι
2735 481 2924 536 κακίαν
2981 483 3062 550 τῷ
3121 479 3493 548 συντετηκέναι
3535 478 3816 545 καθάπαν,

398 571 606 629 falsum
677 575 942 642 dixerint,
1013 590 1147 629 cum
1209 575 1445 630 veritate
1500 574 1835 646 loquantur.
1897 575 2043 644 Ergo

407 675 532 729 qua:
567 662 648 716 illi
681 662 1051 732 exprobrant,
1073 662 1196 719 haec
1226 678 1358 718 eum
1379 662 1660 734 optimum
1681 677 1809 719 esse
1840 663 2046 718 conﬁr-

406 756 590 817 mant,
624 756 681 806 et
711 751 987 822 quoniam
1020 752 1091 807 iis
1129 769 1256 823 qua:
1305 753 1647 824 exprobrant
1700 753 1873 806 fidem
1929 768 2044 807 non

410 841 640 906 habent,
674 843 773 896 sed
807 858 1022 912 susque
1074 844 1260 913 deque
1311 843 1538 914 penitus
1585 843 1872 908 feruntur,
1926 841 2046 896 haec

405 941 520 984 non
551 935 778 984 tantum
804 931 1192 998 innocentem,
1217 933 1316 987 ed
1337 937 1392 986 et
1417 931 1834 1002 praeclariorem
1867 945 2044 1001 quam

406 1027 573 1072 antea
616 1019 952 1085 ostendunt,
1017 1022 1157 1075 dum
1215 1021 1324 1092 ipsi
1377 1021 1436 1074 in
1487 1020 1891 1075 criminatione
1953 1019 2043 1072 in-

402 1112 663 1173 currunt,
693 1115 750 1163 et
777 1125 843 1164 ex
875 1109 1018 1180 ipsis
1049 1109 1154 1165 has
1186 1125 1384 1180 pmnas
1416 1126 1531 1164 non
1594 1107 2046 1180 reprehensione

403 1198 610 1266 dignas
640 1203 902 1266 sumunt,
936 1199 1090 1270 quod
1126 1198 1262 1254 mali
1285 1199 1490 1255 merito
1519 1203 1862 1269 arguuntur.

475 1464 533 1520 Si
565 1465 746 1536 igitur
775 1481 891 1521 non
937 1467 1108 1522 modo
1158 1483 1273 1522 non
1326 1466 1470 1522 citra
1517 1483 1750 1522 omnem
1788 1467 2044 1538 culpam,

408 1555 508 1608 sed
541 1562 600 1608 et.
649 1555 904 1625 optimus
943 1556 1111 1626 plane
1170 1556 1476 1620 exstiterit,
1530 1561 1588 1612 et
1633 1573 1934 1628 perversos
1982 1572 2050 1613 ac

402 1643 680 1699 scelestos
712 1645 1156 1701 calumniatores
1190 1662 1393 1702 omnes
1423 1651 1628 1717 sponte
1659 1648 2046 1718 redarguerit,

404 1735 694 1803 quomodo
734 1750 848 1788 non
900 1749 1136 1790 necesse
1185 1737 1256 1789 sit
1307 1733 1472 1790 illum
1523 1736 1756 1805 quidem
1810 1737 2046 1792 honori-

2155 571 2423 626 ἀκόλουθο
2449 595 2474 624 ν
2503 570 2562 626 ἂν
2617 569 2702 640 εἷή
2734 570 2824 624 καὶ
2871 573 3014 624 πᾶσα
3044 567 3253 643 ἀνάγκη
3305 568 3442 622 κατά
3479 573 3578 635 τῆς
3625 565 3822 641 ἑτέρας

2157 661 2398 735 μερίδος,
2432 661 2522 716 ἐάν
2552 685 2603 717 τι
2661 661 2934 737 σφαλῶσι,
2987 660 3103 733 μετ’
3153 657 3414 728 ἀληθείας
3463 659 3705 736 χρῆσθαι
3740 658 3816 728 τῇ

2152 749 2396 825 γλώττῃ.
2441 752 2656 806 Οὐκοῦν
2717 753 2801 810 οἷς
2867 750 2960 822 μὲν
3018 748 3180 802 αὐτὸν
3235 747 3538 815 αἰτιῶνται,
3591 744 3818 805 τούτοις

2155 841 2228 900 ὡς
2283 837 2396 893 ἔστι
2439 841 2681 915 χρηστὸς
2725 833 3034 913 βεϐαιοῦσιν
3079 857 3093 870 ’
3150 837 3229 898 οἷς
3275 833 3324 890 δ’
3371 835 3432 890 ού
3475 836 3817 911 προσάγουσι

2153 928 2332 983 πίστιν
2389 931 2476 990 οἷς
2529 929 2836 995 αἰτιῶνται,
2889 924 3015 982 ἀλλ’
3087 925 3275 987 ὁπλῶς
3333 925 3446 980 ἀνω
3512 926 3605 980 καὶ
3662 924 3817 979 κάτω

2155 1023 2434 1092 χωροῦσιν
2462 1019 2607 1088 εἰκῆ,
2637 1019 2858 1082 τούτοις
2903 1017 3064 1071 αὐτὸν
3110 1015 3210 1070 οὐκ
3267 1015 3342 1077 εἰς
3374 1012 3651 1076 ἀναιτίους
3705 1012 3818 1085 μό-

2153 1127 2264 1172 νον,
2324 1105 2469 1162 ἀλλά
2509 1109 2602 1162 καὶ
2663 1106 3082 1180 λαμπροτέρους
3147 1106 3183 1174 ἢ
3252 1104 3486 1180 πρόσθεν
3553 1104 3816 1172 τιθέντες,

2157 1197 2244 1250 ὑπ’
2271 1195 2450 1258 ατςίαν
2492 1202 2626 1275 σφᾶς
2676 1194 2872 1257 αὐτους
2921 1199 3227 1264 κασιστᾶσι,
3263 1194 3355 1250 καὶ
3397 1191 3552 1263 δίκην
3606 1192 3814 1263 ταύτην

2153 1286 2276 1360 παρ’
2318 1285 2494 1340 αὐτῶν
2544 1280 2916 1358 λαμϐάνουσιν
2968 1285 3029 1340 ού
3091 1285 3374 1358 μεμπτὴν,
3405 1283 3468 1338 τὸ
3516 1283 3675 1339 κακοὶ
3721 1303 3820 1337 κα-

2156 1374 2268 1434 λῶς
2301 1371 2510 1451 σφόδρα
2542 1381 2798 1451 φανῆναι.

2227 1463 2290 1520 Εἴ
2317 1463 2497 1520 τοίνυν
2546 1466 2574 1519 ὁ
2628 1465 2722 1537 μὲν
2757 1463 2856 1520 οὐκ
2904 1467 3094 1521 αἰτιῶν
3141 1465 3412 1540 ἀνώτερος
3447 1465 3634 1536 μόνον,
3667 1461 3819 1518 ἀλλὰ

2155 1552 2244 1606 καὶ
2301 1555 2542 1628 χρηστὸς
2601 1553 2940 1610 παντάπασιν
3001 1552 3182 1620 ὧπτο,
3217 1555 3269 1608 οἱ
3313 1550 3369 1608 δὲ
3423 1553 3661 1628 πονηροὶ
3723 1551 3817 1606 καὶ

2161 1643 2351 1718 μιαροὶ
2425 1644 2515 1698 καὶ
2593 1648 3052 1717 συκοφαντοῦντες
3126 1644 3373 1718 ἀτεχνῶς
3441 1640 3529 1697 διὰ
3594 1643 3815 1697 πάντων

2155 1730 2532 1807 ἠλέγχθησαν,
2583 1737 2702 1794 πῶς
2749 1731 2848 1788 ούκ
2893 1732 3104 1808 ἀνάγκη
3137 1733 3230 1787 τὸν
3263 1733 3361 1804 μὲν
3415 1733 3502 1786 καὶ
3545 1733 3818 1805 τιμᾶσθοι

402 1824 514 1876 bus
553 1822 705 1876 afﬁci
752 1828 810 1877 et
841 1824 1186 1878 muneribus
1238 1825 1460 1894 donari,
1523 1830 1579 1880 et
1637 1841 1770 1880 cum
1831 1827 2050 1896 majore

2169 1821 2254 1875 καὶ
2303 1819 2520 1895 δωρεῶν
2568 1820 2886 1891 ἀπολαύειν,
2927 1823 3018 1877 καὶ
3073 1821 3208 1894 μετά
3258 1822 3502 1894 μείζονος
3550 1823 3586 1892 ἢ
3641 1821 3822 1896 πρόσο

405 1926 578 1980 quam
611 1916 784 1965 antea
813 1912 1118 1980 splendore
1153 1913 1325 1966 rebus
1357 1913 1608 1982 publicis
1630 1913 1972 1982 immisceri,
1997 1920 2053 1970 et

405 2007 638 2072 propter
670 2017 882 2071 mores,
913 2008 971 2056 et
1029 2009 1268 2074 propter
1325 2005 1536 2060 bonam
1600 2006 1842 2075 famam,
1910 2006 2061 2062 istos

403 2095 598 2144 autem
630 2091 760 2146 odio
791 2107 916 2146 esse
967 2097 1026 2146 et
1069 2109 1272 2162 poenas
1323 2097 1569 2164 pendere
1628 2080 2065 2164 protervitatis?

406 2186 503 2233 aut
559 2180 768 2250 potius,
823 2181 874 2234 si
926 2196 1123 2252 equas
1174 2183 1425 2251 pendent
1472 2183 1548 2254 (et
1587 2184 1859 2252 pendent,
1908 2193 2061 2240 certo

401 2267 541 2336 scio,
607 2274 668 2322 ut
751 2269 966 2324 accidit
1055 2271 1258 2342 saepe),
1318 2271 1430 2342 ipsi
1487 2273 1754 2328 meliores
1825 2274 2061 2340 posthac

405 2357 667 2423 evadent,
695 2365 750 2413 et
813 2359 1110 2414 neminem
1170 2360 1436 2416 omnium
1490 2363 1695 2416 eadem
1766 2363 2062 2434 suscipere

407 2445 680 2514 arbitror,
727 2463 976 2517 gnarum
1015 2464 1142 2518 qua:
1187 2449 1458 2518 patietur.
1513 2449 1573 2504 Si
1625 2450 1800 2522 enim,
1862 2451 1910 2508 si
1961 2452 2061 2523 qui

411 2540 580 2590 antea
611 2535 736 2590 haec
759 2536 972 2591 delicta
991 2539 1362 2594 admiserunt
1384 2555 1554 2610 pcena
1597 2541 1850 2596 fuissent
1899 2541 2059 2597 mul-

415 2624 533 2692 tati,
565 2641 678 2681 non
709 2627 832 2680 haec
885 2626 983 2680 isti
1033 2627 1348 2698 fecissent;
1389 2634 1512 2698 aut,
1551 2629 1683 2684 istis
1703 2645 1862 2685 nunc
1886 2629 2056 2686 casti-

414 2715 582 2784 gatis,
613 2713 764 2770 alius
796 2731 910 2770 non
957 2717 1148 2782 faciet,
1200 2716 1337 2786 quia
1383 2718 1668 2788 homines,
1713 2721 1834 2774 sive
1864 2719 2057 2789 bonis,

416 2803 537 2860 sive
584 2803 756 2859 malis
785 2805 1068 2875 exemplis
1101 2807 1563 2876 praecedentibus
1595 2809 1679 2863 uti
1739 2823 2058 2866 consueve-

416 2895 575 2946 runt.

486 2980 824 3049 Considera,
866 2983 1200 3055 imperator,
1251 2990 1388 3056 quot
1439 2985 1609 3042 nobis
1655 2987 1942 3042 bonorum
1995 2987 2056 3043 in

418 3071 686 3140 praesenti
718 3075 922 3126 auctor
947 3073 1083 3140 eris,
1117 3075 1163 3129 si
1195 3075 1313 3130 huic
1336 3075 1510 3131 facias
1540 3092 1554 3130 :
1580 3075 1855 3132 virtutem
1897 3076 2054 3131 enim

415 3160 651 3215 maximi
682 3161 868 3215 facere
905 3164 1213 3234 videberis,
1264 3170 1322 3219 et
1369 3165 1696 3220 calumnias
1744 3170 2056 3236 praesentes

415 3249 749 3315 auterendo,
797 3256 854 3304 et
900 3266 971 3304 en
1039 3255 1230 3308 futuro
1291 3255 1411 3308 sint
1474 3255 1867 3326 impediendo.
1915 3256 2060 3310 Cum

421 3341 533 3395 illa:
566 3357 594 3395 e
623 3344 814 3397 medio
847 3343 1141 3411 tollentur,
1171 3346 1348 3400 simul
1381 3348 1678 3402 auferetur
1717 3345 1833 3402 alia
1879 3347 2062 3403 malo-

423 3447 547 3488 rum
579 3433 776 3501 series,
801 3440 858 3488 et
886 3441 1087 3489 contra
1116 3437 1332 3507 Optima
1373 3453 1618 3508 quaeque
1647 3437 1979 3503 afferentur,
2015 3437 2061 3492 si

423 3523 658 3591 quidem
709 3523 1018 3579 calumniis
1061 3525 1337 3595 expulsis,
1390 3527 1717 3581 secundum
1772 3527 2066 3598 sapienter

427 3614 666 3674 dictum,
701 3614 914 3682 cuique
943 3614 1140 3666 virtuti
1173 3613 1462 3684 praebetur
1480 3613 1836 3670 subsidium.
1869 3614 1930 3669 Si
1959 3613 2065 3669 hac

422 3706 690 3762 felicitate
721 3713 774 3762 te
806 3711 1085 3779 regnante
1115 3707 1422 3762 bearentur
1460 3707 1741 3773 civitates,
1773 3709 1831 3760 et
1859 3720 2063 3760 omnes

420 3795 550 3850 boni
583 3799 911 3865 evaderent,
945 3797 1051 3850 hoc
1085 3797 1278 3866 maius
1329 3802 1482 3852 esset
1530 3795 1636 3850 tibi
1695 3811 1837 3850 sane
1885 3809 2058 3866 quam

411 3886 604 3940 omnia
636 3903 764 3956 quae
807 3886 921 3940 dici
951 3890 1211 3956 possent,
1242 3891 1298 3941 et
1328 3887 1540 3951 omnis,
1595 3889 1658 3940 ut
1707 3886 1788 3939 ita
1845 3885 2060 3950 dicam,

409 3975 564 4029 orbis
605 3975 917 4046 imperium
979 3992 1092 4030 non
1143 3982 1299 4030 tanta
1349 3993 1440 4032 res
1486 3979 1660 4042 esset,
1705 3975 1842 4046 quia
1889 3988 2059 4029 omne

408 4082 614 4121 aurum
649 4067 801 4137 quod
835 4068 946 4123 sub
979 4075 1129 4123 terra
1164 4073 1264 4122 aut
1297 4085 1468 4140 super
1515 4074 1670 4123 terra
1720 4071 1807 4122 est
1857 4063 2060 4120 virtuti

409 4171 524 4210 non
553 4161 641 4211 est
672 4157 1172 4228 sequiperandum.

482 4247 608 4302 Haec
639 4261 792 4318 ergo,
827 4246 943 4302 Deo
975 4247 1168 4317 dante,
1203 4265 1235 4303 ο
1275 4247 1610 4319 imperator,
1643 4251 1699 4303 et
1725 4251 1780 4302 te
1829 4243 2060 4300 volente

412 4335 704 4392 celerrime
735 4337 1032 4408 praebeas;
1067 4337 1164 4391 isti
1207 4343 1427 4404 autem,
1477 4337 1634 4408 (quid
1685 4336 1839 4392 enim
1891 4333 2060 4407 plura

413 4432 481 4486 de
503 4429 587 4486 eis
608 4431 1036 4502 oportetdicere
1075 4429 1186 4486 nisi
1224 4431 1378 4502 quod
1417 4431 1534 4486 sint
1571 4428 1773 4501 mali?)
1806 4428 1854 4484 si
1902 4427 2060 4498 leges

410 4519 768 4588 timuissent,
800 4537 915 4575 non
949 4521 1090 4575 illud
1123 4526 1322 4576 contra
1352 4519 1506 4592 leges
1549 4519 1821 4574 fecissent
1852 4535 1864 4572 :
1901 4531 2058 4571 nunc

2172 1911 2256 1964 θεν
2304 1915 2400 1964 τοῦ
2445 1913 2734 1986 σχήματος
2783 1917 2898 1974 τοῖς
2947 1913 3258 1988 πράγμασιν
3306 1910 3546 1986 ὁμιλεῖν,
3597 1915 3703 1966 τῶν
3761 1931 3823 1966 τε

2172 1997 2628 2073 ε’ίνεκαίτρόπων,
2675 2004 2773 2056 τοῦ
2811 2022 2870 2056 τε
2915 2006 3097 2063 κακῶς
3147 2000 3396 2069 ἀκοῦσαι,
3443 2001 3572 2064 τοὺς
3629 1997 3686 2055 δὲ
3725 2003 3818 2054 καὶ

2172 2091 2442 2164 μισεῖσθαι
2483 2091 2571 2144 καὶ
2620 2087 2780 2160 δίκην
2827 2089 3049 2169 ὑπέχειν
3088 2097 3189 2160 τῆς
3224 2087 3514 2166 βδελυρίας
3545 2108 3560 2159 ;
3597 2087 3821 2164 μᾶλλον

2169 2177 2245 2248 δὲ,
2275 2181 2373 2247 τήν
2405 2175 2762 2256 γιγνομέντην
2796 2179 2884 2234 ἐὰν
2940 2179 3255 2256 ὑπόσχωσιν
3311 2178 3606 2256 (ὐφέξουσι,
3641 2175 3723 2249 δὲ,
3759 2177 3821 2234 εὖ

2170 2265 2307 2338 οἶδα,
2349 2269 2424 2330 ὡς
2465 2266 2570 2323 ἔδει
2630 2289 2691 2343 γε
2742 2268 2834 2323 καὶ
2877 2267 3200 2340 πολλάκις),
3242 2265 3395 2324 αὒτοί
3448 2289 3506 2323 τε
3566 2265 3828 2342 βελτίους

2169 2353 2381 2412 ἔσονται
2427 2361 2525 2412 τοῦ
2573 2355 2796 2427 λοιποῦ,
2827 2359 2914 2412 καὶ
2959 2355 3132 2412 οὐδέν’
3189 2353 3268 2412 ἓτ³
3325 2357 3482 2430 οἶμαι
3539 2360 3649 2411 τῶν
3681 2357 3826 2412 πάν-

2165 2438 2272 2501 των
2321 2452 2438 2508 τοῖς
2495 2445 2680 2508 αὐτοῖς
2713 2445 3084 2522 ἐγχειρήσειν,
3136 2445 3296 2508 εἰδὼς
3343 2449 3456 2518 (26)
3484 2445 3517 2501 ἂ
3547 2447 3822 2502 πείσεται.

2167 2535 2231 2590 Ei
2272 2535 2400 2611 γάρ,
2430 2534 2483 2590 εἷ’
2509 2537 2560 2610 γ’
2606 2537 2658 2591 o't
2717 2537 2824 2611 πρὸ
2875 2537 3084 2592 τούτων
3135 2537 3305 2592 ταυτα
3351 2533 3824 2610 πλημμελαῦννες

2164 2624 2554 2698 ἐτιμωροῦντο,
2613 2624 2712 2680 ούκ
2767 2621 2826 2679 ἂν
2889 2646 3040 2680 ουτοι
3100 2629 3249 2680 ταῦτ’
3303 2622 3568 2700 ἔδρασαν·
3625 2627 3660 2694 ἧ
3709 2647 3824 2680 που

2162 2713 2369 2769 τούτων
2397 2715 2511 2768 νυνὶ
2541 2712 2938 2785 κολασθέντων,
2961 2715 3134 2776 ἄλλος
3186 2715 3249 2770 οὗ
3292 2711 3498 2790 δράσει,
3541 2713 3819 2770 εἰωθότων

2164 2803 2239 2866 ὡς
2270 2805 2337 2858 τὰ
2382 2802 2570 2858 πολλὰ
2617 2809 2725 2858 νῶν
2774 2805 3091 2879 ἀνθρώπων,
3122 2803 3220 2858 κάν
3251 2809 3368 2866 τοῖς
3398 2809 3690 2880 χρηστοῖς,
3716 2803 3819 2859 κᾶν

2165 2897 2283 2955 τοῖς
2334 2891 2588 2969 φαύλοις,
2622 2889 3023 2968 παραδείγμασι
3061 2897 3178 2955 τοῖς
3207 2895 3437 2970 φθάσασι
3472 2899 3745 2972 χρῆσφαι.

2239 2982 2438 3037 Σκόπει
2482 2979 2558 3048 δὲ,
2607 2981 2652 3036 ὦ
2708 2981 2952 3056 βασιλεῦ,
2995 2980 3134 3036 ὅσων
3167 2983 3305 3055 ἡμῖν
3343 2981 3561 3058 ἀγαθῶν
3601 2981 3691 3036 ἐπὶ
3722 2985 3825 3038 τοῦ

2170 3074 2442 3143 παρόντος
2473 3071 2648 3133 αἶ’τιος
2691 3071 2805 3148 ἔσῃ,
2853 3075 3002 3128 ταῦτ’
3060 3073 3409 3148 εἰργασμένος
3439 3093 3453 3108 ο
3503 3071 3700 3149 ἀρετήν
3760 3095 3825 3129 σε

2093 3206 2135 3271 C
2172 3162 2278 3237 γάρ
2311 3159 2483 3235 δόξεις
2516 3163 2638 3238 περὶ
2678 3161 2940 3218 πλείστου
2989 3164 3284 3234 ποιεῖσθαι,
3315 3164 3406 3218 καὶ
3455 3163 3822 3238 συκοφαντίαν

2263 3270 2270 3271 ί
2319 3254 2342 3266 ν
2518 3253 2535 3271 κ
2628 3253 2642 3271 ν
2803 3257 2826 3268 «ο
2908 3247 2932 3270 Ἰ
3029 3253 3054 3271 Α
3163 3249 3205 3271 με
3319 3250 3400 3271 9“
3605 3251 3632 3271 η

2172 3254 2444 3326 παροῦσαν
2478 3253 2572 3324 μὲν
2618 3253 2872 3326 ἀναιρεῖν,
2907 3247 3113 3306 ἔσεσθαι
3159 3249 3217 3306 δὲ
3269 3250 3582 3324 μέλλουσαν
3605 3251 3824 3328 ἵσχειν.

2171 3341 2380 3410 Ταύτης
2420 3337 2476 3394 δὲ
2517 3341 2816 3414 γενομένης
2865 3339 2926 3396 ἐκ
2979 3339 3167 3412 μέσου,
3216 3341 3536 3396 συναπέσται
3580 3342 3677 3414 μὲν
3728 3341 3826 3396 καὶ

2173 3431 2202 3484 ὁ
2235 3430 2430 3491 λοιπὸς
2479 3429 2722 3504 ὁρμαθὸς
2757 3431 2868 3485 τῶν
2914 3433 3114 3502 κακῶν,
3168 3430 3708 3502 ἀντεισενεχθήσεται
3762 3428 3826 3486 δὲ

2172 3523 2274 3574 πᾶν
2323 3519 2386 3573 τὸ
2439 3517 2744 3594 βέλτιστον,
2805 3517 2955 3593 ε’ίπερ
3010 3519 3073 3572 τὸ
3131 3539 3469 3597 συκοφαντας
3547 3517 3824 3596 ἀφεῖσθαι,

2171 3607 2307 3662 κατὰ
2351 3607 2446 3662 τὸν
2496 3606 2753 3680 εἰρηκότα
2815 3609 2998 3684 σοφὸν,
3051 3607 3246 3683 ἀρετῆς
3296 3607 3402 3664 ἔστ’
3445 3606 3662 3686 ἐφόδιον
3712 3610 3823 3665 πά-

2172 3718 2292 3767 σης.
2326 3697 2392 3754 Εἰ
2422 3694 2479 3751 δὶ
2506 3697 2596 3751 καὶ
2627 3699 2724 3766 τήν
2757 3694 3108 3768 έύδαιμονίαν
3149 3695 3236 3754 ἐπὶ
3277 3697 3376 3752 σοῦ
3403 3699 3604 3770 ταύτην
3637 3696 3822 3754 εὐδαι-

2175 3787 2466 3858 μονήσαιεν
2517 3787 2571 3841 αἱ
2621 3785 2836 3854 πόλεις,
2881 3787 2975 3841 καὶ
3020 3788 3262 3862 γένοιντο
3311 3788 3502 3850 πάντες
3556 3789 3827 3863 χρηστοὶ,

2169 3895 2331 3929 τουτο
2388 3876 2456 3944 ἦν
2515 3897 2600 3930 σοι
2663 3881 2850 3949 μεῖζον
2906 3877 3035 3930 ὅτου
3095 3898 3178 3939 τις
3228 3876 3288 3932 ἂν
3320 3874 3496 3948 δήπου
3537 3877 3822 3956 καὶιραίη.

2170 3965 2258 4018 καὶ
2318 3963 2442 4020 οὔτε
2499 3967 2561 4020 τὸ
2617 3967 2924 4040 ξυμπάσης,
2959 3967 3033 4028 ὡς
3096 3966 3288 4034 εἰπεῖν,
3333 3973 3431 4036 τῆς
3486 3967 3826 4040 οἰκουμένης

2169 4060 2383 4127 κρατεῖν
2413 4060 2641 4131 πρᾶγμα
2693 4059 2973 4122 τοσοῦτον,
3007 4057 3034 4111 ὁ
3067 4059 3115 4112 θ’
3165 4057 3268 4112 ὑπὸ
3299 4063 3404 4132 γῆν
3448 4077 3506 4112 τε
3535 4057 3627 4112 καὶ
3679 4058 3819 4132 ὑπὲρ

2169 4151 2268 4217 γῆν
2300 4144 2441 4206 ἀπας
2477 4145 2680 4219 χρυσὸς
2712 4145 2810 4200 οὐκ
2839 4145 3084 4218 ἀντάξιος
3107 4147 3326 4222 ἀρετῆς.

2323 4237 2346 4248 -
2499 4235 2515 4252 ς
2631 4233 2658 4252 τ
2855 4239 2880 4250 ..
3021 4236 3032 4254 ,
3227 4236 3255 4254 ν
3512 4241 3539 4252 -
3673 4238 3687 4255 ε
3790 4241 3820 4252 ..

2241 4239 2426 4289 Ταυτα
2459 4253 2552 4308 μεν
2595 4256 2716 4302 ουν,
2750 4240 2885 4290 Θεου
2918 4232 3186 4305 διδοντος,
3219 4256 3265 4290 ω
3318 4234 3564 4304 βασιλευ,
3597 4259 3689 4292 και
3723 4258 3825 4292 σου

2172 4323 2534 4397 βουλομένου,
2592 4326 2807 4400 τάχισθ’
2862 4324 3088 4399 ὓπάρξαι
3139 4345 3152 4356 ο
3205 4325 3256 4378 οἳ
3315 4321 3392 4394 δὲ,
3449 4325 3525 4400 (τί
3591 4328 3694 4402 γὰρ
3739 4325 3827 4382 δεῖ

2167 4413 2344 4470 πλείω
2388 4414 2511 4488 περὶ
2566 4414 2772 4472 τούτῶν
2835 4413 3104 4488 διεξιέναι,
3165 4417 3238 4477 ὡς
3299 4415 3398 4471 εἶεν
3480 4418 3639 4472 κακοί
3674 4419 3716 4488 ς)
3773 4419 3821 4472 εἰ

2171 4504 2266 4576 μὲν
2322 4501 2655 4558 ἐδεδοίκεσαν
2713 4505 2840 4566 τοὺς
2894 4505 3120 4576 νόμους,
3155 4503 3252 4558 οὔκ
3309 4504 3370 4558 ἂν
3430 4509 3584 4559 ταῦτ’
3640 4501 3816 4580 ἔδρων

411 4615 605 4665 autem
662 4625 794 4664 cum
845 4610 1260 4665 calumniando
1309 4591 1656 4680 deprehensi
1723 4608 1843 4664 sint
1891 4621 2050 4662 men-

2169 4595 2311 4670 παρά
2337 4595 2464 4656 τοὺς
2497 4593 2698 4666 νόμους
2733 4613 2746 4626 ο
2779 4599 2869 4648 νῦν
2905 4591 2953 4648 δ’
3001 4595 3090 4656 οἷς
3140 4599 3598 4672 συκοφαντοῦντες
3647 4594 3826 4652 ἑάλω-

411 4701 574 4757 dacis
606 4718 708 4774 pro
742 4702 890 4758 veris
921 4701 1160 4756 ﬁnxisse
1181 4706 1238 4754 et
1288 4699 1653 4756 maledixisse
1703 4699 1790 4754 cui
1842 4712 2055 4754 secun-

408 4794 548 4848 dum
575 4792 730 4864 leges
754 4793 1094 4847 benedicere
1118 4791 1317 4862 utique
1340 4787 1946 4860 debebant,siquidem
1968 4786 2057 4842 lex

409 4882 786 4952 potissimum
821 4886 908 4935 est
939 4881 1116 4936 bonos
1145 4879 1349 4946 vereri,
1385 4884 1524 4934 tunc
1557 4895 1618 4935 se
1676 4877 1836 4934 nullo
1883 4876 2054 4931 modo

409 4970 566 5042 leges
599 4971 756 5041 pensi
792 4971 1003 5025 habere
1024 4969 1422 5025 ostenderunt.
1475 4973 1589 5024 Aut
1633 4967 1850 5039 potius,
1891 4964 2054 5037 quasi

409 5061 566 5134 leges
591 5077 706 5116 non
729 5060 1012 5131 vigerent,
1039 5064 1136 5114 aut
1156 5059 1214 5113 in
1238 5059 1536 5114 codicibus
1584 5057 1868 5112 inutiliter
1900 5053 2055 5125 vige-

413 5157 561 5220 rent,
595 5155 652 5204 et
684 5165 787 5204 nec
811 5149 1042 5219 judices
1077 5153 1227 5204 recte
1260 5148 1614 5219 judicarent,
1653 5163 1756 5202 nec
1801 5143 2054 5215 corrige-

411 5245 570 5297 retur
591 5241 962 5312 perversitas,
1015 5245 1071 5293 et
1117 5237 1438 5309 praesertim
1492 5254 1608 5293 non
1648 5240 1732 5305 tu,
1783 5253 1815 5290 ο
1863 5235 2054 5304 impe-

410 5335 583 5398 rator,
613 5343 840 5400 semper
870 5328 1091 5400 optima
1147 5343 1392 5399 quaeque
1442 5325 1717 5382 omnibus
1748 5328 2052 5395 exoptares

409 5423 465 5475 et
495 5419 676 5490 capiis
708 5417 966 5474 munires
1015 5417 1324 5489 imperium
1385 5421 1448 5472 ut
1513 5430 1749 5472 omnem
1809 5427 2054 5486 prorsus

2168 4703 2262 4738 σαν
2293 4685 2355 4738 τὸ
2385 4683 2451 4738 τὰ
2499 4683 2576 4757 μὴ
2628 4679 2756 4738 ὄντα
2801 4683 2876 4745 ὡς
2923 4679 3053 4739 ὄντα
3093 4681 3434 4756 δυμπλάσαι,
3483 4685 3575 4740 καὶ
3633 4690 3822 4748 κακῶς

2167 4773 2336 4828 εἰπεῖν
2388 4773 2446 4828 ὃν
2498 4770 2609 4828 ἔδει
2655 4773 2792 4828 κατὰ
2838 4773 3044 4847 νόμους
3112 4773 3320 4844 καλῶς,
3373 4773 3524 4849 ε’ίπερ
3575 4773 3824 4848 μάλιστα

2163 4865 2337 4936 νόμος
2369 4863 2430 4917 τὸ
2459 4867 2621 4935 τιμᾷν
2652 4863 2778 4923 τοὺς
2811 4862 3084 4936 ἀρίστους,
3110 4861 3324 4924 τούτοις
3355 4863 3430 4925 ὡς
3476 4861 3592 4918 οὐδ’
3633 4863 3819 4920 ὁτιοῦν

2165 4954 2308 5031 ςφίσι
2345 4953 2500 5028 μέλει
2547 4957 2656 5008 τῶν
2706 4954 2894 5027 νάμων
2945 4950 3171 5026 ἔδειξαν.
3223 4950 3457 5009 Μᾶλλον
3511 4951 3588 5021 δὲ,
3631 4954 3821 5030 ὥσπερ

2161 5046 2348 5118 νόμων
2406 5044 2504 5099 οὐκ
2561 5037 2815 5112 ὅντων,ἢ
2874 5042 3169 5119 γράμματα
3224 5039 3413 5104 ἄλλως
3473 5041 3666 5112 ὅντων,
3725 5045 3820 5100 καὶ

2167 5137 2306 5208 μήτε
2346 5131 2611 5189 δικαστῶν
2664 5132 2840 5208 ὀρθῶς
2901 5129 3254 5203 δικαζόντων,
3309 5134 3448 5206 μήτε
3512 5132 3822 5209 ποντηρίας

2162 5225 2546 5298 εύθυνομένης,
2593 5223 2684 5279 καὶ
2723 5224 2784 5279 τὸ
2829 5225 3108 5300 μέγιστον,
3162 5225 3237 5296 μὴ
3297 5227 3417 5292 σοῦ,
3458 5223 3504 5276 ὦ
3560 5221 3821 5297 βασιλευ,

2162 5316 2266 5370 αἰεὶ
2335 5321 2402 5369 τᾶ
2479 5312 2682 5388 βελτίω
2761 5310 2850 5367 διὰ
2922 5309 3136 5367 πάντων
3192 5313 3673 5388 προθυμουμένου,
3721 5313 3819 5369 καί

2167 5401 2550 5481 στρατοπέδοις
2602 5403 2943 5479 τειχίζοντος
3001 5403 3100 5472 τὴν
3151 5401 3357 5477 ἀρχὴν,
3418 5401 3498 5480 ἐφ’
3545 5402 3592 5474 ᾧ
3641 5408 3818 5460 πᾶσαν

484 5619 597 5688 (26)
633 5618 690 5674 Si
725 5615 903 5672 εἰδότα
967 5618 1137 5689 scrip:
1158 5617 1316 5685 isset,
1374 5619 1768 5675 soloecismum
1805 5614 2126 5690 effugisset.
2178 5613 2286 5670 Sed
2331 5611 2596 5669 meliores
2645 5610 2950 5669 Thendulo
2985 5615 3251 5671 auctores
3293 5612 3349 5670 in
3421 5611 3529 5668 hac
3584 5613 3816 5686 syntaxi

415 5688 694 5764 titubant,
725 5697 921 5763 emptis
953 5688 1260 5764 synt’axeos
1295 5690 1682 5765 negligentius
1710 5689 1896 5746 obliti.
