4154 6216
256 389 357 452 373
1057 387 1350 449 ORATIO
1394 391 1498 450 AD
1542 391 1918 455 ANGELUM
1966 394 2778 458 STBATOPEDABCHAM.
3500 401 3622 459 374

256 521 543 586 παντάπασιν
592 515 896 586 ἐληλάσθαι
953 518 1130 587 καίαν,
1191 517 1342 576 οὗτοι
1401 525 1550 578 ταῦτ’
1613 523 1858 598 ἐτόλμη-

1977 528 2254 586 malitiam
2289 529 2596 603 expellant,
2635 533 2730 590 ἱειὶ
2762 533 2884 590 haec
2929 532 3056 590 ausi
3089 537 3230 590 sunt
3262 507 3616 606 pretiosissi-

256 631 333 665 σαν
360 607 582 680 μάλιστα
610 606 703 680 μὲν
747 650 759 662 .
806 651 818 662 .
857 649 870 664 .
918 649 929 661 .
975 649 988 662 .
1023 608 1161 680 (27).

1969 636 2128 676 mum
2160 621 2519 693 quidem.....

305 775 408 848 (27)
435 777 527 848 Ain,
564 774 669 830 hac
715 775 1345 848 vocepinterrumpitur
1390 781 1590 836 codex.
1627 810 1692 822 —
1725 781 1864 846 Quis
1973 781 2306 838 Theodulus
2350 785 2612 840 oratione
2661 785 2808 840 intra
2841 787 2908 841 ad
2943 785 3308 844 Theodorum
3343 788 3620 846 Metochi-

244 845 393 904 fuerit
434 845 608 917 hujus
658 845 936 920 apologis;
987 845 1293 905 successus
1346 849 1469 921 ipse
1513 867 1620 909 nos
1669 845 1868 910 decuit
1976 859 2120 910 tam.

543 1220 1980 1400 ΘΕΟΔΟΥΛΟΥ
2132 1229 3301 1404 ΜΟΝΑΧΟΥ

1841 1506 1995 1559 ΗΤΟΙ

895 1671 1388 1802 ΘΩΜΑ
1488 1674 1835 1805 ΤΟΥ
1934 1675 2824 1807 ΜΑΓΙΣΤΡΟ
2857 1681 2942 1805 Υ

1637 1913 1962 1966 ΠΡΟΣΦΩΝ
1975 1915 2218 1966 ΗΤΙΚΟΣ

523 2077 696 2205 Τῼ
783 2078 1294 2204 ΜΕΓΑΛῼ
1375 2080 2474 2206 ΣΤΡΑΤΟΠΕΔΑΡΧῌ
2555 2080 2722 2211 Τῼ
2806 2080 3295 2210 ΑΓΓΕνῼ

883 2397 1916 2566 THEODULI
2029 2399 2954 2572 MONACHI

1144 2829 1785 2954 THOM/E
1872 2828 2694 2959 MAGISTRI

1493 3051 1760 3110 ORATIO
1801 3049 2356 3111 GRATULATORIA

859 3205 1261 3298 ΜόργΝο
1346 3206 2043 3298 ΕΧΕΙὶΟΙΤΙΙΜ
2129 3207 2400 3297 DUCI
2492 3207 2980 3300 ANGELO.

296 3523 369 3580 ΑΖ
401 3522 516 3581 Οὐκ
545 3522 652 3596 ἄρα
679 3517 844 3593 λόγος
871 3519 941 3587 ἦρι
986 3515 1195 3586 ἄλλως,
1247 3516 1368 3590 περὶ
1400 3514 1433 3570 ’ὰ
1482 3519 1577 3570 σοῦ
1627 3515 1856 3589 πρόσθεν

2041 3519 2084 3576 Ι.
2125 3517 2252 3576 Non
2307 3518 2506 3576 inania
2554 3534 2697 3578 sane
2751 3520 2925 3577 verba
2976 3520 3230 3590 fuerunt,
3264 3537 3390 3594 quae
3438 3521 3510 3580 de
3562 3527 3616 3580 te

237 3611 491 3684 ἠκοῦομεν
526 3630 538 3642 ·
595 3605 723 3664 ἀλλ’
764 3607 1006 3682 ἀτεχνῶς
1068 3605 1206 3661 αὐτὰ
1271 3606 1338 3659 τὰ
1385 3604 1536 3675 ὄντα,
1578 3602 1763 3679 ὥσπερ
1809 3603 1860 3658 ἐν

240 3701 556 3780 σκιαγραφίᾳ
588 3695 1060 3774 φιλοτιμουμένης
1111 3701 1454 3771 παραστῆσαι
1499 3697 1597 3764 τῆς
1647 3697 1863 3774 φήμης,

239 3791 303 3845 ὧν
335 3789 390 3845 ἂν
423 3793 538 3865 μετ’
592 3787 781 3865 ὀλίγον
832 3790 1014 3862 τυχεῖν
1059 3783 1368 3859 ἐμέλλομεν
1399 3804 1413 3818 ο
1446 3783 1514 3839 τὰ
1559 3781 1616 3839 δὲ
1664 3784 1730 3853 ἦν
1783 3784 1865 3839 ὅτι

236 3881 322 3943 τὰς
361 3878 652 3955 Ἀχελώου
703 3883 970 3952 σειρῆνας,
1000 3875 1088 3931 καὶ
1134 3872 1213 3931 ἔτι
1268 3871 1481 3947 μᾶλλον
1525 3878 1642 3937 τοῖς
1687 3871 1865 3950 ἒντυγο

240 3971 451 4044 χάνουσι
484 3967 844 4047 φαντάζεσθαι
888 3963 1070 4034 δίδως,
1105 3965 1166 4021 οὖ
1219 3963 1386 4039 μόνον
1435 3967 1505 4038 τῇ
1554 3965 1701 4040 παρᾶ
1747 3985 1866 4019 σαυ·

240 4061 324 4112 τοῦ
380 4061 620 4132 μουσικῇ
669 4056 806 4129 πρὸς
877 4047 1134 4128 ἔκπληξιν
1204 4051 1434 4127 θέλγων,
1477 4052 1567 4108 καὶ
1637 4049 1870 4108 δυσαπςιο

241 4153 474 4212 σπάστως
506 4143 656 4224 ἔχειν
691 4144 1134 4220 παρασκευάζων,
1165 4141 1312 4199 ἀλλᾶ
1349 4143 1439 4197 καὶ
1488 4139 1682 4212 ἡδίους
1736 4143 1872 4198 ἀπο-

244 4237 460 4313 πέμπων
513 4234 714 4310 πολλῷ
769 4239 848 4308 τῷ
903 4230 1035 4290 ὄντι.
1066 4234 1225 4306 Ἡμῖν
1274 4229 1318 4286 δ’
1351 4230 1444 4287 οὖν
1498 4232 1586 4287 καὶ
1618 4231 1742 4288 τότε
1777 4232 1870 4305 μὶν

243 4328 384 4403 ἐπῄει
412 4327 702 4397 πιστεύειν,
749 4325 839 4380 καὶ
897 4324 1000 4380 οὐκ
1054 4321 1112 4378 ἂν
1171 4320 1380 4378 ἐκώλυε
1437 4323 1498 4376 τὸ
1551 4322 1628 4394 μή
1687 4341 1872 4377 πεπει-

244 4419 420 4492 ρᾶσθαι
479 4439 492 4452 ’
553 4418 618 4472 τὸ
669 4417 773 4491 γὰρ
828 4413 956 4475 τοὺς
1016 4411 1360 4474 ἐπαινοῦντας
1418 4409 1658 4473 ἅπαντας
1711 4411 1870 4484 εἶναι,

242 4511 323 4564 καὶ
369 4512 444 4586 μή
497 4508 560 4566 ἃν
616 4507 711 4564 ἕνα
756 4504 945 4582 μηδέν’
993 4504 1320 4581 ἀντικροόειν
1390 4501 1664 4576 δύνασθαι,
1734 4505 1870 4579 πρὸς

244 4599 563 4674 παλινῳοίαν
593 4598 849 4674 ἐξάγοντα
881 4616 894 4630 ⁸
930 4593 1077 4652 ἀλλὰ
1109 4595 1194 4650 καὶ
1231 4592 1358 4657 τοὺς
1413 4591 1713 4668 βασκαίνειν
1760 4591 1874 4649 ἐπι-

1977 3607 2223 3665 antehac
2251 3607 2654 3678 audiebamus,
2710 3609 2812 3666 sed
2863 3625 2952 3666 res
3001 3611 3242 3668 omnino
3293 3611 3450 3683 ipse,
3501 3616 3622 3669 stu-

1977 3697 2149 3754 dente
2197 3699 2475 3755 nimirum
2523 3699 2673 3756 fama
2720 3697 2827 3756 levi
2886 3699 3042 3757 velut
3089 3700 3360 3773 penicillo
3407 3701 3624 3758 adum-

1979 3789 2145 3845 brata
2191 3787 2360 3845 nobis
2410 3794 2846 3860 repraesentare,
2879 3790 3095 3863 quibus
3143 3791 3317 3863 paulo
3375 3798 3504 3862 post
3561 3792 3622 3848 in

1977 3876 2227 3934 solidum
2251 3879 2510 3950 gavisuri
2533 3895 2821 3936 essemus.
2851 3879 3190 3951 Accepimus
3211 3883 3404 3936 autem
3415 3922 3432 3951 ,
3461 3879 3622 3953 ipsas

1975 3965 2208 4023 Acheloi
2265 3966 2520 4038 Sirenas,
2579 3973 2636 4024 et
2693 3969 2891 4026 nescio
2949 3969 3089 4042 quid
3166 3970 3356 4026 adhuc
3405 3972 3620 4041 majus,

1977 4055 2143 4128 queis
2181 4057 2266 4113 tui
2296 4055 2631 4130 alloquendi
2681 4060 2846 4131 copia
2885 4067 2993 4130 est,
3023 4063 3082 4115 te
3129 4061 3444 4132 spectanda
3473 4077 3624 4132 pres-

1976 4146 2150 4216 bere;
2184 4163 2302 4202 non
2333 4148 2505 4203 modo
2555 4147 2690 4220 quia
2727 4148 2962 4221 propria
3002 4149 3116 4206 ista
3158 4153 3260 4205 tua
3299 4149 3522 4206 musica
3551 4151 3624 4206 ad

1977 4240 2275 4308 stuporem
2301 4252 2489 4310 usque
2511 4235 2776 4294 homines
2806 4236 3162 4304 demulceas,
3185 4253 3438 4310 eumque
3457 4237 3625 4312 plane

1978 4325 2038 4382 in
2069 4325 2332 4396 modum,
2366 4331 2429 4382 ut
2475 4343 2621 4400 egre
2651 4326 2756 4384 abs
2809 4331 2865 4385 te
2913 4327 3080 4385 avelli
3113 4336 3346 4400 queant,
3378 4327 3623 4384 concin-

1979 4431 2104 4476 nes.
2136 4413 2239 4472 sed
2261 4419 2318 4472 et
2352 4431 2550 4473 revera
2581 4415 2817 4474 suavius
2851 4416 3035 4474 multo
3075 4417 3312 4474 aﬂ'eclos
3341 4417 3624 4474 dimittas.

1979 4506 2168 4576 Atque
2198 4503 2622 4576 mihiquidem,
2655 4505 2830 4564 dictis
2853 4505 3024 4563 ﬁdem
3055 4507 3148 4579 adj
3161 4522 3394 4580 ungere,
3417 4513 3475 4564 et
3497 4511 3624 4562 tum

1981 4597 2250 4670 protinus
2276 4602 2503 4655 certum
2552 4601 2696 4668 erat,
2742 4615 2847 4657 nec
2877 4599 3200 4673 quidquam
3249 4597 3623 4672 impediebat.

248 4689 530 4764 σταμένους
580 4687 803 4744 ἐνταῦθα
851 4684 906 4742 δὲ
968 4684 1217 4760 μετρίους
1275 4683 1370 4746 τὰς
1421 4683 1645 4759 γνώμας
1694 4683 1868 4761 φαίνε-

1981 4687 2137 4758 quod
2169 4686 2251 4744 tui
2283 4687 2502 4761 ingenii
2521 4688 2784 4745 nondum
2811 4689 3069 4746 fecissem
3092 4689 3435 4762 periculum.
3460 4687 3625 4756 Quod

247 4779 387 4855 φθαι,
417 4775 679 4836 τοῦτοδὲ
735 4776 822 4832 καὶ
875 4773 1025 4846 μὰῐλα
1081 4770 1368 4846 θαυμάζειν
1425 4765 1654 4830 ἔπειθεν.
1712 4774 1868 4828 Ὥστε

1981 4775 2136 4842 enim
2190 4775 2442 4834 universi
2491 4785 2545 4836 te
2567 4777 2828 4836 certatim
2869 4777 3291 4847 collaudabant,
3325 4781 3498 4851 atque
3535 4792 3626 4833 ne-

246 4869 326 4923 καὶ
368 4867 765 4946 συχχαίροντες
828 4863 936 4936 ἤδη
985 4868 1100 4926 τοῖς
1151 4862 1249 4918 ὑπὸ
1291 4865 1386 4918 σοῦ
1431 4861 1866 4936 κοσμουμένοις,

1983 4880 2078 4920 mo
2111 4879 2261 4920 unus
2307 4864 2628 4938 quidquam
2679 4865 2996 4922 reclamare
3043 4865 3313 4935 habebat,
3346 4882 3458 4937 quo
3506 4881 3624 4920 caa-

249 4957 323 5012 ὅτι
357 4961 431 5033 μή
457 4959 664 5015 τούτων
693 4958 856 5030 ἦμεν,
889 4960 1006 5018 πῶς
1040 4953 1100 5008 ἂν
1141 4951 1312 5017 εἴποις
1340 4951 1649 5028 ἠλγοῦμεν,
1677 4951 1868 5028 αἰσχυ-

1981 4961 2133 5013 teros
2155 4956 2225 5012 ad
2267 4957 2618 5014 sententiam
2642 4957 3064 5031 repudiandum
3089 4961 3482 5030 permoveret:
3508 4957 3624 5013 imo

248 5047 459 5121 νόμενυι
495 5049 613 5124 μὶν,
641 5050 724 5120 τῷ
750 5047 825 5121 μή
863 5045 998 5118 μετᾶ
1026 5046 1132 5099 τῶν
1161 5040 1342 5098 ἄλλων
1377 5038 1524 5117 ἔχειν
1572 5037 1660 5096 καὶ
1690 5041 1868 5110 αὐτοὶ,

1977 5061 2108 5103 vero
2140 5047 2294 5119 quod
2337 5045 2420 5103 illi
2452 5045 2644 5118 etiam,
2678 5047 2887 5120 quibus
2928 5046 3146 5120 alioqui
3174 5055 3504 5120 promptum
3551 5047 3623 5102 ad

247 5137 307 5191 τὰ
334 5139 399 5192 σὰ
425 5135 502 5193 διι
554 5155 688 5193 ναι·
741 5134 1040 5211 εὐχόμενοι
1093 5133 1222 5207 μὴν,
1281 5132 1356 5194 ὡς
1413 5130 1646 5207 τάχιστα
1690 5133 1868 5187 αὐτῶν

1979 5137 2462 5194 obtrectationem
2506 5142 2565 5195 et
2606 5137 2884 5196 invidiam
2935 5137 3256 5211 ingenium.
3287 5135 3398 5194 hoc
3427 5137 3487 5192 in
3519 5153 3629 5194 ne-

253 5225 500 5297 ἠξιώσθαι
537 5245 549 5260 ·
581 5228 692 5283 νυνὶ
723 5224 781 5282 δὲ
808 5224 1070 5304 τυχόντες
1089 5225 1214 5298 ξτῶν
1239 5223 1291 5278 ἒν
1335 5225 1454 5284 ταῖς
1507 5220 1697 5296 εὐχαῖς
1745 5243 1868 5278 παι.

1979 5225 2136 5298 gotio
2161 5226 2524 5284 moderatius
2542 5228 2756 5284 sentire
2777 5227 3143 5296 videbantur,
3173 5227 3230 5283 id
3269 5225 3460 5300 ipsum
3481 5228 3623 5298 erat,

255 5311 436 5386 δικῶν,
465 5323 544 5391 τῷ
569 5318 620 5395 γ’
651 5317 754 5373 ὑπὸ
787 5317 871 5372 σοὶ
917 5313 1200 5390 τετάχθαι.
1248 5311 1348 5368 Καί
1395 5333 1493 5367 σου
1540 5316 1732 5386 πεῖραν
1782 5311 1868 5370 λα-

1983 5315 2134 5388 quod
2163 5331 2251 5374 me
2276 5317 2336 5373 in
2370 5317 2684 5374 maximam
2708 5317 2793 5373 tui
2824 5317 3134 5374 adduceret
3155 5316 3620 5374 admirationem.

256 5399 425 5469 Εόντες
470 5402 522 5462 ἕν
577 5429 638 5464 τε
689 5400 943 5470 ϐουλαῖς,
993 5401 1044 5458 ἔν
1115 5423 1174 5457 τε
1234 5395 1500 5477 πράξεσιν,
1553 5401 1868 5477 ἥγασάμεθά

1981 5405 2112 5462 Jam
2164 5407 2364 5479 itaque
2413 5410 2478 5462 ut
2533 5406 2624 5462 his
2673 5407 2776 5480 qui
2828 5407 3018 5464 ornati
3064 5408 3169 5464 abs
3217 5411 3274 5462 te
3329 5405 3626 5480 adjutique

257 5515 310 5550 τε
336 5495 474 5552 πολῦ
509 5495 724 5572 μᾶλλον
753 5497 788 5568 ἢ
838 5495 1091 5571 πρόσθεν,
1138 5493 1228 5548 καὶ
1269 5496 1374 5548 τῶν
1423 5490 1674 5547 παλαιῶν
1733 5492 1868 5550 ἑκεί-

1985 5500 2167 5565 erant,
2201 5500 2357 5554 recte
2385 5495 2866 5569 gratulabamur:
2893 5498 2974 5554 ita
3001 5499 3152 5572 quod
3186 5514 3301 5555 non
3333 5495 3404 5554 de
3423 5497 3626 5555 eodem

257 5607 350 5640 νων
380 5585 650 5662 ἆνήκομεν
682 5589 798 5648 πῶς
829 5585 905 5650 εἷς
948 5585 1172 5658 μνήμην
1223 5581 1465 5658 ῥητόρων
1511 5581 1602 5637 καὶ
1653 5603 1868 5658 στρατη-

1987 5603 2096 5644 nos
2147 5602 2390 5644 numero
2439 5602 2726 5657 essemus,
2759 5589 2914 5646 haud
2969 5589 3134 5646 facile
3185 5588 3367 5659 dictu,
3409 5591 3632 5662 quanto

262 5677 365 5752 γῶν
395 5695 406 5708 ⁸
436 5676 600 5753 οἳτῷ
630 5677 830 5738 πάντας
877 5678 1004 5737 τοὺς
1055 5671 1136 5754 ἐφ’
1183 5672 1379 5727 ἑαυτῶν
1429 5670 1868 5746 ὑπερπεπαικέναξ

1987 5677 2121 5734 inde
2141 5676 2330 5736 affecti
2372 5677 2562 5736 simus
2585 5678 2802 5738 dolore.
2841 5679 3102 5738 Pudebat
3133 5679 3312 5750 enim,
3337 5679 3492 5754 quod
3517 5695 3632 5738 non
