3986 6228
446 403 565 463 375

1747 403 2146 466 THEODULI
2192 405 2543 475 MONACHI
3733 399 3826 461 376

451 555 568 593 una
598 553 731 593 cum
763 536 982 593 ceteris
1022 541 1122 592 tua
1170 552 1276 592 nos
1323 552 1499 609 opera
1529 553 1596 593 ac
1625 537 1907 593 beneﬁcia
1936 553 2091 593 com-

2205 540 2268 611 τῇ
2299 536 2520 612 γλώττῃ
2550 533 2753 603 δοκεῖν,
2785 532 2893 609 οὐχ
2936 532 3059 588 ὅσον
3109 538 3227 593 τοῖς
3276 530 3479 609 ἔργοις,
3532 532 3829 607 ἀστράπτειν

448 642 768 683 memorare
817 626 1213 682 haberemus:
1266 631 1385 683 tum
1435 631 1563 683 vota
1604 627 1778 683 etiam
1834 628 2088 684 facieba-

447 734 602 783 mus,
625 722 683 772 ut
700 734 897 773 eorum
922 718 1357 789 quamprimum
1374 722 1670 786 compotes
1689 718 2094 773 evaderemus.

443 810 607 862 Nunc
628 824 759 863 vero
781 810 1103 879 praecipuas
1135 813 1404 863 votorum
1429 813 1759 863 nostrorum
1797 808 2095 863 consecuti

442 900 765 970 cupidines,
826 901 1106 954 nimirum
1185 904 1250 953 ut
1309 900 1416 954 sub
1483 905 1538 955 te
1598 900 1841 971 praaside
1893 899 2091 970 positi,

444 992 905 1059 experimentum
941 992 1045 1057 tui,
1098 995 1219 1043 tum
1268 989 1328 1043 in
1377 989 1659 1057 consiliis,
1694 996 1818 1045 tum
1868 990 2094 1045 actibus

443 1095 636 1134 rerum
670 1095 1028 1148 caperemus,
1058 1079 1242 1132 multo
1275 1093 1452 1147 quam
1484 1083 1652 1132 antea
1681 1078 2006 1148 impensius
2036 1083 2093 1132 te

444 1169 741 1238 suspicere
784 1168 1089 1236 cmpimus.
1121 1166 1268 1221 Tum
1301 1173 1359 1221 et
1405 1166 1463 1221 in
1515 1172 1762 1223 mentem
1796 1167 1966 1222 nobis
1996 1183 2089 1222 ve-

443 1258 641 1312 niebat
663 1261 958 1311 oratorum
982 1256 1213 1311 illorum
1250 1256 1784 1327 imperatorumque
1811 1265 2091 1320 veterum,

443 1346 543 1414 qui
586 1345 738 1415 quod
785 1344 1035 1415 aaquales
1063 1360 1202 1399 suos
1247 1343 1472 1399 omneis
1521 1360 1619 1401 ore
1672 1344 1943 1404 facundo,
1975 1360 2091 1399 non

441 1431 611 1488 factis
665 1433 966 1499 duntaxat,
1031 1448 1304 1504 superare
1381 1432 1739 1501 viderentur,
1799 1432 2094 1504 fulgurare

440 1529 613 1595 atque
645 1529 846 1579 tonare
878 1524 1356 1595 perhibebantur.
1406 1524 1726 1595 (Aristoph.
1762 1522 2090 1597 Ἀχαρνεῦσι

2196 647 2255 682 τε
2302 626 2391 681 καὶ
2458 628 2689 700 βροντᾷν
2761 622 3024 693 ἤκουσαν,
3106 622 3437 696 ἀμφότερον,
3517 621 3745 698 ῥήτορές
3792 625 3831 677 τ’

2205 716 2393 791 ἀγαθοὶ
2442 714 2693 789 κρατεροί
2740 714 2788 768 τ’
2836 712 3135 788 αἰχμηταὶ,
3169 712 3241 766 ὧν
3290 709 3470 781 ἥκιστ’
3517 711 3700 778 αὐτὸς,
3734 708 3830 766 οόδ’

2208 804 2287 883 ἐφ’
2321 802 2504 877 ὁτῳδή
2534 801 2916 877 λελειμμένος,
2952 800 3079 857 ἀλλ’
3112 802 3186 864 ὼς
3235 798 3462 871 ἀληθῶς
3508 800 3720 855 ἒκείνου
3748 806 3829 857 τοῦ

2205 896 2490 967 κόμματος
2544 891 2643 964 ὢν,
2697 894 3034 967 πράττοντας
3092 912 3150 946 τε
3207 893 3293 951 οἷς
3342 892 3616 966 πράττεις,
3647 892 3737 947 καὶ
3764 890 3834 945 λέ-

2207 1005 2399 1061 γοντας
2464 986 2546 1045 οἷς
2613 981 2793 1057 λέγεις
2859 986 3044 1050 νικῶν,
3098 978 3464 1057 διαφερόντως
3521 979 3831 1050 ἐκπλήττεις

2206 1075 2404 1135 πάντας
2436 1071 2770 1149 ἐπιστρέφων
2811 1073 2887 1132 εἱς
2943 1073 3152 1143 θαῦμα.
3187 1069 3287 1125 Καὶ
3336 1066 3512 1131 οὐδεὶς
3544 1071 3604 1132 ’ὀς
3649 1071 3717 1125 οὗ
3764 1071 3833 1146 ῥό-

2209 1162 2315 1218 δων
2350 1158 2540 1231 ἡδίους
2575 1159 2777 1235 λόγους
2808 1159 2947 1215 κατά
2978 1164 3078 1214 σιοῦ
3120 1156 3335 1229 διέξεισι
3372 1177 3385 1189 ⁸
3437 1159 3723 1233 πρόθυμος
3752 1161 3831 1231 μὲν

2209 1252 2372 1311 αὐτὸς
2406 1252 2591 1325 ῥητωρ
2624 1248 2697 1304 ὢν
2745 1251 2810 1305 τά
2859 1270 2918 1327 γε
2973 1250 3205 1304 τοιαῦτα
3233 1269 3246 1282 ⁸
3297 1249 3741 1323 προθυμοτέρους
3787 1246 3832 1303 δὲ

2203 1342 2293 1396 καὶ
2323 1340 2449 1403 τοὺς
2481 1338 2687 1401 ἄλλους
2717 1335 2865 1417 ἔχων
2915 1337 3182 1414 ἀκροατάς
3214 1353 3229 1368 ⁶
3261 1336 3351 1393 καὶ
3383 1335 3450 1392 δι’
3480 1337 3696 1415 ἀμφοῖν
3725 1339 3837 1392 τού-

2202 1452 2318 1486 τοιν
2344 1435 2441 1485 τοῦ
2472 1431 2607 1484 κατὰ
2648 1432 2743 1484 σοῦ
2788 1429 3014 1504 γάννους
3075 1428 3211 1502 πρὸς
3265 1422 3574 1503 ὑπερϐολὴν
3628 1427 3833 1502 αἰρομέ-

2202 1542 2321 1576 νου.

440 1614 566 1680 530,
600 1614 671 1669 De
708 1614 967 1685 Pericle.)
999 1614 1298 1684 Siquidem
1356 1620 1672 1686 utrumque
1718 1617 1953 1685 pariter.
2003 1618 2062 1669 et
2109 1613 2246 1669 boni
2297 1616 2580 1682 oratores,
2611 1616 2669 1668 et
2716 1611 2889 1667 fortes
2936 1609 3266 1677 bellatores,
3315 1612 3500 1665 erant.
3541 1609 3633 1681 (ex
3690 1608 3834 1664 Iliad.

444 1704 494 1757 I"
531 1705 648 1776 79.)
677 1708 722 1759 A
754 1705 967 1776 quibus
1000 1715 1056 1760 tu
1088 1721 1222 1759 cum
1255 1721 1359 1761 nec
1405 1703 1700 1762 tantillum
1752 1705 1874 1759 ulta
1921 1704 2088 1775 plane
2136 1703 2197 1758 in
2249 1719 2308 1759 re
2355 1720 2385 1756 a
2432 1710 2589 1774 tergo
2646 1700 2898 1771 relictus,
2934 1699 3036 1756 sed
3083 1716 3236 1755 unus
3266 1715 3460 1756 revera
3501 1703 3651 1755 nota:
3705 1697 3836 1754 clas-

443 1796 638 1865 sisque
684 1796 946 1864 ejusdem
995 1794 1171 1850 homo
1221 1793 1322 1863 sis,
1375 1803 1549 1866 atque
1599 1801 1722 1849 tum
1774 1800 2014 1866 agentes
2060 1793 2306 1865 agendo,
2340 1797 2466 1847 tum
2525 1790 2769 1848 dicendo
2830 1790 3084 1846 dicentes
3141 1790 3359 1858 vincas,
3422 1788 3666 1845 miriﬁce
3724 1805 3836 1844 orn-

444 1902 547 1941 nes
577 1885 1008 1955 ohstupefactos
1055 1885 1114 1939 in
1164 1885 1612 1941 admirationem
1662 1884 1745 1940 tui
1796 1884 2099 1940 convertis.
2129 1882 2293 1938 Unde
2350 1897 2521 1937 nemo
2574 1897 2691 1937 non
2748 1882 2899 1936 rosis
2947 1879 3247 1936 suaviores
3276 1880 3345 1935 de
3374 1880 3594 1935 teserit
3624 1894 3835 1935 sermo-

444 1992 584 2043 nes;
641 1981 815 2046 atque
870 1991 1001 2030 cum
1060 1981 1369 2047 promptus
1427 1976 1554 2047 ipse
1612 1976 1682 2031 ad
1757 1975 1879 2031 haec
1937 1973 2127 2030 verbis
2200 1971 2489 2028 etferenda
2544 1975 2738 2027 orator
2792 1974 2901 2040 est,
2960 1975 3085 2026 tum
3163 1973 3550 2043 promptiores
3616 1973 3837 2027 ceteros

439 2066 615 2121 habet
657 2065 977 2134 auditores,
1009 2074 1343 2137 assurgente
1392 2065 1627 2122 interim
1673 2080 1774 2138 per
1801 2064 1911 2120 hoc
1943 2070 2268 2135 utrumque,
2302 2062 2372 2118 ad
2425 2076 2720 2118 summum
2770 2076 2957 2132 usque
3005 2075 3330 2123 excessum,
3364 2064 3644 2132 concepta
3684 2059 3753 2115 de
3778 2066 3827 2116 te

437 2154 659 2211 laetitia.

514 2247 581 2301 ll.
616 2246 719 2301 Hic
762 2246 910 2302 alius
959 2246 1115 2302 enim
1168 2246 1623 2316 humanitatem,
1655 2251 1711 2302 et
1758 2250 2088 2316 temperan-

2265 2242 2333 2297 B'.
2369 2243 2430 2298 Ὁ
2474 2242 2570 2314 μὲν
2619 2240 2718 2315 γὰρ
2759 2239 3043 2314 πραότητά
3085 2261 3142 2295 τε
3194 2241 3283 2295 καί
3332 2239 3715 2318 σωφροσύνην,
3759 2239 3836 2294 καὶ

438 2335 600 2401 tiam,
649 2338 706 2389 et
763 2335 915 2403 quod
974 2335 1127 2406 turpi
1181 2333 1347 2391 nullo
1405 2335 1623 2407 ﬂagitio
1678 2335 1828 2391 vinci
1887 2351 2090 2406 queas,

441 2423 748 2495 magniﬁce
777 2423 1019 2480 extollit.
1044 2424 1211 2479 Alius
1232 2425 1491 2480 nativam
1516 2425 1689 2481 istam
1723 2441 1787 2481 ac
1813 2423 2089 2479 domesti-

439 2528 566 2567 cam
602 2513 661 2567 in
694 2513 967 2568 omnibus
1010 2512 1193 2568 animi
1241 2513 1322 2569 tui
1356 2514 1857 2586 magnitudinem;
1910 2512 2092 2567 illud-

441 2616 555 2673 que
586 2600 759 2656 simul
805 2606 925 2655 tam
958 2602 1348 2673 compositum
1383 2607 1558 2675 atque
1588 2618 1959 2675 generosum,
1995 2601 2093 2656 ad-

435 2691 653 2761 jungit.
686 2689 799 2745 Nec
846 2689 1150 2762 indignam
1180 2692 1333 2747 idem
1383 2707 1487 2747 sua
1541 2691 2092 2747 commemoratione

442 2779 602 2833 ducit
632 2778 899 2833 festivam
927 2778 1108 2833 animi
1140 2780 1224 2833 tui
1245 2780 1707 2850 jucunditatem,
1741 2785 1799 2836 et
1843 2780 1915 2836 ad
1948 2796 2087 2835 con-

442 2882 674 2939 gressus
697 2866 998 2922 hominum
1024 2867 1559 2941 collocutionesque
1583 2869 1768 2925 multa
1787 2874 2094 2925 venustate

442 2955 970 3010 instructissimum
1023 2957 1311 3014 habitum.
1366 2961 1591 3014 Rursus
1640 2958 1792 3013 alius
1849 2972 2092 3013 acumen

443 3043 658 3115 ingenii
691 3060 704 3110 ;
737 3045 884 3100 alius
914 3046 1123 3116 linguae
1157 3046 1291 3112 vim,
1335 3048 1521 3119 gratia
1552 3049 1945 3118 conjunctam,
1984 3061 2093 3102 mo-

444 3150 690 3203 rumque
736 3134 1105 3205 gravitatem,
1139 3141 1196 3191 et
1241 3143 1468 3208 gratam
1509 3139 1708 3193 vultus
1739 3137 2094 3202 comitatem,

445 3229 504 3277 et
560 3223 753 3277 formes
809 3223 1154 3295 nignitatem
1198 3243 1264 3281 ac
1311 3226 1636 3295 illecebras,
1699 3231 1980 3294 recenset,
2039 3232 2097 3280 et

446 3312 600 3382 quod
661 3317 834 3383 caput
874 3319 980 3379 est,
1041 3316 1361 3385 profundas
1419 3317 1746 3387 densasque
1805 3321 2026 3371 mentes
2078 3334 2091 3370 :

451 3399 598 3457 Unde
646 3400 748 3456 illa
794 3402 1016 3472 pulchri
1045 3403 1295 3474 pullulat
1331 3404 1415 3459 vis
1461 3405 1705 3472 consilii,
1746 3409 1807 3459 ut
1842 3403 2096 3474 [Eschyli

446 3505 568 3544 rem
609 3491 798 3545 verbis
842 3492 1187 3562 exprimam.
1218 3493 1436 3564 (Ἑπτὰ
1486 3492 1590 3546 ἐπὶ
1629 3488 1902 3563 Θήϐαις,
1945 3493 2095 3563 600.)

447 3581 631 3648 Atque
665 3579 821 3635 hisce
867 3584 923 3635 te
967 3581 1226 3637 consiliis
1271 3600 1452 3653 usque
1482 3584 1622 3639 edeo
1673 3588 2092 3639 consentaneas

451 3669 640 3740 reipsa
676 3669 924 3739 adjicere
974 3673 1252 3738 actiones,
1300 3678 1365 3728 ut
1408 3689 1598 3745 neque
1645 3673 1904 3728 actiones
1956 3672 2095 3727 istas

448 3759 519 3813 ab
570 3758 699 3814 aliis
729 3761 1179 3834 quibuscunque
1228 3762 1512 3833 perfectas
1558 3777 1687 3818 esse
1736 3762 1934 3818 deceat
1964 3777 2102 3817 con-

449 3848 612 3917 siliis,
645 3865 818 3919 quam
881 3851 1036 3907 unde
1086 3853 1353 3923 perfecta:
1390 3858 1552 3919 sunt,
1586 3869 1772 3924 neque
1802 3853 1937 3907 item
1972 3868 2098 3922 quas

450 3938 718 3993 consulto
772 3940 1013 3994 consilio
1067 3946 1297 3997 decreta
1353 3947 1513 4001 sunt.
1558 3941 1710 4010 aliis,
1743 3958 1921 4013 quam
1979 3941 2099 3996 tuis

452 4026 628 4095 hisce,
659 4028 925 4085 concludi
961 4028 1048 4083 fas
1080 4029 1157 4083 sit
1192 4030 1485 4099 operibus.
1526 4030 1634 4085 Sed
1668 4036 1724 4086 et
1754 4036 1914 4084 tanta
1945 4029 2103 4084 insu-

447 4130 548 4184 per
592 4116 850 4185 quidque
896 4120 954 4172 te
1001 4116 1297 4173 celeritate
1342 4134 1636 4190 peragere,
1671 4122 1890 4189 quanta
1941 4116 2099 4172 haud

448 4204 628 4259 sciam
660 4221 732 4258 an
779 4205 1102 4274 priscorum
1136 4207 1292 4262 ullus
1323 4207 1535 4279 aliquis
1577 4208 1839 4263 heroum.
1876 4206 1941 4262 Et
1970 4212 2096 4262 tan-

446 4298 568 4348 tum
597 4302 811 4362 tamen,
842 4296 993 4365 quod
1026 4295 1180 4350 haud
1223 4297 1392 4367 paulo
1417 4299 1609 4369 majus
1643 4296 1824 4353 altero
1860 4295 1959 4352 illo
1988 4303 2096 4363 est,

446 4384 697 4452 provide:
746 4385 1285 4456 circumspectionis
1315 4386 1591 4460 ﬁdeique,
1625 4387 1686 4443 in
1734 4388 1846 4443 ista
1884 4384 2096 4442 veloci-

441 4476 578 4541 tate,
608 4474 711 4528 abs
743 4478 798 4527 te
847 4474 1132 4543 adhiberi,
1171 4476 1326 4531 velut
1378 4478 1479 4548 qui
1530 4477 1784 4534 multum
1816 4474 2098 4547 temporis

437 4560 497 4615 in
530 4563 980 4619 commentando
1012 4581 1472 4638 comsumpsere.
1506 4566 1631 4623 Non
1663 4566 1819 4623 enim
1855 4579 2095 4636 operum

438 4658 665 4721 eventa,
719 4658 785 4709 ut
843 4671 1083 4725 quaeque
1123 4672 1386 4723 evenere,
1443 4657 1833 4728 comperiens,
1892 4670 2097 4711 verum

441 4743 607 4812 prius
635 4743 810 4798 etiam
843 4761 1019 4814 quam
1053 4751 1241 4817 coepta
1280 4751 1440 4814 sunt,
1474 4747 1691 4803 exitum
1726 4761 1928 4803 eorum
1979 4761 2099 4801 cer-

439 4830 558 4886 tius
610 4831 921 4904 veriusque
951 4837 1155 4904 quovis
1186 4835 1598 4901 Themistocle,
1633 4837 1874 4893 secretis
1917 4833 2096 4889 animi

439 4921 705 4977 sensibus
736 4930 1103 4995 compertum
1135 4926 1377 4992 habens,
1410 4932 1466 4981 et
1499 4944 1644 4993 rem,
1676 4942 1810 4982 cum
1843 4927 2095 4995 oportet.

438 5012 793 5083 aggrederis,
854 5019 911 5068 et
976 5030 1177 5070 rursus
1230 5030 1363 5071 cum
1420 5015 1530 5071 hoc
1584 5021 1844 5087 praestat,
1902 5013 2083 5068 inter-

2205 5012 2601 5085 ἀγωνιζόμενος
2659 5028 2673 5043 ⁸

437 5100 709 5172 quiescis.
771 5102 927 5159 Adeo
980 5109 1041 5160 tu
1098 5122 1235 5161 sane
1293 5106 1787 5177 opportunissime
1845 5111 2086 5172 utroque

438 5192 638 5248 uteris.
672 5192 886 5248 Adhaec
916 5192 1063 5248 illud
1106 5196 1282 5250 etiam
1316 5211 1672 5267 magnopere
1701 5193 1915 5264 ubique
1945 5209 2085 5263 prai-

436 5280 615 5337 dicari
648 5282 941 5349 audimus,
989 5299 1160 5354 quam
1192 5284 1464 5340 assiduus
1497 5284 1735 5355 justitiaa
1767 5283 1951 5338 cultor
1981 5282 2084 5349 sis,

439 5374 497 5424 et
535 5371 707 5426 multo
763 5372 999 5442 quidem
1047 5379 1201 5429 certe
1250 5374 1615 5444 praestantior
1660 5371 2086 5429 admirabilior-

448 5472 578 5526 que,
612 5474 785 5528 quam
814 5460 1092 5532 antiquus
1115 5462 1213 5515 ille
1244 5461 1500 5518 Guneus.
1533 5461 1918 5532 (Lycophron.
1945 5458 2089 5531 128.)

437 5544 657 5617 Quippe
687 5547 781 5618 qui
815 5549 1114 5621 improbos
1143 5550 1511 5624 injustosque
1556 5553 1684 5624 ipso
1716 5567 1897 5622 paena:
1932 5553 2088 5606 metu

436 5632 813 5692 modestiores
843 5638 1050 5699 efﬁcis,
1085 5642 1141 5694 et
1181 5639 1257 5695 ad
1288 5644 1453 5697 tuum
1486 5640 1865 5713 respicientes
1896 5653 2088 5697 exem-

427 5722 612 5794 plum,
647 5730 708 5781 ut
738 5727 810 5782 ab
842 5744 908 5783 eo
951 5730 1234 5787 desistant
1265 5732 1508 5789 crimine
1549 5733 1831 5800 adducis;
1866 5746 2070 5787 rursus

2196 2332 2259 2385 τὸ
2319 2327 2448 2402 μηδ’
2509 2331 2713 2402 ὁτῳοῦν
2788 2326 2934 2404 ἔχειν
2988 2334 3095 2384 τῶν
3162 2330 3462 2406 αἱσχίστων
3511 2328 3839 2394 ἁλίσκεσθαι,

2202 2419 2342 2497 μέγα
2372 2426 2607 2476 ποιεῖται
2644 2438 2658 2453 ·
2705 2422 2733 2475 ὁ
2766 2418 2822 2475 δὲ
2870 2422 3194 2495 προστίθησι
3226 2421 3314 2477 καὶ
3343 2423 3407 2477 τὸ
3461 2421 3836 2498 μεγαλόψυχον

2200 2508 2412 2565 οἴκοθεν
2446 2511 2496 2564 έν
2528 2511 2689 2564 παντὶ
2721 2512 2858 2584 μετὰ
2912 2514 3010 2565 τοῦ
3060 2512 3386 2586 τεταγμένου
3444 2511 3534 2566 καὶ
3572 2513 3836 2586 γεννικοῦ.

2202 2601 2299 2654 Καὶ
2331 2601 2442 2655 οὐκ
2471 2600 2692 2669 ἀπαξιοῖ
2721 2598 2889 2674 λόγου
2918 2597 3041 2655 οὐδὲ
3070 2601 3132 2654 τὸ
3161 2607 3260 2670 τῆς
3292 2602 3479 2679 ψυχῆς
3525 2598 3791 2673 ἡδόμενον
3823 2616 3836 2628 '

2203 2688 2292 2745 καὶ
2326 2690 2463 2762 πρὸς
2511 2691 2608 2751 τὰς
2657 2687 2919 2751 συνόδους
2977 2688 3317 2765 ἐπιχαρίτως
3374 2690 3761 2762 ἐσκευασμένον
3789 2688 3839 2742 εὖ

2206 2777 2355 2851 μάλα
2386 2798 2398 2810 ⁶
2432 2779 2524 2833 καὶ
2555 2780 2583 2832 ὁ
2617 2778 2713 2851 μέν
2747 2800 2827 2841 τις
2860 2778 3169 2855 ἀγχίνοιαν,
3203 2779 3230 2833 ὁ
3255 2776 3313 2834 δὲ
3332 2778 3649 2854 καταλέγειν
3671 2776 3839 2855 γλώτ-

2202 2892 2302 2940 της
2337 2869 2495 2948 ίσχὺν
2552 2870 2688 2943 μετά
2740 2871 2998 2949 χάριτος,
3049 2869 3140 2926 καὶ
3193 2870 3357 2947 βάρος
3405 2891 3465 2947 γε
3511 2869 3706 2941 ἤθους,
3752 2867 3843 2925 καὶ

2207 2957 2433 3034 βλέμμα
2461 2958 2775 3034 ἐπαγωγὸν,
2816 2960 2904 3014 καὶ
2966 2966 3181 3037 μορφῆς
3238 2957 3454 3036 ἴυγγας,
3484 2959 3578 3013 καὶ
3632 2959 3696 3014 τὸ

2201 3067 2389 3123 γιστον
2423 3055 2617 3125 φρένας
2653 3046 2906 3121 μελαίνας
2963 3069 3021 3104 τε
3072 3048 3162 3103 καὶ
3220 3049 3445 3110 πυκνάς.
3490 3048 3577 3118 Ἐξ
3623 3048 3719 3118 ὧν,
3749 3045 3841 3104 Αἲ-

2204 3137 2416 3211 σχόλου
2441 3138 2714 3214 φωνῇ,τὰ
2743 3134 2941 3192 κεδνὰ
2976 3138 3335 3214 βλτστάνει
3372 3138 3497 3214 βου
3530 3137 3811 3210 ίεόματα

2207 3228 2288 3288 οἷς
2319 3224 2461 3281 οὕτω
2491 3222 2895 3298 συμϐαινούσας
2926 3226 3000 3290 ὡς
3032 3226 3254 3298 ἀληθῶς
3286 3226 3509 3304 ἐπάγειν
3553 3228 3652 3289 τὰς
3694 3227 3841 3299 πράξ-

2206 3338 2303 3385 εις,
2337 3318 2411 3380 ὡς
2445 3319 2583 3389 μήτε
2611 3317 2808 3381 ταύτας
2842 3318 2931 3372 ὑπ’
2963 3314 3151 3373 ἄλλων
3189 3314 3508 3385 ὡντινωνδὴ
3556 3318 3844 3391 προσήκειν

2207 3401 2467 3477 βουλλῶν
2495 3404 2907 3477 κατωρθῶσθαι,
2941 3403 2975 3473 ἢ
3007 3404 3082 3458 ὧν
3114 3404 3499 3479 κατώρθωνται
3535 3423 3550 3436 ⁸
3585 3407 3728 3477 μήτε
3756 3402 3838 3457 οὖν

2203 3492 2271 3546 τὰ
2302 3487 2707 3567 βεϐουλευμένα
2729 3493 2929 3568 ἑτέροις
2957 3492 2993 3562 ἢ
3021 3495 3235 3555 τούτοις
3264 3492 3713 3550 κατακεκλεῖσθαι
3732 3497 3843 3552 τοῖς

2205 3576 2385 3656 ἔργοις
2418 3601 2431 3613 ·
2477 3580 2621 3638 ἀλλά
2667 3582 2756 3635 καὶ
2806 3583 3061 3657 πράττειν
3108 3582 3284 3644 οὕτως
3337 3582 3588 3653 ὀξύτατα,
3619 3583 3692 3645 ὡς
3752 3580 3845 3635 οὐκ

2210 3667 2314 3724 οἷδ’
2343 3668 2391 3725 ε’ί
2421 3692 2504 3733 τις
2541 3674 2647 3725 τῶν
2680 3668 2851 3725 πάλαι
2884 3691 2897 3703 ·
2948 3670 3212 3741 τοσαύτην
3262 3668 3319 3727 δὲ
3366 3674 3395 3727 ὃ
3424 3673 3629 3727 ’τούτου
3667 3676 3846 3745 μεῖζον

2209 3759 2501 3839 ἀσφάλειαν
2547 3760 2638 3815 καὶ
2686 3759 2867 3816 πίστιν
2909 3759 3236 3835 ἐμπαρέχειν
3305 3766 3386 3834 τῷ
3433 3764 3616 3840 τάχει,
3666 3761 3845 3833 ὥσπερ

2210 3854 2264 3907 οἱ
2293 3852 2467 3909 πολύν
2499 3875 2624 3908 τινα
2656 3855 2857 3931 χρόνον
2905 3853 3253 3925 ἀνηλωκότες
3285 3860 3355 3929 τῇ
3390 3854 3575 3929 σκέψει
3606 3876 3617 3887 ·
3653 3854 3720 3908 οὐ
3751 3853 3846 3927 γὰρ

2213 3943 2349 4014 μετά
2376 3942 2440 3997 τὸ
2490 3944 2810 4019 γεγενῆσθαι
2841 3942 2936 4005 τὰς
2980 3947 3083 3998 τῶν
3130 3941 3304 4018 ἔργων
3355 3938 3599 4006 ἐκϐάσεις
3647 3942 3849 4016 μανθά-

2207 4052 2308 4086 νων
2357 4029 2503 4085 ἀλλὰ
2550 4031 2638 4086 καὶ
2687 4032 2812 4105 πρὶν
2860 4033 3046 4107 ἧφθαι,
3088 4031 3149 4086 τὸ
3197 4030 3355 4093 τέλος
3396 4036 3514 4095 τοῖς
3562 4033 3847 4107 λογισμοῖς

2208 4122 2287 4182 ὠς
2342 4117 2568 4189 ἀληθῶς
2624 4119 2981 4193 ἐπιοτάμενος
3040 4120 3171 4196 ὑπὲρ
3240 4120 3414 4176 πάντα
3489 4116 3847 4194 Θεμιστολέα,

2206 4210 2298 4264 καὶ
2349 4210 2606 4283 πράττεις
2655 4209 2816 4278 ἡνίκα
2861 4207 2962 4279 δεῖ,
2990 4210 3078 4265 καὶ
3129 4211 3194 4265 αὗ
3242 4212 3540 4286 ἡσυχάζεις
3591 4210 3660 4266 ἐτ’
3693 4210 3848 4283 ἀμει-

2207 4320 2294 4353 νον
2324 4317 2338 4331 σ
2374 4297 2546 4352 οὕτω)
2596 4298 2799 4375 ἀμφοῖν
2851 4298 3231 4374 ἐπικαιρότατα
3273 4303 3409 4375 χρῇ.
3462 4300 3563 4355 Καὶ
3613 4300 3724 4372 μῆν
3766 4296 3853 4353 καὶ

2206 4384 2352 4441 τοῦτ’
2393 4382 2533 4441 ἔστιν
2584 4386 2802 4442 ἀκούειν
2866 4388 3168 4465 ἑκασταχοῦ
3236 4388 3536 4462 βοώμενον,
3584 4388 3657 4448 ὡς
3736 4383 3851 4453 εἴης

2210 4473 2366 4545 δίκης
2416 4474 2665 4549 ἐργάτης,
2717 4473 2919 4549 πολλῷ
2962 4478 3015 4551 γ’
3064 4475 3298 4549 ἀμείνων
3348 4477 3436 4532 καὶ
3489 4473 3858 4549 θαυμαστότε-

2210 4584 2303 4639 ρος
2349 4566 2384 4634 ﬁ
2446 4563 2673 4628 Γουνεὺς
2719 4564 2921 4628 ἐκεῖνος
2971 4567 2999 4619 ὁ
3042 4565 3296 4629 παλαιός.
3326 4567 3463 4629 Τούς
3511 4587 3567 4621 τε
3602 4567 3701 4640 γὰρ
3734 4562 3854 4618 ἀδι-
3936 4618 3937 4635 γ

2207 4657 2439 4716 κοῦντας
2494 4652 2890 4729 μετριωτέρους
2948 4656 3375 4730 παρασκευάζεις
3424 4659 3503 4727 τῷ
3553 4649 3731 4729 φόϐῳ,
3766 4651 3857 4707 καὶ
3936 4649 3937 4711 Τ

2205 4742 2333 4816 αρὸς
2374 4741 2534 4797 αὐτόν
2597 4763 2653 4797 σε
2715 4742 3014 4817 βλέποντας
3064 4743 3260 4806 αείθεις
3327 4742 3685 4819 ἀπηλλάχθαι
3757 4745 3859 4796 τοῦ

2208 4833 2414 4894 πάθους
2444 4850 2457 4864 ·
2499 4836 2607 4888 τῶν
2658 4853 2716 4888 τε
2766 4830 3111 4906 ἠδικημένων
3143 4834 3286 4889 οὕτω
3315 4833 3404 4889 καὶ
3461 4835 3595 4907 μετὰ
3640 4831 3858 4887 τοσαῦ-
3936 4842 3937 4861 ‘

2208 4944 2308 4993 της
2342 4920 2649 4997 ὑπερδικεῖς
2695 4929 2794 4993 τῆς
2850 4932 3249 4999 παρασκευκῆς,
3302 4926 3377 4985 ὡς
3439 4926 3567 4999 ὑπὲρ
3625 4921 3852 4979 οἰκείων
3936 4910 3937 4973 ξ

2733 5013 2852 5067 ὡστ’
2912 5013 3088 5067 εἶκαὶ
3158 5011 3486 5088 παράδοξον,
3544 5011 3853 5069 λυσιτελεῖν
3936 5004 3937 5069 ἶ

2199 5099 2364 5176 φαίην
2414 5102 2476 5156 ἂν
2524 5102 2707 5163 αὐτοῖς
2748 5101 2880 5156 κατά
2925 5105 3086 5157 τοῦτο
3145 5104 3207 5157 τὸ
3260 5102 3425 5177 μέρος
3471 5104 3569 5173 τὴν
3621 5102 3855 5179 ἀφαίρει
3936 5152 3937 5155 η

2201 5211 2284 5244 σιν
2321 5210 2334 5223 ·
2365 5190 2449 5246 ὅτι
2481 5194 2731 5247 τοιοῦτον
2772 5192 3061 5262 κτήσαιντο
3093 5191 3413 5269 σύμμαχον.
3450 5193 3719 5268 Χαρίεντα
3757 5193 3852 5265 μὲν
3936 5238 3937 5259 η

2202 5280 2292 5333 οὖν
2325 5280 2414 5334 καὶ
2448 5284 2635 5351 ταῦτα,
2665 5280 2759 5335 καὶ
2792 5280 2884 5335 οὐκ
2912 5281 2973 5335 ἂν
3007 5281 3213 5357 ἑτέροις
3244 5277 3563 5358 ὑπερϐολὴν
3592 5275 3804 5354 ἔχοντα
3837 5299 3853 5313 ⁸

2202 5365 2397 5423 οὔκουν
2427 5367 2541 5425 οὐδ’
2588 5364 2697 5424 ἔσθ’
2743 5369 2884 5433 ὅστις
2929 5368 3269 5443 ἁμιλλᾶσθαι
3318 5368 3533 5427 δύναιτο
3569 5391 3581 5402 ·
3611 5367 3854 5430 πλέονος

2215 5455 2272 5512 δὲ
2302 5456 2446 5529 ἄξιον
2469 5460 2531 5515 τὸ
2563 5462 2808 5514 τοιοῦτον
2840 5456 2970 5514 ὄντα
3028 5462 3106 5534 μὴ
3161 5459 3681 5541 μεγαλαυχούμενον
3730 5460 3855 5538 φαί-

2200 5549 2403 5617 νεσθαι,
2441 5546 2581 5621 μηδε
2611 5547 2704 5612 δάς
2736 5548 2982 5622 ἀμείνους
3016 5548 3171 5624 δόξας
3220 5545 3365 5628 ἔχειν
3419 5554 3543 5628 περὶ
3593 5549 3805 5605 acu-:03
3836 5569 3849 5582 '

2205 5634 2331 5693 ἀλλ’
2382 5639 2563 5714 ὥσπερ
2598 5639 2656 5694 ἂν
2705 5639 2750 5694 εἷ
2801 5635 2995 5711 μηδενὶ
3042 5644 3151 5695 τῶν
3204 5642 3459 5699 ἁπάντων
3508 5639 3853 5713 κεκόσμησο,

2203 5726 2346 5782 οὕτω
2396 5726 2698 5802 δημοτικὸν
2747 5729 2933 5785 σαυτὸν
2965 5734 3081 5793 τοῖς
3131 5736 3258 5787 πᾶσι
3304 5732 3561 5809 παρέχειν
3606 5728 3696 5786 καὶ
3752 5728 3852 5805 μέ-
3936 5752 3937 5809 ξ
