4154 6216
318 393 418 456 377
1130 395 1423 457 ORATIO
1468 398 1573 456 AD
1620 396 1980 462 ANGELUM
2030 400 2842 462 STHATOPEDARCHAM.
3573 398 3693 461 378

314 543 464 597 τριον,
490 522 552 577 τὸ
598 520 836 587 δεδωκὸς
880 529 981 593 τῆς
1028 531 1197 597 τιμῆς
1237 525 1325 580 καὶ
1370 528 1467 580 τοῦ
1515 526 1698 601 γένους
1748 527 1927 584 ἑκόντι

2056 532 2320 603 .njuriam
2353 531 2645 603 perpessis
2697 532 2766 588 ad
2805 548 2939 589 eum
2988 533 3156 605 plane
3202 532 3466 598 modum,
3508 543 3694 601 eaque

313 611 542 687 λογισμῷ
574 611 841 684 μεθιέντα.

2056 637 2175 678 aura
2221 637 2288 677 ac
2338 621 2642 677 sedulitate
2698 622 2859 692 ades,
2900 627 3071 694 atque
3111 622 3161 679 si
3232 620 3692 678 necessariorum

308 710 519 759 tuorum
555 704 801 761 dicenda
846 704 951 761 tibi
999 722 1178 762 causa
1222 711 1392 763 esset.
1444 706 1530 764 Ita
1587 712 1676 777 ut,
1728 711 1998 782 quamvis
2049 712 2563 768 absurdiusculum
2612 710 2769 767 dictu
2795 713 2887 779 sit,
2932 712 3078 782 ipsis
3129 712 3239 767 hac
3295 715 3489 781 partes
3547 725 3693 781 pene

303 811 451 850 suam
484 795 752 867 prodesse
810 795 1055 852 dixerim
1090 798 1401 867 jacturam,
1453 800 1606 869 quod
1653 800 1831 856 talem
1882 802 2295 859 nanciscautur
2346 803 2694 873 adjutorem.
2739 802 3021 859 Craterum
3067 808 3134 859 ut
3184 804 3389 860 decora
3421 802 3540 858 hac
3582 800 3691 857 tib.

298 901 428 940 sane
455 888 597 940 sunt
649 884 1000 957 nullumque
1067 886 1198 943 aliis
1245 889 1631 960 exsuperandi
1676 891 1918 947 modum
1966 891 2200 961 habent,
2230 892 2501 963 quocirca
2574 908 2744 948 nemo
2801 893 2939 947 item
2990 897 3100 962 est,
3134 892 3233 964 qui
3284 891 3540 965 palmam
3587 889 3691 946 tibi

298 976 526 1031 dubiam
561 975 749 1032 facere
802 976 976 1032 ausit.
1012 979 1097 1032 Ita
1149 977 1331 1049 pluris
1378 978 1491 1035 hoc
1540 984 1732 1036 tamen
1764 984 1875 1046 est,
1911 984 2061 1052 quod
2111 982 2247 1039 talis
2290 999 2425 1038 cum
2471 983 2576 1049 sis,
2619 981 2847 1038 nullum
2896 983 2956 1037 in
2996 986 3052 1038 te
3096 983 3387 1053 iactantiae
3423 984 3697 1053 appareat

292 1063 609 1136 vestigium,
663 1080 854 1137 neque
902 1064 1277 1137 gloriosiores
1331 1066 1483 1123 ullas
1535 1068 1606 1125 de
1644 1073 1700 1125 te
1750 1068 1945 1125 foveas
1998 1071 2325 1143 opiniones,
2384 1087 2584 1128 verum
2636 1072 2876 1143 perinde
2918 1079 3092 1143 atque
3137 1072 3186 1128 si
3246 1073 3409 1129 nulla
3461 1086 3699 1141 prorsus

302 1170 360 1212 re
406 1154 687 1227 prmlara
733 1162 976 1213 ornatus
1023 1171 1204 1225 esses,
1242 1158 1322 1213 ita
1372 1157 1707 1230 popularem
1768 1167 1822 1215 te
1878 1160 2155 1217 omnibus
2211 1163 2697 1235 moderatumque
2745 1163 3020 1235 praebeas,
3057 1178 3123 1219 eo
3161 1163 3311 1235 quod
3359 1177 3699 1220 concessam

298 1244 527 1301 honoris
556 1246 902 1317 generisque
934 1247 1333 1318 praestantiam
1369 1252 1576 1318 sponte
1605 1253 1706 1304 tua
1738 1249 2004 1306 remittis.

365 1380 433 1435 l“.
467 1379 634 1435 Ταυτὶ
691 1377 747 1434 δέ
791 1400 848 1435 σε
900 1379 990 1436 καὶ
1040 1378 1306 1437 δοκοῦντα
1362 1383 1452 1436 καὶ
1501 1378 1654 1455 ὄντα,
1702 1384 1793 1446 οἷς
1845 1385 1941 1457 μὲν

2120 1386 2213 1443 III.
2248 1387 2379 1444 Haec
2412 1397 2469 1444 tu
2500 1388 2681 1461 igitur
2710 1404 2842 1445 cum
2875 1398 2930 1445 et
2959 1405 3088 1445 esse
3119 1389 3386 1456 videaris,
3420 1397 3476 1444 et
3499 1403 3701 1460 reapse

303 1465 424 1521 idsiv
477 1467 751 1543 ἐξεγένετο
812 1469 961 1541 μάλα
1013 1469 1307 1542 μαίονται·
1366 1471 1418 1525 οἱ
1469 1469 1525 1526 δὲ
1572 1471 1670 1528 οὐκ
1720 1469 1943 1541 ἰδόντες,

2056 1476 2155 1549 sis,
2187 1479 2354 1549 queis
2402 1479 2488 1535 tui
2536 1480 2773 1537 videndi
2825 1479 2991 1551 cepia
3036 1480 3165 1549 fuit,
3217 1479 3300 1534 illi
3348 1480 3557 1536 insano
3610 1478 3701 1534 tui

304 1558 445 1621 ὅπως
473 1552 690 1612 ἔσονται
720 1559 972 1634 τάχιστα,
1005 1560 1180 1615 πάντα
1220 1565 1440 1615 ποιοῦσι
1473 1580 1486 1592 ⁸
1527 1562 1654 1625 τοὺς
1696 1558 1752 1616 δὲ
1798 1558 1942 1616 ἰδόν-

2056 1584 2248 1625 amore
2296 1568 2642 1642 planissime
2688 1570 2907 1637 furunt,
2960 1570 3061 1641 qui
3112 1571 3360 1626 necdum
3411 1569 3698 1636 viderunt,

302 1668 388 1708 τας
424 1650 545 1721 μὲν,
587 1649 652 1705 οὐ
696 1647 992 1730 φιλοῦντας
1021 1648 1099 1722 δὲ,
1132 1652 1178 1706 εἰ
1232 1653 1333 1728 ἄρα
1380 1652 1471 1707 καί
1515 1673 1656 1715 τινες
1700 1654 1799 1708 εἶεν
1846 1653 1944 1708 οὕ-

2056 1658 2195 1714 illud
2259 1665 2323 1715 ut
2378 1659 2817 1732 quamprimum
2870 1665 3325 1733 consequantur,
3380 1659 3702 1717 moliuntur

302 1758 400 1800 τως
430 1737 644 1801 ἀθλίως
693 1735 939 1814 ἔχοντες,
970 1741 1046 1803 ὡς
1094 1736 1254 1817 ἔγωγ’
1307 1741 1404 1796 οὐκ
1447 1742 1628 1814 οἶμαι,
1659 1742 1712 1797 τί
1763 1764 1845 1804 τις
1886 1741 1944 1796 ἂν

2056 1748 2286 1816 omnia;
2318 1750 2419 1821 qui
2444 1754 2639 1806 autem
2672 1750 2965 1817 viderunt,
2999 1766 3186 1823 neque
3234 1757 3433 1808 antant
3481 1755 3697 1815 tamen,

301 1829 584 1902 προσείποι
618 1826 863 1898 δικαίως,
896 1829 933 1899 ἢ
965 1835 1113 1907 σφῶς
1149 1829 1323 1886 αὐτῶν
1353 1832 1428 1895 ὡς
1458 1829 1679 1902 ἀληθῶς
1712 1830 1944 1906 ἐχθροὺς

2056 1838 2101 1894 si
2133 1838 2234 1910 qui
2264 1839 2347 1894 ita
2390 1839 2589 1896 miseri
2644 1838 2965 1912 perditique
3024 1821 3182 1905 sunt,
3217 1841 3373 1909 quod
3424 1839 3698 1912 equidem

303 1918 510 1973 καὶτοῦ
563 1917 982 1985 λυσιτελοῦντος
1030 1921 1332 1994 βασκάνους
1367 1941 1380 1953 ·
1432 1921 1523 1976 καὶ
1572 1920 1657 1977 ὅτι
1709 1942 1801 1994 μοι
1853 1918 1944 1975 δο-

2056 1943 2261 1999 parum
2293 1927 2441 1983 mihi
2459 1928 2524 1983 fit
2554 1928 2870 2001 probabile,
2896 1945 3012 2001 quo
3041 1929 3149 1985 hos
3170 1930 3348 2000 digno
3385 1930 3697 2000 quisquam

301 2012 477 2064 κοῦσιν
507 2008 561 2064 οἳ
594 2028 609 2042 ⁸
642 2030 702 2084 γε
732 2014 974 2065 τοιοῦτοι
1009 2008 1244 2083 μηδενὸς
1285 2015 1396 2067 τῶν
1436 2010 1746 2067 καλλίστων
1796 2010 1944 2090 ἔχειν

2056 2015 2301 2088 appellet
2332 2016 2585 2085 nomine,
2611 2034 2788 2087 quam
2819 2018 3158 2074 verissimos
3188 2018 3279 2074 sui
3310 2019 3570 2090 ipsorum
3594 2018 3698 2073 ho-

303 2094 492 2171 ἔρωτα,
545 2097 682 2172 μηδ’
730 2098 1033 2173 ἐπιθυμεῖν,
1082 2097 1277 2174 ἀνδρὸς
1324 2100 1677 2174 ἀμελοῦντες,
1729 2101 1790 2156 οὗ
1837 2106 1945 2164 πᾶς

305 2188 542 2242 ὁστισοῦν
573 2184 771 2258 εὔξαιτ’
818 2187 876 2244 ἃν
914 2191 1264 2264 πεπειρᾶσθαι
1300 2210 1312 2222 ⁸
1359 2191 1450 2245 καὶ
1483 2190 1542 2251 ὃς
1589 2188 1760 2259 ἡδίων
1796 2192 1942 2246 ἀπά-

303 2296 393 2346 σης
437 2278 636 2349 ἑορτῆς
680 2283 799 2340 τοῖς
848 2276 1079 2353 ἔχουσι;
1112 2279 1187 2334 Σὺ
1233 2282 1360 2352 γοῦν
1409 2282 1488 2350 τῷ
1536 2283 1646 2334 τῶν
1688 2276 1939 2352 ἐπῳδῶν,

302 2367 371 2427 (τις
402 2365 558 2445 ἔειπε),
612 2367 878 2440 ποικίλῳ,
907 2369 997 2423 καὶ
1051 2390 1126 2443 μῃ
1163 2389 1257 2441 μοι
1538 2369 1606 2423 τά
1651 2373 1813 2424 πᾶσιν
1852 2363 1938 2423 ἔκ-

301 2452 437 2524 δηλα
467 2454 715 2531 λέγοντι,
737 2455 995 2518 πλείστας
1031 2457 1124 2529 μὲν
1158 2456 1370 2527 πόλεις,
1399 2457 1499 2512 οὐκ
1530 2457 1697 2534 ὀλίγα
1726 2455 1782 2513 δὲ
1812 2457 1935 2528 ἔθνη

303 2543 614 2617 συνέδησας,
648 2546 737 2601 καὶ
791 2543 1073 2607 πολιτείας
1120 2546 1208 2601 καὶ
1259 2544 1492 2619 δήμους,
1537 2548 1626 2602 καὶ
1666 2547 1940 2610 συνοικίας

302 2635 630 2709 ἀγραύλους,
671 2635 759 2690 καί
819 2635 945 2697 τοὺς
1003 2633 1185 2706 ὁπηδή
1244 2643 1342 2705 τῆς
1400 2635 1673 2713 ἡμετέρας
1730 2638 1941 2712 ἀνθρώ-

298 2745 428 2787 πους
461 2744 474 2757 ·
510 2725 576 2780 οὐ
631 2726 732 2800 γὰρ
765 2726 839 2779 ὧν
885 2724 1077 2798 ἧρξας,
1108 2724 1169 2779 οὐ
1214 2724 1438 2787 τούτους
1486 2723 1811 2801 ἐγοήτευσας
1844 2726 1941 2801 μό·-

296 2833 415 2874 νους
448 2834 461 2846 ⁸
496 2814 575 2875 ὼς
633 2814 711 2886 μὴ
743 2814 830 2882 ἂν,
874 2811 968 2868 ἕνα
1011 2811 1217 2885 μηδένα
1262 2818 1371 2870 τῶν
1397 2817 1613 2870 πάντων
1670 2820 1773 2893 φοῦ
1803 2818 1939 2892 πρό-

296 2922 442 2978 τερον
473 2903 737 2973 τίθεσθαι,
773 2900 914 2975 μηδὲ
950 2908 1056 2957 τῶν
1107 2902 1283 2978 βελῶν
1314 2903 1524 2959 ἐκείνων
1577 2907 1939 2979 ἀμνημονεῖν,

301 2993 379 3053 οἷς
417 2993 621 3055 αὐτοὺς
666 2987 908 3066 ἔτρωσας
944 3011 957 3023 ⁸
1008 2994 1191 3048 ποθεῖν
1238 2990 1295 3047 δὲ
1341 2994 1431 3048 καὶ
1473 2994 1652 3064 αὖθις,
1702 2999 1819 3054 πῶς
1877 2995 1937 3049 ἂν

300 3080 463 3144 εἴποις
495 3082 732 3137 τουτωνὶ
782 3084 1139 3156 πεπειρᾶσθαι
1190 3081 1621 3158 συνευχομένους
1671 3083 1778 3153 ἀεὶ,
1812 3082 1937 3139 ἀλλ’

2055 2104 2215 2167 steis,
2249 2106 2693 2178 commodisque
2731 2107 2980 2179 publicis
3011 2113 3344 2174 mmrentes,
3368 2108 3696 2177 cujusmodi

2054 2209 2196 2249 sane
2225 2192 2492 2251 homines
2524 2194 2742 2251 nullius
2763 2194 3293 2267 pulcherrimarum
3322 2211 3516 2252 rerum
3546 2194 3697 2252 desi-

2055 2282 2215 2339 derio
2245 2300 2311 2339 ac
2340 2283 2652 2354 cupiditate
2682 2284 2840 2355 tangi
2872 2284 3017 2340 mihi
3065 2284 3352 2354 videntur,
3397 2284 3692 2357 siquidem

2051 2369 2215 2428 illum
2248 2371 2553 2444 negligant
2582 2372 2792 2442 virum,
2832 2374 2997 2446 cujus
3042 2375 3445 2447 ususquisque
3484 2374 3690 2429 merito

2054 2460 2165 2516 sibi
2196 2462 2551 2533 exoptaverit
2581 2462 2870 2529 notitiam,
2904 2464 3072 2534 quive
3101 2464 3293 2536 ipsum
3344 2463 3687 2521 familiarem

2052 2549 2400 2608 habentibus
2429 2551 2574 2607 festo
2605 2550 2811 2622 quovis
2842 2552 2936 2608 die
2965 2552 3188 2610 dulcior
3209 2554 3344 2611 est?
3373 2553 3458 2609 Tu
3491 2554 3690 2628 itaque

2049 2641 2226 2697 variis
2256 2641 2408 2709 istis,
2429 2656 2561 2712 quas
2589 2641 2873 2711 diximus,
2898 2638 3346 2701 incantamentis
3362 2644 3477 2701 tuis
3497 2647 3691 2717 (atque

2050 2746 2124 2786 ne
2154 2728 2300 2785 mihi
2331 2730 2639 2786 manifesta
2666 2731 2939 2788 omnibus
2971 2733 3298 2805 usurpanti,
3327 2748 3541 2805 quasso,
3564 2750 3693 2790 suc-

2051 2821 2328 2890 censeas),
2380 2836 2512 2876 cum
2562 2822 2736 2877 urbes
2784 2820 3092 2893 plurimas,
3138 2827 3266 2879 tum
3307 2839 3423 2880 non
3477 2840 3695 2895 paucas

2050 2909 2318 2965 nationes
2351 2909 2456 2965 tibi
2498 2909 2806 2967 devinxisti
2861 2910 3308 2984 colligastique:
3342 2917 3398 2969 et
3425 2917 3701 2984 praeterea

2051 2997 2438 3070 respublicas,
2464 3004 2522 3054 et
2542 3000 2809 3072 pOpulos,
2838 3006 2895 3059 et
2924 3016 3104 3074 pagos
3137 3001 3411 3068 rusticos,
3445 3006 3502 3058 et
3530 3006 3701 3074 quot-

2054 3093 2198 3160 quot
2227 3103 2577 3160 quacunque
2607 3089 2769 3145 orbis
2802 3090 2990 3146 nostri
3020 3094 3185 3163 parte
3224 3100 3528 3148 versantur
3582 3096 3697 3150 ho-

300 3168 560 3246 ὁσημέραι
621 3177 724 3239 τῆς
795 3177 895 3240 σῆς
952 3173 1145 3250 φήμης
1217 3171 1551 3246 ἑκασταχόσε
1618 3173 1938 3249 χωρούσης,

2056 3178 2263 3233 mines.
2299 3177 2495 3250 Neque
2523 3178 2631 3234 hos
2662 3178 2820 3234 enim
2851 3179 3026 3245 solos,
3060 3182 3211 3252 apud
3252 3198 3397 3253 quos
3428 3197 3563 3238 cum
3593 3183 3703 3239 im-

298 3260 532 3334 καθάπερ
561 3259 738 3315 πάλαι
786 3267 885 3330 τῆς
933 3258 1287 3333 Ἀλεξάνδρου
1337 3265 1432 3315 τοῦ
1482 3264 1578 3314 σοῦ
1628 3259 1814 3337 φίλου,
1864 3263 1941 3323 ὡς

301 3347 414 3419 ε’ίης
461 3356 584 3412 τοῖς
635 3350 969 3426 ἀρχομένοις
1021 3349 1430 3427 φιλάνθρωπος,
1481 3350 1570 3404 καὶ
1630 3352 1705 3414 ὡς
1758 3350 1942 3406 Ἰλλυ-

302 3439 445 3512 ριοὺς
495 3440 593 3512 μὶν
645 3440 1015 3515 κατεστρέψω.
1048 3435 1381 3511 Τριϐαλλοῖς
1432 3437 1489 3495 δὲ
1540 3436 1708 3517 φόϐον
1758 3439 1945 3511 ἐνέθη-

300 3548 390 3590 κας
423 3549 436 3560 ⁸
481 3529 727 3591 καὶτοῖς
769 3533 991 3603 Περσῶν
1040 3526 1234 3603 α’ίμασι
1282 3528 1556 3588 πολλάκις
1600 3524 1807 3603 ἔδαψας
1838 3532 1939 3601 τὴν

300 3620 522 3691 αἰχμήν,
557 3623 669 3673 τῶν
702 3617 755 3673 ἐν
786 3617 943 3694 χερσὶ
984 3618 1258 3674 πεσόντων
1298 3615 1510 3681 εὓδενὸς
1551 3619 1711 3692 οἶμαι
1743 3617 1941 3697 διαφυ-

299 3707 504 3783 γόντος,
540 3705 727 3783 ὥσπερ
776 3729 861 3771 τις
916 3709 1155 3780 σκηπτὸς
1203 3710 1450 3763 ἀπαντῶν
1506 3714 1623 3771 τοῖς
1677 3709 1935 3764 ἀνθιστα-

308 3794 500 3867 μὲνοις.

2055 3268 2214 3339 perio
2263 3268 2478 3335 fueras,
2530 3269 2589 3323 in
2639 3274 2869 3326 tantum
2920 3270 3253 3339 incantasti,
3290 3277 3357 3327 ut
3403 3272 3699 3329 neminem

2052 3373 2234 3413 unum
2277 3357 2610 3414 mortalium
2665 3359 2771 3415 tibi
2820 3363 3198 3432 anteponant,
3241 3377 3428 3433 neque
3471 3361 3707 3434 sagitta-

2052 3462 2182 3501 rum
2230 3445 2464 3504 illarum
2517 3464 2724 3505 exuere
2796 3457 3008 3519 queant
3067 3450 3432 3519 memoriam,
3483 3450 3705 3524 quibus

2050 3535 2214 3604 ipsos
2256 3538 2763 3606 consauciaveras,
2830 3539 2927 3595 sed
2987 3540 3339 3608 desiderent,
3394 3540 3707 3612 denuoque

2051 3640 2256 3681 rursus
2286 3626 2521 3683 easdem
2552 3627 2796 3697 experiri
2844 3627 3244 3685 incredibilem
3277 3629 3338 3685 in
3381 3630 3625 3686 modum
3650 3634 3709 3685 et

2053 3717 2328 3784 perpetuo
2357 3719 2647 3784 exoptant,
2680 3732 2881 3773 verum
2912 3717 3073 3775 etiam
3116 3717 3378 3790 quotidie
3430 3723 3705 3775 manante

2055 3817 2549 3874 quoquoversum
2579 3803 2837 3861 nomlnis
2884 3806 2971 3861 tui
3020 3807 3197 3875 fama,
3232 3810 3295 3864 ut
3342 3808 3485 3863 olim
3530 3808 3703 3864 fami-

302 3886 455 3945 liaris
498 3889 663 3946 illius
719 3890 807 3946 tui
860 3888 1187 3959 Alexandri,
1221 3906 1399 3962 quam
1455 3894 1517 3946 tu
1568 3890 1724 3947 mitis
1781 3894 1835 3947 et
1896 3890 2155 3948 clemens
2210 3893 2269 3947 in
2324 3893 2499 3951 civeis
2556 3898 2689 3951 tuos
2747 3896 2847 3966 sis,
2907 3902 2971 3951 ut
3023 3897 3249 3969 Illyrios
3304 3897 3601 3968 averteris,
3644 3902 3709 3953 ut

305 3978 571 4038 Triballis
625 3986 901 4039 terrorem
949 3981 1236 4054 injeceris,
1291 3986 1358 4037 ut
1404 3982 1637 4038 hastam
1697 3989 1857 4038 tuam
1914 3998 2335 4054 sapenumero.
2389 3984 2701 4042 Persarum
2754 3988 3036 4058 sanguine
3081 3988 3398 4045 imbueris:
3451 3988 3706 4057 nemine,

309 4075 367 4127 ut
400 4071 627 4145 opinor,
660 4072 763 4144 qui
803 4070 864 4127 in
901 4076 1033 4129 tuas
1080 4071 1258 4128 semel
1308 4070 1608 4127 incidisset
1665 4087 1893 4142 manus,
1941 4070 2162 4145 elapso.
2212 4073 2300 4130 Ita
2348 4077 2409 4130 tu
2449 4074 2752 4145 nimirum,
2784 4076 3049 4134 fulminis
3091 4076 3151 4133 in
3196 4094 3441 4146 morem,
3475 4079 3706 4136 obviam

308 4161 764 4235 repugnantibus
803 4161 1017 4219 itabas.

373 4300 443 4355 Δ’.
472 4301 707 4353 Τοιαῦτα
744 4299 960 4353 πάντων
1009 4297 1101 4352 καὶ
1144 4294 1223 4352 ἔτι
1273 4297 1450 4353 πλείω
1500 4295 1587 4351 καὶ
1644 4300 1802 4370 κοινῇ
1853 4296 1940 4350 καὶ

307 4389 416 4443 κατ’
468 4385 633 4462 ἄνδρα
680 4388 771 4442 καὶ
814 4387 952 4443 κατὰ
998 4387 1228 4465 φατρίας
1277 4384 1541 4459 ᾀδόντων,
1590 4384 1944 4459 ἐπιθυμοῦσιν

309 4479 359 4531 αἱ
380 4478 568 4538 πόλεις
602 4485 703 4548 τῆς
737 4484 837 4547 σῆς
870 4478 1221 4555 στρατηγίας,
1243 4482 1333 4532 καὶ
1363 4483 1465 4546 τῆς
1493 4477 1615 4552 περί
1645 4475 1742 4539 τὰς
1768 4475 1944 4551 ἀρχάς

2127 4301 2220 4356 IV.
2273 4303 2514 4368 Quando
2561 4303 2747 4376 igitur
2792 4304 3132 4376 hujusmodi
3180 4308 3467 4376 quedam,
3504 4312 3563 4364 et
3610 4308 3707 4369 his

2056 4389 2245 4448 adhuc
2274 4391 2464 4463 plura,
2495 4396 2551 4449 et
2579 4394 2989 4464 communiter,
3028 4403 3080 4451 et
3124 4395 3366 4465 viritim,
3410 4406 3464 4452 et
3514 4397 3702 4453 tribu-

2056 4478 2188 4546 tim,
2220 4481 2291 4536 ab
2318 4481 2592 4538 omnibus
2622 4481 3050 4553 collaudantur,
3082 4484 3221 4541 inde
3249 4485 3334 4554 ﬁt,
3368 4491 3433 4543 ut
3456 4494 3554 4543 tua
3582 4487 3703 4544 im-

309 4565 630 4640 ἐπιστήμης,
654 4564 828 4629 οὕτως
857 4565 1082 4641 ἄμεινον
1126 4566 1323 4636 ἑκάστη
1364 4565 1579 4639 πράξειν
1621 4564 1944 4620 πιστεύουσα

2056 4568 2233 4639 peria,
2251 4575 2409 4624 tuam
2444 4571 2884 4642 magistratuum
2916 4572 3398 4644 peritiam,urhes
3412 4580 3710 4648 expetant,

313 4660 402 4710 σοῦ
432 4652 707 4732 λαχόντος
754 4658 943 4734 ἄρχειν
986 4656 1175 4728 αὐτῆς.
1210 4662 1273 4712 Ἡ
1325 4654 1383 4710 δὲ
1429 4656 1641 4711 τούτων
1689 4652 1944 4727 ἐπιθυμία

2058 4655 2140 4713 ita
2167 4656 2435 4714 videlicet
2458 4659 2674 4717 melius
2701 4642 2951 4733 qumque
2992 4678 3190 4719 secum
3212 4670 3401 4720 actum
3434 4642 3508 4719 iri
3557 4642 3705 4731 rata,

313 4744 462 4809 αὐτάς
520 4768 579 4801 τε
632 4745 832 4811 ταύτας
884 4747 971 4802 καί
1033 4747 1082 4801 σ⁹
1139 4748 1282 4821 ὁμοῦ
1335 4747 1425 4801 καὶ
1491 4746 1585 4800 τὸν
1648 4748 1951 4819 κρατοῦντα

312 4840 567 4909 σεμνύνει.
632 4835 801 4911 Ε’ίπερ
883 4836 1085 4899 ἐκεῖνος
1156 4838 1250 4909 μὶν
1322 4834 1452 4897 τοὺς
1510 4833 1760 4909 ἀρίστους
1823 4834 1947 4910 περί

312 4922 552 4989 πλείονος
583 4923 699 5001 ἄγει
731 4930 909 4999 τιμῶν
941 4926 1031 4981 καὶ
1065 4927 1383 4999 θαυμάζων,
1414 4925 1476 4979 σὺ
1517 4922 1575 4979 δὲ
1606 4922 1722 4995 ε’ίης
1760 4927 1948 4979 τοιοῦ-

312 5032 398 5075 τος
422 5032 436 5046 ⁸
468 5016 524 5070 αἱ
565 5011 610 5069 δ’
643 5013 746 5090 ἄρα
772 5013 969 5077 πόλεις
1002 5014 1106 5070 ὑπὸ
1138 5018 1234 5069 σοῦ
1262 5015 1584 5087 κοσμεῖσθαι
1618 5011 1905 5089 βούλονται
1931 5033 1944 5047 ·

318 5101 522 5173 μᾶλλον
553 5101 610 5159 δὲ
640 5102 793 5179 ε⁶ίπερ
820 5103 977 5159 αὗται
1013 5104 1110 5177 μὲν
1139 5108 1236 5159 τοῦ
1268 5102 1684 5164 λυσιτελοῦντος
1734 5101 1896 5175 ἐρῶσι
1930 5119 1943 5133 ⁸

313 5191 370 5245 σὺ
400 5188 453 5248 δὶ
491 5196 654 5248 τοῦτο
701 5194 963 5267 παρέχεις
998 5210 1011 5223 ⁸
1066 5193 1095 5248 ὁ
1127 5190 1183 5248 δὲ
1227 5190 1416 5268 ἅρχων
1468 5191 1553 5247 σοὶ
1600 5191 1666 5245 τὰ
1720 5189 1947 5265 μέγιστα

314 5288 506 5355 χρῆται
540 5303 552 5316 ⁸
592 5282 701 5359 οὐχ
746 5282 828 5339 ὅτι
864 5282 1013 5359 μάλα
1060 5282 1196 5338 κατά
1222 5283 1379 5360 γὲοος
1419 5283 1569 5354 αὐτῷ
1597 5281 1897 5356 προσήκεις
1928 5296 1944 5313 ⁸

317 5367 422 5425 οὐδ’
451 5371 638 5447 ὅτιπερ
674 5370 747 5427 ὢν
776 5372 1065 5448 τυγχάνεις
1095 5369 1422 5450 ἀδελφιδοῦς
1453 5389 1467 5403 ⁸
1518 5376 1636 5434 πῶς
1686 5368 1785 5446 γὰρ
1829 5368 1945 5424 ἑτέ-

318 5480 414 5533 ρων
470 5458 641 5518 ὄντων
689 5461 788 5518 οὒκ
837 5462 1036 5537 ὀλίγων
1084 5461 1252 5535 αὐτῷ,
1308 5461 1400 5525 οὓς
1442 5459 1698 5517 πλεῖστον
1750 5459 1946 5534 ἀπέχει

319 5551 416 5602 τῶν
439 5546 576 5605 ’ἰσων
618 5550 704 5605 σοί
734 5552 788 5626 γ’
826 5550 1003 5622 ἀξιοῦν
1029 5571 1043 5585 ⁸
1092 5549 1219 5606 ἀλλ’
1252 5551 1447 5622 ἀρετῆς
1497 5548 1679 5605 ε’ίνεκα
1725 5546 1816 5604 καὶ
1846 5552 1946 5617 τῆς

322 5633 369 5689 ἐν
419 5644 531 5701 τοῖς
581 5637 903 5703 καλλίστοις
952 5639 1265 5711 πλεονεξίας
1316 5644 1518 5715 τιμῶν,
1560 5636 1744 5713 ὥσπερ
1801 5636 1945 5692 εἰκὸς

322 5723 587 5804 εὐδοκιμεῖ
640 5734 710 5807 τῇ
770 5730 964 5808 κρίσει,
1024 5728 1204 5806 ὥσπερ
1271 5727 1672 5802 ἐνδεικνύμενος
1729 5723 1944 5798 ἅπασιν,

2056 4747 2109 4801 si
2141 4750 2204 4803 tu
2226 4747 2629 4818 prafecturam
2680 4749 2866 4822 ipsius
2914 4751 3156 4809 sortitus
3196 4752 3390 4808 fueris.
3424 4755 3559 4819 Qua
3612 4770 3702 4809 ur-

2058 4834 2220 4892 bium
2253 4836 2564 4906 desideria,
2594 4843 2654 4895 et
2680 4838 2818 4896 illas
2840 4840 3020 4912 ipsas,
3043 4848 3103 4898 et
3134 4850 3185 4898 te
3217 4858 3334 4898 una
3352 4857 3487 4898 cum
3517 4841 3696 4913 impe-

2055 4930 2265 4996 ratore,
2316 4927 2488 5001 plane
2530 4932 2944 4988 commendant
2992 4934 3474 5007 Quandoquidem
3523 4934 3708 5007 impe-

2058 5020 2216 5073 rator
2253 5018 2503 5075 maxime
2553 5021 3076 5092 prastantissimos
3125 5038 3389 5095 quosque
3430 5022 3586 5080 viros
3640 5022 3701 5079 in

2057 5104 2240 5176 pretio
2292 5106 2485 5177 habet,
2538 5124 2686 5179 quos
2738 5108 3005 5166 videlicet
3046 5110 3365 5167 honoribus
3412 5115 3470 5166 et
3516 5110 3698 5182 gloria

2056 5193 2341 5262 cumulat,
2372 5196 2445 5253 de
2473 5212 2587 5269 quo
2617 5212 2827 5267 genere
2854 5202 2919 5253 tu
2950 5214 3051 5268 es;
3084 5199 3189 5257 abs
3233 5204 3288 5256 te
3329 5215 3460 5257 vero
3506 5200 3701 5257 ornari

2057 5283 2295 5356 regique
2333 5284 2508 5342 urbes
2528 5285 2844 5357 postulant,
2861 5285 2980 5344 sive
3001 5288 3512 5361 potius,quoniam
3532 5305 3695 5347 com-

2057 5372 2232 5431 moda
2266 5390 2374 5431 sua
2403 5376 2577 5432 urbes
2610 5384 2843 5432 amant:
2878 5391 3009 5448 qum
3055 5381 3117 5433 tu
3161 5377 3307 5450 ipsis
3351 5382 3609 5450 prastas,
3644 5384 3705 5435 ut

2058 5470 2179 5531 tua,
2233 5463 2572 5536 imperator,
2616 5464 2883 5522 maximis
2923 5467 2978 5523 in
3046 5466 3216 5524 rebus
3256 5484 3432 5540 opera
3491 5470 3696 5527 utitur.

2055 5552 2234 5626 quue
2255 5571 2371 5610 non
2402 5570 2531 5610 eam
2562 5555 2633 5611 ob
2665 5569 2787 5610 rem
2819 5556 2978 5628 quod
3004 5561 3161 5613 arcta
3205 5556 3321 5630 ipsi
3353 5559 3700 5631 propinqui-

2059 5649 2172 5699 tate
2210 5644 2481 5712 junctus,
2518 5646 2617 5699 aut
2664 5644 2813 5715 quod
2864 5645 3040 5701 fratre
3116 5646 3302 5718 ipsius
3357 5647 3551 5706 editus
3598 5663 3700 5719 es;

2060 5747 2316 5804 quonam
2352 5732 2456 5788 hoc
2489 5733 2730 5805 inquam
2752 5735 2946 5807 modo,
2976 5736 3212 5808 quando
3242 5737 3326 5794 illi
3359 5736 3701 5812 hujusmodi
