  <div class='ocr_page' id='page_1' title='image "/cluster/home/n/w/nwhite01/storage/ocr_20150623/145/hvd.32044054086921/195.png"; bbox 0 0 3986 6228; ppageno 0'>
   <div class='ocr_carea' id='block_1_1' title="bbox 379 374 496 433">
    <p class='ocr_par' dir='ltr' id='par_1_1' title="bbox 379 374 496 433">
     <span class='ocr_line' id='line_1_1' title="bbox 379 374 496 433; baseline 0 0"><span class='ocrx_word' id='word_1_1' title='bbox 379 374 496 433; x_wconf 86' lang='lat'><strong>3&#39;79</strong></span> 
     </span>
    </p>
   </div>
   <div class='ocr_carea' id='block_1_2' title="bbox 1686 384 2491 448">
    <p class='ocr_par' dir='ltr' id='par_1_2' title="bbox 1686 384 2491 448">
     <span class='ocr_line' id='line_1_2' title="bbox 1686 384 2491 448; baseline 0.001 -5"><span class='ocrx_word' id='word_1_2' title='bbox 1686 384 1789 443; x_wconf 85' lang='grc' dir='ltr'>ΤΗ</span> <span class='ocrx_word' id='word_1_3' title='bbox 1802 385 2082 447; x_wconf 85' lang='lat' dir='ltr'><strong>EODULI</strong></span> <span class='ocrx_word' id='word_1_4' title='bbox 2133 386 2491 448; x_wconf 83' lang='lat' dir='ltr'><strong>MONACHI</strong></span> 
     </span>
    </p>
   </div>
   <div class='ocr_carea' id='block_1_3' title="bbox 3671 376 3781 438">
    <p class='ocr_par' dir='ltr' id='par_1_3' title="bbox 3671 376 3781 438">
     <span class='ocr_line' id='line_1_3' title="bbox 3671 376 3781 438; baseline 0 0"><span class='ocrx_word' id='word_1_5' title='bbox 3671 376 3781 438; x_wconf 84' lang='lat'><strong>380</strong></span> 
     </span>
    </p>
   </div>
   <div class='ocr_carea' id='block_1_4' title="bbox 391 508 2035 592">
    <p class='ocr_par' dir='ltr' id='par_1_4' title="bbox 391 508 2020 589">
     <span class='ocr_line' id='line_1_4' title="bbox 391 508 2020 589; baseline 0.007 -25"><span class='ocrx_word' id='word_1_6' title='bbox 391 526 505 565; x_wconf 90' lang='lat' dir='ltr'><strong>non</strong></span> <span class='ocrx_word' id='word_1_7' title='bbox 536 510 704 580; x_wconf 89' lang='lat' dir='ltr'><strong>pauci</strong></span> <span class='ocrx_word' id='word_1_8' title='bbox 736 508 832 566; x_wconf 88' lang='lat' dir='ltr'><strong>alii</strong></span> <span class='ocrx_word' id='word_1_9' title='bbox 863 514 1068 581; x_wconf 69' lang='lat' dir='ltr'><strong>praesto</strong></span> <span class='ocrx_word' id='word_1_10' title='bbox 1099 514 1279 568; x_wconf 81' lang='lat' dir='ltr'><strong>sunt?</strong></span> <span class='ocrx_word' id='word_1_11' title='bbox 1308 530 1455 584; x_wconf 89' lang='lat' dir='ltr'><strong>quos</strong></span> <span class='ocrx_word' id='word_1_12' title='bbox 1481 514 1728 572; x_wconf 92' lang='lat' dir='ltr'><strong>multum</strong></span> <span class='ocrx_word' id='word_1_13' title='bbox 1769 520 2020 589; x_wconf 81' lang='lat' dir='ltr'><strong>profecto</strong></span> 
     </span>
    </p>
   </div>
   <div class='ocr_carea' id='block_1_5' title="bbox 2146 508 3781 592">
    <p class='ocr_par' dir='ltr' id='par_1_5' title="bbox 2146 511 3781 592">
     <span class='ocr_line' id='line_1_5' title="bbox 2146 511 3781 592; baseline -0.007 -18"><span class='ocrx_word' id='word_1_14' title='bbox 2146 523 2207 582; x_wconf 71' lang='lat' dir='ltr'><strong>bc</strong></span> <span class='ocrx_word' id='word_1_15' title='bbox 2264 516 2385 573; x_wconf 72' lang='grc' dir='ltr'>οὔτε</span> <span class='ocrx_word' id='word_1_16' title='bbox 2442 517 2568 579; x_wconf 80' lang='grc' dir='ltr'>τοὺς</span> <span class='ocrx_word' id='word_1_17' title='bbox 2621 516 2887 592; x_wconf 83' lang='grc' dir='ltr'>ἐγγύτατα</span> <span class='ocrx_word' id='word_1_18' title='bbox 2950 514 3044 587; x_wconf 73' lang='grc' dir='ltr'>μὲν</span> <span class='ocrx_word' id='word_1_19' title='bbox 3108 511 3257 583; x_wconf 80' lang='grc' dir='ltr'><strong>αὐτῷ</strong></span> <span class='ocrx_word' id='word_1_20' title='bbox 3324 513 3627 590; x_wconf 74' lang='grc' dir='ltr'><strong>πεφυκότας</strong></span> <span class='ocrx_word' id='word_1_21' title='bbox 3684 513 3781 564; x_wconf 78' lang='grc' dir='ltr'>τοῦ</span> 
     </span>
    </p>
   </div>
   <div class='ocr_carea' id='block_1_6' title="bbox 390 599 2025 672">
    <p class='ocr_par' dir='ltr' id='par_1_6' title="bbox 390 599 2025 672">
     <span class='ocr_line' id='line_1_6' title="bbox 390 599 2025 672; baseline 0.006 -17"><span class='ocrx_word' id='word_1_22' title='bbox 390 599 577 670; x_wconf 88' lang='lat' dir='ltr'><strong>abest,</strong></span> <span class='ocrx_word' id='word_1_23' title='bbox 602 608 664 656; x_wconf 88' lang='lat' dir='ltr'><strong>ut</strong></span> <span class='ocrx_word' id='word_1_24' title='bbox 694 599 928 672; x_wconf 86' lang='lat' dir='ltr'><strong>paribus</strong></span> <span class='ocrx_word' id='word_1_25' title='bbox 959 606 1149 657; x_wconf 88' lang='lat' dir='ltr'><strong>tecum</strong></span> <span class='ocrx_word' id='word_1_26' title='bbox 1184 604 1520 661; x_wconf 87' lang='lat' dir='ltr'><strong>mactandos</strong></span> <span class='ocrx_word' id='word_1_27' title='bbox 1560 612 1790 662; x_wconf 85' lang='lat' dir='ltr'><strong>censeat</strong></span> <span class='ocrx_word' id='word_1_28' title='bbox 1844 607 2025 664; x_wconf 91' lang='lat' dir='ltr'><strong>hono-</strong></span> 
     </span>
    </p>
   </div>
   <div class='ocr_carea' id='block_1_7' title="bbox 390 688 2021 765">
    <p class='ocr_par' dir='ltr' id='par_1_7' title="bbox 390 688 2021 765">
     <span class='ocr_line' id='line_1_7' title="bbox 390 688 2021 765; baseline 0.006 -22"><span class='ocrx_word' id='word_1_29' title='bbox 390 688 587 744; x_wconf 84' lang='lat' dir='ltr'><strong>ribus:</strong></span> <span class='ocrx_word' id='word_1_30' title='bbox 620 689 717 746; x_wconf 85' lang='lat' dir='ltr'><strong>sed</strong></span> <span class='ocrx_word' id='word_1_31' title='bbox 745 689 972 746; x_wconf 87' lang='lat' dir='ltr'><strong>virtutis</strong></span> <span class='ocrx_word' id='word_1_32' title='bbox 1000 694 1129 759; x_wconf 70' lang='lat' dir='ltr'><strong>tuae,</strong></span> <span class='ocrx_word' id='word_1_33' title='bbox 1170 692 1547 765; x_wconf 79' lang='lat' dir='ltr'><strong>pulchrisque</strong></span> <span class='ocrx_word' id='word_1_34' title='bbox 1578 694 1637 750; x_wconf 85' lang='lat' dir='ltr'><strong>in</strong></span> <span class='ocrx_word' id='word_1_35' title='bbox 1668 695 1839 752; x_wconf 84' lang='lat' dir='ltr'><strong>rebus</strong></span> <span class='ocrx_word' id='word_1_36' title='bbox 1896 714 2021 754; x_wconf 88' lang='lat' dir='ltr'><strong>om-</strong></span> 
     </span>
    </p>
   </div>
   <div class='ocr_carea' id='block_1_8' title="bbox 387 778 2027 859">
    <p class='ocr_par' dir='ltr' id='par_1_8' title="bbox 387 778 2027 859">
     <span class='ocr_line' id='line_1_8' title="bbox 387 778 2027 859; baseline 0.005 -24"><span class='ocrx_word' id='word_1_37' title='bbox 387 778 562 835; x_wconf 87' lang='lat' dir='ltr'><strong>nibus</strong></span> <span class='ocrx_word' id='word_1_38' title='bbox 614 778 965 837; x_wconf 73' lang='lat' dir='ltr'><strong>excellentire</strong></span> <span class='ocrx_word' id='word_1_39' title='bbox 1023 781 1251 850; x_wconf 91' lang='lat' dir='ltr'><strong>merito,</strong></span> <span class='ocrx_word' id='word_1_40' title='bbox 1285 786 1340 839; x_wconf 90' lang='lat' dir='ltr'><strong>te</strong></span> <span class='ocrx_word' id='word_1_41' title='bbox 1388 785 1694 853; x_wconf 81' lang='lat' dir='ltr'><strong>extollens,</strong></span> <span class='ocrx_word' id='word_1_42' title='bbox 1727 787 1818 843; x_wconf 90' lang='lat' dir='ltr'><strong>sui</strong></span> <span class='ocrx_word' id='word_1_43' title='bbox 1854 787 2027 859; x_wconf 83' lang='lat' dir='ltr'><strong>hujus</strong></span> 
     </span>
    </p>
   </div>
   <div class='ocr_carea' id='block_1_9' title="bbox 380 868 2026 947">
    <p class='ocr_par' dir='ltr' id='par_1_9' title="bbox 380 868 2026 947">
     <span class='ocr_line' id='line_1_9' title="bbox 380 868 2026 947; baseline 0.005 -22"><span class='ocrx_word' id='word_1_44' title='bbox 380 868 589 940; x_wconf 86' lang='lat' dir='ltr'><strong>judicii</strong></span> <span class='ocrx_word' id='word_1_45' title='bbox 636 868 840 941; x_wconf 78' lang='lat' dir='ltr'><strong>gloria,</strong></span> <span class='ocrx_word' id='word_1_46' title='bbox 885 875 949 926; x_wconf 92' lang='lat' dir='ltr'><strong>ut</strong></span> <span class='ocrx_word' id='word_1_47' title='bbox 991 888 1219 942; x_wconf 63' lang='lat' dir='ltr'><strong>equum</strong></span> <span class='ocrx_word' id='word_1_48' title='bbox 1269 877 1381 942; x_wconf 87' lang='lat' dir='ltr'><strong>est,</strong></span> <span class='ocrx_word' id='word_1_49' title='bbox 1430 874 1557 947; x_wconf 88' lang='lat' dir='ltr'><strong>ipse</strong></span> <span class='ocrx_word' id='word_1_50' title='bbox 1620 877 1851 933; x_wconf 78' lang='lat' dir='ltr'><strong>fruitur.</strong></span> <span class='ocrx_word' id='word_1_51' title='bbox 1909 877 2026 933; x_wconf 82' lang='lat' dir='ltr'><strong>Hoc</strong></span> 
     </span>
    </p>
   </div>
   <div class='ocr_carea' id='block_1_10' title="bbox 385 952 2026 1038">
    <p class='ocr_par' dir='ltr' id='par_1_10' title="bbox 385 952 2026 1038">
     <span class='ocr_line' id='line_1_10' title="bbox 385 952 2026 1038; baseline 0.005 -24"><span class='ocrx_word' id='word_1_52' title='bbox 385 952 541 1015; x_wconf 88' lang='lat' dir='ltr'><strong>enim</strong></span> <span class='ocrx_word' id='word_1_53' title='bbox 574 960 727 1015; x_wconf 88' lang='lat' dir='ltr'><strong>velut</strong></span> <span class='ocrx_word' id='word_1_54' title='bbox 757 960 1075 1032; x_wconf 88' lang='lat' dir='ltr'><strong>specimine</strong></span> <span class='ocrx_word' id='word_1_55' title='bbox 1112 963 1301 1035; x_wconf 85' lang='lat' dir='ltr'><strong>palam</strong></span> <span class='ocrx_word' id='word_1_56' title='bbox 1344 965 1615 1022; x_wconf 90' lang='lat' dir='ltr'><strong>omnibus</strong></span> <span class='ocrx_word' id='word_1_57' title='bbox 1651 966 1787 1022; x_wconf 78' lang='lat' dir='ltr'><strong>facit</strong></span> <span class='ocrx_word' id='word_1_58' title='bbox 1842 982 2026 1038; x_wconf 87' lang='lat' dir='ltr'><strong>neque</strong></span> 
     </span>
    </p>
   </div>
   <div class='ocr_carea' id='block_1_11' title="bbox 387 1049 2031 1121">
    <p class='ocr_par' dir='ltr' id='par_1_11' title="bbox 387 1049 2031 1121">
     <span class='ocr_line' id='line_1_11' title="bbox 387 1049 2031 1121; baseline 0.005 -17"><span class='ocrx_word' id='word_1_59' title='bbox 387 1064 514 1104; x_wconf 86' lang='lat' dir='ltr'><strong>sese</strong></span> <span class='ocrx_word' id='word_1_60' title='bbox 552 1064 761 1119; x_wconf 83' lang='lat' dir='ltr'><strong>genere</strong></span> <span class='ocrx_word' id='word_1_61' title='bbox 809 1049 921 1105; x_wconf 89' lang='lat' dir='ltr'><strong>sibi</strong></span> <span class='ocrx_word' id='word_1_62' title='bbox 969 1052 1290 1121; x_wconf 87' lang='lat' dir='ltr'><strong>proximos,</strong></span> <span class='ocrx_word' id='word_1_63' title='bbox 1324 1057 1383 1109; x_wconf 90' lang='lat' dir='ltr'><strong>at</strong></span> <span class='ocrx_word' id='word_1_64' title='bbox 1445 1053 1677 1111; x_wconf 88' lang='lat' dir='ltr'><strong>virtutis</strong></span> <span class='ocrx_word' id='word_1_65' title='bbox 1724 1056 2031 1113; x_wconf 86' lang='lat' dir='ltr'><strong>destitutos</strong></span> 
     </span>
    </p>
   </div>
   <div class='ocr_carea' id='block_1_12' title="bbox 385 1137 2033 1215">
    <p class='ocr_par' dir='ltr' id='par_1_12' title="bbox 385 1137 2033 1215">
     <span class='ocr_line' id='line_1_12' title="bbox 385 1137 2033 1215; baseline 0.006 -23"><span class='ocrx_word' id='word_1_66' title='bbox 385 1137 700 1207; x_wconf 66' lang='lat' dir='ltr'><strong>preconio,</strong></span> <span class='ocrx_word' id='word_1_67' title='bbox 766 1139 996 1196; x_wconf 86' lang='lat' dir='ltr'><strong>virtutis</strong></span> <span class='ocrx_word' id='word_1_68' title='bbox 1070 1140 1392 1215; x_wconf 87' lang='lat' dir='ltr'><strong>soladibus,</strong></span> <span class='ocrx_word' id='word_1_69' title='bbox 1453 1144 1681 1215; x_wconf 89' lang='lat' dir='ltr'><strong>generis</strong></span> <span class='ocrx_word' id='word_1_70' title='bbox 1750 1146 2033 1203; x_wconf 75' lang='lat' dir='ltr'><strong>duntaxat</strong></span> 
     </span>
    </p>
   </div>
   <div class='ocr_carea' id='block_1_13' title="bbox 385 1229 2034 1305">
    <p class='ocr_par' dir='ltr' id='par_1_13' title="bbox 385 1229 2034 1305">
     <span class='ocr_line' id='line_1_13' title="bbox 385 1229 2034 1305; baseline 0.005 -22"><span class='ocrx_word' id='word_1_71' title='bbox 385 1242 583 1299; x_wconf 87' lang='lat' dir='ltr'><strong>causa,</strong></span> <span class='ocrx_word' id='word_1_72' title='bbox 607 1229 1022 1299; x_wconf 83' lang='lat' dir='ltr'><strong>antelaturum,</strong></span> <span class='ocrx_word' id='word_1_73' title='bbox 1057 1247 1244 1303; x_wconf 90' lang='lat' dir='ltr'><strong>neque</strong></span> <span class='ocrx_word' id='word_1_74' title='bbox 1273 1249 1504 1304; x_wconf 66' lang='lat' dir='ltr'><strong>aequum</strong></span> <span class='ocrx_word' id='word_1_75' title='bbox 1523 1234 1944 1305; x_wconf 86' lang='lat' dir='ltr'><strong>judicaturum,</strong></span> <span class='ocrx_word' id='word_1_76' title='bbox 1970 1239 2034 1292; x_wconf 90' lang='lat' dir='ltr'><strong>ut</strong></span> 
     </span>
    </p>
   </div>
   <div class='ocr_carea' id='block_1_14' title="bbox 2134 598 3777 682">
    <p class='ocr_par' dir='ltr' id='par_1_14' title="bbox 2134 598 3777 682">
     <span class='ocr_line' id='line_1_14' title="bbox 2134 598 3777 682; baseline -0.004 -19"><span class='ocrx_word' id='word_1_77' title='bbox 2134 608 2342 682; x_wconf 88' lang='grc' dir='ltr'>γένους,</span> <span class='ocrx_word' id='word_1_78' title='bbox 2387 609 2435 677; x_wconf 75' lang='grc' dir='ltr'><strong>ἐξ</strong></span> <span class='ocrx_word' id='word_1_79' title='bbox 2483 607 2676 681; x_wconf 79' lang='grc' dir='ltr'>ἀρετῆς</span> <span class='ocrx_word' id='word_1_80' title='bbox 2729 602 2784 659; x_wconf 77' lang='grc' dir='ltr'><strong>δὲ</strong></span> <span class='ocrx_word' id='word_1_81' title='bbox 2825 605 2889 658; x_wconf 77' lang='grc' dir='ltr'>οὐ</span> <span class='ocrx_word' id='word_1_82' title='bbox 2946 598 3338 677; x_wconf 74' lang='grc' dir='ltr'>βεϐοημένους,</span> <span class='ocrx_word' id='word_1_83' title='bbox 3370 603 3475 677; x_wconf 82' lang='grc' dir='ltr'>πρὸ</span> <span class='ocrx_word' id='word_1_84' title='bbox 3523 606 3630 655; x_wconf 81' lang='grc' dir='ltr'>τῶν</span> <span class='ocrx_word' id='word_1_85' title='bbox 3678 605 3777 668; x_wconf 80' lang='grc' dir='ltr'><strong>τῆς</strong></span> 
     </span>
    </p>
   </div>
   <div class='ocr_carea' id='block_1_15' title="bbox 2135 687 3772 772">
    <p class='ocr_par' dir='ltr' id='par_1_15' title="bbox 2135 687 3772 772">
     <span class='ocr_line' id='line_1_15' title="bbox 2135 687 3772 772; baseline -0.007 -18"><span class='ocrx_word' id='word_1_86' title='bbox 2135 700 2328 772; x_wconf 82' lang='grc' dir='ltr'>ἀρετῆς</span> <span class='ocrx_word' id='word_1_87' title='bbox 2371 696 2597 772; x_wconf 73' lang='grc' dir='ltr'>ἑταίρων</span> <span class='ocrx_word' id='word_1_88' title='bbox 2630 692 2719 749; x_wconf 81' lang='grc' dir='ltr'><strong>διὰ</strong></span> <span class='ocrx_word' id='word_1_89' title='bbox 2747 692 2808 749; x_wconf 85' lang='grc' dir='ltr'>τὸ</span> <span class='ocrx_word' id='word_1_90' title='bbox 2846 694 3000 769; x_wconf 86' lang='grc' dir='ltr'>γένος</span> <span class='ocrx_word' id='word_1_91' title='bbox 3032 693 3312 762; x_wconf 78' lang='grc' dir='ltr'><strong>ποιήσαιτ’</strong></span> <span class='ocrx_word' id='word_1_92' title='bbox 3353 689 3437 755; x_wconf 82' lang='grc' dir='ltr'><strong>ἂν,</strong></span> <span class='ocrx_word' id='word_1_93' title='bbox 3487 687 3610 745; x_wconf 69' lang='grc' dir='ltr'>οὔτε</span> <span class='ocrx_word' id='word_1_94' title='bbox 3646 690 3772 751; x_wconf 80' lang='grc' dir='ltr'>τοὺς</span> 
     </span>
    </p>
   </div>
   <div class='ocr_carea' id='block_1_16' title="bbox 2139 771 3780 862">
    <p class='ocr_par' dir='ltr' id='par_1_16' title="bbox 2139 771 3780 862">
     <span class='ocr_line' id='line_1_16' title="bbox 2139 771 3780 862; baseline -0.007 -19"><span class='ocrx_word' id='word_1_95' title='bbox 2139 790 2214 862; x_wconf 82' lang='grc' dir='ltr'>μὴ</span> <span class='ocrx_word' id='word_1_96' title='bbox 2265 771 2639 862; x_wconf 73' lang='grc' dir='ltr'>προσήκοντας</span> <span class='ocrx_word' id='word_1_97' title='bbox 2695 786 2787 857; x_wconf 76' lang='grc' dir='ltr'>μὶν</span> <span class='ocrx_word' id='word_1_98' title='bbox 2846 786 2915 854; x_wconf 78' lang='grc' dir='ltr'><strong>τῇ</strong></span> <span class='ocrx_word' id='word_1_99' title='bbox 2974 781 3152 856; x_wconf 79' lang='grc' dir='ltr'>φύσει,</span> <span class='ocrx_word' id='word_1_100' title='bbox 3206 777 3668 841; x_wconf 76' lang='grc' dir='ltr'>σπουδαιοτάτους</span> <span class='ocrx_word' id='word_1_101' title='bbox 3725 775 3780 833; x_wconf 74' lang='grc' dir='ltr'><strong>δὲ</strong></span> 
     </span>
    </p>
   </div>
   <div class='ocr_carea' id='block_1_17' title="bbox 2136 865 3776 948">
    <p class='ocr_par' dir='ltr' id='par_1_17' title="bbox 2136 865 3776 948">
     <span class='ocr_line' id='line_1_17' title="bbox 2136 865 3776 948; baseline -0.005 -18"><span class='ocrx_word' id='word_1_102' title='bbox 2136 874 2294 938; x_wconf 78' lang='grc' dir='ltr'>ὄντας</span> <span class='ocrx_word' id='word_1_103' title='bbox 2327 873 2521 948; x_wconf 65' lang='grc' dir='ltr'>ἑτέρως</span> <span class='ocrx_word' id='word_1_104' title='bbox 2552 872 2774 929; x_wconf 81' lang='grc' dir='ltr'>ἔλαττον</span> <span class='ocrx_word' id='word_1_105' title='bbox 2804 865 2948 945; x_wconf 78' lang='grc' dir='ltr'>ἔχειν</span> <span class='ocrx_word' id='word_1_106' title='bbox 2982 874 3090 924; x_wconf 83' lang='grc' dir='ltr'>τῶν</span> <span class='ocrx_word' id='word_1_107' title='bbox 3123 871 3242 924; x_wconf 90' lang='grc' dir='ltr'>καθ’</span> <span class='ocrx_word' id='word_1_108' title='bbox 3274 871 3413 942; x_wconf 83' lang='grc' dir='ltr'>αἷμα</span> <span class='ocrx_word' id='word_1_109' title='bbox 3444 870 3776 944; x_wconf 77' lang='grc' dir='ltr'>ψηφίσαιτο·</span> 
     </span>
    </p>
   </div>
   <div class='ocr_carea' id='block_1_18' title="bbox 2137 957 3780 1037">
    <p class='ocr_par' dir='ltr' id='par_1_18' title="bbox 2137 957 3780 1037">
     <span class='ocr_line' id='line_1_18' title="bbox 2137 957 3780 1037; baseline -0.005 -18"><span class='ocrx_word' id='word_1_110' title='bbox 2137 965 2265 1021; x_wconf 84' lang='grc' dir='ltr'>ἀλλ’</span> <span class='ocrx_word' id='word_1_111' title='bbox 2315 962 2495 1037; x_wconf 81' lang='grc' dir='ltr'>ὥσπερ</span> <span class='ocrx_word' id='word_1_112' title='bbox 2541 960 2749 1023; x_wconf 78' lang='grc' dir='ltr'>ἐκεῖνος</span> <span class='ocrx_word' id='word_1_113' title='bbox 2803 960 3030 1033; x_wconf 87' lang='grc' dir='ltr'>μίμημα</span> <span class='ocrx_word' id='word_1_114' title='bbox 3086 964 3244 1014; x_wconf 80' lang='grc' dir='ltr'>πᾶσιν</span> <span class='ocrx_word' id='word_1_115' title='bbox 3304 958 3512 1032; x_wconf 76' lang='grc' dir='ltr'>ἀγαθοῦ</span> <span class='ocrx_word' id='word_1_116' title='bbox 3567 957 3780 1031; x_wconf 82' lang='grc' dir='ltr'>πρόκει-</span> 
     </span>
    </p>
   </div>
   <div class='ocr_carea' id='block_1_19' title="bbox 2138 1042 3779 1124">
    <p class='ocr_par' dir='ltr' id='par_1_19' title="bbox 2138 1042 3779 1124">
     <span class='ocr_line' id='line_1_19' title="bbox 2138 1042 3779 1124; baseline -0.005 -16"><span class='ocrx_word' id='word_1_117' title='bbox 2138 1076 2249 1124; x_wconf 86' lang='grc' dir='ltr'>ται,</span> <span class='ocrx_word' id='word_1_118' title='bbox 2281 1052 2356 1115; x_wconf 83' lang='grc' dir='ltr'>ὣς</span> <span class='ocrx_word' id='word_1_119' title='bbox 2390 1051 2448 1107; x_wconf 71' lang='grc' dir='ltr'><strong>δὲ</strong></span> <span class='ocrx_word' id='word_1_120' title='bbox 2475 1052 2563 1107; x_wconf 85' lang='grc' dir='ltr'><strong>καὶ</strong></span> <span class='ocrx_word' id='word_1_121' title='bbox 2605 1048 2732 1112; x_wconf 80' lang='grc' dir='ltr'>τοὺς</span> <span class='ocrx_word' id='word_1_122' title='bbox 2778 1049 2900 1123; x_wconf 88' lang='grc' dir='ltr'><strong>περί</strong></span> <span class='ocrx_word' id='word_1_123' title='bbox 2932 1047 3097 1120; x_wconf 81' lang='grc' dir='ltr'><strong>αὸτὸν</strong></span> <span class='ocrx_word' id='word_1_124' title='bbox 3136 1042 3286 1121; x_wconf 75' lang='grc' dir='ltr'>ἔχειν</span> <span class='ocrx_word' id='word_1_125' title='bbox 3340 1045 3597 1121; x_wconf 76' lang='grc' dir='ltr'>βούλεται</span> <span class='ocrx_word' id='word_1_126' title='bbox 3648 1045 3779 1119; x_wconf 82' lang='grc' dir='ltr'>πρέ-</span> 
     </span>
    </p>
   </div>
   <div class='ocr_carea' id='block_1_20' title="bbox 2140 1131 3778 1217">
    <p class='ocr_par' dir='ltr' id='par_1_20' title="bbox 2140 1131 3778 1217">
     <span class='ocr_line' id='line_1_20' title="bbox 2140 1131 3778 1217; baseline -0.005 -19"><span class='ocrx_word' id='word_1_127' title='bbox 2140 1163 2312 1198; x_wconf 86' lang='grc' dir='ltr'>ποντα</span> <span class='ocrx_word' id='word_1_128' title='bbox 2336 1141 2595 1216; x_wconf 77' lang='grc' dir='ltr'><strong>πρέποντι</strong></span> <span class='ocrx_word' id='word_1_129' title='bbox 2627 1139 2796 1217; x_wconf 87' lang='grc' dir='ltr'>χορὸν</span> <span class='ocrx_word' id='word_1_130' title='bbox 2837 1136 3118 1214; x_wconf 79' lang='grc' dir='ltr'>κορυφαίῳ</span> <span class='ocrx_word' id='word_1_131' title='bbox 3151 1156 3166 1169; x_wconf 66' lang='grc' dir='ltr'>θ</span> <span class='ocrx_word' id='word_1_132' title='bbox 3207 1135 3296 1191; x_wconf 80' lang='grc' dir='ltr'><strong>καὶ</strong></span> <span class='ocrx_word' id='word_1_133' title='bbox 3333 1136 3547 1197; x_wconf 80' lang='grc' dir='ltr'>τούτοις</span> <span class='ocrx_word' id='word_1_134' title='bbox 3592 1131 3778 1204; x_wconf 73' lang='grc' dir='ltr'>ἥδεται</span> 
     </span>
    </p>
   </div>
   <div class='ocr_carea' id='block_1_21' title="bbox 2146 1224 3273 1306">
    <p class='ocr_par' dir='ltr' id='par_1_21' title="bbox 2146 1224 3273 1306">
     <span class='ocr_line' id='line_1_21' title="bbox 2146 1224 3273 1306; baseline -0.002 -20"><span class='ocrx_word' id='word_1_135' title='bbox 2146 1230 2382 1306; x_wconf 75' lang='grc' dir='ltr'>μᾶλλον,</span> <span class='ocrx_word' id='word_1_136' title='bbox 2414 1232 2448 1301; x_wconf 70' lang='grc' dir='ltr'><strong>ἢ</strong></span> <span class='ocrx_word' id='word_1_137' title='bbox 2480 1234 2559 1303; x_wconf 81' lang='grc' dir='ltr'>τῷ</span> <span class='ocrx_word' id='word_1_138' title='bbox 2599 1229 2734 1303; x_wconf 85' lang='grc' dir='ltr'>πρὸς</span> <span class='ocrx_word' id='word_1_139' title='bbox 2764 1231 2832 1301; x_wconf 78' lang='grc' dir='ltr'>τῇ</span> <span class='ocrx_word' id='word_1_140' title='bbox 2862 1228 3075 1302; x_wconf 80' lang='grc' dir='ltr'>κεφαλῇ</span> <span class='ocrx_word' id='word_1_141' title='bbox 3110 1224 3273 1299; x_wconf 87' lang='grc' dir='ltr'>λίτῳ.</span> 
     </span>
    </p>
   </div>
   <div class='ocr_carea' id='block_1_22' title="bbox 384 1316 3785 1397">
    <p class='ocr_par' dir='ltr' id='par_1_22' title="bbox 384 1316 3785 1397">
     <span class='ocr_line' id='line_1_22' title="bbox 384 1316 3785 1397; baseline -0 -24"><span class='ocrx_word' id='word_1_142' title='bbox 384 1316 482 1389; x_wconf 88' lang='lat' dir='ltr'><strong>qui</strong></span> <span class='ocrx_word' id='word_1_143' title='bbox 516 1317 656 1390; x_wconf 82' lang='lat' dir='ltr'><strong>regii</strong></span> <span class='ocrx_word' id='word_1_144' title='bbox 688 1319 914 1391; x_wconf 83' lang='lat' dir='ltr'><strong>generis</strong></span> <span class='ocrx_word' id='word_1_145' title='bbox 964 1336 1076 1377; x_wconf 90' lang='lat' dir='ltr'><strong>non</strong></span> <span class='ocrx_word' id='word_1_146' title='bbox 1130 1330 1284 1392; x_wconf 85' lang='lat' dir='ltr'><strong>sunt,</strong></span> <span class='ocrx_word' id='word_1_147' title='bbox 1331 1325 1429 1379; x_wconf 87' lang='lat' dir='ltr'><strong>sed</strong></span> <span class='ocrx_word' id='word_1_148' title='bbox 1483 1324 1688 1395; x_wconf 77' lang='lat' dir='ltr'><strong>Optimi</strong></span> <span class='ocrx_word' id='word_1_149' title='bbox 1735 1324 1953 1397; x_wconf 86' lang='lat' dir='ltr'><strong>alioqui</strong></span> <span class='ocrx_word' id='word_1_150' title='bbox 2009 1323 2485 1397; x_wconf 84' lang='lat' dir='ltr'><strong>prohissimique,</strong></span> <span class='ocrx_word' id='word_1_151' title='bbox 2527 1321 2811 1378; x_wconf 77' lang='lat' dir='ltr'><strong>deteriore</strong></span> <span class='ocrx_word' id='word_1_152' title='bbox 2851 1336 3025 1391; x_wconf 88' lang='lat' dir='ltr'><strong>quam</strong></span> <span class='ocrx_word' id='word_1_153' title='bbox 3076 1318 3435 1390; x_wconf 84' lang='lat' dir='ltr'><strong>propinquos</strong></span> <span class='ocrx_word' id='word_1_154' title='bbox 3484 1333 3615 1373; x_wconf 85' lang='lat' dir='ltr'><strong>suos</strong></span> <span class='ocrx_word' id='word_1_155' title='bbox 3665 1332 3785 1373; x_wconf 84' lang='lat' dir='ltr'><strong>esse</strong></span> 
     </span>
    </p>
   </div>
   <div class='ocr_carea' id='block_1_23' title="bbox 387 1406 3785 1486">
    <p class='ocr_par' dir='ltr' id='par_1_23' title="bbox 387 1406 3785 1486">
     <span class='ocr_line' id='line_1_23' title="bbox 387 1406 3785 1486; baseline 0.001 -26"><span class='ocrx_word' id='word_1_156' title='bbox 387 1408 534 1464; x_wconf 86' lang='lat' dir='ltr'><strong>loco.</strong></span> <span class='ocrx_word' id='word_1_157' title='bbox 597 1408 705 1464; x_wconf 88' lang='lat' dir='ltr'><strong>Sed</strong></span> <span class='ocrx_word' id='word_1_158' title='bbox 760 1425 892 1466; x_wconf 83' lang='lat' dir='ltr'><strong>vero</strong></span> <span class='ocrx_word' id='word_1_159' title='bbox 952 1416 1017 1465; x_wconf 90' lang='lat' dir='ltr'><strong>ut</strong></span> <span class='ocrx_word' id='word_1_160' title='bbox 1077 1414 1353 1469; x_wconf 90' lang='lat' dir='ltr'><strong>omnibus</strong></span> <span class='ocrx_word' id='word_1_161' title='bbox 1404 1414 1525 1486; x_wconf 86' lang='lat' dir='ltr'><strong>ipse</strong></span> <span class='ocrx_word' id='word_1_162' title='bbox 1563 1415 1792 1472; x_wconf 88' lang='lat' dir='ltr'><strong>virtutis</strong></span> <span class='ocrx_word' id='word_1_163' title='bbox 1842 1416 1916 1473; x_wconf 83' lang='lat' dir='ltr'><strong>ad</strong></span> <span class='ocrx_word' id='word_1_164' title='bbox 1954 1414 2302 1471; x_wconf 86' lang='lat' dir='ltr'><strong>imitandum</strong></span> <span class='ocrx_word' id='word_1_165' title='bbox 2344 1411 2675 1486; x_wconf 84' lang='lat' dir='ltr'><strong>propositus</strong></span> <span class='ocrx_word' id='word_1_166' title='bbox 2730 1407 3026 1481; x_wconf 83' lang='lat' dir='ltr'><strong>exemplar</strong></span> <span class='ocrx_word' id='word_1_167' title='bbox 3061 1415 3168 1480; x_wconf 86' lang='lat' dir='ltr'><strong>est,</strong></span> <span class='ocrx_word' id='word_1_168' title='bbox 3202 1408 3280 1464; x_wconf 86' lang='lat' dir='ltr'><strong>ita</strong></span> <span class='ocrx_word' id='word_1_169' title='bbox 3336 1406 3785 1479; x_wconf 87' lang='lat' dir='ltr'><strong>ejusdemmodi,</strong></span> 
     </span>
    </p>
   </div>
   <div class='ocr_carea' id='block_1_24' title="bbox 388 1495 3785 1573">
    <p class='ocr_par' dir='ltr' id='par_1_24' title="bbox 388 1495 3785 1573">
     <span class='ocr_line' id='line_1_24' title="bbox 388 1495 3785 1573; baseline 0 -22"><span class='ocrx_word' id='word_1_170' title='bbox 388 1499 706 1569; x_wconf 83' lang='lat' dir='ltr'><strong>proximam</strong></span> <span class='ocrx_word' id='word_1_171' title='bbox 741 1503 1063 1558; x_wconf 87' lang='lat' dir='ltr'><strong>amicorum</strong></span> <span class='ocrx_word' id='word_1_172' title='bbox 1093 1504 1383 1561; x_wconf 90' lang='lat' dir='ltr'><strong>cohortem</strong></span> <span class='ocrx_word' id='word_1_173' title='bbox 1417 1522 1544 1563; x_wconf 88' lang='lat' dir='ltr'><strong>esse</strong></span> <span class='ocrx_word' id='word_1_174' title='bbox 1575 1506 1727 1562; x_wconf 85' lang='lat' dir='ltr'><strong>vult:</strong></span> <span class='ocrx_word' id='word_1_175' title='bbox 1776 1507 2050 1563; x_wconf 88' lang='lat' dir='ltr'><strong>decorum</strong></span> <span class='ocrx_word' id='word_1_176' title='bbox 2089 1504 2313 1562; x_wconf 84' lang='lat' dir='ltr'><strong>scilicet</strong></span> <span class='ocrx_word' id='word_1_177' title='bbox 2358 1505 2566 1560; x_wconf 87' lang='lat' dir='ltr'><strong>decoro</strong></span> <span class='ocrx_word' id='word_1_178' title='bbox 2617 1502 2917 1573; x_wconf 66' lang='grc' dir='ltr'><strong>θοι-γῃδωο</strong></span> <span class='ocrx_word' id='word_1_179' title='bbox 2961 1498 3242 1555; x_wconf 88' lang='lat' dir='ltr'><strong>chorum:</strong></span> <span class='ocrx_word' id='word_1_180' title='bbox 3296 1496 3505 1569; x_wconf 80' lang='lat' dir='ltr'><strong>quibus</strong></span> <span class='ocrx_word' id='word_1_181' title='bbox 3559 1495 3785 1567; x_wconf 87' lang='lat' dir='ltr'><strong>impen-</strong></span> 
     </span>
    </p>
   </div>
   <div class='ocr_carea' id='block_1_25' title="bbox 389 1589 2468 1670">
    <p class='ocr_par' dir='ltr' id='par_1_25' title="bbox 389 1589 2468 1670">
     <span class='ocr_line' id='line_1_25' title="bbox 389 1589 2468 1670; baseline 0.003 -28"><span class='ocrx_word' id='word_1_182' title='bbox 389 1589 513 1644; x_wconf 85' lang='lat' dir='ltr'><strong>sius</strong></span> <span class='ocrx_word' id='word_1_183' title='bbox 544 1589 644 1645; x_wconf 89' lang='lat' dir='ltr'><strong>ilIe</strong></span> <span class='ocrx_word' id='word_1_184' title='bbox 674 1590 1017 1661; x_wconf 86' lang='lat' dir='ltr'><strong>delectatur,</strong></span> <span class='ocrx_word' id='word_1_185' title='bbox 1051 1609 1223 1665; x_wconf 88' lang='lat' dir='ltr'><strong>quam</strong></span> <span class='ocrx_word' id='word_1_186' title='bbox 1259 1596 1520 1652; x_wconf 84' lang='lat' dir='ltr'><strong>radiante</strong></span> <span class='ocrx_word' id='word_1_187' title='bbox 1552 1596 1875 1653; x_wconf 85' lang='lat' dir='ltr'><strong>secundum</strong></span> <span class='ocrx_word' id='word_1_188' title='bbox 1909 1596 2180 1653; x_wconf 87' lang='lat' dir='ltr'><strong>verticem</strong></span> <span class='ocrx_word' id='word_1_189' title='bbox 2212 1612 2468 1670; x_wconf 89' lang='lat' dir='ltr'><strong>gemma.</strong></span> 
     </span>
    </p>
   </div>
   <div class='ocr_carea' id='block_1_26' title="bbox 457 1678 2104 1759">
    <p class='ocr_par' dir='ltr' id='par_1_26' title="bbox 457 1678 2104 1759">
     <span class='ocr_line' id='line_1_26' title="bbox 457 1678 2104 1759; baseline 0.006 -26"><span class='ocrx_word' id='word_1_190' title='bbox 457 1678 520 1733; x_wconf 84' lang='lat' dir='ltr'><strong>V.</strong></span> <span class='ocrx_word' id='word_1_191' title='bbox 556 1679 807 1736; x_wconf 76' lang='lat' dir='ltr'><strong>Maxima</strong></span> <span class='ocrx_word' id='word_1_192' title='bbox 845 1683 1037 1754; x_wconf 83' lang='lat' dir='ltr'><strong>itaque</strong></span> <span class='ocrx_word' id='word_1_193' title='bbox 1085 1689 1142 1739; x_wconf 87' lang='lat' dir='ltr'><strong>et</strong></span> <span class='ocrx_word' id='word_1_194' title='bbox 1181 1684 1535 1757; x_wconf 85' lang='lat' dir='ltr'><strong>imperatori,</strong></span> <span class='ocrx_word' id='word_1_195' title='bbox 1574 1689 1631 1742; x_wconf 90' lang='lat' dir='ltr'><strong>et</strong></span> <span class='ocrx_word' id='word_1_196' title='bbox 1680 1687 1803 1755; x_wconf 91' lang='lat' dir='ltr'><strong>tibi,</strong></span> <span class='ocrx_word' id='word_1_197' title='bbox 1837 1688 2027 1759; x_wconf 87' lang='lat' dir='ltr'><strong>gratia</strong></span> <span class='ocrx_word' id='word_1_198' title='bbox 2057 1689 2104 1755; x_wconf 91' lang='lat' dir='ltr'><strong>B</strong></span> 
     </span>
    </p>
   </div>
   <div class='ocr_carea' id='block_1_27' title="bbox 390 1766 2034 1843">
    <p class='ocr_par' dir='ltr' id='par_1_27' title="bbox 390 1766 2034 1843">
     <span class='ocr_line' id='line_1_27' title="bbox 390 1766 2034 1843; baseline 0.007 -23"><span class='ocrx_word' id='word_1_199' title='bbox 390 1771 536 1822; x_wconf 86' lang='lat' dir='ltr'><strong>esto.</strong></span> <span class='ocrx_word' id='word_1_200' title='bbox 563 1766 643 1822; x_wconf 91' lang='lat' dir='ltr'><strong>llli</strong></span> <span class='ocrx_word' id='word_1_201' title='bbox 675 1767 750 1824; x_wconf 90' lang='lat' dir='ltr'><strong>ob</strong></span> <span class='ocrx_word' id='word_1_202' title='bbox 781 1769 1054 1838; x_wconf 89' lang='lat' dir='ltr'><strong>honores,</strong></span> <span class='ocrx_word' id='word_1_203' title='bbox 1104 1788 1249 1843; x_wconf 88' lang='lat' dir='ltr'><strong>quos</strong></span> <span class='ocrx_word' id='word_1_204' title='bbox 1300 1774 1481 1841; x_wconf 87' lang='lat' dir='ltr'><strong>dedit,</strong></span> <span class='ocrx_word' id='word_1_205' title='bbox 1522 1779 1580 1831; x_wconf 84' lang='lat' dir='ltr'><strong>et</strong></span> <span class='ocrx_word' id='word_1_206' title='bbox 1621 1775 1764 1831; x_wconf 89' lang='lat' dir='ltr'><strong>illud</strong></span> <span class='ocrx_word' id='word_1_207' title='bbox 1808 1775 1891 1831; x_wconf 87' lang='lat' dir='ltr'><strong>tui</strong></span> <span class='ocrx_word' id='word_1_208' title='bbox 1935 1792 2034 1833; x_wconf 92' lang='lat' dir='ltr'><strong>or-</strong></span> 
     </span>
    </p>
   </div>
   <div class='ocr_carea' id='block_1_28' title="bbox 394 1857 2037 1936">
    <p class='ocr_par' dir='ltr' id='par_1_28' title="bbox 394 1857 2037 1936">
     <span class='ocr_line' id='line_1_28' title="bbox 394 1857 2037 1936; baseline 0.007 -26"><span class='ocrx_word' id='word_1_209' title='bbox 394 1857 570 1911; x_wconf 88' lang='lat' dir='ltr'><strong>nandi</strong></span> <span class='ocrx_word' id='word_1_210' title='bbox 629 1858 915 1929; x_wconf 89' lang='lat' dir='ltr'><strong>studium,</strong></span> <span class='ocrx_word' id='word_1_211' title='bbox 953 1861 1053 1917; x_wconf 86' lang='lat' dir='ltr'><strong>tibi</strong></span> <span class='ocrx_word' id='word_1_212' title='bbox 1094 1878 1248 1931; x_wconf 79' lang='lat' dir='ltr'><strong>vero,</strong></span> <span class='ocrx_word' id='word_1_213' title='bbox 1271 1864 1355 1918; x_wconf 89' lang='lat' dir='ltr'><strong>ita</strong></span> <span class='ocrx_word' id='word_1_214' title='bbox 1396 1865 1467 1919; x_wconf 85' lang='lat' dir='ltr'><strong>ad</strong></span> <span class='ocrx_word' id='word_1_215' title='bbox 1527 1865 1724 1921; x_wconf 87' lang='lat' dir='ltr'><strong>omnia</strong></span> <span class='ocrx_word' id='word_1_216' title='bbox 1775 1870 1908 1936; x_wconf 89' lang='lat' dir='ltr'><strong>apto</strong></span> <span class='ocrx_word' id='word_1_217' title='bbox 1980 1869 2037 1922; x_wconf 87' lang='lat' dir='ltr'><strong>et</strong></span> 
     </span>
    </p>
   </div>
   <div class='ocr_carea' id='block_1_29' title="bbox 396 1945 2035 2023">
    <p class='ocr_par' dir='ltr' id='par_1_29' title="bbox 396 1945 2035 2023">
     <span class='ocr_line' id='line_1_29' title="bbox 396 1945 2035 2023; baseline 0.007 -24"><span class='ocrx_word' id='word_1_218' title='bbox 396 1945 605 2001; x_wconf 87' lang='lat' dir='ltr'><strong>idoneo</strong></span> <span class='ocrx_word' id='word_1_219' title='bbox 632 1946 769 2003; x_wconf 85' lang='lat' dir='ltr'><strong>viro.</strong></span> <span class='ocrx_word' id='word_1_220' title='bbox 820 1951 941 2014; x_wconf 90' lang='lat' dir='ltr'><strong>Quo</strong></span> <span class='ocrx_word' id='word_1_221' title='bbox 987 1966 1093 2008; x_wconf 86' lang='lat' dir='ltr'><strong>nos</strong></span> <span class='ocrx_word' id='word_1_222' title='bbox 1150 1958 1343 2007; x_wconf 87' lang='lat' dir='ltr'><strong>autem</strong></span> <span class='ocrx_word' id='word_1_223' title='bbox 1376 1952 1563 2009; x_wconf 82' lang='lat' dir='ltr'><strong>ati‘eoti</strong></span> <span class='ocrx_word' id='word_1_224' title='bbox 1612 1954 1783 2009; x_wconf 91' lang='lat' dir='ltr'><strong>modo</strong></span> <span class='ocrx_word' id='word_1_225' title='bbox 1827 1954 2035 2023; x_wconf 85' lang='lat' dir='ltr'><strong>simus,</strong></span> 
     </span>
    </p>
   </div>
   <div class='ocr_carea' id='block_1_30' title="bbox 398 2038 2034 2110">
    <p class='ocr_par' dir='ltr' id='par_1_30' title="bbox 398 2038 2034 2110">
     <span class='ocr_line' id='line_1_30' title="bbox 398 2038 2034 2110; baseline 0.007 -20"><span class='ocrx_word' id='word_1_226' title='bbox 398 2051 644 2106; x_wconf 87' lang='lat' dir='ltr'><strong>quemve</strong></span> <span class='ocrx_word' id='word_1_227' title='bbox 674 2038 746 2093; x_wconf 89' lang='lat' dir='ltr'><strong>de</strong></span> <span class='ocrx_word' id='word_1_228' title='bbox 770 2041 824 2094; x_wconf 89' lang='lat' dir='ltr'><strong>te</strong></span> <span class='ocrx_word' id='word_1_229' title='bbox 863 2056 1166 2097; x_wconf 87' lang='lat' dir='ltr'><strong>versemus</strong></span> <span class='ocrx_word' id='word_1_230' title='bbox 1214 2042 1497 2110; x_wconf 84' lang='lat' dir='ltr'><strong>animum,</strong></span> <span class='ocrx_word' id='word_1_231' title='bbox 1529 2043 1589 2098; x_wconf 93' lang='lat' dir='ltr'><strong>id</strong></span> <span class='ocrx_word' id='word_1_232' title='bbox 1632 2045 1873 2102; x_wconf 91' lang='lat' dir='ltr'><strong>minime</strong></span> <span class='ocrx_word' id='word_1_233' title='bbox 1907 2063 2034 2102; x_wconf 90' lang='lat' dir='ltr'><strong>om-</strong></span> 
     </span>
    </p>
   </div>
   <div class='ocr_carea' id='block_1_31' title="bbox 398 2125 2036 2203">
    <p class='ocr_par' dir='ltr' id='par_1_31' title="bbox 398 2125 2036 2203">
     <span class='ocr_line' id='line_1_31' title="bbox 398 2125 2036 2203; baseline 0.007 -23"><span class='ocrx_word' id='word_1_234' title='bbox 398 2126 553 2180; x_wconf 88' lang='lat' dir='ltr'><strong>niam</strong></span> <span class='ocrx_word' id='word_1_235' title='bbox 586 2125 1008 2200; x_wconf 86' lang='lat' dir='ltr'><strong>incompertum</strong></span> <span class='ocrx_word' id='word_1_236' title='bbox 1038 2129 1143 2186; x_wconf 92' lang='lat' dir='ltr'><strong>tibi</strong></span> <span class='ocrx_word' id='word_1_237' title='bbox 1193 2148 1322 2188; x_wconf 85' lang='lat' dir='ltr'><strong>esse</strong></span> <span class='ocrx_word' id='word_1_238' title='bbox 1348 2137 1640 2203; x_wconf 88' lang='lat' dir='ltr'><strong>putamus.</strong></span> <span class='ocrx_word' id='word_1_239' title='bbox 1689 2136 1741 2190; x_wconf 89' lang='lat' dir='ltr'><strong>Is</strong></span> <span class='ocrx_word' id='word_1_240' title='bbox 1791 2142 1845 2190; x_wconf 90' lang='lat' dir='ltr'><strong>tu</strong></span> <span class='ocrx_word' id='word_1_241' title='bbox 1879 2135 2036 2191; x_wconf 87' lang='lat' dir='ltr'><strong>enim</strong></span> 
     </span>
    </p>
   </div>
   <div class='ocr_carea' id='block_1_32' title="bbox 393 2215 2039 2288">
    <p class='ocr_par' dir='ltr' id='par_1_32' title="bbox 393 2215 2039 2288">
     <span class='ocr_line' id='line_1_32' title="bbox 393 2215 2039 2288; baseline 0.009 -21"><span class='ocrx_word' id='word_1_242' title='bbox 393 2215 634 2269; x_wconf 88' lang='lat' dir='ltr'><strong>omnino</strong></span> <span class='ocrx_word' id='word_1_243' title='bbox 666 2231 746 2285; x_wconf 88' lang='lat' dir='ltr'><strong>es,</strong></span> <span class='ocrx_word' id='word_1_244' title='bbox 777 2216 873 2288; x_wconf 89' lang='lat' dir='ltr'><strong>qui</strong></span> <span class='ocrx_word' id='word_1_245' title='bbox 904 2234 1036 2274; x_wconf 91' lang='lat' dir='ltr'><strong>cum</strong></span> <span class='ocrx_word' id='word_1_246' title='bbox 1068 2218 1353 2277; x_wconf 84' lang='lat' dir='ltr'><strong>scelerum</strong></span> <span class='ocrx_word' id='word_1_247' title='bbox 1393 2238 1500 2278; x_wconf 88' lang='lat' dir='ltr'><strong>nos</strong></span> <span class='ocrx_word' id='word_1_248' title='bbox 1550 2227 1879 2279; x_wconf 86' lang='lat' dir='ltr'><strong>nostrorum</strong></span> <span class='ocrx_word' id='word_1_249' title='bbox 1931 2224 2039 2281; x_wconf 86' lang='lat' dir='ltr'><strong>im-</strong></span> 
     </span>
    </p>
   </div>
   <div class='ocr_carea' id='block_1_33' title="bbox 397 2303 2037 2381">
    <p class='ocr_par' dir='ltr' id='par_1_33' title="bbox 397 2303 2037 2381">
     <span class='ocr_line' id='line_1_33' title="bbox 397 2303 2037 2381; baseline 0.007 -24"><span class='ocrx_word' id='word_1_250' title='bbox 397 2303 674 2360; x_wconf 87' lang='lat' dir='ltr'><strong>manitate</strong></span> <span class='ocrx_word' id='word_1_251' title='bbox 706 2307 818 2362; x_wconf 89' lang='lat' dir='ltr'><strong>Deo</strong></span> <span class='ocrx_word' id='word_1_252' title='bbox 850 2323 1027 2378; x_wconf 89' lang='lat' dir='ltr'><strong>quam</strong></span> <span class='ocrx_word' id='word_1_253' title='bbox 1052 2311 1301 2365; x_wconf 81' lang='lat' dir='ltr'><strong>maxime</strong></span> <span class='ocrx_word' id='word_1_254' title='bbox 1322 2311 1561 2381; x_wconf 87' lang='lat' dir='ltr'><strong>invisos,</strong></span> <span class='ocrx_word' id='word_1_255' title='bbox 1587 2312 2037 2369; x_wconf 86' lang='lat' dir='ltr'><strong>crudelissimis-</strong></span> 
     </span>
    </p>
   </div>
   <div class='ocr_carea' id='block_1_34' title="bbox 393 2394 2036 2472">
    <p class='ocr_par' dir='ltr' id='par_1_34' title="bbox 393 2394 2036 2472">
     <span class='ocr_line' id='line_1_34' title="bbox 393 2394 2036 2472; baseline 0.007 -25"><span class='ocrx_word' id='word_1_256' title='bbox 393 2408 508 2464; x_wconf 90' lang='lat' dir='ltr'><strong>que</strong></span> <span class='ocrx_word' id='word_1_257' title='bbox 541 2394 806 2453; x_wconf 87' lang='lat' dir='ltr'><strong>harbaris</strong></span> <span class='ocrx_word' id='word_1_258' title='bbox 839 2396 1008 2468; x_wconf 85' lang='lat' dir='ltr'><strong>plane</strong></span> <span class='ocrx_word' id='word_1_259' title='bbox 1035 2400 1284 2468; x_wconf 87' lang='lat' dir='ltr'><strong>deditos,</strong></span> <span class='ocrx_word' id='word_1_260' title='bbox 1307 2406 1363 2455; x_wconf 90' lang='lat' dir='ltr'><strong>et</strong></span> <span class='ocrx_word' id='word_1_261' title='bbox 1381 2402 1626 2472; x_wconf 86' lang='lat' dir='ltr'><strong>jamjam</strong></span> <span class='ocrx_word' id='word_1_262' title='bbox 1652 2402 1856 2459; x_wconf 90' lang='lat' dir='ltr'><strong>ultimo</strong></span> <span class='ocrx_word' id='word_1_263' title='bbox 1878 2402 2036 2459; x_wconf 89' lang='lat' dir='ltr'><strong>haud</strong></span> 
     </span>
    </p>
   </div>
   <div class='ocr_carea' id='block_1_35' title="bbox 395 2484 2034 2563">
    <p class='ocr_par' dir='ltr' id='par_1_35' title="bbox 395 2484 2034 2563">
     <span class='ocr_line' id='line_1_35' title="bbox 395 2484 2034 2563; baseline 0.005 -22"><span class='ocrx_word' id='word_1_264' title='bbox 395 2484 571 2541; x_wconf 91' lang='lat' dir='ltr'><strong>dubie</strong></span> <span class='ocrx_word' id='word_1_265' title='bbox 641 2486 1096 2558; x_wconf 85' lang='lat' dir='ltr'><strong>propinquantes</strong></span> <span class='ocrx_word' id='word_1_266' title='bbox 1145 2488 1343 2560; x_wconf 83' lang='lat' dir='ltr'><strong>exitio,</strong></span> <span class='ocrx_word' id='word_1_267' title='bbox 1391 2492 1740 2563; x_wconf 80' lang='lat' dir='ltr'><strong>accepisses,</strong></span> <span class='ocrx_word' id='word_1_268' title='bbox 1794 2492 2034 2550; x_wconf 88' lang='lat' dir='ltr'><strong>minime</strong></span> 
     </span>
    </p>
   </div>
   <div class='ocr_carea' id='block_1_36' title="bbox 393 2573 2040 2650">
    <p class='ocr_par' dir='ltr' id='par_1_36' title="bbox 393 2573 2040 2650">
     <span class='ocr_line' id='line_1_36' title="bbox 393 2573 2040 2650; baseline 0.005 -20"><span class='ocrx_word' id='word_1_269' title='bbox 393 2573 582 2646; x_wconf 89' lang='lat' dir='ltr'><strong>perire</strong></span> <span class='ocrx_word' id='word_1_270' title='bbox 610 2577 861 2647; x_wconf 85' lang='lat' dir='ltr'><strong>sinebas,</strong></span> <span class='ocrx_word' id='word_1_271' title='bbox 892 2579 1207 2635; x_wconf 84' lang='lat' dir='ltr'><strong>exercitum</strong></span> <span class='ocrx_word' id='word_1_272' title='bbox 1248 2580 1523 2637; x_wconf 88' lang='lat' dir='ltr'><strong>nimirum</strong></span> <span class='ocrx_word' id='word_1_273' title='bbox 1575 2582 1848 2650; x_wconf 86' lang='lat' dir='ltr'><strong>ductans,</strong></span> <span class='ocrx_word' id='word_1_274' title='bbox 1881 2598 2040 2639; x_wconf 80' lang='lat' dir='ltr'><strong>com-</strong></span> 
     </span>
    </p>
   </div>
   <div class='ocr_carea' id='block_1_37' title="bbox 392 2665 2038 2740">
    <p class='ocr_par' dir='ltr' id='par_1_37' title="bbox 392 2665 2038 2740">
     <span class='ocr_line' id='line_1_37' title="bbox 392 2665 2038 2740; baseline 0.007 -22"><span class='ocrx_word' id='word_1_275' title='bbox 392 2665 807 2734; x_wconf 82' lang='lat' dir='ltr'><strong>monefaciens,</strong></span> <span class='ocrx_word' id='word_1_276' title='bbox 840 2666 1085 2725; x_wconf 87' lang='lat' dir='ltr'><strong>consilia</strong></span> <span class='ocrx_word' id='word_1_277' title='bbox 1135 2669 1614 2740; x_wconf 84' lang='lat' dir='ltr'><strong>subministrans,</strong></span> <span class='ocrx_word' id='word_1_278' title='bbox 1648 2672 1886 2728; x_wconf 87' lang='lat' dir='ltr'><strong>meliora</strong></span> <span class='ocrx_word' id='word_1_279' title='bbox 1916 2689 2038 2729; x_wconf 88' lang='lat' dir='ltr'><strong>om-</strong></span> 
     </span>
    </p>
   </div>
   <div class='ocr_carea' id='block_1_38' title="bbox 389 2752 2036 2832">
    <p class='ocr_par' dir='ltr' id='par_1_38' title="bbox 389 2752 2036 2832">
     <span class='ocr_line' id='line_1_38' title="bbox 389 2752 2036 2832; baseline 0.005 -24"><span class='ocrx_word' id='word_1_280' title='bbox 389 2752 490 2808; x_wconf 90' lang='lat' dir='ltr'><strong>nia</strong></span> <span class='ocrx_word' id='word_1_281' title='bbox 522 2754 787 2825; x_wconf 89' lang='lat' dir='ltr'><strong>moliens,</strong></span> <span class='ocrx_word' id='word_1_282' title='bbox 838 2756 1170 2829; x_wconf 88' lang='lat' dir='ltr'><strong>urgentium</strong></span> <span class='ocrx_word' id='word_1_283' title='bbox 1214 2758 1501 2814; x_wconf 90' lang='lat' dir='ltr'><strong>malorum</strong></span> <span class='ocrx_word' id='word_1_284' title='bbox 1557 2759 1833 2832; x_wconf 78' lang='lat' dir='ltr'><strong>eﬂ‘ugium</strong></span> <span class='ocrx_word' id='word_1_285' title='bbox 1877 2777 2036 2832; x_wconf 87' lang='lat' dir='ltr'><strong>repe-</strong></span> 
     </span>
    </p>
   </div>
   <div class='ocr_carea' id='block_1_39' title="bbox 395 2842 2034 2922">
    <p class='ocr_par' dir='ltr' id='par_1_39' title="bbox 395 2842 2034 2922">
     <span class='ocr_line' id='line_1_39' title="bbox 395 2842 2034 2922; baseline 0.007 -27"><span class='ocrx_word' id='word_1_286' title='bbox 395 2842 572 2910; x_wconf 86' lang='lat' dir='ltr'><strong>rieus,</strong></span> <span class='ocrx_word' id='word_1_287' title='bbox 604 2843 807 2915; x_wconf 85' lang='lat' dir='ltr'><strong>exigua</strong></span> <span class='ocrx_word' id='word_1_288' title='bbox 853 2845 1107 2902; x_wconf 90' lang='lat' dir='ltr'><strong>militum</strong></span> <span class='ocrx_word' id='word_1_289' title='bbox 1150 2863 1349 2915; x_wconf 85' lang='lat' dir='ltr'><strong>manu,</strong></span> <span class='ocrx_word' id='word_1_290' title='bbox 1382 2857 1435 2905; x_wconf 87' lang='lat' dir='ltr'><strong>et</strong></span> <span class='ocrx_word' id='word_1_291' title='bbox 1476 2848 1587 2905; x_wconf 88' lang='lat' dir='ltr'><strong>hac</strong></span> <span class='ocrx_word' id='word_1_292' title='bbox 1627 2851 2034 2922; x_wconf 86' lang='lat' dir='ltr'><strong>tremebunda,</strong></span> 
     </span>
    </p>
   </div>
   <div class='ocr_carea' id='block_1_40' title="bbox 397 2931 2036 3012">
    <p class='ocr_par' dir='ltr' id='par_1_40' title="bbox 397 2931 2036 3012">
     <span class='ocr_line' id='line_1_40' title="bbox 397 2931 2036 3012; baseline 0.006 -26"><span class='ocrx_word' id='word_1_293' title='bbox 397 2947 532 2987; x_wconf 92' lang='lat' dir='ltr'><strong>cum</strong></span> <span class='ocrx_word' id='word_1_294' title='bbox 546 2931 953 2990; x_wconf 87' lang='lat' dir='ltr'><strong>innumerabili</strong></span> <span class='ocrx_word' id='word_1_295' title='bbox 970 2935 1224 2991; x_wconf 90' lang='lat' dir='ltr'><strong>hostium</strong></span> <span class='ocrx_word' id='word_1_296' title='bbox 1242 2936 1617 2994; x_wconf 86' lang='lat' dir='ltr'><strong>multitudine</strong></span> <span class='ocrx_word' id='word_1_297' title='bbox 1631 2940 1843 3011; x_wconf 70' lang='lat' dir='ltr'><strong>saepius</strong></span> <span class='ocrx_word' id='word_1_298' title='bbox 1867 2940 2036 3012; x_wconf 89' lang='lat' dir='ltr'><strong>signa</strong></span> 
     </span>
    </p>
   </div>
   <div class='ocr_carea' id='block_1_41' title="bbox 397 3023 2028 3101">
    <p class='ocr_par' dir='ltr' id='par_1_41' title="bbox 397 3023 2028 3101">
     <span class='ocr_line' id='line_1_41' title="bbox 397 3023 2028 3101; baseline 0.006 -27"><span class='ocrx_word' id='word_1_299' title='bbox 397 3023 722 3092; x_wconf 81' lang='lat' dir='ltr'><strong>conferens,</strong></span> <span class='ocrx_word' id='word_1_300' title='bbox 753 3039 819 3078; x_wconf 90' lang='lat' dir='ltr'><strong>ex</strong></span> <span class='ocrx_word' id='word_1_301' title='bbox 859 3039 1039 3096; x_wconf 84' lang='lat' dir='ltr'><strong>eoque</strong></span> <span class='ocrx_word' id='word_1_302' title='bbox 1082 3025 1515 3097; x_wconf 89' lang='lat' dir='ltr'><strong>conjiciendum</strong></span> <span class='ocrx_word' id='word_1_303' title='bbox 1567 3028 1841 3084; x_wconf 89' lang='lat' dir='ltr'><strong>omnibus</strong></span> <span class='ocrx_word' id='word_1_304' title='bbox 1891 3046 2028 3101; x_wconf 82' lang='lat' dir='ltr'><strong>prae-</strong></span> 
     </span>
    </p>
   </div>
   <div class='ocr_carea' id='block_1_42' title="bbox 393 3110 2028 3184">
    <p class='ocr_par' dir='ltr' id='par_1_42' title="bbox 393 3110 2028 3184">
     <span class='ocr_line' id='line_1_42' title="bbox 393 3110 2028 3184; baseline 0.006 -20"><span class='ocrx_word' id='word_1_305' title='bbox 393 3110 559 3176; x_wconf 87' lang='lat' dir='ltr'><strong>bens,</strong></span> <span class='ocrx_word' id='word_1_306' title='bbox 592 3111 712 3168; x_wconf 85' lang='lat' dir='ltr'><strong>fore</strong></span> <span class='ocrx_word' id='word_1_307' title='bbox 752 3116 815 3167; x_wconf 92' lang='lat' dir='ltr'><strong>ut</strong></span> <span class='ocrx_word' id='word_1_308' title='bbox 848 3112 1001 3168; x_wconf 86' lang='lat' dir='ltr'><strong>brevi</strong></span> <span class='ocrx_word' id='word_1_309' title='bbox 1036 3111 1152 3169; x_wconf 89' lang='lat' dir='ltr'><strong>Deo</strong></span> <span class='ocrx_word' id='word_1_310' title='bbox 1183 3115 1492 3184; x_wconf 84' lang='lat' dir='ltr'><strong>adnuente,</strong></span> <span class='ocrx_word' id='word_1_311' title='bbox 1527 3133 1645 3173; x_wconf 88' lang='lat' dir='ltr'><strong>rem</strong></span> <span class='ocrx_word' id='word_1_312' title='bbox 1694 3133 1927 3174; x_wconf 88' lang='lat' dir='ltr'><strong>omnem</strong></span> <span class='ocrx_word' id='word_1_313' title='bbox 1956 3120 2028 3174; x_wconf 87' lang='lat' dir='ltr'><strong>ad</strong></span> 
     </span>
    </p>
   </div>
   <div class='ocr_carea' id='block_1_43' title="bbox 392 3199 2030 3280">
    <p class='ocr_par' dir='ltr' id='par_1_43' title="bbox 392 3199 2030 3280">
     <span class='ocr_line' id='line_1_43' title="bbox 392 3199 2030 3280; baseline 0.006 -26"><span class='ocrx_word' id='word_1_314' title='bbox 392 3199 703 3270; x_wconf 87' lang='lat' dir='ltr'><strong>optabilem</strong></span> <span class='ocrx_word' id='word_1_315' title='bbox 768 3202 984 3258; x_wconf 83' lang='lat' dir='ltr'><strong>exitum</strong></span> <span class='ocrx_word' id='word_1_316' title='bbox 1058 3204 1475 3274; x_wconf 69' lang='lat' dir='ltr'><strong>preducturus,</strong></span> <span class='ocrx_word' id='word_1_317' title='bbox 1524 3206 1823 3280; x_wconf 88' lang='lat' dir='ltr'><strong>malosque</strong></span> <span class='ocrx_word' id='word_1_318' title='bbox 1882 3206 2030 3264; x_wconf 86' lang='lat' dir='ltr'><strong>male</strong></span> 
     </span>
    </p>
   </div>
   <div class='ocr_carea' id='block_1_44' title="bbox 391 3288 2030 3368">
    <p class='ocr_par' dir='ltr' id='par_1_44' title="bbox 391 3288 2030 3368">
     <span class='ocr_line' id='line_1_44' title="bbox 391 3288 2030 3368; baseline 0.006 -25"><span class='ocrx_word' id='word_1_319' title='bbox 391 3288 730 3345; x_wconf 89' lang='lat' dir='ltr'><strong>concisurus</strong></span> <span class='ocrx_word' id='word_1_320' title='bbox 763 3290 862 3361; x_wconf 85' lang='lat' dir='ltr'><strong>sis,</strong></span> <span class='ocrx_word' id='word_1_321' title='bbox 895 3293 1385 3363; x_wconf 88' lang='lat' dir='ltr'><strong>quemadmodum</strong></span> <span class='ocrx_word' id='word_1_322' title='bbox 1438 3296 1735 3368; x_wconf 84' lang='lat' dir='ltr'><strong>quondam</strong></span> <span class='ocrx_word' id='word_1_323' title='bbox 1780 3297 1851 3351; x_wconf 85' lang='lat' dir='ltr'><strong>ad</strong></span> <span class='ocrx_word' id='word_1_324' title='bbox 1903 3296 2030 3353; x_wconf 85' lang='lat' dir='ltr'><strong>Pla-</strong></span> 
     </span>
    </p>
   </div>
   <div class='ocr_carea' id='block_1_45' title="bbox 394 3380 2032 3455">
    <p class='ocr_par' dir='ltr' id='par_1_45' title="bbox 394 3380 2032 3455">
     <span class='ocr_line' id='line_1_45' title="bbox 394 3380 2032 3455; baseline 0.007 -24"><span class='ocrx_word' id='word_1_325' title='bbox 394 3384 530 3434; x_wconf 67' lang='lat' dir='ltr'><strong>lmas</strong></span> <span class='ocrx_word' id='word_1_326' title='bbox 580 3380 892 3436; x_wconf 83' lang='lat' dir='ltr'><strong>Pausanias</strong></span> <span class='ocrx_word' id='word_1_327' title='bbox 944 3380 1412 3440; x_wconf 63' lang='lat' dir='ltr'><strong>Lacedaemonius</strong></span> <span class='ocrx_word' id='word_1_328' title='bbox 1468 3384 1785 3455; x_wconf 86' lang='lat' dir='ltr'><strong>pedestreis</strong></span> <span class='ocrx_word' id='word_1_329' title='bbox 1826 3386 2032 3443; x_wconf 80' lang='lat' dir='ltr'><strong>Xerxis</strong></span> 
     </span>
    </p>
   </div>
   <div class='ocr_carea' id='block_1_46' title="bbox 391 3469 2030 3541">
    <p class='ocr_par' dir='ltr' id='par_1_46' title="bbox 391 3469 2030 3541">
     <span class='ocr_line' id='line_1_46' title="bbox 391 3469 2030 3541; baseline 0.005 -18"><span class='ocrx_word' id='word_1_330' title='bbox 391 3469 612 3540; x_wconf 88' lang='lat' dir='ltr'><strong>copias,</strong></span> <span class='ocrx_word' id='word_1_331' title='bbox 641 3472 811 3539; x_wconf 85' lang='lat' dir='ltr'><strong>atque</strong></span> <span class='ocrx_word' id='word_1_332' title='bbox 837 3473 1007 3525; x_wconf 86' lang='lat' dir='ltr'><strong>antea</strong></span> <span class='ocrx_word' id='word_1_333' title='bbox 1045 3469 1298 3527; x_wconf 88' lang='lat' dir='ltr'><strong>navaleis</strong></span> <span class='ocrx_word' id='word_1_334' title='bbox 1338 3473 1491 3541; x_wconf 89' lang='lat' dir='ltr'><strong>apud</strong></span> <span class='ocrx_word' id='word_1_335' title='bbox 1535 3472 1833 3530; x_wconf 86' lang='lat' dir='ltr'><strong>Salamina</strong></span> <span class='ocrx_word' id='word_1_336' title='bbox 1880 3475 2030 3531; x_wconf 89' lang='lat' dir='ltr'><strong>The-</strong></span> 
     </span>
    </p>
   </div>
   <div class='ocr_carea' id='block_1_47' title="bbox 390 3558 2034 3636">
    <p class='ocr_par' dir='ltr' id='par_1_47' title="bbox 390 3558 2034 3636">
     <span class='ocr_line' id='line_1_47' title="bbox 390 3558 2034 3636; baseline 0.003 -21"><span class='ocrx_word' id='word_1_337' title='bbox 390 3558 717 3626; x_wconf 86' lang='lat' dir='ltr'><strong>mistocles;</strong></span> <span class='ocrx_word' id='word_1_338' title='bbox 770 3575 1005 3632; x_wconf 81' lang='lat' dir='ltr'><strong>nempe,</strong></span> <span class='ocrx_word' id='word_1_339' title='bbox 1055 3559 1307 3617; x_wconf 71' lang='lat' dir='ltr'><strong>Strucnte</strong></span> <span class='ocrx_word' id='word_1_340' title='bbox 1381 3562 1592 3634; x_wconf 80' lang='lat' dir='ltr'><strong>quidvis</strong></span> <span class='ocrx_word' id='word_1_341' title='bbox 1653 3565 1807 3633; x_wconf 77' lang='lat' dir='ltr'><strong>efﬁci</strong></span> <span class='ocrx_word' id='word_1_342' title='bbox 1866 3568 2034 3636; x_wconf 77' lang='lat' dir='ltr'><strong>potest</strong></span> 
     </span>
    </p>
   </div>
   <div class='ocr_carea' id='block_1_48' title="bbox 395 3649 2038 3726">
    <p class='ocr_par' dir='ltr' id='par_1_48' title="bbox 395 3649 2038 3726">
     <span class='ocr_line' id='line_1_48' title="bbox 395 3649 2038 3726; baseline 0.003 -20"><span class='ocrx_word' id='word_1_343' title='bbox 395 3650 523 3714; x_wconf 79' lang='lat' dir='ltr'><strong>Deo,</strong></span> <span class='ocrx_word' id='word_1_344' title='bbox 554 3665 622 3704; x_wconf 85' lang='lat' dir='ltr'><strong>ex</strong></span> <span class='ocrx_word' id='word_1_345' title='bbox 652 3653 776 3717; x_wconf 85' lang='lat' dir='ltr'><strong>tua,</strong></span> <span class='ocrx_word' id='word_1_346' title='bbox 814 3649 1151 3721; x_wconf 85' lang='lat' dir='ltr'><strong>Sophocles,</strong></span> <span class='ocrx_word' id='word_1_347' title='bbox 1202 3653 1487 3709; x_wconf 87' lang='lat' dir='ltr'><strong>sententia</strong></span> <span class='ocrx_word' id='word_1_348' title='bbox 1533 3650 1769 3726; x_wconf 73' lang='grc' dir='ltr'>(Αἴαντι,</span> <span class='ocrx_word' id='word_1_349' title='bbox 1808 3654 1920 3725; x_wconf 89' lang='grc'><strong>86).</strong></span> <span class='ocrx_word' id='word_1_350' title='bbox 1964 3652 2038 3711; x_wconf 91' lang='lat' dir='ltr'><strong>Ut</strong></span> 
     </span>
    </p>
   </div>
   <div class='ocr_carea' id='block_1_49' title="bbox 396 3740 2038 3812">
    <p class='ocr_par' dir='ltr' id='par_1_49' title="bbox 396 3740 2038 3812">
     <span class='ocr_line' id='line_1_49' title="bbox 396 3740 2038 3812; baseline 0.004 -17"><span class='ocrx_word' id='word_1_351' title='bbox 396 3740 490 3798; x_wconf 88' lang='lat' dir='ltr'><strong>bis</strong></span> <span class='ocrx_word' id='word_1_352' title='bbox 521 3740 717 3810; x_wconf 89' lang='lat' dir='ltr'><strong>itaque</strong></span> <span class='ocrx_word' id='word_1_353' title='bbox 747 3741 1010 3812; x_wconf 87' lang='lat' dir='ltr'><strong>quotidie</strong></span> <span class='ocrx_word' id='word_1_354' title='bbox 1040 3742 1191 3797; x_wconf 89' lang='lat' dir='ltr'><strong>inter</strong></span> <span class='ocrx_word' id='word_1_355' title='bbox 1221 3747 1795 3802; x_wconf 84' lang='lat' dir='ltr'><strong>commemorandum</strong></span> <span class='ocrx_word' id='word_1_356' title='bbox 1827 3746 2038 3803; x_wconf 85' lang='lat' dir='ltr'><strong>eximie</strong></span> 
     </span>
    </p>
   </div>
   <div class='ocr_carea' id='block_1_50' title="bbox 393 3827 2036 3907">
    <p class='ocr_par' dir='ltr' id='par_1_50' title="bbox 393 3827 2036 3907">
     <span class='ocr_line' id='line_1_50' title="bbox 393 3827 2036 3907; baseline 0.005 -24"><span class='ocrx_word' id='word_1_357' title='bbox 393 3827 679 3896; x_wconf 68' lang='lat' dir='ltr'><strong>laetamur,</strong></span> <span class='ocrx_word' id='word_1_358' title='bbox 703 3830 785 3885; x_wconf 88' lang='lat' dir='ltr'><strong>ita</strong></span> <span class='ocrx_word' id='word_1_359' title='bbox 815 3834 1019 3886; x_wconf 53' lang='lat' dir='ltr'><strong>caetera</strong></span> <span class='ocrx_word' id='word_1_360' title='bbox 1048 3832 1197 3888; x_wconf 87' lang='lat' dir='ltr'><strong>votis</strong></span> <span class='ocrx_word' id='word_1_361' title='bbox 1236 3833 1576 3890; x_wconf 85' lang='lat' dir='ltr'><strong>ardentibus</strong></span> <span class='ocrx_word' id='word_1_362' title='bbox 1606 3852 1639 3891; x_wconf 87' lang='lat' dir='ltr'><strong>a</strong></span> <span class='ocrx_word' id='word_1_363' title='bbox 1669 3834 1899 3907; x_wconf 90' lang='lat' dir='ltr'><strong>cupidis</strong></span> <span class='ocrx_word' id='word_1_364' title='bbox 1950 3836 2036 3891; x_wconf 83' lang='lat' dir='ltr'><strong>fas</strong></span> 
     </span>
    </p>
   </div>
   <div class='ocr_carea' id='block_1_51' title="bbox 398 3919 2038 3995">
    <p class='ocr_par' dir='ltr' id='par_1_51' title="bbox 398 3919 2038 3995">
     <span class='ocr_line' id='line_1_51' title="bbox 398 3919 2038 3995; baseline 0.004 -20"><span class='ocrx_word' id='word_1_365' title='bbox 398 3920 606 3990; x_wconf 85' lang='lat' dir='ltr'><strong>optari,</strong></span> <span class='ocrx_word' id='word_1_366' title='bbox 638 3919 850 3975; x_wconf 83' lang='lat' dir='ltr'><strong>scilicet</strong></span> <span class='ocrx_word' id='word_1_367' title='bbox 887 3924 953 3975; x_wconf 90' lang='lat' dir='ltr'><strong>ut</strong></span> <span class='ocrx_word' id='word_1_368' title='bbox 972 3920 1090 3976; x_wconf 87' lang='lat' dir='ltr'><strong>alta</strong></span> <span class='ocrx_word' id='word_1_369' title='bbox 1122 3921 1329 3977; x_wconf 87' lang='lat' dir='ltr'><strong>iterum</strong></span> <span class='ocrx_word' id='word_1_370' title='bbox 1365 3922 1475 3978; x_wconf 81' lang='lat' dir='ltr'><strong>frui</strong></span> <span class='ocrx_word' id='word_1_371' title='bbox 1521 3939 1675 3994; x_wconf 86' lang='lat' dir='ltr'><strong>pace,</strong></span> <span class='ocrx_word' id='word_1_372' title='bbox 1717 3925 1774 3979; x_wconf 91' lang='lat' dir='ltr'><strong>in</strong></span> <span class='ocrx_word' id='word_1_373' title='bbox 1807 3924 2038 3995; x_wconf 87' lang='lat' dir='ltr'><strong>otioque</strong></span> 
     </span>
    </p>
   </div>
   <div class='ocr_carea' id='block_1_52' title="bbox 400 4006 2035 4085">
    <p class='ocr_par' dir='ltr' id='par_1_52' title="bbox 400 4006 2035 4085">
     <span class='ocr_line' id='line_1_52' title="bbox 400 4006 2035 4085; baseline 0.004 -24"><span class='ocrx_word' id='word_1_374' title='bbox 400 4007 685 4062; x_wconf 85' lang='lat' dir='ltr'><strong>maximas</strong></span> <span class='ocrx_word' id='word_1_375' title='bbox 715 4006 919 4064; x_wconf 90' lang='lat' dir='ltr'><strong>laudes</strong></span> <span class='ocrx_word' id='word_1_376' title='bbox 948 4013 1079 4065; x_wconf 83' lang='lat' dir='ltr'><strong>tuas</strong></span> <span class='ocrx_word' id='word_1_377' title='bbox 1115 4026 1393 4081; x_wconf 88' lang='lat' dir='ltr'><strong>usurpare</strong></span> <span class='ocrx_word' id='word_1_378' title='bbox 1412 4011 1581 4068; x_wconf 91' lang='lat' dir='ltr'><strong>nobis</strong></span> <span class='ocrx_word' id='word_1_379' title='bbox 1608 4012 1899 4085; x_wconf 89' lang='lat' dir='ltr'><strong>integrum</strong></span> <span class='ocrx_word' id='word_1_380' title='bbox 1923 4013 1998 4069; x_wconf 87' lang='lat' dir='ltr'><strong>sit</strong></span> <span class='ocrx_word' id='word_1_381' title='bbox 2022 4030 2035 4068; x_wconf 91' lang='lat'><strong>:</strong></span> 
     </span>
    </p>
   </div>
   <div class='ocr_carea' id='block_1_53' title="bbox 2207 1673 3782 1756">
    <p class='ocr_par' dir='ltr' id='par_1_53' title="bbox 2207 1673 3782 1756">
     <span class='ocr_line' id='line_1_53' title="bbox 2207 1673 3782 1756; baseline -0.008 -16"><span class='ocrx_word' id='word_1_382' title='bbox 2207 1684 2431 1756; x_wconf 86' lang='grc' dir='ltr'>Ἐκείνῳ</span> <span class='ocrx_word' id='word_1_383' title='bbox 2492 1683 2585 1756; x_wconf 74' lang='grc' dir='ltr'>μὲν</span> <span class='ocrx_word' id='word_1_384' title='bbox 2633 1679 2725 1736; x_wconf 77' lang='grc' dir='ltr'>οὖν</span> <span class='ocrx_word' id='word_1_385' title='bbox 2775 1680 2864 1734; x_wconf 85' lang='grc' dir='ltr'><strong>καὶ</strong></span> <span class='ocrx_word' id='word_1_386' title='bbox 2914 1678 2996 1734; x_wconf 76' lang='grc' dir='ltr'><strong>σοὶ</strong></span> <span class='ocrx_word' id='word_1_387' title='bbox 3042 1676 3269 1748; x_wconf 81' lang='grc' dir='ltr'>πλείστη</span> <span class='ocrx_word' id='word_1_388' title='bbox 3322 1676 3483 1751; x_wconf 81' lang='grc' dir='ltr'>χάρις</span> <span class='ocrx_word' id='word_1_389' title='bbox 3539 1674 3598 1729; x_wconf 78' lang='grc' dir='ltr'>ἂν</span> <span class='ocrx_word' id='word_1_390' title='bbox 3649 1673 3738 1743; x_wconf 66' lang='grc' dir='ltr'>εἵη</span> <span class='ocrx_word' id='word_1_391' title='bbox 3771 1693 3782 1706; x_wconf 67' lang='grc'><strong><em>⁸</em></strong></span> 
     </span>
    </p>
   </div>
   <div class='ocr_carea' id='block_1_54' title="bbox 2146 1763 3787 1848">
    <p class='ocr_par' dir='ltr' id='par_1_54' title="bbox 2146 1763 3787 1848">
     <span class='ocr_line' id='line_1_54' title="bbox 2146 1763 3787 1848; baseline -0.007 -19"><span class='ocrx_word' id='word_1_392' title='bbox 2146 1779 2227 1847; x_wconf 77' lang='grc' dir='ltr'>τῷ</span> <span class='ocrx_word' id='word_1_393' title='bbox 2262 1774 2356 1848; x_wconf 71' lang='grc' dir='ltr'>μὲν</span> <span class='ocrx_word' id='word_1_394' title='bbox 2387 1777 2483 1829; x_wconf 81' lang='grc' dir='ltr'><strong>τοῦ</strong></span> <span class='ocrx_word' id='word_1_395' title='bbox 2513 1773 2648 1828; x_wconf 87' lang='grc' dir='ltr'><strong>κατά</strong></span> <span class='ocrx_word' id='word_1_396' title='bbox 2695 1771 2754 1826; x_wconf 77' lang='grc' dir='ltr'>σὶ</span> <span class='ocrx_word' id='word_1_397' title='bbox 2802 1763 3289 1845; x_wconf 75' lang='grc' dir='ltr'>συγκεχωρηκότος</span> <span class='ocrx_word' id='word_1_398' title='bbox 3328 1767 3416 1821; x_wconf 80' lang='grc' dir='ltr'><strong>καὶ</strong></span> <span class='ocrx_word' id='word_1_399' title='bbox 3467 1771 3567 1835; x_wconf 79' lang='grc' dir='ltr'>τῆς</span> <span class='ocrx_word' id='word_1_400' title='bbox 3619 1784 3787 1819; x_wconf 71' lang='lat' dir='ltr'><strong>mon-</strong></span> 
     </span>
    </p>
   </div>
   <div class='ocr_carea' id='block_1_55' title="bbox 2148 1849 3785 1934">
    <p class='ocr_par' dir='ltr' id='par_1_55' title="bbox 2148 1849 3785 1934">
     <span class='ocr_line' id='line_1_55' title="bbox 2148 1849 3785 1934; baseline -0.007 -16"><span class='ocrx_word' id='word_1_401' title='bbox 2148 1862 2269 1934; x_wconf 79' lang='grc' dir='ltr'>δῆς,</span> <span class='ocrx_word' id='word_1_402' title='bbox 2304 1864 2389 1918; x_wconf 87' lang='grc' dir='ltr'>σοὶ</span> <span class='ocrx_word' id='word_1_403' title='bbox 2421 1859 2467 1917; x_wconf 80' lang='grc' dir='ltr'><strong>δ’</strong></span> <span class='ocrx_word' id='word_1_404' title='bbox 2515 1858 2961 1931; x_wconf 81' lang='grc' dir='ltr'>ἐπιτηδειότητος</span> <span class='ocrx_word' id='word_1_405' title='bbox 2988 1864 3087 1928; x_wconf 84' lang='grc' dir='ltr'><strong>τῆς</strong></span> <span class='ocrx_word' id='word_1_406' title='bbox 3138 1856 3189 1919; x_wconf 82' lang='grc' dir='ltr'>ἐς</span> <span class='ocrx_word' id='word_1_407' title='bbox 3222 1856 3430 1911; x_wconf 79' lang='grc' dir='ltr'>ἅπαντα</span> <span class='ocrx_word' id='word_1_408' title='bbox 3463 1873 3477 1888; x_wconf 73' lang='grc'><strong>⁸</strong></span> <span class='ocrx_word' id='word_1_409' title='bbox 3527 1856 3692 1926; x_wconf 77' lang='grc' dir='ltr'>ἡμεῖς</span> <span class='ocrx_word' id='word_1_410' title='bbox 3736 1849 3785 1908; x_wconf 77' lang='grc' dir='ltr'><strong>δὲ</strong></span> 
     </span>
    </p>
   </div>
   <div class='ocr_carea' id='block_1_56' title="bbox 2149 1943 3789 2029">
    <p class='ocr_par' dir='ltr' id='par_1_56' title="bbox 2149 1943 3789 2029">
     <span class='ocr_line' id='line_1_56' title="bbox 2149 1943 3789 2029; baseline -0.007 -20"><span class='ocrx_word' id='word_1_411' title='bbox 2149 1952 2298 2016; x_wconf 75' lang='grc' dir='ltr'>ὅπως</span> <span class='ocrx_word' id='word_1_412' title='bbox 2330 1952 2531 2029; x_wconf 81' lang='grc' dir='ltr'>ἔχομεν</span> <span class='ocrx_word' id='word_1_413' title='bbox 2576 1952 2801 2028; x_wconf 84' lang='grc' dir='ltr'>γνώμης</span> <span class='ocrx_word' id='word_1_414' title='bbox 2838 1971 2849 1983; x_wconf 89' lang='grc'><strong>·</strong></span> <span class='ocrx_word' id='word_1_415' title='bbox 2903 1950 2990 2005; x_wconf 81' lang='grc' dir='ltr'>καὶ</span> <span class='ocrx_word' id='word_1_416' title='bbox 3020 1948 3141 2004; x_wconf 82' lang='grc' dir='ltr'>τίνα</span> <span class='ocrx_word' id='word_1_417' title='bbox 3169 1951 3296 2002; x_wconf 77' lang='grc' dir='ltr'>νοῦν</span> <span class='ocrx_word' id='word_1_418' title='bbox 3343 1947 3465 2021; x_wconf 82' lang='grc' dir='ltr'>περὶ</span> <span class='ocrx_word' id='word_1_419' title='bbox 3516 1948 3613 2000; x_wconf 84' lang='grc' dir='ltr'>σοῦ</span> <span class='ocrx_word' id='word_1_420' title='bbox 3643 1943 3789 2018; x_wconf 81' lang='grc' dir='ltr'>στρέ-</span> 
     </span>
    </p>
   </div>
   <div class='ocr_carea' id='block_1_57' title="bbox 2148 2034 3785 2125">
    <p class='ocr_par' dir='ltr' id='par_1_57' title="bbox 2148 2034 3785 2125">
     <span class='ocr_line' id='line_1_57' title="bbox 2148 2034 3785 2125; baseline -0.007 -25"><span class='ocrx_word' id='word_1_421' title='bbox 2148 2066 2343 2125; x_wconf 70' lang='grc' dir='ltr'>φομεν,</span> <span class='ocrx_word' id='word_1_422' title='bbox 2406 2043 2645 2118; x_wconf 82' lang='grc' dir='ltr'>μάλιστα</span> <span class='ocrx_word' id='word_1_423' title='bbox 2702 2042 2939 2107; x_wconf 77' lang='grc' dir='ltr'>πάντων,</span> <span class='ocrx_word' id='word_1_424' title='bbox 2998 2039 3153 2112; x_wconf 81' lang='grc' dir='ltr'>οἶμαι</span> <span class='ocrx_word' id='word_1_425' title='bbox 3213 2039 3270 2093; x_wconf 73' lang='grc' dir='ltr'>σὲ</span> <span class='ocrx_word' id='word_1_426' title='bbox 3322 2036 3657 2113; x_wconf 85' lang='grc' dir='ltr'>γινώσκειν</span> <span class='ocrx_word' id='word_1_427' title='bbox 3731 2034 3785 2088; x_wconf 80' lang='grc' dir='ltr'>σὺ</span> 
     </span>
    </p>
   </div>
   <div class='ocr_carea' id='block_1_58' title="bbox 2147 2125 3788 2212">
    <p class='ocr_par' dir='ltr' id='par_1_58' title="bbox 2147 2125 3788 2212">
     <span class='ocr_line' id='line_1_58' title="bbox 2147 2125 3788 2212; baseline -0.007 -22"><span class='ocrx_word' id='word_1_428' title='bbox 2147 2135 2246 2212; x_wconf 78' lang='grc' dir='ltr'><strong>γὰρ</strong></span> <span class='ocrx_word' id='word_1_429' title='bbox 2304 2132 2593 2206; x_wconf 83' lang='grc' dir='ltr'>δήπουθεν,</span> <span class='ocrx_word' id='word_1_430' title='bbox 2650 2134 2678 2187; x_wconf 84' lang='grc' dir='ltr'><strong>ὁ</strong></span> <span class='ocrx_word' id='word_1_431' title='bbox 2751 2136 2832 2204; x_wconf 80' lang='grc' dir='ltr'>τῷ</span> <span class='ocrx_word' id='word_1_432' title='bbox 2891 2130 3222 2203; x_wconf 79' lang='grc' dir='ltr'>μεμισῆσθαι</span> <span class='ocrx_word' id='word_1_433' title='bbox 3299 2125 3567 2201; x_wconf 81' lang='grc' dir='ltr'>κατάκρας</span> <span class='ocrx_word' id='word_1_434' title='bbox 3643 2126 3788 2202; x_wconf 75' lang='grc' dir='ltr'>παρὰ</span> 
     </span>
    </p>
   </div>
   <div class='ocr_carea' id='block_1_59' title="bbox 2149 2212 3788 2294">
    <p class='ocr_par' dir='ltr' id='par_1_59' title="bbox 2149 2212 3788 2294">
     <span class='ocr_line' id='line_1_59' title="bbox 2149 2212 3788 2294; baseline -0.006 -16"><span class='ocrx_word' id='word_1_435' title='bbox 2149 2227 2280 2279; x_wconf 69' lang='grc' dir='ltr'>Θεοῦ</span> <span class='ocrx_word' id='word_1_436' title='bbox 2328 2219 2416 2276; x_wconf 76' lang='grc' dir='ltr'>διὰ</span> <span class='ocrx_word' id='word_1_437' title='bbox 2461 2223 2650 2283; x_wconf 82' lang='grc' dir='ltr'>κακίας</span> <span class='ocrx_word' id='word_1_438' title='bbox 2702 2214 3034 2293; x_wconf 72' lang='grc' dir='ltr'>ὑπερϐολὴν,</span> <span class='ocrx_word' id='word_1_439' title='bbox 3084 2212 3379 2294; x_wconf 74' lang='grc' dir='ltr'>βαρϐάροις</span> <span class='ocrx_word' id='word_1_440' title='bbox 3430 2216 3578 2289; x_wconf 80' lang='grc' dir='ltr'>ἡμᾶς</span> <span class='ocrx_word' id='word_1_441' title='bbox 3632 2214 3788 2288; x_wconf 83' lang='grc' dir='ltr'>ὠμο-</span> 
     </span>
    </p>
   </div>
   <div class='ocr_carea' id='block_1_60' title="bbox 2149 2300 3788 2383">
    <p class='ocr_par' dir='ltr' id='par_1_60' title="bbox 2149 2300 3788 2383">
     <span class='ocr_line' id='line_1_60' title="bbox 2149 2300 3788 2383; baseline -0.007 -17"><span class='ocrx_word' id='word_1_442' title='bbox 2149 2312 2331 2373; x_wconf 78' lang='grc' dir='ltr'>τάτοις</span> <span class='ocrx_word' id='word_1_443' title='bbox 2366 2307 2748 2383; x_wconf 77' lang='grc' dir='ltr'>ἐκδεδομένους</span> <span class='ocrx_word' id='word_1_444' title='bbox 2776 2300 3133 2381; x_wconf 75' lang='grc' dir='ltr'>παραλαῦὼν,</span> <span class='ocrx_word' id='word_1_445' title='bbox 3167 2304 3255 2359; x_wconf 73' lang='grc' dir='ltr'><strong>καῖ</strong></span> <span class='ocrx_word' id='word_1_446' title='bbox 3309 2300 3614 2377; x_wconf 85' lang='grc' dir='ltr'>μέλλοντας</span> <span class='ocrx_word' id='word_1_447' title='bbox 3666 2301 3788 2373; x_wconf 79' lang='grc' dir='ltr'><strong>ἐξώ-</strong></span> 
     </span>
    </p>
   </div>
   <div class='ocr_carea' id='block_1_61' title="bbox 2150 2391 3788 2471">
    <p class='ocr_par' dir='ltr' id='par_1_61' title="bbox 2150 2391 3788 2471">
     <span class='ocr_line' id='line_1_61' title="bbox 2150 2391 3788 2471; baseline -0.007 -15"><span class='ocrx_word' id='word_1_448' title='bbox 2150 2400 2263 2464; x_wconf 86' lang='grc' dir='ltr'>λεις</span> <span class='ocrx_word' id='word_1_449' title='bbox 2296 2401 2370 2463; x_wconf 80' lang='grc' dir='ltr'>ὡς</span> <span class='ocrx_word' id='word_1_450' title='bbox 2420 2399 2643 2471; x_wconf 80' lang='grc' dir='ltr'>ἀληθῶς</span> <span class='ocrx_word' id='word_1_451' title='bbox 2684 2397 3027 2465; x_wconf 85' lang='grc' dir='ltr'>ἀπολεῖσθαι,</span> <span class='ocrx_word' id='word_1_452' title='bbox 3062 2396 3162 2451; x_wconf 84' lang='grc' dir='ltr'>οὐκ</span> <span class='ocrx_word' id='word_1_453' title='bbox 3206 2393 3361 2456; x_wconf 75' lang='grc' dir='ltr'>ἐάσας</span> <span class='ocrx_word' id='word_1_454' title='bbox 3418 2391 3788 2461; x_wconf 76' lang='grc' dir='ltr'>ἀπολωλέναι,</span> 
     </span>
    </p>
   </div>
   <div class='ocr_carea' id='block_1_62' title="bbox 2151 2481 3787 2568">
    <p class='ocr_par' dir='ltr' id='par_1_62' title="bbox 2151 2481 3787 2568">
     <span class='ocr_line' id='line_1_62' title="bbox 2151 2481 3787 2568; baseline -0.006 -21"><span class='ocrx_word' id='word_1_455' title='bbox 2151 2495 2491 2568; x_wconf 81' lang='grc' dir='ltr'>στρατηγῶν,</span> <span class='ocrx_word' id='word_1_456' title='bbox 2555 2491 2820 2544; x_wconf 78' lang='grc' dir='ltr'>νουθετῶν</span> <span class='ocrx_word' id='word_1_457' title='bbox 2896 2481 3314 2560; x_wconf 67' lang='grc' dir='ltr'>συμϐουλεύων,</span> <span class='ocrx_word' id='word_1_458' title='bbox 3393 2482 3787 2561; x_wconf 85' lang='grc' dir='ltr'>μηχανώμενος</span> 
     </span>
    </p>
   </div>
   <div class='ocr_carea' id='block_1_63' title="bbox 2146 2569 3787 2657">
    <p class='ocr_par' dir='ltr' id='par_1_63' title="bbox 2146 2569 3787 2657">
     <span class='ocr_line' id='line_1_63' title="bbox 2146 2569 3787 2657; baseline -0.008 -20"><span class='ocrx_word' id='word_1_459' title='bbox 2146 2583 2211 2637; x_wconf 86' lang='grc' dir='ltr'><strong>τὰ</strong></span> <span class='ocrx_word' id='word_1_460' title='bbox 2275 2579 2503 2657; x_wconf 77' lang='grc' dir='ltr'>βελτίω,</span> <span class='ocrx_word' id='word_1_461' title='bbox 2563 2576 2893 2655; x_wconf 81' lang='grc' dir='ltr'>ἀπαλλαγὴν</span> <span class='ocrx_word' id='word_1_462' title='bbox 2948 2580 3054 2631; x_wconf 78' lang='grc' dir='ltr'><strong>τῶν</strong></span> <span class='ocrx_word' id='word_1_463' title='bbox 3121 2572 3440 2628; x_wconf 71' lang='grc' dir='ltr'>λυπούντων</span> <span class='ocrx_word' id='word_1_464' title='bbox 3499 2569 3787 2645; x_wconf 84' lang='grc' dir='ltr'>εὑρίσκων,</span> 
     </span>
    </p>
   </div>
   <div class='ocr_carea' id='block_1_64' title="bbox 2150 2660 3784 2743">
    <p class='ocr_par' dir='ltr' id='par_1_64' title="bbox 2150 2660 3784 2743">
     <span class='ocr_line' id='line_1_64' title="bbox 2150 2660 3784 2743; baseline -0.007 -17"><span class='ocrx_word' id='word_1_465' title='bbox 2150 2670 2359 2743; x_wconf 86' lang='grc' dir='ltr'>ὀλίγοις</span> <span class='ocrx_word' id='word_1_466' title='bbox 2389 2669 2499 2724; x_wconf 84' lang='grc' dir='ltr'>τισὶ</span> <span class='ocrx_word' id='word_1_467' title='bbox 2550 2669 2926 2743; x_wconf 86' lang='grc' dir='ltr'>στρατιώταις,</span> <span class='ocrx_word' id='word_1_468' title='bbox 2959 2664 3049 2720; x_wconf 78' lang='grc' dir='ltr'><strong>καὶ</strong></span> <span class='ocrx_word' id='word_1_469' title='bbox 3096 2662 3313 2726; x_wconf 76' lang='grc' dir='ltr'>τούτοις</span> <span class='ocrx_word' id='word_1_470' title='bbox 3358 2660 3619 2736; x_wconf 86' lang='grc' dir='ltr'>τρέμουσι</span> <span class='ocrx_word' id='word_1_471' title='bbox 3654 2662 3784 2736; x_wconf 82' lang='grc' dir='ltr'>πρὸς</span> 
     </span>
    </p>
   </div>
   <div class='ocr_carea' id='block_1_65' title="bbox 2147 2750 3788 2834">
    <p class='ocr_par' dir='ltr' id='par_1_65' title="bbox 2147 2750 3788 2834">
     <span class='ocr_line' id='line_1_65' title="bbox 2147 2750 3788 2834; baseline -0.005 -20"><span class='ocrx_word' id='word_1_472' title='bbox 2147 2761 2381 2834; x_wconf 81' lang='grc' dir='ltr'>ἀριθμοῦ</span> <span class='ocrx_word' id='word_1_473' title='bbox 2450 2762 2691 2833; x_wconf 84' lang='grc' dir='ltr'>κρεῖττον</span> <span class='ocrx_word' id='word_1_474' title='bbox 2749 2753 2900 2817; x_wconf 73' lang='grc' dir='ltr'>ἔθνος</span> <span class='ocrx_word' id='word_1_475' title='bbox 2958 2751 3228 2813; x_wconf 64' lang='grc' dir='ltr'>πολλάκις</span> <span class='ocrx_word' id='word_1_476' title='bbox 3289 2750 3788 2825; x_wconf 82' lang='grc' dir='ltr'>παραταττόμενος.</span> 
     </span>
    </p>
   </div>
   <div class='ocr_carea' id='block_1_66' title="bbox 2150 2839 3789 2916">
    <p class='ocr_par' dir='ltr' id='par_1_66' title="bbox 2150 2839 3789 2916">
     <span class='ocr_line' id='line_1_66' title="bbox 2150 2839 3789 2916; baseline -0.006 -13"><span class='ocrx_word' id='word_1_477' title='bbox 2150 2846 2341 2910; x_wconf 78' lang='grc' dir='ltr'>Διδοὺς</span> <span class='ocrx_word' id='word_1_478' title='bbox 2375 2849 2609 2903; x_wconf 74' lang='grc' dir='ltr'>ἐντεῦθεν</span> <span class='ocrx_word' id='word_1_479' title='bbox 2658 2847 2848 2900; x_wconf 74' lang='grc' dir='ltr'>ἅπασιν</span> <span class='ocrx_word' id='word_1_480' title='bbox 2883 2842 3104 2915; x_wconf 78' lang='grc' dir='ltr'>ἐννοεῖν,</span> <span class='ocrx_word' id='word_1_481' title='bbox 3139 2843 3214 2905; x_wconf 82' lang='grc' dir='ltr'><strong>ὡς</strong></span> <span class='ocrx_word' id='word_1_482' title='bbox 3267 2841 3383 2916; x_wconf 84' lang='grc' dir='ltr'>μετ’</span> <span class='ocrx_word' id='word_1_483' title='bbox 3434 2839 3627 2915; x_wconf 83' lang='grc' dir='ltr'>ὀλίγον</span> <span class='ocrx_word' id='word_1_484' title='bbox 3661 2844 3789 2895; x_wconf 83' lang='grc' dir='ltr'><strong>Θεοῦ</strong></span> 
     </span>
    </p>
   </div>
   <div class='ocr_carea' id='block_1_67' title="bbox 2146 2929 3793 3006">
    <p class='ocr_par' dir='ltr' id='par_1_67' title="bbox 2146 2929 3793 3006">
     <span class='ocr_line' id='line_1_67' title="bbox 2146 2929 3793 3006; baseline -0.004 -16"><span class='ocrx_word' id='word_1_485' title='bbox 2146 2937 2452 2997; x_wconf 87' lang='grc' dir='ltr'>νενευκότος</span> <span class='ocrx_word' id='word_1_486' title='bbox 2485 2935 2573 2990; x_wconf 83' lang='grc' dir='ltr'><strong>καὶ</strong></span> <span class='ocrx_word' id='word_1_487' title='bbox 2621 2934 2683 2989; x_wconf 85' lang='grc' dir='ltr'>τὸ</span> <span class='ocrx_word' id='word_1_488' title='bbox 2727 2938 2827 2987; x_wconf 75' lang='grc' dir='ltr'><strong>πᾶν</strong></span> <span class='ocrx_word' id='word_1_489' title='bbox 2879 2930 3159 3006; x_wconf 75' lang='grc' dir='ltr'>ἐξεργάσῃ,</span> <span class='ocrx_word' id='word_1_490' title='bbox 3193 2930 3280 2984; x_wconf 86' lang='grc' dir='ltr'><strong>καὶ</strong></span> <span class='ocrx_word' id='word_1_491' title='bbox 3335 2929 3661 3001; x_wconf 79' lang='grc' dir='ltr'>κατακόψεις</span> <span class='ocrx_word' id='word_1_492' title='bbox 3710 2949 3793 2983; x_wconf 85' lang='grc' dir='ltr'>κα-</span> 
     </span>
    </p>
   </div>
   <div class='ocr_carea' id='block_1_68' title="bbox 2144 3013 3784 3098">
    <p class='ocr_par' dir='ltr' id='par_1_68' title="bbox 2144 3013 3784 3098">
     <span class='ocr_line' id='line_1_68' title="bbox 2144 3013 3784 3098; baseline -0.006 -17"><span class='ocrx_word' id='word_1_493' title='bbox 2144 3027 2273 3088; x_wconf 79' lang='grc' dir='ltr'>κοὺς</span> <span class='ocrx_word' id='word_1_494' title='bbox 2322 3030 2525 3091; x_wconf 81' lang='grc' dir='ltr'>κακῶς,</span> <span class='ocrx_word' id='word_1_495' title='bbox 2568 3024 2804 3098; x_wconf 74' lang='grc' dir='ltr'>καθάπερ</span> <span class='ocrx_word' id='word_1_496' title='bbox 2865 3020 2996 3076; x_wconf 70' lang='grc' dir='ltr'>ποτε</span> <span class='ocrx_word' id='word_1_497' title='bbox 3053 3018 3385 3076; x_wconf 79' lang='grc' dir='ltr'>Πλαταιᾶσιν</span> <span class='ocrx_word' id='word_1_498' title='bbox 3444 3018 3471 3072; x_wconf 87' lang='grc' dir='ltr'>ὁ</span> <span class='ocrx_word' id='word_1_499' title='bbox 3521 3013 3784 3072; x_wconf 79' lang='grc' dir='ltr'>Λακεδαι-</span> 
     </span>
    </p>
   </div>
   <div class='ocr_carea' id='block_1_69' title="bbox 2148 3105 3784 3189">
    <p class='ocr_par' dir='ltr' id='par_1_69' title="bbox 2148 3105 3784 3189">
     <span class='ocr_line' id='line_1_69' title="bbox 2148 3105 3784 3189; baseline -0.007 -19"><span class='ocrx_word' id='word_1_500' title='bbox 2148 3114 2333 3189; x_wconf 79' lang='grc' dir='ltr'>μόνιος</span> <span class='ocrx_word' id='word_1_501' title='bbox 2380 3114 2683 3175; x_wconf 64' lang='grc' dir='ltr'>Παυσανίας</span> <span class='ocrx_word' id='word_1_502' title='bbox 2741 3110 2800 3165; x_wconf 83' lang='grc' dir='ltr'>τὸ</span> <span class='ocrx_word' id='word_1_503' title='bbox 2859 3109 3067 3183; x_wconf 83' lang='grc' dir='ltr'>Ξέρξου</span> <span class='ocrx_word' id='word_1_504' title='bbox 3127 3109 3312 3179; x_wconf 82' lang='grc' dir='ltr'>πεζὸν,</span> <span class='ocrx_word' id='word_1_505' title='bbox 3378 3105 3468 3161; x_wconf 81' lang='grc' dir='ltr'><strong>καὶ</strong></span> <span class='ocrx_word' id='word_1_506' title='bbox 3520 3112 3784 3179; x_wconf 84' lang='grc' dir='ltr'>Θεμιστο-</span> 
     </span>
    </p>
   </div>
   <div class='ocr_carea' id='block_1_70' title="bbox 2140 3195 3783 3279">
    <p class='ocr_par' dir='ltr' id='par_1_70' title="bbox 2140 3195 3783 3279">
     <span class='ocr_line' id='line_1_70' title="bbox 2140 3195 3783 3279; baseline -0.006 -20"><span class='ocrx_word' id='word_1_507' title='bbox 2140 3203 2281 3275; x_wconf 79' lang='grc' dir='ltr'>κλῆς</span> <span class='ocrx_word' id='word_1_508' title='bbox 2313 3204 2540 3279; x_wconf 86' lang='grc' dir='ltr'>πρόσθεν</span> <span class='ocrx_word' id='word_1_509' title='bbox 2574 3202 2628 3257; x_wconf 83' lang='grc' dir='ltr'><strong>έν</strong></span> <span class='ocrx_word' id='word_1_510' title='bbox 2660 3200 2931 3273; x_wconf 83' lang='grc' dir='ltr'>Σαλαμῖνι</span> <span class='ocrx_word' id='word_1_511' title='bbox 2960 3200 3022 3254; x_wconf 83' lang='grc' dir='ltr'>τὸ</span> <span class='ocrx_word' id='word_1_512' title='bbox 3049 3196 3297 3253; x_wconf 81' lang='grc' dir='ltr'>ναυτικόν</span> <span class='ocrx_word' id='word_1_513' title='bbox 3332 3215 3345 3228; x_wconf 86' lang='grc'><strong>·</strong></span> <span class='ocrx_word' id='word_1_514' title='bbox 3378 3195 3489 3251; x_wconf 80' lang='grc' dir='ltr'><strong>καὶ</strong></span> <span class='ocrx_word' id='word_1_515' title='bbox 3517 3196 3783 3271; x_wconf 86' lang='grc' dir='ltr'>γένοιτο</span> 
     </span>
    </p>
   </div>
   <div class='ocr_carea' id='block_1_71' title="bbox 2144 3284 3784 3368">
    <p class='ocr_par' dir='ltr' id='par_1_71' title="bbox 2144 3284 3784 3368">
     <span class='ocr_line' id='line_1_71' title="bbox 2144 3284 3784 3368; baseline -0.007 -18"><span class='ocrx_word' id='word_1_516' title='bbox 2144 3295 2257 3368; x_wconf 88' lang='grc' dir='ltr'><strong>μέν</strong></span> <span class='ocrx_word' id='word_1_517' title='bbox 2294 3295 2342 3349; x_wconf 89' lang='grc' dir='ltr'>τ’</span> <span class='ocrx_word' id='word_1_518' title='bbox 2382 3294 2450 3348; x_wconf 77' lang='grc' dir='ltr'><strong>ἂν</strong></span> <span class='ocrx_word' id='word_1_519' title='bbox 2489 3297 2607 3349; x_wconf 81' lang='grc' dir='ltr'><strong>πᾶν</strong></span> <span class='ocrx_word' id='word_1_520' title='bbox 2640 3285 2799 3368; x_wconf 76' lang='grc' dir='ltr'>ἔφης,</span> <span class='ocrx_word' id='word_1_521' title='bbox 2832 3288 2875 3345; x_wconf 84' lang='grc' dir='ltr'><strong>ὦ</strong></span> <span class='ocrx_word' id='word_1_522' title='bbox 2903 3287 3223 3368; x_wconf 75' lang='grc' dir='ltr'>Σοφόκλεις,</span> <span class='ocrx_word' id='word_1_523' title='bbox 3266 3290 3428 3343; x_wconf 76' lang='grc' dir='ltr'>Θεοῦ</span> <span class='ocrx_word' id='word_1_524' title='bbox 3465 3284 3784 3362; x_wconf 82' lang='grc' dir='ltr'>τεχνομέ-</span> 
     </span>
    </p>
   </div>
   <div class='ocr_carea' id='block_1_72' title="bbox 2144 3374 3781 3459">
    <p class='ocr_par' dir='ltr' id='par_1_72' title="bbox 2144 3374 3781 3459">
     <span class='ocr_line' id='line_1_72' title="bbox 2144 3374 3781 3459; baseline -0.006 -19"><span class='ocrx_word' id='word_1_525' title='bbox 2144 3406 2280 3455; x_wconf 83' lang='grc' dir='ltr'>νου,</span> <span class='ocrx_word' id='word_1_526' title='bbox 2312 3383 2455 3440; x_wconf 74' lang='grc' dir='ltr'>οὕτω</span> <span class='ocrx_word' id='word_1_527' title='bbox 2484 3388 2600 3445; x_wconf 86' lang='grc' dir='ltr'>τοῖς</span> <span class='ocrx_word' id='word_1_528' title='bbox 2637 3383 2730 3456; x_wconf 76' lang='grc' dir='ltr'>μὲν</span> <span class='ocrx_word' id='word_1_529' title='bbox 2767 3378 2977 3459; x_wconf 78' lang='grc' dir='ltr'>σφόδρα</span> <span class='ocrx_word' id='word_1_530' title='bbox 3026 3381 3296 3456; x_wconf 86' lang='grc' dir='ltr'>χαίρομεν</span> <span class='ocrx_word' id='word_1_531' title='bbox 3329 3376 3597 3454; x_wconf 82' lang='grc' dir='ltr'>ὁσημέραι</span> <span class='ocrx_word' id='word_1_532' title='bbox 3649 3374 3781 3444; x_wconf 78' lang='grc' dir='ltr'>διεξ-</span> 
     </span>
    </p>
   </div>
   <div class='ocr_carea' id='block_1_73' title="bbox 2146 3464 3781 3547">
    <p class='ocr_par' dir='ltr' id='par_1_73' title="bbox 2146 3464 3781 3547">
     <span class='ocr_line' id='line_1_73' title="bbox 2146 3464 3781 3547; baseline -0.007 -18"><span class='ocrx_word' id='word_1_533' title='bbox 2146 3475 2317 3536; x_wconf 83' lang='grc' dir='ltr'>ιόντες</span> <span class='ocrx_word' id='word_1_534' title='bbox 2353 3493 2365 3505; x_wconf 80' lang='grc'>⁶</span> <span class='ocrx_word' id='word_1_535' title='bbox 2398 3474 2464 3528; x_wconf 75' lang='grc' dir='ltr'><strong>τὰ</strong></span> <span class='ocrx_word' id='word_1_536' title='bbox 2495 3470 2541 3527; x_wconf 81' lang='grc' dir='ltr'><strong>δ’</strong></span> <span class='ocrx_word' id='word_1_537' title='bbox 2590 3467 2944 3547; x_wconf 77' lang='grc' dir='ltr'>ἐπαγγέλλειν</span> <span class='ocrx_word' id='word_1_538' title='bbox 2988 3465 3159 3524; x_wconf 77' lang='grc' dir='ltr'>ἔνεστι</span> <span class='ocrx_word' id='word_1_539' title='bbox 3211 3467 3491 3543; x_wconf 80' lang='grc' dir='ltr'>λαμπραῖς</span> <span class='ocrx_word' id='word_1_540' title='bbox 3540 3471 3659 3528; x_wconf 87' lang='grc' dir='ltr'>ταῖς</span> <span class='ocrx_word' id='word_1_541' title='bbox 3698 3464 3781 3520; x_wconf 81' lang='grc' dir='ltr'><strong>εὖ·</strong></span> 
     </span>
    </p>
   </div>
   <div class='ocr_carea' id='block_1_74' title="bbox 2145 3555 3782 3638">
    <p class='ocr_par' dir='ltr' id='par_1_74' title="bbox 2145 3555 3782 3638">
     <span class='ocr_line' id='line_1_74' title="bbox 2145 3555 3782 3638; baseline -0.006 -20"><span class='ocrx_word' id='word_1_542' title='bbox 2145 3569 2272 3638; x_wconf 85' lang='grc' dir='ltr'>χαῖς</span> <span class='ocrx_word' id='word_1_543' title='bbox 2324 3562 2738 3636; x_wconf 74' lang='grc' dir='ltr'>ἐπιθυμοῦντας,</span> <span class='ocrx_word' id='word_1_544' title='bbox 2788 3558 3010 3634; x_wconf 80' lang='grc' dir='ltr'>είρήτης</span> <span class='ocrx_word' id='word_1_545' title='bbox 3061 3555 3490 3613; x_wconf 77' lang='grc' dir='ltr'>ἀπολελαυκέναι</span> <span class='ocrx_word' id='word_1_546' title='bbox 3546 3555 3782 3631; x_wconf 83' lang='grc' dir='ltr'>βαθείας,</span> 
     </span>
    </p>
   </div>
   <div class='ocr_carea' id='block_1_75' title="bbox 2144 3643 3779 3727">
    <p class='ocr_par' dir='ltr' id='par_1_75' title="bbox 2144 3643 3779 3727">
     <span class='ocr_line' id='line_1_75' title="bbox 2144 3643 3779 3727; baseline -0.006 -20"><span class='ocrx_word' id='word_1_547' title='bbox 2144 3654 2235 3708; x_wconf 80' lang='grc' dir='ltr'>καὶ</span> <span class='ocrx_word' id='word_1_548' title='bbox 2304 3651 2437 3725; x_wconf 74' lang='grc' dir='ltr'>μετὰ</span> <span class='ocrx_word' id='word_1_549' title='bbox 2485 3649 2698 3727; x_wconf 78' lang='grc' dir='ltr'>σχολῆς</span> <span class='ocrx_word' id='word_1_550' title='bbox 2747 3643 2919 3726; x_wconf 77' lang='grc' dir='ltr'>ἔχειν,</span> <span class='ocrx_word' id='word_1_551' title='bbox 2969 3653 3085 3708; x_wconf 81' lang='grc' dir='ltr'>τοῖς</span> <span class='ocrx_word' id='word_1_552' title='bbox 3143 3646 3278 3703; x_wconf 83' lang='grc' dir='ltr'>κατᾶ</span> <span class='ocrx_word' id='word_1_553' title='bbox 3334 3649 3429 3701; x_wconf 78' lang='grc' dir='ltr'><strong>σοῦ</strong></span> <span class='ocrx_word' id='word_1_554' title='bbox 3482 3644 3779 3724; x_wconf 79' lang='grc' dir='ltr'>κεχρῆσθαι</span> 
     </span>
    </p>
   </div>
   <div class='ocr_carea' id='block_1_76' title="bbox 2146 3732 3784 3810">
    <p class='ocr_par' dir='ltr' id='par_1_76' title="bbox 2146 3732 3784 3810">
     <span class='ocr_line' id='line_1_76' title="bbox 2146 3732 3784 3810; baseline -0.007 -13"><span class='ocrx_word' id='word_1_555' title='bbox 2146 3747 2385 3810; x_wconf 79' lang='grc' dir='ltr'>παιᾶσιν,</span> <span class='ocrx_word' id='word_1_556' title='bbox 2427 3742 2502 3795; x_wconf 83' lang='grc' dir='ltr'>ὧν</span> <span class='ocrx_word' id='word_1_557' title='bbox 2567 3738 2689 3795; x_wconf 69' lang='grc' dir='ltr'>οὔτε</span> <span class='ocrx_word' id='word_1_558' title='bbox 2738 3737 2983 3809; x_wconf 79' lang='grc' dir='ltr'>πλείους,</span> <span class='ocrx_word' id='word_1_559' title='bbox 3033 3735 3155 3792; x_wconf 66' lang='grc' dir='ltr'>οὔτε</span> <span class='ocrx_word' id='word_1_560' title='bbox 3216 3736 3457 3809; x_wconf 82' lang='grc' dir='ltr'>μείζους,</span> <span class='ocrx_word' id='word_1_561' title='bbox 3507 3732 3636 3789; x_wconf 75' lang='grc' dir='ltr'>οὔτε</span> <span class='ocrx_word' id='word_1_562' title='bbox 3673 3736 3784 3802; x_wconf 75' lang='grc' dir='ltr'>νῦν,</span> 
     </span>
    </p>
   </div>
   <div class='ocr_carea' id='block_1_77' title="bbox 2148 3817 3789 3905">
    <p class='ocr_par' dir='ltr' id='par_1_77' title="bbox 2148 3817 3789 3905">
     <span class='ocr_line' id='line_1_77' title="bbox 2148 3817 3789 3905; baseline -0.002 -19"><span class='ocrx_word' id='word_1_563' title='bbox 2148 3828 2274 3886; x_wconf 74' lang='grc' dir='ltr'>οὕτε</span> <span class='ocrx_word' id='word_1_564' title='bbox 2321 3830 2549 3905; x_wconf 78' lang='grc' dir='ltr'>πρόσθεν</span> <span class='ocrx_word' id='word_1_565' title='bbox 2611 3828 2769 3891; x_wconf 81' lang='grc' dir='ltr'>αὐτὸς</span> <span class='ocrx_word' id='word_1_566' title='bbox 2839 3824 2990 3885; x_wconf 82' lang='grc' dir='ltr'>ίδεῖν.</span> <span class='ocrx_word' id='word_1_567' title='bbox 3060 3824 3120 3882; x_wconf 76' lang='lat' dir='ltr'><strong>Ei</strong></span> <span class='ocrx_word' id='word_1_568' title='bbox 3190 3823 3246 3880; x_wconf 77' lang='grc' dir='ltr'><strong>δὲ</strong></span> <span class='ocrx_word' id='word_1_569' title='bbox 3312 3826 3400 3879; x_wconf 79' lang='grc' dir='ltr'><strong>καὶ</strong></span> <span class='ocrx_word' id='word_1_570' title='bbox 3468 3819 3605 3900; x_wconf 81' lang='grc' dir='ltr'>ἅπερ</span> <span class='ocrx_word' id='word_1_571' title='bbox 3660 3817 3789 3900; x_wconf 65' lang='grc' dir='ltr'>ἔφης</span> 
     </span>
    </p>
   </div>
   <div class='ocr_carea' id='block_1_78' title="bbox 2150 3908 3786 3996">
    <p class='ocr_par' dir='ltr' id='par_1_78' title="bbox 2150 3908 3786 3996">
     <span class='ocr_line' id='line_1_78' title="bbox 2150 3908 3786 3996; baseline -0.006 -20"><span class='ocrx_word' id='word_1_572' title='bbox 2150 3921 2462 3996; x_wconf 85' lang='grc' dir='ltr'>προσέσται,</span> <span class='ocrx_word' id='word_1_573' title='bbox 2515 3919 2603 3975; x_wconf 72' lang='grc' dir='ltr'><strong>κσιῖ</strong></span> <span class='ocrx_word' id='word_1_574' title='bbox 2667 3919 2773 3992; x_wconf 72' lang='grc' dir='ltr'><strong>μὴν</strong></span> <span class='ocrx_word' id='word_1_575' title='bbox 2838 3917 3154 3991; x_wconf 85' lang='grc' dir='ltr'>προσέσται,</span> <span class='ocrx_word' id='word_1_576' title='bbox 3202 3918 3364 3970; x_wconf 74' lang='grc' dir='ltr'>τοῦτο</span> <span class='ocrx_word' id='word_1_577' title='bbox 3422 3919 3527 3979; x_wconf 81' lang='grc' dir='ltr'><strong>πᾶς</strong></span> <span class='ocrx_word' id='word_1_578' title='bbox 3586 3934 3666 3975; x_wconf 87' lang='grc' dir='ltr'><strong>τις</strong></span> <span class='ocrx_word' id='word_1_579' title='bbox 3731 3908 3786 3966; x_wconf 74' lang='grc' dir='ltr'>εὖ</span> 
     </span>
    </p>
   </div>
   <div class='ocr_carea' id='block_1_79' title="bbox 2150 4005 3467 4090">
    <p class='ocr_par' dir='ltr' id='par_1_79' title="bbox 2150 4005 3467 4090">
     <span class='ocr_line' id='line_1_79' title="bbox 2150 4005 3467 4090; baseline -0.006 -24"><span class='ocrx_word' id='word_1_580' title='bbox 2150 4015 2364 4090; x_wconf 68' lang='grc' dir='ltr'>φρονῶν</span> <span class='ocrx_word' id='word_1_581' title='bbox 2393 4008 2555 4082; x_wconf 63' lang='grc' dir='ltr'>ἵστω,</span> <span class='ocrx_word' id='word_1_582' title='bbox 2587 4014 2685 4064; x_wconf 85' lang='grc' dir='ltr'><strong>ποῖ</strong></span> <span class='ocrx_word' id='word_1_583' title='bbox 2713 4008 2836 4063; x_wconf 86' lang='grc' dir='ltr'>ποτ’</span> <span class='ocrx_word' id='word_1_584' title='bbox 2866 4005 2924 4061; x_wconf 79' lang='grc' dir='ltr'><strong>ἃν</strong></span> <span class='ocrx_word' id='word_1_585' title='bbox 2958 4005 3140 4077; x_wconf 76' lang='grc' dir='ltr'>ἐξήκοι</span> <span class='ocrx_word' id='word_1_586' title='bbox 3173 4006 3234 4060; x_wconf 82' lang='grc' dir='ltr'>τὸ</span> <span class='ocrx_word' id='word_1_587' title='bbox 3264 4006 3467 4079; x_wconf 79' lang='grc' dir='ltr'>θαῦμα.</span> 
     </span>
    </p>
   </div>
   <div class='ocr_carea' id='block_1_80' title="bbox 400 4095 3784 4175">
    <p class='ocr_par' dir='ltr' id='par_1_80' title="bbox 400 4095 3784 4175">
     <span class='ocr_line' id='line_1_80' title="bbox 400 4095 3784 4175; baseline -0.001 -23"><span class='ocrx_word' id='word_1_588' title='bbox 400 4097 568 4169; x_wconf 87' lang='lat' dir='ltr'><strong>queis</strong></span> <span class='ocrx_word' id='word_1_589' title='bbox 606 4113 793 4169; x_wconf 87' lang='lat' dir='ltr'><strong>neque</strong></span> <span class='ocrx_word' id='word_1_590' title='bbox 826 4097 1042 4170; x_wconf 86' lang='lat' dir='ltr'><strong>plures,</strong></span> <span class='ocrx_word' id='word_1_591' title='bbox 1075 4115 1262 4171; x_wconf 88' lang='lat' dir='ltr'><strong>neque</strong></span> <span class='ocrx_word' id='word_1_592' title='bbox 1290 4099 1655 4166; x_wconf 86' lang='lat' dir='ltr'><strong>illustriores.</strong></span> <span class='ocrx_word' id='word_1_593' title='bbox 1690 4118 1794 4159; x_wconf 89' lang='lat' dir='ltr'><strong>nec</strong></span> <span class='ocrx_word' id='word_1_594' title='bbox 1837 4103 1946 4159; x_wconf 90' lang='lat' dir='ltr'><strong>hoc</strong></span> <span class='ocrx_word' id='word_1_595' title='bbox 1994 4107 2267 4175; x_wconf 87' lang='lat' dir='ltr'><strong>tempore,</strong></span> <span class='ocrx_word' id='word_1_596' title='bbox 2322 4118 2425 4157; x_wconf 88' lang='lat' dir='ltr'><strong>nec</strong></span> <span class='ocrx_word' id='word_1_597' title='bbox 2484 4105 2672 4168; x_wconf 86' lang='lat' dir='ltr'><strong>antes,</strong></span> <span class='ocrx_word' id='word_1_598' title='bbox 2705 4114 2810 4170; x_wconf 80' lang='lat' dir='ltr'><strong>ego</strong></span> <span class='ocrx_word' id='word_1_599' title='bbox 2858 4097 3051 4153; x_wconf 87' lang='lat' dir='ltr'><strong>videre</strong></span> <span class='ocrx_word' id='word_1_600' title='bbox 3097 4111 3383 4169; x_wconf 86' lang='lat' dir='ltr'><strong>possum:</strong></span> <span class='ocrx_word' id='word_1_601' title='bbox 3447 4095 3539 4150; x_wconf 88' lang='lat' dir='ltr'><strong>sin</strong></span> <span class='ocrx_word' id='word_1_602' title='bbox 3598 4100 3784 4149; x_wconf 87' lang='lat' dir='ltr'><strong>autem</strong></span> 
     </span>
    </p>
   </div>
   <div class='ocr_carea' id='block_1_81' title="bbox 386 4184 3787 4264">
    <p class='ocr_par' dir='ltr' id='par_1_81' title="bbox 386 4184 3787 4264">
     <span class='ocr_line' id='line_1_81' title="bbox 386 4184 3787 4264; baseline -0.002 -20"><span class='ocrx_word' id='word_1_603' title='bbox 386 4189 685 4256; x_wconf 87' lang='lat' dir='ltr'><strong>accedent,</strong></span> <span class='ocrx_word' id='word_1_604' title='bbox 720 4205 846 4261; x_wconf 68' lang='lat' dir='ltr'><strong>quae</strong></span> <span class='ocrx_word' id='word_1_605' title='bbox 877 4189 1151 4258; x_wconf 89' lang='lat' dir='ltr'><strong>diximus,</strong></span> <span class='ocrx_word' id='word_1_606' title='bbox 1186 4194 1253 4245; x_wconf 92' lang='lat' dir='ltr'><strong>ut</strong></span> <span class='ocrx_word' id='word_1_607' title='bbox 1283 4190 1522 4261; x_wconf 87' lang='lat' dir='ltr'><strong>quidem</strong></span> <span class='ocrx_word' id='word_1_608' title='bbox 1554 4200 1703 4249; x_wconf 88' lang='lat' dir='ltr'><strong>certe</strong></span> <span class='ocrx_word' id='word_1_609' title='bbox 1733 4195 2027 4263; x_wconf 85' lang='lat' dir='ltr'><strong>accedent,</strong></span> <span class='ocrx_word' id='word_1_610' title='bbox 2062 4197 2184 4250; x_wconf 90' lang='lat' dir='ltr'><strong>tum</strong></span> <span class='ocrx_word' id='word_1_611' title='bbox 2218 4209 2350 4249; x_wconf 85' lang='lat' dir='ltr'><strong>vero</strong></span> <span class='ocrx_word' id='word_1_612' title='bbox 2381 4209 2481 4264; x_wconf 89' lang='lat' dir='ltr'><strong>per</strong></span> <span class='ocrx_word' id='word_1_613' title='bbox 2530 4206 2587 4247; x_wconf 89' lang='lat' dir='ltr'><strong>se</strong></span> <span class='ocrx_word' id='word_1_614' title='bbox 2648 4190 2917 4246; x_wconf 86' lang='lat' dir='ltr'><strong>cordatus</strong></span> <span class='ocrx_word' id='word_1_615' title='bbox 2965 4187 3213 4260; x_wconf 88' lang='lat' dir='ltr'><strong>quisque</strong></span> <span class='ocrx_word' id='word_1_616' title='bbox 3267 4184 3430 4242; x_wconf 81' lang='lat' dir='ltr'><strong>facile</strong></span> <span class='ocrx_word' id='word_1_617' title='bbox 3488 4184 3787 4255; x_wconf 86' lang='lat' dir='ltr'><strong>intelliget,</strong></span> 
     </span>
    </p>
   </div>
   <div class='ocr_carea' id='block_1_82' title="bbox 742 4278 1692 4341">
    <p class='ocr_par' dir='ltr' id='par_1_82' title="bbox 742 4278 1692 4341">
     <span class='ocr_line' id='line_1_82' title="bbox 742 4278 1692 4341; baseline 0.006 -7"><span class='ocrx_word' id='word_1_618' title='bbox 742 4278 849 4335; x_wconf 91' lang='lat' dir='ltr'><strong>hoc</strong></span> <span class='ocrx_word' id='word_1_619' title='bbox 880 4294 1190 4336; x_wconf 85' lang='lat' dir='ltr'><strong>evasurum</strong></span> <span class='ocrx_word' id='word_1_620' title='bbox 1222 4280 1296 4336; x_wconf 87' lang='lat' dir='ltr'><strong>sit</strong></span> <span class='ocrx_word' id='word_1_621' title='bbox 1328 4280 1692 4341; x_wconf 83' lang='lat' dir='ltr'><strong>miraculum.</strong></span> 
     </span>
    </p>
   </div>
  </div>
