4154 6216
277 352 374 412 381
1221 349 1514 413 ORATIO
1563 352 1668 414 AD
1714 353 2054 417 MAGNUM
2104 356 2659 420 LOGOTHETAM.

3528 359 3643 418 382

652 673 2013 849 ΘΕΟΔΟΥΛΟΥ
2152 682 3266 854 ΜΟΝΑΧΟΥ

1875 947 2027 1000 ΗΤΟῙ

939 1119 1430 1248 ΘΩΜΑ
1532 1122 1878 1253 ΤΟΥ
1978 1125 2985 1257 ΜΑΓΙΣΤΡΟΥ

1662 1363 2240 1416 ΠΡΟΣΦΩΝΗΤΙΚΟΣ

701 1541 865 1637 ῬΩ
955 1542 1461 1640 ΜΕΓΑΛΩ
1542 1546 1870 1644 ΛΟΓΟ

1995 1551 2220 1644 ETH
2303 1550 2467 1645 ΤΩ
2561 1552 3211 1648 METOXITH

918 1929 1951 2096 THEODULI
2071 1935 2624 2102 MONA
2655 1938 2994 2102 CHI

1193 2340 1828 2464 THOMjE
1895 2341 2710 2466 MAGISTBI

1499 2570 1760 2627 ORATIO
1808 2571 2375 2631 GRATULATOBIA

929 2749 1333 2835 MAGNO
1398 2749 2137 2838 LOGOTHETZE
2198 2751 2947 2846 METOCHIT/E.

311 3098 384 3149 ΑΖ
446 3091 685 3147 Πολλῶν
732 3093 821 3148 καὶ
875 3093 1128 3169 μεγάλων
1177 3091 1441 3166 οὕμενουν
1512 3090 1626 3147 οὐδ’
1675 3091 1881 3147 είκᾶσαι
1915 3099 1965 3164 Α

253 3181 434 3251 Egi}in
489 3190 602 3238 τῶν
663 3185 737 3246 εἰς
795 3187 892 3252 τήν
954 3187 1050 3254 σὴν
1112 3183 1465 3258 εὐδοκίμησιν
1540 3185 1732 3252 ὄντων,
1789 3184 1876 3238 καὶ

249 3273 550 3344 θαυμαστῆς
628 3295 713 3328 σοι
779 3277 1116 3348 πανταχόθεν
1186 3275 1455 3351 εὐφημίας
1533 3274 1879 3347 ἐγειρομένης

248 3369 350 3423 τοῖς
409 3364 663 3416 ἁπάντων
725 3365 989 3438 ὁσημέραι
1050 3366 1306 3435 στόμασι,
1379 3365 1630 3436 μέγιστον
1711 3365 1879 3420 ἐκεῖνο

251 3450 629 3526 διαφερόντως,
679 3454 767 3507 καὶ
811 3450 1028 3514 οὐδενός
1068 3475 1214 3513 τινος
1266 3451 1460 3527 σχεδὸν
1511 3454 1697 3508 άνῦσαι
1748 3457 1881 3509 κατά

253 3545 421 3612 ταυτα,
474 3547 509 3612 ἡ
554 3545 679 3617 περί
738 3545 861 3605 τους
921 3540 1210 3615 δεομένους
1275 3545 1340 3612 σὴ
1401 3542 1576 3614 δήπου
1640 3545 1881 3620 μεγαλο-

250 3632 408 3706 ψυχία
474 3635 566 3686 καὶ
637 3632 859 3706 γνώμη,
927 3633 1015 3686 καὶ
1085 3634 1145 3686 τὸ
1214 3634 1450 3709 πεφυκὸς
1538 3635 1878 3711 χαρίζεσθαι.

249 3723 406 3792 Οἶμαι
455 3723 557 3796 γὰρ
609 3723 786 3793 οἶμαι,
848 3721 1060 3793 μᾶλλον
1117 3719 1173 3776 δὲ
1232 3722 1375 3776 ἴσασι
1425 3722 1642 3790 πάντες,
1699 3723 1774 3794 μή
1823 3721 1881 3775 ἂν

246 3805 327 3862 ἕνα
364 3808 571 3880 μηδένα
613 3811 932 3883 τοπαράπαν
989 3810 1160 3871 οὕτως
1212 3809 1267 3864 εὖ
1320 3809 1550 3885 πάσχειν
1598 3810 1880 3883 πρόθυμον

249 3900 388 3967 εἶναι,
446 3900 521 3961 ὡς
583 3899 640 3953 σὲ
698 3901 748 3973 γ’
805 3899 963 3954 αὐτὸν
1032 3900 1234 3974 βελτίω
1293 3905 1421 3954 πᾶσι
1488 3900 1554 3954 τὰ
1611 3899 1736 3954 ὄντα
1795 3898 1883 3953 διὰ

252 3987 444 4042 πάντων
505 3990 731 4060 τιθέναι,
792 3990 881 4043 καὶ
941 3991 1127 4065 γειρὸς
1183 3990 1384 4059 ἀξιοῦν,
1452 3990 1508 4044 εὖ
1570 3989 1665 4060 μὲν
1722 3988 1882 4043 αὐτὸν

252 4076 484 4150 οἰόμενον
531 4080 786 4154 πάσχειν,
829 4081 912 4140 οἷς
958 4081 1084 4140 τοὺς
1128 4077 1336 4140 ἄλλους
1385 4084 1561 4140 ποιεῖς
1613 4077 1690 4146 εὖ,
1743 4077 1880 4150 λαμ·

253 4161 414 4221 ὅάνειν
454 4166 500 4222 δ’
555 4171 702 4240 αύτῷ
749 4169 930 4241 τούτῳ
978 4167 1122 4222 πολὺ
1173 4167 1409 4240 μᾶλλον,
1512 4165 1718 4221 διδόναι
1768 4171 1881 4227 τοῖς

253 4255 472 4320 ἣλοις·
548 4258 610 4313 οὗ
669 4259 772 4331 γὰρ
829 4257 1042 4333 χαίρεις
1104 4256 1293 4316 ἁπλῶς
1353 4256 1408 4310 εὖ
1466 4255 1630 4332 δρῶν,
1692 4258 1766 4317 εἰς
1826 4257 1882 4310 σὲ

253 4348 448 4401 πάντων
493 4346 675 4421 ὥσπερ
729 4347 804 4408 εἴς
861 4369 981 4402 τινα
1037 4349 1224 4416 κοινήν
1286 4347 1463 4400 ἑστίαν
1512 4347 1880 4425 ναταφευγόν-

2072 3097 2111 3150 l.
2146 3097 2291 3151 Cum
2326 3100 2378 3152 et
2413 3095 2597 3151 multa
2628 3099 2682 3151 et
2714 3113 2941 3164 magna,
2974 3104 3027 3150 et
3057 3096 3259 3151 eadem
3294 3096 3448 3152 haud
3477 3095 3644 3152 facile

1991 3186 2185 3241 animo
2219 3189 2392 3257 atque
2422 3185 2715 3239 intellectu
2749 3185 3182 3254 complectenda
3225 3191 3381 3249 sunt,
3414 3201 3541 3254 qua)
3571 3187 3640 3240 ad

1991 3282 2124 3328 tuas
2159 3275 2407 3328 attinent
2435 3274 2671 3342 laudes;
2705 3289 2838 3328 cum
2865 3276 3034 3329 etiam
3058 3275 3341 3329 immensa
3373 3275 3638 3344 quaedam

1993 3362 2092 3418 tibi
2143 3364 2415 3418 omnibus
2479 3381 2545 3417 ex
2613 3365 2774 3428 locis,
2827 3379 2924 3418 ore
2975 3363 3236 3418 omnium
3280 3363 3634 3433 mortalium,

1991 3454 2248 3522 quotidie
2281 3453 2519 3507 laudum
2561 3453 2645 3508 vis
2685 3454 2912 3524 surgit:
2946 3460 3035 3508 est
3067 3453 3208 3508 illud
3235 3461 3424 3508 tamen
3467 3453 3634 3525 longe

1991 3544 2142 3597 inter
2189 3553 2388 3596 cetera
2423 3544 2762 3609 maximum,
2836 3558 3022 3612 neque
3071 3544 3172 3596 ulli
3227 3545 3641 3613 propemodum

1994 3634 2230 3703 perinde
2299 3635 2754 3703 assequendum,
2814 3643 2912 3687 tua
2979 3634 3087 3688 ista
3165 3632 3427 3687 videlicet
3507 3649 3646 3702 erga

1991 3727 2226 3792 egentes
2261 3721 2712 3791 magniﬁcentia,
2744 3722 2850 3775 iste
2881 3722 3115 3776 animus
3140 3721 3288 3775 istud
3325 3727 3434 3774 tam
3457 3737 3645 3789 prom-

1991 3817 2154 3880 ptum
2191 3809 2260 3865 ad
2285 3810 2564 3865 beneficia
2595 3811 2918 3881 ingenium.
2959 3812 3049 3864 Sic
3110 3810 3264 3864 enim
3297 3808 3479 3864 sentio
3512 3826 3643 3881 ego.

1991 3899 2373 3969 sic,inquam,
2407 3899 2620 3965 sentio;
2657 3903 2758 3953 aut
2788 3899 3005 3967 verius,
3053 3903 3268 3952 norunt
3287 3899 3390 3954 hoc
3415 3913 3640 3965 omnes,

1991 3988 2286 4042 neminem
2337 3987 2576 4042 omnino
2625 4004 2807 4042 unum
2868 4003 3014 4049 esse,
3061 3988 3160 4056 qui
3213 3987 3489 4042 libentius
3521 3988 3644 4041 ala-

1991 4075 2259 4147 criusque
2316 4076 2615 4131 beneficiis
2656 4084 2911 4141 ornetur,
2963 4091 3136 4145 quam
3196 4081 3318 4130 tute
3367 4076 3642 4130 omnibus

1991 4166 2144 4221 dona
2200 4182 2307 4222 sua
2363 4165 2522 4222 omni
2596 4166 2768 4221 modo
2845 4165 3082 4220 meliora
3139 4165 3640 4236 cumulatioraque

1993 4260 2253 4326 praestes,
2315 4271 2609 4326 manuque
2657 4255 3024 4325 Opitulatrice
3074 4254 3357 4326 digneris,
3417 4260 3542 4310 tum
3586 4260 3640 4310 te

1995 4345 2274 4400 nimirum
2315 4346 2466 4401 affici
2500 4345 2796 4400 beneﬁciis
2841 4348 3026 4414 ratus,
3058 4360 3189 4400 cum
3223 4345 3367 4400 bene
3399 4345 3640 4416 ipsemet

251 4455 368 4505 των,
403 4437 516 4491 οὐδ’
561 4435 626 4490 αὖ
666 4442 781 4498 τοῖς
824 4434 1101 4510 δεομένοις
1139 4437 1273 4512 πρὸς
1313 4431 1448 4491 ἅπαν
1493 4437 1881 4511 συναιρόμενος

1995 4438 2062 4493 de
2094 4436 2223 4492 aliis
2257 4437 2513 4505 mereris,
2537 4442 2595 4492 et
2625 4437 2734 4493 hoc
2763 4437 2886 4508 ipso
2913 4437 3099 4492 multo
3127 4437 3355 4510 magnis
3386 4437 3641 4509 accipere

251 4526 304 4578 τὸ
353 4528 542 4600 χρείας
599 4527 787 4596 ἑστὼς,
843 4525 1117 4582 κάλλιστά
1171 4548 1228 4581 τε
1277 4527 1364 4580 καὶ
1416 4524 1484 4580 δι’
1535 4525 1730 4600 ὀλίγου
1787 4530 1884 4580 τοῦ

258 4617 429 4686 μέσου,
481 4616 572 4671 καὶ
626 4618 759 4690 ὑπὲρ
805 4619 1008 4679 πάντας
1058 4619 1186 4679 τοὺς
1243 4616 1467 4672 ἐνταῦθα
1515 4617 1880 4677 καταστάντας

253 4710 562 4782 σιίμαιτος·
626 4707 773 4764 ἀλλά
816 4709 906 4763 καὶ
950 4709 1163 4784 μεγάλα
1197 4709 1284 4764 καὶ
1326 4712 1608 4782 θαυμαστα
1657 4707 1886 4787 χαριζό-

256 4817 398 4869 μενος
431 4799 574 4869 εἴης,
605 4800 696 4852 καὶ
739 4799 832 4853 οἷά
876 4820 961 4860 τις
1013 4799 1110 4854 οὐκ
1141 4798 1200 4853 ἂν
1249 4798 1569 4874 ἐκπλαγείη,
1623 4798 1742 4872 ἄξια
1795 4798 1887 4871 μὲν

254 4895 338 4944 σοῦ
382 4891 470 4946 καὶ
528 4899 629 4962 τῆς
678 4899 776 4961 σῆς
826 4893 948 4967 περὶ
993 4895 1057 4948 τὰ
1105 4893 1247 4948 καλά
1296 4893 1625 4968 προθυμίας,
1675 4895 1773 4962 τήν
1826 4891 1881 4946 δὲ

252 4980 349 5032 τῶν
378 4981 434 5034 εὖ
465 4982 790 5057 πασχόντων
844 4978 1238 5057 ὑπερϐαίνοντα
1283 4981 1508 5057 γνώμην
1533 5001 1546 5013 ο
1581 4983 1655 5042 ὡς
1696 4980 1742 5034 εἰ
1799 4982 1873 5052 μὴ

257 5068 328 5140 άρ⁹
357 5069 491 5142 ἐξείη
525 5073 616 5126 καὶ
648 5069 714 5142 δὴ
746 5073 812 5128 τὰ
843 5074 1070 5127 τοιαῦτά
1099 5093 1228 5128 ποτε
1273 5069 1480 5142 δοῦναι,
1523 5069 1636 5126 οὐδ’
1690 5069 1874 5142 ὅτιπερ

256 5156 305 5210 εὗ
350 5163 652 5232 πεποίηκας
704 5162 904 5238 λέγεις,
969 5160 1064 5216 κᾶν
1134 5160 1404 5224 πολλάκις
1473 5163 1729 5234 ποιήσῃς,
1778 5160 1874 5214 κᾶν

258 5245 510 5321 ἄπρακτος
558 5250 768 5327 ἀπέλθῃ
826 5249 1017 5326 μηδείς
1053 5272 1065 5284 '
1123 5251 1333 5325 μᾶλλον
1387 5253 1482 5326 μὶν
1529 5250 1620 5305 οὖν
1675 5249 1762 5304 καὶ
1794 5269 1881 5303 νο-

263 5336 420 5405 μίξεις
476 5339 656 5415 ὥσπερ
707 5340 770 5394 οὒ
828 5345 1037 5415 μικρῶς
1083 5342 1363 5411 τηνικαῦθ’
1397 5339 1736 5402 ἃδικεῖσθαιρ
1789 5338 1880 5392 καὶ

261 5428 379 5499 πρὸς
407 5431 506 5499 τὴν
546 5429 785 5507 ἀνάγκην
829 5429 1047 5506 ἄχθοιο,
1088 5429 1139 5485 εἴ
1175 5431 1427 5505 πεφυκὼς
1478 5429 1649 5490 οὕτως
1697 5427 1880 5497 αὐτὸς,

262 5511 409 5570 ἔπειτ’
463 5519 557 5573 οὐκ
605 5519 781 5594 ἴσχεις
833 5517 922 5575 διὰ
978 5521 1187 5576 πάντων
1250 5521 1487 5595 χρῆσθαι
1545 5523 1612 5592 τῇ
1666 5517 1816 5596 φύσει
1858 5533 1873 5551 ⁸

263 5598 359 5658 ἔστι
411 5604 453 5660 δ’
501 5609 588 5663 ὅτε
635 5610 725 5663 καὶ
786 5611 1103 5686 προφάσεως
1155 5611 1378 5683 ἀπορεῖς
1425 5611 1675 5684 χωρῆσαι
1729 5606 1879 5660 δυνα·

268 5695 418 5768 μένης
449 5699 540 5767 τήν
581 5701 810 5776 γνώμην
838 5744 848 5756 .
891 5703 1049 5754 ⁰Ὡστε
1094 5720 1184 5773 μοι
1230 5696 1405 5760 δοκεῖς
1449 5696 1535 5752 διὰ
1574 5700 1738 5751 ταῦτα
1777 5695 1881 5750 οὐὙ.

1996 4536 2047 4583 te
2077 4531 2410 4594 autumans,
2446 4543 2622 4598 quam
2653 4526 2784 4582 aliis
2824 4527 3100 4582 tribuere.
3133 4526 3259 4582 Non
3300 4526 3453 4582 enim
3487 4527 3641 4598 quod

1996 4616 2335 4686 simpliciter
2363 4616 2707 4672 beneﬁcium
2743 4617 2962 4683 tribuis,
2997 4616 3210 4689 gaudio
3250 4616 3643 4688 perfunderis,

1999 4707 2232 4778 quando
2265 4707 2343 4762 ita
2373 4705 2446 4761 ad
2474 4709 2530 4762 te
2561 4721 2787 4774 omnes,
2819 4707 2970 4762 velut
3003 4707 3071 4762 ad
3121 4721 3488 4762 communem
3543 4721 3643 4761 ve-

1997 4801 2140 4852 stam
2163 4795 2540 4868 confugiunt:
2575 4811 2759 4867 neque
2786 4797 2939 4867 quod
2971 4811 3317 4868 quacunque
3337 4794 3641 4866 ingruente

1997 4886 2337 4942 necessitate
2391 4885 2482 4942 bis
2549 4887 2650 4958 qui
2681 4886 2876 4957 inopia
2934 4890 3280 4958 premuntur
3323 4885 3642 4952 subvenis;

1999 4979 2173 5050 idque
2205 4978 2617 5050 pulcherrime,
2647 4983 2702 5035 et
2724 4995 2900 5052 quam
2936 4978 3197 5035 minimis
3229 4978 3397 5050 plane
3427 4982 3651 5050 tempe-

1999 5085 2129 5124 rum
2186 5067 2530 5136 intervallis,
2572 5074 2628 5124 et
2687 5086 2863 5141 super
2893 5069 3118 5125 omneis
3150 5069 3248 5141 qui
3292 5083 3553 5140 unquam
3587 5066 3646 5122 in

1998 5159 2106 5215 isto
2134 5175 2327 5216 rerum
2357 5160 2561 5216 habitu
2587 5159 2872 5216 effulsere.
2897 5161 2963 5214 At
3003 5164 3064 5215 tu
3101 5175 3312 5232 magna
3352 5158 3643 5231 quandam,

1991 5254 2049 5305 et
2080 5249 2447 5318 admiranda,
2511 5250 2920 5321 neminemque
2977 5266 3092 5306 non
3140 5248 3639 5321 obstupefactura,

1991 5338 2302 5410 gratificari
2337 5339 2572 5409 studes;
2639 5338 2741 5392 illa
2774 5345 2824 5394 te
2891 5339 3150 5410 quidem,
3200 5343 3417 5410 tuoque
3448 5352 3640 5393 rerum

1991 5428 2542 5486 bonestissimarum
2567 5428 2742 5498 digna
2773 5430 2990 5489 studio,
3015 5430 3112 5484 sed
3146 5444 3368 5496 eorum,
3404 5429 3460 5482 in
3496 5443 3651 5499 quos

1991 5518 2386 5586 conferuntur,
2407 5534 2566 5590 spem
2601 5517 2978 5590 animumque
3009 5533 3403 5590 supergressa.
3444 5519 3656 5588 Itaque

1991 5609 2100 5664 nisi
2135 5609 2278 5665 talia
2306 5609 2481 5665 etiam
2516 5623 2946 5679 nonnunquam
2981 5607 3230 5663 tribuere
3263 5607 3474 5679 possis,
3506 5607 3650 5676 nibi[

1989 5698 2092 5754 tibi
2136 5713 2480 5771 magnopere
2540 5697 2888 5754 benefacisse
2952 5697 3187 5769 videris,
3222 5698 3448 5755 tametsi
3483 5698 3644 5754 iden-
