3986 6228
475 347 592 407 383

1782 357 2172 424 THEODULI
2223 363 2571 428 MONACHI
3751 381 3842 442 384

487 502 662 557 tidem
701 503 898 572 facias,
935 506 1162 562 tametsi
1197 524 1364 564 nemo
1397 510 1501 566 abs
1533 515 1589 565 te
1623 513 1743 584 spei
1777 531 1896 570 sum
1919 516 2101 572 irritus

2233 497 2361 550 ὅσον
2430 503 2528 568 τῆς
2597 501 2913 573 θαυμαστῆς
2990 503 3048 558 ἂν
3115 505 3402 580 Ἀρκαδίας
3479 509 3683 586 ἀμφοῖν
3751 520 3846 566 ταῖν

478 595 754 650 remedat.
815 594 937 650 Imo
987 612 1116 652 vero
1173 597 1346 654 etiam
1409 617 1523 656 non
1557 601 1824 660 levissioa
1879 609 2004 660 tum
2065 612 2120 662 te

471 685 624 740 affici
659 685 873 756 injuria
909 689 1260 756 exsistimas,
1293 691 1522 764 ipsique
1553 693 1874 766 indignaris
1903 701 2119 764 {neces-

470 774 650 842 sitati,
684 776 733 830 si
766 779 997 848 quando
1039 779 1132 848 qui
1169 779 1355 836 isthac
1409 785 1684 852 praeditus
1717 802 1778 840 es
1819 786 1994 840 animi
2028 787 2115 841 in-

471 863 622 932 dole,
654 881 722 920 ea
779 883 876 936 per
943 869 1138 924 omnia
1172 871 1251 924 uti
1293 888 1547 944 nequeas
1582 891 1594 926 :
1638 879 1723 929 est
1770 891 1902 930 vero
1941 877 2116 931 etiam

472 970 607 1008 cum
653 956 977 1028 occasione,
1027 976 1153 1030 quae
1195 962 1372 1016 animi
1405 963 1488 1018 tui
1523 965 1986 1036 magnitudinem
2020 983 2106 1021 ca-

471 1041 610 1111 piat,
655 1043 1002 1100 destitueris.
1035 1048 1189 1102 Adeo
1222 1053 1285 1102 ut
1316 1065 1418 1119 per
1448 1049 1568 1104 haec
1601 1051 1765 1114 mihi,
1801 1069 1912 1107 non
1947 1051 2117 1108 modo

2228 595 2440 662 χεροῖν,
2500 593 2589 644 καὶ
2647 594 2780 666 μετὰ
2825 595 3024 656 παντὸς
3079 600 3172 649 τοῦ
3225 594 3410 672 ῥᾳδίου
3460 607 3576 662 τοῖς
3627 600 3842 656 αἷτοῦσιν

2229 677 2476 748 ἐκστῆναι
2537 682 2682 756 πάρᾶ
2739 687 2909 738 πᾶσαν
2969 685 3188 752 Πυθίαν,
3251 685 3398 742 ἀλλά
3445 690 3534 744 καὶ
3583 692 3682 758 τήν
3735 699 3844 747 Πιν-

2228 766 2391 842 δάρου
2449 769 2678 848 νεφέλην
2746 771 2805 826 ἂν
2849 773 3054 844 ἐκείνην
3109 775 3208 842 τήν
3267 777 3477 847 ξανθὴν,
3539 779 3588 851 ἐξ
3633 783 3698 848 ἧς
3745 782 3844 836 ὗσεν

2229 861 2255 913 ὁ
2307 859 2434 922 Ζεὺς
2479 858 2685 933 ῥοδίοις
2733 865 2956 937 χρυσὸν,
3005 865 3092 918 καί
3142 865 3342 936 ταύτην
3394 866 3451 922 ἂν
3501 869 3574 930 ὡς
3629 870 3844 942 μάλιστα

2225 954 2506 1024 καταχεῖν,
2567 950 2610 1004 εἰ
2668 953 2768 1019 τὴν
2827 953 2921 1025 μὲν
2979 961 3260 1029 καταχεῖν,
3332 964 3432 1026 τῆς
3497 957 3544 1011 δ’
3594 958 3846 1030 ἐκστῆναι,

2227 1042 2419 1116 κύριος
2452 1041 2611 1110 ἦσθα.

471 1131 640 1188 beata
671 1133 770 1190 illa
799 1135 1067 1202 Arcadia,
1103 1139 1269 1194 facile
1301 1157 1474 1196 manu
1529 1146 1789 1214 utraque,
1843 1151 1898 1198 et
1949 1140 2340 1214 pet-lubenter,
2391 1134 2706 1208 plusquam
2761 1133 2880 1190 ulla
2927 1135 3130 1204 Pythia
3179 1137 3470 1200 (Herodot-
3527 1141 3570 1206 Ι,
3619 1141 3717 1214 66)
3763 1158 3850 1212 pe-

471 1224 725 1280 tentibus
755 1241 1026 1282 cessurus
1083 1227 1338 1298 videare;
1373 1247 1568 1288 verum
1601 1233 1772 1288 etiam
1826 1232 1986 1288 illam
2036 1227 2268 1286 Pindari
2299 1223 2514 1281 nubem
2548 1219 2860 1296 (Ὀλυμπ.
2923 1224 2971 1276 Z'
3001 1221 3197 1297 ἐπῳδῷ
3231 1227 3282 1300 β)
3331 1229 3536 1285 ﬂavam
3579 1230 3761 1298 illam,
3787 1233 3846 1286 de

464 1329 578 1385 qua
637 1317 876 1374 Rhodiis
937 1336 1143 1375 aurum
1201 1321 1430 1392 Jupiter
1485 1323 1722 1394 pluebat
1755 1341 1767 1378 :
1801 1323 1953 1380 hanc
2005 1321 2101 1378 eti:

2223 1319 2400 1391 ipsam
2470 1329 2645 1386 quam
2680 1313 2928 1370 maxime
2987 1315 3300 1384 etTusurus,
3331 1317 3378 1374 si
3439 1319 3498 1375 in
3546 1335 3726 1376 manu
3771 1330 3848 1377 tua

465 1411 640 1472 esset,
676 1411 798 1463 tum
835 1407 981 1464 hanc
1003 1410 1374 1480 profundere,
1407 1416 1532 1468 tum
1566 1415 1767 1470 cedere
1799 1412 2066 1470 Arcadia.

539 1527 610 1582 ll.
644 1526 840 1598 Usque
871 1529 1010 1584 adeo
1051 1545 1189 1586 sane
1221 1531 1428 1602 ingens
1443 1533 1513 1588 ad
1545 1533 1665 1588 hac
1695 1533 1874 1589 animi
1906 1533 1992 1588 tui
2013 1533 2114 1587 im-

468 1621 638 1686 petus
670 1621 776 1685 est,
813 1619 1070 1691 adeoque
1099 1635 1303 1676 omnes
1333 1637 1536 1693 reapse
1575 1623 1631 1677 in
1666 1623 2108 1678 admirationem

469 1707 553 1761 tui
585 1708 845 1762 traducis
882 1727 894 1762 :
937 1715 990 1763 et
1020 1709 1176 1780 quod
1207 1709 1351 1766 bene
1381 1711 1542 1772 facis.
1577 1717 1632 1768 et
1661 1715 1812 1783 quod
1839 1715 2114 1784 majorem

466 1796 607 1851 adeo
640 1797 696 1850 in
734 1798 972 1852 modum
1011 1798 1172 1868 facis,
1205 1804 1261 1854 et
1290 1802 1442 1872 quod
1495 1818 1560 1858 eo
1599 1802 1770 1873 plane
1808 1803 1979 1858 modo
2009 1819 2116 1858 vo—

463 1884 601 1955 lupe
631 1887 732 1940 tibi
792 1893 880 1942 est
938 1889 1096 1950 dare,
1129 1892 1185 1943 et
1241 1891 1392 1960 quod
1443 1891 1620 1958 doles,
1683 1891 1781 1948 ubi
1813 1893 1960 1948 bene
1993 1907 2112 1946 me-

461 1975 622 2030 rendi
648 1975 750 2030 tibi
783 1976 1024 2032 facultas
1056 1975 1626 2045 desit.Quamobrem
1659 1980 2109 2036 emolumentum

461 2081 787 2133 commune,
821 2071 875 2122 et
901 2066 1214 2124 salutarem
1249 2071 1510 2141 genium,
1543 2076 1599 2126 et
1645 2087 1837 2126 rerum
1870 2073 2108 2128 omnino

462 2155 740 2220 animam,
802 2161 858 2212 et
887 2158 1046 2212 bonae
1103 2157 1342 2214 fortuna:
1388 2161 1680 2231 quoddam
1723 2161 1876 2216 velut
1917 2163 2112 2231 Pryta-

463 2259 662 2313 neum,
695 2249 750 2300 et
799 2261 1032 2301 omnem
1065 2250 1182 2302 tam
1223 2249 1618 2318 magnificam,
1652 2249 1874 2321 tibique
1905 2266 2108 2306 convev

463 2334 742 2404 nientem,
825 2335 1060 2392 laudum
1113 2339 1604 2408 exsuperantiam,
1667 2339 1837 2396 unice
1907 2342 2108 2396 audire

459 2427 548 2476 est
582 2440 595 2476 :
633 2425 773 2478 dum
823 2441 1024 2480 omnes
1083 2425 1346 2482 videlicet
1402 2428 1498 2498 qui
1551 2428 1760 2500 ubique
1817 2435 2104 2486 terrarum

457 2512 694 2584 degunt,
727 2514 1046 2570 identidem
1089 2532 1196 2573 nec
1224 2516 1348 2572 sine
1388 2521 1622 2590 stupore
1655 2526 1752 2574 tua
1781 2519 1840 2574 in
1881 2534 1978 2574 ore
2011 2520 2106 2574 de-

405 2631 410 2638 -
456 2619 590 2658 cora
619 2603 857 2671 habent,
893 2606 1222 2676 pradicant,
1273 2607 1587 2678 plaudunt,
1627 2625 1804 2679 quam
1837 2607 2106 2681 gloriosis

455 2693 722 2750 cantibus
771 2695 1107 2764 redimiunt,
1169 2713 1338 2754 omne
1383 2697 1749 2766 miraculum,
1814 2703 1869 2754 et
1935 2715 2104 2755 omne

459 2781 712 2856 elogium
770 2793 1043 2856 perpetuo
1088 2803 1356 2842 sermone
1415 2787 1485 2843 de
1551 2793 1606 2844 te
1637 2795 1921 2858 usurpant
1982 2805 1996 2842 :
2045 2792 2108 2842 et

461 2872 642 2928 solam
671 2873 842 2944 [hanc
875 2877 1350 2934 honestissimam
1382 2879 1536 2934 inter
1582 2896 1644 2936 se
1674 2879 2102 2936 contentionem

457 2966 836 3032 contendunt,
887 2966 1155 3036 quisnam
1205 2969 1472 3040 pluribus
1521 2969 2021 3041 amplioribusque
2051 2977 2104 3023 te

457 3057 740 3112 encomiis
777 3058 1096 3114 decorando
1140 3064 1376 3116 caeteros
1417 3063 1751 3116 antevertat.
1783 3060 1922 3116 Jure
1953 3059 2102 3115 istuc

2295 1525 2372 1580 B'.
2415 1523 2649 1578 Τοσοῦτό
2708 1544 2792 1578 σοι
2851 1524 2916 1578 τὸ
2973 1524 3108 1599 πρὸς
3169 1523 3234 1595 δή
3298 1529 3464 1582 ταῦτα
3525 1534 3624 1598 τῆς
3681 1531 3848 1605 ψυχῆς

2223 1615 2508 1690 ὡρμηκὸς,
2565 1613 2654 1668 καὶ
2723 1612 2864 1669 οὕτω
2933 1621 3138 1678 πάντας
3225 1615 3546 1687 ἐκπλήττεις
3613 1617 3710 1672 σὺν
3765 1619 3851 1692 ἄρα

2227 1703 2424 1774 πολλῷ
2451 1707 2531 1775 τῷ
2561 1698 2696 1772 ὅντι,
2727 1703 2813 1757 καὶ
2859 1703 2909 1773 ἐξ
2948 1705 3024 1758 ὧν
3065 1703 3120 1759 εὗ
3161 1712 3360 1774 ποιεῖς,
3409 1708 3498 1762 καὶ
3529 1707 3578 1776 ἐξ
3611 1709 3688 1762 ὧν
3724 1710 3850 1763 οὕτω

2227 1791 2511 1866 μειζόνως,
2543 1793 2632 1846 καὶ
2683 1795 2764 1855 οἷς
2815 1793 3025 1866 χαίρεις
3078 1793 3220 1848 οὕτω
3251 1793 3456 1866 διδοὺς,
3509 1797 3600 1852 καὶ
3651 1801 3736 1860 οἷς
3763 1798 3849 1854 ἆλ-

2224 1887 2360 1957 γεῖς,
2411 1883 2490 1937 ὅτ’
2530 1880 2630 1936 οὔκ
2667 1877 2883 1952 ἔξεστιν.
2925 1883 3164 1960 ’Όφελος
3205 1889 3334 1959 γοῦν
3372 1888 3572 1954 κοινὸν,
3620 1888 3714 1941 καὶ
3753 1885 3852 1942 δαί-

2229 1993 2367 2044 μονα
2415 1972 2713 2046 σωτήριον,
2759 1971 2849 2026 καὶ
2897 1973 3084 2046 ψυχὴν
3132 1974 3206 2036 ὡς
3254 1973 3475 2044 ἀληθῶς
3521 1979 3628 2030 τῶν
3681 1997 3848 2052 πραγ-

2226 2065 2408 2133 μάτων
2437 2059 2528 2116 καὶ
2581 2067 2681 2130 τῆς
2728 2062 2934 2136 ἀγαθῆς
2977 2061 3154 2137 τύχης
3207 2065 3440 2140 ὡσπερεὶ
3493 2071 3846 2136 πρυτανεῖον·

2219 2151 2308 2204 καὶ
2359 2155 2526 2205 πᾶσαν
2573 2153 2824 2220 ἡντινοῦν
2883 2151 3219 2224 τηλικάύτην
3271 2149 3580 2230 ὑπερϐολήν
3631 2159 3721 2212 καὶ
3773 2157 3846 2212 σοί

2217 2263 2274 2315 γε
2333 2244 2736 2316 προσήκουσαν,
2795 2241 3035 2312 καθάπαξ
3093 2239 3238 2298 ἔστιν
3299 2244 3536 2314 ἀκούειν,
3607 2243 3720 2301 ἅνω
3775 2247 3852 2300 καὶ

2218 2329 2363 2384 κάτω
2423 2335 2527 2386 τῶν
2588 2331 2907 2405 ἁπανταχοῦ
2957 2333 3169 2388 πάντων
3221 2336 3286 2389 τὰ
3347 2335 3411 2390 σᾶ
3459 2337 3548 2390 σὺν
3603 2336 3852 2407 ἐκπλήξει

2223 2421 2501 2496 βοώντων,
2571 2421 2956 2490 ἐπαινούντων,
3021 2425 3379 2498 κροτούντων,
3446 2424 3672 2496 ἡλίκοις
3737 2428 3856 2480 ἂνα-

2223 2506 2455 2564 δούντων
2498 2507 2754 2584 ᾅσμασιν,
2805 2513 2942 2566 ἅπαν
2995 2513 3177 2588 θαῦμα
3233 2515 3320 2568 καὶ
3371 2520 3541 2572 πᾶσαν
3585 2515 3850 2591 εὐφημίαν

2217 2601 2354 2654 κατὰ
2412 2603 2505 2655 σοῦ
2565 2603 2942 2675 συνειρόντων,
3001 2604 3090 2658 καὶ
3149 2603 3598 2682 φιλονεικούντων
3657 2607 3851 2676 ταύτην

2221 2689 2388 2760 μόνην
2427 2689 2727 2760 καλλίστην
2783 2693 2920 2765 πρὸς
2960 2691 3248 2762 ἀλλήλους
3295 2693 3661 2771 φιλονεικίαν,
3711 2695 3854 2754 ὅστις

2215 2777 2274 2833 ἄν
2329 2799 2386 2834 σε
2422 2779 2638 2834 πλείοσι
2679 2781 2768 2835 καὶ
2812 2783 3051 2852 μείζοσιν
3091 2780 3388 2856 ἐγκωμίοις
3435 2783 3668 2858 ἀγήλας,
3717 2805 3850 2858 παρ-

2214 2866 2425 2942 αλλάξῃ
2485 2869 2610 2931 τοὺς
2661 2868 2902 2933 ἄλλους·
2945 2871 3172 2934 εἷ’κότως
3217 2873 3365 2946 μάλα
3401 2875 3490 2929 καὶ
3531 2875 3855 2950 ἀναγκαίως.

2212 2959 2300 3011 καὶ
2357 2959 2471 3030 μετ’
2517 2958 2810 3034 ἀξιολόγου
2859 2965 2954 3014 τοῦ
3005 2962 3296 3038 γίγνεσθαι.
3343 2963 3404 3020 Εἰ
3453 2965 3558 3039 γὰρ
3589 2964 3753 3027 αὖτὸς
3805 2964 3852 3018 ἓν

2217 3047 2364 3118 μέσῳ
2429 3049 2772 3118 καθεστηκὼς
2837 3054 2934 3104 τοῦ
3002 3055 3158 3124 κοινῇ
3246 3049 3664 3117 λυσιτελοῦντος
3734 3055 3852 3109 ἆσαι

453 3162 615 3210 sane.
640 3152 698 3201 et
735 3149 1264 3220 necessario,atque
1293 3149 1572 3206 laudabili
1600 3165 1836 3222 prorsus
1866 3150 2056 3206 ofﬁcio
2083 3170 2096 3218 ;

2223 3135 2352 3209 ὧραι
2412 3135 2732 3211 φροντίζεις,
2793 3138 2882 3192 καὶ
2937 3139 3088 3194 πάνθ’
3129 3140 3162 3193 ἃ
3213 3145 3281 3215 τῇ
3330 3149 3436 3198 τῶν
3487 3143 3635 3198 ὅλων
3700 3145 3856 3220 χρείᾳ

455 3235 669 3308 quippe
700 3251 832 3292 cum
860 3239 920 3292 tu
976 3237 1034 3292 in
1067 3238 1258 3294 medio
1285 3238 1530 3309 positus,
1562 3239 1854 3295 commodi
1885 3238 2104 3310 publici

458 3341 658 3380 curam
691 3325 748 3380 in
785 3325 1046 3398 singulas
1072 3328 1246 3384 horas
1267 3327 1530 3390 habes,et
1557 3327 1844 3400 quidquid
1863 3328 2103 3384 utilitati

457 3414 788 3487 reipublicae
827 3417 1003 3472 servit
1053 3435 1206 3475 unus
1266 3419 1560 3474 undelibet
1591 3422 1646 3472 et
1677 3418 1870 3473 animo
1897 3416 2102 3484 volvis,

453 3512 510 3562 et
539 3524 601 3563 re
629 3508 878 3578 peragis,
909 3513 966 3565 et
986 3510 1056 3565 ad
1085 3509 1282 3565 omnia
1301 3526 1430 3580 quae
1453 3523 1706 3580 presens
1725 3523 1864 3562 usus
1908 3511 2104 3578 postu-

455 3589 532 3644 lat
564 3595 773 3662 praasto
802 3608 864 3646 es
897 3609 910 3646 :
939 3592 1056 3647 tuis
1085 3591 1360 3648 nimirum
1391 3591 1546 3646 curis
1561 3589 1886 3660 studiisque
1907 3603 2100 3660 prom-

458 3679 744 3750 ptissimis
777 3682 929 3737 circa
967 3697 1034 3738 ea
1093 3697 1217 3752 quae
1247 3679 1462 3752 expetit
1501 3679 1752 3752 quisque
1781 3696 1848 3736 ac
1877 3679 2102 3734 deside-

451 3773 557 3835 rat,
592 3770 888 3826 exsomnis
917 3770 1062 3841 ipse.
1099 3771 1456 3842 minimeque
1485 3769 1682 3824 lentus
1712 3785 1778 3826 ac
1829 3769 2053 3824 otiosus
2079 3790 2093 3838 ;

451 3863 514 3914 ut
545 3859 706 3914 nulla
737 3861 1006 3930 cuiquam
1039 3860 1276 3916 omnino
1311 3860 1642 3931 imponatur
1674 3859 1961 3928 molestia,
2002 3875 2099 3914 ve-

444 3963 570 4004 rum
635 3953 699 4003 ut
754 3957 804 4004 et
845 3949 1185 4020 legationes,
1245 3955 1303 4005 et
1350 3951 1635 4018 civitates,
1685 3949 2101 4020 civitatumque

451 4041 700 4094 rectores
732 4042 786 4095 et
816 4039 991 4108 cives,
1023 4043 1079 4094 et
1125 4039 1280 4111 pagi,
1312 4043 1369 4094 et
1399 4056 1514 4094 uno
1545 4039 1716 4095 verbo
1747 4055 1936 4110 genus
1993 4037 2097 4094 ho-

449 4125 674 4182 minum
725 4129 1200 4200 unumquodque,
1243 4128 1618 4200 imperatoria
1657 4127 1927 4184 fruantur
1968 4144 2096 4199 pro-

447 4217 724 4285 videntia,
761 4220 930 4288 cujus
983 4227 1042 4274 tu
1074 4236 1229 4276 unus
1261 4220 1469 4290 dignus
1513 4225 1674 4277 actor
1721 4223 2094 4291 representa-

446 4310 646 4379 torque
677 4323 759 4364 es.
797 4309 916 4373 Quo
963 4308 1133 4382 igitur
1171 4318 1338 4380 pacto
1370 4328 1484 4368 non
1515 4315 1572 4366 te
1601 4310 1848 4367 invicem
1879 4307 2092 4379 ubique

2215 3231 2477 3297 προσῆκε,
2525 3227 2692 3298 μύνος
2745 3227 2803 3282 ἐκ
2833 3230 3030 3291 παντὸς
3080 3231 3286 3304 τρόπου
3337 3233 3426 3287 καὶ
3473 3234 3716 3310 βουλεύῃ
3769 3235 3854 3287 καὶ

2213 3319 2489 3388 πράττεις,
2523 3315 2612 3370 καὶ
2660 3317 2796 3391 πρὸς
2845 3319 2905 3371 τὸ
2957 3315 3075 3373 δέον
3125 3315 3262 3374 ἅπαν
3312 3323 3504 3398 γίγνῃ,
3553 3329 3672 3384 ταῖς
3729 3325 3854 3396 ὑπὲρ

2215 3405 2289 3459 ὧν
2346 3400 2562 3460 ἕκαστοι
2627 3405 2920 3480 βούλονταί
2975 3429 3032 3462 τε
3082 3409 3172 3464 καὶ
3221 3407 3428 3466 δέονται
3476 3413 3724 3488 φροντίσι
3771 3413 3856 3466 καὶ

2213 3495 2561 3568 προθυμίαις,
2618 3493 2775 3560 αὐτὸς
2819 3497 3091 3570 ἄγρυπνος
3145 3493 3238 3567 ὧν,
3289 3501 3378 3554 καὶ
3429 3498 3560 3573 μηδ’
3611 3505 3858 3570 ἡντινοῦν

2210 3581 2360 3659 ἄγων
2409 3581 2644 3658 σχολὴν,
2685 3583 2758 3644 ὡς
2799 3583 2858 3638 ἂν
2905 3583 3104 3656 μηδενὶ
3144 3591 3250 3641 τῶν
3293 3589 3540 3644 ἁπάντων
3655 3587 3858 3663 δυσχε-

2213 3673 2298 3748 ρὲς
2325 3694 2336 3706 ·
2371 3674 2518 3729 ἀλλὰ
2547 3674 2634 3728 καὶ
2680 3671 2960 3748 πρεσϐεῖαι
3000 3675 3086 3730 καὶ
3135 3675 3327 3741 πόλεις
3370 3681 3458 3733 καὶ
3509 3677 3780 3754 ἄρχοντες
3815 3680 3860 3734 οἳ

2209 3765 2412 3818 τούτων
2464 3763 2552 3818 καὶ
2605 3761 2844 3832 ἰδιῶται,
2902 3766 2992 3821 καὶ
3051 3763 3218 3840 δῆμοι
3271 3769 3360 3822 καὶ
3409 3773 3512 3824 πᾶν
3563 3771 3637 3830 ὡς
3687 3771 3858 3823 εἰπεῖν

3423 3857 3746 3932 βασιλικῆς,
3801 3860 3862 3926 ἧς

2213 3943 2376 4016 μόνος
2423 3943 2584 4006 αὐτὸς
2647 3945 2945 4014 ὑποκριτής
3003 3945 3340 4022 ἀξιόχρεως’
3404 3953 3522 4010 πῶς
3571 3949 3682 4024 οὐχ
3735 3949 3864 4004 ἑκα-

2209 4036 2418 4106 σταχοῦ
2451 4030 2534 4088 δεῖ
2582 4055 2637 4087 σε
2685 4038 2780 4087 τοῦ
2830 4040 2936 4088 τῶν
2991 4033 3220 4091 ἐπαίνων
3272 4036 3591 4112 γιγνομένου
3639 4039 3862 4112 τυγχά-

2206 4144 2338 4192 νειν,
2399 4125 2488 4176 καί
2553 4123 2745 4194 μισθὸν
2805 4121 2950 4198 ἔχειν
3011 4125 3238 4194 ταυτησὶ
3297 4133 3394 4196 τῆς
3463 4125 3704 4200 μελέτης
3771 4127 3862 4180 τὸν

2203 4217 2452 4268 τοιοῦτον
2487 4207 2671 4284 ἔρανον
2701 4239 2713 4280 ;
2747 4213 2804 4266 ὃν
2843 4209 2906 4282 δή
2953 4235 3036 4268 σοι
3087 4213 3279 4274 πάντες
3331 4213 3630 4290 ἐξαιροῦσιν
3683 4217 3864 4288 ἄσμε-

2211 3855 2389 3907 ὁτιοῦν
2458 3853 2607 3928 γένος
2674 3853 2996 3910 ἀπολαύωσι
3065 3858 3323 3930 προνοίας

2201 4323 2285 4356 νοι
2309 4322 2320 4334 ·
2356 4303 2464 4376 οὐχ
2494 4304 2545 4356 οἱ
2577 4303 2670 4374 μὶν
2705 4301 2940 4375 μᾶλλον,
2974 4304 3024 4358 οἱ
3060 4300 3106 4358 δ’
3134 4306 3316 4374 ἦττον,
3353 4304 3498 4360 ᾰλλά
3527 4309 3728 4366 πάντες
3765 4304 3860 4360 δι-

447 4391 687 4458 meritas
761 4401 1038 4470 consequi
1089 4405 1350 4472 oporteat
1397 4401 1619 4469 laudes,
1654 4405 1710 4456 et
1759 4397 2096 4469 hujusmodi

2223 4392 2371 4453 ιαίως
2403 4393 2540 4448 κατά
2567 4392 2751 4447 ταυτά.

444 4488 718 4546 collectas
749 4490 930 4561 stipes
989 4505 1138 4546 cure
1199 4491 1373 4560 hujus
1431 4497 1541 4548 tuae
1599 4491 1906 4562 praamium
1959 4486 2336 4550 ferre?Quas
2383 4483 2488 4540 tibi
2545 4485 2747 4555 utique
2777 4485 2969 4540 cuncti
2999 4485 3238 4541 eximias
3284 4485 3660 4558 perlubenter
3707 4487 3870 4546 deli-

443 4585 624 4652 gunt;
653 4597 768 4636 non
799 4581 896 4636 alii
921 4580 1131 4653 magis,
1163 4581 1264 4638 alii
1297 4583 1515 4646 minus,
1548 4581 1652 4638 sed
1676 4582 1805 4652 jure
1837 4595 2040 4636 omnes
2061 4593 2222 4650 aque
2253 4579 2520 4648 prompte
2547 4579 2604 4631 et
2635 4575 2920 4642 alacriter,

518 4699 611 4755 ΙΙΙ.
647 4700 708 4755 In
762 4699 976 4772 quibus
1010 4699 1301 4768 omnibus,
1335 4701 1386 4758 si
1417 4701 1500 4756 fas
1536 4701 1746 4772 dicere,
1781 4703 1934 4774 quod
1969 4702 2095 4756 sine

447 4789 564 4846 ulla
605 4791 950 4862 cujusquam
1009 4789 1228 4846 offensa
1285 4791 1502 4846 dictum
1551 4795 1694 4864 esto,
1749 4797 1805 4848 et
1847 4793 2094 4864 primus,

442 4882 499 4934 et
528 4880 780 4948 medius,
812 4885 868 4935 et
911 4883 1241 4951 postremus
1289 4895 1394 4953 ego
1427 4881 1550 4952 ipse
1590 4897 1754 4952 sum;
1787 4897 1903 4937 non
1945 4880 2094 4951 quod

445 4967 577 5023 novi
605 4969 900 5039 quidpiam
930 4970 1001 5023 de
1031 4973 1089 5024 te
1119 4969 1435 5041 proferam,
1467 4987 1668 5027 verum
1721 4985 1808 5040 ea,
1841 4986 2090 5042 quorum

443 5055 549 5113 tibi
581 5055 800 5113 conscii
826 5073 1028 5114 omnes
1059 5062 1214 5125 sunt,
1247 5058 1317 5114 de
1357 5075 1470 5131 quo
1495 5075 1560 5116 ea
1591 5061 1763 5132 plane
1801 5062 2093 5130 comperta

443 5145 681 5214 habent,
729 5163 856 5218 quas
905 5147 976 5202 de
1007 5145 1165 5203 nullo
1215 5149 1329 5204 alio
1371 5149 1472 5204 ulli
1519 5149 1736 5206 habent
1775 5153 2088 5221 comperta,

442 5237 542 5293 sed
577 5237 730 5309 quod
783 5235 1079 5308 aliquanto
1115 5237 1244 5308 plus
1295 5239 1352 5293 in
1390 5255 1454 5294 eo
1489 5238 1613 5310 ipse
1634 5239 1902 5306 habeam,
1933 5239 2086 5310 quod

443 5325 641 5382 divina
667 5327 918 5397 quadam
935 5327 1172 5382 laudum
1193 5332 1423 5383 tuarum
1457 5328 1833 5384 bacchatione
1863 5328 2092 5400 percul-

441 5417 702 5474 susferar
735 5435 750 5484 ;
783 5416 880 5488 qui
912 5415 1067 5472 enim
1101 5433 1214 5472 non
1257 5417 1586 5482 baccharer,
1611 5417 2086 5488 quandoquidem

439 5519 572 5562 cum
627 5523 1027 5579 saepenumero
1086 5507 1413 5577 complures
1444 5508 1600 5576 Qalios
1657 5509 1779 5580 spei
1829 5506 2089 5579 votisque

444 5595 592 5651 meis
608 5603 882 5668 patronos
911 5597 1272 5667 statuissem,
1297 5597 1440 5652 nihil
1473 5613 1732 5670 unquam
1766 5597 2086 5668 adjumenti

445 5701 478 5738 a
527 5701 817 5757 quoquam
877 5687 1125 5760 percepi,
1173 5701 1372 5744 verum
1425 5689 1718 5760 sophistas
1751 5687 1999 5757 omneis,
2031 5693 2087 5744 et

2277 4701 2348 4754 1".
2379 4697 2592 4754 Τούτων
2641 4695 2698 4752 δὲ
2745 4697 2958 4754 πάντων
3007 4697 3054 4752 εἰ
3103 4699 3218 4752 οἷόν
3271 4699 3318 4752 τ’
3369 4697 3560 4766 εἰπεῖν,
3609 4699 3712 4754 καί
3773 4719 3870 4773 μοι

2211 4787 2402 4862 μηδεὶς
2460 4789 2722 4864 ἀχθεσθῇ,
2777 4791 2994 4860 πρῶτος
3049 4785 3138 4840 καὶ
3201 4786 3363 4858 μέσος
3441 4785 3870 4848 καὶ-τελευταῖος

2203 4873 2334 4948 ἐγὼ,
2371 4876 2550 4932 καινὸν
2601 4875 2694 4947 μὲν
2749 4874 2920 4951 λέγων
2971 4871 3148 4946 οὐδὲν,
3199 4873 3326 4929 ἀλλ’
3357 4875 3388 4928 ἃ
3419 4877 3540 4950 περὶ
3573 4881 3674 4930 σοῦ
3725 4879 3876 4932 πάν-

2201 4987 2289 5031 τες
2313 4969 2490 5024 ἴσασιν
2517 4988 2530 5000 ·
2570 4969 2719 5024 ’ίσασι
2764 4967 2822 5022 δὲ
2861 4969 2894 5022 ἃ
2938 4963 3164 5040 μηδενὸς
3204 4966 3328 5040 περὶ
3369 4971 3478 5022 τῶν
3531 4965 3736 5022 ἄλλων
3777 4969 3874 5022 ού·

2203 5056 2348 5120 ὃένες
2373 5057 2556 5115 τίσασιν
2583 5079 2594 5094 ·
2638 5057 2782 5134 ἔχων
2821 5055 2878 5111 δὲ
2915 5077 2969 5112 τι
3005 5055 3095 5110 καὶ
3143 5055 3310 5110 πλέον
3345 5054 3527 5126 αὐτὸς,
3574 5057 3638 5110 τὸ
3691 5061 3872 5114 κάτο-

2205 5167 2304 5224 χος
2355 5149 2536 5225 ὥσπερ
2587 5151 2690 5204 ὑπὸ
2738 5153 2844 5202 τῶν
2893 5147 3018 5221 περὶ
3075 5149 3242 5200 ταῦτα
3303 5146 3721 5223 βακχευμάτων
3781 5171 3874 5202 κι-

2201 5242 2426 5296 νεῖσθαι.
2471 5244 2592 5301 Πῶς
2643 5237 2698 5294 δὲ
2746 5237 2806 5292 οὐ
2860 5233 3072 5310 μέλλω,
3124 5233 3369 5296 πολλοὺς
3423 5235 3515 5307 μὲν
3567 5235 3874 5302 πολλάκις

2203 5327 2409 5391 ἄλλους
2439 5327 2888 5403 προστησάμενος
2918 5330 3039 5386 ταῖς
3071 5321 3308 5392 ἐλπίσιν,
3343 5319 3560 5384 οὐδενὸς
3585 5319 3646 5376 δὲ
3697 5324 3870 5381 οὐδὲν

2199 5419 2567 5493 ἀπονάμενος,
2635 5417 2892 5497 σοφιστὰς
2963 5413 3020 5470 δὲ
3083 5413 3288 5476 πάντας
3353 5412 3546 5485 εὑρὼν,
3607 5415 3722 5468 καὶ
3791 5421 3874 5488 τῷ

2203 5505 2369 5580 μηδὲν
2414 5509 2709 5586 εἰργάσθαι,
2765 5504 3008 5582 μαθητᾶς
3053 5507 3148 5559 τοῦ
3203 5500 3503 5576 Χάρητοςς
3553 5501 3762 5560 Ἀλλᾶ
3815 5509 3872 5560 συ

2202 5599 2364 5672 μόνος
2421 5596 2720 5672 ἀνθρώπων
2775 5600 2911 5664 ἡμῖν
2959 5596 3034 5656 ὡς
3085 5592 3274 5668 ἄριστα
3319 5588 3499 5664 ἔσχες,
3545 5591 3640 5644 καὶ
3681 5597 3872 5670 πραΰ·

2196 5709 2326 5758 στης
2355 5693 2698 5763 περιφανῶς·
2744 5687 2835 5742 καὶ
2881 5684 3028 5758 μάλα
3069 5683 3145 5744 εἰς
3194 5681 3382 5751 ὄνησιν
3433 5679 3676 5754 ἔπραξας
3711 5703 3724 5715 ·
3779 5693 3876 5741 καί
