  <div class='ocr_page' id='page_1' title='image "/cluster/home/n/w/nwhite01/storage/ocr_20150623/145/hvd.32044054086921/198.png"; bbox 0 0 4154 6216; ppageno 0'>
   <div class='ocr_carea' id='block_1_1' title="bbox 256 369 357 431">
    <p class='ocr_par' dir='ltr' id='par_1_1' title="bbox 256 369 357 431">
     <span class='ocr_line' id='line_1_1' title="bbox 256 369 357 431; baseline 0 0"><span class='ocrx_word' id='word_1_1' title='bbox 256 369 357 431; x_wconf 82' lang='grc'><strong>385</strong></span> 
     </span>
    </p>
   </div>
   <div class='ocr_carea' id='block_1_2' title="bbox 1206 358 2625 457">
    <p class='ocr_par' dir='ltr' id='par_1_2' title="bbox 1206 358 2625 457">
     <span class='ocr_line' id='line_1_2' title="bbox 1206 358 2625 457; baseline -0.001 -35"><span class='ocrx_word' id='word_1_2' title='bbox 1206 360 1497 423; x_wconf 78' lang='lat' dir='ltr'><strong>ORATIO</strong></span> <span class='ocrx_word' id='word_1_3' title='bbox 1540 360 1638 421; x_wconf 85' lang='lat' dir='ltr'><strong>AD</strong></span> <span class='ocrx_word' id='word_1_4' title='bbox 1682 358 2021 423; x_wconf 84' lang='lat' dir='ltr'><strong>MAGNUM</strong></span> <span class='ocrx_word' id='word_1_5' title='bbox 2068 360 2625 457; x_wconf 75' lang='lat' dir='ltr'><strong>LOGOTHETAM.</strong></span> 
     </span>
    </p>
   </div>
   <div class='ocr_carea' id='block_1_3' title="bbox 3495 373 3615 435">
    <p class='ocr_par' dir='ltr' id='par_1_3' title="bbox 3495 373 3615 435">
     <span class='ocr_line' id='line_1_3' title="bbox 3495 373 3615 435; baseline -0.008 -2"><span class='ocrx_word' id='word_1_6' title='bbox 3495 373 3615 435; x_wconf 83' lang='lat'><strong>386</strong></span> 
     </span>
    </p>
   </div>
   <div class='ocr_carea' id='block_1_4' title="bbox 256 490 1844 580">
    <p class='ocr_par' dir='ltr' id='par_1_4' title="bbox 256 490 1844 572">
     <span class='ocr_line' id='line_1_4' title="bbox 256 490 1844 572; baseline -0.005 -17"><span class='ocrx_word' id='word_1_7' title='bbox 256 501 479 567; x_wconf 77' lang='grc' dir='ltr'>κατέστης</span> <span class='ocrx_word' id='word_1_8' title='bbox 524 497 629 551; x_wconf 82' lang='grc' dir='ltr'>ἀντ’</span> <span class='ocrx_word' id='word_1_9' title='bbox 662 496 867 572; x_wconf 81' lang='grc' dir='ltr'><strong>ἀγαθοῦ</strong></span> <span class='ocrx_word' id='word_1_10' title='bbox 922 496 1021 549; x_wconf 89' lang='grc' dir='ltr'><strong>τοῦ</strong></span> <span class='ocrx_word' id='word_1_11' title='bbox 1066 490 1348 568; x_wconf 84' lang='grc' dir='ltr'>δαίμονος,</span> <span class='ocrx_word' id='word_1_12' title='bbox 1379 492 1447 547; x_wconf 81' lang='grc' dir='ltr'><strong>τά</strong></span> <span class='ocrx_word' id='word_1_13' title='bbox 1482 494 1528 546; x_wconf 91' lang='grc' dir='ltr'>τ’</span> <span class='ocrx_word' id='word_1_14' title='bbox 1558 492 1687 548; x_wconf 85' lang='grc' dir='ltr'>ἀλλ’</span> <span class='ocrx_word' id='word_1_15' title='bbox 1720 493 1844 569; x_wconf 75' lang='grc' dir='ltr'>ὑπὶρ</span> 
     </span>
    </p>
   </div>
   <div class='ocr_carea' id='block_1_5' title="bbox 1955 490 3610 580">
    <p class='ocr_par' dir='ltr' id='par_1_5' title="bbox 1970 494 3610 580">
     <span class='ocr_line' id='line_1_5' title="bbox 1970 494 3610 580; baseline 0.008 -29"><span class='ocrx_word' id='word_1_16' title='bbox 1970 511 2284 568; x_wconf 87' lang='lat' dir='ltr'><strong>germanos</strong></span> <span class='ocrx_word' id='word_1_17' title='bbox 2307 494 2572 553; x_wconf 86' lang='lat' dir='ltr'><strong>Charetis</strong></span> <span class='ocrx_word' id='word_1_18' title='bbox 2592 497 2935 571; x_wconf 90' lang='lat' dir='ltr'><strong>discipulos,</strong></span> <span class='ocrx_word' id='word_1_19' title='bbox 2966 499 3257 574; x_wconf 90' lang='lat' dir='ltr'><strong>siquidem</strong></span> <span class='ocrx_word' id='word_1_20' title='bbox 3280 503 3441 561; x_wconf 90' lang='lat' dir='ltr'><strong>nulla</strong></span> <span class='ocrx_word' id='word_1_21' title='bbox 3471 524 3610 580; x_wconf 86' lang='lat' dir='ltr'><strong>pro-</strong></span> 
     </span>
    </p>
   </div>
   <div class='ocr_carea' id='block_1_6' title="bbox 253 580 1857 661">
    <p class='ocr_par' dir='ltr' id='par_1_6' title="bbox 253 580 1857 661">
     <span class='ocr_line' id='line_1_6' title="bbox 253 580 1857 661; baseline -0.004 -17"><span class='ocrx_word' id='word_1_22' title='bbox 253 593 319 645; x_wconf 84' lang='grc' dir='ltr'>ὧν</span> <span class='ocrx_word' id='word_1_23' title='bbox 367 588 451 642; x_wconf 77' lang='grc' dir='ltr'><strong>οὐκ</strong></span> <span class='ocrx_word' id='word_1_24' title='bbox 502 580 609 640; x_wconf 81' lang='grc' dir='ltr'>ἔσθ’</span> <span class='ocrx_word' id='word_1_25' title='bbox 664 583 742 640; x_wconf 75' lang='grc' dir='ltr'>ὅτ’</span> <span class='ocrx_word' id='word_1_26' title='bbox 774 585 873 640; x_wconf 82' lang='grc' dir='ltr'>οὐκ</span> <span class='ocrx_word' id='word_1_27' title='bbox 928 582 1351 661; x_wconf 69' lang='grc' dir='ltr'>ἐπαγγελλομέν</span> <span class='ocrx_word' id='word_1_28' title='bbox 1415 603 1500 638; x_wconf 90' lang='grc' dir='ltr'><strong>σοι</strong></span> <span class='ocrx_word' id='word_1_29' title='bbox 1552 585 1617 638; x_wconf 81' lang='grc' dir='ltr'><strong>τά</strong></span> <span class='ocrx_word' id='word_1_30' title='bbox 1653 582 1857 658; x_wconf 81' lang='grc' dir='ltr'><strong>βελτίω</strong></span> 
     </span>
    </p>
   </div>
   <div class='ocr_carea' id='block_1_7' title="bbox 251 671 1854 749">
    <p class='ocr_par' dir='ltr' id='par_1_7' title="bbox 251 671 1854 749">
     <span class='ocr_line' id='line_1_7' title="bbox 251 671 1854 749; baseline -0.003 -16"><span class='ocrx_word' id='word_1_31' title='bbox 251 679 421 745; x_wconf 77' lang='grc' dir='ltr'><strong>θεόθεν,</strong></span> <span class='ocrx_word' id='word_1_32' title='bbox 479 675 610 749; x_wconf 88' lang='grc' dir='ltr'><strong>μετά</strong></span> <span class='ocrx_word' id='word_1_33' title='bbox 683 678 787 729; x_wconf 78' lang='grc' dir='ltr'><strong>τῶν</strong></span> <span class='ocrx_word' id='word_1_34' title='bbox 862 672 916 737; x_wconf 67' lang='grc' dir='ltr'>ἐς</span> <span class='ocrx_word' id='word_1_35' title='bbox 969 671 1173 734; x_wconf 82' lang='grc' dir='ltr'><strong>πάντας</strong></span> <span class='ocrx_word' id='word_1_36' title='bbox 1234 673 1599 747; x_wconf 75' lang='grc' dir='ltr'><strong>κηρυγμάτων</strong></span> <span class='ocrx_word' id='word_1_37' title='bbox 1656 693 1715 728; x_wconf 90' lang='grc' dir='ltr'><strong>τε</strong></span> <span class='ocrx_word' id='word_1_38' title='bbox 1766 674 1854 728; x_wconf 74' lang='grc' dir='ltr'><strong>καὶ</strong></span> 
     </span>
    </p>
   </div>
   <div class='ocr_carea' id='block_1_8' title="bbox 249 758 1855 839">
    <p class='ocr_par' dir='ltr' id='par_1_8' title="bbox 249 758 1855 839">
     <span class='ocr_line' id='line_1_8' title="bbox 249 758 1855 839; baseline -0.002 -17"><span class='ocrx_word' id='word_1_39' title='bbox 249 768 456 823; x_wconf 72' lang='grc' dir='ltr'>παιάνων</span> <span class='ocrx_word' id='word_1_40' title='bbox 486 787 497 799; x_wconf 91' lang='grc'><strong>·</strong></span> <span class='ocrx_word' id='word_1_41' title='bbox 545 766 634 820; x_wconf 83' lang='grc' dir='ltr'><strong>καὶ</strong></span> <span class='ocrx_word' id='word_1_42' title='bbox 687 766 767 819; x_wconf 76' lang='grc' dir='ltr'>ὅθ’</span> <span class='ocrx_word' id='word_1_43' title='bbox 798 764 1006 837; x_wconf 76' lang='grc' dir='ltr'>ἥκομεν</span> <span class='ocrx_word' id='word_1_44' title='bbox 1053 762 1225 818; x_wconf 71' lang='grc' dir='ltr'>ἐκεῖσε</span> <span class='ocrx_word' id='word_1_45' title='bbox 1272 758 1679 838; x_wconf 70' lang='grc' dir='ltr'>πρεσϐεύοντες,</span> <span class='ocrx_word' id='word_1_46' title='bbox 1724 763 1855 839; x_wconf 79' lang='grc' dir='ltr'>ὑπὲρ</span> 
     </span>
    </p>
   </div>
   <div class='ocr_carea' id='block_1_9' title="bbox 243 853 1857 931">
    <p class='ocr_par' dir='ltr' id='par_1_9' title="bbox 243 853 1857 931">
     <span class='ocr_line' id='line_1_9' title="bbox 243 853 1857 931; baseline -0.002 -16"><span class='ocrx_word' id='word_1_47' title='bbox 243 864 324 915; x_wconf 75' lang='grc' dir='ltr'><strong>τοῦ</strong></span> <span class='ocrx_word' id='word_1_48' title='bbox 390 859 451 912; x_wconf 70' lang='grc' dir='ltr'>τὰ</span> <span class='ocrx_word' id='word_1_49' title='bbox 524 857 589 912; x_wconf 79' lang='grc' dir='ltr'><strong>σά</strong></span> <span class='ocrx_word' id='word_1_50' title='bbox 663 857 1035 930; x_wconf 77' lang='grc' dir='ltr'>θαυμάζοντος</span> <span class='ocrx_word' id='word_1_51' title='bbox 1121 853 1456 931; x_wconf 75' lang='grc' dir='ltr'>Χανδρηνοῦ,</span> <span class='ocrx_word' id='word_1_52' title='bbox 1506 856 1579 917; x_wconf 85' lang='grc' dir='ltr'>ὡς</span> <span class='ocrx_word' id='word_1_53' title='bbox 1639 854 1857 929; x_wconf 74' lang='grc' dir='ltr'>εὐμενέ-</span> 
     </span>
    </p>
   </div>
   <div class='ocr_carea' id='block_1_10' title="bbox 240 940 1856 1020">
    <p class='ocr_par' dir='ltr' id='par_1_10' title="bbox 240 940 1856 1020">
     <span class='ocr_line' id='line_1_10' title="bbox 240 940 1856 1020; baseline -0.002 -18"><span class='ocrx_word' id='word_1_54' title='bbox 240 967 385 1003; x_wconf 86' lang='grc' dir='ltr'>στατα</span> <span class='ocrx_word' id='word_1_55' title='bbox 430 945 513 1000; x_wconf 82' lang='grc' dir='ltr'><strong>καὶ</strong></span> <span class='ocrx_word' id='word_1_56' title='bbox 563 945 978 1020; x_wconf 78' lang='grc' dir='ltr'><strong>προθυμότατα,</strong></span> <span class='ocrx_word' id='word_1_57' title='bbox 1010 943 1096 998; x_wconf 80' lang='grc' dir='ltr'><strong>καὶ</strong></span> <span class='ocrx_word' id='word_1_58' title='bbox 1155 942 1306 1016; x_wconf 76' lang='grc' dir='ltr'>μάλα</span> <span class='ocrx_word' id='word_1_59' title='bbox 1348 943 1489 1016; x_wconf 69' lang='grc' dir='ltr'>’ίλεῳ</span> <span class='ocrx_word' id='word_1_60' title='bbox 1529 940 1856 1020; x_wconf 72' lang='grc' dir='ltr'><strong>δεδεγμένος</strong></span> 
     </span>
    </p>
   </div>
   <div class='ocr_carea' id='block_1_11' title="bbox 239 1032 1853 1113">
    <p class='ocr_par' dir='ltr' id='par_1_11' title="bbox 239 1032 1853 1113">
     <span class='ocr_line' id='line_1_11' title="bbox 239 1032 1853 1113; baseline 0 -23"><span class='ocrx_word' id='word_1_61' title='bbox 239 1041 294 1111; x_wconf 78' lang='grc' dir='ltr'><strong>τῇ</strong></span> <span class='ocrx_word' id='word_1_62' title='bbox 337 1035 518 1111; x_wconf 78' lang='grc' dir='ltr'>γνώμῃ</span> <span class='ocrx_word' id='word_1_63' title='bbox 574 1035 663 1089; x_wconf 80' lang='grc' dir='ltr'><strong>καὶ</strong></span> <span class='ocrx_word' id='word_1_64' title='bbox 706 1034 1264 1113; x_wconf 77' lang='grc' dir='ltr'>φιλοφρονησάμενος</span> <span class='ocrx_word' id='word_1_65' title='bbox 1313 1032 1375 1087; x_wconf 80' lang='grc' dir='ltr'>οὗ</span> <span class='ocrx_word' id='word_1_66' title='bbox 1433 1038 1695 1107; x_wconf 80' lang='grc' dir='ltr'>μεμπτῶς</span> <span class='ocrx_word' id='word_1_67' title='bbox 1721 1055 1733 1067; x_wconf 82' lang='lat'><strong><em>°</em></strong></span> <span class='ocrx_word' id='word_1_68' title='bbox 1765 1036 1853 1090; x_wconf 85' lang='grc' dir='ltr'><strong>καὶ</strong></span> 
     </span>
    </p>
   </div>
   <div class='ocr_carea' id='block_1_12' title="bbox 243 1121 1856 1201">
    <p class='ocr_par' dir='ltr' id='par_1_12' title="bbox 243 1121 1856 1201">
     <span class='ocr_line' id='line_1_12' title="bbox 243 1121 1856 1201; baseline 0 -22"><span class='ocrx_word' id='word_1_69' title='bbox 243 1126 288 1180; x_wconf 81' lang='grc' dir='ltr'><strong>τὸ</strong></span> <span class='ocrx_word' id='word_1_70' title='bbox 341 1124 614 1200; x_wconf 75' lang='grc' dir='ltr'>μέγιστον,</span> <span class='ocrx_word' id='word_1_71' title='bbox 660 1124 750 1179; x_wconf 81' lang='grc' dir='ltr'><strong>καὶ</strong></span> <span class='ocrx_word' id='word_1_72' title='bbox 822 1121 1077 1201; x_wconf 79' lang='grc' dir='ltr'>κολοφὼν</span> <span class='ocrx_word' id='word_1_73' title='bbox 1136 1122 1379 1198; x_wconf 82' lang='grc' dir='ltr'>ἀτεχνῶς</span> <span class='ocrx_word' id='word_1_74' title='bbox 1454 1124 1519 1177; x_wconf 80' lang='grc' dir='ltr'><strong>τὰ</strong></span> <span class='ocrx_word' id='word_1_75' title='bbox 1586 1122 1856 1179; x_wconf 85' lang='grc' dir='ltr'>κάλλιστα</span> 
     </span>
    </p>
   </div>
   <div class='ocr_carea' id='block_1_13' title="bbox 241 1211 1856 1288">
    <p class='ocr_par' dir='ltr' id='par_1_13' title="bbox 241 1211 1856 1288">
     <span class='ocr_line' id='line_1_13' title="bbox 241 1211 1856 1288; baseline 0 -20"><span class='ocrx_word' id='word_1_76' title='bbox 241 1213 554 1288; x_wconf 80' lang='grc' dir='ltr'>μεμνημένος</span> <span class='ocrx_word' id='word_1_77' title='bbox 605 1216 783 1287; x_wconf 82' lang='grc' dir='ltr'>ἡμῶν,</span> <span class='ocrx_word' id='word_1_78' title='bbox 826 1213 915 1267; x_wconf 77' lang='grc' dir='ltr'><strong>καὶ</strong></span> <span class='ocrx_word' id='word_1_79' title='bbox 976 1211 1287 1287; x_wconf 86' lang='grc' dir='ltr'>διαλεχθεὶς</span> <span class='ocrx_word' id='word_1_80' title='bbox 1344 1214 1482 1287; x_wconf 83' lang='grc' dir='ltr'>πρὸς</span> <span class='ocrx_word' id='word_1_81' title='bbox 1540 1215 1629 1267; x_wconf 84' lang='grc' dir='ltr'>τὸν</span> <span class='ocrx_word' id='word_1_82' title='bbox 1691 1215 1856 1287; x_wconf 83' lang='grc' dir='ltr'>μόνον</span> 
     </span>
    </p>
   </div>
   <div class='ocr_carea' id='block_1_14' title="bbox 238 1300 1853 1378">
    <p class='ocr_par' dir='ltr' id='par_1_14' title="bbox 238 1300 1853 1378">
     <span class='ocr_line' id='line_1_14' title="bbox 238 1300 1853 1378; baseline 0.001 -21"><span class='ocrx_word' id='word_1_83' title='bbox 238 1304 280 1357; x_wconf 80' lang='grc' dir='ltr'>ἐν</span> <span class='ocrx_word' id='word_1_84' title='bbox 319 1304 617 1378; x_wconf 86' lang='grc' dir='ltr'>ἀνθρώποις</span> <span class='ocrx_word' id='word_1_85' title='bbox 670 1300 911 1377; x_wconf 79' lang='grc' dir='ltr'>ἄριστον,</span> <span class='ocrx_word' id='word_1_86' title='bbox 943 1303 1033 1356; x_wconf 84' lang='grc' dir='ltr'>τὸν</span> <span class='ocrx_word' id='word_1_87' title='bbox 1090 1302 1256 1373; x_wconf 83' lang='grc' dir='ltr'>μόνον</span> <span class='ocrx_word' id='word_1_88' title='bbox 1311 1302 1721 1378; x_wconf 77' lang='grc' dir='ltr'>φιλάνθρωπον,</span> <span class='ocrx_word' id='word_1_89' title='bbox 1765 1306 1853 1358; x_wconf 74' lang='grc' dir='ltr'>καὶ</span> 
     </span>
    </p>
   </div>
   <div class='ocr_carea' id='block_1_15' title="bbox 238 1388 1854 1471">
    <p class='ocr_par' dir='ltr' id='par_1_15' title="bbox 238 1388 1854 1471">
     <span class='ocr_line' id='line_1_15' title="bbox 238 1388 1854 1471; baseline 0.002 -26"><span class='ocrx_word' id='word_1_90' title='bbox 238 1391 540 1468; x_wconf 68' lang='grc' dir='ltr'>παράδειγμ’</span> <span class='ocrx_word' id='word_1_91' title='bbox 586 1390 852 1461; x_wconf 75' lang='grc' dir='ltr'>ἀληθινοῦ</span> <span class='ocrx_word' id='word_1_92' title='bbox 913 1388 1207 1467; x_wconf 81' lang='grc' dir='ltr'>βασιλέως,</span> <span class='ocrx_word' id='word_1_93' title='bbox 1259 1391 1332 1452; x_wconf 88' lang='grc' dir='ltr'>ὡς</span> <span class='ocrx_word' id='word_1_94' title='bbox 1395 1390 1619 1462; x_wconf 81' lang='grc' dir='ltr'>ἀληθῶς</span> <span class='ocrx_word' id='word_1_95' title='bbox 1684 1414 1854 1471; x_wconf 79' lang='grc' dir='ltr'>πεφυ-</span> 
     </span>
    </p>
   </div>
   <div class='ocr_carea' id='block_1_16' title="bbox 236 1479 1855 1559">
    <p class='ocr_par' dir='ltr' id='par_1_16' title="bbox 236 1479 1855 1559">
     <span class='ocr_line' id='line_1_16' title="bbox 236 1479 1855 1559; baseline 0.001 -24"><span class='ocrx_word' id='word_1_96' title='bbox 236 1482 365 1548; x_wconf 81' lang='grc' dir='ltr'>κότα,</span> <span class='ocrx_word' id='word_1_97' title='bbox 397 1479 675 1556; x_wconf 66' lang='grc' dir='ltr'>ἀπορροήν</span> <span class='ocrx_word' id='word_1_98' title='bbox 726 1502 842 1535; x_wconf 86' lang='grc' dir='ltr'>τινα</span> <span class='ocrx_word' id='word_1_99' title='bbox 889 1487 990 1549; x_wconf 83' lang='grc' dir='ltr'><strong>τῆς</strong></span> <span class='ocrx_word' id='word_1_100' title='bbox 1038 1479 1203 1535; x_wconf 83' lang='grc' dir='ltr'>αὐτοῦ</span> <span class='ocrx_word' id='word_1_101' title='bbox 1235 1480 1645 1555; x_wconf 71' lang='grc' dir='ltr'>φιλανθρωπίας</span> <span class='ocrx_word' id='word_1_102' title='bbox 1696 1483 1855 1559; x_wconf 81' lang='grc' dir='ltr'>ἀφεῖ-</span> 
     </span>
    </p>
   </div>
   <div class='ocr_carea' id='block_1_17' title="bbox 234 1569 1851 1645">
    <p class='ocr_par' dir='ltr' id='par_1_17' title="bbox 234 1569 1851 1645">
     <span class='ocr_line' id='line_1_17' title="bbox 234 1569 1851 1645; baseline 0.001 -22"><span class='ocrx_word' id='word_1_103' title='bbox 234 1592 302 1624; x_wconf 83' lang='grc' dir='ltr'><strong>ναι</strong></span> <span class='ocrx_word' id='word_1_104' title='bbox 344 1569 427 1623; x_wconf 78' lang='grc' dir='ltr'><strong>καὶ</strong></span> <span class='ocrx_word' id='word_1_105' title='bbox 485 1570 622 1643; x_wconf 82' lang='grc' dir='ltr'>πρὸς</span> <span class='ocrx_word' id='word_1_106' title='bbox 682 1571 853 1643; x_wconf 74' lang='grc' dir='ltr'>ἡμᾶς,</span> <span class='ocrx_word' id='word_1_107' title='bbox 921 1570 1007 1624; x_wconf 80' lang='grc' dir='ltr'><strong>καὶ</strong></span> <span class='ocrx_word' id='word_1_108' title='bbox 1079 1570 1459 1645; x_wconf 72' lang='grc' dir='ltr'><strong>κατειργάσθαι</strong></span> <span class='ocrx_word' id='word_1_109' title='bbox 1518 1570 1668 1625; x_wconf 83' lang='grc' dir='ltr'>ταῦθ’</span> <span class='ocrx_word' id='word_1_110' title='bbox 1720 1572 1851 1640; x_wconf 72' lang='grc' dir='ltr'>ὑπὲρ</span> 
     </span>
    </p>
   </div>
   <div class='ocr_carea' id='block_1_18' title="bbox 236 1656 1854 1739">
    <p class='ocr_par' dir='ltr' id='par_1_18' title="bbox 236 1656 1854 1739">
     <span class='ocr_line' id='line_1_18' title="bbox 236 1656 1854 1739; baseline 0.001 -27"><span class='ocrx_word' id='word_1_111' title='bbox 236 1660 294 1712; x_wconf 82' lang='grc' dir='ltr'>ὧν</span> <span class='ocrx_word' id='word_1_112' title='bbox 344 1657 569 1731; x_wconf 78' lang='grc' dir='ltr'>ἥκομεν,</span> <span class='ocrx_word' id='word_1_113' title='bbox 629 1656 815 1733; x_wconf 82' lang='grc' dir='ltr'>ὥσπερ</span> <span class='ocrx_word' id='word_1_114' title='bbox 876 1657 967 1713; x_wconf 77' lang='grc' dir='ltr'><strong>οῦν</strong></span> <span class='ocrx_word' id='word_1_115' title='bbox 1041 1659 1130 1713; x_wconf 82' lang='grc' dir='ltr'><strong>καὶ</strong></span> <span class='ocrx_word' id='word_1_116' title='bbox 1195 1659 1570 1734; x_wconf 82' lang='grc' dir='ltr'>κατείργαστο,</span> <span class='ocrx_word' id='word_1_117' title='bbox 1641 1659 1854 1739; x_wconf 77' lang='grc' dir='ltr'>φθάνων</span> 
     </span>
    </p>
   </div>
   <div class='ocr_carea' id='block_1_19' title="bbox 236 1746 1855 1823">
    <p class='ocr_par' dir='ltr' id='par_1_19' title="bbox 236 1746 1855 1823">
     <span class='ocr_line' id='line_1_19' title="bbox 236 1746 1855 1823; baseline 0 -20"><span class='ocrx_word' id='word_1_118' title='bbox 236 1748 510 1823; x_wconf 80' lang='grc' dir='ltr'>ἠμερότητι</span> <span class='ocrx_word' id='word_1_119' title='bbox 558 1748 651 1803; x_wconf 85' lang='grc' dir='ltr'><strong>καῖ</strong></span> <span class='ocrx_word' id='word_1_120' title='bbox 697 1752 776 1820; x_wconf 84' lang='grc' dir='ltr'>τῷ</span> <span class='ocrx_word' id='word_1_121' title='bbox 824 1746 1085 1821; x_wconf 79' lang='grc' dir='ltr'>πεφυκότι</span> <span class='ocrx_word' id='word_1_122' title='bbox 1134 1752 1232 1804; x_wconf 89' lang='grc' dir='ltr'><strong>τοῦ</strong></span> <span class='ocrx_word' id='word_1_123' title='bbox 1285 1748 1478 1819; x_wconf 79' lang='grc' dir='ltr'>σώζειν</span> <span class='ocrx_word' id='word_1_124' title='bbox 1548 1751 1642 1812; x_wconf 75' lang='grc' dir='ltr'><strong>τὰς</strong></span> <span class='ocrx_word' id='word_1_125' title='bbox 1692 1750 1855 1803; x_wconf 65' lang='grc' dir='ltr'>ἀπέν-</span> 
     </span>
    </p>
   </div>
   <div class='ocr_carea' id='block_1_20' title="bbox 233 1835 1933 1942">
    <p class='ocr_par' dir='ltr' id='par_1_20' title="bbox 233 1835 1933 1942">
     <span class='ocr_line' id='line_1_20' title="bbox 233 1835 1933 1942; baseline 0 -50"><span class='ocrx_word' id='word_1_126' title='bbox 233 1859 325 1892; x_wconf 81' lang='grc' dir='ltr'><strong>των</strong></span> <span class='ocrx_word' id='word_1_127' title='bbox 375 1835 584 1908; x_wconf 75' lang='grc' dir='ltr'>δεήσεις</span> <span class='ocrx_word' id='word_1_128' title='bbox 622 1837 682 1891; x_wconf 75' lang='grc' dir='ltr'><strong>’ὀν</strong></span> <span class='ocrx_word' id='word_1_129' title='bbox 731 1841 839 1899; x_wconf 77' lang='grc' dir='ltr'><strong>πᾶς</strong></span> <span class='ocrx_word' id='word_1_130' title='bbox 885 1837 1132 1892; x_wconf 77' lang='grc' dir='ltr'>ὁστισοῦν</span> <span class='ocrx_word' id='word_1_131' title='bbox 1182 1838 1470 1911; x_wconf 77' lang='grc' dir='ltr'>θαυμάζειν</span> <span class='ocrx_word' id='word_1_132' title='bbox 1521 1836 1855 1910; x_wconf 69' lang='grc' dir='ltr'>ἐθέλων,ού-</span> <span class='ocrx_word' id='word_1_133' title='bbox 1886 1877 1933 1942; x_wconf 80' lang='grc' dir='ltr'><strong>Β</strong></span> 
     </span>
     <span class='ocr_line' id='line_1_21' title="bbox 241 1924 1783 1942; baseline 0 0"><span class='ocrx_word' id='word_1_134' title='bbox 241 1924 259 1942; x_wconf 63' lang='grc' dir='ltr'><strong>ε</strong></span> <span class='ocrx_word' id='word_1_135' title='bbox 288 1927 299 1942; x_wconf 83' lang='grc'>.</span> <span class='ocrx_word' id='word_1_136' title='bbox 384 1927 397 1942; x_wconf 90' lang='grc'><em>.</em></span> <span class='ocrx_word' id='word_1_137' title='bbox 568 1931 590 1941; x_wconf 74' lang='lat'><strong>-</strong></span> <span class='ocrx_word' id='word_1_138' title='bbox 712 1928 760 1942; x_wconf 82' lang='lat'><strong>..</strong></span> <span class='ocrx_word' id='word_1_139' title='bbox 956 1926 1028 1942; x_wconf 76' lang='grc' dir='ltr'><strong>..ι</strong></span> <span class='ocrx_word' id='word_1_140' title='bbox 1160 1928 1185 1942; x_wconf 64' lang='grc' dir='ltr'>,ι</span> <span class='ocrx_word' id='word_1_141' title='bbox 1326 1927 1375 1942; x_wconf 76' lang='grc' dir='ltr'><strong>ρ..</strong></span> <span class='ocrx_word' id='word_1_142' title='bbox 1548 1928 1572 1942; x_wconf 60' lang='grc' dir='ltr'>,ς</span> <span class='ocrx_word' id='word_1_143' title='bbox 1667 1928 1681 1942; x_wconf 84' lang='grc'><strong>.</strong></span> <span class='ocrx_word' id='word_1_144' title='bbox 1773 1928 1783 1942; x_wconf 88' lang='grc'><strong><em>.</em></strong></span> 
     </span>
    </p>
   </div>
   <div class='ocr_carea' id='block_1_21' title="bbox 237 1924 1853 1999">
    <p class='ocr_par' dir='ltr' id='par_1_21' title="bbox 237 1924 1853 1999">
     <span class='ocr_line' id='line_1_22' title="bbox 237 1924 1853 1999; baseline 0.001 -18"><span class='ocrx_word' id='word_1_145' title='bbox 237 1924 329 1989; x_wconf 80' lang='grc' dir='ltr'>δεῖς</span> <span class='ocrx_word' id='word_1_146' title='bbox 378 1927 627 1982; x_wconf 80' lang='grc' dir='ltr'>ὁστισοῦν</span> <span class='ocrx_word' id='word_1_147' title='bbox 677 1928 796 1989; x_wconf 84' lang='grc' dir='ltr'>οἷός</span> <span class='ocrx_word' id='word_1_148' title='bbox 840 1947 897 1981; x_wconf 87' lang='grc' dir='ltr'><strong>τε</strong></span> <span class='ocrx_word' id='word_1_149' title='bbox 946 1926 1108 1997; x_wconf 82' lang='grc' dir='ltr'>ἀξίως</span> <span class='ocrx_word' id='word_1_150' title='bbox 1159 1927 1480 1999; x_wconf 72' lang='grc' dir='ltr'>θαυμάζειν,</span> <span class='ocrx_word' id='word_1_151' title='bbox 1510 1928 1606 1981; x_wconf 69' lang='grc' dir='ltr'><strong>κᾶν</strong></span> <span class='ocrx_word' id='word_1_152' title='bbox 1638 1928 1684 1981; x_wconf 83' lang='grc' dir='ltr'><strong>εἰ</strong></span> <span class='ocrx_word' id='word_1_153' title='bbox 1714 1928 1853 1983; x_wconf 77' lang='grc' dir='ltr'>παν-</span> 
     </span>
    </p>
   </div>
   <div class='ocr_carea' id='block_1_22' title="bbox 229 2014 1853 2091">
    <p class='ocr_par' dir='ltr' id='par_1_22' title="bbox 229 2014 1853 2091">
     <span class='ocr_line' id='line_1_23' title="bbox 229 2014 1853 2091; baseline 0 -20"><span class='ocrx_word' id='word_1_154' title='bbox 229 2038 302 2079; x_wconf 89' lang='grc' dir='ltr'><strong>τες</strong></span> <span class='ocrx_word' id='word_1_155' title='bbox 344 2014 619 2091; x_wconf 75' lang='grc' dir='ltr'>ἅοθρωποι</span> <span class='ocrx_word' id='word_1_156' title='bbox 673 2015 842 2071; x_wconf 83' lang='grc' dir='ltr'>πάντα</span> <span class='ocrx_word' id='word_1_157' title='bbox 878 2021 1085 2070; x_wconf 84' lang='grc' dir='ltr'>ποιοῖεν</span> <span class='ocrx_word' id='word_1_158' title='bbox 1137 2014 1389 2091; x_wconf 74' lang='grc' dir='ltr'>λέγοντες</span> <span class='ocrx_word' id='word_1_159' title='bbox 1417 2036 1429 2047; x_wconf 87' lang='lat'><strong>&#39;</strong></span> <span class='ocrx_word' id='word_1_160' title='bbox 1458 2014 1583 2071; x_wconf 85' lang='grc' dir='ltr'>ἀλλ’</span> <span class='ocrx_word' id='word_1_161' title='bbox 1618 2018 1758 2090; x_wconf 83' lang='grc' dir='ltr'>ὁμοῦ</span> <span class='ocrx_word' id='word_1_162' title='bbox 1796 2038 1853 2071; x_wconf 91' lang='grc' dir='ltr'><strong>τε</strong></span> 
     </span>
    </p>
   </div>
   <div class='ocr_carea' id='block_1_23' title="bbox 229 2101 1850 2184">
    <p class='ocr_par' dir='ltr' id='par_1_23' title="bbox 229 2101 1850 2184">
     <span class='ocr_line' id='line_1_24' title="bbox 229 2101 1850 2184; baseline -0.009 -21"><span class='ocrx_word' id='word_1_163' title='bbox 229 2105 540 2184; x_wconf 73' lang='grc' dir='ltr'>ἐγχειροῦσι,</span> <span class='ocrx_word' id='word_1_164' title='bbox 574 2106 669 2159; x_wconf 79' lang='grc' dir='ltr'>καὶ</span> <span class='ocrx_word' id='word_1_165' title='bbox 722 2104 868 2181; x_wconf 77' lang='grc' dir='ltr'>παρὰ</span> <span class='ocrx_word' id='word_1_166' title='bbox 920 2103 1090 2177; x_wconf 77' lang='grc' dir='ltr'>μέλος</span> <span class='ocrx_word' id='word_1_167' title='bbox 1136 2101 1381 2175; x_wconf 81' lang='grc' dir='ltr'>ᾅδοντες,</span> <span class='ocrx_word' id='word_1_168' title='bbox 1431 2104 1585 2167; x_wconf 78' lang='grc' dir='ltr'>εὐθὺς</span> <span class='ocrx_word' id='word_1_169' title='bbox 1643 2103 1850 2181; x_wconf 75' lang='grc' dir='ltr'><strong>ἐξελέγ-</strong></span> 
     </span>
    </p>
   </div>
   <div class='ocr_carea' id='block_1_24' title="bbox 228 2193 1848 2275">
    <p class='ocr_par' dir='ltr' id='par_1_24' title="bbox 228 2193 1848 2275">
     <span class='ocr_line' id='line_1_25' title="bbox 228 2193 1848 2275; baseline 0 -27"><span class='ocrx_word' id='word_1_170' title='bbox 228 2216 399 2275; x_wconf 83' lang='grc' dir='ltr'>χονται</span> <span class='ocrx_word' id='word_1_171' title='bbox 433 2197 535 2250; x_wconf 85' lang='grc' dir='ltr'>ὑπὸ</span> <span class='ocrx_word' id='word_1_172' title='bbox 565 2202 670 2264; x_wconf 72' lang='grc' dir='ltr'>τῆς</span> <span class='ocrx_word' id='word_1_173' title='bbox 700 2194 896 2250; x_wconf 85' lang='grc' dir='ltr'>τούτου</span> <span class='ocrx_word' id='word_1_174' title='bbox 940 2195 1079 2268; x_wconf 86' lang='grc' dir='ltr'>πρὸς</span> <span class='ocrx_word' id='word_1_175' title='bbox 1132 2198 1301 2248; x_wconf 77' lang='grc' dir='ltr'>πᾶσαν</span> <span class='ocrx_word' id='word_1_176' title='bbox 1353 2194 1545 2268; x_wconf 80' lang='grc' dir='ltr'>ἀρετὴν</span> <span class='ocrx_word' id='word_1_177' title='bbox 1578 2193 1848 2264; x_wconf 84' lang='grc' dir='ltr'>ἀληθινῆς</span> 
     </span>
    </p>
   </div>
   <div class='ocr_carea' id='block_1_25' title="bbox 227 2281 1848 2360">
    <p class='ocr_par' dir='ltr' id='par_1_25' title="bbox 227 2281 1848 2360">
     <span class='ocr_line' id='line_1_26' title="bbox 227 2281 1848 2360; baseline -0.001 -22"><span class='ocrx_word' id='word_1_178' title='bbox 227 2284 463 2359; x_wconf 68' lang='grc' dir='ltr'>ἁρμονίας</span> <span class='ocrx_word' id='word_1_179' title='bbox 524 2284 662 2358; x_wconf 76' lang='grc' dir='ltr'>ὑπὲρ</span> <span class='ocrx_word' id='word_1_180' title='bbox 719 2284 782 2351; x_wconf 76' lang='grc' dir='ltr'>ἣν</span> <span class='ocrx_word' id='word_1_181' title='bbox 837 2282 895 2337; x_wconf 73' lang='grc' dir='ltr'><strong>ἂν</strong></span> <span class='ocrx_word' id='word_1_182' title='bbox 942 2283 1031 2337; x_wconf 83' lang='grc' dir='ltr'><strong>καὶ</strong></span> <span class='ocrx_word' id='word_1_183' title='bbox 1072 2281 1177 2360; x_wconf 74' lang='grc' dir='ltr'><strong>φῇς</strong></span> <span class='ocrx_word' id='word_1_184' title='bbox 1213 2284 1479 2356; x_wconf 73' lang='grc' dir='ltr'>μουσικήν</span> <span class='ocrx_word' id='word_1_185' title='bbox 1504 2300 1517 2313; x_wconf 73' lang='grc'>⁸</span> <span class='ocrx_word' id='word_1_186' title='bbox 1556 2282 1767 2355; x_wconf 84' lang='grc' dir='ltr'>μᾶλλον</span> <span class='ocrx_word' id='word_1_187' title='bbox 1802 2281 1848 2337; x_wconf 89' lang='grc' dir='ltr'>δ’</span> 
     </span>
    </p>
   </div>
   <div class='ocr_carea' id='block_1_26' title="bbox 225 2371 1843 2448">
    <p class='ocr_par' dir='ltr' id='par_1_26' title="bbox 225 2371 1843 2448">
     <span class='ocr_line' id='line_1_27' title="bbox 225 2371 1843 2448; baseline 0 -20"><span class='ocrx_word' id='word_1_188' title='bbox 225 2376 358 2430; x_wconf 80' lang='grc' dir='ltr'>αὐτοί</span> <span class='ocrx_word' id='word_1_189' title='bbox 414 2394 471 2429; x_wconf 81' lang='grc' dir='ltr'><strong>τε</strong></span> <span class='ocrx_word' id='word_1_190' title='bbox 509 2375 575 2429; x_wconf 80' lang='grc' dir='ltr'><strong>τὰ</strong></span> <span class='ocrx_word' id='word_1_191' title='bbox 636 2373 821 2428; x_wconf 78' lang='grc' dir='ltr'>εἰκότα</span> <span class='ocrx_word' id='word_1_192' title='bbox 879 2372 1174 2448; x_wconf 71' lang='grc' dir='ltr'>πάσχουσι,</span> <span class='ocrx_word' id='word_1_193' title='bbox 1207 2372 1357 2427; x_wconf 82' lang='grc' dir='ltr'>κάτω</span> <span class='ocrx_word' id='word_1_194' title='bbox 1411 2371 1717 2434; x_wconf 87' lang='grc' dir='ltr'>πίπτοντες,</span> <span class='ocrx_word' id='word_1_195' title='bbox 1748 2374 1843 2428; x_wconf 82' lang='grc' dir='ltr'>Καὶ</span> 
     </span>
    </p>
   </div>
   <div class='ocr_carea' id='block_1_27' title="bbox 222 2459 1845 2535">
    <p class='ocr_par' dir='ltr' id='par_1_27' title="bbox 222 2459 1845 2535">
     <span class='ocr_line' id='line_1_28' title="bbox 222 2459 1845 2535; baseline -0.001 -18"><span class='ocrx_word' id='word_1_196' title='bbox 222 2468 390 2519; x_wconf 78' lang='grc' dir='ltr'>τοῦτον</span> <span class='ocrx_word' id='word_1_197' title='bbox 419 2465 481 2517; x_wconf 73' lang='grc' dir='ltr'>ἒκ</span> <span class='ocrx_word' id='word_1_198' title='bbox 526 2467 638 2518; x_wconf 82' lang='grc' dir='ltr'>τῶν</span> <span class='ocrx_word' id='word_1_199' title='bbox 688 2462 865 2517; x_wconf 80' lang='grc' dir='ltr'>αὐτῶν</span> <span class='ocrx_word' id='word_1_200' title='bbox 892 2462 1109 2527; x_wconf 57' lang='grc' dir='ltr'>,τούτων</span> <span class='ocrx_word' id='word_1_201' title='bbox 1135 2482 1145 2493; x_wconf 92' lang='grc'>·</span> <span class='ocrx_word' id='word_1_202' title='bbox 1191 2459 1380 2523; x_wconf 78' lang='grc' dir='ltr'>ἄλλως</span> <span class='ocrx_word' id='word_1_203' title='bbox 1411 2466 1697 2535; x_wconf 85' lang='grc' dir='ltr'>κοσμοῦσι,</span> <span class='ocrx_word' id='word_1_204' title='bbox 1729 2467 1845 2535; x_wconf 88' lang='grc' dir='ltr'>μεῖ-</span> 
     </span>
    </p>
   </div>
   <div class='ocr_carea' id='block_1_28' title="bbox 224 2548 1844 2629">
    <p class='ocr_par' dir='ltr' id='par_1_28' title="bbox 224 2548 1844 2629">
     <span class='ocr_line' id='line_1_29' title="bbox 224 2548 1844 2629; baseline -0.001 -22"><span class='ocrx_word' id='word_1_205' title='bbox 224 2561 297 2622; x_wconf 78' lang='grc' dir='ltr'>ζον</span> <span class='ocrx_word' id='word_1_206' title='bbox 353 2552 650 2614; x_wconf 84' lang='grc' dir='ltr'>δεικνύντες</span> <span class='ocrx_word' id='word_1_207' title='bbox 721 2549 898 2629; x_wconf 83' lang='grc' dir='ltr'>λόγου</span> <span class='ocrx_word' id='word_1_208' title='bbox 970 2552 1031 2606; x_wconf 83' lang='grc' dir='ltr'>τὸ</span> <span class='ocrx_word' id='word_1_209' title='bbox 1091 2553 1207 2606; x_wconf 87' lang='grc' dir='ltr'>κατ’</span> <span class='ocrx_word' id='word_1_210' title='bbox 1273 2548 1453 2606; x_wconf 79' lang='grc' dir='ltr'>αὒτόν.</span> <span class='ocrx_word' id='word_1_211' title='bbox 1511 2551 1693 2613; x_wconf 88' lang='grc' dir='ltr'>Μόνος</span> <span class='ocrx_word' id='word_1_212' title='bbox 1741 2552 1844 2628; x_wconf 83' lang='grc' dir='ltr'><strong>γὰρ</strong></span> 
     </span>
    </p>
   </div>
   <div class='ocr_carea' id='block_1_29' title="bbox 220 2638 1841 2717">
    <p class='ocr_par' dir='ltr' id='par_1_29' title="bbox 220 2638 1841 2717">
     <span class='ocr_line' id='line_1_30' title="bbox 220 2638 1841 2717; baseline 0 -23"><span class='ocrx_word' id='word_1_213' title='bbox 220 2643 459 2717; x_wconf 78' lang='grc' dir='ltr'>ἀποχρῶν</span> <span class='ocrx_word' id='word_1_214' title='bbox 507 2641 716 2715; x_wconf 83' lang='grc' dir='ltr'>κόσμος</span> <span class='ocrx_word' id='word_1_215' title='bbox 766 2641 929 2704; x_wconf 78' lang='grc' dir='ltr'>αὐτὸς</span> <span class='ocrx_word' id='word_1_216' title='bbox 981 2645 1174 2712; x_wconf 70' lang='grc' dir='ltr'>ἑαυτῷ,</span> <span class='ocrx_word' id='word_1_217' title='bbox 1207 2642 1294 2695; x_wconf 84' lang='grc' dir='ltr'><strong>καὶ</strong></span> <span class='ocrx_word' id='word_1_218' title='bbox 1350 2642 1518 2713; x_wconf 88' lang='grc' dir='ltr'>μόνος</span> <span class='ocrx_word' id='word_1_219' title='bbox 1557 2638 1616 2695; x_wconf 77' lang='grc' dir='ltr'><strong>ἃν</strong></span> <span class='ocrx_word' id='word_1_220' title='bbox 1646 2640 1691 2695; x_wconf 86' lang='grc' dir='ltr'><strong>εἰ</strong></span> <span class='ocrx_word' id='word_1_221' title='bbox 1725 2641 1841 2696; x_wconf 81' lang='grc' dir='ltr'>οἷόν</span> 
     </span>
    </p>
   </div>
   <div class='ocr_carea' id='block_1_30' title="bbox 218 2727 1841 2805">
    <p class='ocr_par' dir='ltr' id='par_1_30' title="bbox 218 2727 1841 2805">
     <span class='ocr_line' id='line_1_31' title="bbox 218 2727 1841 2805; baseline 0.001 -22"><span class='ocrx_word' id='word_1_222' title='bbox 218 2733 257 2783; x_wconf 82' lang='grc' dir='ltr'>τ’</span> <span class='ocrx_word' id='word_1_223' title='bbox 303 2732 387 2800; x_wconf 82' lang='grc' dir='ltr'><strong>ἧν,</strong></span> <span class='ocrx_word' id='word_1_224' title='bbox 441 2738 540 2800; x_wconf 83' lang='grc' dir='ltr'><strong>τῆς</strong></span> <span class='ocrx_word' id='word_1_225' title='bbox 605 2730 766 2786; x_wconf 80' lang='grc' dir='ltr'>αὐτὸς</span> <span class='ocrx_word' id='word_1_226' title='bbox 836 2730 1003 2785; x_wconf 76' lang='grc' dir='ltr'>αὐτοῦ</span> <span class='ocrx_word' id='word_1_227' title='bbox 1071 2729 1325 2804; x_wconf 86' lang='grc' dir='ltr'>γλώττης</span> <span class='ocrx_word' id='word_1_228' title='bbox 1383 2729 1546 2805; x_wconf 89' lang='grc' dir='ltr'>τύχοι</span> <span class='ocrx_word' id='word_1_229' title='bbox 1598 2727 1841 2799; x_wconf 79' lang='grc' dir='ltr'>δικαίως,</span> 
     </span>
    </p>
   </div>
   <div class='ocr_carea' id='block_1_31' title="bbox 216 2819 1842 2899">
    <p class='ocr_par' dir='ltr' id='par_1_31' title="bbox 216 2819 1842 2899">
     <span class='ocr_line' id='line_1_32' title="bbox 216 2819 1842 2899; baseline 0.001 -26"><span class='ocrx_word' id='word_1_230' title='bbox 216 2828 300 2888; x_wconf 77' lang='grc' dir='ltr'><strong>τῆς</strong></span> <span class='ocrx_word' id='word_1_231' title='bbox 356 2821 657 2899; x_wconf 70' lang='grc' dir='ltr'>ὑπερφυοῦς</span> <span class='ocrx_word' id='word_1_232' title='bbox 731 2820 820 2874; x_wconf 85' lang='grc' dir='ltr'><strong>καὶ</strong></span> <span class='ocrx_word' id='word_1_233' title='bbox 898 2819 1142 2895; x_wconf 83' lang='grc' dir='ltr'>ἀμάχου,</span> <span class='ocrx_word' id='word_1_234' title='bbox 1198 2820 1287 2873; x_wconf 72' lang='grc' dir='ltr'>καὶ</span> <span class='ocrx_word' id='word_1_235' title='bbox 1345 2820 1617 2896; x_wconf 84' lang='grc' dir='ltr'>λογισμὸν</span> <span class='ocrx_word' id='word_1_236' title='bbox 1676 2822 1842 2874; x_wconf 78' lang='grc' dir='ltr'>πάντα</span> 
     </span>
    </p>
   </div>
   <div class='ocr_carea' id='block_1_32' title="bbox 216 2906 1839 2985">
    <p class='ocr_par' dir='ltr' id='par_1_32' title="bbox 216 2906 1839 2985">
     <span class='ocr_line' id='line_1_33' title="bbox 216 2906 1839 2985; baseline 0 -23"><span class='ocrx_word' id='word_1_237' title='bbox 216 2911 428 2980; x_wconf 76' lang='grc' dir='ltr'>νικώσης</span> <span class='ocrx_word' id='word_1_238' title='bbox 477 2910 701 2985; x_wconf 74' lang='grc' dir='ltr'>ἀσχέτῳ</span> <span class='ocrx_word' id='word_1_239' title='bbox 739 2910 827 2963; x_wconf 74' lang='grc' dir='ltr'><strong>καὶ</strong></span> <span class='ocrx_word' id='word_1_240' title='bbox 887 2909 1257 2984; x_wconf 63' lang='grc' dir='ltr'>κεχαρισμένη</span> <span class='ocrx_word' id='word_1_241' title='bbox 1306 2913 1481 2985; x_wconf 80' lang='grc' dir='ltr'>φορᾷ⁶</span> <span class='ocrx_word' id='word_1_242' title='bbox 1535 2910 1608 2969; x_wconf 86' lang='grc' dir='ltr'><strong>ὡς</strong></span> <span class='ocrx_word' id='word_1_243' title='bbox 1664 2906 1839 2964; x_wconf 82' lang='grc' dir='ltr'>δοκεῖν</span> 
     </span>
    </p>
   </div>
   <div class='ocr_carea' id='block_1_33' title="bbox 216 2995 1840 3074">
    <p class='ocr_par' dir='ltr' id='par_1_33' title="bbox 216 2995 1840 3074">
     <span class='ocr_line' id='line_1_34' title="bbox 216 2995 1840 3074; baseline 0.001 -22"><span class='ocrx_word' id='word_1_244' title='bbox 216 3001 509 3074; x_wconf 71' lang='grc' dir='ltr'>ἀστράπτειν</span> <span class='ocrx_word' id='word_1_245' title='bbox 568 3021 630 3054; x_wconf 87' lang='grc' dir='ltr'><strong>τε</strong></span> <span class='ocrx_word' id='word_1_246' title='bbox 701 3000 791 3054; x_wconf 81' lang='grc' dir='ltr'><strong>καὶ</strong></span> <span class='ocrx_word' id='word_1_247' title='bbox 873 3000 1100 3073; x_wconf 77' lang='grc' dir='ltr'>βροντᾷν</span> <span class='ocrx_word' id='word_1_248' title='bbox 1157 2995 1598 3073; x_wconf 85' lang='grc' dir='ltr'>δημηγοροῦντα,</span> <span class='ocrx_word' id='word_1_249' title='bbox 1659 2999 1693 3067; x_wconf 67' lang='grc' dir='ltr'><strong>ἢ</strong></span> <span class='ocrx_word' id='word_1_250' title='bbox 1751 2999 1840 3053; x_wconf 78' lang='grc' dir='ltr'><strong>καὶ</strong></span> 
     </span>
    </p>
   </div>
   <div class='ocr_carea' id='block_1_34' title="bbox 215 3083 1843 3164">
    <p class='ocr_par' dir='ltr' id='par_1_34' title="bbox 215 3083 1843 3164">
     <span class='ocr_line' id='line_1_35' title="bbox 215 3083 1843 3164; baseline -0.001 -21"><span class='ocrx_word' id='word_1_251' title='bbox 215 3083 445 3162; x_wconf 72' lang='grc' dir='ltr'>πρέσϐεσι</span> <span class='ocrx_word' id='word_1_252' title='bbox 493 3089 952 3164; x_wconf 76' lang='grc' dir='ltr'>χρηματίζοντα⁴</span> <span class='ocrx_word' id='word_1_253' title='bbox 1001 3086 1260 3142; x_wconf 84' lang='grc' dir='ltr'>τοσοῦτόν</span> <span class='ocrx_word' id='word_1_254' title='bbox 1326 3084 1457 3142; x_wconf 79' lang='grc' dir='ltr'>ἐστι.</span> <span class='ocrx_word' id='word_1_255' title='bbox 1511 3086 1587 3141; x_wconf 72' lang='grc' dir='ltr'>Σὺ</span> <span class='ocrx_word' id='word_1_256' title='bbox 1641 3083 1687 3141; x_wconf 86' lang='grc' dir='ltr'>δ’</span> <span class='ocrx_word' id='word_1_257' title='bbox 1734 3086 1843 3164; x_wconf 79' lang='grc' dir='ltr'>οὐχ</span> 
     </span>
    </p>
   </div>
   <div class='ocr_carea' id='block_1_35' title="bbox 214 3173 1837 3257">
    <p class='ocr_par' dir='ltr' id='par_1_35' title="bbox 214 3173 1837 3257">
     <span class='ocr_line' id='line_1_36' title="bbox 214 3173 1837 3257; baseline 0 -26"><span class='ocrx_word' id='word_1_258' title='bbox 214 3180 284 3241; x_wconf 76' lang='grc' dir='ltr'>οἷς</span> <span class='ocrx_word' id='word_1_259' title='bbox 333 3173 459 3257; x_wconf 74' lang='grc' dir='ltr'>ἔφην</span> <span class='ocrx_word' id='word_1_260' title='bbox 513 3177 682 3250; x_wconf 83' lang='grc' dir='ltr'>μόνον</span> <span class='ocrx_word' id='word_1_261' title='bbox 754 3177 997 3251; x_wconf 80' lang='grc' dir='ltr'>χρηστὸς</span> <span class='ocrx_word' id='word_1_262' title='bbox 1067 3176 1142 3239; x_wconf 84' lang='grc' dir='ltr'>εἷς</span> <span class='ocrx_word' id='word_1_263' title='bbox 1209 3178 1380 3248; x_wconf 81' lang='grc' dir='ltr'>ἡμᾶς,</span> <span class='ocrx_word' id='word_1_264' title='bbox 1442 3173 1558 3229; x_wconf 79' lang='grc' dir='ltr'>οὐδ’</span> <span class='ocrx_word' id='word_1_265' title='bbox 1615 3175 1837 3231; x_wconf 78' lang='grc' dir='ltr'>ἐνταῦθα</span> 
     </span>
    </p>
   </div>
   <div class='ocr_carea' id='block_1_36' title="bbox 213 3262 1835 3342">
    <p class='ocr_par' dir='ltr' id='par_1_36' title="bbox 213 3262 1835 3342">
     <span class='ocr_line' id='line_1_37' title="bbox 213 3262 1835 3342; baseline -0.001 -21"><span class='ocrx_word' id='word_1_266' title='bbox 213 3268 420 3341; x_wconf 81' lang='grc' dir='ltr'>περάνας</span> <span class='ocrx_word' id='word_1_267' title='bbox 460 3262 613 3342; x_wconf 79' lang='grc' dir='ltr'>ἔχεις</span> <span class='ocrx_word' id='word_1_268' title='bbox 644 3286 653 3298; x_wconf 91' lang='grc'><strong>·</strong></span> <span class='ocrx_word' id='word_1_269' title='bbox 687 3265 833 3321; x_wconf 79' lang='grc' dir='ltr'>ἀλλὰ</span> <span class='ocrx_word' id='word_1_270' title='bbox 863 3265 951 3321; x_wconf 81' lang='grc' dir='ltr'>καὶ</span> <span class='ocrx_word' id='word_1_271' title='bbox 984 3267 1070 3325; x_wconf 85' lang='grc' dir='ltr'>οἷς</span> <span class='ocrx_word' id='word_1_272' title='bbox 1102 3262 1267 3319; x_wconf 73' lang='grc' dir='ltr'>ἔπειτ’</span> <span class='ocrx_word' id='word_1_273' title='bbox 1300 3262 1395 3338; x_wconf 79' lang='grc' dir='ltr'>ἔσῃ</span> <span class='ocrx_word' id='word_1_274' title='bbox 1444 3263 1649 3337; x_wconf 84' lang='grc' dir='ltr'>πολλῷ</span> <span class='ocrx_word' id='word_1_275' title='bbox 1696 3286 1835 3341; x_wconf 89' lang='grc' dir='ltr'>προ-</span> 
     </span>
    </p>
   </div>
   <div class='ocr_carea' id='block_1_37' title="bbox 220 3351 1835 3430">
    <p class='ocr_par' dir='ltr' id='par_1_37' title="bbox 220 3351 1835 3430">
     <span class='ocr_line' id='line_1_38' title="bbox 220 3351 1835 3430; baseline 0.002 -23"><span class='ocrx_word' id='word_1_276' title='bbox 220 3357 492 3430; x_wconf 81' lang='grc' dir='ltr'>θυμότερος</span> <span class='ocrx_word' id='word_1_277' title='bbox 573 3355 663 3410; x_wconf 76' lang='grc' dir='ltr'><strong>καὶ</strong></span> <span class='ocrx_word' id='word_1_278' title='bbox 744 3354 1005 3429; x_wconf 87' lang='grc' dir='ltr'>ἀμείνων.</span> <span class='ocrx_word' id='word_1_279' title='bbox 1070 3355 1376 3428; x_wconf 79' lang='grc' dir='ltr'>Προσθήσω</span> <span class='ocrx_word' id='word_1_280' title='bbox 1462 3351 1506 3408; x_wconf 88' lang='grc' dir='ltr'>δ’</span> <span class='ocrx_word' id='word_1_281' title='bbox 1580 3354 1662 3408; x_wconf 81' lang='grc' dir='ltr'>ὅτι</span> <span class='ocrx_word' id='word_1_282' title='bbox 1746 3356 1835 3410; x_wconf 81' lang='grc' dir='ltr'><strong>καὶ</strong></span> 
     </span>
    </p>
   </div>
   <div class='ocr_carea' id='block_1_38' title="bbox 217 3441 1835 3519">
    <p class='ocr_par' dir='ltr' id='par_1_38' title="bbox 217 3441 1835 3519">
     <span class='ocr_line' id='line_1_39' title="bbox 217 3441 1835 3519; baseline 0 -20"><span class='ocrx_word' id='word_1_283' title='bbox 217 3444 322 3500; x_wconf 69' lang='grc' dir='ltr'>οὐδὲ</span> <span class='ocrx_word' id='word_1_284' title='bbox 373 3445 596 3519; x_wconf 77' lang='grc' dir='ltr'>λήξεις·</span> <span class='ocrx_word' id='word_1_285' title='bbox 656 3443 804 3499; x_wconf 80' lang='grc' dir='ltr'>ἀλλὰ</span> <span class='ocrx_word' id='word_1_286' title='bbox 856 3444 944 3498; x_wconf 75' lang='grc' dir='ltr'><strong>καὶ</strong></span> <span class='ocrx_word' id='word_1_287' title='bbox 1020 3448 1128 3499; x_wconf 83' lang='grc' dir='ltr'><strong>τῶν</strong></span> <span class='ocrx_word' id='word_1_288' title='bbox 1197 3441 1458 3518; x_wconf 72' lang='grc' dir='ltr'>δευτέρων</span> <span class='ocrx_word' id='word_1_289' title='bbox 1537 3444 1835 3518; x_wconf 87' lang='grc' dir='ltr'>ἀμεινόνων</span> 
     </span>
    </p>
   </div>
   <div class='ocr_carea' id='block_1_39' title="bbox 216 3530 1839 3608">
    <p class='ocr_par' dir='ltr' id='par_1_39' title="bbox 216 3530 1839 3608">
     <span class='ocr_line' id='line_1_40' title="bbox 216 3530 1839 3608; baseline -0.001 -21"><span class='ocrx_word' id='word_1_290' title='bbox 216 3534 334 3588; x_wconf 81' lang='grc' dir='ltr'>ἐσαεὶ</span> <span class='ocrx_word' id='word_1_291' title='bbox 393 3533 574 3606; x_wconf 70' lang='grc' dir='ltr'>λέγειν</span> <span class='ocrx_word' id='word_1_292' title='bbox 627 3530 775 3588; x_wconf 76' lang='grc' dir='ltr'>ἔσται</span> <span class='ocrx_word' id='word_1_293' title='bbox 827 3552 959 3606; x_wconf 90' lang='grc' dir='ltr'>μοι·</span> <span class='ocrx_word' id='word_1_294' title='bbox 996 3532 1085 3586; x_wconf 79' lang='grc' dir='ltr'><strong>καὶ</strong></span> <span class='ocrx_word' id='word_1_295' title='bbox 1134 3530 1352 3594; x_wconf 88' lang='grc' dir='ltr'>τούτοις</span> <span class='ocrx_word' id='word_1_296' title='bbox 1394 3535 1512 3595; x_wconf 80' lang='grc' dir='ltr'><strong>πῶς</strong></span> <span class='ocrx_word' id='word_1_297' title='bbox 1551 3530 1655 3586; x_wconf 80' lang='grc' dir='ltr'><strong>οἷέι</strong></span> <span class='ocrx_word' id='word_1_298' title='bbox 1698 3552 1839 3608; x_wconf 86' lang='grc' dir='ltr'>χρη-</span> 
     </span>
    </p>
   </div>
   <div class='ocr_carea' id='block_1_40' title="bbox 214 3618 1839 3699">
    <p class='ocr_par' dir='ltr' id='par_1_40' title="bbox 214 3618 1839 3699">
     <span class='ocr_line' id='line_1_41' title="bbox 214 3618 1839 3699; baseline -0.001 -21"><span class='ocrx_word' id='word_1_299' title='bbox 214 3624 357 3687; x_wconf 75' lang='grc' dir='ltr'>στός·</span> <span class='ocrx_word' id='word_1_300' title='bbox 418 3624 757 3699; x_wconf 76' lang='grc' dir='ltr'>μαντεύομαι</span> <span class='ocrx_word' id='word_1_301' title='bbox 805 3624 908 3697; x_wconf 80' lang='grc' dir='ltr'><strong>γὰρ</strong></span> <span class='ocrx_word' id='word_1_302' title='bbox 960 3624 1057 3692; x_wconf 75' lang='grc' dir='ltr'>τήν</span> <span class='ocrx_word' id='word_1_303' title='bbox 1099 3641 1156 3675; x_wconf 82' lang='lat' dir='ltr'><strong>us</strong></span> <span class='ocrx_word' id='word_1_304' title='bbox 1206 3621 1303 3690; x_wconf 76' lang='grc' dir='ltr'>σὴν</span> <span class='ocrx_word' id='word_1_305' title='bbox 1354 3621 1509 3699; x_wconf 86' lang='grc' dir='ltr'>φύσιν</span> <span class='ocrx_word' id='word_1_306' title='bbox 1565 3618 1725 3683; x_wconf 76' lang='grc' dir='ltr'>εἰδὼς</span> <span class='ocrx_word' id='word_1_307' title='bbox 1771 3622 1839 3677; x_wconf 77' lang='grc' dir='ltr'>τὰ</span> 
     </span>
    </p>
   </div>
   <div class='ocr_carea' id='block_1_41' title="bbox 211 3705 1836 3789">
    <p class='ocr_par' dir='ltr' id='par_1_41' title="bbox 211 3705 1836 3789">
     <span class='ocr_line' id='line_1_42' title="bbox 211 3705 1836 3789; baseline -0.001 -23"><span class='ocrx_word' id='word_1_308' title='bbox 211 3718 408 3769; x_wconf 80' lang='grc' dir='ltr'>τοιαῦτα</span> <span class='ocrx_word' id='word_1_309' title='bbox 457 3714 792 3789; x_wconf 81' lang='grc' dir='ltr'>χαίρουσαν·</span> <span class='ocrx_word' id='word_1_310' title='bbox 844 3712 934 3766; x_wconf 80' lang='grc' dir='ltr'><strong>καὶ</strong></span> <span class='ocrx_word' id='word_1_311' title='bbox 984 3710 1065 3765; x_wconf 81' lang='grc' dir='ltr'><strong>ὅτι</strong></span> <span class='ocrx_word' id='word_1_312' title='bbox 1120 3731 1224 3784; x_wconf 86' lang='grc' dir='ltr'><strong>μου</strong></span> <span class='ocrx_word' id='word_1_313' title='bbox 1300 3705 1646 3784; x_wconf 76' lang='grc' dir='ltr'>μεμνημένος</span> <span class='ocrx_word' id='word_1_314' title='bbox 1718 3708 1836 3765; x_wconf 87' lang='grc' dir='ltr'>δια-</span> 
     </span>
    </p>
   </div>
   <div class='ocr_carea' id='block_1_42' title="bbox 211 3799 1830 3878">
    <p class='ocr_par' dir='ltr' id='par_1_42' title="bbox 211 3799 1830 3878">
     <span class='ocr_line' id='line_1_43' title="bbox 211 3799 1830 3878; baseline 0 -21"><span class='ocrx_word' id='word_1_315' title='bbox 211 3806 385 3876; x_wconf 79' lang='grc' dir='ltr'>τελεῖς,</span> <span class='ocrx_word' id='word_1_316' title='bbox 437 3804 575 3878; x_wconf 80' lang='grc' dir='ltr'>ἐμοῦ</span> <span class='ocrx_word' id='word_1_317' title='bbox 637 3804 731 3878; x_wconf 74' lang='grc' dir='ltr'>μὲν</span> <span class='ocrx_word' id='word_1_318' title='bbox 774 3800 928 3858; x_wconf 70' lang='grc' dir='ltr'>οὐδὲν</span> <span class='ocrx_word' id='word_1_319' title='bbox 985 3802 1158 3871; x_wconf 79' lang='grc' dir='ltr'>ὄντος,</span> <span class='ocrx_word' id='word_1_320' title='bbox 1219 3803 1295 3863; x_wconf 84' lang='grc' dir='ltr'>ὡς</span> <span class='ocrx_word' id='word_1_321' title='bbox 1369 3801 1596 3864; x_wconf 71' lang='grc' dir='ltr'>ἅπαντες</span> <span class='ocrx_word' id='word_1_322' title='bbox 1642 3799 1830 3857; x_wconf 57' lang='grc' dir='ltr'>’ίσασν</span> 
     </span>
    </p>
   </div>
   <div class='ocr_carea' id='block_1_43' title="bbox 212 3890 1829 3972">
    <p class='ocr_par' dir='ltr' id='par_1_43' title="bbox 212 3890 1829 3972">
     <span class='ocr_line' id='line_1_44' title="bbox 212 3890 1829 3972; baseline -0.006 -16"><span class='ocrx_word' id='word_1_323' title='bbox 212 3894 281 3956; x_wconf 79' lang='grc' dir='ltr'><strong>τίς</strong></span> <span class='ocrx_word' id='word_1_324' title='bbox 315 3896 409 3972; x_wconf 72' lang='grc' dir='ltr'><strong>γὰρ</strong></span> <span class='ocrx_word' id='word_1_325' title='bbox 459 3899 819 3969; x_wconf 80' lang='grc' dir='ltr'>Μαρωνειτῶν</span> <span class='ocrx_word' id='word_1_326' title='bbox 870 3893 959 3947; x_wconf 83' lang='grc' dir='ltr'><strong>καὶ</strong></span> <span class='ocrx_word' id='word_1_327' title='bbox 1033 3892 1263 3970; x_wconf 77' lang='grc' dir='ltr'>Σιφνίων</span> <span class='ocrx_word' id='word_1_328' title='bbox 1316 3894 1572 3966; x_wconf 76' lang='grc' dir='ltr'>Ἀθήνῃσι</span> <span class='ocrx_word' id='word_1_329' title='bbox 1621 3890 1829 3969; x_wconf 88' lang='grc' dir='ltr'>λόγος;</span> 
     </span>
    </p>
   </div>
   <div class='ocr_carea' id='block_1_44' title="bbox 210 3979 1831 4058">
    <p class='ocr_par' dir='ltr' id='par_1_44' title="bbox 210 3979 1831 4058">
     <span class='ocr_line' id='line_1_45' title="bbox 210 3979 1831 4058; baseline -0.001 -22"><span class='ocrx_word' id='word_1_330' title='bbox 210 3982 318 4039; x_wconf 81' lang='grc' dir='ltr'>ἀλλ’</span> <span class='ocrx_word' id='word_1_331' title='bbox 346 3983 557 4039; x_wconf 79' lang='grc' dir='ltr'>ο¹ίκοθεν</span> <span class='ocrx_word' id='word_1_332' title='bbox 587 3983 678 4037; x_wconf 82' lang='grc' dir='ltr'><strong>καὶ</strong></span> <span class='ocrx_word' id='word_1_333' title='bbox 707 3982 854 4057; x_wconf 84' lang='grc' dir='ltr'><strong>παρά</strong></span> <span class='ocrx_word' id='word_1_334' title='bbox 882 3985 1078 4036; x_wconf 84' lang='grc' dir='ltr'>σαυτοῦ</span> <span class='ocrx_word' id='word_1_335' title='bbox 1117 3979 1429 4058; x_wconf 72' lang='grc' dir='ltr'>φιλοτίμως</span> <span class='ocrx_word' id='word_1_336' title='bbox 1484 3979 1831 4055; x_wconf 88' lang='grc' dir='ltr'>παρακαλού-</span> 
     </span>
    </p>
   </div>
   <div class='ocr_carea' id='block_1_45' title="bbox 213 4069 1832 4146">
    <p class='ocr_par' dir='ltr' id='par_1_45' title="bbox 213 4069 1832 4146">
     <span class='ocr_line' id='line_1_46' title="bbox 213 4069 1832 4146; baseline -0.002 -18"><span class='ocrx_word' id='word_1_337' title='bbox 213 4094 352 4145; x_wconf 75' lang='grc' dir='ltr'>μενος</span> <span class='ocrx_word' id='word_1_338' title='bbox 400 4074 486 4129; x_wconf 74' lang='grc' dir='ltr'><strong>ἐπὶ</strong></span> <span class='ocrx_word' id='word_1_339' title='bbox 526 4076 731 4130; x_wconf 86' lang='grc' dir='ltr'>ταῦσα·</span> <span class='ocrx_word' id='word_1_340' title='bbox 773 4072 818 4126; x_wconf 85' lang='grc' dir='ltr'>εἱ</span> <span class='ocrx_word' id='word_1_341' title='bbox 866 4073 941 4146; x_wconf 80' lang='grc' dir='ltr'>μή</span> <span class='ocrx_word' id='word_1_342' title='bbox 990 4071 1080 4125; x_wconf 76' lang='grc' dir='ltr'><strong>ναὶ</strong></span> <span class='ocrx_word' id='word_1_343' title='bbox 1129 4072 1279 4144; x_wconf 74' lang='grc' dir='ltr'>ἡμᾶς</span> <span class='ocrx_word' id='word_1_344' title='bbox 1310 4069 1388 4132; x_wconf 82' lang='grc' dir='ltr'><strong>εἰς</strong></span> <span class='ocrx_word' id='word_1_345' title='bbox 1425 4069 1658 4145; x_wconf 77' lang='grc' dir='ltr'>ἀγαθοὺς</span> <span class='ocrx_word' id='word_1_346' title='bbox 1704 4069 1832 4125; x_wconf 77' lang='grc' dir='ltr'>ἐκεί-</span> 
     </span>
    </p>
   </div>
   <div class='ocr_carea' id='block_1_46' title="bbox 209 4156 1836 4237">
    <p class='ocr_par' dir='ltr' id='par_1_46' title="bbox 209 4156 1836 4237">
     <span class='ocr_line' id='line_1_47' title="bbox 209 4156 1836 4237; baseline 0.001 -23"><span class='ocrx_word' id='word_1_347' title='bbox 209 4184 299 4225; x_wconf 88' lang='grc' dir='ltr'><strong>νως</strong></span> <span class='ocrx_word' id='word_1_348' title='bbox 334 4166 528 4237; x_wconf 73' lang='grc' dir='ltr'>φήσαις</span> <span class='ocrx_word' id='word_1_349' title='bbox 578 4160 776 4232; x_wconf 83' lang='grc' dir='ltr'>τελεῖν,</span> <span class='ocrx_word' id='word_1_350' title='bbox 806 4167 908 4231; x_wconf 82' lang='grc' dir='ltr'>τῆς</span> <span class='ocrx_word' id='word_1_351' title='bbox 951 4167 1051 4230; x_wconf 83' lang='grc' dir='ltr'><strong>σῆς</strong></span> <span class='ocrx_word' id='word_1_352' title='bbox 1096 4157 1142 4214; x_wconf 81' lang='grc' dir='ltr'>ε’ί</span> <span class='ocrx_word' id='word_1_353' title='bbox 1190 4180 1283 4232; x_wconf 90' lang='grc' dir='ltr'><strong>μοι</strong></span> <span class='ocrx_word' id='word_1_354' title='bbox 1338 4156 1506 4222; x_wconf 83' lang='grc' dir='ltr'>δίδως</span> <span class='ocrx_word' id='word_1_355' title='bbox 1551 4159 1719 4215; x_wconf 74' lang='grc' dir='ltr'>εἰπεῖν</span> <span class='ocrx_word' id='word_1_356' title='bbox 1749 4163 1836 4215; x_wconf 82' lang='grc' dir='ltr'><strong>εὐ-</strong></span> 
     </span>
    </p>
   </div>
   <div class='ocr_carea' id='block_1_47' title="bbox 207 4246 1833 4328">
    <p class='ocr_par' dir='ltr' id='par_1_47' title="bbox 207 4246 1833 4328">
     <span class='ocr_line' id='line_1_48' title="bbox 207 4246 1833 4328; baseline -0.001 -23"><span class='ocrx_word' id='word_1_357' title='bbox 207 4254 336 4315; x_wconf 82' lang='grc' dir='ltr'>νοίας</span> <span class='ocrx_word' id='word_1_358' title='bbox 392 4253 788 4328; x_wconf 74' lang='grc' dir='ltr'>τυγχάνοντας,</span> <span class='ocrx_word' id='word_1_359' title='bbox 822 4251 882 4305; x_wconf 77' lang='grc' dir='ltr'><strong>οὗ</strong></span> <span class='ocrx_word' id='word_1_360' title='bbox 936 4246 1103 4325; x_wconf 68' lang='grc' dir='ltr'>μηδὲν</span> <span class='ocrx_word' id='word_1_361' title='bbox 1156 4246 1455 4318; x_wconf 72' lang='grc' dir='ltr'>οὗθ’ἥδιον</span> <span class='ocrx_word' id='word_1_362' title='bbox 1508 4246 1621 4304; x_wconf 72' lang='grc' dir='ltr'>οὔτ’</span> <span class='ocrx_word' id='word_1_363' title='bbox 1652 4246 1833 4305; x_wconf 80' lang='grc' dir='ltr'>εὐδαι-</span> 
     </span>
    </p>
   </div>
   <div class='ocr_carea' id='block_1_48' title="bbox 212 4341 875 4419">
    <p class='ocr_par' dir='ltr' id='par_1_48' title="bbox 212 4341 875 4419">
     <span class='ocr_line' id='line_1_49' title="bbox 212 4341 875 4419; baseline 0.005 -24"><span class='ocrx_word' id='word_1_364' title='bbox 212 4343 508 4419; x_wconf 75' lang='grc' dir='ltr'>μονὲστερον</span> <span class='ocrx_word' id='word_1_365' title='bbox 541 4341 875 4417; x_wconf 78' lang='grc' dir='ltr'>χρήσασθαι.</span> 
     </span>
    </p>
   </div>
   <div class='ocr_carea' id='block_1_49' title="bbox 1971 585 3614 660">
    <p class='ocr_par' dir='ltr' id='par_1_49' title="bbox 1971 585 3614 660">
     <span class='ocr_line' id='line_1_50' title="bbox 1971 585 3614 660; baseline 0.008 -18"><span class='ocrx_word' id='word_1_366' title='bbox 1971 586 2169 643; x_wconf 81' lang='lat' dir='ltr'><strong>missis</strong></span> <span class='ocrx_word' id='word_1_367' title='bbox 2184 585 2325 642; x_wconf 83' lang='lat' dir='ltr'><strong>ﬁdes</strong></span> <span class='ocrx_word' id='word_1_368' title='bbox 2339 596 2486 644; x_wconf 80' lang='lat' dir='ltr'><strong>esset</strong></span> <span class='ocrx_word' id='word_1_369' title='bbox 2498 588 3123 660; x_wconf 86' lang='lat' dir='ltr'><strong>,deprebendi?Verum</strong></span> <span class='ocrx_word' id='word_1_370' title='bbox 3140 592 3296 651; x_wconf 92' lang='lat' dir='ltr'><strong>enim</strong></span> <span class='ocrx_word' id='word_1_371' title='bbox 3309 611 3442 653; x_wconf 90' lang='lat' dir='ltr'><strong>vero</strong></span> <span class='ocrx_word' id='word_1_372' title='bbox 3459 614 3614 655; x_wconf 89' lang='lat' dir='ltr'><strong>unus</strong></span> 
     </span>
    </p>
   </div>
   <div class='ocr_carea' id='block_1_50' title="bbox 1969 676 3614 760">
    <p class='ocr_par' dir='ltr' id='par_1_50' title="bbox 1969 676 3614 760">
     <span class='ocr_line' id='line_1_51' title="bbox 1969 676 3614 760; baseline 0.009 -30"><span class='ocrx_word' id='word_1_373' title='bbox 1969 682 2027 732; x_wconf 91' lang='lat' dir='ltr'><strong>tu</strong></span> <span class='ocrx_word' id='word_1_374' title='bbox 2060 676 2390 732; x_wconf 76' lang='lat' dir='ltr'><strong>mortalium</strong></span> <span class='ocrx_word' id='word_1_375' title='bbox 2422 679 2710 749; x_wconf 90' lang='lat' dir='ltr'><strong>optimum</strong></span> <span class='ocrx_word' id='word_1_376' title='bbox 2741 683 2797 734; x_wconf 88' lang='lat' dir='ltr'><strong>te</strong></span> <span class='ocrx_word' id='word_1_377' title='bbox 2827 680 3012 749; x_wconf 90' lang='lat' dir='ltr'><strong>nobis,</strong></span> <span class='ocrx_word' id='word_1_378' title='bbox 3037 687 3467 760; x_wconf 90' lang='lat' dir='ltr'><strong>patronumque</strong></span> <span class='ocrx_word' id='word_1_379' title='bbox 3488 702 3614 744; x_wconf 83' lang='lat' dir='ltr'><strong>cer-</strong></span> 
     </span>
    </p>
   </div>
   <div class='ocr_carea' id='block_1_51' title="bbox 1968 765 3614 839">
    <p class='ocr_par' dir='ltr' id='par_1_51' title="bbox 1968 765 3614 839">
     <span class='ocr_line' id='line_1_52' title="bbox 1968 765 3614 839; baseline 0.009 -19"><span class='ocrx_word' id='word_1_380' title='bbox 1968 765 2267 821; x_wconf 89' lang='lat' dir='ltr'><strong>tissimum</strong></span> <span class='ocrx_word' id='word_1_381' title='bbox 2301 767 2651 839; x_wconf 61' lang='lat' dir='ltr'><strong>praebuisti,</strong></span> <span class='ocrx_word' id='word_1_382' title='bbox 2677 772 2740 824; x_wconf 88' lang='lat' dir='ltr'><strong>tu</strong></span> <span class='ocrx_word' id='word_1_383' title='bbox 2771 770 3095 829; x_wconf 77' lang='lat' dir='ltr'><strong>rationibus</strong></span> <span class='ocrx_word' id='word_1_384' title='bbox 3118 774 3331 831; x_wconf 90' lang='lat' dir='ltr'><strong>nostris</strong></span> <span class='ocrx_word' id='word_1_385' title='bbox 3353 792 3614 834; x_wconf 77' lang='lat' dir='ltr'><strong>commo-</strong></span> 
     </span>
    </p>
   </div>
   <div class='ocr_carea' id='block_1_52' title="bbox 1968 855 3612 938">
    <p class='ocr_par' dir='ltr' id='par_1_52' title="bbox 1968 855 3612 938">
     <span class='ocr_line' id='line_1_53' title="bbox 1968 855 3612 938; baseline 0.009 -29"><span class='ocrx_word' id='word_1_386' title='bbox 1968 855 2172 928; x_wconf 86' lang='lat' dir='ltr'><strong>disque</strong></span> <span class='ocrx_word' id='word_1_387' title='bbox 2199 856 2809 929; x_wconf 86' lang='lat' dir='ltr'><strong>egregieconsuluisti,</strong></span> <span class='ocrx_word' id='word_1_388' title='bbox 2828 864 2885 915; x_wconf 91' lang='lat' dir='ltr'><strong>tu</strong></span> <span class='ocrx_word' id='word_1_389' title='bbox 2907 861 3041 916; x_wconf 90' lang='lat' dir='ltr'><strong>boni</strong></span> <span class='ocrx_word' id='word_1_390' title='bbox 3074 863 3237 920; x_wconf 90' lang='lat' dir='ltr'><strong>nobis</strong></span> <span class='ocrx_word' id='word_1_391' title='bbox 3268 865 3421 938; x_wconf 91' lang='lat' dir='ltr'><strong>genii</strong></span> <span class='ocrx_word' id='word_1_392' title='bbox 3443 866 3502 923; x_wconf 89' lang='lat' dir='ltr'><strong>in</strong></span> <span class='ocrx_word' id='word_1_393' title='bbox 3524 867 3612 923; x_wconf 88' lang='lat' dir='ltr'><strong>vi-</strong></span> 
     </span>
    </p>
   </div>
   <div class='ocr_carea' id='block_1_53' title="bbox 1968 945 3611 1021">
    <p class='ocr_par' dir='ltr' id='par_1_53' title="bbox 1968 945 3611 1021">
     <span class='ocr_line' id='line_1_54' title="bbox 1968 945 3611 1021; baseline 0.008 -20"><span class='ocrx_word' id='word_1_394' title='bbox 1968 960 2093 1001; x_wconf 91' lang='lat' dir='ltr'><strong>cem</strong></span> <span class='ocrx_word' id='word_1_395' title='bbox 2125 945 2311 1015; x_wconf 82' lang='lat' dir='ltr'><strong>fuisti,</strong></span> <span class='ocrx_word' id='word_1_396' title='bbox 2345 952 2470 1002; x_wconf 91' lang='lat' dir='ltr'><strong>tum</strong></span> <span class='ocrx_word' id='word_1_397' title='bbox 2503 947 2563 1004; x_wconf 90' lang='lat' dir='ltr'><strong>in</strong></span> <span class='ocrx_word' id='word_1_398' title='bbox 2592 949 2835 1016; x_wconf 76' lang='lat' dir='ltr'><strong>caeteris,</strong></span> <span class='ocrx_word' id='word_1_399' title='bbox 2871 950 2942 1005; x_wconf 91' lang='lat' dir='ltr'><strong>ob</strong></span> <span class='ocrx_word' id='word_1_400' title='bbox 2975 968 3100 1021; x_wconf 86' lang='lat' dir='ltr'><strong>quae</strong></span> <span class='ocrx_word' id='word_1_401' title='bbox 3133 953 3292 1011; x_wconf 90' lang='lat' dir='ltr'><strong>nullo</strong></span> <span class='ocrx_word' id='word_1_402' title='bbox 3325 973 3437 1012; x_wconf 90' lang='lat' dir='ltr'><strong>non</strong></span> <span class='ocrx_word' id='word_1_403' title='bbox 3460 961 3611 1013; x_wconf 89' lang='lat' dir='ltr'><strong>tem-</strong></span> 
     </span>
    </p>
   </div>
   <div class='ocr_carea' id='block_1_54' title="bbox 1968 1036 3606 1117">
    <p class='ocr_par' dir='ltr' id='par_1_54' title="bbox 1968 1036 3606 1117">
     <span class='ocr_line' id='line_1_55' title="bbox 1968 1036 3606 1117; baseline 0.007 -27"><span class='ocrx_word' id='word_1_404' title='bbox 1968 1052 2106 1107; x_wconf 91' lang='lat' dir='ltr'><strong>pore</strong></span> <span class='ocrx_word' id='word_1_405' title='bbox 2152 1036 2344 1093; x_wconf 88' lang='lat' dir='ltr'><strong>fausta</strong></span> <span class='ocrx_word' id='word_1_406' title='bbox 2402 1037 2615 1110; x_wconf 70' lang='lat' dir='ltr'><strong>quasvis</strong></span> <span class='ocrx_word' id='word_1_407' title='bbox 2660 1039 2764 1095; x_wconf 85' lang='lat' dir='ltr'><strong>tibi</strong></span> <span class='ocrx_word' id='word_1_408' title='bbox 2821 1038 3097 1097; x_wconf 85' lang='lat' dir='ltr'><strong>divinitus</strong></span> <span class='ocrx_word' id='word_1_409' title='bbox 3155 1059 3606 1117; x_wconf 87' lang='lat' dir='ltr'><strong>comprecamur,</strong></span> 
     </span>
    </p>
   </div>
   <div class='ocr_carea' id='block_1_55' title="bbox 1968 1128 3611 1208">
    <p class='ocr_par' dir='ltr' id='par_1_55' title="bbox 1968 1128 3611 1208">
     <span class='ocr_line' id='line_1_56' title="bbox 1968 1128 3611 1208; baseline 0.007 -28"><span class='ocrx_word' id='word_1_410' title='bbox 1968 1143 2085 1181; x_wconf 87' lang='lat' dir='ltr'><strong>una</strong></span> <span class='ocrx_word' id='word_1_411' title='bbox 2111 1141 2243 1182; x_wconf 88' lang='lat' dir='ltr'><strong>cum</strong></span> <span class='ocrx_word' id='word_1_412' title='bbox 2287 1128 2499 1183; x_wconf 87' lang='lat' dir='ltr'><strong>nostris</strong></span> <span class='ocrx_word' id='word_1_413' title='bbox 2539 1129 2694 1198; x_wconf 89' lang='lat' dir='ltr'><strong>apud</strong></span> <span class='ocrx_word' id='word_1_414' title='bbox 2753 1130 2975 1186; x_wconf 89' lang='lat' dir='ltr'><strong>omneis</strong></span> <span class='ocrx_word' id='word_1_415' title='bbox 3039 1132 3341 1203; x_wconf 62' lang='lat' dir='ltr'><strong>praeconiis</strong></span> <span class='ocrx_word' id='word_1_416' title='bbox 3372 1143 3423 1189; x_wconf 92' lang='lat' dir='ltr'><strong>et</strong></span> <span class='ocrx_word' id='word_1_417' title='bbox 3456 1152 3611 1208; x_wconf 69' lang='lat' dir='ltr'><strong>paea-</strong></span> 
     </span>
    </p>
   </div>
   <div class='ocr_carea' id='block_1_56' title="bbox 1968 1214 3607 1297">
    <p class='ocr_par' dir='ltr' id='par_1_56' title="bbox 1968 1214 3607 1297">
     <span class='ocr_line' id='line_1_57' title="bbox 1968 1214 3607 1297; baseline 0.007 -28"><span class='ocrx_word' id='word_1_418' title='bbox 1968 1214 2169 1283; x_wconf 86' lang='lat' dir='ltr'><strong>nibus;</strong></span> <span class='ocrx_word' id='word_1_419' title='bbox 2230 1218 2354 1271; x_wconf 87' lang='lat' dir='ltr'><strong>tum</strong></span> <span class='ocrx_word' id='word_1_420' title='bbox 2414 1216 2784 1286; x_wconf 86' lang='lat' dir='ltr'><strong>potissimum</strong></span> <span class='ocrx_word' id='word_1_421' title='bbox 2870 1218 3027 1290; x_wconf 91' lang='lat' dir='ltr'><strong>quod</strong></span> <span class='ocrx_word' id='word_1_422' title='bbox 3106 1237 3237 1276; x_wconf 90' lang='lat' dir='ltr'><strong>cum</strong></span> <span class='ocrx_word' id='word_1_423' title='bbox 3296 1223 3448 1278; x_wconf 90' lang='lat' dir='ltr'><strong>istuc</strong></span> <span class='ocrx_word' id='word_1_424' title='bbox 3506 1242 3607 1297; x_wconf 93' lang='lat' dir='ltr'><strong>pro</strong></span> 
     </span>
    </p>
   </div>
   <div class='ocr_carea' id='block_1_57' title="bbox 1967 1302 3608 1384">
    <p class='ocr_par' dir='ltr' id='par_1_57' title="bbox 1967 1302 3608 1384">
     <span class='ocr_line' id='line_1_58' title="bbox 1967 1302 3608 1384; baseline 0.006 -25"><span class='ocrx_word' id='word_1_425' title='bbox 1967 1302 2398 1361; x_wconf 87' lang='lat' dir='ltr'><strong>studiosissimo</strong></span> <span class='ocrx_word' id='word_1_426' title='bbox 2428 1306 2644 1362; x_wconf 87' lang='lat' dir='ltr'><strong>cultore</strong></span> <span class='ocrx_word' id='word_1_427' title='bbox 2694 1310 2794 1362; x_wconf 90' lang='lat' dir='ltr'><strong>tuo</strong></span> <span class='ocrx_word' id='word_1_428' title='bbox 2845 1307 3188 1366; x_wconf 83' lang='lat' dir='ltr'><strong>Chandreno</strong></span> <span class='ocrx_word' id='word_1_429' title='bbox 3235 1309 3608 1384; x_wconf 84' lang='lat' dir='ltr'><strong>deprecatum</strong></span> 
     </span>
    </p>
   </div>
   <div class='ocr_carea' id='block_1_58' title="bbox 1964 1392 3613 1469">
    <p class='ocr_par' dir='ltr' id='par_1_58' title="bbox 1964 1392 3613 1469">
     <span class='ocr_line' id='line_1_59' title="bbox 1964 1392 3613 1469; baseline 0.007 -22"><span class='ocrx_word' id='word_1_430' title='bbox 1964 1392 2349 1461; x_wconf 87' lang='lat' dir='ltr'><strong>venissemus,</strong></span> <span class='ocrx_word' id='word_1_431' title='bbox 2424 1394 2865 1467; x_wconf 81' lang='lat' dir='ltr'><strong>benignissime,</strong></span> <span class='ocrx_word' id='word_1_432' title='bbox 2925 1401 2982 1453; x_wconf 91' lang='lat' dir='ltr'><strong>et</strong></span> <span class='ocrx_word' id='word_1_433' title='bbox 3049 1400 3499 1469; x_wconf 84' lang='lat' dir='ltr'><strong>promptissime,</strong></span> <span class='ocrx_word' id='word_1_434' title='bbox 3557 1408 3613 1461; x_wconf 88' lang='lat' dir='ltr'><strong>et</strong></span> 
     </span>
    </p>
   </div>
   <div class='ocr_carea' id='block_1_59' title="bbox 1967 1481 3610 1558">
    <p class='ocr_par' dir='ltr' id='par_1_59' title="bbox 1967 1481 3610 1558">
     <span class='ocr_line' id='line_1_60' title="bbox 1967 1481 3610 1558; baseline 0.008 -22"><span class='ocrx_word' id='word_1_435' title='bbox 1967 1481 2397 1538; x_wconf 90' lang='lat' dir='ltr'><strong>humanissimo</strong></span> <span class='ocrx_word' id='word_1_436' title='bbox 2430 1501 2535 1540; x_wconf 91' lang='lat' dir='ltr'><strong>nos</strong></span> <span class='ocrx_word' id='word_1_437' title='bbox 2574 1484 2770 1541; x_wconf 89' lang='lat' dir='ltr'><strong>animo</strong></span> <span class='ocrx_word' id='word_1_438' title='bbox 2818 1487 3167 1558; x_wconf 84' lang='lat' dir='ltr'><strong>excipiebas,</strong></span> <span class='ocrx_word' id='word_1_439' title='bbox 3208 1493 3265 1544; x_wconf 90' lang='lat' dir='ltr'><strong>et</strong></span> <span class='ocrx_word' id='word_1_440' title='bbox 3295 1489 3453 1547; x_wconf 85' lang='lat' dir='ltr'><strong>haud</strong></span> <span class='ocrx_word' id='word_1_441' title='bbox 3482 1492 3610 1549; x_wconf 91' lang='lat' dir='ltr'><strong>vul-</strong></span> 
     </span>
    </p>
   </div>
   <div class='ocr_carea' id='block_1_60' title="bbox 1966 1574 3608 1655">
    <p class='ocr_par' dir='ltr' id='par_1_60' title="bbox 1966 1574 3608 1655">
     <span class='ocr_line' id='line_1_61' title="bbox 1966 1574 3608 1655; baseline 0.008 -28"><span class='ocrx_word' id='word_1_442' title='bbox 1966 1574 2087 1645; x_wconf 87' lang='lat' dir='ltr'><strong>gari</strong></span> <span class='ocrx_word' id='word_1_443' title='bbox 2127 1575 2402 1630; x_wconf 88' lang='lat' dir='ltr'><strong>comitate</strong></span> <span class='ocrx_word' id='word_1_444' title='bbox 2438 1591 2503 1629; x_wconf 90' lang='lat' dir='ltr'><strong>ac</strong></span> <span class='ocrx_word' id='word_1_445' title='bbox 2546 1574 2735 1647; x_wconf 89' lang='lat' dir='ltr'><strong>gratia</strong></span> <span class='ocrx_word' id='word_1_446' title='bbox 2768 1577 3299 1649; x_wconf 25' lang='lat' dir='ltr'><strong>.complectebarit:</strong></span> <span class='ocrx_word' id='word_1_447' title='bbox 3350 1586 3409 1637; x_wconf 90' lang='lat' dir='ltr'><strong>et</strong></span> <span class='ocrx_word' id='word_1_448' title='bbox 3452 1585 3608 1655; x_wconf 91' lang='lat' dir='ltr'><strong>quod</strong></span> 
     </span>
    </p>
   </div>
   <div class='ocr_carea' id='block_1_61' title="bbox 1967 1662 3605 1740">
    <p class='ocr_par' dir='ltr' id='par_1_61' title="bbox 1967 1662 3605 1740">
     <span class='ocr_line' id='line_1_62' title="bbox 1967 1662 3605 1740; baseline 0.009 -24"><span class='ocrx_word' id='word_1_449' title='bbox 1967 1663 2306 1731; x_wconf 84' lang='lat' dir='ltr'><strong>maximum,</strong></span> <span class='ocrx_word' id='word_1_450' title='bbox 2339 1669 2394 1719; x_wconf 89' lang='lat' dir='ltr'><strong>et</strong></span> <span class='ocrx_word' id='word_1_451' title='bbox 2433 1662 2605 1735; x_wconf 85' lang='lat' dir='ltr'><strong>plane</strong></span> <span class='ocrx_word' id='word_1_452' title='bbox 2647 1665 2933 1737; x_wconf 90' lang='lat' dir='ltr'><strong>colophon</strong></span> <span class='ocrx_word' id='word_1_453' title='bbox 2980 1672 3091 1735; x_wconf 85' lang='lat' dir='ltr'><strong>est,</strong></span> <span class='ocrx_word' id='word_1_454' title='bbox 3124 1669 3605 1740; x_wconf 81' lang='lat' dir='ltr'><strong>perhonorificam</strong></span> 
     </span>
    </p>
   </div>
   <div class='ocr_carea' id='block_1_62' title="bbox 1964 1751 3608 1835">
    <p class='ocr_par' dir='ltr' id='par_1_62' title="bbox 1964 1751 3608 1835">
     <span class='ocr_line' id='line_1_63' title="bbox 1964 1751 3608 1835; baseline 0.01 -30"><span class='ocrx_word' id='word_1_455' title='bbox 1964 1751 2036 1806; x_wconf 89' lang='lat' dir='ltr'><strong>de</strong></span> <span class='ocrx_word' id='word_1_456' title='bbox 2066 1751 2236 1809; x_wconf 91' lang='lat' dir='ltr'><strong>nobis</strong></span> <span class='ocrx_word' id='word_1_457' title='bbox 2269 1752 2520 1810; x_wconf 82' lang='lat' dir='ltr'><strong>faciebas</strong></span> <span class='ocrx_word' id='word_1_458' title='bbox 2543 1755 2915 1824; x_wconf 83' lang='lat' dir='ltr'><strong>mentionem,</strong></span> <span class='ocrx_word' id='word_1_459' title='bbox 2967 1774 3100 1813; x_wconf 91' lang='lat' dir='ltr'><strong>cum</strong></span> <span class='ocrx_word' id='word_1_460' title='bbox 3150 1760 3207 1815; x_wconf 90' lang='lat' dir='ltr'><strong>in</strong></span> <span class='ocrx_word' id='word_1_461' title='bbox 3251 1760 3608 1835; x_wconf 85' lang='lat' dir='ltr'><strong>colloquium</strong></span> 
     </span>
    </p>
   </div>
   <div class='ocr_carea' id='block_1_63' title="bbox 1965 1842 3610 1918">
    <p class='ocr_par' dir='ltr' id='par_1_63' title="bbox 1965 1842 3610 1918">
     <span class='ocr_line' id='line_1_64' title="bbox 1965 1842 3610 1918; baseline 0.009 -23"><span class='ocrx_word' id='word_1_462' title='bbox 1965 1855 2099 1895; x_wconf 93' lang='lat' dir='ltr'><strong>cum</strong></span> <span class='ocrx_word' id='word_1_463' title='bbox 2134 1856 2248 1895; x_wconf 89' lang='lat' dir='ltr'><strong>uno</strong></span> <span class='ocrx_word' id='word_1_464' title='bbox 2280 1842 2430 1897; x_wconf 86' lang='lat' dir='ltr'><strong>inter</strong></span> <span class='ocrx_word' id='word_1_465' title='bbox 2450 1843 2720 1900; x_wconf 86' lang='lat' dir='ltr'><strong>homines</strong></span> <span class='ocrx_word' id='word_1_466' title='bbox 2750 1844 2920 1915; x_wconf 83' lang='lat' dir='ltr'><strong>longe</strong></span> <span class='ocrx_word' id='word_1_467' title='bbox 2950 1846 3189 1918; x_wconf 86' lang='lat' dir='ltr'><strong>Optimo,</strong></span> <span class='ocrx_word' id='word_1_468' title='bbox 3214 1865 3330 1906; x_wconf 92' lang='lat' dir='ltr'><strong>uno</strong></span> <span class='ocrx_word' id='word_1_469' title='bbox 3361 1852 3610 1909; x_wconf 89' lang='lat' dir='ltr'><strong>clemen-</strong></span> 
     </span>
    </p>
   </div>
   <div class='ocr_carea' id='block_1_64' title="bbox 1962 1928 3609 2003">
    <p class='ocr_par' dir='ltr' id='par_1_64' title="bbox 1962 1928 3609 2003">
     <span class='ocr_line' id='line_1_65' title="bbox 1962 1928 3609 2003; baseline 0.009 -21"><span class='ocrx_word' id='word_1_470' title='bbox 1962 1929 2208 1997; x_wconf 90' lang='lat' dir='ltr'><strong>tissimo,</strong></span> <span class='ocrx_word' id='word_1_471' title='bbox 2252 1928 2505 2001; x_wconf 91' lang='lat' dir='ltr'><strong>bonique</strong></span> <span class='ocrx_word' id='word_1_472' title='bbox 2557 1932 2705 2003; x_wconf 88' lang='lat' dir='ltr'><strong>regis</strong></span> <span class='ocrx_word' id='word_1_473' title='bbox 2762 1932 3069 1990; x_wconf 87' lang='lat' dir='ltr'><strong>verissimo</strong></span> <span class='ocrx_word' id='word_1_474' title='bbox 3118 1952 3151 1991; x_wconf 91' lang='lat' dir='ltr'><strong>a</strong></span> <span class='ocrx_word' id='word_1_475' title='bbox 3193 1941 3399 1995; x_wconf 86' lang='lat' dir='ltr'><strong>natura</strong></span> <span class='ocrx_word' id='word_1_476' title='bbox 3450 1941 3609 1997; x_wconf 84' lang='lat' dir='ltr'><strong>edito</strong></span> 
     </span>
    </p>
   </div>
   <div class='ocr_carea' id='block_1_65' title="bbox 1962 2017 3608 2095">
    <p class='ocr_par' dir='ltr' id='par_1_65' title="bbox 1962 2017 3608 2095">
     <span class='ocr_line' id='line_1_66' title="bbox 1962 2017 3608 2095; baseline 0.008 -24"><span class='ocrx_word' id='word_1_477' title='bbox 1962 2017 2302 2088; x_wconf 89' lang='lat' dir='ltr'><strong>specimine,</strong></span> <span class='ocrx_word' id='word_1_478' title='bbox 2336 2017 2588 2076; x_wconf 84' lang='lat' dir='ltr'><strong>venisses</strong></span> <span class='ocrx_word' id='word_1_479' title='bbox 2624 2024 2727 2075; x_wconf 91' lang='lat' dir='ltr'><strong>:ut</strong></span> <span class='ocrx_word' id='word_1_480' title='bbox 2757 2022 2807 2076; x_wconf 88' lang='lat' dir='ltr'><strong>is</strong></span> <span class='ocrx_word' id='word_1_481' title='bbox 2859 2022 3239 2095; x_wconf 77' lang='lat' dir='ltr'><strong>benignitatis</strong></span> <span class='ocrx_word' id='word_1_482' title='bbox 3289 2043 3408 2083; x_wconf 71' lang='lat' dir='ltr'><strong>suas</strong></span> <span class='ocrx_word' id='word_1_483' title='bbox 3450 2028 3608 2085; x_wconf 83' lang='lat' dir='ltr'><strong>rivu-</strong></span> 
     </span>
    </p>
   </div>
   <div class='ocr_carea' id='block_1_66' title="bbox 1961 2105 3604 2190">
    <p class='ocr_par' dir='ltr' id='par_1_66' title="bbox 1961 2105 3604 2190">
     <span class='ocr_line' id='line_1_67' title="bbox 1961 2105 3604 2190; baseline 0.008 -30"><span class='ocrx_word' id='word_1_484' title='bbox 1961 2105 2084 2161; x_wconf 91' lang='lat' dir='ltr'><strong>lum</strong></span> <span class='ocrx_word' id='word_1_485' title='bbox 2147 2106 2487 2179; x_wconf 84' lang='lat' dir='ltr'><strong>quempiam</strong></span> <span class='ocrx_word' id='word_1_486' title='bbox 2548 2109 2609 2164; x_wconf 93' lang='lat' dir='ltr'><strong>in</strong></span> <span class='ocrx_word' id='word_1_487' title='bbox 2668 2125 2775 2165; x_wconf 92' lang='lat' dir='ltr'><strong>nos</strong></span> <span class='ocrx_word' id='word_1_488' title='bbox 2824 2110 2999 2166; x_wconf 91' lang='lat' dir='ltr'><strong>etiam</strong></span> <span class='ocrx_word' id='word_1_489' title='bbox 3052 2112 3360 2184; x_wconf 86' lang='lat' dir='ltr'><strong>derivaret,</strong></span> <span class='ocrx_word' id='word_1_490' title='bbox 3403 2134 3604 2190; x_wconf 90' lang='lat' dir='ltr'><strong>eaque,</strong></span> 
     </span>
    </p>
   </div>
   <div class='ocr_carea' id='block_1_67' title="bbox 1959 2196 3608 2277">
    <p class='ocr_par' dir='ltr' id='par_1_67' title="bbox 1959 2196 3608 2277">
     <span class='ocr_line' id='line_1_68' title="bbox 1959 2196 3608 2277; baseline 0.008 -27"><span class='ocrx_word' id='word_1_491' title='bbox 1959 2211 2209 2267; x_wconf 89' lang='lat' dir='ltr'><strong>quorum</strong></span> <span class='ocrx_word' id='word_1_492' title='bbox 2240 2196 2432 2267; x_wconf 90' lang='lat' dir='ltr'><strong>gratia</strong></span> <span class='ocrx_word' id='word_1_493' title='bbox 2479 2198 2857 2269; x_wconf 86' lang='lat' dir='ltr'><strong>venissemus,</strong></span> <span class='ocrx_word' id='word_1_494' title='bbox 2906 2202 3214 2260; x_wconf 84' lang='lat' dir='ltr'><strong>conficeret</strong></span> <span class='ocrx_word' id='word_1_495' title='bbox 3263 2221 3277 2259; x_wconf 92' lang='lat'><strong>:</strong></span> <span class='ocrx_word' id='word_1_496' title='bbox 3326 2208 3608 2277; x_wconf 84' lang='lat' dir='ltr'><strong>quemad-</strong></span> 
     </span>
    </p>
   </div>
   <div class='ocr_carea' id='block_1_68' title="bbox 1961 2285 3601 2365">
    <p class='ocr_par' dir='ltr' id='par_1_68' title="bbox 1961 2285 3601 2365">
     <span class='ocr_line' id='line_1_69' title="bbox 1961 2285 3601 2365; baseline 0.009 -25"><span class='ocrx_word' id='word_1_497' title='bbox 1961 2285 2198 2341; x_wconf 87' lang='lat' dir='ltr'><strong>modum</strong></span> <span class='ocrx_word' id='word_1_498' title='bbox 2230 2302 2370 2342; x_wconf 89' lang='lat' dir='ltr'><strong>sane</strong></span> <span class='ocrx_word' id='word_1_499' title='bbox 2400 2287 2671 2358; x_wconf 89' lang='lat' dir='ltr'><strong>confecit,</strong></span> <span class='ocrx_word' id='word_1_500' title='bbox 2715 2306 2819 2345; x_wconf 87' lang='lat' dir='ltr'><strong>sua</strong></span> <span class='ocrx_word' id='word_1_501' title='bbox 2872 2307 3077 2364; x_wconf 88' lang='lat' dir='ltr'><strong>nempe</strong></span> <span class='ocrx_word' id='word_1_502' title='bbox 3126 2298 3601 2365; x_wconf 88' lang='lat' dir='ltr'><strong>mansuetudine,</strong></span> 
     </span>
    </p>
   </div>
   <div class='ocr_carea' id='block_1_69' title="bbox 1955 2375 3601 2453">
    <p class='ocr_par' dir='ltr' id='par_1_69' title="bbox 1955 2375 3601 2453">
     <span class='ocr_line' id='line_1_70' title="bbox 1955 2375 3601 2453; baseline 0.009 -25"><span class='ocrx_word' id='word_1_503' title='bbox 1955 2378 2125 2445; x_wconf 88' lang='lat' dir='ltr'><strong>atque</strong></span> <span class='ocrx_word' id='word_1_504' title='bbox 2146 2375 2345 2445; x_wconf 56' lang='lat' dir='ltr'><strong>{insita</strong></span> <span class='ocrx_word' id='word_1_505' title='bbox 2385 2377 2654 2432; x_wconf 87' lang='lat' dir='ltr'><strong>servandi</strong></span> <span class='ocrx_word' id='word_1_506' title='bbox 2711 2378 3024 2447; x_wconf 87' lang='lat' dir='ltr'><strong>voluntate,</strong></span> <span class='ocrx_word' id='word_1_507' title='bbox 3079 2398 3303 2453; x_wconf 88' lang='lat' dir='ltr'><strong>omnes,</strong></span> <span class='ocrx_word' id='word_1_508' title='bbox 3337 2387 3601 2443; x_wconf 89' lang='lat' dir='ltr'><strong>omnium</strong></span> 
     </span>
    </p>
   </div>
   <div class='ocr_carea' id='block_1_70' title="bbox 1957 2462 3602 2541">
    <p class='ocr_par' dir='ltr' id='par_1_70' title="bbox 1957 2462 3602 2541">
     <span class='ocr_line' id='line_1_71' title="bbox 1957 2462 3602 2541; baseline 0.011 -25"><span class='ocrx_word' id='word_1_509' title='bbox 1957 2478 2158 2534; x_wconf 87' lang='lat' dir='ltr'><strong>preces</strong></span> <span class='ocrx_word' id='word_1_510' title='bbox 2189 2462 2343 2520; x_wconf 91' lang='lat' dir='ltr'><strong>ultro</strong></span> <span class='ocrx_word' id='word_1_511' title='bbox 2370 2467 2763 2524; x_wconf 87' lang='lat' dir='ltr'><strong>anteveniens.</strong></span> <span class='ocrx_word' id='word_1_512' title='bbox 2797 2470 2977 2541; x_wconf 81' lang='lat' dir='ltr'><strong>Cujus</strong></span> <span class='ocrx_word' id='word_1_513' title='bbox 3006 2487 3215 2528; x_wconf 90' lang='lat' dir='ltr'><strong>nomen</strong></span> <span class='ocrx_word' id='word_1_514' title='bbox 3247 2476 3358 2531; x_wconf 87' lang='lat' dir='ltr'><strong>etsi</strong></span> <span class='ocrx_word' id='word_1_515' title='bbox 3389 2477 3602 2534; x_wconf 84' lang='lat' dir='ltr'><strong>eximia</strong></span> 
     </span>
    </p>
   </div>
   <div class='ocr_carea' id='block_1_71' title="bbox 1955 2553 3600 2628">
    <p class='ocr_par' dir='ltr' id='par_1_71' title="bbox 1955 2553 3600 2628">
     <span class='ocr_line' id='line_1_72' title="bbox 1955 2553 3600 2628; baseline 0.009 -19"><span class='ocrx_word' id='word_1_516' title='bbox 1955 2568 2161 2609; x_wconf 90' lang='lat' dir='ltr'><strong>ornare</strong></span> <span class='ocrx_word' id='word_1_517' title='bbox 2183 2553 2809 2626; x_wconf 76' lang='lat' dir='ltr'><strong>unnsquisquastudet</strong></span> <span class='ocrx_word' id='word_1_518' title='bbox 2833 2557 3022 2628; x_wconf 90' lang='lat' dir='ltr'><strong>laude,</strong></span> <span class='ocrx_word' id='word_1_519' title='bbox 3043 2576 3210 2618; x_wconf 84' lang='lat' dir='ltr'><strong>nemo</strong></span> <span class='ocrx_word' id='word_1_520' title='bbox 3233 2567 3428 2620; x_wconf 87' lang='lat' dir='ltr'><strong>tamen</strong></span> <span class='ocrx_word' id='word_1_521' title='bbox 3447 2582 3600 2622; x_wconf 89' lang='lat' dir='ltr'><strong>unus</strong></span> 
     </span>
    </p>
   </div>
   <div class='ocr_carea' id='block_1_72' title="bbox 1954 2632 3599 2719">
    <p class='ocr_par' dir='ltr' id='par_1_72' title="bbox 1954 2632 3599 2719">
     <span class='ocr_line' id='line_1_73' title="bbox 1954 2632 3599 2719; baseline 0.009 -22"><span class='ocrx_word' id='word_1_522' title='bbox 1954 2647 2064 2710; x_wconf 90' lang='lat' dir='ltr'><strong>est,</strong></span> <span class='ocrx_word' id='word_1_523' title='bbox 2094 2641 2193 2713; x_wconf 90' lang='lat' dir='ltr'><strong>qui</strong></span> <span class='ocrx_word' id='word_1_524' title='bbox 2224 2641 2463 2698; x_wconf 87' lang='lat' dir='ltr'><strong>laudare</strong></span> <span class='ocrx_word' id='word_1_525' title='bbox 2510 2632 2579 2699; x_wconf 61' lang='lat' dir='ltr'><strong>es</strong></span> <span class='ocrx_word' id='word_1_526' title='bbox 2627 2646 2832 2702; x_wconf 88' lang='lat' dir='ltr'><strong>merito</strong></span> <span class='ocrx_word' id='word_1_527' title='bbox 2864 2653 3061 2719; x_wconf 86' lang='lat' dir='ltr'><strong>queat,</strong></span> <span class='ocrx_word' id='word_1_528' title='bbox 3093 2657 3226 2707; x_wconf 84' lang='lat' dir='ltr'><strong>utut</strong></span> <span class='ocrx_word' id='word_1_529' title='bbox 3254 2669 3457 2710; x_wconf 88' lang='lat' dir='ltr'><strong>omnes</strong></span> <span class='ocrx_word' id='word_1_530' title='bbox 3488 2655 3599 2712; x_wconf 92' lang='lat' dir='ltr'><strong>ho-</strong></span> 
     </span>
    </p>
   </div>
   <div class='ocr_carea' id='block_1_73' title="bbox 1955 2731 3596 2807">
    <p class='ocr_par' dir='ltr' id='par_1_73' title="bbox 1955 2731 3596 2807">
     <span class='ocr_line' id='line_1_74' title="bbox 1955 2731 3596 2807; baseline 0.009 -22"><span class='ocrx_word' id='word_1_531' title='bbox 1955 2731 2143 2786; x_wconf 89' lang='lat' dir='ltr'><strong>mines</strong></span> <span class='ocrx_word' id='word_1_532' title='bbox 2173 2731 2372 2787; x_wconf 87' lang='lat' dir='ltr'><strong>omnia</strong></span> <span class='ocrx_word' id='word_1_533' title='bbox 2401 2733 2645 2790; x_wconf 88' lang='lat' dir='ltr'><strong>dicendo</strong></span> <span class='ocrx_word' id='word_1_534' title='bbox 2677 2735 3067 2807; x_wconf 81' lang='lat' dir='ltr'><strong>experiantur.</strong></span> <span class='ocrx_word' id='word_1_535' title='bbox 3108 2739 3391 2798; x_wconf 90' lang='lat' dir='ltr'><strong>Continuo</strong></span> <span class='ocrx_word' id='word_1_536' title='bbox 3440 2746 3596 2801; x_wconf 89' lang='lat' dir='ltr'><strong>enim</strong></span> 
     </span>
    </p>
   </div>
   <div class='ocr_carea' id='block_1_74' title="bbox 1955 2822 3594 2900">
    <p class='ocr_par' dir='ltr' id='par_1_74' title="bbox 1955 2822 3594 2900">
     <span class='ocr_line' id='line_1_75' title="bbox 1955 2822 3594 2900; baseline 0.009 -25"><span class='ocrx_word' id='word_1_537' title='bbox 1955 2829 2012 2876; x_wconf 88' lang='lat' dir='ltr'><strong>ut</strong></span> <span class='ocrx_word' id='word_1_538' title='bbox 2046 2836 2283 2875; x_wconf 90' lang='lat' dir='ltr'><strong>manum</strong></span> <span class='ocrx_word' id='word_1_539' title='bbox 2318 2822 2476 2892; x_wconf 82' lang='lat' dir='ltr'><strong>Operi</strong></span> <span class='ocrx_word' id='word_1_540' title='bbox 2535 2823 2866 2885; x_wconf 77' lang='lat' dir='ltr'><strong>admovent,</strong></span> <span class='ocrx_word' id='word_1_541' title='bbox 2894 2842 2928 2881; x_wconf 93' lang='lat' dir='ltr'><strong>a</strong></span> <span class='ocrx_word' id='word_1_542' title='bbox 2981 2825 3262 2900; x_wconf 82' lang='lat' dir='ltr'><strong>legitimis</strong></span> <span class='ocrx_word' id='word_1_543' title='bbox 3319 2832 3594 2890; x_wconf 85' lang='lat' dir='ltr'><strong>carminis</strong></span> 
     </span>
    </p>
   </div>
   <div class='ocr_carea' id='block_1_75' title="bbox 1957 2908 3599 2989">
    <p class='ocr_par' dir='ltr' id='par_1_75' title="bbox 1957 2908 3599 2989">
     <span class='ocr_line' id='line_1_76' title="bbox 1957 2908 3599 2989; baseline 0.009 -25"><span class='ocrx_word' id='word_1_544' title='bbox 1957 2910 2144 2965; x_wconf 91' lang='lat' dir='ltr'><strong>modis</strong></span> <span class='ocrx_word' id='word_1_545' title='bbox 2176 2908 2463 2978; x_wconf 89' lang='lat' dir='ltr'><strong>aberrare,</strong></span> <span class='ocrx_word' id='word_1_546' title='bbox 2497 2926 2596 2984; x_wconf 90' lang='lat' dir='ltr'><strong>per</strong></span> <span class='ocrx_word' id='word_1_547' title='bbox 2648 2913 3017 2972; x_wconf 85' lang='lat' dir='ltr'><strong>verissimam</strong></span> <span class='ocrx_word' id='word_1_548' title='bbox 3078 2917 3445 2989; x_wconf 85' lang='lat' dir='ltr'><strong>imperatoris</strong></span> <span class='ocrx_word' id='word_1_549' title='bbox 3476 2939 3599 2979; x_wconf 89' lang='lat' dir='ltr'><strong>om-</strong></span> 
     </span>
    </p>
   </div>
   <div class='ocr_carea' id='block_1_76' title="bbox 1953 2998 3594 3083">
    <p class='ocr_par' dir='ltr' id='par_1_76' title="bbox 1953 2998 3594 3083">
     <span class='ocr_line' id='line_1_77' title="bbox 1953 2998 3594 3083; baseline 0.009 -29"><span class='ocrx_word' id='word_1_550' title='bbox 1953 2998 2115 3054; x_wconf 88' lang='lat' dir='ltr'><strong>nium</strong></span> <span class='ocrx_word' id='word_1_551' title='bbox 2157 2998 2437 3055; x_wconf 87' lang='lat' dir='ltr'><strong>virtutum</strong></span> <span class='ocrx_word' id='word_1_552' title='bbox 2472 3000 2857 3073; x_wconf 87' lang='lat' dir='ltr'><strong>harmoniam,</strong></span> <span class='ocrx_word' id='word_1_553' title='bbox 2890 3003 3060 3078; x_wconf 89' lang='lat' dir='ltr'><strong>longe</strong></span> <span class='ocrx_word' id='word_1_554' title='bbox 3111 3009 3333 3065; x_wconf 89' lang='lat' dir='ltr'><strong>musica</strong></span> <span class='ocrx_word' id='word_1_555' title='bbox 3389 3014 3594 3083; x_wconf 87' lang='lat' dir='ltr'><strong>quavis</strong></span> 
     </span>
    </p>
   </div>
   <div class='ocr_carea' id='block_1_77' title="bbox 1949 3087 3593 3175">
    <p class='ocr_par' dir='ltr' id='par_1_77' title="bbox 1949 3087 3593 3175">
     <span class='ocr_line' id='line_1_78' title="bbox 1949 3087 3593 3175; baseline 0.01 -32"><span class='ocrx_word' id='word_1_556' title='bbox 1949 3087 2407 3159; x_wconf 88' lang='lat' dir='ltr'><strong>concinniorem,</strong></span> <span class='ocrx_word' id='word_1_557' title='bbox 2432 3092 2894 3163; x_wconf 89' lang='lat' dir='ltr'><strong>convincuntur;</strong></span> <span class='ocrx_word' id='word_1_558' title='bbox 2935 3111 3035 3151; x_wconf 85' lang='lat' dir='ltr'><strong>seu</strong></span> <span class='ocrx_word' id='word_1_559' title='bbox 3087 3097 3301 3166; x_wconf 88' lang='lat' dir='ltr'><strong>verius,</strong></span> <span class='ocrx_word' id='word_1_560' title='bbox 3332 3104 3391 3156; x_wconf 89' lang='lat' dir='ltr'><strong>et</strong></span> <span class='ocrx_word' id='word_1_561' title='bbox 3451 3102 3593 3175; x_wconf 84' lang='lat' dir='ltr'><strong>ipsis</strong></span> 
     </span>
    </p>
   </div>
   <div class='ocr_carea' id='block_1_78' title="bbox 1948 3176 3594 3259">
    <p class='ocr_par' dir='ltr' id='par_1_78' title="bbox 1948 3176 3594 3259">
     <span class='ocr_line' id='line_1_79' title="bbox 1948 3176 3594 3259; baseline 0.01 -28"><span class='ocrx_word' id='word_1_562' title='bbox 1948 3176 2098 3232; x_wconf 89' lang='lat' dir='ltr'><strong>nihil</strong></span> <span class='ocrx_word' id='word_1_563' title='bbox 2138 3178 2376 3234; x_wconf 90' lang='lat' dir='ltr'><strong>absurdi</strong></span> <span class='ocrx_word' id='word_1_564' title='bbox 2425 3183 2482 3234; x_wconf 90' lang='lat' dir='ltr'><strong>et</strong></span> <span class='ocrx_word' id='word_1_565' title='bbox 2537 3178 2785 3252; x_wconf 89' lang='lat' dir='ltr'><strong>iopinati</strong></span> <span class='ocrx_word' id='word_1_566' title='bbox 2834 3182 3063 3252; x_wconf 90' lang='lat' dir='ltr'><strong>accidit,</strong></span> <span class='ocrx_word' id='word_1_567' title='bbox 3122 3202 3187 3242; x_wconf 90' lang='lat' dir='ltr'><strong>eo</strong></span> <span class='ocrx_word' id='word_1_568' title='bbox 3237 3188 3393 3259; x_wconf 89' lang='lat' dir='ltr'><strong>quod</strong></span> <span class='ocrx_word' id='word_1_569' title='bbox 3442 3191 3594 3248; x_wconf 83' lang='lat' dir='ltr'><strong>infra</strong></span> 
     </span>
    </p>
   </div>
   <div class='ocr_carea' id='block_1_79' title="bbox 1946 3268 3597 3350">
    <p class='ocr_par' dir='ltr' id='par_1_79' title="bbox 1946 3268 3597 3350">
     <span class='ocr_line' id='line_1_80' title="bbox 1946 3268 3597 3350; baseline 0.01 -28"><span class='ocrx_word' id='word_1_570' title='bbox 1946 3268 2437 3340; x_wconf 87' lang='lat' dir='ltr'><strong>(magnitudinem</strong></span> <span class='ocrx_word' id='word_1_571' title='bbox 2473 3269 2750 3342; x_wconf 90' lang='lat' dir='ltr'><strong>hominis)</strong></span> <span class='ocrx_word' id='word_1_572' title='bbox 2779 3272 3079 3339; x_wconf 89' lang='lat' dir='ltr'><strong>decidunt,</strong></span> <span class='ocrx_word' id='word_1_573' title='bbox 3102 3281 3159 3330; x_wconf 90' lang='lat' dir='ltr'><strong>et</strong></span> <span class='ocrx_word' id='word_1_574' title='bbox 3188 3292 3321 3332; x_wconf 91' lang='lat' dir='ltr'><strong>cum</strong></span> <span class='ocrx_word' id='word_1_575' title='bbox 3355 3295 3454 3350; x_wconf 88' lang='lat' dir='ltr'><strong>per</strong></span> <span class='ocrx_word' id='word_1_576' title='bbox 3474 3280 3597 3338; x_wconf 76' lang='lat' dir='ltr'><strong>haec</strong></span> 
     </span>
    </p>
   </div>
   <div class='ocr_carea' id='block_1_80' title="bbox 1948 3356 3598 3435">
    <p class='ocr_par' dir='ltr' id='par_1_80' title="bbox 1948 3356 3598 3435">
     <span class='ocr_line' id='line_1_81' title="bbox 1948 3356 3598 3435; baseline 0.009 -23"><span class='ocrx_word' id='word_1_577' title='bbox 1948 3356 2077 3427; x_wconf 87' lang='lat' dir='ltr'><strong>ipsa</strong></span> <span class='ocrx_word' id='word_1_578' title='bbox 2107 3361 2304 3413; x_wconf 90' lang='lat' dir='ltr'><strong>tamen</strong></span> <span class='ocrx_word' id='word_1_579' title='bbox 2338 3357 2449 3414; x_wconf 90' lang='lat' dir='ltr'><strong>alio</strong></span> <span class='ocrx_word' id='word_1_580' title='bbox 2480 3360 2732 3431; x_wconf 89' lang='lat' dir='ltr'><strong>quodam</strong></span> <span class='ocrx_word' id='word_1_581' title='bbox 2763 3364 3178 3419; x_wconf 89' lang='lat' dir='ltr'><strong>commendant</strong></span> <span class='ocrx_word' id='word_1_582' title='bbox 3225 3368 3420 3435; x_wconf 92' lang='lat' dir='ltr'><strong>modo,</strong></span> <span class='ocrx_word' id='word_1_583' title='bbox 3454 3371 3598 3427; x_wconf 92' lang='lat' dir='ltr'><strong>dum</strong></span> 
     </span>
    </p>
   </div>
   <div class='ocr_carea' id='block_1_81' title="bbox 1950 3443 3597 3523">
    <p class='ocr_par' dir='ltr' id='par_1_81' title="bbox 1950 3443 3597 3523">
     <span class='ocr_line' id='line_1_82' title="bbox 1950 3443 3597 3523; baseline 0.01 -24"><span class='ocrx_word' id='word_1_584' title='bbox 1950 3443 2219 3501; x_wconf 79' lang='lat' dir='ltr'><strong>facultate</strong></span> <span class='ocrx_word' id='word_1_585' title='bbox 2246 3445 2477 3503; x_wconf 89' lang='lat' dir='ltr'><strong>dicendi</strong></span> <span class='ocrx_word' id='word_1_586' title='bbox 2510 3449 2788 3518; x_wconf 86' lang='lat' dir='ltr'><strong>majorem</strong></span> <span class='ocrx_word' id='word_1_587' title='bbox 2805 3465 2933 3506; x_wconf 90' lang='lat' dir='ltr'><strong>esse</strong></span> <span class='ocrx_word' id='word_1_588' title='bbox 2955 3452 3396 3523; x_wconf 88' lang='lat' dir='ltr'><strong>demonstrant;</strong></span> <span class='ocrx_word' id='word_1_589' title='bbox 3431 3458 3597 3516; x_wconf 88' lang='lat' dir='ltr'><strong>solus</strong></span> 
     </span>
    </p>
   </div>
   <div class='ocr_carea' id='block_1_82' title="bbox 1947 3534 3592 3617">
    <p class='ocr_par' dir='ltr' id='par_1_82' title="bbox 1947 3534 3592 3617">
     <span class='ocr_line' id='line_1_83' title="bbox 1947 3534 3592 3617; baseline 0.01 -29"><span class='ocrx_word' id='word_1_590' title='bbox 1947 3534 2072 3605; x_wconf 88' lang='lat' dir='ltr'><strong>ipse</strong></span> <span class='ocrx_word' id='word_1_591' title='bbox 2103 3535 2257 3591; x_wconf 85' lang='lat' dir='ltr'><strong>enim</strong></span> <span class='ocrx_word' id='word_1_592' title='bbox 2290 3536 2435 3591; x_wconf 87' lang='lat' dir='ltr'><strong>satis</strong></span> <span class='ocrx_word' id='word_1_593' title='bbox 2468 3553 2747 3609; x_wconf 89' lang='lat' dir='ltr'><strong>magnum</strong></span> <span class='ocrx_word' id='word_1_594' title='bbox 2800 3538 2910 3595; x_wconf 91' lang='lat' dir='ltr'><strong>sibi</strong></span> <span class='ocrx_word' id='word_1_595' title='bbox 2943 3540 3121 3598; x_wconf 89' lang='lat' dir='ltr'><strong>decus</strong></span> <span class='ocrx_word' id='word_1_596' title='bbox 3151 3546 3274 3611; x_wconf 92' lang='lat' dir='ltr'><strong>est;</strong></span> <span class='ocrx_word' id='word_1_597' title='bbox 3310 3550 3366 3601; x_wconf 88' lang='lat' dir='ltr'><strong>et</strong></span> <span class='ocrx_word' id='word_1_598' title='bbox 3409 3546 3592 3617; x_wconf 88' lang='lat' dir='ltr'><strong>solus,</strong></span> 
     </span>
    </p>
   </div>
   <div class='ocr_carea' id='block_1_83' title="bbox 1946 3623 3596 3702">
    <p class='ocr_par' dir='ltr' id='par_1_83' title="bbox 1946 3623 3596 3702">
     <span class='ocr_line' id='line_1_84' title="bbox 1946 3623 3596 3702; baseline 0.008 -24"><span class='ocrx_word' id='word_1_599' title='bbox 1946 3623 1993 3679; x_wconf 89' lang='lat' dir='ltr'><strong>si</strong></span> <span class='ocrx_word' id='word_1_600' title='bbox 2026 3639 2144 3694; x_wconf 87' lang='lat' dir='ltr'><strong>qua</strong></span> <span class='ocrx_word' id='word_1_601' title='bbox 2174 3625 2296 3680; x_wconf 84' lang='lat' dir='ltr'><strong>fieri</strong></span> <span class='ocrx_word' id='word_1_602' title='bbox 2319 3630 2537 3696; x_wconf 89' lang='lat' dir='ltr'><strong>posset,</strong></span> <span class='ocrx_word' id='word_1_603' title='bbox 2569 3642 2736 3681; x_wconf 87' lang='lat' dir='ltr'><strong>suam</strong></span> <span class='ocrx_word' id='word_1_604' title='bbox 2770 3626 2956 3697; x_wconf 89' lang='lat' dir='ltr'><strong>ipsius</strong></span> <span class='ocrx_word' id='word_1_605' title='bbox 2998 3628 3259 3702; x_wconf 88' lang='lat' dir='ltr'><strong>linguam</strong></span> <span class='ocrx_word' id='word_1_606' title='bbox 3306 3632 3596 3691; x_wconf 88' lang='lat' dir='ltr'><strong>laudatri-</strong></span> 
     </span>
    </p>
   </div>
   <div class='ocr_carea' id='block_1_84' title="bbox 1944 3714 3596 3782">
    <p class='ocr_par' dir='ltr' id='par_1_84' title="bbox 1944 3714 3596 3782">
     <span class='ocr_line' id='line_1_85' title="bbox 1944 3714 3596 3782; baseline 0.008 -14"><span class='ocrx_word' id='word_1_607' title='bbox 1944 3729 2070 3769; x_wconf 89' lang='lat' dir='ltr'><strong>ccm</strong></span> <span class='ocrx_word' id='word_1_608' title='bbox 2110 3714 2316 3769; x_wconf 85' lang='lat' dir='ltr'><strong>merito</strong></span> <span class='ocrx_word' id='word_1_609' title='bbox 2349 3714 2605 3782; x_wconf 82' lang='lat' dir='ltr'><strong>haberet,</strong></span> <span class='ocrx_word' id='word_1_610' title='bbox 2641 3717 3110 3775; x_wconf 74' lang='lat' dir='ltr'><strong>cmlestissimam</strong></span> <span class='ocrx_word' id='word_1_611' title='bbox 3158 3720 3319 3778; x_wconf 88' lang='lat' dir='ltr'><strong>illam</strong></span> <span class='ocrx_word' id='word_1_612' title='bbox 3351 3727 3407 3779; x_wconf 90' lang='lat' dir='ltr'><strong>et</strong></span> <span class='ocrx_word' id='word_1_613' title='bbox 3437 3725 3596 3780; x_wconf 88' lang='lat' dir='ltr'><strong>insu-</strong></span> 
     </span>
    </p>
   </div>
   <div class='ocr_carea' id='block_1_85' title="bbox 1949 3803 3599 3885">
    <p class='ocr_par' dir='ltr' id='par_1_85' title="bbox 1949 3803 3599 3885">
     <span class='ocr_line' id='line_1_86' title="bbox 1949 3803 3599 3885; baseline 0.008 -28"><span class='ocrx_word' id='word_1_614' title='bbox 1949 3803 2283 3873; x_wconf 86' lang='lat' dir='ltr'><strong>perabilem,</strong></span> <span class='ocrx_word' id='word_1_615' title='bbox 2315 3821 2441 3875; x_wconf 76' lang='lat' dir='ltr'><strong>quas</strong></span> <span class='ocrx_word' id='word_1_616' title='bbox 2473 3820 2711 3861; x_wconf 90' lang='lat' dir='ltr'><strong>omnem</strong></span> <span class='ocrx_word' id='word_1_617' title='bbox 2742 3808 2963 3863; x_wconf 89' lang='lat' dir='ltr'><strong>mentis</strong></span> <span class='ocrx_word' id='word_1_618' title='bbox 3007 3809 3191 3865; x_wconf 90' lang='lat' dir='ltr'><strong>aciem</strong></span> <span class='ocrx_word' id='word_1_619' title='bbox 3225 3810 3434 3868; x_wconf 84' lang='lat' dir='ltr'><strong>invicto</strong></span> <span class='ocrx_word' id='word_1_620' title='bbox 3464 3829 3599 3885; x_wconf 90' lang='lat' dir='ltr'><strong>gra-</strong></span> 
     </span>
    </p>
   </div>
   <div class='ocr_carea' id='block_1_86' title="bbox 1948 3893 3595 3971">
    <p class='ocr_par' dir='ltr' id='par_1_86' title="bbox 1948 3893 3595 3971">
     <span class='ocr_line' id='line_1_87' title="bbox 1948 3893 3595 3971; baseline 0.009 -24"><span class='ocrx_word' id='word_1_621' title='bbox 1948 3893 2296 3965; x_wconf 89' lang='lat' dir='ltr'><strong>tissimoque</strong></span> <span class='ocrx_word' id='word_1_622' title='bbox 2318 3896 2542 3966; x_wconf 90' lang='lat' dir='ltr'><strong>impetu</strong></span> <span class='ocrx_word' id='word_1_623' title='bbox 2574 3894 2775 3952; x_wconf 89' lang='lat' dir='ltr'><strong>vincit.</strong></span> <span class='ocrx_word' id='word_1_624' title='bbox 2808 3896 2891 3952; x_wconf 89' lang='lat' dir='ltr'><strong>Ita</strong></span> <span class='ocrx_word' id='word_1_625' title='bbox 2924 3900 2986 3952; x_wconf 93' lang='lat' dir='ltr'><strong>ut</strong></span> <span class='ocrx_word' id='word_1_626' title='bbox 3010 3898 3234 3971; x_wconf 78' lang='lat' dir='ltr'><strong>fulgura</strong></span> <span class='ocrx_word' id='word_1_627' title='bbox 3255 3904 3313 3956; x_wconf 89' lang='lat' dir='ltr'><strong>et</strong></span> <span class='ocrx_word' id='word_1_628' title='bbox 3334 3902 3595 3961; x_wconf 88' lang='lat' dir='ltr'><strong>tonitrua</strong></span> 
     </span>
    </p>
   </div>
   <div class='ocr_carea' id='block_1_87' title="bbox 1947 3982 3593 4061">
    <p class='ocr_par' dir='ltr' id='par_1_87' title="bbox 1947 3982 3593 4061">
     <span class='ocr_line' id='line_1_88' title="bbox 1947 3982 3593 4061; baseline 0.007 -23"><span class='ocrx_word' id='word_1_629' title='bbox 1947 3982 2097 4038; x_wconf 91' lang='lat' dir='ltr'><strong>ciere</strong></span> <span class='ocrx_word' id='word_1_630' title='bbox 2153 3982 2416 4040; x_wconf 83' lang='lat' dir='ltr'><strong>videatur</strong></span> <span class='ocrx_word' id='word_1_631' title='bbox 2472 3984 2750 4056; x_wconf 85' lang='lat' dir='ltr'><strong>(Aristop.</strong></span> <span class='ocrx_word' id='word_1_632' title='bbox 2784 3984 3052 4061; x_wconf 83' lang='grc' dir='ltr'>Ἀχαρν.</span> <span class='ocrx_word' id='word_1_633' title='bbox 3084 3988 3236 4060; x_wconf 86' lang='grc'><strong>530),</strong></span> <span class='ocrx_word' id='word_1_634' title='bbox 3296 4007 3431 4047; x_wconf 90' lang='lat' dir='ltr'><strong>cum</strong></span> <span class='ocrx_word' id='word_1_635' title='bbox 3488 4000 3593 4050; x_wconf 90' lang='lat' dir='ltr'><strong>aut</strong></span> 
     </span>
    </p>
   </div>
   <div class='ocr_carea' id='block_1_88' title="bbox 1948 4071 3592 4151">
    <p class='ocr_par' dir='ltr' id='par_1_88' title="bbox 1948 4071 3592 4151">
     <span class='ocr_line' id='line_1_89' title="bbox 1948 4071 3592 4151; baseline 0.007 -24"><span class='ocrx_word' id='word_1_636' title='bbox 1948 4088 2050 4145; x_wconf 85' lang='lat' dir='ltr'><strong>pro</strong></span> <span class='ocrx_word' id='word_1_637' title='bbox 2082 4071 2360 4128; x_wconf 89' lang='lat' dir='ltr'><strong>concione</strong></span> <span class='ocrx_word' id='word_1_638' title='bbox 2390 4073 2563 4128; x_wconf 88' lang='lat' dir='ltr'><strong>verba</strong></span> <span class='ocrx_word' id='word_1_639' title='bbox 2596 4073 2732 4129; x_wconf 88' lang='lat' dir='ltr'><strong>facit</strong></span> <span class='ocrx_word' id='word_1_640' title='bbox 2770 4079 2871 4129; x_wconf 90' lang='lat' dir='ltr'><strong>aut</strong></span> <span class='ocrx_word' id='word_1_641' title='bbox 2918 4074 3125 4147; x_wconf 85' lang='lat' dir='ltr'><strong>legatis</strong></span> <span class='ocrx_word' id='word_1_642' title='bbox 3155 4093 3437 4151; x_wconf 90' lang='lat' dir='ltr'><strong>responsa</strong></span> <span class='ocrx_word' id='word_1_643' title='bbox 3469 4082 3592 4151; x_wconf 88' lang='lat' dir='ltr'><strong>dat,</strong></span> 
     </span>
    </p>
   </div>
   <div class='ocr_carea' id='block_1_89' title="bbox 1945 4160 3589 4237">
    <p class='ocr_par' dir='ltr' id='par_1_89' title="bbox 1945 4160 3589 4237">
     <span class='ocr_line' id='line_1_90' title="bbox 1945 4160 3589 4237; baseline 0.007 -21"><span class='ocrx_word' id='word_1_644' title='bbox 1945 4164 2175 4216; x_wconf 86' lang='lat' dir='ltr'><strong>tantum</strong></span> <span class='ocrx_word' id='word_1_645' title='bbox 2216 4160 2277 4216; x_wconf 89' lang='lat' dir='ltr'><strong>id</strong></span> <span class='ocrx_word' id='word_1_646' title='bbox 2310 4161 2506 4233; x_wconf 91' lang='lat' dir='ltr'><strong>ipsum</strong></span> <span class='ocrx_word' id='word_1_647' title='bbox 2538 4178 2679 4217; x_wconf 90' lang='lat' dir='ltr'><strong>sane</strong></span> <span class='ocrx_word' id='word_1_648' title='bbox 2699 4167 2808 4218; x_wconf 88' lang='lat' dir='ltr'><strong>est.</strong></span> <span class='ocrx_word' id='word_1_649' title='bbox 2844 4164 2925 4219; x_wconf 91' lang='lat' dir='ltr'><strong>Tu</strong></span> <span class='ocrx_word' id='word_1_650' title='bbox 2959 4181 3093 4221; x_wconf 88' lang='lat' dir='ltr'><strong>vero</strong></span> <span class='ocrx_word' id='word_1_651' title='bbox 3125 4183 3240 4223; x_wconf 90' lang='lat' dir='ltr'><strong>non</strong></span> <span class='ocrx_word' id='word_1_652' title='bbox 3273 4167 3363 4224; x_wconf 89' lang='lat' dir='ltr'><strong>his</strong></span> <span class='ocrx_word' id='word_1_653' title='bbox 3395 4172 3589 4237; x_wconf 86' lang='lat' dir='ltr'><strong>modo,</strong></span> 
     </span>
    </p>
   </div>
   <div class='ocr_carea' id='block_1_90' title="bbox 1944 4250 3594 4332">
    <p class='ocr_par' dir='ltr' id='par_1_90' title="bbox 1944 4250 3594 4332">
     <span class='ocr_line' id='line_1_91' title="bbox 1944 4250 3594 4332; baseline 0.008 -29"><span class='ocrx_word' id='word_1_654' title='bbox 1944 4266 2074 4321; x_wconf 68' lang='lat' dir='ltr'><strong>qua:</strong></span> <span class='ocrx_word' id='word_1_655' title='bbox 2097 4250 2221 4320; x_wconf 90' lang='lat' dir='ltr'><strong>jam</strong></span> <span class='ocrx_word' id='word_1_656' title='bbox 2253 4250 2531 4318; x_wconf 80' lang='lat' dir='ltr'><strong>diximus,</strong></span> <span class='ocrx_word' id='word_1_657' title='bbox 2556 4251 2853 4308; x_wconf 83' lang='lat' dir='ltr'><strong>beneficus</strong></span> <span class='ocrx_word' id='word_1_658' title='bbox 2884 4268 3021 4325; x_wconf 90' lang='lat' dir='ltr'><strong>erga</strong></span> <span class='ocrx_word' id='word_1_659' title='bbox 3044 4271 3151 4311; x_wconf 88' lang='lat' dir='ltr'><strong>nos</strong></span> <span class='ocrx_word' id='word_1_660' title='bbox 3192 4256 3378 4323; x_wconf 85' lang='lat' dir='ltr'><strong>fuisti,</strong></span> <span class='ocrx_word' id='word_1_661' title='bbox 3404 4275 3594 4332; x_wconf 90' lang='lat' dir='ltr'><strong>neque</strong></span> 
     </span>
    </p>
   </div>
   <div class='ocr_carea' id='block_1_91' title="bbox 1946 4340 3591 4420">
    <p class='ocr_par' dir='ltr' id='par_1_91' title="bbox 1946 4340 3591 4420">
     <span class='ocr_line' id='line_1_92' title="bbox 1946 4340 3591 4420; baseline 0.006 -24"><span class='ocrx_word' id='word_1_662' title='bbox 1946 4342 2035 4397; x_wconf 91' lang='lat' dir='ltr'><strong>hic</strong></span> <span class='ocrx_word' id='word_1_663' title='bbox 2074 4341 2221 4397; x_wconf 90' lang='lat' dir='ltr'><strong>bene</strong></span> <span class='ocrx_word' id='word_1_664' title='bbox 2253 4340 2513 4397; x_wconf 85' lang='lat' dir='ltr'><strong>merendi</strong></span> <span class='ocrx_word' id='word_1_665' title='bbox 2557 4342 2731 4398; x_wconf 84' lang='lat' dir='ltr'><strong>tinem</strong></span> <span class='ocrx_word' id='word_1_666' title='bbox 2761 4343 2974 4411; x_wconf 83' lang='lat' dir='ltr'><strong>fecisti,</strong></span> <span class='ocrx_word' id='word_1_667' title='bbox 2997 4345 3098 4401; x_wconf 88' lang='lat' dir='ltr'><strong>sed</strong></span> <span class='ocrx_word' id='word_1_668' title='bbox 3132 4362 3196 4402; x_wconf 90' lang='lat' dir='ltr'><strong>eo</strong></span> <span class='ocrx_word' id='word_1_669' title='bbox 3228 4347 3591 4420; x_wconf 86' lang='lat' dir='ltr'><strong>etiam,quod</strong></span> 
     </span>
    </p>
   </div>
   <div class='ocr_carea' id='block_1_92' title="bbox 205 4429 3595 4507">
    <p class='ocr_par' dir='ltr' id='par_1_92' title="bbox 205 4429 3595 4507">
     <span class='ocr_line' id='line_1_93' title="bbox 205 4429 3595 4507; baseline 0.002 -19"><span class='ocrx_word' id='word_1_670' title='bbox 205 4434 261 4489; x_wconf 91' lang='lat' dir='ltr'><strong>in</strong></span> <span class='ocrx_word' id='word_1_671' title='bbox 285 4439 576 4507; x_wconf 85' lang='lat' dir='ltr'><strong>posterum</strong></span> <span class='ocrx_word' id='word_1_672' title='bbox 632 4431 818 4488; x_wconf 91' lang='lat' dir='ltr'><strong>multo</strong></span> <span class='ocrx_word' id='word_1_673' title='bbox 877 4431 1220 4505; x_wconf 87' lang='lat' dir='ltr'><strong>propensior</strong></span> <span class='ocrx_word' id='word_1_674' title='bbox 1268 4429 1587 4503; x_wconf 88' lang='lat' dir='ltr'><strong>meliorque</strong></span> <span class='ocrx_word' id='word_1_675' title='bbox 1653 4431 1880 4488; x_wconf 88' lang='lat' dir='ltr'><strong>futurus</strong></span> <span class='ocrx_word' id='word_1_676' title='bbox 1946 4448 2029 4501; x_wconf 86' lang='lat' dir='ltr'><strong>es,</strong></span> <span class='ocrx_word' id='word_1_677' title='bbox 2062 4431 2179 4486; x_wconf 92' lang='lat' dir='ltr'><strong>imo</strong></span> <span class='ocrx_word' id='word_1_678' title='bbox 2237 4436 2293 4488; x_wconf 90' lang='lat' dir='ltr'><strong>et</strong></span> <span class='ocrx_word' id='word_1_679' title='bbox 2331 4429 2475 4487; x_wconf 92' lang='lat' dir='ltr'><strong>illud</strong></span> <span class='ocrx_word' id='word_1_680' title='bbox 2536 4432 2823 4503; x_wconf 84' lang='lat' dir='ltr'><strong>adjiciam,</strong></span> <span class='ocrx_word' id='word_1_681' title='bbox 2857 4433 3015 4506; x_wconf 89' lang='lat' dir='ltr'><strong>quod</strong></span> <span class='ocrx_word' id='word_1_682' title='bbox 3043 4451 3149 4507; x_wconf 68' lang='lat' dir='ltr'><strong>nec</strong></span> <span class='ocrx_word' id='word_1_683' title='bbox 3204 4437 3432 4494; x_wconf 89' lang='lat' dir='ltr'><strong>desines</strong></span> <span class='ocrx_word' id='word_1_684' title='bbox 3490 4439 3595 4495; x_wconf 85' lang='lat' dir='ltr'><strong>ali-</strong></span> 
     </span>
    </p>
   </div>
   <div class='ocr_carea' id='block_1_93' title="bbox 211 4521 3592 4599">
    <p class='ocr_par' dir='ltr' id='par_1_93' title="bbox 211 4521 3592 4599">
     <span class='ocr_line' id='line_1_94' title="bbox 211 4521 3592 4599; baseline 0.001 -18"><span class='ocrx_word' id='word_1_685' title='bbox 211 4527 450 4597; x_wconf 87' lang='lat' dir='ltr'><strong>quando,</strong></span> <span class='ocrx_word' id='word_1_686' title='bbox 484 4526 755 4598; x_wconf 88' lang='lat' dir='ltr'><strong>quodque</strong></span> <span class='ocrx_word' id='word_1_687' title='bbox 780 4538 1082 4596; x_wconf 89' lang='lat' dir='ltr'><strong>nunquam</strong></span> <span class='ocrx_word' id='word_1_688' title='bbox 1118 4538 1231 4579; x_wconf 91' lang='lat' dir='ltr'><strong>non</strong></span> <span class='ocrx_word' id='word_1_689' title='bbox 1284 4522 1601 4594; x_wconf 82' lang='lat' dir='ltr'><strong>posteriora</strong></span> <span class='ocrx_word' id='word_1_690' title='bbox 1650 4539 1897 4596; x_wconf 62' lang='lat' dir='ltr'><strong>quaeque</strong></span> <span class='ocrx_word' id='word_1_691' title='bbox 1954 4522 2097 4578; x_wconf 90' lang='lat' dir='ltr'><strong>mihi</strong></span> <span class='ocrx_word' id='word_1_692' title='bbox 2152 4521 2390 4580; x_wconf 89' lang='lat' dir='ltr'><strong>meliora</strong></span> <span class='ocrx_word' id='word_1_693' title='bbox 2443 4538 2643 4580; x_wconf 83' lang='lat' dir='ltr'><strong>vocare</strong></span> <span class='ocrx_word' id='word_1_694' title='bbox 2700 4522 2934 4592; x_wconf 90' lang='lat' dir='ltr'><strong>licebit;</strong></span> <span class='ocrx_word' id='word_1_695' title='bbox 2986 4537 3039 4582; x_wconf 90' lang='lat' dir='ltr'><strong>et</strong></span> <span class='ocrx_word' id='word_1_696' title='bbox 3086 4521 3179 4583; x_wconf 84' lang='lat' dir='ltr'><strong>his</strong></span> <span class='ocrx_word' id='word_1_697' title='bbox 3219 4528 3389 4599; x_wconf 77' lang='lat' dir='ltr'><strong>igitur</strong></span> <span class='ocrx_word' id='word_1_698' title='bbox 3437 4530 3592 4587; x_wconf 88' lang='lat' dir='ltr'><strong>haud</strong></span> 
     </span>
    </p>
   </div>
   <div class='ocr_carea' id='block_1_94' title="bbox 211 4611 3594 4690">
    <p class='ocr_par' dir='ltr' id='par_1_94' title="bbox 211 4611 3594 4690">
     <span class='ocr_line' id='line_1_95' title="bbox 211 4611 3594 4690; baseline 0.001 -19"><span class='ocrx_word' id='word_1_699' title='bbox 211 4615 370 4673; x_wconf 89' lang='lat' dir='ltr'><strong>dubie</strong></span> <span class='ocrx_word' id='word_1_700' title='bbox 399 4616 659 4690; x_wconf 90' lang='lat' dir='ltr'><strong>optimus</strong></span> <span class='ocrx_word' id='word_1_701' title='bbox 699 4613 838 4674; x_wconf 85' lang='lat' dir='ltr'><strong>eris,</strong></span> <span class='ocrx_word' id='word_1_702' title='bbox 865 4611 923 4667; x_wconf 89' lang='lat' dir='ltr'><strong>id</strong></span> <span class='ocrx_word' id='word_1_703' title='bbox 981 4612 1137 4685; x_wconf 92' lang='lat' dir='ltr'><strong>quod</strong></span> <span class='ocrx_word' id='word_1_704' title='bbox 1169 4620 1322 4669; x_wconf 90' lang='lat' dir='ltr'><strong>recte</strong></span> <span class='ocrx_word' id='word_1_705' title='bbox 1379 4612 1516 4668; x_wconf 90' lang='lat' dir='ltr'><strong>hinc</strong></span> <span class='ocrx_word' id='word_1_706' title='bbox 1569 4627 1839 4685; x_wconf 88' lang='lat' dir='ltr'><strong>auguror,</strong></span> <span class='ocrx_word' id='word_1_707' title='bbox 1900 4614 2173 4684; x_wconf 89' lang='lat' dir='ltr'><strong>quoniam</strong></span> <span class='ocrx_word' id='word_1_708' title='bbox 2232 4616 2287 4668; x_wconf 89' lang='lat' dir='ltr'><strong>et</strong></span> <span class='ocrx_word' id='word_1_709' title='bbox 2345 4617 2509 4668; x_wconf 90' lang='lat' dir='ltr'><strong>tuum</strong></span> <span class='ocrx_word' id='word_1_710' title='bbox 2568 4613 2865 4684; x_wconf 85' lang='lat' dir='ltr'><strong>ingenium</strong></span> <span class='ocrx_word' id='word_1_711' title='bbox 2919 4615 3260 4686; x_wconf 90' lang='lat' dir='ltr'><strong>hujusmodi</strong></span> <span class='ocrx_word' id='word_1_712' title='bbox 3317 4619 3594 4675; x_wconf 90' lang='lat' dir='ltr'><strong>delectari</strong></span> 
     </span>
    </p>
   </div>
   <div class='ocr_carea' id='block_1_95' title="bbox 208 4701 3592 4778">
    <p class='ocr_par' dir='ltr' id='par_1_95' title="bbox 208 4701 3592 4778">
     <span class='ocr_line' id='line_1_96' title="bbox 208 4701 3592 4778; baseline 0.002 -20"><span class='ocrx_word' id='word_1_713' title='bbox 208 4704 362 4761; x_wconf 87' lang='lat' dir='ltr'><strong>rebus</strong></span> <span class='ocrx_word' id='word_1_714' title='bbox 392 4709 761 4778; x_wconf 87' lang='lat' dir='ltr'><strong>perspectum</strong></span> <span class='ocrx_word' id='word_1_715' title='bbox 795 4703 998 4771; x_wconf 90' lang='lat' dir='ltr'><strong>habeo,</strong></span> <span class='ocrx_word' id='word_1_716' title='bbox 1032 4707 1090 4758; x_wconf 90' lang='lat' dir='ltr'><strong>et</strong></span> <span class='ocrx_word' id='word_1_717' title='bbox 1122 4707 1396 4774; x_wconf 88' lang='lat' dir='ltr'><strong>perpetua</strong></span> <span class='ocrx_word' id='word_1_718' title='bbox 1428 4702 1541 4758; x_wconf 88' lang='lat' dir='ltr'><strong>mei</strong></span> <span class='ocrx_word' id='word_1_719' title='bbox 1572 4702 1722 4773; x_wconf 87' lang='lat' dir='ltr'><strong>apud</strong></span> <span class='ocrx_word' id='word_1_720' title='bbox 1756 4707 1813 4759; x_wconf 90' lang='lat' dir='ltr'><strong>te</strong></span> <span class='ocrx_word' id='word_1_721' title='bbox 1868 4703 2021 4775; x_wconf 88' lang='lat' dir='ltr'><strong>viget</strong></span> <span class='ocrx_word' id='word_1_722' title='bbox 2079 4701 2388 4757; x_wconf 87' lang='lat' dir='ltr'><strong>memoria:</strong></span> <span class='ocrx_word' id='word_1_723' title='bbox 2444 4703 2575 4769; x_wconf 90' lang='lat' dir='ltr'><strong>mei,</strong></span> <span class='ocrx_word' id='word_1_724' title='bbox 2628 4704 2889 4774; x_wconf 88' lang='lat' dir='ltr'><strong>inquam.</strong></span> <span class='ocrx_word' id='word_1_725' title='bbox 2924 4705 3200 4773; x_wconf 87' lang='lat' dir='ltr'><strong>hominis,</strong></span> <span class='ocrx_word' id='word_1_726' title='bbox 3235 4709 3385 4777; x_wconf 91' lang='lat' dir='ltr'><strong>quod</strong></span> <span class='ocrx_word' id='word_1_727' title='bbox 3424 4725 3592 4765; x_wconf 90' lang='lat' dir='ltr'><strong>nemo</strong></span> 
     </span>
    </p>
   </div>
   <div class='ocr_carea' id='block_1_96' title="bbox 208 4791 3592 4872">
    <p class='ocr_par' dir='ltr' id='par_1_96' title="bbox 208 4791 3592 4872">
     <span class='ocr_line' id='line_1_97' title="bbox 208 4791 3592 4872; baseline 0.002 -22"><span class='ocrx_word' id='word_1_728' title='bbox 208 4796 391 4867; x_wconf 88' lang='lat' dir='ltr'><strong>nescit,</strong></span> <span class='ocrx_word' id='word_1_729' title='bbox 422 4794 650 4852; x_wconf 90' lang='lat' dir='ltr'><strong>minimi</strong></span> <span class='ocrx_word' id='word_1_730' title='bbox 675 4794 846 4867; x_wconf 90' lang='lat' dir='ltr'><strong>plane</strong></span> <span class='ocrx_word' id='word_1_731' title='bbox 877 4792 1065 4864; x_wconf 88' lang='lat' dir='ltr'><strong>pretii.</strong></span> <span class='ocrx_word' id='word_1_732' title='bbox 1097 4791 1241 4847; x_wconf 89' lang='lat' dir='ltr'><strong>Nam</strong></span> <span class='ocrx_word' id='word_1_733' title='bbox 1272 4808 1397 4864; x_wconf 64' lang='lat' dir='ltr'><strong>qua:</strong></span> <span class='ocrx_word' id='word_1_734' title='bbox 1429 4791 1851 4849; x_wconf 76' lang='lat' dir='ltr'><strong>Maronitarum</strong></span> <span class='ocrx_word' id='word_1_735' title='bbox 1882 4792 2378 4865; x_wconf 87' lang='lat' dir='ltr'><strong>Siphniorumque</strong></span> <span class='ocrx_word' id='word_1_736' title='bbox 2406 4792 2645 4850; x_wconf 85' lang='lat' dir='ltr'><strong>Athenis</strong></span> <span class='ocrx_word' id='word_1_737' title='bbox 2676 4796 2821 4851; x_wconf 89' lang='lat' dir='ltr'><strong>ratio</strong></span> <span class='ocrx_word' id='word_1_738' title='bbox 2846 4796 2874 4850; x_wconf 86' lang='lat'><strong>?</strong></span> <span class='ocrx_word' id='word_1_739' title='bbox 2905 4795 3120 4853; x_wconf 90' lang='lat' dir='ltr'><strong>Verum</strong></span> <span class='ocrx_word' id='word_1_740' title='bbox 3155 4806 3213 4852; x_wconf 88' lang='lat' dir='ltr'><strong>tu</strong></span> <span class='ocrx_word' id='word_1_741' title='bbox 3259 4813 3361 4855; x_wconf 78' lang='lat' dir='ltr'><strong>tua</strong></span> <span class='ocrx_word' id='word_1_742' title='bbox 3402 4800 3592 4872; x_wconf 90' lang='lat' dir='ltr'><strong>ipsius</strong></span> 
     </span>
    </p>
   </div>
   <div class='ocr_carea' id='block_1_97' title="bbox 208 4880 3590 4957">
    <p class='ocr_par' dir='ltr' id='par_1_97' title="bbox 208 4880 3590 4957">
     <span class='ocr_line' id='line_1_98' title="bbox 208 4880 3590 4957; baseline 0.002 -19"><span class='ocrx_word' id='word_1_743' title='bbox 208 4885 403 4953; x_wconf 91' lang='lat' dir='ltr'><strong>indole,</strong></span> <span class='ocrx_word' id='word_1_744' title='bbox 436 4891 495 4940; x_wconf 88' lang='lat' dir='ltr'><strong>et</strong></span> <span class='ocrx_word' id='word_1_745' title='bbox 544 4886 649 4941; x_wconf 88' lang='lat' dir='ltr'><strong>abs</strong></span> <span class='ocrx_word' id='word_1_746' title='bbox 698 4883 1024 4953; x_wconf 85' lang='lat' dir='ltr'><strong>temetipso,</strong></span> <span class='ocrx_word' id='word_1_747' title='bbox 1066 4880 1311 4937; x_wconf 88' lang='lat' dir='ltr'><strong>honesta</strong></span> <span class='ocrx_word' id='word_1_748' title='bbox 1359 4880 1552 4953; x_wconf 64' lang='lat' dir='ltr'><strong>glorias</strong></span> <span class='ocrx_word' id='word_1_749' title='bbox 1606 4882 1942 4955; x_wconf 87' lang='lat' dir='ltr'><strong>cupiditate,</strong></span> <span class='ocrx_word' id='word_1_750' title='bbox 1992 4884 2064 4938; x_wconf 88' lang='lat' dir='ltr'><strong>ad</strong></span> <span class='ocrx_word' id='word_1_751' title='bbox 2113 4883 2171 4939; x_wconf 89' lang='lat' dir='ltr'><strong>id</strong></span> <span class='ocrx_word' id='word_1_752' title='bbox 2222 4884 2620 4955; x_wconf 67' lang='lat' dir='ltr'><strong>praestandum</strong></span> <span class='ocrx_word' id='word_1_753' title='bbox 2670 4886 2999 4957; x_wconf 86' lang='lat' dir='ltr'><strong>adduceris,</strong></span> <span class='ocrx_word' id='word_1_754' title='bbox 3050 4888 3161 4942; x_wconf 88' lang='lat' dir='ltr'><strong>nisi</strong></span> <span class='ocrx_word' id='word_1_755' title='bbox 3214 4890 3455 4946; x_wconf 88' lang='lat' dir='ltr'><strong>fortasse</strong></span> <span class='ocrx_word' id='word_1_756' title='bbox 3488 4907 3590 4947; x_wconf 88' lang='lat' dir='ltr'><strong>nos</strong></span> 
     </span>
    </p>
   </div>
   <div class='ocr_carea' id='block_1_98' title="bbox 209 4971 3587 5049">
    <p class='ocr_par' dir='ltr' id='par_1_98' title="bbox 209 4971 3587 5049">
     <span class='ocr_line' id='line_1_99' title="bbox 209 4971 3587 5049; baseline 0.003 -22"><span class='ocrx_word' id='word_1_757' title='bbox 209 4973 331 5030; x_wconf 87' lang='lat' dir='ltr'><strong>item</strong></span> <span class='ocrx_word' id='word_1_758' title='bbox 356 4976 411 5031; x_wconf 91' lang='lat' dir='ltr'><strong>in</strong></span> <span class='ocrx_word' id='word_1_759' title='bbox 447 4976 730 5031; x_wconf 87' lang='lat' dir='ltr'><strong>bonorum</strong></span> <span class='ocrx_word' id='word_1_760' title='bbox 762 4973 1010 5029; x_wconf 89' lang='lat' dir='ltr'><strong>virorum</strong></span> <span class='ocrx_word' id='word_1_761' title='bbox 1051 4988 1295 5028; x_wconf 92' lang='lat' dir='ltr'><strong>numero</strong></span> <span class='ocrx_word' id='word_1_762' title='bbox 1341 4972 1468 5028; x_wconf 90' lang='lat' dir='ltr'><strong>ideo</strong></span> <span class='ocrx_word' id='word_1_763' title='bbox 1509 4971 1880 5030; x_wconf 90' lang='lat' dir='ltr'><strong>collocandos</strong></span> <span class='ocrx_word' id='word_1_764' title='bbox 1931 4989 2157 5042; x_wconf 87' lang='lat' dir='ltr'><strong>censes,</strong></span> <span class='ocrx_word' id='word_1_765' title='bbox 2191 4974 2464 5045; x_wconf 90' lang='lat' dir='ltr'><strong>quoniam</strong></span> <span class='ocrx_word' id='word_1_766' title='bbox 2502 4979 2662 5031; x_wconf 88' lang='lat' dir='ltr'><strong>tuam</strong></span> <span class='ocrx_word' id='word_1_767' title='bbox 2693 4977 2966 5048; x_wconf 88' lang='lat' dir='ltr'><strong>gratiam,</strong></span> <span class='ocrx_word' id='word_1_768' title='bbox 3000 4977 3048 5032; x_wconf 88' lang='lat' dir='ltr'><strong>si</strong></span> <span class='ocrx_word' id='word_1_769' title='bbox 3081 4994 3218 5049; x_wconf 87' lang='lat' dir='ltr'><strong>pace</strong></span> <span class='ocrx_word' id='word_1_770' title='bbox 3249 4983 3350 5035; x_wconf 90' lang='lat' dir='ltr'><strong>tua</strong></span> <span class='ocrx_word' id='word_1_771' title='bbox 3382 4981 3467 5036; x_wconf 88' lang='lat' dir='ltr'><strong>fas</strong></span> <span class='ocrx_word' id='word_1_772' title='bbox 3502 4982 3587 5036; x_wconf 83' lang='lat' dir='ltr'><strong>di-</strong></span> 
     </span>
    </p>
   </div>
   <div class='ocr_carea' id='block_1_99' title="bbox 206 5060 2867 5137">
    <p class='ocr_par' dir='ltr' id='par_1_99' title="bbox 206 5060 2867 5137">
     <span class='ocr_line' id='line_1_100' title="bbox 206 5060 2867 5137; baseline 0.001 -20"><span class='ocrx_word' id='word_1_773' title='bbox 206 5078 307 5132; x_wconf 89' lang='lat' dir='ltr'><strong>ere,</strong></span> <span class='ocrx_word' id='word_1_774' title='bbox 338 5063 633 5122; x_wconf 88' lang='lat' dir='ltr'><strong>consecuti</strong></span> <span class='ocrx_word' id='word_1_775' title='bbox 665 5078 893 5131; x_wconf 89' lang='lat' dir='ltr'><strong>sumus,</strong></span> <span class='ocrx_word' id='word_1_776' title='bbox 916 5077 1028 5133; x_wconf 91' lang='lat' dir='ltr'><strong>quo</strong></span> <span class='ocrx_word' id='word_1_777' title='bbox 1059 5060 1204 5117; x_wconf 88' lang='lat' dir='ltr'><strong>nihil</strong></span> <span class='ocrx_word' id='word_1_778' title='bbox 1235 5077 1426 5133; x_wconf 90' lang='lat' dir='ltr'><strong>neque</strong></span> <span class='ocrx_word' id='word_1_779' title='bbox 1456 5060 1705 5124; x_wconf 85' lang='lat' dir='ltr'><strong>dulcius,</strong></span> <span class='ocrx_word' id='word_1_780' title='bbox 1734 5078 1920 5135; x_wconf 90' lang='lat' dir='ltr'><strong>neque</strong></span> <span class='ocrx_word' id='word_1_781' title='bbox 1952 5064 2021 5118; x_wconf 80' lang='lat' dir='ltr'><strong>ad</strong></span> <span class='ocrx_word' id='word_1_782' title='bbox 2051 5079 2224 5119; x_wconf 88' lang='lat' dir='ltr'><strong>usum</strong></span> <span class='ocrx_word' id='word_1_783' title='bbox 2258 5063 2488 5120; x_wconf 81' lang='lat' dir='ltr'><strong>felicius</strong></span> <span class='ocrx_word' id='word_1_784' title='bbox 2520 5081 2645 5121; x_wconf 88' lang='lat' dir='ltr'><strong>esse</strong></span> <span class='ocrx_word' id='word_1_785' title='bbox 2675 5069 2867 5137; x_wconf 88' lang='lat' dir='ltr'><strong>queat.</strong></span> 
     </span>
    </p>
   </div>
   <div class='ocr_carea' id='block_1_100' title="bbox 268 5146 1844 5227">
    <p class='ocr_par' dir='ltr' id='par_1_100' title="bbox 268 5146 1824 5225">
     <span class='ocr_line' id='line_1_101' title="bbox 268 5146 1824 5225; baseline -0.001 -18"><span class='ocrx_word' id='word_1_786' title='bbox 268 5157 338 5209; x_wconf 72' lang='lat' dir='ltr'><strong>A&#39;.</strong></span> <span class='ocrx_word' id='word_1_787' title='bbox 370 5154 469 5217; x_wconf 80' lang='grc' dir='ltr'><strong>Οἷς</strong></span> <span class='ocrx_word' id='word_1_788' title='bbox 499 5154 694 5207; x_wconf 77' lang='grc' dir='ltr'>ἅπασιν</span> <span class='ocrx_word' id='word_1_789' title='bbox 727 5152 892 5224; x_wconf 76' lang='grc' dir='ltr'>ἡμεῖς</span> <span class='ocrx_word' id='word_1_790' title='bbox 926 5146 1269 5225; x_wconf 80' lang='grc' dir='ltr'>ἇντιδίδομὲν</span> <span class='ocrx_word' id='word_1_791' title='bbox 1305 5148 1447 5207; x_wconf 81' lang='grc' dir='ltr'>ἄλλο</span> <span class='ocrx_word' id='word_1_792' title='bbox 1500 5151 1594 5224; x_wconf 72' lang='grc' dir='ltr'><strong>μὶν</strong></span> <span class='ocrx_word' id='word_1_793' title='bbox 1630 5147 1783 5206; x_wconf 78' lang='grc' dir='ltr'>οὐδέν</span> <span class='ocrx_word' id='word_1_794' title='bbox 1812 5169 1824 5183; x_wconf 87' lang='grc'><strong>·</strong></span> 
     </span>
    </p>
   </div>
   <div class='ocr_carea' id='block_1_101' title="bbox 1955 5146 3588 5227">
    <p class='ocr_par' dir='ltr' id='par_1_101' title="bbox 2014 5152 3588 5227">
     <span class='ocr_line' id='line_1_102' title="bbox 2014 5152 3588 5227; baseline 0.006 -22"><span class='ocrx_word' id='word_1_795' title='bbox 2014 5152 2105 5206; x_wconf 91' lang='lat' dir='ltr'><strong>IV.</strong></span> <span class='ocrx_word' id='word_1_796' title='bbox 2140 5152 2360 5218; x_wconf 88' lang='lat' dir='ltr'><strong>Quibus</strong></span> <span class='ocrx_word' id='word_1_797' title='bbox 2386 5154 2657 5210; x_wconf 89' lang='lat' dir='ltr'><strong>omnibus</strong></span> <span class='ocrx_word' id='word_1_798' title='bbox 2682 5154 2825 5210; x_wconf 91' lang='lat' dir='ltr'><strong>nihil</strong></span> <span class='ocrx_word' id='word_1_799' title='bbox 2859 5170 2964 5210; x_wconf 88' lang='lat' dir='ltr'><strong>nos</strong></span> <span class='ocrx_word' id='word_1_800' title='bbox 2994 5155 3257 5227; x_wconf 87' lang='lat' dir='ltr'><strong>equidem</strong></span> <span class='ocrx_word' id='word_1_801' title='bbox 3305 5157 3461 5215; x_wconf 88' lang='lat' dir='ltr'><strong>aliud</strong></span> <span class='ocrx_word' id='word_1_802' title='bbox 3496 5173 3588 5215; x_wconf 79' lang='lat' dir='ltr'><strong>re&#39;</strong></span> 
     </span>
    </p>
   </div>
   <div class='ocr_carea' id='block_1_102' title="bbox 209 5237 1831 5319">
    <p class='ocr_par' dir='ltr' id='par_1_102' title="bbox 209 5237 1831 5319">
     <span class='ocr_line' id='line_1_103' title="bbox 209 5237 1831 5319; baseline -0.001 -24"><span class='ocrx_word' id='word_1_803' title='bbox 209 5241 261 5295; x_wconf 73' lang='grc' dir='ltr'><strong>οὐ</strong></span> <span class='ocrx_word' id='word_1_804' title='bbox 290 5242 386 5319; x_wconf 79' lang='grc' dir='ltr'><strong>γὰρ</strong></span> <span class='ocrx_word' id='word_1_805' title='bbox 417 5241 536 5297; x_wconf 84' lang='grc' dir='ltr'>οἷόν</span> <span class='ocrx_word' id='word_1_806' title='bbox 588 5262 646 5297; x_wconf 89' lang='grc' dir='ltr'><strong>τε</strong></span> <span class='ocrx_word' id='word_1_807' title='bbox 685 5237 800 5296; x_wconf 79' lang='grc' dir='ltr'>οὐδ’</span> <span class='ocrx_word' id='word_1_808' title='bbox 832 5239 883 5295; x_wconf 82' lang='grc' dir='ltr'>ἐν</span> <span class='ocrx_word' id='word_1_809' title='bbox 940 5239 1160 5301; x_wconf 90' lang='grc' dir='ltr'>τούτοις</span> <span class='ocrx_word' id='word_1_810' title='bbox 1211 5242 1406 5313; x_wconf 66' lang='grc' dir='ltr'>ἡμεῖς’</span> <span class='ocrx_word' id='word_1_811' title='bbox 1460 5242 1528 5312; x_wconf 82' lang='grc' dir='ltr'><strong>τῇ</strong></span> <span class='ocrx_word' id='word_1_812' title='bbox 1580 5238 1724 5313; x_wconf 79' lang='grc' dir='ltr'>τύχῃ</span> <span class='ocrx_word' id='word_1_813' title='bbox 1774 5238 1831 5294; x_wconf 78' lang='grc' dir='ltr'>δὲ</span> 
     </span>
    </p>
   </div>
   <div class='ocr_carea' id='block_1_103' title="bbox 209 5328 1833 5406">
    <p class='ocr_par' dir='ltr' id='par_1_103' title="bbox 209 5328 1833 5406">
     <span class='ocr_line' id='line_1_104' title="bbox 209 5328 1833 5406; baseline -0.001 -22"><span class='ocrx_word' id='word_1_814' title='bbox 209 5332 353 5405; x_wconf 73' lang='grc' dir='ltr'>χάριν</span> <span class='ocrx_word' id='word_1_815' title='bbox 381 5330 602 5400; x_wconf 78' lang='grc' dir='ltr'>εἰδότες,</span> <span class='ocrx_word' id='word_1_816' title='bbox 638 5332 722 5386; x_wconf 84' lang='grc' dir='ltr'><strong>δτι</strong></span> <span class='ocrx_word' id='word_1_817' title='bbox 753 5352 837 5385; x_wconf 83' lang='grc' dir='ltr'><strong>σοι</strong></span> <span class='ocrx_word' id='word_1_818' title='bbox 869 5331 1136 5406; x_wconf 73' lang='grc' dir='ltr'>παρεσχεν</span> <span class='ocrx_word' id='word_1_819' title='bbox 1188 5329 1515 5404; x_wconf 79' lang='grc' dir='ltr'>ἀποχρῶσαν</span> <span class='ocrx_word' id='word_1_820' title='bbox 1565 5328 1704 5399; x_wconf 76' lang='grc' dir='ltr'>ὕλην</span> <span class='ocrx_word' id='word_1_821' title='bbox 1756 5328 1833 5393; x_wconf 66' lang='grc' dir='ltr'>εἷς</span> 
     </span>
    </p>
   </div>
   <div class='ocr_carea' id='block_1_104' title="bbox 205 5417 1826 5494">
    <p class='ocr_par' dir='ltr' id='par_1_104' title="bbox 205 5417 1826 5494">
     <span class='ocr_line' id='line_1_105' title="bbox 205 5417 1826 5494; baseline -0.001 -20"><span class='ocrx_word' id='word_1_822' title='bbox 205 5417 438 5494; x_wconf 71' lang='grc' dir='ltr'>ἐπίδειξιν</span> <span class='ocrx_word' id='word_1_823' title='bbox 469 5429 566 5491; x_wconf 81' lang='grc' dir='ltr'>τῆς</span> <span class='ocrx_word' id='word_1_824' title='bbox 600 5427 698 5489; x_wconf 83' lang='grc' dir='ltr'><strong>σῆς</strong></span> <span class='ocrx_word' id='word_1_825' title='bbox 729 5419 925 5491; x_wconf 76' lang='grc' dir='ltr'>ἀρετῆς</span> <span class='ocrx_word' id='word_1_826' title='bbox 1057 5420 1255 5481; x_wconf 73' lang='grc' dir='ltr'>πάντας</span> <span class='ocrx_word' id='word_1_827' title='bbox 1310 5418 1604 5492; x_wconf 68' lang='grc' dir='ltr'>ἐξέπληξας</span> <span class='ocrx_word' id='word_1_828' title='bbox 1630 5437 1641 5449; x_wconf 89' lang='grc'><strong>·</strong></span> <span class='ocrx_word' id='word_1_829' title='bbox 1682 5418 1826 5493; x_wconf 76' lang='grc' dir='ltr'>μᾶλ-</span> 
     </span>
    </p>
   </div>
   <div class='ocr_carea' id='block_1_105' title="bbox 207 5506 1826 5587">
    <p class='ocr_par' dir='ltr' id='par_1_105' title="bbox 207 5506 1826 5587">
     <span class='ocr_line' id='line_1_106' title="bbox 207 5506 1826 5587; baseline -0.001 -24"><span class='ocrx_word' id='word_1_830' title='bbox 207 5509 292 5563; x_wconf 75' lang='grc' dir='ltr'><strong>λον</strong></span> <span class='ocrx_word' id='word_1_831' title='bbox 322 5506 375 5564; x_wconf 69' lang='grc' dir='ltr'>δὲ</span> <span class='ocrx_word' id='word_1_832' title='bbox 404 5513 492 5564; x_wconf 80' lang='grc' dir='ltr'><strong>καὶ</strong></span> <span class='ocrx_word' id='word_1_833' title='bbox 523 5510 888 5587; x_wconf 86' lang='grc' dir='ltr'>συγχαίρομεν</span> <span class='ocrx_word' id='word_1_834' title='bbox 922 5512 1085 5584; x_wconf 82' lang='grc' dir='ltr'>ταύτῃ</span> <span class='ocrx_word' id='word_1_835' title='bbox 1110 5528 1122 5540; x_wconf 89' lang='grc'><strong>·</strong></span> <span class='ocrx_word' id='word_1_836' title='bbox 1160 5510 1243 5564; x_wconf 80' lang='grc' dir='ltr'>ὅτι</span> <span class='ocrx_word' id='word_1_837' title='bbox 1290 5508 1525 5583; x_wconf 77' lang='grc' dir='ltr'>καθάπερ</span> <span class='ocrx_word' id='word_1_838' title='bbox 1555 5511 1681 5571; x_wconf 78' lang='grc' dir='ltr'>τοὺς</span> <span class='ocrx_word' id='word_1_839' title='bbox 1734 5506 1826 5562; x_wconf 69' lang='grc' dir='ltr'><strong>ἄλ-</strong></span> 
     </span>
    </p>
   </div>
   <div class='ocr_carea' id='block_1_106' title="bbox 208 5596 1822 5673">
    <p class='ocr_par' dir='ltr' id='par_1_106' title="bbox 208 5596 1822 5673">
     <span class='ocr_line' id='line_1_107' title="bbox 208 5596 1822 5673; baseline -0.001 -20"><span class='ocrx_word' id='word_1_840' title='bbox 208 5598 324 5660; x_wconf 83' lang='grc' dir='ltr'>λους</span> <span class='ocrx_word' id='word_1_841' title='bbox 353 5600 440 5654; x_wconf 75' lang='grc' dir='ltr'><strong>καὶ</strong></span> <span class='ocrx_word' id='word_1_842' title='bbox 472 5600 526 5654; x_wconf 61' lang='grc' dir='ltr'><strong>σε</strong></span> <span class='ocrx_word' id='word_1_843' title='bbox 567 5597 806 5655; x_wconf 78' lang='grc' dir='ltr'>δοκοῦσα</span> <span class='ocrx_word' id='word_1_844' title='bbox 835 5605 1085 5673; x_wconf 84' lang='grc' dir='ltr'>κοσμεῖν,</span> <span class='ocrx_word' id='word_1_845' title='bbox 1100 5600 1203 5653; x_wconf 73' lang='grc' dir='ltr'><strong>ὑπὸ</strong></span> <span class='ocrx_word' id='word_1_846' title='bbox 1234 5604 1341 5653; x_wconf 81' lang='grc' dir='ltr'><strong>τῶν</strong></span> <span class='ocrx_word' id='word_1_847' title='bbox 1370 5601 1475 5652; x_wconf 81' lang='grc' dir='ltr'>σῶν</span> <span class='ocrx_word' id='word_1_848' title='bbox 1512 5596 1643 5668; x_wconf 69' lang='grc' dir='ltr'>αὕτη</span> <span class='ocrx_word' id='word_1_849' title='bbox 1668 5596 1822 5652; x_wconf 83' lang='grc' dir='ltr'>κεκό-</span> 
     </span>
    </p>
   </div>
   <div class='ocr_carea' id='block_1_107' title="bbox 1946 5241 3589 5316">
    <p class='ocr_par' dir='ltr' id='par_1_107' title="bbox 1946 5241 3589 5316">
     <span class='ocr_line' id='line_1_108' title="bbox 1946 5241 3589 5316; baseline 0.004 -20"><span class='ocrx_word' id='word_1_850' title='bbox 1946 5241 2277 5312; x_wconf 89' lang='lat' dir='ltr'><strong>pendimus,</strong></span> <span class='ocrx_word' id='word_1_851' title='bbox 2311 5243 2545 5315; x_wconf 88' lang='lat' dir='ltr'><strong>quando</strong></span> <span class='ocrx_word' id='word_1_852' title='bbox 2615 5243 2737 5299; x_wconf 87' lang='lat' dir='ltr'><strong>fieri</strong></span> <span class='ocrx_word' id='word_1_853' title='bbox 2798 5243 2907 5299; x_wconf 91' lang='lat' dir='ltr'><strong>hoc</strong></span> <span class='ocrx_word' id='word_1_854' title='bbox 2964 5244 3183 5316; x_wconf 91' lang='lat' dir='ltr'><strong>nequit,</strong></span> <span class='ocrx_word' id='word_1_855' title='bbox 3229 5262 3332 5302; x_wconf 91' lang='lat' dir='ltr'><strong>nec</strong></span> <span class='ocrx_word' id='word_1_856' title='bbox 3390 5262 3454 5303; x_wconf 88' lang='lat' dir='ltr'><strong>ea</strong></span> <span class='ocrx_word' id='word_1_857' title='bbox 3485 5264 3589 5303; x_wconf 85' lang='lat' dir='ltr'><strong>nos</strong></span> 
     </span>
    </p>
   </div>
   <div class='ocr_carea' id='block_1_108' title="bbox 1940 5331 3587 5408">
    <p class='ocr_par' dir='ltr' id='par_1_108' title="bbox 1940 5331 3587 5408">
     <span class='ocr_line' id='line_1_109' title="bbox 1940 5331 3587 5408; baseline 0.004 -21"><span class='ocrx_word' id='word_1_858' title='bbox 1940 5331 2275 5389; x_wconf 88' lang='lat' dir='ltr'><strong>conditione</strong></span> <span class='ocrx_word' id='word_1_859' title='bbox 2304 5349 2535 5399; x_wconf 88' lang='lat' dir='ltr'><strong>sumus,</strong></span> <span class='ocrx_word' id='word_1_860' title='bbox 2570 5333 2681 5389; x_wconf 89' lang='lat' dir='ltr'><strong>nisi</strong></span> <span class='ocrx_word' id='word_1_861' title='bbox 2732 5337 2796 5388; x_wconf 89' lang='lat' dir='ltr'><strong>ut</strong></span> <span class='ocrx_word' id='word_1_862' title='bbox 2826 5333 3064 5390; x_wconf 65' lang='lat' dir='ltr'><strong>fortuna:</strong></span> <span class='ocrx_word' id='word_1_863' title='bbox 3121 5341 3313 5408; x_wconf 88' lang='lat' dir='ltr'><strong>grates</strong></span> <span class='ocrx_word' id='word_1_864' title='bbox 3371 5336 3587 5394; x_wconf 89' lang='lat' dir='ltr'><strong>habea-</strong></span> 
     </span>
    </p>
   </div>
   <div class='ocr_carea' id='block_1_109' title="bbox 1942 5421 3587 5494">
    <p class='ocr_par' dir='ltr' id='par_1_109' title="bbox 1942 5421 3587 5494">
     <span class='ocr_line' id='line_1_110' title="bbox 1942 5421 3587 5494; baseline 0.002 -16"><span class='ocrx_word' id='word_1_865' title='bbox 1942 5436 2096 5490; x_wconf 89' lang='lat' dir='ltr'><strong>mus,</strong></span> <span class='ocrx_word' id='word_1_866' title='bbox 2129 5438 2256 5494; x_wconf 69' lang='lat' dir='ltr'><strong>quaa</strong></span> <span class='ocrx_word' id='word_1_867' title='bbox 2288 5421 2393 5479; x_wconf 90' lang='lat' dir='ltr'><strong>tibi</strong></span> <span class='ocrx_word' id='word_1_868' title='bbox 2415 5423 2686 5479; x_wconf 88' lang='lat' dir='ltr'><strong>idoneam</strong></span> <span class='ocrx_word' id='word_1_869' title='bbox 2719 5438 2914 5479; x_wconf 89' lang='lat' dir='ltr'><strong>rerum</strong></span> <span class='ocrx_word' id='word_1_870' title='bbox 2983 5425 3286 5481; x_wconf 84' lang='lat' dir='ltr'><strong>materiam</strong></span> <span class='ocrx_word' id='word_1_871' title='bbox 3321 5442 3587 5483; x_wconf 86' lang='lat' dir='ltr'><strong>exseren-</strong></span> 
     </span>
    </p>
   </div>
   <div class='ocr_carea' id='block_1_110' title="bbox 1938 5509 3579 5587">
    <p class='ocr_par' dir='ltr' id='par_1_110' title="bbox 1938 5509 3579 5587">
     <span class='ocr_line' id='line_1_111' title="bbox 1938 5509 3579 5587; baseline 0.003 -23"><span class='ocrx_word' id='word_1_872' title='bbox 1938 5509 2022 5564; x_wconf 66' lang='lat' dir='ltr'><strong>de</strong></span> <span class='ocrx_word' id='word_1_873' title='bbox 2056 5512 2289 5567; x_wconf 88' lang='lat' dir='ltr'><strong>virtutis</strong></span> <span class='ocrx_word' id='word_1_874' title='bbox 2324 5518 2461 5581; x_wconf 63' lang='lat' dir='ltr'><strong>tua,</strong></span> <span class='ocrx_word' id='word_1_875' title='bbox 2491 5527 2605 5584; x_wconf 90' lang='lat' dir='ltr'><strong>qua</strong></span> <span class='ocrx_word' id='word_1_876' title='bbox 2635 5516 2877 5567; x_wconf 87' lang='lat' dir='ltr'><strong>cunctos</strong></span> <span class='ocrx_word' id='word_1_877' title='bbox 2909 5513 2965 5567; x_wconf 90' lang='lat' dir='ltr'><strong>in</strong></span> <span class='ocrx_word' id='word_1_878' title='bbox 3015 5518 3312 5584; x_wconf 87' lang='lat' dir='ltr'><strong>stuporem</strong></span> <span class='ocrx_word' id='word_1_879' title='bbox 3352 5516 3579 5587; x_wconf 86' lang='lat' dir='ltr'><strong>dedisti,</strong></span> 
     </span>
    </p>
   </div>
   <div class='ocr_carea' id='block_1_111' title="bbox 1937 5598 3575 5676">
    <p class='ocr_par' dir='ltr' id='par_1_111' title="bbox 1937 5598 3575 5676">
     <span class='ocr_line' id='line_1_112' title="bbox 1937 5598 3575 5676; baseline 0.006 -21"><span class='ocrx_word' id='word_1_880' title='bbox 1937 5598 2147 5672; x_wconf 89' lang='lat' dir='ltr'><strong>largita</strong></span> <span class='ocrx_word' id='word_1_881' title='bbox 2188 5600 2316 5657; x_wconf 88' lang='lat' dir='ltr'><strong>fuit.</strong></span> <span class='ocrx_word' id='word_1_882' title='bbox 2350 5601 2476 5656; x_wconf 89' lang='lat' dir='ltr'><strong>Sive</strong></span> <span class='ocrx_word' id='word_1_883' title='bbox 2507 5600 2592 5656; x_wconf 89' lang='lat' dir='ltr'><strong>illi</strong></span> <span class='ocrx_word' id='word_1_884' title='bbox 2624 5602 2818 5673; x_wconf 89' lang='lat' dir='ltr'><strong>potius</strong></span> <span class='ocrx_word' id='word_1_885' title='bbox 2842 5600 3227 5673; x_wconf 88' lang='lat' dir='ltr'><strong>gratulamur,</strong></span> <span class='ocrx_word' id='word_1_886' title='bbox 3271 5604 3424 5676; x_wconf 92' lang='lat' dir='ltr'><strong>quod</strong></span> <span class='ocrx_word' id='word_1_887' title='bbox 3444 5622 3575 5665; x_wconf 89' lang='lat' dir='ltr'><strong>cum</strong></span> 
     </span>
    </p>
   </div>
  </div>
