4154 6216
429 393 548 453 387

1737 389 2133 450 THEODULI
2179 387 2529 449 MONACHI

3723 389 3848 451 388

431 526 490 578 te
519 517 756 590 perinde
795 522 969 590 atque
1023 521 1257 572 cmleros
1315 532 1521 572 ornare
1567 515 1690 572 visa
1746 522 1921 582 esset,
1957 516 2072 570 tuis

2211 536 2417 587 πμηται,
2449 513 2513 570 ου
2547 518 2771 588 μεῖον,ἢ
2799 517 2929 580 τοὺς
2959 514 3168 581 ἄλλους
3194 515 3332 587 αὕτη
3365 521 3562 589 κοσμεῖ
3587 537 3598 549 ⁸
3635 518 3698 572 ού
3731 520 3846 592 γὰρ

430 611 554 683 ipsa
587 625 700 664 non
735 606 927 662 minus
959 609 1235 662 exornata
1281 605 1605 661 luminibus
1669 604 1858 672 fuerit,
1897 621 2071 676 quam

432 700 559 770 ipsa
589 697 732 753 alios
791 698 973 751 ornet.
1028 696 1254 767 Quippe
1296 711 1410 751 non
1469 695 1539 750 ad
1600 711 1666 750 ea
1725 695 1918 758 modo,
1951 709 2075 764 quae

434 804 582 860 opus
613 790 770 850 sunt,
803 789 957 841 recte
988 784 1360 854 intelligenda
1391 801 1529 840 sane
1559 800 1734 856 quam
1779 783 2077 854 perspicax

435 891 518 942 es,
553 874 672 929 sive
705 873 921 929 rectius
955 890 967 928 :
1019 871 1186 928 Viam
1230 872 1490 928 invenire
1521 876 1830 944 promptus
1861 888 1890 926 e
1931 869 2078 926 sale-

435 964 555 1021 bris
588 961 782 1028 meris,
812 969 872 1016 ut
902 961 983 1016 ait
1008 961 1312 1034 Eschylus
1332 963 1538 1034 (Προμ.
1569 967 1730 1032 Δετμ.
1761 959 2078 1032 59);atque

435 1053 603 1123 longe
632 1051 788 1108 idem
816 1050 948 1106 aliis
979 1049 1253 1106 omnibus
1283 1049 1609 1120 sapientius
1640 1049 1698 1104 in
1726 1066 1786 1106 re
1815 1065 2074 1122 quacun-

438 1159 552 1216 que
582 1139 898 1214 proposita,
932 1156 1061 1212 qua:
1090 1156 1157 1195 ex
1206 1155 1312 1195 usu
1365 1139 1635 1211 praesenti
1683 1138 1824 1209 sint,
1856 1154 1988 1194 cum
2020 1140 2081 1196 in

438 1232 698 1290 medium
754 1229 1011 1285 consulis
1059 1229 1370 1300 verbisque
1411 1227 1684 1299 explicas,
1729 1235 1847 1283 tum
1905 1229 2084 1300 digna

439 1320 823 1394 prudentibus
854 1318 1111 1376 consiliis
1134 1320 1356 1375 ratione
1385 1335 1555 1390 opere
1573 1319 1700 1390 ipso
1725 1319 2082 1390 exsequeris,

439 1417 613 1482 atque
643 1411 722 1466 ita
778 1409 1013 1481 quidem
1072 1414 1247 1476 certe,
1281 1409 1445 1482 quasi
1506 1426 1622 1465 non
1675 1407 1786 1464 alio
1833 1409 2082 1481 expediri

441 1519 532 1559 res
559 1499 731 1556 modo
774 1503 995 1570 posset,
1055 1514 1254 1554 verum
1310 1499 1510 1565 etiam,
1578 1497 1750 1553 melle
1797 1497 2083 1553 dulciorm

441 1591 726 1662 linguam,
761 1604 874 1661 pra:
905 1589 1142 1644 Neslore
1173 1587 1272 1642 illo
1311 1587 1632 1656 Homerico,
1665 1583 1795 1656 (Ἰλ.
1829 1586 1894 1653 α’,
1933 1586 2086 1658 249.)

441 1680 642 1743 habes,
671 1679 921 1748 {tuisque
981 1675 1152 1747 plane
1192 1677 1248 1730 in
1290 1675 1468 1732 labris
1527 1677 1707 1730 suada
1760 1675 2084 1732 efﬂorescit.

443 1773 532 1842 (ex
566 1767 867 1839 Eupolide.
903 1766 1210 1836 Δήμοις),
1243 1771 1298 1820 et
1337 1765 1554 1821 ﬂumen
1606 1765 1888 1821 orationis
1913 1781 2086 1836 quam

2185 604 2308 658 ὅσον
2340 601 2513 667 δεινὰς
2543 604 2576 658 ’ἁ
2607 613 2847 679 προσῆκε
2876 612 3109 661 συνεῖναι
3133 625 3147 638 ⁶
3197 604 3414 679 μᾶλλον
3460 607 3554 678 μὲν
3600 605 3694 660 οὖν
3744 606 3844 660 καὶ

2181 691 2349 766 πόρον
2396 693 2446 766 ἐξ
2496 692 2799 770 ἀμηχάνων
2848 695 2966 748 γατ⁹
2994 694 3277 770 Αἰσχύλον
3327 696 3529 770 εὑρεῖν,
3561 695 3650 750 καὶ
3706 698 3844 770 περὶ

2183 781 2381 842 παντὸς
2440 781 2498 837 ἂν
2554 781 2774 855 ἄμεινον
2832 789 3028 845 παντὸς
3103 785 3328 840 ὁτουοῦν
3414 781 3842 859 βεϐουλεῦσθαι,

2184 871 2274 925 καὶ
2332 870 2499 926 εἰπεῖν
2555 872 2621 927 τὰ
2677 871 2883 948 καίρια,
2915 873 3004 928 καὶ
3061 876 3256 947 πρᾶξαι
3302 877 3413 928 τῶν
3461 869 3844 948 βεϐουλευμέ-

2184 981 2287 1014 νων
2347 961 2528 1031 ἁξίως,
2562 965 2653 1017 καὶ
2711 963 2789 1024 ὡς
2845 961 2944 1017 οὐκ
2999 963 3058 1018 ἂν
3109 962 3296 1026 ἄλλως
3330 963 3512 1036 ἐξείη’
3544 962 3693 1020 ἀλλὰ
3738 965 3842 1020 καὶ

2185 1050 2436 1124 γλῶτταν
2493 1049 2633 1121 ἡδίω
2693 1051 2915 1124 μέλιτος
2977 1050 3156 1128 ’ίσχεις
3235 1054 3368 1128 ὑπὲρ
3434 1054 3525 1109 τὸν
3583 1055 3842 1127 Ὀμήρου

2190 1138 2469 1213 Νέστορα·
2515 1141 2605 1195 καί
2654 1161 2750 1195 σου
2788 1143 2960 1196 πειθὼ
3005 1147 3122 1204 τοῖς
3173 1141 3414 1218 χείλεσιν
3454 1141 3707 1198 ἐπανθεῖ·
3741 1145 3838 1198 καὶ

2189 1231 2302 1303 ῥεῖς
2361 1229 2491 1306 ἄγαν
2535 1227 2872 1304 περιδεξίως,
2903 1233 2990 1286 καὶ
3043 1237 3159 1294 τοῖς
3206 1233 3520 1308 πράγμασιν
3563 1233 3841 1312 ἀτεχνῶς.

2190 1318 2278 1380 Τίς
2337 1316 2396 1374 δὲ
2451 1318 2594 1375 οὕτω
2650 1325 2766 1382 τοῖς
2823 1325 2952 1375 πᾶσι
3011 1322 3254 1394 χρηστὸς
3295 1322 3385 1376 καὶ
3444 1321 3716 1392 ἐπιεικὴς,
3742 1323 3846 1376 καὶ

2194 1410 2328 1484 πρὸς
2359 1411 2453 1470 τὰς
2493 1413 2602 1464 τῶν
2643 1413 2972 1483 πενεστὲρων
3017 1409 3242 1484 ὁμιλίας
3293 1409 3642 1486 εύπροσόδως
3686 1406 3846 1490 ἔχων

2193 1497 2283 1552 καὶ
2340 1496 2570 1573 ἱλαρῶς,
2604 1497 2785 1573 ὥσπερ
2840 1519 2923 1560 τις
2971 1502 3154 1573 πατήρ
3185 1500 3352 1568 ἤπιος
3380 1493 3481 1570 ἔξω
3511 1502 3710 1562 παντὸς
3740 1504 3848 1555 τοῦ

2193 1594 2292 1656 τῆς
2319 1588 2496 1662 τύχης
2529 1588 2780 1659 εἰκότος;
2815 1590 2994 1651 Μόνος
3055 1587 3113 1644 δὲ
3158 1589 3220 1645 σὺ
3269 1593 3377 1646 τῶν
3421 1589 3665 1662 δημοσίᾳ
3719 1593 3851 1646 πώ-

2193 1697 2324 1732 ποτε
2381 1676 2857 1751 πολιτευσαμένων
2923 1679 2985 1734 οὗ
3043 1677 3280 1734 πλοῦτον
3325 1679 3632 1754 ἐθαύμασας
3709 1679 3844 1736 ἄδι-

2197 1786 2312 1836 κον,
2345 1763 2458 1821 οὐδ’
2487 1764 2624 1829 ἰδίας
2682 1767 2838 1822 ἕνεκα
2894 1768 3202 1840 πλεονεξίας
3263 1771 3325 1823 τὸ
3373 1773 3532 1843 κοινῇ
3569 1769 3852 1847 συμφέρον

443 1857 804 1923 dexterrime,
841 1856 1131 1926 rebusque
1187 1854 1328 1925 ipsis
1378 1855 1926 1911 convenientissime
1962 1854 2087 1908 fun-

2211 1853 2470 1929 παρεῖδες,
2531 1852 2826 1928 λαμϐάνων
2892 1858 3012 1912 ὅθεν
3091 1858 3298 1933 μέμψις
3376 1853 3702 1932 λαμϐάνειν,
3751 1860 3850 1914 καὶ

445 1944 556 2001 dis.
590 1942 798 1998 Adhaec
829 1941 958 2013 quis
1015 1957 1180 2012 teque
1235 1957 1371 2013 erga
1428 1958 1631 1998 omnes
1676 1942 1993 2008 beneficus,
2034 1944 2090 1996 et

447 2031 812 2090 tenuioribus
835 2031 976 2087 adeo
1008 2029 1176 2086 facile
1207 2029 1483 2100 affabilis,
1517 2041 1571 2086 et
1601 2032 1800 2101 comis,
1835 2036 1900 2086 ut
1931 2032 2089 2086 mitis

450 2120 741 2198 quispiam
805 2124 968 2192 pater
997 2117 1098 2191 (Ὶλ
1141 2119 1199 2172 ω’
1246 2120 1394 2190 770),
1456 2119 1631 2190 idque
1687 2125 1888 2178 contra
1917 2137 2092 2192 quam

450 2217 697 2272 fortunae
725 2212 968 2286 locoque
997 2216 1097 2268 tuo
1128 2218 1583 2269 consentaneum
1615 2229 1740 2270 esse
1781 2214 2046 2269 videatur
2068 2213 2097 2268 ?

451 2305 562 2362 Sed
595 2310 653 2359 et
681 2319 746 2358 ex
769 2301 862 2372 iis,
895 2302 994 2374 qui
1029 2301 1147 2357 ullo
1181 2317 1433 2374 unquam
1458 2319 1599 2372 avo,
1636 2302 1695 2358 in
1745 2303 1974 2374 publico
2007 2319 2095 2360 re-

453 2410 583 2452 rum
616 2390 870 2447 civilium
898 2399 1027 2447 actu
1074 2390 1284 2446 versati
1341 2392 1520 2458 fuere,
1582 2407 1733 2447 unus
1799 2397 1861 2448 tu
1919 2409 2096 2464 opum

453 2485 803 2554 injustarum
837 2479 1296 2552 haudquaquam
1331 2481 1572 2537 mirator
1629 2481 1814 2549 fuisti,
1856 2498 1960 2538 nec
1988 2481 2098 2552 pri-

453 2583 650 2631 vatum
683 2572 1054 2628 commodum
1088 2575 1256 2626 tuum
1291 2571 1618 2628 rationibus
1649 2571 1976 2645 reipublicae
1998 2589 2102 2628 an-

457 2663 677 2736 tiquius
707 2660 986 2727 habuisti,
1018 2660 1355 2732 accipiendo
1386 2661 1664 2718 nimirum
1698 2661 1851 2718 unde
1874 2664 2106 2734 probro~

461 2769 595 2809 sum
636 2755 789 2807 esset
829 2749 1110 2822 accipere,
1171 2755 1228 2805 et
1279 2751 1432 2805 unde
1489 2750 1588 2806 alii
1637 2768 1774 2808 suas
1841 2751 2108 2825 lugerent

458 2843 722 2914 jacturas
751 2857 764 2903 ;
800 2839 918 2894 imo
963 2855 1097 2894 vero
1130 2843 1188 2893 tu
1245 2839 1490 2907 honesti,
1521 2845 1580 2894 et
1619 2841 1788 2910 justi,
1822 2847 1881 2896 et
1919 2841 2106 2898 decori

469 2930 730 2987 ordinem
752 2928 811 2984 in
845 2927 1116 2984 omnibus
1142 2929 1520 2990 observando.
1552 2930 1726 2985 etiam
1761 2929 2112 2986 maledicen-

469 3018 732 3076 tissimos
779 3032 1040 3090 quosque
1087 3016 1534 3073 calumniatores
1583 3021 1818 3073 tuarum
1871 3018 2112 3074 laudum

474 3125 768 3182 praecones
808 3113 1012 3164 nactus
1044 3125 1128 3164 es.
1161 3108 1442 3164 Caeterum
1468 3111 1622 3181 quod
1658 3109 1746 3166 vel
1786 3111 1972 3167 solum
2005 3109 2115 3167 ad-

473 3209 780 3266 miratione
819 3206 1064 3278 dignum
1121 3209 1230 3274 est,
1291 3207 1555 3278 quodque
1613 3208 1808 3286 omnia
1851 3209 2116 3265 omnium

2197 1947 2318 2000 ὅθεν
2375 1943 2550 2020 ἕτεροι
2607 1944 2973 2001 κλαύσονται’
3029 1945 3178 2002 ἀλλὰ
3233 1947 3332 2016 τήν
3375 1952 3476 2003 τοῦ
3521 1949 3696 2004 καλοῦ
3754 1949 3853 2003 καὶ

2199 2031 2410 2090 δικαίου
2469 2035 2556 2089 καὶ
2614 2033 2912 2110 πρέποντος
2969 2035 3114 2107 τάξιν
3160 2033 3250 2092 διὰ
3296 2039 3512 2094 πάντων
3559 2035 3858 2114 φυλάττων

2200 2123 2288 2178 καὶ
2344 2127 2474 2186 τοὺς
2529 2127 2626 2179 τοῦ
2688 2125 2988 2198 βασκαίνειν
3045 2126 3300 2200 τεχνίτας
3355 2125 3636 2188 ἐπαινέτας
3693 2127 3860 2199 ἐκτή-

2207 2235 2305 2272 σω.
2337 2213 2511 2270 ’Δλλὰ
2572 2214 2667 2286 μὲν
2723 2215 2784 2269 τὸ
2847 2215 3007 2288 μόνον
3059 2215 3334 2288 θαύματος
3383 2214 3556 2286 ἄξιον,
3587 2215 3678 2272 καὶ
3709 2223 3862 2272 πᾶσα

2202 2302 2421 2380 γλῶσσα
2473 2309 2590 2366 τοῖς
2647 2310 2808 2358 πᾶσιν
2845 2304 2951 2372 ἀεὶ,
2983 2307 3016 2373 ἡ
3077 2306 3200 2378 περὶ
3243 2305 3340 2368 τὰς
3394 2305 3601 2377 μούσας
3632 2309 3857 2382 κατοχὴ

2204 2395 2294 2450 καὶ
2355 2393 2610 2471 βακχεία,
2642 2395 2730 2449 καὶ
2778 2395 2840 2450 τὸ
2893 2396 3037 2469 παρὰ
3094 2393 3304 2450 πάντων
3361 2395 3412 2450 έν
3462 2397 3678 2459 τούτοις
3717 2397 3866 2473 ἀφε-

2209 2483 2440 2552 στηκόςο
2499 2475 2708 2537 ἅπαντα
2763 2481 2862 2556 γὰρ
2911 2481 3088 2558 λόγων
3149 2480 3267 2552 εἵδη
3344 2484 3434 2538 καὶ
3501 2491 3673 2538 πᾶσαν
3734 2483 3864 2539 ἐπι-

2209 2573 2426 2644 στήμην
2485 2573 2664 2646 φέρεις
2730 2570 2781 2624 έν
2838 2574 2907 2644 τῇ
2964 2574 3157 2646 ψυχῇο
3218 2573 3309 2626 καὶ
3369 2569 3521 2628 οὐδὲν
3563 2575 3594 2628 ὅ
3641 2594 3696 2627 τι
3755 2574 3864 2628 ούκ

2213 2657 2415 2734 ὄίκρως,
2469 2659 2546 2723 εἰς
2626 2662 2692 2730 ἣν
2781 2663 2986 2715 ἅπαντα
3071 2662 3334 2738 χρήματα
3411 2662 3861 2738 συγκεράννυται,

2215 2747 2396 2825 ὥσπερ
2440 2748 2516 2813 ε’ίς
2545 2771 2664 2804 τινα
2693 2753 2935 2824 κρατῆρα
2964 2751 3144 2806 κοινόν
3173 2771 3184 2783 ·
3216 2752 3310 2806 καὶ
3367 2753 3469 2807 οὐκ
3519 2749 3622 2828 ἄρα
3678 2753 3863 2826 ῥητο-

2218 2846 2376 2913 ρικῆς
2419 2839 2603 2913 μόνον,
2640 2837 2764 2894 οὐδὲ
2807 2846 2906 2908 τῆς
2954 2845 3052 2895 τοῦ
3103 2839 3396 2904 Πλάτωνος
3447 2839 3695 2911 τελετῆς,
3731 2839 3866 2898 οὐδὲ

2219 2929 2420 2998 ταύτης
2474 2929 2508 2998 ἢ
2571 2928 2778 2999 ἐκείνης
2834 2935 2936 2998 τῆς
2991 2927 3302 3002 ἐπιστήμης
3359 2924 3470 2985 ἔστι
3529 2951 3616 2984 σοι
3647 2930 3861 3007 λόγος·

2223 3016 2368 3072 ἀλλὰ
2412 3016 2502 3072 καὶ
2537 3017 2571 3086 ἢ
2619 3021 2727 3072 τῶν
2773 3015 3057 3090 Ὀλύμπου
3104 3017 3442 3094 πραγμάτων
3491 3015 3868 3095 δημαγωγοὺς

2222 3105 2536 3174 ἀνθρώπους
2566 3111 2714 3160 ποιεῖ
2741 3105 2830 3160 καὶ
2861 3105 3118 3183 σοφιστὰς
3147 3102 3199 3159 έν
3235 3105 3430 3181 αἰθέρι,
3463 3105 3685 3162 οὐκέτ’
3728 3107 3873 3162 ἐπι·

2225 3195 2458 3269 ψαύειν
2510 3193 2662 3249 ποσὶ
2708 3195 2907 3268 γαίης
2965 3191 3353 3265 δοκοῦντας,
3394 3194 3552 3250 ὅταν
3610 3193 3876 3270 ἄστρων

471 3316 569 3354 ora
606 3269 952 3370 linguasque
1005 3269 1284 3368 perpetuo
1307 3269 1603 3368 'ocou-pat,
1650 3272 1792 3352 tuus
1829 3296 1934 3354 iste
1964 3299 2103 3356 circa

2229 3284 2503 3346 πυκινὰς
2553 3281 3024 3362 ἂμφιδρόμους
3074 3283 3435 3359 ἱχνεύωσιν
3481 3282 3754 3350 ἕλικας·
3809 3288 3874 3342 οὗ

471 3389 666 3445 Musas
701 3385 933 3442 afﬂatus
964 3390 1018 3442 et
1067 3385 1367 3442 bacchatio
1397 3390 1505 3458 est,
1547 3389 1604 3442 et
1634 3385 1694 3442 in
1727 3387 1799 3442 iis
1843 3403 2118 3445 concessa

469 3478 546 3534 ab
571 3477 846 3533 omnibus
880 3473 1316 3548 palma.0mnes
1329 3474 1486 3530 enim
1517 3475 1846 3532 orationum
1870 3477 2112 3549 species,

468 3583 711 3623 omnera
722 3564 1024 3622 scientiam
1042 3563 1307 3620 inanimo
1329 3563 1695 3636 circumfers,
1710 3565 1973 3638 nihilque
1996 3583 2115 3624 non

469 3653 1025 3713 excellentissimum
1057 3653 1118 3709 in
1150 3653 1410 3709 modum.
1448 3653 1533 3710 Ita
1563 3669 1694 3712 vero
1725 3655 1784 3710 in
1807 3655 2115 3712 animotuo

471 3761 784 3803 resomnes
813 3743 990 3817 probe
1031 3743 1324 3816 permistae
1390 3749 1551 3812 sunt,
1611 3743 1768 3801 velut
1833 3744 1892 3800 in
1950 3761 2112 3801 com—

470 3837 631 3894 muni
655 3837 909 3908 quodam
940 3838 1180 3891 cratere.
1213 3835 1386 3906 Atqui
1421 3851 1526 3891 nec
1572 3841 1728 3892 artes
1770 3836 1960 3892 solum
1993 3853 2118 3892 ora-

470 3926 670 3994 torias,
703 3941 891 3996 neque
921 3941 1084 3980 sacra
1115 3928 1172 3980 et
1205 3923 1368 3979 initia
1407 3923 1720 3990 Platonica,
1761 3941 1946 3994 neque
1967 3925 2117 3981 hanc

472 4017 754 4071 duntaxat
783 4015 1062 4085 illamque
1094 4013 1458 4086 disciplinam
1489 4015 1986 4084 complectendam
2011 4014 2116 4070 tibi

471 4104 705 4173 statuis,
738 4105 836 4160 sed
872 4103 1032 4159 illam
1065 4103 1288 4170 itidem,
1317 4119 1444 4175 quae
1478 4103 1748 4159 homines
1778 4120 1972 4160 rerum
1996 4120 2118 4161 cm-

473 4193 705 4251 lestium
756 4193 1098 4264 interpretes
1142 4192 1523 4264 doctoresque
1554 4191 1836 4265 publicos,
1869 4197 1926 4248 et
1957 4209 2114 4250 exer-

473 4285 676 4343 citatos
721 4283 781 4340 in
834 4284 1042 4340 aethere
1098 4283 1436 4355 sophistas:
1497 4283 1655 4340 Haud
1700 4285 1848 4340 ultra
1891 4285 2119 4356 pedibus

472 4378 783 4446 contingere
808 4383 1032 4436 terram,
1067 4372 1246 4430 videri
1261 4373 1418 4442 facit,
1451 4390 1583 4430 cum
1603 4373 2046 4430 demassiderum
2066 4379 2119 4431 et

475 4465 824 4522 revalubileis
855 4466 1032 4535 spiras
1055 4465 1316 4534 orbesque
1361 4463 1647 4534 vestigant.
1689 4465 1868 4536 Cujus
1899 4465 2116 4536 negotii

477 4570 751 4626 perquam
787 4552 992 4624 exigua
1044 4559 1101 4611 et
1147 4553 1412 4619 vulgaria
1470 4559 1674 4611 nactus
1713 4554 1999 4622 subsidia,
2048 4557 2118 4610 ad

2229 3377 2424 3448 μικρὰς
2484 3371 2550 3444 δή
2607 3393 2752 3436 τινας
2820 3374 2911 3428 καὶ
2971 3372 3177 3452 φαύλος
3209 3371 3454 3452 εἰληφὼς
3485 3374 3760 3454 άφυρμὰς,
3794 3375 3876 3438 εἰς

2223 3457 2409 3537 ἔσχατ⁹
2439 3462 2635 3538 ἀφίκου
2691 3468 2790 3532 τῆς
2841 3461 3151 3535 ἐπιστήμης
3203 3461 3389 3530 αὐτὸς,
3427 3467 3508 3534 τῷ
3570 3463 3718 3538 παρᾶ
3775 3469 3876 3519 σοῦ

2224 3551 2524 3628 πεφυκότι·
2585 3551 2704 3607 ὅθεν
2780 3552 2867 3606 καὶ
2945 3559 3044 3621 τῆς
3105 3549 3418 3624 ⁶Ολυμπίου
3494 3553 3875 3628 προσηγορίας

2225 3639 2559 3716 δικαιότερος
2619 3639 2680 3696 ἂν
2728 3639 2842 3712 ε’ίης
2898 3642 3189 3716 τυγχάνειν
3238 3643 3403 3704 αὐτὸς
3453 3645 3652 3706 παντὸς
3713 3650 3877 3719 Περι-

2223 3729 2450 3792 κλέουςο
2487 3731 2548 3785 σὺ
2580 3727 2626 3785 δ’
2657 3728 2708 3784 ἰν
2739 3729 3040 3784 τοσούντων
3075 3726 3350 3806 ἐπομϐρίᾳ
3378 3728 3699 3809 φροντίδων,
3737 3729 3875 3805 μηδ’

2223 3821 2471 3877 ἀναπνεῖν
2537 3821 2611 3884 ὡς
2683 3820 2850 3875 εἰπεῖν
2905 3819 3106 3888 έωσῶν,
3167 3819 3256 3875 καὶ
3335 3819 3539 3897 λόγουσ
3613 3821 3874 3878 ἑκάστοτε

2225 3909 2425 3972 τίκτεις
2472 3911 2672 3972 παντὸς
2724 3907 3084 3984 σχολάζοντα,
3117 3910 3268 3984 ῥᾷον,
3303 3911 3448 3965 οὕτω
3496 3908 3560 3981 δή
3612 3931 3699 3966 τοι
3731 3932 3877 3987 κρα-

2223 4001 2441 4062 τίστους
2490 4000 2579 4054 καὶ
2629 3999 3115 4072 πεφροντισμένως
3171 3993 3370 4074 ἁϐρῶς,
3415 3999 3490 4063 ὡς
3539 3997 3714 4055 δοκεῖν
3765 4002 3878 4057 ὕπὸ

2225 4093 2458 4146 Μουσῶν
2506 4109 2564 4143 τε
2612 4091 2700 4145 καὶ
2743 4088 2990 4161 Χαρίτων
3044 4087 3306 4168 ὓφάνθαι·
3353 4089 3442 4143 καὶ
3503 4090 3577 4152 ὡς
3629 4087 3765 4160 μηδ’
3812 4091 3875 4148 ἃν

2223 4180 2388 4242 αὐτὰς
2442 4179 2634 4240 ταύτας
2692 4173 3056 4234 ἀναϐαλέσθαι
3103 4177 3300 4251 ἥδιονσ
3362 4180 3506 4237 οὕτω
3561 4183 3700 4255 πρὸς
3777 4188 3880 4238 σοῦ

2231 4271 2400 4344 μόνου
2456 4271 2523 4324 τὰ
2567 4273 2792 4325 τοῖαῦτα
2842 4271 3138 4344 περαίνειν,
3205 4269 3248 4324 ὦ
3298 4273 3605 4346 πρόσχημα
3670 4273 3880 4348 τέχνης

2228 4358 2316 4415 καὶ
2374 4357 2552 4433 λόγων
2608 4359 2972 4432 αὐτοκράτορ,
3025 4357 3112 4412 καὶ
3169 4355 3362 4432 λογίου
3415 4359 3581 4421 τύπος
3639 4360 3878 4434 Ἑρμοῦ,

2227 4449 2318 4505 καὶ
2371 4449 2509 4524 πρὸς
2568 4445 2694 4508 τοὺς
2764 4444 2992 4518 ἄλλους,
3058 4445 3238 4522 ὥσπερ
3289 4448 3440 4510 ἀετὸς
3500 4448 3550 4504 έν
3601 4449 3882 4526 νεφέλαις.

2229 4547 2386 4599 Δοκεῖ
2444 4533 2658 4616 δέλμοι
2709 4541 2794 4596 καὶ
2858 4542 3181 4616 Πυθαγόρας
3235 4541 3464 4605 τούτους
3514 4541 3662 4613 ἰδὼν,
3693 4543 3739 4598 εὶ
3770 4544 3884 4617 γὰρ

481 4643 716 4702 ultimas
747 4642 1000 4700 scientiae
1031 4642 1194 4699 illius
1228 4653 1410 4700 metas
1442 4643 1621 4700 insita
1658 4643 1878 4716 ingenii
1909 4644 1962 4699 vi
1996 4660 2098 4716 pro

2231 4631 2320 4688 καὶ
2371 4632 2559 4708 πόῤῥω
2616 4635 2783 4686 ταῦτα
2829 4635 2926 4685 τοῦ
2993 4632 3106 4685 καθ’
3167 4633 3314 4704 ἡμᾶς
3392 4628 3699 4706 συνεδρίου,
3746 4632 3886 4689 ἀλλ’

477 4741 677 4791 vectus
708 4749 788 4788 es.
823 4731 987 4789 Unde
1027 4737 1083 4789 et
1113 4732 1365 4806 Olympii
1397 4737 1846 4805 cognomentum
1887 4732 2127 4790 meliore

481 4825 648 4895 plane
680 4825 826 4896 iure,
862 4839 1038 4895 quam
1073 4824 1322 4880 Pericles
1361 4824 1644 4896 quispiam
1698 4825 1955 4880 mereris.
1989 4823 2121 4880 Jam

480 4922 540 4970 tu
570 4913 756 4970 etiam
787 4913 934 4970 inter
956 4917 1041 4968 tot
1069 4929 1364 4980 curarum,
1396 4929 1526 4985 qua
1548 4918 1626 4980 te,
1660 4930 1836 4986 prope
1857 4914 2124 4982 dixerim,

480 5005 573 5058 vix
620 5003 891 5075 spiritum
953 5002 1164 5058 ducere
1213 5001 1439 5071 sinunt,
1502 5003 1740 5058 imbreis
1808 5003 2126 5058 identidem

483 5098 674 5150 tamen
737 5091 1024 5148 orationes
1075 5091 1241 5162 paris,
1300 5098 1472 5163 atque
1527 5093 1752 5149 minore
1791 5092 1846 5148 id
1890 5092 2127 5163 quidem

482 5180 714 5256 negotio
747 5196 924 5253 quam
957 5179 1110 5236 alius
1165 5179 1480 5253 quisquam
1534 5180 1650 5236 otio
1700 5181 2039 5250 abundans;
2075 5192 2132 5237 et

482 5272 586 5328 has
619 5271 760 5327 adeo
793 5275 1156 5342 praestantes,
1183 5271 1326 5326 adeo
1362 5269 1522 5327 molli
1573 5275 1631 5326 et
1663 5270 2132 5327 delicatoelabo-

2237 4721 2328 4778 οὖν
2374 4723 2610 4795 εἰρήσθω
2657 4742 2743 4797 γε,
2791 4721 2992 4783 ἐκεῖνος
3044 4721 3218 4776 τοίνον
3272 4719 3421 4797 ε’ίπερ
3471 4722 3634 4797 έώρα,
3687 4721 3893 4798 ἔφησεν

2233 4811 2292 4868 ἄν
2339 4833 2395 4868 σε
2423 4813 2520 4882 τὴν
2556 4811 2933 4884 Δημοσθένους
2981 4809 3017 4880 ἢ
3065 4811 3360 4872 Πλάτωνος
3404 4813 3591 4891 ψυχὴν
3643 4811 3889 4888 ἐσχηκέο

2233 4924 2318 4958 ναι
2343 4921 2356 4934 ·
2386 4901 2594 4956 τούτων
2642 4899 2708 4970 δὴ
2757 4905 2864 4956 τῶν
2916 4906 3022 4956 σῶν
3073 4905 3162 4956 νῦν
3219 4901 3312 4974 μὲν
3343 4901 3589 4977 ἑταίρων,
3621 4901 3796 4958 πάλαι
3830 4901 3894 4960 δὶ

2237 4996 2586 5067 γυμναστῶν,
2637 4989 2874 5055 πολλοῖς
2929 4990 3018 5046 καὶ
3079 4991 3340 5066 μεγάλοις
3399 4988 3738 5065 ἐρειδόμενος
3797 5013 3890 5048 τε.-

2239 5084 2528 5160 κμηρίοις,
2560 5082 2702 5138 οὕτω
2749 5103 2834 5136 τοι
2880 5082 3055 5137 πάντα
3099 5083 3167 5138 τὰ
3214 5083 3279 5138 σὰ
3330 5081 3616 5150 διαπαντὸς
3643 5089 3741 5140 τοῦ
3790 5107 3896 5141 κα-

2241 5174 2354 5236 λῶς
2413 5172 2644 5243 ἥκοντος
2693 5169 2845 5250 *ίσχει
2882 5191 2894 5204 ⁸
2955 5173 3044 5228 καὶ
3120 5169 3190 5227 δι’
3265 5173 3502 5250 ἀνάγκης
3567 5173 3898 5232 έθελουσίου

2243 5266 2556 5340 θαυμαστὰς
2589 5263 2826 5322 ἅπαντας
2865 5265 3146 5335 κέκτησαι.

489 5367 643 5418 ratas
673 5359 878 5429 filo,ut
910 5377 943 5416 a
975 5359 1156 5416 Musis
1206 5359 1348 5432 ipsis
1379 5359 1712 5432 Gratiisque
1769 5368 2036 5431 pertexta
2073 5361 2396 5427 videantur,
2453 5362 2510 5414 et
2565 5364 2628 5412 ut
2676 5372 2749 5412 ne
2803 5355 2889 5412 hs:
2939 5356 3178 5428 quidem
3214 5359 3352 5429 ipsa:
3419 5360 3654 5416 suavius
3719 5363 3902 5434 quid-

493 5452 623 5508 dam
657 5449 1052 5518 modulentur,
1083 5450 1224 5506 adeo
1250 5459 1414 5505 tuum
1469 5449 1645 5506 unius
1674 5465 1818 5522 opus
1848 5455 1958 5516 est,
1990 5449 2112 5505 haec
2144 5449 2392 5520 perfecte
2449 5451 2744 5520 praeters,
2803 5462 2834 5502 ο
2894 5447 3102 5520 ingens
3158 5451 3302 5504 artis
3359 5449 3536 5520 hujus
3595 5451 3797 5520 decus,
3839 5460 3904 5510 et

494 5541 812 5613 imperator
841 5539 1192 5609 orationum,
1223 5544 1279 5595 et
1337 5539 1606 5596 Mercurii
1665 5539 1946 5596 facundia
1996 5538 2258 5611 praesidis
2312 5537 2556 5610 effigies,
2615 5545 2668 5592 et
2709 5549 2845 5591 cum
2891 5537 3024 5594 aliis
3055 5537 3281 5610 collato,
3312 5540 3469 5596 velut
3505 5540 3702 5612 aquila
3731 5557 3902 5614 quae-

498 5633 632 5687 dam
662 5631 718 5686 in
756 5631 1032 5686 nubibus.
1062 5629 1302 5686 Videtur
1325 5631 1518 5701 itaque
1559 5629 1704 5686 mihi
1761 5631 2132 5703 Pythagoras,
2159 5628 2296 5685 visis
2350 5628 2714 5684 orationibus
2763 5628 2900 5694 tuis,
2960 5646 3298 5704 quanquam
3344 5632 3498 5687 enim
3551 5630 3725 5705 longe
3779 5633 3908 5691 hac

499 5724 768 5793 a,nostro
811 5719 1322 5791 (Christianorum)
1381 5719 1650 5791 synedrio
1707 5720 2040 5788 abhorrent,
2070 5725 2130 5776 at
2186 5717 2456 5774 dicantur
2491 5717 2594 5774 illa
2649 5724 2845 5776 tamen

2907 5737 2921 5777 :
2979 5721 3087 5778 has
3143 5719 3241 5777 ille
3297 5721 3473 5794 igitur
3527 5719 3577 5778 si
3628 5722 3910 5796 videsset,
