4154 6216
263 352 386 415 389

1199 347 1488 409 ORATIO
1535 347 1638 406 AD
1683 345 2086 408 NIPHONEM
2131 344 2726 409 PATRIARCHAM.

3507 304 3514 312 ’
3549 351 3669 414 390

266 483 414 539 haud
473 481 651 539 dubie
695 481 963 538 dicturus
1019 488 1159 549 erat,
1216 486 1272 538 te
1328 481 1745 540 Demosthenis
1843 485 1945 538 aut
1999 481 2254 537 Platonis
2305 481 2576 538 habuisse
2633 480 2915 546 animam,
2972 485 3205 539 tuorum
3266 483 3374 541 hoc
3433 485 3670 557 quidem

263 578 523 644 tempore
554 570 964 638 familiarium,
997 570 1136 627 olim
1168 579 1364 628 autem
1399 571 1834 644 magistrorum.
1876 571 1932 627 ld
1966 573 2119 642 quod
2182 570 2386 626 multis
2441 571 2792 643 magnisque
2849 571 3216 628 documentis
3265 573 3554 632 subnixus
3595 576 3674 632 di-

263 667 470 718 cturus
499 665 663 728 erat;
697 662 756 716 in
786 663 1018 716 tantum
1051 665 1154 717 tua
1181 661 1398 728 omnia,
1430 663 1578 731 quod
1614 661 1918 731 pulchrum
1967 666 2390 732 venustumque
2444 665 2551 728 est,
2601 659 2659 715 id
2727 660 2942 731 ubique
3003 666 3432 731 consectantur,
3492 669 3552 721 et
3607 670 3670 722 tu

262 751 598 807 voluntaria
627 751 880 822 quadam
914 751 1345 808 necessitudine
1371 751 1708 808 constrictos
1735 767 1941 808 omnes
1965 750 2348 808 admiratores
2375 753 2507 805 tuos
2540 749 2739 806 habes.

627 1134 2061 1312 ΘΕΟΔΟΥΛΟΥ
2199 1141 3362 1320 ΜΟΝΑΧΟΥ

1889 1406 2051 1457 ΗΤΟῙ

965 1580 1457 1712 ΘΩΜΑ
1557 1583 1904 1712 ΤΟΥ
2003 1581 3008 1714 ΜΑΓΙΣΤΡΟΥ

525 1816 742 1868 ΛΟΓΟΣ
783 1813 1357 1867 ΠΡΟΣΦΩΝΗΤΙΚΟΣ
1401 1816 1510 1866 ΕΙΣ
1549 1815 1681 1868 TON
1725 1815 2242 1867 ΠΑΝΔΓΙΩΤΔΤΟΝ
2285 1813 2397 1868 KAI
2438 1813 2964 1868 ΟΙΚΟΥΜΕΝΙΚΟΝ
3002 1815 3436 1871 ΠΑΤΡΙΑΡΧΗΝ

1737 1905 1882 1958 ΚΥΡ.
1925 1906 2222 1958 ΝΙΦΩΝΛ.

949 2200 1979 2368 THEODULI
2091 2201 3014 2368 MONACHI

1213 2628 1849 2751 THOM/E
1940 2627 2755 2751 MAGISTRI

1565 2846 1834 2904 ORATIO
1863 2847 2416 2904 GRATULATORIA

811 2939 1330 3006 SANCTISSIMO
1361 2941 1463 3002 ET
1505 2936 1984 3000 OECUMENICO
2017 2939 2561 3014 ΡΑΤΗῙΑΗΟΗιΕ,
2595 2941 2781 3002 DOM.
2813 2943 3170 3006 NIPHONI.

352 3277 436 3330 A'.
473 3267 698 3340 Ἐπειδὴ
756 3270 818 3324 σὺ
881 3271 976 3342 μὲν
1048 3274 1180 3326 Θεοῦ
1239 3265 1483 3329 διδόντος
1558 3277 1656 3333 τῆς
1718 3271 1936 3324 ἁπασῶν

2119 3277 2160 3332 Ι.
2198 3279 2581 3346 Posteaquam
2612 3277 2672 3328 tu
2707 3289 2911 3345 nuper,
2956 3274 3052 3331 Dei
3109 3289 3350 3330 munere
3397 3292 3464 3330 ac
3521 3275 3690 3332 bene-

283 3363 552 3437 μεγίστης
611 3357 808 3430 ἐπέϐης
865 3363 1066 3434 ἀρχῆς,
1099 3358 1286 3414 πολλᾶ
1347 3360 1605 3429 βιασθεὶς,
1657 3359 1744 3413 καὶ
1798 3359 1935 3434 πρὸς

283 3456 387 3520 τήν
439 3445 678 3524 ἀνάγκην
743 3451 842 3506 οὐκ
897 3449 1248 3523 ἀντειρηκὼς,
1306 3450 1368 3503 τὸ
1444 3447 1500 3504 δὲ
1575 3455 1674 3518 τῆς
1741 3451 1935 3524 φήμης

286 3541 634 3619 ἑκασταχόσε
681 3542 900 3613 παρῄει,
950 3539 1030 3600 τίς
1071 3537 1132 3592 ἂν
1183 3539 1350 3593 εἰπεῖν
1388 3532 1510 3612 ἔχοι
1565 3540 1656 3592 τὸν
1691 3557 1938 3614 συνενεχ-

291 3634 454 3686 θέντα
492 3631 690 3703 κρότον
747 3630 938 3684 ἅπασιν
967 3646 980 3696 ;
1011 3631 1088 3682 Οὐ
1137 3629 1242 3702 γὰρ
1289 3629 1341 3682 οἱ
1398 3629 1490 3700 μὲν
1535 3628 1733 3698 ταύτην
1785 3629 1938 3703 εἶχον

289 3722 396 3786 τήν
424 3720 675 3792 γνώμην,
709 3720 760 3772 οἱ
799 3715 846 3771 δ’
877 3719 1072 3792 ἒτὲρως
1117 3737 1212 3792 γε·
1247 3715 1371 3772 οὐδὲ
1419 3718 1619 3788 ταύτην
1665 3719 1762 3790 μὶν
1816 3719 1944 3772 πάν·

287 3830 403 3876 τες,
437 3807 500 3862 οὐ
543 3807 678 3862 κατὰ
723 3807 892 3860 ταυτα
937 3803 1012 3875 δὲ,
1047 3806 1120 3868 ὡς
1165 3805 1292 3866 τοὺς
1343 3807 1436 3879 μὲν
1473 3804 1710 3879 μᾶλλον,
1735 3807 1863 3870 τοῦς
1896 3805 1944 3861 δ’

286 3901 457 3966 ἧττον
488 3898 829 3972 γεγανῶσθαι
879 3898 948 3968 τῇ
989 3898 1174 3972 φήμῃ,
1206 3897 1297 3950 καὶ
1343 3895 1472 3956 τοὺς
1526 3895 1619 3967 μὶν
1672 3897 1747 3958 ὡς
1799 3895 1944 3966 ἀλη-

287 3989 424 4056 θῶς,
453 3988 582 4048 τοὺς
629 3983 674 4040 δ’
705 3985 758 4040 ἐν
805 3987 1098 4064 σχήματιυ
1144 3983 1270 4039 ἀλλ’
1316 3983 1498 4058 ὥσπερ
1541 3991 1730 4054 κοινῆς
1777 3985 1946 4060 εὐχῆς

282 4075 662 4146 τελεσθείσης,
721 4075 754 4144 ἤ
816 4095 962 4136 τινος
1039 4077 1176 4145 ἡμῖν
1239 4073 1491 4150 ἐξαίφνης
1567 4074 1658 4129 ἄπ’
1712 4075 1942 4146 οὐρανοῦ

282 4165 574 4226 κατιόντος
625 4164 708 4219 ἐπ’
767 4161 1094 4236 εὐδαιμονίᾳ
1147 4167 1245 4219 τοῦ
1291 4164 1500 4239 γένους,
1553 4164 1694 4219 οὕτω
1750 4167 1941 4224 πάντες

282 4256 383 4316 τὰς
446 4255 675 4330 γνώμας
733 4251 1018 4328 ἔσχομεν⁶
1055 4254 1140 4308 καί
1200 4274 1296 4324 μοι
1353 4251 1639 4325 δοκοῦμεν,
1693 4251 1824 4324 μηδ’
1885 4252 1944 4307 ἂν

290 4347 450 4401 αὐτοὶ
493 4341 833 4418 δεδεγμένοι,
878 4348 1142 4398 τοσοῦτον
1192 4345 1461 4412 ἡσθῆναι·
1513 4342 1726 4417 μᾶλλον
1769 4340 1826 4398 δὲ
1875 4345 1949 4406 ὼς

290 4435 351 4490 ἂν
414 4435 574 4490 αὐτοὶ
635 4431 972 4508 δεδεγμένοι,
1010 4432 1146 4508 μέγα
1205 4437 1531 4510 φρονοῦμεν,
1591 4431 1947 4507 λογιζόμενοι

295 4525 392 4598 μὲν
449 4525 518 4578 τὰ
575 4525 831 4596 πρόσθεν,
866 4522 1165 4584 ἐννοοῦντες
1216 4523 1274 4576 δὲ
1326 4522 1416 4576 καὶ
1452 4524 1518 4576 τὰ
1565 4525 1652 4575 νῦν
1707 4519 1795 4576 διὰ
1853 4525 1948 4574 σοῦ

293 4619 457 4668 πᾶσιν
533 4612 797 4684 ἐσόμενα⁶
886 4611 1278 4688 συγχαίροντες
1363 4612 1458 4683 μὶν
1523 4613 1658 4684 ἡμῖν
1737 4611 1944 4671 αὐτοῖς,

298 4702 691 4778 συγχαίροντες
735 4699 792 4755 δὲ
822 4701 912 4755 καὶ
951 4705 1112 4756 πᾶσιν
1145 4701 1452 4773 ἀνθρώποις
1478 4722 1491 4734 ·
1525 4700 1608 4754 ὅτι
1666 4706 1766 4768 τῆς
1815 4699 1952 4774 ἀγα-

307 4795 408 4860 θῆς
465 4792 647 4865 τύχης
707 4793 797 4844 νῦν
842 4790 1038 4852 πάντες
1081 4790 1154 4852 ὡς
1194 4788 1418 4858 ἀληθῶς
1448 4789 1833 4862 πειρασόμεθα,
1865 4789 1955 4842 καὶ

296 4887 390 4936 νῦν
464 4877 794 4953 εὐδαιμονία
855 4881 970 4952 μετ’
1009 4879 1308 4953 ἀνθρώπων
1367 4879 1596 4950 οἰκήσει,
1648 4877 1955 4950 ἐξαληλιμ-

305 4972 484 5043 μενων
523 4969 620 5042 μὲν
648 4968 920 5042 κατάκρας
951 4972 1059 5024 τῶν
1105 4989 1164 5023 τε
1215 4966 1325 5039 ἰδίᾳ
1374 4966 1689 5022 λυπούντων
1723 4967 1953 5039 ἑκάστῳ,

301 5060 394 5114 καὶ
440 5064 547 5114 τῶν
580 5061 782 5113 κοινῶν
834 5055 1138 5132 δυσχερῶν,
1171 5057 1246 5119 ὡς
1296 5055 1426 5130 μηδ’
1461 5055 1856 5134 ὑπολελεῖφθαι
1885 5062 1954 5132 τῇ

311 5151 542 5223 μνήμῃο
605 5147 1118 5222 ἂντεισενεχθέντων
1180 5145 1236 5202 δὲ
1307 5145 1484 5216 ἡδέων
1551 5147 1641 5200 καὶ
1713 5150 1954 5218 τερπνῶν

307 5235 398 5292 καὶ
455 5235 724 5312 χαρίτων,
783 5235 872 5290 καὶ
931 5233 1194 5304 πλείστης
1265 5236 1398 5302 ὅσης
1487 5236 1791 5307 ἑκασταχοῦ
1855 5242 1958 5304 τῆς

311 5327 597 5401 βακχείας.
648 5325 989 5399 σκιρτώντων
1051 5325 1296 5380 ἁπάντων
1359 5325 1444 5380 ἐπὶ
1507 5332 1758 5398 χρηστῆς
1827 5325 1956 5380 ὐπο‹

310 5417 528 5479 θὲσεως.
584 5417 648 5469 ⁴’Δ
710 5414 881 5470 πάλαι
961 5416 1054 5484 μὲν
1133 5414 1454 5485 ἐποθοῦμεν,
1523 5413 1652 5470 ἰδεῖν
1730 5413 1787 5470 δὲ
1862 5415 1961 5470 οὐκ

309 5506 548 5576 ἀπήντα.
598 5502 913 5578 Ἠλγοῦμεν
965 5503 1022 5558 δὲ
1071 5509 1436 5582 ἀτυχοῦντες·
1493 5505 1682 5576 μόναις
1733 5502 1790 5559 δὲ
1842 5511 1960 5565 ταῖς

313 5594 504 5670 εὐχαῖς
603 5591 852 5648 ἐλείπετο
942 5595 1202 5670 χρῆσθαι,
1289 5591 1668 5663 θαλπομένους
1755 5593 1958 5653 ἐλπίσι.

314 5687 611 5760 τοιγαροῦν
663 5683 752 5736 καὶ
808 5683 1026 5757 γὲγονε’
1087 5683 1176 5736 καὶ
1235 5685 1464 5736 τοσοῦτό
1529 5703 1607 5755 γε,
1670 5683 1766 5736 ὥσ’
1826 5685 1958 5758 ὑπὲρ

2051 3367 2202 3430 ficio,
2247 3364 2414 3420 istam
2465 3364 2724 3418 omnium
2776 3365 3092 3420 maximam
3143 3365 3508 3436 dignitatem,
3557 3380 3698 3420 sane

2049 3472 2223 3528 quam
2259 3458 2520 3518 coactus,
2552 3459 2607 3508 et
2637 3455 2970 3509 necessitati
3005 3456 3285 3510 duntaxat
3343 3470 3455 3509 non
3515 3454 3699 3510 recla-

2054 3561 2238 3611 mans,
2289 3543 2503 3607 adiisti,
2563 3542 2806 3613 ejusque
2860 3543 2938 3598 rei
2981 3543 3136 3598 fama
3179 3543 3236 3597 in
3287 3559 3488 3599 omnes
3537 3544 3696 3598 orbis

2053 3633 2228 3689 nostri
2267 3635 2454 3703 partes
2483 3632 2640 3696 exiit,
2690 3647 2860 3686 nemo
2921 3631 3084 3686 facile
3140 3631 3364 3692 dixerit,
3423 3631 3522 3703 qui
3565 3635 3689 3688 tum

2055 3724 2205 3794 apud
2241 3721 2542 3776 universos
2590 3721 2857 3776 homines
2907 3722 3142 3777 obortus
3192 3721 3366 3776 fuerit
3419 3719 3684 3792 plausus.

2054 3811 2174 3866 Non
2208 3811 2363 3864 enim
2394 3810 2489 3864 alii
2523 3810 2690 3876 hanc,
2729 3809 2822 3864 alii
2869 3809 3042 3864 aliam
3101 3811 3394 3864 habebant
3448 3814 3688 3866 senten-

2057 3901 2194 3956 tiam
2222 3921 2236 3968 ;
2271 3916 2460 3972 neque
2493 3917 2696 3954 rursus
2727 3900 2989 3956 eamdem
3019 3900 3257 3971 quidem
3320 3915 3542 3967 omnes,
3597 3901 3694 3956 sed

2059 4007 2169 4046 non
2202 3991 2401 4046 eodem
2437 3988 2606 4060 plane
2637 3993 3033 4060 comparatam
3069 3991 3265 4053 modo,
3299 4005 3364 4044 eo
3404 3991 3554 4060 quod
3604 3989 3700 4045 alii

2060 4080 2210 4152 plus.
2237 4079 2331 4135 alii
2368 4079 2564 4134 minus
2596 4078 2771 4133 allato
2804 4080 3010 4133 nuntio
3059 4079 3542 4146 exhilararentur,
3575 4095 3706 4149 pars

2063 4171 2197 4225 item
2232 4187 2298 4224 ex
2328 4169 2543 4233 animo,
2574 4185 2711 4240 pars
2743 4167 3015 4224 simulate
3044 4187 3056 4235 ;
3089 4169 3187 4223 sed
3224 4185 3356 4225 vero
3405 4168 3562 4222 velut
3609 4183 3710 4240 pu-

2059 4259 2189 4314 blici
2224 4258 2526 4327 cujusdam
2568 4257 2683 4310 voti
2744 4257 3008 4312 damnati
3066 4273 3350 4324 essemus,
3406 4261 3507 4311 aut
3563 4255 3706 4312 cmlo

2057 4333 2371 4419 quisquam
2420 4351 2677 4416 repente,
2737 4346 2805 4400 ad
2854 4346 3086 4418 generis
3120 4346 3304 4402 nostri
3353 4345 3707 4410 felicitatem,

2059 4436 2228 4492 nobis
2279 4435 2553 4506 delapsus
2594 4435 2818 4501 fuisset,
2869 4435 2952 4490 ita
3014 4435 3181 4502 plano
3236 4435 3446 4490 animis
3501 4451 3708 4490 omnes

2060 4525 2476 4580 afﬁciebamur.
2510 4525 2855 4594 Quanquam
2890 4523 3032 4579 mihi
3069 4541 3230 4591 sane,
3267 4539 3371 4580 nec
3401 4524 3447 4578 si
3477 4525 3545 4576 ad
3580 4531 3709 4578 vota

2067 4618 2125 4669 et
2155 4630 2288 4686 spes
2319 4618 2546 4668 nostras
2577 4628 2893 4667 concessus
2914 4613 3082 4668 nobis
3113 4614 3346 4680 fuisses,
3377 4619 3496 4668 tam
3529 4613 3714 4668 effusa

2069 4703 2406 4758 exsultaturi
2439 4703 2742 4757 videamur
2775 4702 2994 4766 laetitia,
3029 4704 3148 4759 sive
3164 4703 3376 4770 verius,
3424 4703 3572 4773 quod
3638 4706 3712 4764 te.

2072 4809 2240 4863 quem
2277 4793 2386 4863 ipsi
2423 4792 2870 4862 optavissemus.
2907 4797 3158 4863 accepto,
3184 4809 3340 4847 nunc
3365 4806 3715 4864 magnopere

2067 4882 2404 4948 gloriemur.
2438 4881 2656 4952 Nempe
2690 4881 2905 4951 pariter
2924 4887 3044 4936 tum
3069 4882 3259 4952 priora
3291 4882 3594 4937 nobiscum
3629 4897 3714 4936 re-

2067 4975 2370 5043 putantes;
2397 4975 2520 5025 tum
2551 4971 2747 5026 animo
2769 4972 3191 5042 pracipientes,
3218 4987 3344 5042 quae
3377 4987 3477 5040 per
3505 4975 3558 5024 te
3582 4987 3714 5025 mox

2067 5076 2170 5114 usu
2209 5062 2481 5114 omnibus
2510 5063 2753 5115 ventura
2785 5066 2965 5114 sunt:
3003 5065 3175 5130 atque
3214 5067 3272 5115 et
3328 5060 3497 5115 nobis
3547 5059 3712 5130 ipsis,

2067 5155 2126 5206 et
2158 5151 2444 5204 universis
2476 5151 2810 5206 hominibus
2854 5150 3233 5220 gratulantes,
3285 5151 3436 5220 quod
3495 5150 3709 5204 bonam

2069 5255 2272 5296 omnes
2304 5242 2593 5295 lortunam
2647 5255 2800 5294 nunc
2848 5240 3081 5293 demum
3140 5239 3429 5309 experturi
3491 5237 3708 5294 simus:

2071 5331 2222 5400 quod
2259 5329 2504 5400 ipsaque
2535 5345 2686 5383 nunc
2717 5328 2868 5382 inter
2901 5328 3166 5383 homines
3185 5328 3540 5382 domicilium
3575 5327 3710 5382 habi

2071 5423 2205 5473 tura
2227 5420 2306 5474 sit
2326 5419 2605 5474 felicitas:
2639 5416 2984 5472 oblitteratis
3015 5417 3270 5488 penitus,
3309 5423 3431 5470 tum
3468 5415 3559 5470 bis
3590 5432 3716 5482 qua:

2073 5507 2343 5577 privatim
2368 5520 2658 5576 quemque
2681 5505 3174 5572 cruciabant,tum
3203 5505 3449 5574 publicis
3474 5507 3718 5561 infortu-

2075 5599 2189 5651 niis
2214 5613 2228 5650 :
2249 5598 2327 5650 ita
2347 5602 2409 5651 ut
2431 5613 2502 5652 ne
2517 5597 2530 5648 i
2545 5615 2575 5649 n
2594 5595 2876 5651 memoria
2889 5597 3119 5666 quidem
3135 5595 3388 5667 amplius
3402 5598 3715 5663 resideant,

2073 5702 2391 5758 eorumque
2437 5685 2560 5741 loco
2608 5684 2860 5740 reductis
2911 5685 3191 5756 jucundis
3246 5689 3303 5741 et
3361 5687 3656 5752 suavibus,
3690 5702 3723 5744 e
