3982 6216
399 325 551 387 391ι

1701 328 2097 392 THEODULI
2142 326 2501 389 MONACHI

3614 0 3887 25 'r‘r'"

3678 331 3780 394 393

393 464 620 538 gratiis,
651 472 705 521 et
733 465 1020 523 immensa
1064 465 1282 538 ubique
1314 465 1654 523 bacchantis
1708 466 1920 523 laetitia:
1960 466 2015 521 vi

2154 465 2232 519 ὧν
2281 463 2430 525 ὅπως
2480 460 2625 520 ἔσται
2676 466 2796 526 ταῖς
2823 463 3014 539 εὐχαῖς
3046 463 3271 538 εἴχομεν
3301 467 3557 541 χρῆσθαι,
3588 471 3778 522 τούτων

395 555 786 626 omnibusque
825 554 897 611 ob
947 563 1063 612 tam
1102 556 1316 612 bonam
1365 572 1604 613 causam
1655 557 1796 612 mire
1851 557 2015 627 tripu-

2146 554 2294 618 ὅπως
2334 551 2621 617 διαπαντὸς
2671 552 2968 610 ἀπολαύειν
3013 553 3222 626 ἐξέσται
3264 560 3383 618 ταῖς
3428 558 3617 635 εὐχαῖς
3662 553 3775 637 ἔχο-

391 645 710 701 diantihus.
742 646 877 710 Quas
907 645 1133 701 dudum
1166 646 1668 712 desiderabamus,
1701 646 1803 703 sed
1849 645 2036 701 oculis

393 752 676 807 usurpare
706 752 820 791 non
856 735 1066 792 licebat
1100 753 1113 790 :
1148 741 1326 809 atque
1355 744 1419 791 ut
1448 737 1820 793 frustratione
1860 751 2035 809 ange-

390 825 615 893 bamur,
646 824 727 881 ita
755 823 897 881 solis
950 825 1029 881 uti
1085 827 1252 888 votis,
1308 826 1475 882 nobis
1533 842 1638 898 spe
1686 824 2031 894 calentibus,

388 914 681 986 reliquum
711 919 854 970 erat.
887 914 1273 979 Quamobrem
1318 914 1541 972 factum
1598 914 1657 970 id
1715 930 1870 970 nunc
1923 917 2032 970 est.

389 1008 455 1059 Et
487 1008 714 1060 tantum
747 1004 892 1060 illud
924 1004 1184 1072 omnino,
1236 1009 1302 1061 ut
1358 1006 1853 1077 quemadmodum
1915 1021 2029 1077 quo

2148 664 2244 716 μεν
2295 645 2558 719 χρῆσθαι.
2588 648 2757 699 Τοῦτο
2804 644 2871 713 ἦν
2926 645 3029 718 ἄρα
3076 646 3175 714 τήν
3222 651 3330 719 γῆν
3378 645 3513 718 πρὸς
3562 653 3780 723 καρπῶν

2144 735 2391 791 ἁπάντων
2441 733 2708 809 έρῥῶσθαι
2759 735 2955 811 φορὰν,
3003 737 3093 790 καὶ
3144 733 3613 813 φιλοτιμήσασθαι
3669 745 3778 801 ταῖς

2144 829 2356 901 γοναῖς,
2408 823 2588 898 ὥσπερ
2638 845 2697 899 γε
2743 831 2843 894 τῆς
2895 823 3211 897 μελλούσης
3255 824 3437 904 τύχης
3466 825 3778 903 ἀξιολόγους

2142 912 2291 974 τινὰς
2318 911 2567 991 ἄφορμᾶς
2616 914 3079 986 παρεσκευακότος
3129 918 3225 968 τοῦ
3275 913 3446 982 Θείου,
3479 911 3776 981 δεικνύντος

2140 1000 2374 1056 ἐντεῦθεν
2404 1002 2504 1071 τήν
2538 999 2801 1073 ἐσομένην
2838 1002 3112 1076 βοήθειαν.

385 1096 508 1152 haec
535 1097 760 1162 fierent,
793 1096 1037 1152 antehac
1066 1097 1214 1152 votis
1244 1101 1445 1169 optare
1466 1096 1845 1164 habebamus,
1876 1096 1957 1152 ita
1986 1111 2142 1152 nunc
2173 1097 2238 1150 ut
2265 1097 2543 1167 perpetuo
2588 1094 2674 1150 eis
2732 1094 2848 1150 frui
2905 1095 3077 1151 nobis
3133 1093 3325 1165 liceat,
3383 1096 3529 1153 votis
3584 1106 3776 1171 optan-

385 1186 526 1241 dum
558 1185 902 1241 habeamus.
934 1188 1116 1257 Atque
1145 1186 1255 1242 hoc
1284 1186 1481 1257 ipsum
1513 1186 1670 1241 haud
1701 1186 1875 1242 dubie
1904 1194 2045 1253 erat,
2074 1184 2230 1256 quod
2288 1184 2373 1239 ita
2431 1184 2661 1255 copioso
2689 1183 2861 1241 tellus
2912 1189 3114 1241 nostra
3164 1186 3460 1243 fructuum
3518 1189 3778 1245 omnium

386 1279 664 1348 proventu
696 1290 881 1345 nuper
910 1275 1252 1343 abundaret,
1293 1281 1353 1331 et
1380 1276 1691 1332 ambitiosa
1720 1276 1974 1349 quadam
2020 1275 2373 1332 fecunditate
2430 1272 2765 1340 luxuriaret,
2810 1273 2926 1331 Deo
2980 1274 3259 1331 nimirum
3318 1277 3525 1333 futuras
3610 1278 3778 1349 hujus

383 1365 625 1421 fortunae
657 1372 865 1421 nostrae
891 1364 1041 1421 velut
1070 1363 1405 1435 praclaram
1439 1366 1754 1435 quamdam
1790 1364 2088 1421 lementim
2115 1365 2236 1435 jam
2269 1368 2530 1435 parante,
2562 1367 2738 1435 atque
2785 1364 3048 1420 futurum
3104 1364 3243 1422 inde
3293 1371 3777 1438 premonstrante

385 1453 690 1509 auxilium.

455 1543 527 1599 II.
564 1543 774 1599 Verum
804 1543 1099 1599 enimvero
1130 1559 1236 1600 nec
1282 1559 1532 1614 magnus
1589 1544 1901 1616 imperator
1957 1559 2025 1597 ex

382 1632 493 1689 hoc
525 1633 726 1689 aberat
755 1633 1002 1689 theatro.
1048 1634 1253 1689 Nostrae
1309 1634 1668 1705 columenque
1732 1640 1786 1689 et
1841 1632 2024 1703 gloria

2206 1543 2277 1597 B'.
2309 1540 2384 1599 Οὐ
2437 1543 2546 1615 μὴν
2596 1540 2742 1597 ἀλλὰ
2787 1543 2879 1597 καὶ
2933 1542 3185 1618 βασιλεὺς
3218 1544 3246 1598 6
3279 1544 3443 1620 μέγας
3494 1545 3594 1600 οὐκ
3635 1547 3775 1615 ἀπῆν

2133 1632 2576 1706 τοῦθεάτρου,τὸ
2604 1630 2801 1706 γαίης
2839 1628 3141 1707 ἐρικυδὲς
3175 1633 3478 1708 ἔρεισμα⁸
3502 1634 3651 1692 ἀλλὰ
3670 1637 3776 1691 τῶν

380 1726 547 1779 terra?
575 1722 839 1795 (Oppian.
875 1729 1114 1796 Κυνηγ.
1148 1729 1214 1792 α’,
1244 1725 1317 1794 1),
1360 1725 1460 1779 sed
1518 1730 1574 1780 et
1620 1725 1747 1797 ipse
1788 1730 2015 1784 tuarum

2131 1722 2267 1776 κατὰ
2315 1725 2411 1776 σοῦ
2462 1717 2706 1794 Θορύϐων
2752 1721 2842 1776 καὶ
2885 1721 3093 1795 κρότων
3153 1721 3402 1779 έκοινώνε
3459 1725 3552 1778 καὶ
3599 1726 3778 1788 οὗτος.

380 1812 868 1868 acclamationum
893 1813 1325 1885 plausuumque
1357 1818 1582 1885 partem
1607 1815 1846 1882 ferebat,
1870 1818 2024 1889 quod

381 1901 686 1974 praeteritis
726 1903 945 1959 caeteris
993 1903 1079 1958 tui
1129 1903 1306 1959 unius
1355 1904 1635 1960 rationem
1700 1905 2022 1974 habuisset,

377 1991 508 2056 viri,
545 2008 670 2063 qua:
701 1990 1094 2063 particulatim
1137 1993 1283 2048 alios
1332 1993 1666 2063 honestant,
1721 1995 2020 2065 perfectis-

378 2080 525 2137 sime
568 2082 766 2137 omnia
831 2080 1136 2153 complexi.
1202 2083 1490 2138 Caaterum
1538 2098 1667 2139 cum
1736 2083 1920 2140 multa
1969 2090 2026 2141 et

378 2187 588 2241 magna
617 2170 948 2241 imperatori
987 2171 1047 2226 in
1076 2171 1521 2227 admirationem
1569 2172 1884 2240 sufﬁciant,
1933 2174 2025 2231 vix

377 2274 675 2315 recensere
706 2265 916 2330 tamen,
952 2265 1094 2332 quot
1121 2265 1179 2315 et
1226 2265 1443 2330 quanta
1490 2260 1627 2328 sint,
1663 2261 1794 2334 quis
1825 2268 2018 2334 queat.

379 2348 510 2404 Sive
540 2348 735 2419 potius
766 2364 922 2412 eum,
953 2348 1052 2419 qui
1078 2350 1431 2421 optimarum
1465 2351 1703 2406 laudum
1757 2352 2021 2408 omnium

375 2438 741 2494 verissimum
768 2444 1111 2511 prytaneum
1143 2445 1255 2506 est,
1288 2447 1342 2496 et
1372 2442 1472 2512 qui
1495 2441 1568 2496 'in
1623 2445 1853 2497 tantum
1901 2458 2023 2498 om-

380 2527 628 2584 nibusin
689 2528 859 2585 rebus
916 2544 1258 2586 concessum
1318 2536 1477 2587 tenet
1515 2529 1926 2603 principatum,
1959 2537 2023 2587 ut

374 2633 578 2673 omnes
609 2618 866 2685 omnino,
899 2623 1188 2692 quotquot
1230 2618 1577 2676 claritudine
1615 2621 1900 2675 virtutum
1932 2622 2023 2675 in-

374 2707 573 2778 signes
601 2706 909 2777 habentur,
944 2708 995 2763 si
1025 2707 1108 2763 illi
1138 2708 1381 2764 secundi
1412 2709 1550 2776 sint,
1583 2708 1729 2764 nihil
1767 2709 2022 2781 amplius

374 2802 590 2867 optent.
624 2797 746 2852 lmo
774 2812 910 2853 vero
940 2797 1200 2870 ipsorum
1230 2798 1367 2854 inde
1415 2797 1760 2854 inclarescat
1814 2798 2019 2871 gloria,

374 2884 536 2940 nulla
564 2886 649 2940 illi
684 2886 828 2958 parti
862 2886 1088 2942 decoris
1128 2886 1383 2943 delibata
1430 2892 1609 2958 parte.
1646 2887 1785 2943 Eum
1818 2888 2019 2961 igitur,

373 2974 527 3030 hunc
550 2974 721 3047 plane
743 2976 802 3032 in
832 2976 1109 3032 mendum
1130 2981 1555 3048 comparatum,
1572 2977 1836 3049 quamvis
1853 2978 2015 3033 abso-

369 3081 511 3122 num
534 3065 776 3122 fortasse
794 3066 947 3122 dictu
968 3066 1445 3133 est,nontminus
1494 3071 1596 3124 tua
1643 3067 1744 3123 illa
1798 3067 2014 3123 suffra-

366 3154 524 3227 gatio
554 3155 957 3211 commendat:
990 3160 1046 3211 et
1077 3155 1171 3226 qui
1204 3156 1364 3212 omni
1398 3171 1465 3211 ex
1508 3160 1670 3226 parte
1713 3156 2013 3212 admiran-

366 3246 479 3301 dus
509 3261 610 3316 per
639 3261 701 3301 se
744 3250 853 3313 est,
899 3245 1006 3302 hoc
1055 3247 1201 3317 ipso,
1252 3247 1446 3303 nescio
1496 3248 1809 3317 quomodo,
1859 3247 2011 3303 haud

364 3334 537 3407 paulo
584 3350 739 3391 nunc
790 3335 1190 3392 admirabilior
1237 3335 1397 3392 visus
1459 3340 1566 3393 est.
1636 3336 1764 3392 Sive
1822 3337 2012 3409 potius

364 3429 612 3497 uterque
642 3428 897 3482 vestrum
929 3425 1039 3481 hac
1068 3426 1270 3482 eadem
1324 3442 1393 3482 ex
1422 3442 1483 3482 re
1520 3444 1533 3480 :
1569 3424 1665 3482 ille
1711 3430 1776 3481 ut
1833 3442 2013 3497 supra

360 3530 564 3571 omnes
594 3513 861 3572 homines
893 3519 1045 3571 recte
1074 3514 1392 3571 arbitrandi
1443 3531 1718 3571 summus
1776 3516 2010 3582 artifex,

358 3620 424 3660 eo
455 3605 606 3675 quod
635 3613 687 3659 te
716 3620 818 3676 per
857 3604 1052 3660 omnia
1109 3604 1397 3676 optimum
1456 3604 1694 3677 delegit,
1757 3609 1819 3666 tu
1876 3621 2009 3661 vero

358 3693 597 3766 optimm
635 3692 836 3749 classis
909 3693 1108 3761 homo,
1147 3697 1347 3766 utpote
1407 3694 1509 3764 qui
1543 3694 2008 3764 prastantissimi

357 3784 416 3840 in
450 3784 747 3850 omnibus,
781 3788 839 3838 et
858 3784 1246 3839 admiratione
1276 3783 1614 3856 dignissimi
1640 3784 2010 3856 imperatoris

352 3872 578 3946 judicio
628 3871 886 3928 delectus
952 3888 1033 3928 es.
1099 3873 1378 3939 Quocirca
1430 3890 1534 3929 nec
1610 3872 1777 3928 illum
1825 3874 2005 3930 alium

358 3961 695 4034 quempiam
726 3978 841 4033 pra:
874 3965 930 4017 te
960 3966 1280 4034 preoptare
1310 3962 1589 4032 oportuit,
1622 3963 2005 4034 quemadmo-

358 4051 501 4105 dum
535 4066 638 4105 nec
662 4051 1043 4122 praeoptavit;
1077 4068 1263 4122 neque
1294 4056 1350 4107 te
1380 4051 1452 4107 ab
1474 4050 1609 4118 alio,
1642 4067 1815 4122 quam
1856 4052 2004 4121 ipso,

360 4140 623 4213 accipere
649 4141 1011 4212 suffragium,
1044 4142 1288 4212 ideoque
1337 4157 1443 4196 nec
1484 4141 1778 4211 accepisti.
1828 4140 2006 4196 Nimi-

2133 1811 2380 1867 Ἀνθ’ὧν
2442 1810 2646 1871 πάντας
2703 1809 2830 1871 τοὺς
2887 1807 3093 1872 ἄλλους
3157 1808 3451 1886 ὑπεριδὼν,
3492 1812 3580 1867 σοὶ
3634 1815 3780 1886 μόνῳ

2132 1898 2426 1975 προσέσχε,
2455 1905 2534 1972 τῷ
2565 1899 2781 1954 πάνθ”ἀ
2824 1900 2953 1963 τοὺς
3001 1898 3207 1963 ἄλλους
3265 1900 3318 1955 έν
3379 1901 3530 1976 μέρει
3584 1910 3781 1975 κοσμεῖ

2129 1990 2251 2044 καθ’
2282 1984 2592 2063 ὑπερϐολὴν
2620 1983 2950 2043 συλλαϐόντι
2978 2008 2990 2021 ⁸
3024 1990 3070 2061 ᾦ
3100 1987 3329 2045 πολλῶν
3374 1991 3461 2045 καὶ
3514 1991 3774 2067 μεγάλων

2132 2074 2395 2147 οὔμενουν
2455 2072 2599 2130 εἷ’ποι
2654 2096 2737 2137 τις
2790 2073 3003 2145 ἡλίκων
3059 2077 3150 2130 καὶ
3209 2077 3349 2131 ὅσων
3409 2076 3775 2152 ἐξαρκούντων

2131 2166 2206 2228 εἰς
2239 2163 2420 2238 θαῦμα
2442 2184 2454 2196 ·
2493 2162 2705 2238 μᾶλλον
2739 2161 2797 2219 δὲ
2827 2164 3044 2219 πάντων
3081 2164 3210 2221 ὄντα
3258 2171 3366 2221 τῶν
3413 2166 3650 2242 ἀρίστων
3702 2171 3778 2232 ὡς

2132 2254 2352 2325 alnos;
2401 2259 2738 2331 πρυτανεῖον,
2800 2256 2888 2309 καὶ
2953 2259 3210 2311 τοσοῦτον
3274 2255 3326 2310 ἐν
3376 2263 3535 2312 πᾶσιν
3608 2258 3777 2334 ἐσχησ

2129 2344 2262 2400 κότα
2312 2345 2373 2399 τὸ
2430 2344 2876 2422 συγκεχωρηκὸς,
2929 2345 3002 2405 ὡς
3047 2344 3247 2407 πάντας
3306 2347 3496 2407 ἁπλῶς
3543 2346 3677 2405 τοὺς
3725 2350 3776 2418 ἐξ

2130 2434 2324 2508 ἀρετῆς
2388 2433 2779 2508 βοηθηθέντας,
2849 2431 2895 2487 εἰ
2951 2432 3150 2488 τούτου
3213 2431 3453 2510 δεύτεροι
3509 2437 3777 2512 γένοιντο,

2135 2523 2304 2598 μηδὲν
2356 2523 2523 2579 πλέον
2578 2529 2782 2595 ζητεῖν,
2829 2521 3042 2595 μᾶλλον
3090 2522 3146 2580 δὲ
3195 2531 3331 2605 σφᾶς
3390 2527 3627 2584 ἐντεῦθεν
3675 2550 3775 2584 xo-

2128 2615 2405 2687 σμεῖσθαι.
2438 2612 2625 2683 Τούτῳ
2684 2610 2740 2667 ὂὶ
2779 2619 2878 2678 τῆς
2912 2613 3238 2688 γιγνομένης
3286 2623 3454 2690 τιμῆς
3501 2617 3775 2694 ὑφαιρεῖν,

2126 2708 2317 2759 τοῦτον
2348 2703 2521 2766 οὕτως
2554 2702 2962 2777 ἐσκευασμένον,
2995 2703 3103 2783 οὐχ
3149 2709 3313 2775 ἧττον
3362 2707 3406 2761 εί
3455 2709 3545 2762 καὶ
3593 2712 3777 2784 παρὰ·

2130 2792 2283 2863 δοξον
2365 2792 2533 2848 εἰπεῖν
2589 2795 2622 2861 ἠ
2688 2794 2833 2867 παρὰ
2909 2797 3003 2848 σοῦ
3078 2798 3263 2872 ψῆφος
3339 2797 3610 2870 σεμνύνει.
3673 2801 3773 2855 Καὶ

2129 2884 2435 2956 Θαυμαστὸς
2506 2887 2621 2944 τοῖς
2698 2878 2895 2938 ἅπασιν
2972 2882 3069 2958 ὢν,
3124 2890 3244 2947 πῶς
3319 2886 3379 2941 ἂν
3457 2886 3622 2957 εἴπω,
3679 2894 3777 2942 νῦν

2131 2970 2345 3044 μᾶλλον
2406 2972 2840 3046 Θαυμαστότερον
2908 2968 3106 3047 ὤφθη·
3170 2973 3380 3047 μᾶλλον
3441 2973 3488 3030 δ’
3546 2976 3608 3032 ἐκ
3660 2982 3773 3032 τῶν

2129 3064 2304 3117 αὐτῶν
2358 3060 2694 3139 ἀμφότεροι·
2728 3062 2756 3115 6
2811 3063 2926 3134 μὲν,
2977 3064 3052 3123 ὡς
3106 3064 3237 3137 ὑπὲρ
3294 3064 3494 3126 πάντας
3551 3066 3777 3141 ἀνθρώ-

2122 3172 2258 3214 πους
2288 3154 2384 3206 τοῦ
2415 3149 2780 3226 λογιζομένου
2809 3152 3083 3227 τεχνίτης,
3118 3150 3307 3223 ἐπειδὴ
3355 3154 3412 3209 σὲ
3456 3156 3551 3210 τὸν
3597 3158 3773 3212 πάντα

2125 3240 2405 3315 βέλτιστον
2439 3239 2620 3296 εἵλετο
2646 3263 2658 3274 ·
2695 3242 2756 3295 σὺ
2807 3238 2864 3296 δὲ
2911 3240 2985 3295 ὢν
3031 3249 3130 3311 τῆς
3182 3241 3489 3317 κρείττονος
3526 3247 3727 3321 μοίρας
3752 3265 3765 3277 ·

2121 3328 2308 3399 ἐπειδὴ
2365 3334 2463 3386 τοῦ
2510 3330 2659 3385 πάντ’
2708 3329 2932 3406 ἀρίστου
2982 3331 3072 3386 καὶ
3123 3333 3437 3407 Θαυμαστοῦ
3489 3333 3770 3409 βασιλέως

2118 3425 2226 3476 τῶν
2283 3422 2479 3497 ψήφων
2538 3418 2750 3495 ἔτυχες.
2808 3421 2919 3475 Οὐκ
2976 3419 3078 3495 ἄρα
3150 3418 3259 3477 οὔτ’
3320 3421 3526 3478 ἐκεῖνον
3589 3424 3765 3504 έχρῆν

2118 3508 2304 3565 ἄλλων
2337 3510 2450 3563 ἀντὶ
2505 3513 2600 3564 σοῦ
2640 3509 2986 3584 προελέσθαι.
3019 3506 3222 3565 Οὔκουν
3276 3509 3401 3567 οὐδὲ
3450 3514 3767 3589 προείλετο,

2119 3601 2243 3656 οὕτε
2301 3601 2358 3655 σε
2414 3603 2540 3675 παρ’
2571 3600 2753 3675 ἑτέρου
2811 3603 2847 3670 ἢ
2906 3602 3106 3655 τούτου
3136 3602 3456 3675 κεκομίσθαι
3505 3604 3603 3666 τὰς
3653 3607 3769 3678 Μ’

2116 3712 2249 3771 φους
2271 3709 2286 3724 ο
2321 3688 2514 3745 οὔκουν
2548 3689 2672 3746 οὐδὲ
2695 3690 2956 3763 κεκόμισο
2985 3710 2999 3723 ·
3043 3690 3153 3747 ἀλλ
3182 3694 3193 3715 ’
3227 3690 3531 3768 ἀμφτέροις
3588 3695 3765 3770 ἐχρήο

2117 3783 2275 3836 σασθε
2328 3781 2395 3834 τὰ
2443 3781 2759 3856 γιγνόμενα,
2791 3781 2973 3855 ὥσπερ
3031 3779 3340 3855 ἐξεπίτηδες
3398 3783 3552 3856 οἶμαι
3612 3806 3762 3840 συνεο

2114 3871 2303 3948 νεχθὲν
2336 3873 2432 3925 τοῦ
2468 3871 2543 3943 μὴ
2577 3867 2759 3924 δοκεῖν
2792 3868 3163 3947 ἐλλελεῖφθαι.
3197 3873 3445 3948 Ἠγάμην
3495 3870 3554 3927 δέ
3592 3872 3762 3950 ἔγωγ’

2116 3962 2180 4015 οὐ
2234 3959 2397 4033 μόνον
2442 3960 2743 4030 Ἀθηναίων
2789 3962 3093 4036 χαιρόντων
3160 3959 3413 4034 Πλάτων,
3454 3961 3602 4019 αλλὰ
3666 3965 3761 4019 καὶ

2117 4048 2347 4106 Πλάτων
2396 4048 2611 4105 πολλοῦ
2660 4070 2807 4112 τινος
2856 4048 3001 4119 ἄξιος
3042 4046 3187 4126 ἔχων
3235 4054 3545 4125 θαυμαστὰς
3588 4056 3759 4125 Ἀθη-

2114 4140 2318 4201 ναίους.

360 4245 488 4284 rum
520 4246 621 4286 vos
653 4231 803 4287 inter
826 4247 947 4300 vos,
982 4232 1200 4285 mutuis
1233 4239 1381 4287 recte
1412 4235 1587 4302 atque
1630 4231 1834 4287 ordine
1886 4230 2285 4304 fungebamini
2342 4231 2572 4302 officiis,
2634 4231 2803 4303 quasi
2858 4232 2930 4287 de
2988 4231 3299 4301 industria,
3355 4238 3424 4290 ut
3485 4234 3759 4302 arbitror,

360 4320 466 4375 hoc
498 4320 857 4392 contigisset,
883 4328 946 4375 ut
984 4336 1056 4377 ne
1104 4322 1565 4392 praetermissum
1621 4320 1943 4393 quidquam
1992 4320 2306 4377 videretur.
2369 4321 2498 4379 Mea
2552 4321 2820 4381 videlicet
2875 4324 3166 4380 sententia
3224 4341 3340 4381 non
3401 4326 3575 4382 modo
3633 4326 3767 4382 exi-

358 4410 539 4465 miam
571 4410 868 4482 promeriti
900 4410 1131 4467 laudem
1162 4410 1546 4467 Athenienses
1587 4411 1874 4477 videntur,
1937 4411 2106 4482 queis
2171 4411 2230 4467 in
2280 4411 2505 4469 deliciis
2562 4412 2722 4470 Plato
2771 4419 2956 4482 esset;
3020 4415 3116 4471 sed
3178 4414 3338 4470 Plato
3402 4416 3580 4473 etiam
3635 4418 3765 4489 ipse

358 4498 534 4555 homo
573 4499 812 4555 maximi
846 4500 1012 4573 pretii
1043 4500 1223 4567 visus,
1256 4501 1387 4569 quis
1419 4499 1523 4556 bos
1554 4500 1846 4557 habuisset
1877 4500 2278 4557 admiratores.

428 4588 524 4644 III.
560 4590 746 4661 Atque
775 4590 846 4645 de
892 4605 979 4644 me
1032 4589 1289 4659 quidem,
1359 4590 1405 4645 si
1454 4588 1541 4645 vel
1592 4594 1728 4645 ante
1786 4605 1996 4646 novum

2180 4592 2252 4646 I".
2288 4589 2418 4663 Ἐμὲ
2484 4587 2541 4645 δὲ
2598 4590 2691 4645 καὶ
2747 4593 2852 4667 πρὸ
2907 4596 3003 4646 τοῦ
3060 4594 3331 4669 παρόντος
3379 4593 3431 4649 εἴ
3461 4615 3543 4658 τις
3592 4594 3766 4671 ἤρετο

365 4678 517 4735 hunc
549 4679 959 4751 pontificatum
998 4684 1167 4735 tuum
1218 4679 1525 4752 quisquam
1576 4679 2007 4752 exquisivisset,

359 4769 630 4840 quisnam
664 4785 962 4825 sacrarum
997 4768 1346 4841 religionum
1377 4770 2001 4840 ,cmremoniarumque,

358 4863 414 4913 et
444 4858 644 4931 magni
677 4858 945 4914 Ecclesia
978 4858 1234 4914 nominis
1263 4859 1590 4914 moderator
1638 4864 2005 4931 procurator-

356 4964 469 5019 que
490 4948 722 5004 futurus
745 4951 923 5015 esset,
958 4948 1113 5003 hunc
1160 4952 1215 5003 te
1250 4947 1504 5019 profecto
1544 4948 1733 5019 ipsum
1779 4948 2002 5005 edidis-

354 5054 474 5095 sem
501 5054 514 5106 ;
539 5054 647 5094 nec
671 5039 905 5112 quando
938 5037 1022 5092 tui
1058 5037 1357 5108 presentis
1388 5037 1629 5093 facultas
1661 5038 1830 5093 nobis
1860 5043 2002 5105 erat,

356 5128 508 5185 alius
538 5128 776 5186 omnino
807 5127 963 5184 ullus
992 5128 1257 5200 superior
1304 5126 1702 5196 discessisset;
1744 5127 1802 5183 id
1852 5126 2004 5198 quod

351 5234 539 5292 neque
560 5219 841 5291 speciosis
886 5216 1238 5285 quibusdam
1289 5215 1636 5283 rationibus,
1688 5231 1873 5289 neque
1933 5218 2004 5273 de

352 5309 633 5381 principis
664 5324 899 5365 summa
928 5324 1067 5379 erga
1096 5311 1153 5365 te
1207 5306 1623 5371 benevolentia,
1674 5307 2002 5363 conclmis-

355 5414 475 5455 sem
507 5416 520 5455 :
555 5397 701 5455 nihil
727 5399 938 5456 horum
972 5414 1132 5467 sane,
1156 5414 1357 5454 verum
1390 5413 1459 5453 ex
1489 5396 1564 5455 iis
1605 5397 1803 5463 rebus,
1856 5413 2003 5469 quas

354 5486 412 5541 in
435 5491 492 5542 te
515 5488 657 5543 sitas
681 5505 809 5545 esse
826 5490 843 5559 j
862 5492 1237 5545 uxtamecum
1261 5504 1465 5545 omnes
1506 5491 1741 5544 norunt.
1784 5487 2007 5559 Quippe

356 5575 406 5630 si
438 5581 613 5646 caput
646 5594 837 5634 rerum
862 5578 1152 5645 omnium,
1178 5580 1234 5633 et
1256 5594 1440 5634 unum
1468 5592 1664 5635 revera
1687 5576 2001 5633 maximum

2119 4680 2428 4755 σχήματος,
2465 4679 2549 4744 τίς
2577 4681 2604 4735 6
2634 4684 2742 4736 τῶν
2793 4683 2955 4758 ἱερῶν
3002 4684 3334 4758 πραγμάτων
3369 4684 3461 4739 καὶ
3512 4689 3611 4740 τοῦ
3661 4705 3768 4758 με-

2119 4767 2295 4842 γάλου
2344 4775 2444 4839 τῆς
2475 4769 2807 4837 ’Βκκλησίας
2856 4771 3120 4845 ὀνόματος
3169 4774 3414 4853 ἐξάρχων
3467 4772 3614 4830 ἔσται
3668 4773 3767 4829 καὶ

2115 4853 2397 4930 κηδεμὼν,
2430 4857 2488 4912 σὲ
2532 4862 2725 4914 τοῦτον
2773 4862 2831 4915 ἂν
2884 4860 3054 4929 εἷπον,
3087 4860 3178 4915 καὶ
3227 4859 3340 4916 οὐδ’
3371 4862 3431 4917 ἃν
3474 4865 3552 4928 εἷς
3589 4861 3771 4926 ἄλλος

2116 4950 2211 5001 σοῦ
2273 4945 2545 5023 παρόντος
2592 4947 2825 5022 ἐκράτει,
2876 4948 2974 5003 οὐκ
3030 4949 3200 5005 εἰκόσι
3259 4950 3551 5026 λογισμοῖς
3599 4953 3768 5028 χρώ-

2119 5055 2304 5108 μενος,
2363 5033 2477 5091 οὐδ’
2536 5035 2595 5090 ὲκ
2641 5043 2742 5106 τῆς
2797 5041 2895 5093 τοῦ
2965 5043 3288 5112 κρατοῦντος
3372 5040 3766 5115 συμπεραίνων

2115 5123 2346 5197 εὐνοίας,
2380 5123 2491 5180 οὐδ’
2524 5125 2684 5203 ἐγγύς
2710 5144 2722 5158 ’
2759 5124 2886 5181 ἀλλ’
2917 5124 2967 5196 ἐξ
3019 5128 3091 5183 ὧν
3136 5126 3242 5203 ἐγώ
3291 5150 3377 5184 σοι
3426 5130 3517 5185 καὶ
3566 5130 3771 5192 πάντες

2115 5212 2406 5287 σύνισμεν·
2464 5214 2508 5268 εἶ
2566 5216 2669 5288 γὰρ
2726 5213 2792 5284 δὴ
2846 5217 3142 5294 κεφάλαιον
3204 5217 3300 5289 μὲν
3365 5218 3609 5274 ἁπάντων
3662 5218 3772 5272 καὶ

2118 5304 2279 5374 μόνον
2343 5303 2417 5364 ὡς
2475 5303 2695 5374 ἀληθῶς
2751 5305 3087 5378 τιμιώτατον
3166 5309 3361 5383 ψυχῶν
3438 5307 3776 5385 προστασία,

2114 5393 2354 5467 καθάπερ
2404 5393 2563 5466 οἶμαι
2608 5396 2763 5470 ψυχῇ
2815 5396 3107 5468 σώματος’
3159 5392 3242 5451 δεῖ
3291 5393 3347 5452 δὲ
3394 5400 3495 5468 τήν
3537 5397 3777 5464 ταυτησὶ

2115 5489 2215 5553 τῆς
2246 5485 2423 5560 ἀρχῆς
2474 5482 2816 5558 εἰλημμένον
2867 5490 3100 5542 τοσαῦτα
3138 5489 3392 5563 πράττειν
3438 5489 3537 5544 ὅσα
3568 5508 3778 5563 παντες

2116 5571 2387 5645 ἅνθρωποι
2417 5590 2429 5603 ·
2464 5570 2652 5641 ἔπειδή
2685 5573 2775 5628 καὶ
2817 5573 3028 5630 πάντων
3073 5575 3394 5649 προΐστὰται
3423 5598 3436 5612 ·
3470 5580 3555 5632 καὶ
3608 5561 3782 5630 τοῦθ’
