4154 6216
264 357 371 420 393
1167 349 1460 413 ORATIO
1498 349 1603 412 AD
1647 349 2067 413 NIPHONEM.
2100 348 2700 412 PATRIARCHAM.
3519 353 3642 418 394

265 498 385 567 ἡμῖν
436 492 586 552 οὗτος
641 486 824 544 ἐνθάδε
867 487 1000 558 ὅπερ
1058 490 1178 549 τοῖς
1236 491 1458 556 νοητοῖς
1518 487 1546 541 ὁ
1595 487 1726 548 Θεός
1757 505 1772 519 ο
1824 484 1917 556 ei,

2025 491 2100 555 st,
2129 503 2361 544 sacrum
2393 484 2723 544 animarum
2755 484 3042 558 regimen,
3083 485 3361 559 proindre
3411 485 3640 560 opinor,

265 579 396 636 ταῦθ’
422 576 559 632 οέτω
590 573 690 641 δεῖ,
725 574 790 630 σὺ
839 572 896 628 δὲ
925 572 1098 630 πάλαι
1145 577 1374 636 τούτους
1401 574 1528 636 τοὺς
1583 573 1880 650 λογισμοὺς

2025 579 2057 630 st
2103 575 2312 632 animos
2367 574 2623 647 corporis
2671 575 2763 630 sui
2809 575 3186 648 gubernatio:
3241 575 3290 630 si
3343 575 3426 630 illi
3479 575 3644 643 item,

265 666 480 727 ἔδωκας·
513 665 603 721 καὶ
653 663 808 720 οὐδὲν
843 661 1000 742 ἔργον
1047 665 1244 739 εὑρεῖν,
1275 665 1320 720 εἰ
1360 662 1448 720 διὰ
1492 665 1709 720 πάντων
1758 665 1884 742 ἀφῖ-

2025 665 2091 737 [ui
2125 666 2230 722 hoc
2261 665 2516 738 capessit
2540 681 2778 732 munus,
2803 681 2919 720 non
2943 663 3139 720 minus
3169 663 3354 722 multa
3382 679 3652 722 necessa-

265 757 352 826 ξαι,
397 755 517 810 ἀλλ’
567 753 678 827 ὅτῳ
724 752 942 828 μᾶλλον
995 753 1318 830 ἐξείργασαι,
1369 753 1452 814 τίς
1501 752 1642 808 οὕτω
1691 751 1882 831 φρένας

2028 756 2080 810 io
2129 757 2456 828 peragenda
2498 758 2658 823 sunt,
2715 769 2892 824 quam
2951 753 3240 810 universis
3303 753 3644 810 hominibus

263 842 427 920 ὀλίγος
481 843 573 899 καὶ
629 848 738 899 τῶν
820 843 1210 921 φανερωτάτων
1271 841 1415 918 ἔχων
1475 847 1677 904 σκαιῶς
1736 843 1883 906 ὅστις

2025 843 2274 917 eliquis:
2323 843 2556 918 praesidi
2597 843 2864 898 videlicet
2892 842 3149 899 omnium
3182 847 3241 899 et
3269 843 3512 911 custori,
3545 843 3647 916 qui

259 932 346 988 οὐκ
380 931 438 987 ἂν
476 933 633 1006 οἶμαι
685 934 989 1011 συμφήσαι,
1023 932 1098 994 ὠς
1159 929 1262 1008 ἄρα
1291 935 1384 986 νῦν
1443 930 1503 986 οὐ
1563 925 1884 1005 λαμϐάνεις,

2025 933 2150 990 dem
2173 933 2234 990 in
2263 939 2422 990 terra
2461 931 2807 990 mortalibus
2847 936 2956 1002 est,
2997 932 3154 1005 quod
3199 933 3456 990 aetheriis
3488 949 3650 989 men-

255 1019 371 1077 ἆλλ⁹
412 1016 821 1096 ἀπολαμϐάνεις
858 1021 922 1076 τὸ
963 1027 1160 1096 σχῆμα
1201 1041 1214 1056 ·
1257 1021 1350 1076 καὶ
1388 1025 1494 1076 τῶν
1549 1019 1884 1096 πραγμάτων

2026 1023 2152 1080 ibus
2183 1021 2357 1080 Deus.
2407 1025 2549 1078 Cum
2601 1021 2744 1090 haec,
2794 1021 3058 1094 inquam,
3091 1021 3171 1077 sic
3221 1023 3461 1078 omnino
3492 1037 3652 1078 com-

256 1109 523 1182 διδόντων,
583 1109 752 1166 πάλαι
812 1115 1048 1182 κρατεῖν,
1077 1107 1187 1181 ἤδη
1245 1109 1539 1186 πγοσετέθη
1597 1107 1840 1182 τοῦνομα
1871 1127 1885 1138 ⁸

2025 1117 2200 1170 tarata
2255 1128 2380 1169 esse
2423 1113 2671 1184 oportet,
2711 1115 2770 1166 et
2799 1109 2920 1166 haec
2947 1110 3173 1166 dudum
3200 1110 3306 1166 tibi
3339 1111 3654 1168 hominum

256 1201 374 1258 ὥστ’
411 1202 475 1256 οὐ
515 1206 615 1256 τοῦ
655 1200 978 1276 κεκομίσθαι
1029 1197 1110 1255 δεῖ
1159 1221 1244 1255 σοι
1297 1199 1510 1274 μᾶλλον
1549 1199 1888 1274 συγχαίρειν,

2025 1201 2242 1258 :ollecta
2289 1200 2396 1258 fuit
2441 1199 2813 1266 existimatio,
2866 1215 2972 1256 nec
3021 1199 3256 1278 difficile
3313 1205 3402 1256 est
3442 1199 3654 1270 videre,

255 1292 285 1362 ἢ
333 1293 691 1366 συνάχθεσθαι
739 1290 966 1356 πάντας,
1015 1293 1116 1344 τοῦ
1176 1291 1251 1363 μή
1302 1288 1472 1346 πάλαι
1531 1289 1596 1344 τὸ
1653 1285 1770 1344 δέον
1818 1289 1892 1351 ὡς

2025 1300 2194 1348 ttrum
2248 1292 2438 1362 spatia
2495 1291 2687 1348 haecce
2731 1289 2930 1346 omnia
2976 1289 3401 1359 decucurreris,
3450 1307 3654 1348 verum

255 1380 389 1444 εἰκὸς
434 1379 810 1454 κεκομίσθαι·
873 1377 1088 1453 μᾶλλον
1144 1377 1202 1434 δὲ
1260 1379 1344 1434 σοὶ
1407 1378 1501 1452 μὲν
1553 1379 1672 1434 κατ’
1725 1375 1890 1456 ἄμφω

2025 1399 2059 1438 n
2113 1397 2368 1454 quonam
2393 1379 2523 1453 plus
2583 1395 2768 1451 Operae
2819 1379 3156 1452 laborisque
3198 1380 3656 1452 consumpseris,

258 1471 586 1546 συγχαίρειν,
631 1471 722 1526 καὶ
771 1473 855 1532 οἷς
906 1471 1205 1546 ἀξιόχρεως
1257 1467 1536 1544 πόρῥωθεν
1585 1470 1746 1539 ἦσθα,
1801 1468 1890 1524 καὶ

2025 1469 2104 1542 [υἱ
2152 1469 2276 1526 beic
2307 1469 2390 1524 ita
2437 1486 2645 1542 parum
2693 1470 2976 1540 prudens,
3023 1485 3334 1540 rerumque
3382 1467 3654 1525 clarissi-

257 1559 331 1614 ὅτι
367 1563 453 1613 νῦν
493 1554 690 1634 ἔτυχες
721 1578 734 1592 ·
777 1559 924 1632 ἡμᾶς
967 1555 1024 1614 δὲ
1053 1558 1099 1612 εί
1147 1559 1238 1614 καὶ
1269 1561 1362 1613 νῦν
1411 1555 1580 1619 ὅντως
1621 1557 1674 1614 ἐν
1709 1556 1896 1613 εὐδαί-

2025 1575 2234 1615 narum
2266 1559 2349 1614 ita
2377 1559 2684 1628 imperitus
2714 1559 2926 1614 arbiter
2953 1559 3056 1622 sit,
3090 1557 3190 1631 qui
3223 1575 3339 1614 non
3363 1557 3571 1628 ultero,
3597 1561 3664 1614 ut

260 1669 408 1721 μοσιν
455 1643 632 1722 ἔχεις,
679 1653 759 1721 τῷ
821 1649 897 1721 μή
954 1647 1127 1704 πάλαι
1177 1647 1374 1703 τούτου
1432 1651 1752 1723 πειραθῆναι
1795 1651 1893 1703 τοῦ

2025 1647 2276 1720 squidem
2329 1647 2595 1714 arbitror,
2647 1649 2900 1702 fateatur
2940 1664 3057 1703 non
3096 1649 3354 1718 accipere
3401 1655 3454 1704 te
3479 1662 3661 1709 nunc.

261 1739 447 1812 μέρους
478 1735 559 1800 εἴς
591 1733 967 1809 ἠδικημένους
997 1736 1288 1809 τελοῦμεν.

2025 1735 2406 1808 ιοάτιοερὶοοτο
2461 1735 2620 1791 hunc
2665 1735 2958 1804 habitum,
3007 1739 3066 1791 et
3107 1735 3262 1807 quod
3302 1735 3664 1808 jampridem

259 1847 343 1886 res
374 1829 517 1900 ipsa
575 1829 756 1885 decus
813 1828 920 1884 tibi
980 1829 1299 1896 dedissent,
1362 1828 1522 1884 illius
1577 1845 1736 1884 nunc
1791 1827 2109 1886 accessisse
2163 1824 2422 1880 titulum.
2483 1827 2846 1898 QuaprOpter
2903 1841 3018 1881 non
3078 1824 3266 1897 magis
3325 1825 3432 1880 tibi
3473 1825 3545 1880 de
3573 1839 3666 1880 ac-

268 1922 426 1992 cepta
483 1917 773 1991 dignitate
830 1917 1222 1991 congratulari
1263 1917 1570 1985 debemus,
1631 1934 1804 1991 quam
1849 1931 2220 1973 communem
2268 1931 2338 1970 ex
2373 1931 2440 1970 eo
2489 1931 2692 1970 omnes
2742 1914 3000 1970 dolorem
3055 1930 3281 1988 capere,
3335 1915 3488 1986 quod
3551 1931 3665 1970 non

257 2008 628 2080 jamdudum,
657 2013 722 2064 ut
751 2010 902 2079 sane]
935 2025 1166 2080 aequum
1229 2012 1372 2078 erat,
1395 2009 1622 2080 justum
1655 2025 1722 2064 ac
1755 2007 2013 2064 debitum
2047 2006 2328 2061 honorem
2362 2011 2711 2062 consecutus
2741 2006 2990 2062 fuisses:
3024 2005 3146 2062 sive
3176 2007 3370 2078 potius
3391 2006 3496 2062 tibi
3527 2007 3667 2078 qui-

263 2101 383 2156 dem
427 2104 686 2170 utroque
737 2097 1267 2170 congratulandum
1318 2099 1577 2169 nomine,
1626 2101 1751 2154 tum
1793 2098 1950 2170 quod
1998 2113 2064 2152 eo
2109 2095 2499 2168 dignissimus
2547 2096 2772 2152 dudum
2817 2111 2966 2163 eras,
2999 2101 3121 2152 tum
3154 2097 3307 2167 quod
3335 2112 3493 2152 nunc
3523 2095 3667 2152 ade-

262 2195 389 2262 ptus
438 2207 522 2246 es.
576 2189 697 2246 Nos
741 2193 965 2259 autem,
1015 2189 1122 2246 etsi
1176 2205 1332 2245 nunc
1381 2189 1588 2244 merito
1635 2187 1823 2244 beatis
1876 2188 2251 2254 adnumeres,
2309 2186 2586 2258 quoniam
2636 2202 2750 2242 non
2799 2184 2938 2242 olim
2995 2185 3146 2242 hanc
3195 2185 3414 2258 experti
3452 2189 3668 2243 sortem

265 2282 496 2351 fuimus,
533 2280 816 2352 injuriam
849 2282 1104 2353 profecto
1135 2279 1430 2352 perpessis
1460 2279 1806 2336 accensendi
1841 2294 2066 2334 sumus.

329 2372 398 2428 Δ’.
427 2375 546 2426 Τῶν
591 2367 649 2425 δὶ
688 2373 794 2424 σῶν
832 2365 1352 2442 πλεονεκτημάτων,
1388 2371 1486 2423 τοῦ
1523 2388 1606 2430 τις
1646 2364 1704 2422 ἃν
1746 2370 1904 2441 πρῶ-
1937 2371 1983 2435 Β

265 2482 348 2516 τον
393 2459 428 2529 ἢ
478 2457 796 2514 τελευταῖον
856 2458 1113 2532 μνησθῇ;
1161 2456 1414 2532 πότερον,
1460 2459 1558 2526 τῆς
1602 2457 1902 2535 ὑπερφυοῦς

265 2549 548 2625 ἀγχινοίας
577 2548 670 2603 καὶ
713 2550 810 2604 τοῦ
855 2545 1264 2622 βουλευομένου
1301 2547 1438 2622 πρὸς
1481 2548 1670 2616 πάντα,
1703 2545 1792 2600 καὶ
1838 2545 1901 2600 τὸ

265 2639 588 2716 γιγνόμενον
650 2637 746 2712 μὲν
806 2643 1083 2711 πανταχῆ,
1134 2635 1186 2692 ἐν
1244 2633 1419 2691 οὐδενὶ
1480 2633 1536 2691 δὲ
1597 2633 1901 2709 μετάμελον

264 2724 500 2804 ἔχοντος,
533 2729 570 2798 ἢ
619 2731 717 2782 τοῦ
764 2733 865 2796 τῆς
911 2726 1136 2801 γνώμης
1179 2720 1472 2799 ἐμϐριθοῦς
1514 2725 1603 2780 καὶ
1652 2723 1902 2799 γενναίου

269 2815 705 2892 συγκεκραμένου
769 2816 992 2891 χάρισιν
1057 2815 1424 2890 ἡμερότητος,
1483 2815 1557 2876 ὡς
1631 2815 1770 2888 μήτε
1823 2813 1904 2886 τῷ

270 2906 636 2983 μεγαλόφρονι
699 2905 850 2979 μόνῳ
923 2905 1060 2980 πρὸς
1130 2905 1426 2979 ὑπεροψίαν
1503 2903 1761 2980 ἐκφέρειν,
1819 2902 1908 2957 καὶ

267 2995 504 3074 χαλεπὸν
567 2996 704 3051 εῖναι
760 2998 879 3054 τοῖς
936 2993 1354 3071 ἐντυγχάνουσι,
1415 2994 1556 3069 μήτε
1613 2991 1694 3066 τῷ
1749 2993 1910 3067 πράῳ

271 3083 764 3163 μεγαλοφροσύνης
793 3083 1040 3156 ἀπούσης
1080 3085 1216 3156 πρὸς
1251 3081 1610 3158 μαλακότητα
1654 3081 1907 3153 πίπτειν;

267 3175 416 3232 ’Δλλ’
467 3173 793 3252 ἀμφοτέρων
845 3171 925 3236 εἲς
976 3171 1140 3249 ἄκρον
1190 3169 1490 3248 προῦστης,
1539 3171 1781 3248 ἡρωϊκὸν
1817 3172 1913 3246 μὲν

269 3265 504 3338 καθάπαξ
537 3261 684 3340 ἔχων
715 3265 778 3319 τὸ
817 3264 956 3332 ἦθος
984 3262 1075 3318 καὶ
1115 3259 1285 3340 φόϐον
1325 3261 1530 3339 ἓγεῖρον
1571 3261 1623 3318 ἑν
1663 3265 1744 3335 τῷ
1773 3279 1912 3334 παρ-

273 3354 462 3412 αυτίκα
507 3359 615 3423 τῆς
677 3351 801 3415 θεας
856 3351 1097 3432 χαρίτων
1151 3349 1209 3406 δὲ
1265 3351 1500 3427 πλήρεις
1556 3351 1650 3416 τάς
1688 3349 1912 3424 ὁμιλίας

274 3444 496 3509 δεικνύς.
551 3442 729 3501 Ἀλλᾶ
789 3445 895 3517 μὴν
941 3442 1009 3498 τά
1069 3443 1238 3520 μέχρι
1285 3446 1383 3499 τοῦ
1436 3439 1592 3516 δεῦρο
1651 3439 1916 3498 δοκοῦντα

270 3543 372 3594 τῶν
429 3537 806 3612 ἀπορωτάτων
865 3534 1210 3613 συγγίνεσθαι
1263 3534 1424 3610 μόνος
1482 3535 1783 3608 ἀνθρώπων
1837 3533 1912 3597 εἷς

269 3627 450 3683 ταυτὸν
489 3624 722 3702 ἤγαγες,
760 3625 836 3686 ὡς
865 3626 940 3698 μὴ
977 3617 1282 3701 βεϐλάφθαι
1317 3623 1536 3698 θάτερον
1575 3639 1589 3654 ⁸
1633 3623 1721 3678 καὶ
1761 3627 1914 3694 νικᾷς

269 3716 390 3778 τοὺς
423 3717 520 3788 μὲν
570 3713 994 3792 φιλανθρώπους
1041 3710 1378 3786 δικαιοσύνῃ,
1427 3711 1810 3791 φιλανθρωπίᾳ
1857 3710 1915 3767 δὲ

269 3807 394 3868 τοὺς
427 3803 677 3867 δικαίους
709 3823 722 3836 ⁸
756 3806 790 3876 ἢ
825 3803 870 3860 εἷ
905 3803 1095 3878 βούλει
1124 3824 1206 3879 γε,
1235 3804 1620 3880 φιλανθρωπίᾳ
1653 3803 1747 3876 μὲν
1791 3801 1917 3879 φιλ-

274 3896 609 3970 ανθρώπους,
666 3897 746 3966 τῷ
821 3893 879 3948 δὲ
933 3890 1284 3970 παράδειγμα
1348 3889 1697 3963 δικαιοσύνης
1754 3893 1920 3956 αὐτὸς

275 3984 418 4053 εἶναι,
448 3983 579 4044 τοὺς
620 3979 826 4043 δεινοὺς
862 3979 952 4036 ἐπὶ
992 3981 1171 4054 τούτῳ
1209 4002 1221 4014 ο
1269 3979 1314 4036 ὣ
1353 3977 1698 4053 συνδυασμοῦ
1737 3981 1917 4054 θαῦμα

274 4075 355 4128 καὶ
413 4071 587 4144 ζῆλον
648 4073 844 4126 ἅπασιν
900 4067 1145 4146 ἔχοντος,
1204 4071 1578 4146 προσήκοντος
1651 4071 1747 4142 μὲν
1807 4069 1916 4140 σοὶ,

277 4161 694 4224 λυσιτελοῦντος
725 4158 782 4215 δὲ
820 4159 1056 4217 πόλεσιί
1099 4164 1211 4217 Νῦν
1251 4160 1313 4215 οὐ
1357 4158 1592 4228 πένητας
1633 4155 1745 4214 ἔστι
1784 4159 1919 4234 πρὸς

277 4251 520 4326 εὐπόρων
593 4250 906 4315 κακοῦσθαι,
987 4247 1224 4323 καθάπερ
1303 4247 1356 4303 ἐν
1423 4247 1639 4304 πόλεων
1713 4245 1917 4304 ἁλώσει

275 4339 666 4416 καρπουμένων
712 4339 838 4400 τοὺς
889 4335 1174 4414 δυστυχεῖς
1207 4357 1218 4372 ⁸
1278 4336 1368 4393 καὶ
1427 4339 1495 4393 τά
1555 4338 1650 4410 μὲν
1711 4338 1919 4417 σφέτερ’

275 4431 448 4486 αὐτῶν
504 4429 732 4491 ἀτόποις
779 4425 1116 4496 ἐπαυξόντων
1173 4428 1532 4501 προσθήκαις,
1579 4425 1813 4488 ἐκείνους
1863 4423 1921 4481 8t

276 4519 456 4591 κλάειν
501 4515 912 4593 ἀναγκαζόντων
962 4515 1052 4570 καὶ
1104 4517 1466 4573 καθιστάντων
1522 4518 1771 4588 πενήτων
1827 4512 1920 4572 πέ-

275 4631 438 4682 νητας
475 4630 490 4642 ·
530 4613 624 4664 νῦν
677 4605 1004 4685 συκοφαντία
1050 4607 1288 4677 καθάπαξ
1337 4605 1582 4662 ἐκποδὼν
1633 4603 1921 4678 ἀπελήλα-

277 4721 360 4754 ται
393 4719 406 4731 ·
449 4699 541 4755 καὶ
572 4699 802 4768 πένητες
842 4695 904 4752 ού
945 4693 1230 4771 ψεύδονται
1271 4697 1406 4772 πρὸς
1447 4697 1712 4770 εὑπόρους
1744 4715 1758 4730 ·
1792 4693 1922 4752 οὐδὲ

278 4789 409 4863 πρὸς
439 4789 532 4844 τὸν
567 4785 752 4863 ἔχονθ’
784 4787 812 4842 ὁ
862 4787 1058 4860 φθόνος
1087 4781 1240 4858 ἕρπει
1289 4787 1426 4842 κατὰ
1467 4785 1559 4842 τὸν
1601 4784 1770 4841 παῖδυ
1818 4792 1920 4841 Σο-

281 4879 443 4956 φίλου
475 4897 490 4911 ·
539 4874 667 4933 ἀλλ’
716 4869 860 4932 ἔστιν
909 4874 1184 4951 ἑκατέροις
1232 4881 1358 4950 παρ’
1396 4874 1722 4953 ἃμφοτέρων
1753 4873 1786 4930 ἃ
1817 4872 1920 4948 δεῖ,

281 4973 383 5023 τῶν
419 4969 513 5040 μὲν
547 4965 600 5022 ἐν
653 4963 883 5038 πλούτῳ
929 4971 1063 5042 σφᾶς
1111 4963 1402 5020 ἐλεούντων
1447 4963 1537 5021 καὶ
1588 4965 1921 5042 συνευχομέ-

281 5077 384 5112 νων
418 5057 541 5134 βίου
585 5055 869 5130 ῥᾳστώνην
900 5072 913 5088 ⁶
953 5051 1232 5109 αἰδοῦνται
1271 5051 1330 5108 δὲ
1364 5054 1491 5116 τοὺς
1529 5053 1706 5109 αὐτῶν
1742 5053 1922 5130 κρείτ-

287 5167 408 5209 τους
458 5147 510 5201 οἱ
566 5144 724 5216 πενίᾳ
772 5147 1038 5214 συζῶντες
1071 5161 1084 5176 ο
1148 5140 1354 5198 δεδίασι
1409 5143 1514 5219 γὰρ
1573 5143 1740 5222 ἄμφω
1793 5141 1919 5206 τοὺς

285 5233 482 5308 νόμους
513 5232 607 5296 οὓς
657 5232 822 5295 αὐτὸς
872 5230 1132 5306 ἰσχυροὺς
1185 5236 1382 5303 ποιεῖς,
1425 5228 1741 5306 δικαιοσύνῃ
1783 5231 1921 5305 πρὸς

285 5324 456 5378 πάντα
486 5324 796 5402 χρώμενος.
839 5324 944 5375 Νῦν
976 5317 1121 5382 εἶδος
1175 5317 1480 5396 εὐεργεσίας
1527 5319 1752 5398 ἐξεφάνή
1801 5340 1926 5376 και-

286 5413 394 5482 νὸν,
422 5413 513 5468 καὶ
565 5409 768 5472 πάντας
800 5407 992 5470 ἁπλῶς
1040 5407 1098 5463 εὖ
1127 5414 1304 5470 ποιεῖς
1337 5428 1350 5442 ·
1404 5409 1532 5470 τοὺς
1583 5409 1678 5482 μὲν
1728 5405 1924 5472 ἐνδεεῖς

287 5497 353 5554 δι’
383 5502 513 5557 αὐτὸ
551 5504 741 5570 τοῦτο,
772 5498 899 5562 τοὺς
933 5495 980 5554 δ’
1033 5495 1183 5574 ἔχειν
1229 5496 1542 5570 δοκοῦντας,
1569 5496 1668 5554 ’ίνα
1707 5499 1785 5572 μὴ
1815 5502 1923 5554 τῶν

288 5588 384 5646 οὐκ
427 5589 669 5666 ἐχόντων
709 5587 948 5666 γένωντα
993 5587 1132 5644 κατὰ
1156 5586 1288 5652 τοὺς
1337 5585 1544 5652 δεινοὺς
1574 5593 1682 5645 τῶν
1723 5583 1919 5667 κυϐερ-

597 5695 860 5757 ΡΑτιιοι..
907 5693 1020 5756 Ga.
1067 5689 1294 5756 CXLV.

2086 2365 2180 2421 IV.
2216 2368 2402 2432 Quam
2432 2383 2564 2424 vero
2595 2368 2664 2423 de
2693 2366 3113 2424 excellentibus
3141 2365 3454 2425 virtutibus
3473 2365 3664 2423 laudi-

2015 2455 2242 2528 busque
2273 2455 2391 2512 tuis
2431 2457 2639 2528 primo,
2672 2472 2848 2528 quam
2881 2460 3173 2528 postremo
3203 2455 3471 2512 dicemus
3503 2453 3667 2511 loco?

2017 2549 2208 2602 utrum
2259 2544 2617 2618 singularem
2668 2546 2780 2600 vim
2831 2547 3066 2616 mentis,
3115 2553 3170 2601 et
3204 2545 3672 2618 prudentissima

2016 2634 2076 2690 in
2135 2635 2410 2690 omnibus
2467 2634 2734 2702 consilia,
2783 2651 2914 2706 quas
2959 2651 3236 2691 numeros
3275 2650 3413 2691 suos
3465 2649 3672 2690 omnes

2017 2723 2298 2796 expletos,
2347 2723 2572 2780 nullam
2612 2729 2806 2780 autem
2848 2725 3212 2780 decretorum
3257 2723 3670 2794 reprehensio-

2020 2829 2152 2870 nem
2185 2811 2434 2868 habent:
2488 2831 2562 2869 an
2593 2811 2931 2885 gravitatem
2957 2813 3139 2870 animi
3181 2811 3668 2883 nobilitatemque

2019 2902 2179 2960 illam
2239 2901 2704 2960 mansuetudinis
2770 2903 3110 2975 permistam
3169 2907 3670 2975 temperatamque

2019 2991 2365 3067 gratiis:‘ut
2405 3009 2594 3066 neque
2631 2993 3116 3066 magnanimitate
3159 2994 3282 3050 sola
3312 2993 3382 3050 ad
3423 2991 3668 3049 aliorum

2021 3083 2460 3156 despicientiam
2493 3081 2769 3150 eli’eraris,
2793 3083 3091 3154 gravisque
3130 3087 3322 3140 tecum
3355 3082 3668 3156 agentibus

2022 3173 2150 3241 fias,
2198 3188 2386 3244 neque
2433 3189 2640 3229 rursus
2681 3171 2941 3240 lenitate,
2994 3177 3220 3230 remota
3267 3172 3671 3244 magnitudine

2022 3261 2225 3329 animi,
2242 3261 2314 3317 ad
2337 3260 2646 3318 mollitiem
2663 3260 3026 3334 prolabaris?
3044 3262 3130 3318 Tu
3155 3278 3287 3318 vero
3309 3261 3418 3318 hoc
3442 3265 3669 3318 utrum-

2023 3367 2136 3424 que
2200 3351 2624 3423 perfectissime
2690 3350 3030 3420 moderaris,
3097 3351 3377 3408 nimirum
3437 3350 3672 3409 hemina

2023 3434 2196 3506 plane
2238 3434 2512 3506 preditus
2554 3434 2770 3502 indole,
2817 3435 3024 3506 suique
3073 3434 3432 3490 formidinem
3481 3433 3671 3506 primo

2023 3523 2288 3594 protinus
2335 3529 2648 3596 conspectu
2697 3524 2907 3592 ciente,
2959 3525 3062 3580 sed
3109 3523 3262 3580 idem
3301 3522 3578 3579 comitate
3614 3524 3672 3578 et

2023 3611 2208 3684 gratia
2247 3613 2489 3669 refertos
2519 3613 2796 3671 exhibens
2827 3629 3194 3684 congressus.
3227 3613 3511 3669 Caeterum
3541 3627 3671 3682 que

2024 3699 2136 3757 duo
2165 3702 2410 3758 antehac
2443 3703 2552 3771 vix,
2585 3719 2651 3759 ac
2683 3719 2753 3758 ne
2787 3703 2874 3759 vix
2895 3703 3152 3774 quidem,
3173 3699 3482 3758 convenire
3503 3713 3672 3772 posse

2021 3791 2385 3860 videbantur,
2444 3809 2512 3849 ea
2566 3799 2629 3848 tu
2682 3810 2834 3850 unus
2882 3792 3215 3850 mortalium
3264 3792 3346 3848 sic
3393 3791 3454 3846 in
3485 3803 3670 3846 unum

2021 3881 2374 3948 conduxisti,
2408 3889 2468 3937 ut
2493 3881 2742 3939 alterum
2769 3883 2932 3938 alteri
2969 3881 3116 3937 nihil
3140 3881 3398 3937 ofﬁceret
3421 3895 3435 3934 :
3461 3893 3674 3950 nempe

2023 3971 2192 4027 mites
2220 3987 2286 4027 ac
2334 3969 2626 4028 humanos
2665 3971 2904 4044 justitia
2952 3970 3164 4040 anteis,
3203 3968 3438 4026 lenitate
3465 3967 3672 4038 iustos,

2023 4076 2125 4116 seu
2157 4061 2204 4116 si
2255 4061 2460 4130 mavis,
2511 4059 2668 4117 lenes
2707 4059 3092 4132 indulgentia,
3141 4059 3250 4115 hos
3299 4061 3522 4124 autem,
3573 4059 3675 4129 qui

2016 4149 2248 4220 justitia
2297 4149 2560 4221 insignes
2617 4148 2928 4219 habentur,
2979 4147 3136 4222 quod
3185 4148 3381 4220 ejusce
3433 4145 3674 4203 virtutis

2021 4241 2265 4313 ipsemet
2286 4239 2578 4309 exemplar
2599 4256 2690 4296 es:
2715 4255 2748 4296 ο
2769 4239 3175 4297 admirabilem
3202 4237 3481 4295 omnibus
3500 4241 3679 4310 atque

2023 4329 2340 4402 gloriosam
2371 4329 2840 4400 conjunctionem
2865 4329 2878 4384 l
2915 4345 3043 4402 quas
3075 4329 3162 4386 sic
3183 4333 3283 4386 tua
3303 4327 3542 4400 propria
3560 4333 3667 4392 est,

2025 4423 2090 4476 ut
2117 4419 2177 4474 in
2220 4420 2426 4491 primis
2469 4421 2766 4476 fructuosa
2815 4420 2896 4476 sit
2947 4419 3300 4491 reipublicae.
3351 4417 3479 4474 Non
3523 4415 3679 4474 enim

2025 4525 2180 4566 nunc
2213 4507 2466 4582 amplius
2494 4509 2824 4582 opprimere
2862 4507 3066 4580 in0pes
3087 4524 3151 4564 ac
3175 4523 3378 4564 vexare
3409 4505 3680 4564 divitibus

2027 4599 2180 4664 licet,
2221 4597 2318 4670 qui
2369 4599 2609 4670 perinde
2662 4603 2724 4655 ut
2773 4598 2834 4654 in
2884 4597 3216 4672 captivitate
3266 4595 3500 4653 urbium
3557 4593 3682 4652 ﬁeri

2025 4687 2194 4755 solet,
2225 4703 2293 4744 ex
2326 4687 2560 4744 miseris
2595 4688 3011 4758 compendium
3055 4689 3350 4760 capantes,
3379 4701 3518 4740 suas
3549 4681 3685 4756 qui-

2025 4779 2158 4833 dem
2189 4777 2388 4849 copias
2430 4778 2764 4848 ingentibus
2815 4777 3246 4834 accessionibus
3282 4772 3674 4844 adaugebant,

2027 4883 2312 4938 pauperes
2341 4880 2536 4923 autem
2569 4868 2638 4922 ad
2674 4866 2928 4924 lamenta
2956 4882 3022 4921 ac
3051 4864 3338 4937 lacrymas
3367 4858 3684 4930 compelle-

2030 4955 2187 5024 bant,
2216 4959 2390 5028 atque
2427 4956 2497 5010 de
2541 4956 2896 5028 pauperibus
2926 4953 3331 5026 pauperrimos
3361 4948 3686 5006 concinna—

2029 5046 2195 5102 bant.
2225 5045 2337 5102 Sed
2369 5049 2427 5103 et
2455 5045 2973 5118 quadruplatorum
3021 5041 3412 5100 exterminatae
3449 5038 3686 5110 penitus

2031 5150 2189 5192 nunc
2218 5139 2358 5190 sunt
2385 5133 2695 5191 calumnias
2721 5152 2734 5190 :
2779 5149 2970 5205 neque
3013 5131 3366 5188 defraudant
3385 5127 3684 5185 tenuiores

2032 5240 2130 5281 eos
2169 5223 2270 5296 qui
2301 5223 2707 5296 locupletiores
2755 5227 2914 5284 sunt,
2959 5237 3148 5294 neque
3193 5219 3347 5276 dirus
3389 5217 3686 5274 habentem

2031 5313 2369 5390 aggreditur
2401 5316 2540 5371 livor
2583 5319 2648 5370 ut
2705 5313 2802 5370 ille
2849 5312 3071 5386 Sophili
3124 5311 3316 5368 aiebat
3357 5308 3518 5364 ﬁlius
3559 5307 3688 5379 (So-

2033 5406 2292 5479 phocles,
2323 5403 2514 5462 Αἴαντι
2552 5406 2688 5476 157),
2719 5403 2823 5461 sed
2853 5409 3060 5460 mutua
3083 5401 3245 5458 alteri
3275 5398 3472 5456 alteris
3492 5397 3688 5454 ofﬁcia

2033 5503 2346 5570 praestant;
2397 5495 2632 5570 quando
2661 5501 2718 5552 et
2767 5496 2959 5568 gravis
3005 5494 3213 5550 horum
3251 5488 3688 5548 fortunaaloou-

2031 5586 2218 5660 pletes
2252 5587 2512 5654 miseret,
2560 5585 2998 5658 facilioremque
3044 5581 3174 5640 vitae
3221 5579 3506 5638 rationem
3544 5578 3689 5654 ipsis

3289 5682 3366 5742 13
