3982 6216
427 391 544 451 395

1725 391 2122 454 THEODULI
2171 393 2523 454 MONACHI

3708 387 3810 448 396
3871 375 3882 384 ’

425 529 731 598 exoptant:
777 529 832 582 et
869 525 930 582 bi
961 542 1163 582 rursus
1204 526 1302 598 qui
1333 530 1585 598 egestate
1631 527 2059 596 conﬂictantur,

2194 531 2378 596 ιητῶν,
2413 525 2586 580 οἳκαὶ
2623 519 2872 596 γαλήνης
2911 517 3082 591 οὕσης
3125 523 3371 595 χρῶνται
3411 523 3479 594 τῇ
3519 516 3706 594 τὲχνῃ,
3745 521 3812 592 μή

427 623 778 686 potentiores
840 615 1040 672 colunt
1117 633 1182 672 ac
1241 617 1574 684 observant,
1643 633 1854 690 nempe
1919 617 2079 690 leges

361 769 366 780 ι
429 705 662 776 utrique
693 709 980 772 metuunt,
1013 705 1176 774 queis
1206 705 1322 760 vim
1355 721 1518 760 suam
1543 721 1609 760 ac
1631 707 1809 760 robur
1834 707 2075 774 astruis,

429 808 560 846 cum
594 793 867 850 omnibus
897 794 956 848 in
997 795 1170 850 rebus
1202 794 1498 863 justitiam
1533 811 1749 850 servas.
1783 795 1932 850 Tum
1967 811 2072 850 no—

426 897 558 936 vum
595 883 884 951 quoddam
920 883 1336 940 beneﬂcientiae
1369 900 1523 938 nunc
1553 885 1824 956 apparuit
1867 901 2076 956 genus,

427 975 481 1028 et
529 977 590 1026 tu
636 973 982 1043 simpliciter
1027 973 1170 1028 bene
1209 973 1279 1027 de
1319 973 1606 1028 universis
1657 973 1900 1030 mereris
1944 991 1956 1029 :
2008 974 2078 1030 de

427 1059 697 1132 inopibus
752 1061 1038 1132 videlicet,
1097 1061 1302 1133 inopia
1357 1061 1546 1132 ipsius
1612 1079 1808 1132 causa,
1869 1065 1937 1120 de
2005 1067 2077 1120 iis

425 1157 642 1220 autem,
676 1151 889 1222 quibus
923 1151 1263 1206 meliuscule
1301 1167 1427 1208 esse
1459 1152 1710 1218 videtur,
1741 1169 1812 1208 ne
1841 1159 1898 1210 et
1927 1155 1984 1210 bi
2017 1157 2076 1210 in

423 1239 584 1294 illam
618 1240 1136 1310 egentissimorum
1171 1239 1436 1294 recidant
1466 1239 1748 1296 classem:
1779 1241 2078 1297 solertium

425 1342 566 1382 sane
601 1343 759 1382 more
787 1328 1268 1399 gubernatorum,
1303 1327 1400 1398 qui
1435 1343 1507 1382 ne
1537 1331 1660 1383 tum
1687 1328 1922 1400 quidem
1945 1345 2080 1384 cum

427 1417 636 1472 sudum
667 1433 732 1471 ac
763 1433 1032 1472 serenum
1083 1421 1186 1486 est,
1235 1419 1308 1472 ab
1339 1423 1478 1473 ferte
1525 1435 1634 1473 sua
1682 1419 1977 1486 recedunt,
2011 1435 2082 1475 ne

425 1522 539 1576 qua
571 1506 714 1559 forte
767 1504 986 1560 illisum
1039 1507 1302 1560 cautibus
1350 1505 1722 1577 dilfringatur
1753 1507 2076 1580 navigium.

425 1593 766 1664 Quanquam
799 1609 954 1660 vero,
981 1611 1014 1648 a
1043 1593 1204 1648 nullo
1237 1595 1374 1650 dum
1409 1594 1738 1650 mortalium
1771 1597 1920 1652 istuc
1939 1613 2084 1666 prm-

425 1683 630 1736 stitum
665 1681 846 1737 fuisse
885 1681 1176 1738 afﬁrmare
1223 1681 1530 1750 habemus,
1581 1699 1686 1739 nec
1734 1684 1802 1738 ad
1846 1683 2082 1756 aliquod

430 1773 640 1828 referre
683 1771 814 1828 licet
865 1775 1234 1844 exemplum:
1285 1774 1448 1829 solus
1501 1779 1566 1828 tu
1614 1774 1770 1830 enim
1803 1774 2080 1846 reperisti,

427 1863 582 1917 solus
611 1862 906 1934 protulisti
939 1863 998 1916 in
1036 1863 1260 1918 lucem:
1295 1863 1580 1918 exsistent
1608 1869 1822 1932 tamen,
1857 1864 2083 1936 opinor,

428 1952 527 2022 qui
567 1949 710 2005 illud
763 1951 1225 2019 aemulabuntur,
1278 1952 1506 2024 eritque
1555 1953 1900 2021 fortassean,
1951 1970 2084 2010 cum

425 2043 544 2096 tuis
571 2039 732 2096 hisce
763 2041 1022 2096 secunda
1049 2045 1278 2110 tempus
1308 2041 1478 2096 edere
1508 2043 1834 2098 conabitur.
1867 2047 2083 2098 Verum

426 2131 582 2184 enim
615 2145 749 2186 vero
789 2131 939 2201 quod
975 2129 1054 2184 ita
1097 2129 1262 2201 plane
1309 2147 1441 2185 cum
1475 2131 1724 2202 benigne
1755 2131 1886 2186 aliis
1919 2133 2080 2198 facis,

428 2219 754 2285 delectaris,
798 2218 962 2289 quasi
1021 2217 1072 2273 si
1123 2219 1228 2272 tibi
1277 2219 1386 2288 ipsi
1435 2219 1578 2274 illud
1607 2219 1786 2274 tribui
1845 2236 2083 2275 censeas

429 2307 794 2376 beneﬁcium,
819 2307 968 2378 quod
1001 2308 1085 2362 sic
1115 2307 1254 2362 item
1287 2317 1588 2380 proruptus
1619 2310 1687 2364 ad
1715 2309 2079 2380 largiendum

427 2413 510 2464 es,
545 2401 608 2450 ut
643 2397 738 2450 vix
767 2397 912 2452 alius
965 2395 1141 2462 ullus,
1192 2398 1682 2468 quemadmodum
1716 2399 1984 2464 arbitror,
2009 2399 2080 2454 ad

427 2484 828 2556 accipiendum
875 2501 890 2539 :
945 2489 1118 2554 atque
1177 2483 1286 2540 bas
1335 2501 1484 2540 unas
1529 2487 1928 2558 maximasque
1975 2487 2082 2542 tibi

429 2589 568 2645 epes
599 2590 725 2628 esse
765 2577 1001 2638 statuts,
1035 2573 1320 2646 quidquid
1353 2575 1556 2642 babes,
1589 2577 1660 2630 ad
1711 2575 1856 2632 alios
1887 2581 2084 2632 trans-

431 2663 603 2730 ferre,
649 2679 864 2734 eosque
897 2663 1050 2733 quod
1100 2666 1224 2718 tute
1263 2668 1438 2719 antea
1479 2666 1694 2732 fueras,
1725 2669 1780 2721 te
1813 2665 1966 2736 quod
1999 2663 2085 2720 illi

439 2756 620 2819 erant,
673 2751 819 2820 fieri,
874 2751 982 2806 hoc
1031 2751 1226 2823 ipsum
1275 2757 1446 2808 tuum
1497 2755 1752 2825 profecto
1805 2753 1986 2810 solius
2028 2757 2086 2809 et

440 2841 740 2912 preprium
773 2841 942 2908 est,in
976 2857 1090 2912 quo
1125 2840 1346 2896 nullum
1381 2857 1566 2912 neque
1597 2843 2086 2914 habuisti,neque

441 2945 697 3000 unquam
749 2929 1058 2984 habiturus
1099 2947 1183 2998 es,
1234 2931 1494 2986 socium:
1539 2947 1688 2987 unus
1721 2939 1777 2986 tu
1812 2933 1987 3000 enim,
2021 2935 2087 2987 ut

439 3033 561 3073 rem
605 3019 774 3073 verbo
823 3019 1142 3086 absolvam,
1191 3021 1468 3075 adversus
1517 3023 1806 3090 graviores
1844 3023 2085 3076 fortunas

439 3123 748 3172 aerumnas,
781 3107 840 3160 in
891 3107 1048 3160 omni
1101 3107 1212 3161 vita
1241 3107 1470 3180 egregie
1511 3109 1878 3180 depugnasti,
1913 3115 2087 3180 atque

440 3195 730 3266 inqualem
765 3195 922 3250 illam
959 3197 1146 3264 deam,
1194 3199 1381 3268 quoad
1421 3201 1665 3265 poteras,
1693 3203 1755 3252 ut
1795 3201 1864 3252 ad
1889 3215 2088 3268 aequa-

2187 613 2492 690 περιρῥαγῇ
2550 635 2655 668 που
2713 613 2776 666 τὸ
2839 611 3040 684 σκάφος
3106 611 3512 686 προσεγκύρσαν
3581 609 3814 664 σπιλάσι.

2191 705 2381 761 Καίτοι
2431 709 2590 758 τοῦτο
2643 703 2735 776 μὲν
2781 701 2827 756 εἰ
2874 701 2961 756 καὶ
3023 697 3218 774 μηδενί
3276 722 3363 754 πω
3419 704 3527 754 τῶν
3580 701 3817 754 ἁπάντων

2189 795 2536 872 εἰργασμένον
2579 791 2780 868 ἔχομεν
2825 791 3026 868 λέγειν,
3061 789 3172 846 οὐδ’
3217 787 3358 845 ἔστιν
3397 791 3472 852 εἷς
3501 788 3820 864 παράδειγμ’

2189 885 2484 960 ἀνενεγκεῖν
2521 904 2531 915 ’
2584 885 2749 954 μόνος
2799 883 2902 958 γὰρ
2949 881 3152 954 ἐξεῦρες
3210 880 3300 934 καὶ
3363 881 3530 954 μόνος
3581 875 3821 956 προύφη-

2191 995 2282 1035 νας
2317 993 2328 1004 ·
2365 971 2492 1028 ἀλλ’
2523 971 2612 1026 οὖν
2647 967 2854 1026 ἔσονταί
2883 991 3025 1032 τινες
3061 969 3304 1040 ζηλωταί
3338 989 3351 1003 ·
3393 969 3483 1024 καὶ
3515 967 3822 1042 φιλονεική-

2193 1085 2272 1118 σει
2301 1065 2422 1118 ποτ’
2453 1059 2512 1116 ἂν
2557 1061 2688 1123 ἴσως
2737 1061 2764 1116 ὁ
2797 1059 3000 1140 χρόνος
3035 1057 3225 1114 δοῦναι
3271 1059 3337 1114 τὰ
3377 1057 3606 1132 δεύτερα
3637 1077 3650 1089 ·
3693 1057 3750 1111 τὸ
3778 1053 3822 1110 δ’

2193 1154 2336 1208 οὕτω
2391 1153 2485 1224 μὲν
2529 1153 2739 1226 χαίρειν
2794 1151 2850 1205 εὗ
2911 1153 3172 1204 ποιοῦντα
3217 1148 3345 1210 τοὺς
3391 1147 3596 1210 ἄλλους
3653 1147 3818 1216 ὥσπερ

2192 1243 2348 1297 αὐτὸν
2383 1241 2438 1296 εὖ
2488 1243 2718 1316 πάσχειν
2769 1238 3038 1312 νομίζειν,
3087 1237 3229 1294 οὕτω
3275 1235 3332 1292 δὲ
3379 1237 3666 1310 πρόθυμον
3701 1235 3820 1289 εἶναι

2193 1329 2432 1400 διδόντα,
2465 1331 2539 1392 ὡς
2573 1327 2686 1384 οὐδ’
2727 1329 2788 1383 ἃν
2841 1330 2920 1390 εἷς
2953 1328 3110 1402 οἶμαι
3155 1321 3472 1400 λαμϐάνων,
3504 1325 3597 1380 καὶ
3645 1328 3818 1379 τοῦτον

2191 1421 2440 1496 ἡγεῖσθαι
2493 1421 2656 1492 μόνον
2707 1417 2948 1472 πλοῦτον
2987 1419 3079 1471 καί
3135 1415 3412 1490 μέγιστον,
3445 1415 3505 1468 τὸ
3555 1414 3822 1486 μετατιθέ-

2191 1531 2274 1563 ναι
2303 1509 2440 1582 πρὸς
2472 1509 2686 1582 ἑτέρους
2716 1507 2783 1561 τὰ
2816 1503 2946 1560 ὄντα
2977 1525 2990 1538 ·
3031 1504 3120 1560 καὶ
3157 1505 3388 1565 τούτους
3423 1504 3516 1576 μὶν
3559 1501 3692 1576 ὅπερ
3731 1501 3824 1556 αὖ-

2191 1599 2305 1666 τὸς,
2340 1593 2590 1652 αὑτὸνδὲ
2638 1595 2770 1666 ὅπερ
2815 1594 3014 1650 ἐκεῖνοι
3055 1593 3376 1670 γίγνεσθαι·
3431 1589 3546 1646 τόδ’
3592 1588 3696 1664 ἄρα
3741 1589 3821 1642 σὸν

2193 1687 2356 1741 αὐτοῦ
2409 1685 2576 1759 μόνου
2625 1685 2714 1739 καὶ
2759 1683 3019 1738 κοινωνὸν
3071 1681 3168 1737 ούκ
3212 1679 3392 1756 ἓσχες,
3443 1677 3570 1735 οὕτε
3624 1679 3824 1752 μήποτε

2193 1779 2368 1850 κτήσῃ
2403 1795 2414 1807 ·
2463 1776 2626 1848 μόνος
2658 1774 2758 1848 γὰρ
2799 1777 2874 1837 ὡς
2903 1771 3071 1828 εἰπεῖν
3113 1769 3424 1846 διαγέγονας
3467 1769 3607 1843 πρὸς
3639 1769 3704 1822 τὰ
3732 1775 3821 1836 τῆς

2193 1865 2370 1939 τύχης
2415 1863 2807 1935 ἁμιλλώμενος
2855 1861 3026 1932 πάθη,
3056 1861 3146 1914 καὶ
3193 1861 3291 1928 τήν
3341 1856 3640 1930 ἀνώμαλον
3689 1855 3823 1930 ἄγων

2197 1953 2274 2016 εἷς
2309 1953 2425 2007 ἴσον
2457 1953 2518 2006 τό
2561 1973 2622 2026 γε
2670 1953 2806 2006 κατᾶ
2836 1951 3028 2004 σαυτόν
3063 1968 3078 1982 ’
3129 1949 3218 2004 καὶ
3261 1949 3368 2022 μὴν
3417 1947 3512 2008 τὰς
3563 1945 3823 2017 ὁσημέραι

2196 2043 2427 2120 συναφὰς
2470 2041 2806 2115 γαμηλίους,
2835 2039 2926 2094 καὶ
2973 2037 3218 2092 συσσίτια
3263 2041 3508 2106 πενήτων
3563 2033 3698 2110 ὑπὲρ
3731 2035 3820 2101 τήν

2195 2132 2410 2210 χρείαν,
2443 2131 2530 2184 καὶ
2569 2135 2748 2209 χρεῶν
2789 2128 3008 2183 ἀτόπων
3054 2125 3355 2194 ἀποκοπὰς,
3391 2127 3479 2179 καί
3533 2121 3820 2196 δεσμωτῶν

2193 2221 2366 2292 λύσιν,
2415 2221 2502 2274 καὶ
2545 2219 2771 2292 εἷρκτῶν
2821 2215 3027 2296 ἄφεσιν,
3062 2217 3150 2270 καὶ
3203 2217 3297 2276 τὰς
3343 2213 3395 2267 ἐν
3443 2219 3562 2274 τοῖς
3614 2216 3820 2265 νοσοῦσι

2191 2311 2555 2386 παραμυθίας,
2589 2309 2675 2362 καὶ
2705 2309 2805 2375 τήν
2838 2311 2944 2362 τῶν
2987 2305 3145 2376 ξένων
3181 2301 3466 2378 ὑποδοχὴν
3502 2304 3593 2356 καὶ
3629 2299 3824 2373 φιλαν-

2193 2401 2461 2474 θρωπίαν,
2501 2399 2592 2454 καὶ
2633 2397 2796 2452 πόλλ’
2845 2394 3021 2472 ἕτερα,
3053 2395 3143 2448 καὶ
3191 2395 3254 2448 τὸ
3302 2391 3550 2466 μέγιστον
3599 2393 3726 2451 τοὺς
3771 2387 3825 2444 ἐκ

2192 2487 2407 2544 πολλοῦ
2445 2489 2539 2560 μὲν
2588 2489 2748 2560 ἱερῶς
2795 2487 3202 2554 στασιάζοντας,
3235 2481 3356 2558 ἄρτι
3405 2479 3462 2536 δὲ
3500 2479 3826 2546 νενευκότας,

2193 2579 2282 2632 καὶ
2313 2575 2804 2654 προσδοκωμένους
2835 2573 3025 2630 αὔτίκα
3058 2573 3206 2646 μάλα
3245 2574 3498 2644 τιμήσειν
3529 2569 3784 2642 ὁμόνοιαν
3813 2587 3824 2599 '

2195 2668 2222 2721 ὃ
2252 2665 2398 2728 τίνος
2431 2667 2491 2720 ἂν
2539 2667 2766 2740 πρόσθεν
2801 2665 2936 2720 κατὰ
2985 2665 3215 2738 γνώμην
3247 2659 3462 2734 εἷσῂει;
3507 2658 3646 2728 ποίᾳ
3690 2655 3826 2710 ταῦτ’

2194 2753 2364 2812 ἔνεστι
2395 2760 2548 2830 ψυχῇ
2595 2753 2932 2828 παραϐαλεῖν
2961 2753 3274 2828 ἀνθρωπίνῃ
3304 2771 3318 2822 ;
3351 2757 3412 2804 Ὠ
3458 2749 3540 2810 τίς
3593 2747 3710 2820 ᾄσει
3743 2747 3824 2820 μὲν

2195 2849 2388 2916 πάντα,
2421 2845 2534 2917 ᾄσει
2587 2844 2643 2900 δὲ
2679 2847 2798 2900 κατ’
2845 2845 3036 2916 ἀξίαν;
3079 2853 3140 2899 Ὠ
3185 2843 3268 2904 τίς
3319 2839 3555 2901 ἀκούσας
3601 2839 3706 2893 οὐκ
3750 2837 3828 2890 εύ-

2196 2937 2290 3002 θὺς
2319 2937 2592 2992 ἀνίσταται
2623 2937 2690 3004 τῆ
2743 2937 2919 3010 ψύχῇ,
2951 2935 3040 2990 καὶ
3090 2934 3180 2989 τὸν
3233 2933 3591 3010 εἰργασμένον
3643 2930 3830 2987 ἐθέλων

2198 3025 2329 3099 ὑπὲρ
2388 3027 2587 3085 πάντας
2644 3023 2941 3094 σεμνύνειν,
3000 3019 3386 3094 πληρούμενος
3447 3021 3830 3092 ἐνθουσιασμοῦ

2199 3117 2364 3188 σιγῶν
2413 3112 2657 3190 ἐμφαίνει
2701 3113 2764 3166 τὸ
2813 3114 3026 3184 Osuiu;
3083 3111 3228 3186 Ἐγὼ
3277 3108 3334 3165 δὲ
3376 3111 3464 3165 καὶ
3509 3108 3695 3166 τᾶλλα
3743 3109 3830 3182 μὲν

2199 3201 2496 3277 δυστυχὴς,
2529 3202 2605 3257 ἑνὶ
2638 3199 2694 3256 δὲ
2731 3199 2966 3274 μάλιστα
2995 3201 3175 3272 τούτῳ
3207 3199 3289 3255 ὅτι
3329 3202 3426 3268 τῆς
3455 3199 3669 3254 τούτων
3703 3200 3830 3253 ἁπο-

441 3285 662 3339 litatem
707 3285 1038 3350 reduceres,
1082 3301 1318 3356 operam
1371 3287 1603 3342 dedisti.
1663 3287 1872 3342 Adhaec
1913 3303 2081 3358 porro

2197 3289 2459 3360 λείπομαι
2498 3286 2638 3350 θέας,
2670 3287 2760 3341 καὶ
2809 3287 2912 3341 οὐκ
2959 3286 3226 3340 ἀπολαύω
3275 3287 3458 3359 παρὼν
3504 3288 3612 3354 τῆς
3659 3285 3830 3358 ἀρχῆς

440 3373 804 3444 quotidianae
861 3373 1005 3428 istas
1061 3379 1192 3429 tuas
1222 3375 1562 3430 collationes
1621 3375 1933 3448 epulasque
1979 3393 2087 3432 nu-

437 3463 669 3536 ptiales,
729 3469 782 3518 et
841 3464 1245 3530 lautiusculas,
1316 3481 1492 3536 quam
1571 3483 1673 3536 pro
1723 3467 2088 3532 necessitate,

439 3571 762 3626 pauperum
799 3553 1200 3620 invitationes,
1245 3559 1304 3608 et
1331 3555 1606 3610 immanis
1639 3557 1766 3610 aeris
1799 3555 1970 3610 alieni
2004 3555 2088 3610 al-

436 3643 778 3708 levamenta,
806 3649 862 3698 et
913 3643 1264 3698 solutionem
1298 3645 1624 3700 vinctorum
1657 3645 2088 3700 custodiarum-

439 3749 549 3804 que
591 3732 954 3798 missionem,
1005 3739 1062 3786 et
1115 3749 1400 3804 aegrorum
1447 3733 1891 3802 consolationes,
1943 3735 2086 3790 etin

437 3821 782 3894 recipiendis
828 3821 1158 3892 hospitibus
1213 3821 1659 3890 humanitatem,
1700 3829 1757 3878 et
1787 3823 2088 3896 complura

435 3911 492 3966 id
543 3927 730 3982 genus
777 3909 908 3976 alia,
960 3911 1208 3982 denique
1259 3911 1410 3982 quod
1461 3911 1548 3966 vel
1609 3913 1924 3966 maximum
1975 3918 2085 3983 est,

435 4002 656 4054 sanctis
716 3999 948 4067 jamdiu
1003 3999 1476 4054 contentionibus
1537 4000 1870 4070 distractos,
1931 4017 2086 4055 nunc

436 4093 631 4142 autem
689 4087 979 4143 inclinatis
1025 4089 1262 4156 animis,
1313 4095 1376 4144 ut
1425 4105 1560 4160 spes
1609 4093 1716 4154 est,
1749 4090 2084 4160 propediem

2197 3377 2264 3432 τὰ
2307 3377 2600 3452 γιγνόμενα
2634 3391 2647 3406 ⁵
2698 3376 2732 3443 ἢ
2780 3375 3015 3443 σώζοιτο
3065 3371 3318 3427 ἐνιαυτῶν
3369 3377 3598 3448 συχναῖς
3651 3371 3832 3445 περιό-

2199 3463 2336 3532 δοις,
2369 3463 2444 3526 εἷς
2493 3463 2751 3531 τελευτὴν
2781 3462 2838 3517 εὖ
2891 3463 3040 3534 μάλα
3089 3462 3298 3538 παγίως
3343 3467 3451 3516 τῶν
3499 3461 3829 3537 πραγμάτων

2199 3553 2524 3629 χωρούντων
2561 3573 2574 3584 ο
2609 3552 2840 3622 σώζοιτο
2873 3548 2928 3606 δὲ
2963 3549 3211 3626 βασιλεία
3241 3551 3307 3604 τὰ
3349 3551 3489 3622 μόνα
3519 3549 3614 3605 καὶ
3655 3555 3832 3624 πρῶτα

2195 3641 2466 3698 κάλλιστα
2496 3643 2585 3696 καὶ
2617 3641 2893 3716 πρέποντα
2917 3661 2976 3714 γε
3015 3637 3314 3710 ἀλλήλοις.
3348 3639 3452 3694 Καὶ
3491 3641 3714 3714 γένοιτο
3747 3639 3830 3712 μὲν

2200 3735 2337 3806 ὑμᾶς
2369 3731 2445 3792 εἷς
2475 3733 2537 3786 τὸ
2589 3729 2991 3804 ’Δρ-ίανθωνίου
3020 3733 3189 3804 γῆρας
3235 3729 3489 3808 ἀφῖχθαι,
3541 3730 3638 3784 καὶ
3679 3727 3723 3784 εἳ
3758 3747 3833 3788 τις

2197 3820 2371 3882 ἄλλος
2433 3815 2823 3894 ὑπερϐεϐηκώς
2886 3816 2974 3889 ε’ίη
3032 3821 3158 3882 τοὺς
3211 3817 3372 3892 ὅρους
3406 3837 3419 3850 ·
3479 3825 3717 3873 συνεῖναι
3781 3815 3831 3872 ὂὶ

2199 3911 2384 3984 μόνοις
2432 3909 2512 3962 ἀεὶ
2559 3913 2674 3970 τοῖς
2727 3907 3032 3982 βελτίστοις
3089 3904 3421 3962 ἑπιδιδοῦσιν
3481 3909 3615 3963 ὅσον
3675 3907 3830 3978 ἔξεστι

2193 4000 2472 4066 πλεῖστον,
2507 3998 2581 4060 ὡς
2627 3995 2684 4050 ἂν
2729 3997 2816 4051 καὶ
2863 4001 2980 4058 τοῖς
3029 3997 3468 4071 ἐπιγιγνομένοις
3519 3995 3612 4068 εἴη
3663 4003 3830 4072 πειρᾶ-

2193 4089 2313 4142 σθαι
2346 4093 2444 4154 τῆς
2477 4087 2600 4158 παρ’
2635 4085 2786 4158 ὑμῶν
2821 4085 3128 4158 εὐπραξίας.

435 4178 798 4232 concordiam
831 4175 1108 4244 culturos,
1143 4179 1294 4249 quod
1327 4179 1420 4232 cui
1457 4177 1544 4234 vel
1577 4177 1635 4233 in
1671 4184 1922 4234 mentem
1956 4183 2125 4234 antea
2153 4183 2389 4234 venerat
2407 4177 2435 4230 ?
2473 4177 2566 4231 cui
2589 4175 2730 4244 haec,
2763 4177 3023 4246 inquam,
3054 4175 3260 4230 animae
3293 4175 3564 4231 humane
3597 4191 3830 4248 compa-

435 4283 562 4322 rare
591 4269 676 4321 fas
708 4266 838 4321 est?
868 4269 906 4318 Ο
931 4267 1064 4338 quis
1099 4267 1220 4322 haec
1251 4267 1449 4322 omnia
1478 4271 1651 4324 canet
1671 4267 1698 4322 τ
1728 4272 1897 4322 canet
1926 4273 2116 4324 autem
2141 4285 2210 4323 ex
2243 4267 2494 4322 merito?
2531 4266 2574 4320 Ο
2607 4268 2734 4336 quis
2769 4265 2888 4320 haec
2925 4266 3168 4320 auribus
3213 4282 3504 4337 usurpans
3546 4283 3668 4322 non
3709 4283 3832 4338 pro-

432 4357 593 4410 tinus
639 4356 916 4410 excitatur
976 4357 1212 4424 enimo;
1259 4361 1431 4428 atque
1491 4357 1630 4412 dum
1692 4361 1990 4412 auctorem
2043 4375 2158 4428 prae
2205 4357 2479 4412 omnibus
2541 4355 2832 4410 laudando
2889 4355 3158 4411 extollere
3211 4361 3474 4422 conatur,
3531 4373 3653 4410 non
3713 4371 3834 4412 mox

430 4445 588 4501 velut
636 4447 876 4501 numine
930 4447 1178 4516 quodam
1223 4446 1557 4512 instinctus,
1609 4449 2075 4503 obmutescendo
2125 4447 2374 4519 prodigii
2425 4445 2597 4515 hujus
2657 4444 3121 4516 magnitudinem
3181 4446 3438 4500 declarat
3479 4445 3508 4499 ’ἲ
3567 4447 3656 4502 Me
3712 4459 3833 4500 vero

429 4551 563 4592 eum
623 4537 682 4590 in
735 4537 954 4592 caeteris
1007 4536 1319 4604 infelicem,
1354 4541 1480 4592 tum
1532 4537 1591 4592 in
1627 4537 1732 4592 hoc
1783 4553 1896 4592 uno
1947 4539 2264 4608 praesertim
2341 4537 2494 4608 quod
2541 4537 2612 4591 ab
2664 4551 2905 4606 operum
2953 4534 3198 4590 istorum
3231 4536 3438 4590 absum
3471 4536 3832 4605 spectaculo;

433 4644 538 4684 nec
567 4643 846 4701 presens,
879 4643 1054 4699 quem
1089 4645 1186 4698 par
1229 4632 1369 4696 erat,
1421 4629 1491 4682 de
1521 4643 1686 4682 sacra
1716 4629 1826 4682 ista
1867 4627 2151 4699 dignitate
2184 4631 2302 4694 tua,
2344 4627 2508 4698 capio
2539 4627 2814 4680 fructum.
2855 4627 3038 4690 Quam
3071 4625 3242 4696 longo
3274 4641 3564 4681 annorum
3599 4625 3834 4681 circuitu

430 4725 651 4774 sartam
709 4722 920 4774 tectam
965 4719 1066 4773 tibi
1114 4733 1342 4774 manere
1393 4717 1696 4790 discupio:
1755 4717 1926 4774 rebus
1974 4719 2244 4774 omnibus
2291 4717 2360 4772 ad
2411 4717 2585 4770 ﬁnem
2637 4731 2822 4787 usque
2871 4715 2996 4770 vitae
3030 4733 3307 4788 prospero
3339 4720 3396 4770 et
3425 4717 3726 4771 constanti
3757 4723 3832 4770 te-

431 4825 568 4864 nore
629 4809 1095 4880 procedentibus.
1157 4807 1326 4864 Salva
1383 4807 1520 4862 item
1577 4813 1633 4864 et
1693 4807 2002 4862 incolumis
2035 4807 2409 4878 imperatoria
2469 4807 2742 4876 majestas
2775 4807 2852 4861 sit
2908 4811 3070 4877 opto;
3133 4823 3259 4876 quae
3317 4823 3407 4862 res
3448 4807 3582 4862 dum
3623 4805 3756 4861 solae
3783 4809 3835 4860 et

429 4899 630 4968 prima
661 4899 1070 4970 pulcherrimae
1130 4915 1266 4954 sane
1299 4903 1450 4966 sunt,
1483 4901 1540 4954 et
1571 4899 1788 4970 optime
1817 4898 1966 4954 inter
2015 4913 2076 4952 se
2125 4899 2529 4954 convenieunt.
2579 4896 2695 4952 Vos
2734 4901 2924 4952 autem
2977 4899 3090 4952 fata
3142 4901 3208 4951 ad
3253 4897 3660 4966 Arganthonii,
3706 4903 3762 4952 et
3787 4897 3832 4952 si

431 4989 563 5060 quis
619 4989 770 5045 alius
820 4991 975 5046 ultra
1024 5005 1370 5046 communes
1417 4989 1518 5044 αξνί
1571 4989 1855 5044 terminos
1905 4993 2137 5044 evectus
2187 4993 2297 5056 est,
2349 4991 2657 5056 senectam,
2709 4987 2902 5042 venire
2955 4987 3172 5054 sinant,
3224 4993 3396 5058 atque
3445 4987 3504 5041 in
3559 4987 3831 5044 secundis

429 5085 706 5151 perpetuo
739 5081 932 5150 rebus,
966 5085 1022 5137 et
1062 5081 1174 5150 his,
1225 5088 1504 5151 quantum
1542 5079 1668 5134 ﬁeri
1697 5081 1886 5150 potest
1929 5079 2249 5134 maximum
2299 5079 2536 5134 assidue
2579 5077 2940 5148 capientibus
2991 5077 3440 5146 incrementum,
3480 5081 3730 5150 versari,
3773 5081 3830 5134 ut

429 5171 640 5242 posteri
667 5171 841 5228 etiam
873 5173 1150 5228 traditam
1184 5189 1215 5226 a
1244 5171 1410 5227 vobis
1441 5175 1934 5243 propagatemque
1965 5169 2333 5242 experiantur
2367 5167 2724 5225 felicitatem.
