4154 6216
319 393 434 453 397

1534 393 1930 456 LAUDATIO
1973 395 2202 456 REGIS
2245 394 2504 456 CYPRI.

3606 407 3722 468 398

326 553 3715 578 ————-————————-———-—.—————_—_—————_—

1501 765 1847 894 ΤΟΥ
1947 762 2525 892 ΑΥΤΟΥ

1102 1028 1300 1122 ΕΙΣ
1383 1026 1632 1122 TON
1723 1025 2052 1121 ΡΗΓΑ
2129 1028 2370 1122 ΤΗΣ
2453 1026 2960 1125 ΚΥΠΡΟΥ

1653 1322 2386 1455 EJUSDEM

1316 1560 1892 1651 LAUDATIO
1962 1562 2288 1650 REGIS
2349 1563 2699 1652 CYPRI.

377 1873 458 1930 A'.
495 1869 853 1946 Ὑψηλότατε,
899 1869 1229 1940 ἐνδοξότατε,
1279 1867 1639 1945 εὖγενέστατε,
1691 1869 1944 1945 λαμπρό-
1975 1874 2028 1939 Α

294 1983 452 2034 τατε,
506 1965 647 2039 μέγα
856 1963 954 2030 τῆς
1013 1959 1252 2034 Κύπρου.
1297 1959 1360 2014 Οἱ
1417 1958 1667 2015 πλεῖστοι
1716 1963 1824 2014 τῶν
1872 1959 1948 2022 εἰς

295 2055 404 2120 τὴν
441 2050 819 2127 μεγαλόπολιν
859 2049 1088 2120 ταυτηνὶ
1117 2049 1504 2123 καταιρόντων,
1544 2046 1756 2104 ἐπειδὰν
1803 2054 1946 2103 πολ-

298 2141 405 2203 λὰς
458 2141 784 2213 ἀμείψαντες
833 2139 1022 2214 χώρας
1071 2138 1161 2191 καὶ
1209 2136 1399 2199 πόλεις
1461 2138 1550 2192 καὶ
1609 2141 1810 2208 νήσους
1857 2139 1946 2192 καὶ

296 2230 589 2302 ἠπείρους,
623 2227 927 2304 διηγεῖσθαι
959 2228 1054 2287 τὰς
1106 2227 1311 2280 ἑαυτῶν
1352 2224 1641 2300 περιόδους
1689 2225 1947 2280 ἐθέλωσιν

299 2322 388 2381 οἷς
438 2316 498 2372 Ξὶν
554 2318 929 2392 ἐντυγχάνωσι
978 2315 1190 2387 νύκτωρ
1248 2316 1338 2368 καὶ
1399 2317 1515 2388 μεθ’
1574 2316 1806 2388 ἡμέραν,
1855 2318 1944 2370 καὶ

302 2405 528 2478 μάλιστ’
561 2406 750 2459 ὁπόσοι
782 2403 1031 2477 γλῶτταν
1077 2401 1279 2478 ἔχωσιν
1310 2403 1577 2476 ἀρκοῦσαν
1627 2403 1688 2459 ἐκ
1735 2404 1945 2476 φύσεως

328 2495 652 2570 ξαγγέλλειν
683 2494 749 2548 τὰ
777 2500 878 2562 τῆς
912 2490 1152 2552 διανοίας
1181 2490 1490 2568 ἀπόρρητα,
1527 2491 1780 2562 βελτίους
1816 2493 1948 2547 έαυ-

292 2589 410 2640 τῶν
458 2585 700 2659 γίνονται
751 2582 988 2655 μᾶλλον,
1030 2582 1154 2636 ὅταν
1207 2581 1281 2642 εἰς
1329 2581 1455 2643 τοὺς
1514 2581 1638 2643 σούς
1695 2582 1945 2644 ἐπαίνους

294 2674 524 2735 ἑαυτοὺς
570 2671 912 2742 ἀπολύσωσι,
944 2672 1034 2726 καὶ
1074 2673 1169 2733 τὰς
1220 2672 1376 2740 ἡνίας
1424 2678 1524 2739 τῆς
1554 2670 1810 2746 γλώττης
1857 2671 1941 2725 ἐν-

291 2761 434 2817 δῶσι
473 2785 484 2796 ·
545 2766 773 2817 κὰπειτα
831 2761 1178 2835 ἐρωτώμενοι
1238 2761 1374 2832 πρὸς
1430 2764 1537 2814 τῶν
1613 2761 1941 2827 ἀκουόντων,

286 2857 417 2913 πῶς
476 2853 630 2925 φύσει
688 2852 1081 2928 φιλοθεάμονες
1144 2849 1500 2924 ὑπάρχοντες,
1550 2849 1640 2902 καὶ
1696 2847 1942 2911 πολλοὺς

287 2941 689 3012 διεληλυθότες
734 2943 958 3010 τόπους,
1011 2941 1100 2996 καὶ
1150 2937 1377 2995 πολλῶν
1427 2939 1726 3013 ἀνθρώπων
1779 2939 1940 2994 ἄστεα

279 3033 380 3088 καὶ
410 3035 533 3087 νόον
569 3031 886 3107 ἐγνωκότες,
917 3032 1015 3100 τὴν
1054 3036 1155 3094 τῆς
1188 3030 1405 3102 Κύπρου
1451 3026 1666 3101 μᾶλλον
1708 3029 1935 3102 ὑμνοῦσι

282 3120 600 3189 πολιτείαν,
626 3120 712 3175 καὶ
742 3123 841 3190 τήν
874 3118 1216 3189 δικαιοσύνην
1232 3120 1330 3186 τὴν
1364 3121 1485 3189 σὴν,
1509 3117 1596 3172 καὶ
1630 3119 1727 3173 ὅσα
1756 3117 1938 3172 πλου-

280 3217 420 3278 τεῖς,
454 3209 652 3286 ἀγαθὰ,
684 3208 852 3264 ἐκεῖνο
904 3206 971 3278 δὴ
1010 3209 1072 3263 τὸ
1102 3215 1201 3276 τῆς
1263 3205 1710 3280 Ἀριστοτελικῆς
1741 3207 1932 3282 σοφίας

281 3300 622 3376 ἀπόφθεγμα
655 3299 1032 3372 μιμησάμενοι
1064 3296 1446 3370 ἀποκρίνονται
1481 3317 1494 3329 ·
1539 3297 1613 3357 ὡς
1645 3298 1748 3372 γὰρ
1791 3295 1931 3350 ἐκεῖ·

284 3411 380 3450 νος
411 3387 707 3461 ἐρωτηθεὶς
739 3385 880 3442 διατί
928 3391 1044 3447 τοῖς
1075 3384 1264 3444 καλοῖς
1318 3385 1649 3458 μακρότερον
1691 3384 1930 3456 ὁμιλοῦ-

286 3499 415 3550 μεν,
445 3475 656 3555 τυφλοῦ
699 3477 761 3532 τὸ
804 3475 1066 3551 ἐρώτημα
1096 3475 1224 3529 εἶναι
1271 3475 1616 3549 ἀπεκρίνατο,
1652 3473 1793 3528 οὕτω
1840 3474 1930 3528 καὶ

283 3567 439 3620 οὗτοι
473 3567 602 3640 παρ’
650 3562 998 3635 ὁτωνδήποτε
1040 3564 1386 3638 ἐρωτώμενοι
1419 3560 1564 3617 διατί
1614 3567 1728 3622 τοῖς
1762 3563 1933 3636 ἐγκω-

287 3656 439 3728 μίοις
489 3654 745 3710 ἐπιπλέον
796 3659 911 3715 τοῖς
971 3659 1086 3716 σοῖς
1133 3647 1550 3726 ἐνδιατρίϐουσι,
1593 3652 1682 3705 καὶ
1728 3651 1931 3724 γλυκύ-

280 3767 453 3816 τητος
483 3747 652 3819 γέμον
701 3746 960 3817 ἡγοῦνται
1009 3740 1330 3819 ἐντρύφημα
1373 3741 1439 3795 τὰ
1472 3741 1536 3795 σὰ
1585 3739 1925 3812 διηγήματα,

283 3839 474 3911 κωφοῦ
531 3854 684 3909 φασιν
736 3833 868 3886 εἶναι
906 3832 968 3886 τὸ
1017 3829 1299 3904 ἐρώτημα.
1332 3834 1447 3884 Τῶν
1494 3829 1592 3903 γὰρ
1640 3831 1927 3898 τοιούτων,

281 3924 357 3983 ὡς
389 3921 631 3995 εῗρηται,
663 3918 936 3980 πολλάκις
988 3917 1364 3993 διηγουμένων
1397 3919 1463 3973 τὰ
1510 3918 1769 3988 κράτιστα
1815 3923 1924 3973 τῶν

281 4017 389 4066 σῶν
469 4012 710 4086 ἀγαθῶν,
784 4010 872 4064 καὶ
949 4009 1164 4064 πάντων
1243 4007 1549 4062 ἀκουόντων
1629 4009 1718 4062 καὶ
1795 4010 1926 4061 θαυ-

284 4102 590 4175 μαζόντων,
639 4103 820 4161 Ὅστις
881 4100 1115 4169 ἀνήκοος
1165 4093 1366 4170 ἔμεινε,
1416 4099 1566 4176 φασὶ,
1623 4098 1804 4175 κωφὸς
1863 4097 1924 4151 ἂν

280 4191 363 4258 εἴη
397 4192 615 4251 πάντως
646 4189 694 4258 ἐξ
723 4190 891 4257 αὐτῆς
921 4195 1022 4264 γῆς
1061 4189 1342 4262 γενέσεως,
1373 4187 1461 4242 καὶ
1501 4193 1599 4256 τῆς
1641 4185 1922 4261 βελτίονος

277 4281 612 4354 λειπόμενος
641 4283 746 4333 τῶν
781 4279 1079 4348 αἶ’σθήσεων
1112 4295 1125 4307 ·
1158 4277 1386 4332 πολλῶν
1416 4278 1521 4351 γὰρ
1550 4278 1802 4352 πελαγων
1832 4277 1923 4332 καὶ

278 4371 565 4426 θαλασσῶν
599 4371 799 4430 οὐσῶν.
834 4367 1025 4423 ὁπόσαι
1082 4370 1280 4438 νήσους
1329 4363 1518 4442 ἔχουσι
1569 4366 1820 4441 μεγίστας
1863 4387 1924 4420 τε

275 4463 365 4515 καὶ
416 4460 733 4535 ἐλαχίστας,
775 4459 864 4513 καὶ
917 4459 1114 4514 ὁπόσαι
1163 4459 1330 4530 μέσην
1379 4454 1545 4531 ἓσχον
1591 4457 1755 4526 θέσιν,
1808 4455 1922 4511 οὔτ’

273 4551 333 4605 ἐκ
380 4553 481 4622 τῆς
533 4547 784 4617 Ἰνδικῆς,
818 4545 927 4603 οὔτ’
981 4548 1041 4603 ἐκ
1079 4554 1176 4617 τῆς
1228 4545 1328 4616 ἔξω
1371 4552 1475 4600 τῶν
1526 4545 1918 4617 Ἀτλαντίδων,

276 4639 393 4695 οὔτ’
437 4639 499 4694 ἐκ
543 4646 645 4708 τῆς
691 4637 860 4708 ἐντὸς,
892 4639 982 4692 καὶ
1025 4637 1156 4707 ὅσην
1208 4637 1521 4711 Ἡράκλειοι
1571 4637 1766 4706 στῆλαι
1812 4636 1920 4708 ὁρί-
1951 4610 1994 4678 C

276 4737 453 4799 ζουσι,
503 4731 664 4804 φήμη
715 4750 798 4790 τις
852 4730 988 4798 ἡμῖν
1049 4726 1269 4803 ἀφίκετο
1336 4722 1494 4787 κλέος
1551 4726 1914 4804 ἐπιφερομένη

270 4824 545 4882 τοιοῦτον,
587 4816 785 4885 ἡλίκον
830 4817 920 4872 καὶ
969 4818 1086 4870 οἷον
1133 4818 1167 4885 ἡ
1220 4816 1432 4890 Κύπρος
1484 4818 1518 4884 ἡ
1572 4818 1637 4886 σή
1674 4837 1685 4849 ·
1735 4812 1848 4868 οὔθ’
1880 4818 1914 4885 ἡ

273 4916 457 4984 Χρυσῆ
513 4906 784 4981 λεγομένη
835 4906 1204 4981 Χερρόνησος,
1262 4902 1373 4960 οὔτ’
1415 4908 1448 4969 ἡ
1494 4910 1600 4960 τῶν
1649 4905 1918 4980 ἀρκτικῶν

271 5008 370 5068 τῆς
433 4999 766 5071 οἰκουμένης
814 4995 1209 5070 προκαθημὲνη
1276 5000 1454 5069 μερῶν
1526 4995 1735 5065 Θούλη,
1795 4993 1918 5051 οὔτε

269 5093 379 5142 τῶν
421 5091 759 5161 Βρετανικῶν
805 5081 1033 5157 οὐδεμία
1067 5103 1079 5116 ·
1128 5086 1211 5138 ναὶ
1276 5086 1403 5157 μὴν,
1449 5081 1572 5138 οὐδὲ
1627 5088 1734 5138 τῶν
1798 5083 1915 5138 ὅσοι

270 5181 410 5251 πρὸς
466 5170 810 5249 μεσημϐρίαν
847 5174 937 5228 καὶ
987 5173 1146 5230 νότον
1207 5172 1400 5246 ἄνεμον
1460 5172 1700 5228 οἰκοῦσιν
1751 5171 1915 5229 Ἰνδοὶ

273 5269 359 5321 καὶ
423 5266 702 5335 Αἰθίοπες,
762 5265 1042 5337 θαυμαστή
1102 5264 1164 5318 τὸ
1245 5263 1470 5336 μέγετος
1540 5258 1910 5335 Ταπροϐάνη·

272 5357 400 5413 ἀλλ’
431 5353 548 5410 οὐδ’
587 5357 622 5422 ἡ
675 5352 911 5424 πλησίον
951 5353 1041 5408 καὶ
1089 5353 1283 5429 γείτων
1327 5357 1442 5414 τοίς
1493 5357 1598 5407 τῶν
1648 5357 1911 5424 Ὑρκανῶν

272 5444 442 5500 ἔνεστι
477 5442 688 5499 Κασπία
722 5463 735 5475 ³
791 5440 903 5498 οὐδ’
944 5441 1043 5513 ὅση
1093 5441 1152 5497 ἐκ
1197 5438 1466 5515 Γαδείρων
1513 5462 1571 5496 τε
1617 5442 1707 5498 καὶ
1756 5446 1916 5518 Ἡρα-

268 5535 465 5592 κλείων
502 5536 792 5611 ἀρχομένη
826 5532 1044 5604 στηλῶν
1073 5531 1240 5588 ἄνεισι
1287 5534 1381 5606 μὶν
1413 5531 1545 5608 ἄχρι
1574 5534 1664 5588 καὶ
1705 5531 1758 5593 ἐς
1787 5536 1915 5597 τοὺς

273 5620 659 5699 ὑπερϐορείους
705 5621 926 5698 ἔγγιστα
976 5620 1205 5690 Σκύθας,
1253 5626 1578 5696 περατοῦται
1629 5619 1676 5675 δ’
1722 5622 1774 5684 ἐς
1810 5623 1913 5678 Κύ-

266 5735 402 5792 προν
434 5713 532 5784 τήν
586 5712 687 5783 σήν
723 5731 734 5743 ·
787 5710 822 5782 ἢ
875 5707 1087 5784 μᾶλλὸν
1136 5708 1365 5786 ἄρχεται
1419 5709 1514 5784 μὲν
1563 5707 1623 5764 ἐκ
1671 5709 1910 5787 Κύπρου,

2133 1875 2176 1926 Ι.
2210 1871 2562 1939 Celsissime,
2597 1871 3044 1945 gloriosissime,
3073 1881 3540 1949 generosissime,
3579 1884 3713 1940 illu-

2059 1961 2365 2029 strissime,
2388 1978 2598 2033 magne
2613 1979 2712 2017 rex
2725 1963 2914 2035 Cypri.
2933 1964 3202 2038 Plerique
3217 1984 3417 2025 eorum
3435 1973 3540 2044 qui
3557 1987 3715 2042 pere-

2057 2067 2157 2122 gre
2179 2053 2248 2106 ad
2276 2068 2544 2124 magnam
2570 2053 2721 2110 hanc
2746 2054 2944 2109 urbem
2968 2055 3582 2132 (Constantinopolim)
3615 2078 3712 2133 ap-

2059 2141 2303 2211 pellunt,
2335 2146 2640 2212 postquam
2674 2143 2875 2198 multis
2907 2147 3230 2216 peragratis
3263 2149 3622 2220 regionibus,
3645 2156 3705 2207 et

2057 2229 2306 2300 oppidis,
2337 2234 2392 2285 et
2414 2229 2642 2300 insulis,
2667 2237 2723 2285 et
2750 2234 3078 2302 provinciis,
3101 2234 3312 2291 itinera
3351 2255 3459 2293 sua
3501 2239 3574 2293 iis
3607 2241 3708 2311 qui

2059 2322 2230 2373 noctu
2258 2327 2355 2373 aut
2377 2320 2626 2375 interdiu
2653 2321 2803 2375 obvii
2831 2323 2976 2377 forte
3018 2323 3257 2391 fuerint,
3282 2341 3552 2382 enarrare
3600 2345 3707 2384 vo-

2055 2406 2222 2462 lunt:
2249 2414 2308 2463 et
2342 2407 2425 2462 illi
2448 2408 2506 2463 in
2536 2410 2761 2480 primis,
2787 2413 2889 2480 qui
2913 2412 2984 2465 ad
3011 2414 3372 2470 enuntianda
3402 2417 3706 2473 recondita

2054 2493 2233 2548 animi
2291 2511 2486 2560 sensa,
2521 2495 2662 2550 satis
2707 2497 3064 2552 instructam
3096 2515 3129 2553 a
3178 2504 3388 2555 natura
3430 2518 3701 2573 accepere

2051 2580 2336 2651 linguam,
2379 2583 2693 2637 tum;haud
2736 2584 2908 2653 paulo
2941 2601 3082 2640 sane
3115 2587 3384 2643 meliores
3415 2591 3696 2661 semetip-

2052 2672 2134 2725 sis
2161 2672 2305 2726 liunt
2325 2680 2602 2739 oratores,
2626 2689 2758 2727 cum
2783 2675 2842 2729 in
2874 2679 3008 2730 tuas
3051 2692 3180 2731 sese
3213 2677 3418 2733 laudes
3449 2679 3700 2749 solvunt,

2052 2759 2380 2832 linguaeque
2429 2761 2622 2816 laxant
2661 2761 2938 2818 habenas.
2992 2770 3119 2820 Mox
3168 2783 3300 2820 vero
3346 2768 3417 2821 ab
3465 2770 3699 2824 audito-

2051 2851 2208 2904 ribus
2237 2851 2598 2922 interrogati,
2632 2852 2732 2922 qui
2765 2852 2885 2920 tiat,
2921 2859 2985 2908 ut
3028 2855 3300 2911 homines
3350 2862 3556 2913 natura
3614 2860 3699 2914 vi-

2048 2940 2212 2994 sendi
2244 2940 2514 3008 studiosi,
2547 2951 2602 2996 et
2633 2945 2716 2995 tot
2774 2943 3065 3012 pervagati
3115 2943 3262 3013 loca,
3304 2951 3361 3000 et
3405 2948 3508 3017 qui
3555 2947 3702 3012 Μαι,

2049 3039 2228 3085 torum
2259 3046 2453 3086 novere
2481 3032 2748 3101 urbesque
2778 3035 3093 3105 animosque
3112 3037 3354 3090 virorum
3385 3033 3510 3108 (Οδ.
3537 3040 3700 3112 A',3)

2049 3119 2466 3189 rempublicam
2524 3119 2815 3190 Cypriam,
2878 3126 3159 3193 tuamque
3235 3125 3552 3194 justitiam,
3641 3133 3700 3182 et

2046 3224 2172 3278 quae
2205 3213 2476 3278 praeterea
2524 3208 2777 3278 plurima
2808 3208 2905 3263 tibi
2957 3211 3173 3266 adsunt
3229 3211 3401 3273 bona.
3453 3214 3686 3283 potissi-

2045 3313 2204 3351 mum
2243 3297 2301 3350 in
2343 3297 2552 3352 ccelum
2584 3298 2798 3365 ferant,
2839 3315 2905 3352 ac
2950 3299 3172 3355 celebre
3218 3300 3361 3356 illud
3412 3302 3696 3358 Aristote-

2041 3389 2161 3442 licas
2180 3386 2812 3457 sapientimalludentes
2835 3386 3055 3443 dictum
3075 3392 3508 3461 respondenti)
3519 3392 3573 3447 ui
3582 3409 3694 3465 ppe

2042 3487 2106 3537 ut
2148 3481 2266 3545 ille,
2299 3499 2427 3536 cum
2479 3482 2552 3536 ab
2598 3481 2727 3552 ipso
2758 3481 3075 3552 aliquando
3119 3487 3496 3550 quaereretur,
3529 3500 3699 3556 quare

2038 3572 2250 3627 diutius
2266 3588 2392 3625 cum
2409 3570 2660 3642 pulchris
2681 3587 2964 3626 versamur
2986 3574 3008 3622 .9
3038 3578 3169 3626 caci
3191 3587 3308 3627 eam
3330 3587 3451 3628 esse
3469 3574 3698 3630 interro-

2036 3663 2311 3731 gationem
2337 3660 2585 3715 dicebat.
2619 3660 2804 3732 (Diog.
2841 3661 3026 3716 Laert.
3061 3675 3111 3716 ν.
3142 3661 3259 3732 20.)
3291 3662 3374 3716 Ad
3409 3662 3684 3719 eumdem

2038 3755 2090 3806 et
2125 3749 2182 3804 hi
2214 3750 2474 3816 modum,
2500 3747 2786 3819 rogitante
2809 3749 2954 3803 forte
2979 3749 3432 3821 quopiam,quid
3456 3750 3539 3806 ita
3559 3749 3690 3807 lon-

2037 3839 2168 3910 gius
2200 3838 2317 3892 tuis
2349 3837 2742 3892 immorantur
2772 3836 3070 3904 laudibus,
3093 3837 3344 3908 illosque
3365 3841 3437 3895 de
3457 3839 3573 3895 tuis
3599 3856 3686 3896 re-

2037 3929 2146 3983 bus
2177 3942 2476 3982 sermones
2500 3943 2600 3997 pro
2625 3926 2968 3982 dulcissimo
2996 3926 3420 3982 oblectamento
3443 3928 3685 3985 habent?

2035 4016 2195 4072 surdi
2229 4016 2519 4086 propriam
2549 4015 2715 4070 aiunt
2739 4031 2864 4070 esse
2889 4016 3311 4086 quaestionem;
3341 4016 3684 4087 huiusmodi

2034 4105 2190 4161 enim
2215 4104 2572 4166 hominibus.
2606 4109 2670 4159 ut
2700 4104 2975 4173 diximus,
2999 4120 3142 4174 pene
3163 4105 3421 4178 quotidie
3459 4107 3530 4162 de
3564 4109 3683 4164 tuis

2035 4195 2202 4250 bonis
2233 4193 2456 4265 optima
2485 4209 2731 4265 quaeque
2774 4194 3392 4264 commemorantibus,
3433 4196 3685 4270 aliisque

2033 4284 2302 4340 omnibus
2416 4283 2790 4338 audientibus
2905 4283 3468 4355 admirantibusque,
3576 4289 3678 4356 qui

2032 4373 2192 4429 solus
2249 4372 2454 4428 talium
2511 4373 2914 4428 narrationum
2965 4387 3170 4444 expers
3231 4375 3469 4443 mansit,
3526 4375 3684 4432 hunc

2032 4463 2188 4517 haud
2222 4462 2396 4517 dubie
2428 4478 2496 4517 ex
2521 4467 2650 4517 ortu
2682 4463 2808 4533 ipso
2839 4465 3080 4518 surdum
3111 4479 3510 4535 sensuumque
3541 4483 3681 4535 pras-

2033 4552 2401 4608 stantissimo
2432 4551 2699 4607 orbatum
2736 4551 2914 4607 fuisse
2945 4552 3228 4609 dictitant.
3253 4554 3393 4608 Cum
3426 4553 3682 4625 plurima

2030 4641 2186 4695 enim
2219 4641 2435 4711 passim
2485 4655 2717 4708 aequora
2763 4657 2830 4695 ac
2881 4640 3062 4696 maria
3106 4647 3268 4710 sunt,
3317 4658 3682 4715 quascunque

2031 4728 2235 4783 insulis
2265 4732 2467 4784 ornata
2499 4733 2662 4794 sunt,
2696 4729 2815 4783 sive
2838 4729 3109 4784 maximis
3142 4729 3680 4801 minimisque,sive

2030 4818 2303 4874 mediocri
2334 4817 2554 4873 ambitu
2586 4819 2869 4888 praeditis,
2903 4835 3093 4889 neque
3123 4835 3192 4874 ex
3243 4818 3439 4874 Indico
3476 4829 3671 4875 tamen

2029 4907 2196 4973 mari,
2221 4923 2412 4977 neque
2433 4905 2531 4962 illo
2574 4906 2726 4962 ultra
2750 4907 3079 4962 Atlantidas
3101 4913 3456 4978 exporrecto,
3485 4923 3676 4980 neque

2030 4997 2138 5053 hoc
2169 4998 2322 5068 quod
2363 4999 2511 5052 citra
2541 4998 2774 5053 easdem
2806 4998 2918 5052 late
2951 4998 3093 5051 satis
3145 5003 3319 5068 patet,
3353 5003 3409 5053 et
3458 5003 3674 5053 Hercu-

2028 5085 2133 5142 leis
2211 5085 2716 5142 circumscribitur
2794 5086 3103 5145 columnis,
3185 5085 3306 5140 ulla
3380 5087 3452 5141 ad
3511 5101 3676 5142 aures

2030 5179 2261 5231 nostras
2294 5173 2515 5247 allapsa
2548 5176 2702 5230 fama
2750 5179 2854 5241 est,
2889 5173 3178 5244 ejusmodi
3230 5190 3428 5230 secum
3480 5174 3674 5246 gloria

2027 5265 2396 5336 splendorem
2430 5265 2694 5331 efferens,
2727 5263 2954 5334 qualem
3003 5268 3408 5334 quantumque
3459 5266 3678 5335 Cyprus

2028 5353 2140 5408 ista
2171 5359 2306 5410 tua:
2342 5370 2458 5409 non
2497 5353 2596 5408 illa
2639 5369 2798 5418 sane,
2849 5369 2976 5423 qua:
3026 5353 3228 5421 fertur,
3259 5354 3449 5407 Aurea
3498 5352 3676 5410 Cher-

2027 5458 2293 5509 sonesus,
2349 5460 2463 5498 non
2514 5442 2948 5513 aquilonarium
2999 5441 3159 5497 orbis
3209 5441 3462 5513 partium
3516 5442 3676 5514 prin-

2027 5549 2161 5604 ceps
2197 5533 2403 5600 Thule,
2438 5549 2552 5588 non
2602 5530 2720 5586 ulla
2771 5531 3268 5600 Britannicarum,
3321 5546 3436 5588 non
3487 5545 3555 5587 ex
3602 5532 3677 5590 iis

2025 5623 2164 5679 item
2214 5640 2364 5694 quas
2437 5623 2508 5677 ad
2569 5621 2876 5678 meridiem
2959 5625 3341 5692 austrumque
3414 5621 3539 5676 Indi
3618 5628 3678 5679 et

2025 5712 2318 5782 tEthiopes
2368 5710 2656 5777 incolunt,
2706 5711 2929 5780 ingenti
2981 5709 3387 5783 magnitudine
3424 5711 3678 5784 superba
