4154 6216
439 395 560 462 399

1749 403 2146 466 THEODULI
2191 405 2536 466 ΜΟΝᾹΟΗῘ

3720 404 3845 466 400

441 539 805 610 Taprobane,
859 553 1038 608 neque
1099 553 1244 609 quas
1321 539 1569 593 vicinum
1641 541 2086 610 proximumque

2197 543 2524 611 περατοῦται
2557 535 2605 592 δ’
2635 538 2686 600 ἐς
2715 539 2812 600 τάς
2845 537 3203 614 Ἡρακλείους
3253 535 3458 608 στήλας
3490 555 3502 568 ·
3553 536 3698 591 οὕτω
3729 534 3843 610 γὰρ

441 627 726 698 Hyrcanis
783 625 1056 698 gentibus
1113 643 1274 682 mare
1321 627 1598 698 Caspium
1657 628 1850 698 habet,
1903 643 2089 699 nequc

443 731 614 788 quam
647 717 908 787 amplum
963 721 1069 784 est,
1113 717 1264 787 quod
1317 733 1348 772 e
1397 717 1656 774 Gadibus
1715 717 2090 789 Herculisque

441 805 735 860 columnis
763 821 1099 878 erumpens,
1135 809 1206 862 ad
1259 805 1416 878 ipsos
1467 823 1655 879 usque
1693 807 2088 880 hyperboreos

439 895 684 966 Scythas
717 895 978 966 proxime
1008 895 1292 965 ascendit,
1323 898 1393 951 ad
1427 901 1584 952 tuam
1617 913 1752 952 vero
1783 896 2092 953 concludi-

438 985 540 1038 tur
590 985 862 1056 Cyprum,
911 985 1032 1040 sive
1077 985 1268 1042 verius
1317 1003 1346 1040 a
1396 989 1576 1058 Cypro
1619 986 1855 1042 initium
1904 985 2088 1052 ducit,

438 1074 756 1128 terminum
803 1075 875 1128 ad
925 1075 1222 1130 columnas
1265 1076 1496 1147 accipit,
1539 1076 1622 1132 sic
1669 1076 1825 1130 enim
1871 1076 2092 1144 justius

439 1163 856 1235 decentiusque
887 1164 1214 1236 loquemur.
1247 1165 1473 1236 Quippe
1505 1181 1638 1220 cum
1681 1165 1796 1221 duo
1848 1163 2088 1221 extremi

439 1249 586 1307 ﬁnes
611 1251 875 1308 cultioris
908 1254 1084 1324 hujus
1113 1255 1415 1324 nostrique
1457 1254 1634 1310 maris
1665 1254 1804 1323 sint,
1839 1271 2088 1326 quorum

439 1339 604 1394 alteri
635 1341 854 1396 famosa
875 1347 930 1398 et
951 1342 1166 1412 inclyta
1199 1343 1392 1398 insula
1431 1343 1652 1414 Cyprus
1687 1344 2090 1414 praetenditur,

440 1429 588 1485 alter
617 1429 912 1486 Herculeis
943 1431 1235 1488 columnis
1279 1433 1647 1498 describitur,
1679 1432 1774 1487 hic
1821 1448 1924 1502 ego
1973 1433 2089 1502 pri-

442 1536 569 1576 mas
589 1520 794 1576 merito
817 1522 934 1577 sibi
953 1522 1250 1578 vindicare
1280 1524 1698 1579 circumfusum
1725 1523 1911 1596 Cypro
1935 1539 2093 1579 mare

441 1613 667 1670 statuo;
703 1615 876 1681 atque
907 1611 1164 1666 indidem
1207 1628 1442 1667 omnem
1485 1612 1644 1667 illam
1689 1613 1948 1669 humidae
1977 1630 2090 1668 na-

443 1705 586 1752 tura:
615 1697 729 1752 vim
751 1702 1034 1767 exortam,
1057 1699 1126 1752 ad
1151 1697 1456 1755 Herculeas
1500 1715 1682 1770 usque
1717 1700 1929 1756 deferri
1973 1705 2090 1755 ter-

439 1785 776 1858 minarique
810 1787 1136 1849 columnas,
1171 1789 1365 1860 potius
1399 1789 1708 1846 dicendum
1737 1805 1888 1858 esse,
1914 1807 2089 1861 quam

439 1881 669 1932 contra:
705 1882 828 1931 tum
865 1877 1013 1931 hanc
1041 1877 1218 1932 etiam
1253 1879 1482 1950 utrique
1530 1879 1780 1934 termino
1831 1878 2088 1949 regulam
2120 1900 2168 1965 B

445 1963 750 2038 legemque
801 1967 1046 2036 posthac
1091 1968 1212 2022 fore
1262 1967 1530 2029 dixerim,
1579 1971 1644 2022 ut
1685 1975 1882 2024 nostro
1931 1969 2090 2025 vide-

441 2053 578 2108 licet
605 2054 749 2110 mari
780 2055 850 2110 de
879 2057 1082 2128 Cypra,
1109 2073 1222 2113 non
1259 2057 1600 2113 Herculanis
1631 2058 1748 2113 illis
1777 2059 2089 2128 columnis,

439 2142 673 2199 initium
707 2145 1115 2202 constituatur.
1177 2146 1324 2202 Nam
1355 2152 1414 2202 et
1458 2147 1666 2203 almam
1699 2147 1851 2204 hanc
1897 2164 2092 2204 rerum

437 2233 701 2288 omnium
733 2233 994 2290 altricem
1039 2235 1182 2291 solis
1228 2236 1548 2302 ﬂammam,
1601 2237 1773 2304 hanc,
1823 2239 2089 2308 inquam,

445 2323 664 2378 mundo
694 2323 961 2380 universo
991 2323 1213 2380 lumina
1243 2326 1594 2396 praebentem
1625 2327 1898 2381 diurnam
1941 2326 2094 2382 lam-

441 2411 671 2482 padem,
704 2427 773 2468 ex
803 2412 904 2468 illa
935 2413 1058 2468 cmli
1093 2416 1259 2486 plage
1289 2431 1458 2470 suum
1508 2414 1796 2486 auspicari
1827 2416 2092 2471 curricu-

439 2499 587 2568 lum,
613 2517 730 2557 mvo
747 2502 928 2572 omni,
951 2519 1150 2558 omnes
1171 2503 1365 2559 videre
1403 2502 1678 2560 mortales
1711 2521 1724 2558 :
1777 2511 1894 2576 qua
1927 2510 2090 2576 parte

442 2590 690 2660 Cyprum
727 2592 877 2648 Deus
899 2591 1204 2663 plantavit,
1249 2593 1465 2665 quibus
1495 2593 1667 2649 etiam
1699 2595 1771 2650 de
1800 2595 2087 2664 partibus,

442 2678 594 2734 Solis
623 2681 775 2750 ejus,
803 2697 976 2752 quem
1011 2683 1228 2737 mentis
1251 2684 1536 2738 duntaxat
1559 2683 1860 2739 intuemur
1879 2683 2086 2751 oculis,

441 2770 762 2823 Servatoris
809 2770 1074 2826 videlicet
1123 2773 1308 2826 nostri
1359 2772 1480 2840 Dei,
1525 2771 1830 2828 familiaris
1875 2774 2086 2828 conde-

443 2855 764 2909 scensionis
806 2855 1006 2911 lumen
1064 2865 1438 2927 conspectum
1492 2857 1620 2924 fuit,
1663 2857 1924 2929 illudque
1969 2862 2086 2914 toto

439 2943 574 2997 orbe
624 2943 904 3000 diffusum
950 2945 1147 3014 gaudii
1205 2946 1572 3016 mysterium,
1628 2951 1693 3001 ut
1739 2949 1796 3002 in
1857 2953 2085 3003 tantum

444 3033 649 3103 utique
687 3033 1074 3104 tenebricosa,
1125 3039 1180 3090 et
1227 3036 1496 3102 obscura,
1554 3041 1612 3092 et
1670 3038 2085 3106 immansueta,

439 3137 566 3191 qua
603 3123 672 3176 ad
704 3121 1008 3178 columnas
1039 3124 1353 3180 Herculeas
1385 3126 1496 3180 sita
1517 3131 1676 3192 sunt,
1705 3142 1832 3181 esse
1855 3143 2087 3183 necesse

437 3212 533 3276 sit,
577 3212 636 3266 in
695 3218 978 3282 quantum
1057 3215 1240 3285 Cypro
1291 3215 1562 3282 ﬁnitima,
1616 3224 1668 3272 et
1717 3216 2086 3274 humanitate

436 3305 858 3372 temperata,et
895 3302 1080 3370 mitia,
1121 3307 1178 3358 et
1227 3303 1442 3360 illustri
1481 3306 1715 3375 perfusa
1763 3305 1890 3360 luce
1923 3309 2081 3376 sunt,

439 3391 699 3461 adeoque
747 3406 862 3445 non
903 3407 1147 3462 corpora
1194 3392 1366 3448 modo
1417 3393 1727 3454 delectant,
1780 3395 1880 3449 sed
1931 3395 2082 3466 ipsas

435 3479 610 3534 etiam
657 3479 932 3535 animas:
995 3485 1281 3552 quotquot
1337 3487 1530 3538 mente
1586 3486 1644 3538 et
1697 3483 2082 3554 intelligentia

433 3573 614 3624 Deum
661 3573 998 3624 Sermonem
1055 3579 1254 3626 nostra
1301 3571 1507 3642 gratia,
1551 3577 1852 3644 assumpta
1908 3589 2080 3630 carne

433 3658 725 3722 indutum,
757 3663 814 3713 et
843 3659 1132 3730 supplicio
1158 3661 1456 3728 aﬂ‘ectum,
1485 3663 1620 3717 etin
1653 3662 1834 3718 vitam
1869 3679 2080 3735 regres-

434 3765 587 3816 sum,
619 3752 882 3803 cernunt.
920 3749 991 3803 Ut
1039 3750 1238 3818 paucis
1279 3750 1457 3820 igitur
1487 3751 1810 3818 absolvam,
1853 3761 2077 3808 tantum

2347 3267 2441 3287 ,ην
2593 3267 2600 3288 ι
2747 3267 2758 3286 ι
2879 3267 2893 3280 ,
2961 3267 2972 3285 ι
3409 3269 3418 3286 Ι

2115 3267 2158 3335 C
2193 3305 2346 3376 κρὸν,
2403 3301 2495 3356 καὶ
2551 3300 2759 3376 χλεύην
2828 3301 3033 3355 ἅπασαν
3096 3299 3402 3373 ἒπισύρεται
3436 3315 3448 3329 ·

2197 625 2532 700 δικαιότερόν
2562 648 2618 682 τε
2647 629 2736 681 καὶ
2786 629 3210 701 εὐπρεπέστερον
3259 625 3432 700 λέγειν
3465 645 3478 657 ·
3533 622 3684 678 δυοῖν
3728 625 3846 698 γὰρ

2197 714 2366 770 ὄντων
2411 716 2590 788 ἄκρων
2635 723 2734 785 τῆς
2777 714 2990 788 ἡμέρού
3039 718 3242 785 ταύτης
3287 715 3377 768 καὶ
3427 715 3693 786 ἡμετέρας
3743 715 3850 766 θα-

2199 804 2425 874 λάττης,
2455 807 2544 858 καί
2592 810 2688 859 τοῦ
2736 807 2830 877 μὲν
2861 811 2961 874 τῆς
3010 799 3344 878 περιϐοήτου
3392 805 3482 858 καὶ
3535 802 3848 874 θαυμασίας

2195 897 2618 968 προκαθημένης
2667 895 2903 968 Κύπρου,
2953 899 3050 948 τοῦ
3099 893 3144 948 δ’
3197 893 3284 969 ὑφ’
3331 891 3669 968 Ἡρακλείων
3723 893 3848 966 ὁρι-

2199 988 2428 1056 ζομένου
2477 985 2719 1054 στηλῶν,
2767 989 2914 1055 νικᾷν
2970 981 3144 1058 ἔγωγε
3193 984 3408 1056 τίθεμαι
3459 985 3528 1038 τὰ
3577 977 3852 1056 πρεσϐεῖα

2197 1075 2296 1142 τήν
2331 1074 2454 1148 περὶ
2496 1075 2709 1147 Κύπρον
2761 1072 2908 1148 ἔχειν
2959 1073 3254 1143 θάλασσαν,
3284 1075 3374 1128 καὶ
3423 1070 3644 1126 αὗτόθεν
3695 1069 3846 1144 μᾶλ-

2199 1161 2296 1218 λον
2325 1165 2609 1238 ἠργμένην
2639 1164 2738 1232 τὴν
2776 1163 2914 1232 ὅλην
2961 1164 3162 1234 ταύτην
3195 1161 3373 1238 λέγειν
3429 1160 3598 1237 ὑγράν
3629 1160 3846 1226 οὐσίαν,

2199 1250 2330 1328 ἄχρι
2369 1253 2460 1306 καὶ
2509 1253 2561 1314 ἐς
2611 1253 2708 1314 τὰς
2737 1251 3094 1326 Ἡρακλείους
3143 1251 3382 1307 κατιέναι
3431 1251 3523 1304 καὶ
3567 1251 3844 1323 περατοῦ-

2199 1343 2322 1395 σθαι
2379 1340 2608 1412 στήλας,
2753 1341 3085 1396 τούναντίον.
3145 1341 3244 1395 Καὶ
3317 1338 3465 1394 τοῦτ’
3517 1338 3655 1393 εἶναι
3721 1343 3846 1400 τοῖς

2201 1427 2387 1504 ἄκροις
2420 1430 2620 1509 ἀμφοῖν
2651 1429 2710 1484 ἔκ
2755 1451 2816 1504 γε
2843 1434 3035 1484 τουνῦν
3086 1428 3273 1504 ἐφεξῆς
3303 1427 3498 1482 κανόνα
3547 1427 3638 1482 καὶ
3667 1428 3844 1499 νόμον

2197 1515 2366 1594 ἓγωγε
2413 1519 2564 1593 λέγω
2596 1537 2609 1551 ·
2661 1519 2903 1574 τίθεσθαι
2953 1516 3170 1589 δηλαδή
3220 1519 3320 1586 τὴν
3371 1517 3550 1593 ἀρχὴν
3605 1515 3674 1590 τῇ
3721 1517 3848 1570 καθ’

2200 1610 2348 1680 ἡμᾶς
2390 1608 2592 1676 ταύτης
2641 1607 2877 1682 θαλάττῃ
2920 1609 2978 1664 ἐκ
3027 1609 3270 1682 Κύπρου,
3316 1608 3406 1661 καί
3456 1608 3531 1677 μὴ
3579 1603 3628 1678 ἐξ
3675 1610 3849 1680 Ἡρα-

2199 1696 2401 1752 κλείων
2443 1697 2662 1768 στηλῶν
2698 1718 2710 1731 *
2762 1698 2851 1752 καὶ
2903 1700 3006 1774 γὰρ
3045 1699 3144 1766 τὴν
3192 1696 3258 1751 τὰ
3309 1698 3485 1751 πάντα
3536 1696 3845 1768 βόσκουσαν

2199 1785 2366 1856 ἡλίου
2407 1786 2604 1863 φλόγα,
2635 1789 2734 1856 τὴν
2777 1788 3098 1862 πάγκοσμόν
3142 1807 3288 1862 φημι
3313 1791 3414 1850 τῆς
3455 1786 3664 1857 ἡμέρας
3699 1785 3848 1856 λαμ-

2197 1875 2361 1945 πάδα,
2411 1875 2609 1930 ἐκεῖθεν
2661 1876 2980 1952 ἀρχομένην
3021 1877 3220 1945 ὁρῶσιν
3269 1876 3320 1944 ἐξ
3371 1875 3568 1935 αἰῶνος
3615 1875 3848 1935 ἅπαντες

2201 1964 2497 2040 ἄνθρωποι.
2547 1969 2701 2020 ’Ὀθεν
2755 1969 2790 2034 ἡ
2845 1965 3059 2040 Κύπρος
3114 1965 3440 2040 πεφύτευται
3495 1964 3631 2037 πρὸς
3683 1967 3848 2030 Θεοῦ,

2200 2053 2304 2106 κάκ
2330 2057 2437 2106 τῶν
2489 2057 2667 2128 μερῶν
2707 2052 2924 2107 ἐκείνων
2957 2055 3093 2125 ἡμῖν
3145 2051 3238 2106 καὶ
3265 2054 3328 2107 τὸ
3357 2055 3457 2116 τῆς
3497 2055 3592 2106 τοῦ
3639 2055 3848 2120 νοητοῦ

2201 2142 2365 2210 ἡλίου
2395 2142 2484 2196 καὶ
2527 2148 2788 2211 Σωτῆρος
2827 2145 2992 2215 ἡμῶν
3023 2146 3157 2196 Θεοῦ
3195 2135 3640 2216 συγκαταϐάσεως
3679 2135 3844 2214 ὤφθη

2202 2235 2337 2308 φῶς,
2369 2231 2458 2285 καὶ
2507 2231 2568 2284 τὸ
2597 2237 2698 2300 τῆς
2745 2229 3091 2306 παγκοσμίου
3141 2235 3320 2307 χαρᾶς
3371 2231 3668 2303 μυστήριον
3703 2245 3718 2260 ’
3767 2229 3847 2289 ὡς

2202 2321 2510 2394 εἶναιπαρὰ
2550 2318 2810 2375 τοσοῦτον
2861 2320 2934 2381 ὡς
2973 2319 3198 2390 ἀληθῶς
3235 2321 3303 2374 τά
3347 2318 3492 2392 παρά
3532 2319 3628 2380 τὰς
3675 2319 3846 2390 Ἡρα-

2198 2407 2416 2471 κλείους
2449 2408 2656 2479 στήλας
2690 2409 2826 2484 μέρη
2860 2408 3108 2463 σκοτεινά
3135 2409 3226 2462 καὶ
3267 2407 3498 2482 ἀλαμπῆ
3527 2407 3618 2461 καὶ
3651 2405 3848 2483 ἄγρια,

2197 2500 2440 2573 παρόσον
2481 2499 2548 2553 τά
2603 2499 2750 2574 παρά
2793 2500 2892 2568 τήν
2955 2499 3167 2572 Κύπρον
3218 2497 3398 2571 ἥμερα
3454 2496 3544 2551 καὶ
3593 2503 3848 2570 προσηνῆ

2196 2588 2286 2644 καὶ
2317 2587 2610 2660 λάμποντα
2643 2606 2656 2621 ’
2710 2587 2802 2642 καὶ
2830 2588 3096 2662 τέρποντα
3150 2587 3226 2658 μή
3263 2585 3424 2658 μόνον
3465 2587 3714 2658 σώματα,
3755 2584 3850 2640 ὅτι

2201 2678 2278 2750 μή
2327 2679 2416 2730 κάί
2463 2676 2644 2755 ψυχὰς
2694 2677 2860 2738 αὐτὰς
2913 2675 3034 2730 ὅσαι
3077 2680 3284 2746 νοερῶς
3331 2675 3523 2749 ὁρῶσι,
3573 2671 3644 2727 δι’
3691 2676 3852 2746 ἡμᾶς

2198 2767 2542 2839 σαρκωθέντα
2571 2766 2698 2821 Θεὸν
2751 2767 2949 2841 Λόγον,
2979 2766 3070 2818 καὶ
3119 2763 3358 2818 παθόντα
3399 2764 3489 2818 καὶ
3520 2763 3848 2832 ἀναστάντα,

2195 2856 2284 2911 καὶ
2335 2854 2623 2910 συνελόντα
2670 2857 2854 2934 φάναι,
2905 2859 3135 2909 τοσοῦτο
3171 2852 3402 2927 βελτίων
3449 2855 3555 2907 τῶν
3609 2849 3845 2907 δυτικῶν

2192 2946 2259 3000 τὰ
2285 2943 2448 2999 ἕωθέν
2495 2965 2554 3000 τε
2583 2945 2674 3000 καὶ
2719 2945 2778 2999 ἐκ
2829 2944 3069 3017 Κύπρου,
3103 2943 3226 2998 ὅσον
3275 2940 3509 3011 ἀλήθεια
3557 2939 3796 3016 ψεύδους
3831 2958 3848 2972 ⁶

2195 3036 2238 3090 εἰ
2269 3035 2369 3109 γὰρ
2417 3037 2483 3089 τὰ
2537 3033 2760 3108 μυθώδη
2803 3035 2980 3089 πάντα
3030 3029 3261 3106 ψεύδους
3307 3031 3576 3100 ἀπόζοντα
3625 3029 3852 3106 γέλωτα

2195 3123 2532 3202 ὀφλισκάνει,
2563 3125 2598 3192 ἦ
2633 3144 2738 3178 που
2774 3123 2842 3178 τὰ
2888 3121 3222 3196 Ἡρακλέους
3253 3121 3462 3176 ἅπαντα
3509 3121 3699 3193 μύθοις
3751 3121 3847 3176 καὶ

2193 3213 2504 3287 πλάσμασιν
2561 3211 2894 3288 ἐρειδόμενα,
2947 3209 3168 3285 γέλωτά
3237 3230 3296 3264 τε
3363 3208 3676 3286 ὀφλισκάνει
3737 3230 3852 3282 μα-

3521 3296 3660 3352 ὥστε
3731 3303 3846 3354 ποῦ

2189 3397 2295 3448 τῶν
2351 3393 2577 3447 εἷκοτων
2633 3393 2700 3446 τά
2755 3388 2926 3466 ψευδῆ
2986 3395 3094 3445 τῶν
3151 3388 3376 3460 ἀληθῶν
3431 3389 3701 3462 ἡγεῖσθαι,
3747 3390 3844 3444 καὶ

2190 3482 2224 3536 ἃ
2271 3482 2508 3556 γέλωτος
2557 3481 2788 3556 πέφυκεν
2839 3480 2980 3553 ἄξια,
3033 3484 3142 3536 τῶν
3193 3479 3544 3552 ὑμνουμένων
3594 3479 3684 3532 καὶ
3735 3500 3846 3550 μα-

2187 3572 2561 3658 καριζομένων
2637 3570 2868 3646 ἅρχειν;
2949 3569 3103 3626 Οὕτω
3186 3569 3528 3643 πανταχόθεν
3613 3567 3851 3632 εἷ’κότως

2189 3663 2223 3730 ἡ
2284 3662 2352 3728 σὴ
2411 3654 2473 3715 τὸ
2532 3658 2745 3714 δίκαιον
2809 3654 2928 3734 ἔχει
2988 3660 3208 3734 Κύπρος
3263 3659 3328 3712 τά
3383 3661 3624 3732 πρωτεῖα
3675 3657 3850 3732 κομί-

2191 3753 2372 3820 ζεσθαι
2387 3794 2400 3807 .

435 3838 894 3894 occidentalibus
925 3840 1256 3911 regionibus
1287 3841 1546 3897 bonitate
1577 3843 1890 3898 orientales
1913 3848 1968 3898 et
1997 3843 2216 3916 Cypriae
2249 3847 2545 3912 praestant,
2577 3847 2860 3913 quantum
2879 3843 3098 3898 veritas
3129 3841 3448 3898 mendacio.
3472 3839 3762 3896 Nimirum
3793 3841 3845 3898 si

434 3927 702 3984 fabulosa
719 3945 849 4000 quae
871 3931 1242 3986 mendacium
1265 3931 1548 4000 redolent,
1571 3933 1770 3988 omnia
1790 3935 1973 3988 risum
2001 3934 2205 3990 merito
2227 3933 2460 3998 debent,
2485 3933 2683 4005 utique
2713 3943 2770 3988 et
2799 3931 3062 3989 Herculis
3098 3931 3356 3987 facinora
3381 3931 3598 3996 omnia,
3623 3930 3848 4002 quippe

435 4017 646 4074 fabulis
677 4017 1084 4090 ﬁgmentisque
1099 4020 1317 4088 innixa,
1343 4026 1401 4076 et
1423 4037 1667 4093 magnos
1687 4029 1982 4078 merentur
1996 4023 2420 4092 risus,etemne
2439 4024 2672 4080 ludibrii
2687 4041 2870 4094 genus
2885 4024 3041 4078 ultro
3057 4023 3304 4078 invitant
3324 4031 3497 4093 atque
3515 4022 3844 4079 attrahunt.

435 4109 619 4172 Quam
677 4109 872 4179 itaque
946 4109 1254 4181 indignum
1313 4111 1488 4166 fuerit
1535 4112 1682 4168 falsa
1732 4117 1790 4168 et
1835 4114 2116 4169 ementita
2171 4121 2302 4168 ante
2355 4131 2490 4170 vera
2537 4129 2710 4170 esse:
2761 4121 2815 4169 et
2869 4129 2984 4185 qua
3035 4113 3156 4168 risu
3205 4127 3276 4168 ex
3327 4129 3392 4168 se
3441 4113 3620 4184 digna
3679 4121 3844 4178 sunt,

435 4197 758 4268 principem
805 4199 956 4253 inter
1004 4215 1072 4255 ea
1119 4206 1314 4257 tenere
1375 4201 1586 4270 locum,
1637 4219 1764 4276 quas
1823 4205 2074 4260 summis
2140 4209 2422 4260 ornantur
2469 4204 2762 4271 laudibus,
2815 4213 2870 4260 et
2919 4205 2978 4260 in
3046 4202 3403 4260 beatissimis
3487 4202 3844 4259 habentur?

435 4288 590 4342 Adeo
621 4304 759 4344 sane
787 4289 945 4344 omni
975 4305 1043 4346 ex
1086 4295 1248 4361 parte
1298 4293 1676 4349 meritissima
1717 4309 1890 4349 suum
1945 4293 2129 4366 Cypro
2161 4300 2276 4349 tua:
2297 4295 2395 4364 jus
2425 4299 2670 4363 constat,
2703 4299 2767 4350 ut
2797 4294 3017 4366 primas
3046 4293 3174 4364 ipsa
3203 4293 3351 4349 ferre
3381 4293 3588 4348 debeat
3621 4297 3843 4365 partes.

509 4377 577 4432 ΙΙ.
600 4378 792 4449 Atque
815 4377 936 4435 haec
954 4380 1190 4450 quidem
1213 4383 1534 4450 commoda,
1555 4383 1716 4441 nullo
1739 4383 2079 4440 administro

435 4466 800 4535 intermedio,
851 4467 1021 4524 unice
1077 4487 1111 4524 a
1167 4469 1283 4526 Deo
1343 4471 1548 4526 insulas
1614 4474 1796 4543 Cypro
1857 4473 2078 4528 dudum

2197 4477 2260 4547 τῇ
2290 4477 2442 4546 νήσῳ
2491 4475 2920 4548 προϋπάρχοντα
2968 4471 3212 4552 φαίνεται
3245 4491 3260 4504 ⁸

435 4555 648 4612 tributa
677 4557 954 4613 fuerant:
1007 4574 1134 4629 qua
1186 4575 1288 4630 per
1315 4564 1372 4616 te
1419 4577 1573 4628 vero,
1625 4567 1682 4617 et
1729 4567 1962 4632 prepter
2011 4567 2087 4631 te,

435 4647 722 4717 Optimum
785 4648 896 4704 Deo
955 4653 1251 4720 repertum
1331 4651 1828 4718 ministrum,Deo
1856 4657 2084 4709 auctore

443 4741 836 4802 accesserunt,
870 4741 926 4792 et
947 4739 1319 4807 postmodum
1341 4739 1564 4808 adjecta
1612 4746 1770 4808 sunt,
1803 4741 1936 4811 quis
1985 4759 2086 4807 pro

437 4827 608 4880 tamen
647 4826 1048 4896 magnitudine
1089 4827 1264 4898 digne
1309 4827 1447 4884 satis
1491 4831 1894 4885 enarraverit?
1937 4831 2084 4886 Rur-

439 4931 540 4968 sus
572 4913 704 4985 quis
737 4931 853 4970 non
889 4931 990 4986 pro
1032 4915 1314 4988 dignitate
1349 4934 1472 4973 rem
1521 4918 1715 4974 verbis
1755 4925 2084 4988 exsecutu,

437 5019 552 5059 non
593 5009 750 5059 totus
794 5005 1013 5076 pudore
1044 5007 1435 5062 confundatur
1461 5007 1490 5061 ?
1548 5023 1743 5064 coram
1804 5009 2084 5064 nimirum

437 5093 594 5149 illico
625 5099 680 5150 et
709 5099 842 5151 ante
873 5096 1071 5151 oculos
1103 5101 1492 5166 praesentanea
1537 5097 1762 5166 objecta
1818 5101 2084 5156 confuta-

435 5185 613 5240 tione.
673 5185 898 5257 Quippe
953 5185 1265 5256 injustitiae
1321 5189 1514 5244 omnis
1573 5190 1955 5245 fundamenta
2015 5190 2086 5245 de

435 5274 631 5330 insula
661 5275 1082 5340 exterminasti,
1110 5293 1232 5346 quae
1257 5278 1514 5349 undique
1551 5295 1620 5333 ex
1667 5279 1762 5336 ille
1808 5279 2085 5336 evelleras

439 5363 823 5434 funditusque
855 5365 1200 5421 sustuleras.
1235 5365 1398 5422 Illius
1427 5372 1620 5423 autem
1667 5367 1794 5423 loco
1827 5369 2086 5424 introdu-

438 5455 588 5508 ctam
614 5451 929 5521 justitiam,
961 5453 1020 5507 in
1053 5453 1292 5510 domum
1337 5456 1914 5527 familiaritalemque
1951 5457 2084 5512 inti-

439 5557 594 5595 mam
627 5541 919 5612 recepisti,
954 5549 1016 5597 ut
1038 5559 1164 5614 qua
1197 5560 1342 5615 apex
1373 5545 1679 5612 virtutum,
1713 5549 1888 5616 atque
1919 5547 2083 5604 radix

439 5633 496 5683 ct
529 5629 1271 5705 fundamentum'concinni
1293 5633 1513 5690 ordinis
1536 5639 1641 5703 est,
1664 5636 1792 5705 ejus
1809 5635 2080 5704 maxime,

439 5715 536 5788 qui
591 5717 766 5774 rebus
823 5721 1068 5792 publicis
1127 5728 1399 5779 ornatum
1475 5723 1663 5796 affert,
1741 5725 2082 5800 cunctisque

2267 4384 2340 4440 Β’.
2375 4383 2472 4437 Καὶ
2501 4387 2668 4437 ταῦτα
2719 4382 2813 4456 μὲν
2855 4382 3071 4456 ἀμέσως
3104 4380 3163 4435 ἐκ
3211 4385 3346 4436 Θεοῦ
3382 4381 3586 4453 τάγαθὰ
3633 4382 3842 4456 Κύπρῳ

3315 4471 3347 4525 ὰ
3379 4469 3423 4526 δ’
3473 4471 3531 4526 ὲκ
3561 4475 3696 4527 Θεοῦ
3749 4469 3846 4528 διὰ

2196 4567 2292 4617 σοῦ
2342 4583 2433 4617 και
2489 4560 2575 4616 διὰ
2627 4563 2684 4617 σὲ
2732 4563 3020 4638 κράτιστον
3064 4560 3340 4635 ὑπηρέτην
3369 4559 3672 4634 εὑρημένον
3719 4567 3844 4635 Θεῷ

2193 4650 2524 4728 προσγέγονέ
2553 4673 2610 4705 τε
2639 4651 2730 4706 καὶ
2762 4649 3064 4726 ἐπεγένετο,
3095 4649 3176 4710 τίς
3209 4649 3270 4704 ἃν
3311 4648 3473 4719 ἀξίως
3505 4656 3605 4719 τῆς
3643 4653 3848 4729 φήμης

2198 4741 2365 4796 εἰπεῖν
2399 4737 2698 4812 δυνηθείης
2748 4741 2830 4802 τίς
2863 4738 2910 4794 δ’
2941 4739 3040 4794 οὐκ
3082 4739 3246 4809 ἀξίως
3297 4738 3463 4793 εἰπὼν
3509 4740 3613 4794 οὐκ
3653 4741 3714 4792 ἄν
3763 4739 3850 4794 αἷ-

2196 4829 2494 4902 σχυνθείης
2541 4833 2634 4883 τὸν
2683 4827 2872 4883 αὐτίκα
2917 4824 3150 4903 ἔλεγχον
3199 4825 3343 4902 ἔχων
3389 4829 3495 4903 πρὸ
3539 4824 3846 4904 ὀφθαλμῶν

2194 4916 2582 4990 ἀνθιστάμενον
2619 4939 2633 4952 ·
2689 4915 2901 4978 ἀδικίας
2963 4917 3058 4990 μὶν
3117 4918 3220 4992 γὰρ
3275 4919 3488 4987 ἀπάσης
3565 4915 3848 4992 κρηπῖδας

2193 5009 2293 5074 τῆς
2322 5009 2490 5076 νήσου
2537 5006 2814 5082 ἐξώρισας,
2859 5006 3200 5080 πανταχόθεν
3251 5004 3420 5074 αὐτῆς
3463 5001 3696 5071 ἀνελὼν,
3749 5006 3844 5060 καὶ

2193 5095 2484 5174 ἄφανισμῷ
2511 5095 2764 5152 παντελεῖ
2793 5093 3068 5170 παραδούς
3101 5113 3115 5126 ·
3162 5092 3510 5163 δικαιοσύνην
3544 5091 3590 5148 δ’
3629 5093 3844 5148 ἀντείσ-

2195 5185 2420 5261 ήνεγκᾶς
2450 5207 2508 5240 τε
2537 5185 2626 5240 καὶ
2657 5184 2927 5257 εἰσῳκίσω
2957 5185 3048 5238 καὶ
3088 5183 3377 5256 ᾠκειώσω,
3409 5183 3500 5238 ἅτε
3537 5183 3605 5237 τὰ
3645 5188 3846 5256 πρῶτα

2193 5274 2460 5352 φέρουσαν
2485 5278 2592 5328 τῶν
2629 5271 2813 5328 καλῶν
2848 5273 2938 5327 καὶ
2982 5272 3133 5346 ῥίζαν
3174 5272 3266 5326 καὶ
3297 5269 3552 5344 θεμέλιον
3594 5269 3844 5342 εὐταξίας

2193 5361 2376 5434 οὖσαν,
2410 5363 2509 5434 ὅση
2558 5363 2654 5425 τὰς
2691 5361 2976 5423 πολιτείας
3020 5365 3219 5434 κοσμεῖ
3265 5361 3356 5415 καὶ
3406 5359 3672 5432 ἁρμονίαν
3717 5367 3842 5424 τοῖς

2190 5452 2550 5528 ἀνθρωπίνοις
2609 5451 2842 5522 ἐντίθησι
2874 5452 3152 5528 πράγμασι
3213 5455 3396 5521 πᾶσιν,
3430 5448 3489 5504 ού
3531 5447 3688 5526 λόγῳ
3733 5451 3842 5523 μό-

2189 5565 2278 5596 νον
2307 5550 2408 5613 τῆς
2451 5543 2646 5618 ἀρετῆς
2701 5547 2923 5616 κοσμῶν
2951 5541 3014 5596 τὸ
3072 5541 3286 5614 σεμνὸν,
3317 5541 3412 5601 τὰς
3469 5545 3570 5609 τῆς
3611 5537 3840 5596 δικαιο-

2190 5633 2353 5704 σύνης
2392 5631 2606 5704 δηλαδή
2647 5631 2981 5707 πλάστιγγας
3017 5632 3110 5687 καὶ
3147 5635 3256 5687 τῶν
3295 5629 3560 5685 τοιούτων
3593 5631 3838 5688 κανόνων

2186 5724 2248 5780 τὸ
2288 5720 2538 5804 ἀρρεπὲς,
2577 5721 2724 5780 ἀλλὰ
2769 5723 2857 5779 καὶ
2895 5721 3118 5804 πράξεσι
3166 5719 3546 5795 καταλλήλαις
3597 5716 3844 5802 βεϐαιῶν
