4154 6216
309 321 418 386 401
1518 324 1912 388 LAUDATIO
1958 321 2179 385 REGIS
2220 319 2476 382 CYPRI.
3574 323 3694 382 402

308 457 401 524 τὴν
443 450 736 525 εὐκοσμίαν
774 457 884 508 τῶν
919 451 1125 527 λόγων,
1175 450 1426 515 δικαστὰς
1486 455 1581 527 μὲν
1644 457 1936 528 ἐπιστήσας

2050 456 2323 513 humanis
2353 452 2600 526 negotiis
2631 467 2801 510 suum
2825 452 3087 524 impertit
3135 458 3483 513 concentum
3506 475 3522 525 ;
3576 475 3690 515 non

310 544 414 600 κατ’
461 541 698 610 ἐκλογῆο
726 539 872 616 λτοὺς
923 542 1198 618 ἀριστους,
1230 542 1474 619 φύλακας
1514 566 1603 601 και
1632 548 1936 620 προστάτας

2054 547 2206 604 enim
2235 544 2585 601 verbotenus
2615 543 2896 599 duntaxat
2924 542 3156 599 virtutis
3186 545 3365 616 hujus
3405 546 3694 603 excellen-

306 640 395 701 τῆς
441 631 725 707 ἰσηγορίας
771 652 830 685 τε
874 631 964 685 καὶ
1015 652 1294 706 σονομιας,
1344 633 1418 696 ὡς
1470 638 1547 708 μή
1596 633 1738 711 λάθῃ
1788 634 1938 711 διαρ-

2052 636 2190 692 tiam
2221 651 2418 701 ornas,
2480 633 2676 689 lances
2731 630 2888 688 illius
2933 631 3238 701 nimirum,
3291 638 3347 690 et
3402 636 3692 706 ejusmodi

304 722 414 794 ῥυὲν
458 721 520 775 τὸ
570 718 842 793 συμφέρον
883 740 897 753 ’
952 720 1289 795 ἀγορανόμοι
1335 742 1393 777 τε
1432 722 1522 777 καὶ
1552 725 1818 798 ὀψονόμοι
1848 725 1938 780 καὶ

2055 726 2413 782 trutinarum
2491 738 2785 792 nusquam
2856 720 3233 779 inclinantem
3309 725 3695 784 constantiam

302 807 625 863 δικασπόλοι
662 805 928 879 διηνεκῶς
958 808 1194 883 περιίασι
1225 810 1321 872 τὰς
1370 810 1569 887 ἀγορὰς
1626 812 1714 867 καὶ
1770 818 1941 868 πᾶσαν

2056 813 2494 877 commendans,
2534 828 2732 867 verum
2766 810 2938 867 etiam
2957 811 3198 883 pulchre
3219 813 3696 872 convenientibus

296 899 390 967 τήν
420 904 609 967 νῆσον,
639 895 829 973 ἔφοροι
873 902 982 952 τῶν
1030 897 1204 953 ὠνίων
1244 899 1333 954 καὶ
1364 899 1630 974 πράσεων,
1652 903 1738 956 καὶ
1773 923 1936 980 φρου-

2054 904 2377 960 actionibus
2427 902 2699 957 honorem
2764 900 3083 956 orationem
3134 904 3499 973 comprobes,
3549 905 3693 961 dum

297 990 380 1061 ροὶ
410 993 511 1054 τῆς
556 984 715 1057 δίκης
764 986 1031 1061 ἀκάματοι
1070 1009 1082 1021 ’
1129 989 1428 1064 ταξιάρχας
1462 1011 1521 1045 τε
1549 992 1636 1045 καὶ
1665 998 1764 1061 τῆς
1796 989 1937 1046 εὐνο-

2057 993 2172 1049 acri
2237 991 2450 1047 dilectu
2521 991 2775 1059 optimos
2853 1005 3086 1061 quoque
3160 990 3344 1047 civilis
3412 993 3697 1049 libertatis

298 1077 422 1148 μίας
456 1072 745 1145 διοικητὰς
775 1079 850 1150 μή
880 1076 1060 1149 μόνων
1083 1078 1190 1132 τῶν
1223 1075 1502 1151 δημοσίων
1528 1078 1938 1155 πράξεωνβιλλᾶ

2062 1083 2317 1154 lurisque
2346 1078 2694 1152 tequalitatis
2722 1079 2989 1135 custodes
3017 1096 3082 1135 ac
3130 1082 3400 1151 praesides
3435 1084 3556 1152 juri
3608 1083 3702 1138 di-

293 1164 378 1220 καὶ
409 1164 520 1219 τῶν
554 1163 610 1220 ἐν
642 1170 763 1227 τοῖς
795 1162 998 1237 δήμοις
1046 1167 1195 1235 ἠθῶν
1242 1168 1334 1222 καὶ
1382 1167 1561 1241 λόγων
1587 1171 1675 1225 καί
1706 1171 1933 1244 τρόπων,

2060 1173 2248 1228 oundo
2281 1170 2543 1243 praeﬁcis,
2576 1185 2648 1224 ne
2688 1184 2789 1239 per
2845 1169 3128 1225 incuriam
3180 1170 3423 1227 fortasse
3469 1171 3700 1228 difﬂuat

296 1255 369 1315 ὡς
398 1253 459 1308 ἂν
515 1254 846 1328 μαραίνηται
884 1255 978 1327 μὲν
1025 1255 1116 1309 καὶ
1154 1255 1266 1328 ἀπῇ
1294 1256 1360 1310 τὰ
1398 1256 1557 1325 κακὰ,
1589 1254 1689 1312 ὅσα
1715 1261 1813 1327 τήν
1845 1246 1936 1314 τοῦ

2059 1261 2340 1333 paulatim
2380 1260 2680 1332 egregium
2726 1258 3045 1330 publicum,
3095 1268 3213 1315 tum
3266 1261 3465 1317 aediles
3521 1263 3694 1319 etiam

296 1340 529 1417 ψεύδους
558 1342 678 1421 ἔχει
709 1345 1035 1419 προπέτειαν
1068 1347 1156 1400 καὶ
1190 1345 1493 1419 ἐπιορκίαν,
1516 1346 1695 1423 θάλλῃ
1750 1346 1807 1404 δὲ
1852 1349 1936 1405 καῖ

2058 1358 2115 1409 et
2144 1350 2369 1408 macelli
2402 1351 2601 1421 reique
2630 1348 3015 1405 frumentarias
3055 1348 3329 1420 praefecti,
3379 1356 3437 1406 et
3493 1356 3698 1421 prasto-

296 1433 422 1505 ἀνθῇ
446 1434 516 1487 τὰ
547 1433 694 1488 καλά
727 1452 740 1465 ⁸
776 1434 1045 1506 σεμνότης
1074 1436 1244 1504 ἠθῶν,
1274 1434 1363 1489 καὶ
1401 1434 1582 1512 λόγων
1617 1435 1893 1492 εὐστάθεια
1922 1455 1936 1471 ⁶

2058 1457 2149 1499 res
2182 1439 2652 1513 quaesitoresque,
2685 1438 2807 1492 fora
2836 1437 3030 1493 omnia
3060 1453 3412 1511 omnemque
3440 1438 3697 1495 insulam

298 1529 382 1577 καὶ
428 1519 694 1598 γλώττης
742 1524 1043 1598 εὐσχήμων
1096 1523 1326 1594 ἀλήθεια
1354 1525 1477 1601 περὶ
1517 1529 1688 1581 πᾶσαν
1711 1528 1811 1596 τήν
1843 1533 1938 1598 νῆ-

2064 1536 2334 1602 perpetuo
2365 1528 2603 1594 obeunt,
2652 1526 3161 1582 mercimoniorum
3211 1532 3386 1598 atque
3428 1528 3704 1597 negotia-

301 1633 411 1681 σον,
441 1613 690 1688 καθάπερ
740 1614 876 1684 ὰνθη
926 1616 1045 1669 κατ’
1092 1614 1293 1692 ἀγροὺς
1322 1617 1411 1670 καὶ
1443 1616 1669 1693 ζέφυρος
1698 1615 1750 1671 ἐν
1778 1618 1941 1693 θέρει,

2059 1623 2286 1679 tionum
2344 1621 2574 1685 arbitri,
2635 1624 2692 1676 et
2747 1620 3018 1675 indefessi
3063 1620 3309 1690 justiti
3366 1619 3630 1677 vindices
3685 1638 3698 1675 :

296 1700 560 1777 τέρποντα
614 1703 706 1757 καὶ
751 1707 878 1758 νοῦν
923 1704 1016 1758 καὶ
1057 1703 1226 1781 λόγον
1268 1706 1359 1760 καὶ
1412 1704 1666 1774 α’ίσθησιν
1710 1726 1936 1783 περιφα-

2064 1713 2260 1769 adbaac
2334 1711 2609 1767 ordinum
2695 1710 2830 1765 item
2885 1710 3276 1766 moderatores
3323 1710 3589 1781 preﬁcis,
3648 1718 3704 1765 et

296 1795 416 1854 νῶς.
468 1792 647 1865 Οἶμαι
695 1789 753 1848 δὲ
799 1794 889 1847 καὶ
939 1792 1167 1849 Πλᾶτων
1196 1794 1242 1849 εἰ
1289 1802 1504 1869 περιῆν,
1543 1793 1855 1869 ἐμιμήσατό
1886 1818 1936 1852 σε

2058 1801 2206 1872 equi
2238 1817 2302 1856 ac
2341 1798 2535 1856 decori
2587 1801 2902 1865 curatores,
2951 1814 3067 1855 non
3115 1799 3481 1870 publicarum
3528 1800 3698 1855 modo

297 1882 373 1955 ἃν,
402 1884 493 1938 καὶ
544 1851 816 1959 ,ἠγάπησε
869 1886 969 1954 τὴν
1029 1886 1129 1953 σήν
1154 1851 1378 1955 ταυτηνί
1420 1851 1937 1959 πολιτείαννμᾶλλοι

2062 1851 2206 1872 _,_-
2240 1851 2299 1856 ﬂ-
3115 1851 3481 1870 Γηηηηῄ

2062 1906 2249 1946 rerum
2281 1894 2455 1961 atque
2487 1888 2805 1953 actionum,
2837 1888 2937 1943 ed
2970 1887 3028 1941 in
3076 1886 3222 1959 ipsis
3278 1887 3456 1943 etiam
3516 1905 3702 1960 popu-

299 1971 332 2041 ἢ
360 1976 460 2042 τήν
508 1972 662 2045 αὐτῷ
710 1974 1169 2046 νομοθετηθεῖσαν
1213 1973 1384 2030 πάλαι
1418 1993 1432 2007 °
1464 1974 1670 2031 καὶτοῦ
1702 1981 1939 2050 συνεχῶς

2054 1978 2130 2034 lis
2159 1978 2594 2034 occurrentium
2625 1975 2998 2031 ali'ectionum
3022 1977 3553 2049 studiorumque,et
3568 1994 3694 2033 ser-

304 2060 376 2124 εῖς
431 2061 694 2118 Σικελίαν
751 2060 1017 2138 ἄφέμενος
1074 2062 1256 2135 πλεῖν,
1315 2061 1470 2119 ἔπλει
1519 2064 1580 2118 ἂν
1623 2062 1836 2136 μᾶλλον
1869 2064 1944 2127 εἰς

2057 2084 2321 2135 monum,
2354 2071 2412 2123 et
2441 2083 2690 2135 morum,
2724 2082 2933 2137 nempe
2963 2074 3025 2121 ut
3072 2071 3418 2122 evanescant
3464 2069 3697 2138 penitus

305 2150 519 2227 Κύπρον
548 2148 713 2207 ’ἑνεκα
740 2155 839 2207 σοῦ
866 2153 956 2207 καὶ
998 2159 1099 2222 τῆς
1153 2155 1251 2221 σῆς
1294 2152 1575 2215 πολιτείας
1603 2174 1662 2208 τε
1716 2153 1804 2208 καὶ
1851 2174 1945 2208 νο-

2064 2156 2473 2229 sxiganturque
2504 2155 2678 2223 mala,
2716 2170 3089 2225 quiscunque
3138 2156 3424 2212 mendacii
3469 2155 3704 2212 temeri-

306 2240 582 2313 μοθεσίας.
2053 2250 2233 2301 tatem
2267 2244 2798 2317 pejerationemque
2817 2244 3155 2313 adjunctam
3186 2243 3425 2313 habent,
3457 2244 3702 2316 .vigeant

301 2336 490 2388 autem
524 2333 888 2405 ﬂoreantque
928 2334 1124 2389 bona:
1185 2332 1427 2389 honesta
1484 2333 1761 2389 nimirum
1823 2349 2052 2391 morum
2110 2333 2385 2407 gravitas,
2418 2338 2475 2389 et
2532 2332 2823 2389 dictorum
2884 2333 3049 2401 ﬁdes,
3108 2349 3174 2387 ac
3232 2334 3585 2401 constantia,
3645 2338 3702 2390 et

303 2421 507 2476 decora
565 2420 783 2493 linguas
838 2422 1091 2487 veritas;
1142 2420 1319 2493 idque
1375 2438 1477 2492 per
1520 2426 1704 2478 totum
1772 2421 1976 2479 insulis
2038 2423 2344 2489 ambitum,
2407 2422 2564 2478 baud
2613 2420 2780 2477 aliter
2837 2438 3011 2493 quam
3067 2420 3127 2477 in
3187 2422 3339 2493 agris
3387 2421 3579 2490 ﬂores,
3641 2424 3700 2479 in

302 2513 492 2566 astate
520 2510 760 2583 zephyri
813 2510 1032 2582 vigent,
1064 2527 1187 2582 qua
1218 2515 1276 2566 et
1313 2511 1530 2578 animo,
1591 2517 1647 2566 et
1705 2512 2098 2577 sermonibus,
2147 2518 2201 2568 et
2260 2511 2533 2568 sensibus
2589 2509 3062 2566 luculentissima
3121 2512 3357 2582 pariunt
3435 2510 3696 2568 oblecta-

305 2604 519 2655 menta.
585 2599 868 2666 Quocirca
920 2605 977 2656 et
1032 2601 1334 2656 Platonem
1394 2601 1688 2674 ipsum,si
1748 2601 1920 2657 hodie
1978 2600 2282 2657 nobiscum
2360 2604 2577 2672 ageret,
2639 2604 2695 2655 te
2754 2599 3140 2665 imitaturum,
3195 2604 3475 2672 tuamque
3530 2600 3698 2657 istam

307 2690 729 2762 rempublicam
761 2690 866 2760 illi,
899 2705 1073 2763 quam
1102 2690 1226 2746 suis
1285 2690 1412 2761 ipse
1471 2690 1695 2763 legibus
1753 2689 1891 2746 olim
1942 2691 2345 2763 descripserat.
2407 2690 2872 2762 antepositurum
2928 2688 3294 2751 crediderim.
3325 2697 3500 2761 atque
3557 2691 3699 2746 adeo

302 2777 552 2835 illatam
588 2779 789 2836 crebra
821 2779 879 2835 in
910 2779 1171 2836 Sicitiam
1204 2780 1421 2836 Omissa
1459 2780 1845 2853 navigatione,
1894 2781 2147 2852 Cyprum
2207 2795 2363 2836 nunc
2421 2780 2636 2851 potius,
2692 2783 2795 2835 tua
2848 2784 3080 2851 tuaique
3137 2778 3468 2851 reipublicae
3525 2785 3700 2852 atque

303 2866 493 2941 legum
524 2867 851 2941 disciplinas
882 2869 1087 2941 gratia,
1121 2869 1463 2940 petiturum.

371 2963 442 3012 I".
475 2954 688 3027 Τῶνδὴ
719 2956 984 3013 τοιούτων
1016 2964 1117 3028 τῆς
1141 2960 1308 3029 νήσου
1340 2959 1542 3026 ταύτης
1596 2956 1800 3032 ἀρετῶν
1856 2955 1948 3012 α’ί-

2131 2959 2226 3015 ΙΙΙ.
2270 2958 2681 3031 Hujuscemodi
2739 2958 2920 3031 igitur
2949 2956 3156 3014 insulas
3206 2958 3379 3015 istius
3420 2958 3697 3015 virtutum

302 3065 413 3107 τιος
446 3047 542 3120 μὲν
599 3046 682 3116 σὺ,
731 3044 911 3108 α’ίτιος
962 3044 1007 3101 δ’
1037 3048 1073 3118 ἡ
1122 3048 1188 3116 σὴ
1243 3043 1576 3117 δικαιοσύνη,
1613 3046 1768 3122 βάσις
1799 3066 1942 3122 γενο-

2061 3064 2237 3104 causa
2265 3052 2388 3105 tute
2419 3064 2501 3115 es,
2534 3050 2591 3105 et
2619 3053 2724 3104 tua
2778 3047 2991 3119 pariter
3030 3047 3286 3119 justitia,
3349 3065 3477 3120 quas
3538 3048 3701 3104 basis

307 3135 434 3207 μὲνη
482 3134 578 3189 καὶ
638 3135 839 3210 κρηπὶς
901 3136 994 3190 κὶα
1051 3133 1305 3209 θεμέλιος
1352 3134 1650 3205 ἇκλόνητος
1699 3142 1799 3205 τῆς
1846 3157 1944 3191 κα-

307 3222 372 3242 ς..
494 3223 509 3242 ,
593 3221 617 3242 ρ.
706 3224 717 3242 .
887 3225 898 3241 ς
1027 3224 1041 3242 ρ
1203 3224 1215 3242 .
1391 3225 1405 3242 ι
1562 3226 1607 3242 η.
1903 3226 1914 3242 .

2061 3142 2114 3195 et
2156 3138 2616 3207 fundamentum,
2667 3140 2725 3192 et
2770 3134 3127 3192 solidissima
3169 3137 3521 3193 substructio
3571 3137 3701 3209 pul-

307 3222 405 3293 λῆς
458 3221 787 3297 οἰκοδομίας
852 3225 944 3279 σὺν
1017 3224 1255 3299 ἁρμονίᾳ
1317 3225 1409 3280 καὶ
1481 3226 1693 3299 στάθμῃ
1758 3226 1943 3299 κρατί-

2060 3226 2332 3283 cberrimi
2375 3225 2625 3293 aediﬁcii,
2685 3229 2794 3289 est,
2846 3242 2979 3282 cum
3029 3225 3240 3283 solerte
3288 3226 3540 3299 partium
3591 3228 3700 3283 de-

305 3333 415 3387 στῃ.
473 3319 602 3375 Τοῖς
630 3315 758 3389 Ξγὰρ
815 3314 1085 3376 τοιούτοις
1144 3319 1417 3389 χρηστοῖς
1474 3311 1945 3387 συνοικοδομεῖται

2055 3317 2391 3389 scriptione,
2417 3316 2751 3388 optimaque
2772 3317 3014 3373 amussi.
3030 3319 3172 3374 Cum
3197 3316 3519 3374 illiusmodi
3539 3318 3695 3375 enim

306 3404 391 3456 καὶ
447 3401 896 3475 ἑποικοδομεῖται
948 3405 1037 3458 καὶ
1088 3404 1151 3458 τὸ
1201 3404 1487 3478 κράτιστον
1555 3411 1655 3475 τῆς
1732 3406 1946 3479 ἀγάπης

2056 3408 2368 3463 virtutibus
2394 3424 2511 3462 una
2541 3406 2934 3463 exmdificatur
2976 3423 3043 3462 ac
3074 3409 3502 3479 superstruitur
3548 3426 3694 3481 prae-

306 3493 390 3546 καὶ
465 3490 557 3547 διὰ
628 3492 805 3563 πάσης
871 3489 1090 3570 ἔρχεται
1174 3499 1272 3562 τῆς
1325 3493 1575 3568 ἐργασίας
1631 3514 1645 3528 ο
1704 3496 1944 3569 καθάπερ

2056 3495 2277 3552 clarum
2301 3495 2442 3551 illud
2466 3494 2771 3550 charitatis
2785 3496 2981 3563 decus,
3009 3500 3182 3568 atque
3214 3495 3502 3568 reliquum
3526 3513 3696 3554 omne

307 3588 508 3657 χρῶμα
565 3587 806 3658 χρυσοῦν
864 3583 1192 3658 ἐπανορθοῦν
1249 3584 1339 3639 καὶ
1396 3583 1560 3655 νέμον
1608 3584 1944 3661 εὐφροσύνην

2057 3584 2318 3657 pervadit
2348 3603 2492 3657 opus
2523 3602 2538 3641 :
2570 3586 2757 3642 instar
2798 3586 2957 3642 aurci
3005 3585 3237 3654 coloris,
3281 3587 3481 3643 omnia
3530 3590 3693 3643 ador-

309 3676 457 3748 ψυχῇ
485 3695 546 3728 τε
574 3674 667 3729 καὶ
696 3678 912 3746 σώματι
944 3692 958 3705 ’
992 3676 1027 3744 ἢ
1065 3672 1278 3746 μᾶλλον
1326 3675 1566 3748 καθάπερ
1616 3696 1699 3737 τις
1746 3672 1943 3747 δεσμὸς

2056 3675 2275 3745 nantis,
2308 3675 2622 3749 animoque
2651 3675 2868 3747 pariter
2896 3683 2952 3732 et
3000 3676 3227 3749 corpori
3282 3677 3691 3733 suavissimam

308 3762 677 3839 περισφίγγων
737 3763 827 3817 καὶ
876 3759 1299 3838 συναρμολογῶν
1348 3764 1449 3832 τήν
1481 3761 1617 3833 ὅλην
1646 3768 1753 3818 τῶν
1786 3763 1944 3838 εἰρη-

2055 3762 2452 3837 dispensantis
2467 3765 2900 3836 jucunditatem
2924 3782 2939 3820 :
2959 3770 3060 3823 aut
3075 3765 3291 3833 verius,
3317 3765 3503 3821 instar
3534 3766 3689 3821 nodi-

313 3851 482 3923 μένων
513 3853 787 3922 συνθήκην
818 3850 1024 3910 καλῶν.
1058 3852 1215 3908 Ἀνευ
1253 3851 1355 3926 γὰρ
1396 3850 1608 3926 ἂγάπης
1637 3849 1788 3907 οὐδὲν
1836 3857 1945 3907 τῶν

2055 3853 2387 3923 cujusdam,
2409 3853 2688 3909 virtutum
2720 3869 2930 3915 earum.
2987 3870 3131 3925 quas
3182 3853 3457 3921 diximus,
3506 3859 3692 3911 totum

312 3939 516 4010 ἀγαθῶν
566 3940 765 4016 ἀγαθόν
801 3962 814 3974 ·
870 3941 1006 4011 αὕτη
1061 3940 1164 4015 γάρ
1210 3961 1297 3994 σοι
1342 3940 1431 3995 καὶ
1488 3947 1587 4010 τῆς
1638 3939 1952 4022 φιλοξενίας

2053 3941 2506 4013 constringentis
2566 3939 3107 4014 compingentisque
3154 3946 3510 3998 contextum.
3559 3943 3691 3998 Sine

310 4029 518 4103 γέγονεν
587 4028 735 4085 αῒτία
791 4030 985 4107 σαφὴς,
1036 4029 1125 4084 καὶ
1182 4030 1396 4085 πάντων
1459 4031 1576 4103 μὲν,
1628 4030 1867 4104 μάλιστα
1897 4029 1946 4087 δ’

2053 4029 2331 4087 cbaritate
2359 4030 2516 4086 enim
2548 4030 2831 4086 bonarum
2864 4046 3054 4087 rerum
3078 4030 3241 4087 nulla
3270 4032 3425 4089 bona
3466 4036 3593 4099 est;
3625 4049 3693 4088 ea

309 4119 549 4174 ἀπαντῶν
601 4124 702 4188 τῆς
759 4123 868 4186 τῶν
927 4118 1304 4198 αῗχμαλώτων
1352 4117 1660 4192 ἐλευθερίας
1694 4139 1708 4154 ο
1751 4120 1942 4177 ὀπόσοι

2054 4119 2265 4190 quippe
2294 4124 2404 4173 tuae
2435 4118 2612 4189 hujus
2634 4118 3048 4191 hospitalitatis
3069 4121 3375 4177 verissima
3393 4119 3694 4177 tibicausa

307 4204 621 4263 πλανῶνται
673 4209 769 4281 μὲν
822 4210 1241 4287 περιφερόμενοι
1270 4208 1359 4263 καὶ
1410 4208 1789 4282 περιαγόμενοι
1821 4230 1945 4265 παν-

2051 4213 2160 4273 est,
2191 4224 2259 4263 ea
2278 4223 2569 4265 concessae
2588 4208 2865 4264 omnibus
2886 4208 3296 4278 libertatis,sed
3320 4210 3588 4266 omnium
3615 4217 3691 4266 ta-

306 4301 474 4371 ταχοῦ
518 4304 621 4367 τῆς
679 4297 1028 4371 οἰκουμένης,
1081 4296 1171 4351 καὶ
1226 4301 1335 4352 τῶν
1391 4304 1491 4366 τῆς
1550 4295 1942 4373 αἷχμαλωσίας

2052 4313 2186 4353 men
2219 4298 2468 4353 maxime
2498 4314 2603 4368 cap
2636 4297 2742 4354 ivis
2772 4313 2953 4354 causa
2991 4302 3097 4367 est,
3131 4300 3231 4371 qui
3255 4299 3407 4355 ultro
3429 4300 3691 4372 citroque

306 4392 592 4463 πειρῶνται
642 4387 830 4443 δεινῶν
864 4405 879 4421 ⁸
928 4386 1059 4443 ἐπὰν
1091 4384 1137 4441 δ’
1168 4386 1220 4448 ἐς
1251 4388 1348 4456 τήν
1382 4389 1481 4456 σὴν
1509 4386 1808 4463 ἀφίκωνται
1841 4390 1943 4445 Κύ-

2052 4404 2155 4459 per
2170 4386 2367 4443 orbem
2396 4386 2727 4443 universum
2741 4389 2869 4459 vagi
2886 4404 2951 4442 ac
2975 4387 3234 4458 palantes
3256 4389 3578 4446 circumlati
3602 4407 3689 4445 ac-

307 4497 458 4551 προν,
488 4477 838 4555 ἀφικνοῦνται
870 4473 917 4530 δ’
947 4477 1097 4537 ὅσοις
1130 4472 1191 4530 ἂν
1230 4473 1604 4551 εὐμενέστερον
1653 4475 1939 4554 ἀφθαλμὸν

2049 4476 2231 4548 tique,
2249 4481 2306 4531 et
2335 4475 2662 4531 durissimas
2692 4476 2986 4532 servitutis
3030 4477 3367 4535 devorantes
3400 4479 3685 4546 miserias,

306 4553 715 4641 ἑπιῦάλῃὴθεὸς,
746 4565 901 4630 εὐθὺς
941 4566 1032 4621 καὶ
1094 4559 1404 4638 μεταϐολὴν
1459 4565 1628 4640 ὁρῶσι
1683 4565 1818 4640 βίου,
1849 4568 1938 4623 καὶ

2051 4565 2397 4637 quandoque
2421 4565 2739 4637 inCyprum
2765 4570 2921 4621 tuam
2951 4566 3209 4633 veniunt;
3241 4568 3482 4623 veniunt
3504 4573 3691 4625 autem

307 4653 595 4732 δυστυχίας
664 4654 1007 4729 ἀπαλλαγὴν,
1075 4654 1314 4729 καθάπερ
1397 4651 1601 4727 λέπρας
1678 4656 1935 4730 κάθαρσιν

2045 4661 2333 4727 quotquot
2381 4653 2720 4725 benigniore
2774 4654 2927 4711 Deus
2981 4654 3146 4712 oculo
3201 4655 3460 4726 respicit,
3509 4657 3684 4712 simul

306 4748 842 4823 θαυματουργοῦντος
872 4746 1107 4820 Χριστοῦ
1158 4766 1171 4779 ·
1222 4744 1298 4808 ὡς
1354 4744 1594 4821 γίνεσθαι
1635 4744 1938 4821 παράδοξον

2046 4748 2223 4803 etiam
2259 4747 2499 4803 fortunas
2542 4761 2660 4802 suae
2720 4746 3100 4803 mutationem
3147 4747 3364 4815 vident,
3414 4765 3684 4804 aerumna

306 4836 498 4909 τρόπον
528 4836 625 4905 τήν
653 4834 882 4911 ἀπορίαν
911 4833 1166 4908 εὐπορίας
1213 4833 1444 4907 μητέρα,
1472 4833 1564 4887 καὶ
1607 4835 1708 4903 τήν
1752 4832 1937 4890 δυστυο

2046 4852 2160 4909 que
2189 4836 2381 4893 omnis
2408 4836 2810 4908 depulsionem
2845 4854 2858 4892 :
2893 4836 3063 4910 quasi
3104 4839 3466 4910 repentinam
3513 4836 3685 4909 lepra:

308 4924 424 4999 χίαν
452 4923 801 4999 εὐδαιμονίας
827 4924 1033 4999 πηγήν.
1065 4923 1203 4979 Ὅσα
1230 4921 1333 4998 γὰρ
1361 4920 1774 4996 αἰχμαλωσίαις
1813 4920 1938 4980 ἕπε-

2048 4924 2471 4998 purgationem,
2533 4924 2759 4982 Christo
2822 4925 3103 4982 miracula
3161 4933 3447 4997 patraute,
3481 4925 3574 4982 'ita
3624 4931 3688 4982 ut

307 5033 386 5068 ται
414 5011 582 5084 δεινὰ,
610 5014 702 5069 καὶ
741 5014 827 5073 οἷς
876 5011 1178 5087 ἒπαρῶνται
1218 5012 1412 5073 πάντες
1458 5011 1549 5066 καὶ
1601 5011 1936 5088 ἆπεύχονται

2047 5031 2195 5071 novo
2226 5018 2283 5070 et
2310 5014 2572 5071 inaudito
2617 5015 2871 5086 quodam
2926 5016 3096 5071 modo
3148 5024 3332 5071 mater
3377 5015 3685 5089 opulentia:

311 5104 379 5176 μὴ
410 5107 619 5178 τυχεῖν,
648 5102 823 5158 πάντα
876 5104 1044 5157 ταῦτα
1084 5100 1160 5163 εἷς
1209 5102 1381 5175 εὐχῆς
1424 5102 1800 5173 μετενήνεκται
1832 5101 1936 5172 λῆ-

2045 5104 2263 5175 inapia,
2286 5108 2343 5157 et
2373 5104 2664 5159 felicitatis
2715 5104 2845 5159 fons
2893 5105 3134 5160 exsistat
3178 5106 3500 5161 calamitas.
3551 5107 3683 5172 Quae

308 5194 378 5266 ξιν
434 5195 641 5263 αὐτοῖς,
699 5192 891 5247 ὁπόσοι
947 5197 1048 5260 τῆς
1077 5196 1176 5259 σῆς
1233 5188 1579 5265 πεπείρανται
1627 5192 1816 5261 νήσου,
1846 5191 1936 5247 καὶ

2047 5193 2202 5249 enim
2234 5209 2460 5263 cunque
2489 5194 2846 5265 captivorum
2879 5194 3271 5251 conditionem
3309 5195 3683 5251 circumstam

309 5287 412 5343 οτῖς
461 5288 576 5343 σοῖς
627 5281 934 5358 προσέσχον
983 5282 1084 5349 τήν
1124 5279 1353 5354 γνώμην
1396 5284 1686 5352 χρηστοῖς.
1720 5280 1796 5338 Οὐ
1834 5282 1938 5357 γὰρ

2048 5282 2221 5351 mala,
2289 5299 2530 5354 quasque
2595 5282 3010 5339 abominantur
3072 5299 3293 5350 omnes,
3339 5288 3399 5340 et
3445 5301 3518 5340 ne
3566 5284 3684 5341 ullo

307 5366 408 5425 ἔστι
429 5372 599 5448 γέγειν
632 5372 707 5433 ὡς
737 5371 765 5425 ὁ
793 5373 891 5439 τῆς
919 5371 1097 5445 τύχης
1128 5365 1316 5443 ipsis:
1352 5362 1517 5431 κύϐος
1563 5368 1748 5424 αὐτόθι
1779 5376 1936 5447 σφᾶς,

2048 5378 2304 5444 tempore
2334 5372 2442 5428 sibi
2477 5371 2742 5428 accidant
2770 5378 2987 5443 aptant,
3050 5373 3172 5430 hac
3212 5374 3407 5430 omnia
3463 5375 3522 5429 in
3573 5373 3688 5430 voti

309 5457 412 5515 οὐδ’
442 5460 523 5517 ὅτι
551 5459 735 5533 ἄδηλα
754 5460 904 5539 φύων
934 5460 1141 5536 χρόνος
1178 5455 1342 5528 ἔδειξε
1377 5461 1538 5513 τοῦτο
1576 5464 1694 5523 τοῖς
1741 5459 1937 5517 ταλαι-

2046 5465 2260 5518 sortem
2290 5461 2586 5530 omnibus,
2628 5462 2729 5531 qui
2761 5461 3014 5519 insulam
3066 5468 3224 5520 tuam
3281 5471 3416 5519 sunt
3464 5464 3681 5538 experti

311 5550 506 5626 πώροις
534 5549 720 5607 καινόν
752 5569 764 5583 ο
789 5548 917 5606 ἀλλ’
946 5552 983 5619 ἡ
1015 5547 1200 5611 καλῶς
1228 5567 1287 5602 τε
1325 5547 1417 5602 καὶ
1447 5547 1687 5621 εὐμενῶς
1737 5550 1938 5605 ἄνωθεν

2046 5556 2103 5606 et
2131 5552 2200 5606 ad
2233 5550 2599 5608 clementiam
2633 5558 2793 5606 tuam
2851 5568 2919 5608 ac
2972 5552 3144 5608 ﬁdem
3203 5552 3465 5609 animum
3515 5570 3685 5613 suum

315 5636 490 5703 αὐτοῖς
520 5636 823 5703 διατεθεῖσα
852 5638 969 5695 θεία
995 5638 1224 5714 πρόνοια
1250 5633 1435 5698 καλῶς
1463 5637 1551 5692 καὶ
1598 5637 1812 5702 τούτοις
1861 5638 1936 5704 εἰς

2050 5641 2404 5715 applicuere,
2432 5638 2715 5697 translata
2743 5649 2901 5698 sunt.
2933 5641 3127 5714 Neque
3157 5641 3313 5700 enim
3354 5649 3505 5701 recte
3534 5645 3662 5701 dixe
