4154 6216
321 265 437 326 403

1622 263 2017 324 THEODULI
2065 261 2417 324 MONACHI

3603 257 3722 319 404

317 394 401 452 ris
475 413 631 454 caecu
678 398 935 470 quadam
983 397 1228 453 fortunas
1279 395 1402 453 alca
1487 396 1638 451 istuc
1668 397 1959 467 conjectos

2097 396 2172 465 τὴν
2205 397 2304 464 σὴν
2351 395 2690 471 ἐπικράτειαν
2738 393 2985 468 ἤνεγκεν,
3016 393 3091 454 ὡς
3121 394 3452 458 καταστῆναι
3483 392 3548 447 τὸ
3585 390 3728 446 πάνυ

317 485 525 554 fuisse,
577 503 768 560 neque
823 486 1044 542 Occulta
1086 494 1296 558 tempus
1354 487 1494 558 quod
1557 487 1713 556 parit
1762 485 1961 557 (Soph.

319 573 556 632 Αἴαντι
583 579 732 649 652),
767 593 982 634 novum
1015 577 1124 633 hoc
1156 578 1384 633 miseri
1415 577 1744 649 ’prolulisse
1785 577 1964 632 mira-

321 666 545 736 culum,
590 669 691 723 sed
736 666 990 722 divinam
1037 667 1208 738 plane
1255 667 1699 738 providentiam,
1740 667 1964 721 dudum

322 755 468 828 ipsis
491 757 778 812 faventem
813 772 878 811 ac
919 755 1251 826 propitiam,
1283 761 1436 812 recte
1463 757 1522 811 in
1571 761 1736 812 tuum
1787 755 1965 810 etiam

322 846 485 917 ipsos
531 846 845 900 deduxisse
893 860 1158 916 regnum,
1213 848 1278 900 ut
1326 845 1470 899 adeo
1519 845 1966 901 acerbissimum

322 933 671 1005 captivitati
731 931 952 988 malum
1011 931 1244 988 initium
1303 933 1602 1004 quoddam
1653 933 1864 988 laetitias
1898 933 1968 988 iis

325 1024 548 1092 evadat,
607 1027 662 1077 et
717 1022 1008 1092 ejusmodi
1093 1022 1395 1093 quiddam,
1465 1023 1618 1091 quod
1695 1022 1972 1078 facillime

2073 506 2159 541 τοι
2191 485 2434 561 χαλεπὸν
2461 491 2560 554 τῆς
2591 483 2978 559 αῖχμαλωσίας
3009 482 3179 539 δεινὸν
3222 482 3484 555 εὐθυμίας
3519 481 3726 557 ἀρχὴν,

2073 579 2162 632 καὶ
2207 583 2428 653 πρᾶγμα
2478 577 2644 652 ῥᾷστα
2681 579 2866 630 πεῖθον
2917 578 2994 650 μὴ
3037 575 3373 630 παντάπασιν
3405 573 3726 648 ἐπαρᾶσθαι.

2073 665 2219 721 ἀλλά
2267 689 2382 729 πως
2433 667 2520 721 καὶ
2589 663 2930 744 εὔχαριστεῖν
2986 669 3107 727 τοῖς
3173 665 3272 732 τήν
3331 662 3727 742 αῖχμαλωσίαν

2076 756 2406 830 ὲπαγαγοῦσι
2453 755 2551 823 τήν
2604 756 2827 828 πρώτην
2883 755 3000 809 κατ’
3067 752 3261 808 αὒτῶν.
3313 750 3473 810 Οὕτω
3521 753 3724 812 πάντας

2073 850 2193 905 ταῖς
2242 844 2461 918 ἀγαθαῖς
2503 864 2598 898 σου
2647 841 2992 913 κατέπληξας
3037 845 3274 920 φήμαις,
3307 843 3396 896 καὶ
3440 841 3575 917 πρὸς
3597 840 3728 903 τοὺς

2077 933 2201 993 σοὺς
2262 929 2462 1006 ἔρωτας
2525 931 2678 1006 ἄγεις
2729 929 2926 1007 ῥᾳδίως
2975 933 3064 985 καὶ
3108 929 3413 1006 πόρῥωθεν,
3455 931 3575 984 ὅσοι
3613 934 3726 982 τῶν

2077 1021 2396 1099 φιλοκάλων
2416 1021 2504 1075 καὶ
2534 1019 2838 1095 φιλὰρὲτων
2863 1019 2987 1088 εἰσὶ,
3018 1019 3109 1074 καὶ
3141 1019 3382 1076 ὅσοιτῶν
3401 1018 3602 1092 λογίων
3635 1019 3728 1072 καὶ

323 1113 442 1169 illis
473 1114 834 1184 persuadeat,
867 1130 938 1169 ne
978 1113 1120 1169 diris
1168 1115 1406 1169 omnino
1451 1113 1972 1185 imprecationibus

2097 1115 2282 1184 ιοφῶν,
2332 1108 2626 1172 ἀκούοντας
2681 1110 2820 1185 πρὸς
2876 1115 2984 1164 τῶν
3034 1108 3256 1165 αὐτόθεν
3309 1109 3390 1164 ἀεὶ
3437 1108 3728 1182 κοιταιρόιιρο⁴

324 1204 511 1274 capita
547 1219 745 1259 eorum
795 1203 1072 1274 deligant,
1121 1203 1241 1259 imo
1290 1204 1485 1276 potius
1529 1203 1776 1275 gratiam
1822 1219 1974 1274 quo-

2097 1221 2187 1256 των
2219 1198 2402 1256 ἐνθάδε
2431 1201 2520 1254 καὶ
2563 1197 2942 1274 διηγουμένων
2975 1199 3141 1253 ταῦτά
3159 1219 3216 1253 τε
3245 1198 3336 1252 καὶ
3386 1197 3561 1254 πλείω
3599 1197 3730 1252 τού-

325 1292 636 1348 dammodo
667 1291 737 1346 iis
768 1291 1037 1359 habeant,
1079 1293 1179 1363 qui
1211 1293 1612 1364 captivitatem
1661 1293 1808 1364 ipsis
1857 1291 1972 1362 pri-

2097 1312 2186 1346 των
2215 1307 2228 1321 ·
2261 1291 2352 1345 καὶ
2387 1289 2622 1364 μάλιστα
2646 1289 2885 1358 πάντων,
2918 1288 3002 1344 ὅτι
3033 1288 3139 1344 κάκ
3167 1295 3268 1356 τῆς
3297 1287 3422 1351 θέας
3462 1287 3633 1356 αὐτῆς
3675 1283 3734 1340 δέ

326 1397 488 1437 mum
536 1381 884 1453 imposuere.
943 1384 1008 1437 In
1067 1387 1297 1438 tantum
1355 1387 1414 1437 tu
1468 1387 1618 1438 certe
1697 1399 1971 1454 prospera

2097 1397 2208 1456 ρασι
2241 1377 2327 1434 καῖ
2359 1386 2458 1448 τῆς
2489 1384 2600 1434 τῶν
2649 1378 2825 1453 ὅψεων
2877 1379 3108 1453 χάριτος
3158 1377 3309 1446 ἥκειν
3347 1375 3503 1439 εὐθὺς
3547 1374 3734 1450 ὥσπερ

327 1471 583 1528 nominis
627 1472 712 1526 tui
743 1488 775 1526 o
809 1473 964 1525 tama
1005 1486 1212 1528 omnes
1242 1471 1697 1543 obstupefecisti,
1730 1476 1786 1528 et
1813 1471 1978 1528 facile

2097 1468 2482 1544 ἱγγοητεύοντα
2525 1473 2644 1528 ταῖς
2681 1471 2790 1522 τῶν
2838 1467 3092 1542 ὁρώντων
3144 1471 3343 1542 κυχαῖς
3411 1465 3584 1540 χαράν
3633 1465 3738 1519 τιν’

327 1561 502 1618 etiam
525 1576 597 1616 en
619 1559 934 1632 longinquo
979 1560 1279 1617 intervallo
1320 1562 1390 1615 ad
1442 1566 1500 1616 te
1573 1562 1968 1617 adamandum

2097 1556 2418 1633 ἰπόρῥητον,
2449 1558 2537 1612 καὶ
2571 1557 2702 1632 ὅπερ
2734 1555 2822 1612 ἐπὶ
2851 1563 2958 1612 τῶν
3009 1555 3258 1626 ἡλιακῶν
3301 1553 3473 1611 τῶνδε
3501 1555 3736 1610 ἀκτίνων

327 1649 622 1722 perpellis,
709 1653 996 1720 quotquot
1078 1667 1146 1705 ex
1225 1650 1546 1706 honestatis
1621 1651 1970 1722 virtutisque

2097 1654 2171 1717 τῆς
2201 1645 2449 1722 οὐρανίας
2479 1644 2770 1719 λαμπάδος
2799 1647 3121 1720 γιγνόμενον
3159 1641 3461 1721 βλέπομεν.

335 1739 682 1807 amantium,
743 1755 1009 1807 numero,
1095 1745 1378 1810 quotquot
1433 1739 1576 1795 item
1655 1757 1726 1795 ex
1781 1741 2142 1796 eruditorum
2201 1745 2375 1810 atque
2432 1737 2782 1810 sapientium
2841 1745 2995 1792 sunt.
3057 1737 3215 1801 Quod
3269 1736 3392 1792 haec
3449 1735 3734 1792 nimirum

326 1833 386 1884 et
440 1827 531 1882 bis
591 1827 764 1883 etiam
823 1827 992 1898 plura
1076 1833 1252 1900 atque
1337 1829 1578 1900 majora,
1652 1830 1725 1884 ab
1811 1830 1883 1884 iis
1935 1829 2038 1900 qui
2095 1829 2206 1883 huc
2281 1827 2545 1898 quotidie
2605 1827 2734 1882 istis
2793 1842 2859 1882 ex
2915 1826 3058 1882 locis
3127 1827 3438 1896 ventitant,
3479 1841 3736 1881 comme-

328 1915 541 1972 morari
563 1915 833 1982 audiunt,
864 1921 922 1972 et
977 1919 1322 1988 praesertim,
1382 1920 1554 1988 quod,
1607 1934 1674 1973 ex
1729 1917 1856 1989 ipso
1916 1917 2183 1988 protinus
2257 1920 2518 1988 aspectu,
2575 1915 2988 1987 luminumque
3043 1919 3280 1971 tuorum
3341 1916 3544 1988 gratia,
3594 1918 3736 1970 tan-

329 2021 504 2078 quam
539 2006 765 2076 magica
795 2005 1119 2060 carminum
1165 2007 1244 2076 vi,
1304 2023 1578 2062 arcanum
1639 2007 1948 2077 quemdam
2003 2005 2314 2062 hilaritatis
2373 2021 2635 2072 sensum,
2691 2005 2906 2060 animis
2967 2005 3282 2062 visentium
3333 2009 3388 2060 ts
3443 2004 3735 2061 insertum

328 2095 524 2151 venire
555 2094 742 2162 aiunt,
775 2102 832 2150 et
861 2095 918 2151 id
953 2096 1127 2167 plane
1153 2096 1371 2166 ipsum,
1404 2097 1562 2168 quod
1604 2097 1758 2153 circa
1809 2096 2029 2153 salares
2077 2096 2251 2153 hosce
2283 2097 2524 2152 aetheria;
2575 2096 2860 2169 lampadis
2909 2094 3098 2152 radios
3149 2112 3258 2151 usu
3317 2093 3487 2151 nobis
3537 2093 3738 2150 venire

329 2183 626 2241 videmus.

347 2351 3734 2384 Ἠ

665 2589 2097 2764 ΘΕΟΔΟΥΛΟΥ
2249 2592 3416 2767 ΜΟΝΑΧΟΥ

1955 2839 2111 2894 ΗΤΟΙ

1017 2987 1510 3120 ΘΩΜΑ
1609 2989 1955 3118 ΤΟΥ
2053 2988 2942 3133 ΜΑΓΙΣΤΡΟ
2973 2995 3060 3119 Υ

1675 3245 2396 3344 ΕΠΙΣΤΟΛΑΙ.

1001 3605 2036 3774 THEODULI
2153 3605 3082 3774 MONACHI

1287 4047 1925 4170 ΤΗΟΜᾸΕ
1987 4047 2805 4174 MAGISTRI

1759 4283 2354 4374 EPISTOLIE-

531 4591 576 4645 I.
607 4588 796 4660 Magno
833 4588 1141 4658 Logothetz
1171 4587 1437 4646 Theodoro
1467 4589 1785 4646 Metochitz.

2467 4594 2542 4648 A'.
2576 4599 2670 4666 Τῷ
2707 4595 2979 4668 μεγάλῳ
3010 4595 3295 4674 λογοθέτ
3315 4621 3367 4673 ῃ.

413 4679 458 4732 Ι.
493 4680 561 4734 At
591 4682 653 4734 tu
685 4677 838 4747 vero,
869 4695 1002 4734 cum
1039 4685 1119 4734 tot
1167 4683 1576 4750 tantorumque
1627 4678 1990 4750 negotiorum

343 4768 784 4824 oircumﬂueute
815 4768 1009 4832 turba.
1044 4767 1200 4823 haud
1214 4767 1383 4825 aliter
1405 4785 1581 4839 quam
1605 4769 1666 4823 in
1686 4767 1998 4834 otio,varia

344 4858 536 4912 omnis
567 4857 796 4928 generis
827 4855 1062 4927 scripta,
1095 4873 1268 4928 eaque
1289 4857 1704 4913 venustissima
1727 4862 1783 4912 et
1806 4856 1997 4928 splen-

343 4947 680 5017 didissima,
712 4947 936 5014 condis,
970 4948 1070 5018 qui
1099 4963 1260 5004 esses
1291 4963 1452 5016 sane,
1487 4947 1538 5002 si
1587 4946 1688 5002 tibi
1741 4945 1998 5002 Platonis

342 5039 707 5108 contingeret
738 5037 920 5092 otium
944 5053 957 5091 :
980 5053 1012 5092 ο
1037 5037 1244 5092 amula
1275 5035 1552 5102 Platonis,
1577 5036 1996 5108 tuoqusipsius

343 5142 506 5182 more
540 5127 708 5182 unice
742 5141 1044 5182 musarum
1078 5125 1310 5182 cultor?
1338 5129 1472 5191 Qum
1519 5142 1632 5182 non
1685 5141 1750 5180 eo
1801 5129 1995 5181 tamen

347 5216 496 5277 dico.
530 5217 695 5286 quasi
729 5215 1004 5272 doctrinae
1036 5215 1537 5287 humanitatisque
1567 5215 1998 5271 laudeint‘erior

349 5321 503 5360 nunc
536 5304 640 5371 sis,
691 5320 790 5376 per
840 5303 1183 5376 multijuges
1213 5305 1358 5360 istas
1404 5304 1812 5375 occupationes
1844 5307 1995 5371 tuas,

349 5409 474 5463 qua:
507 5395 633 5462 tibi,
665 5393 788 5448 dies
821 5398 1134 5465 noctesque
1173 5393 1472 5449 assiduam
1521 5391 1844 5450 commodis
1877 5393 1994 5447 rei-

353 5480 597 5552 publica
630 5497 864 5554 operam
898 5481 1154 5546 navanti,
1177 5481 1267 5536 vix
1300 5480 1622 5553 respirandi
1653 5483 1992 5549 potestatem

357 5569 688 5641 relinquam
721 5572 908 5629 facere
929 5571 1200 5628 videntur
1232 5588 1246 5626 :
1296 5587 1400 5627 nec
1443 5571 1596 5644 quod
1642 5585 1866 5640 eorum,
1899 5573 1994 5642 qui

2175 4681 2252 4736 A'.
2293 4681 2354 4736 Εἰ
2409 4679 2465 4736 δὲ
2512 4683 2601 4736 καί
2649 4682 2884 4738 τοσῶνδε
2933 4687 3266 4759 πραγμάτων
3327 4685 3750 4762 περιρῥεόμενος

2107 4763 2288 4843 ὄχλῳ,
2323 4766 2686 4848 ἔπειθ’ὥσπερ
2717 4772 2802 4827 ἐπὶ
2836 4772 2920 4828 ἐπὶ
2945 4773 3156 4849 σχολῆς
3181 4773 3385 4850 λόγους
3418 4776 3752 4852 ἐργάζῃ,καῖ

2106 4856 2489 4922 παντοδαποὺς
2521 4859 2578 4916 δὲ
2633 4863 2857 4926 τούτους
2915 4864 3004 4918 καὶ
3054 4863 3247 4921 κάλλει
3307 4865 3620 4939 λάμποντας
3667 4868 3758 4930 τίς

2106 4945 2165 5002 ἂν
2207 4949 2348 5018 ἦσθα
2370 4956 2468 5019 τῆς
2503 4949 2798 5015 Πλάτωνος
2833 4953 3046 5032 σχολῆς
3081 4953 3392 5026 ἀπολαύων,
3427 4954 3498 5010 ὧν
3523 4956 3756 5012 Πλάτω-

2105 5058 2199 5098 νος
2233 5040 2468 5112 μιμητὰ,
2503 5040 2590 5094 καὶ
2617 5043 2735 5096 κατ’
2768 5042 2924 5106 αὐτὸς
2959 5045 3150 5099 σαυτὸν
3178 5051 3295 5107 ταῖς
3346 5045 3573 5119 μούσαις
3625 5067 3758 5101 συν-

2108 5127 2180 5180 ών
2214 5146 2226 5196 ;
2262 5130 2418 5205 Λέγω
2437 5127 2493 5184 δε
2521 5134 2709 5200 ταῦτα,
2744 5131 2850 5207 οὐχ
2881 5133 2962 5186 ὅτι
2997 5139 3108 5195 τοῖς
3136 5131 3323 5210 λόγοις
3375 5139 3465 5188 νῦν
3523 5133 3754 5192 ἔλαττον

2106 5209 2251 5290 ἔχεις
2285 5221 2353 5288 τῇ
2387 5215 2475 5272 διὰ
2521 5221 2718 5281 παντὸς
2769 5220 3028 5297 ἀσχολίᾳ,
3060 5223 3134 5284 ὡς
3188 5221 3316 5296 μηδ’
3353 5225 3597 5279 ἀναπνεῖν
3632 5227 3758 5289 οἷός

2104 5307 2146 5358 τ’
2179 5305 2308 5360 εἶναι
2359 5304 2567 5378 δοκεῖν,
2595 5315 2674 5382 τῷ
2725 5311 2880 5365 πάνθ’
2915 5311 3047 5388 ὑπὲρ
3085 5315 3180 5367 τοῦ
3209 5317 3366 5388 κοινῇ
3398 5311 3756 5370 λυσιτελοῦν-

2105 5415 2197 5458 τος
2231 5395 2350 5450 ὅσαι
2391 5399 2529 5466 ὧραι
2574 5399 2736 5455 πόνον
2779 5403 3042 5477 αἱρεῖσθαι
3073 5423 3086 5437 ·
3125 5401 3240 5458 οὐδ’
3271 5405 3354 5458 ὅτι
3383 5425 3466 5465 τις
3497 5408 3598 5458 νῶν
3631 5409 3757 5460 νῦν-

2106 5483 2298 5556 ὄντων,
2331 5489 2418 5543 καὶ
2481 5487 2682 5567 λόγους
2741 5492 2900 5548 αὗττι
2929 5497 3088 5549 τοῦτο
3129 5493 3610 5570 προστησαμένων,
3642 5493 3756 5569 ἄμ-

2107 5571 2363 5652 φισῦητεῖ
2419 5601 2503 5636 σοι
2560 5587 2666 5638 τῶν
2725 5581 2864 5641 ’ἰσων
2900 5605 2913 5620 ·
2967 5581 3091 5642 οὐδὲ
3150 5587 3347 5661 μικροῦ
3389 5581 3471 5640 δεῖ
3501 5603 3514 5618 ·
3550 5585 3760 5652 πάντας
