4154 6216
462 372 578 434 401

463 597 763 662 mercium,
783 601 838 649 et
867 594 940 650 de
961 592 1088 665 ipo
1117 591 1456 662 caeterisque
1488 589 1780 646 sideribus
1803 589 2100 658 omnibus,

463 686 740 755 praeclara
759 683 1023 754 quedam
1055 683 1112 737 et
1141 681 1358 747 divina,
1377 683 1432 734 et
1461 678 1847 734 admiratione
1883 680 2108 749 majora

459 773 694 830 disserit
729 787 925 826 :nunc
981 769 1316 825 communis
1360 769 1514 823 idem
1565 767 1835 822 utilitatis
1883 775 2104 832 auctor,

460 867 518 919 et
539 861 862 918 universale
883 859 1180 932 quoddam
1223 859 1441 914 bonum
1499 863 1623 924 est;
1655 861 1712 912 et
1771 857 2107 927 unicunque

457 951 922 1024 quandocumque
955 965 1098 1003 usus
1131 953 1240 1015 est,
1265 946 1485 1002 sodalis
1517 947 1864 1015 adjutorque
1887 945 2114 1001 dexter-

461 1041 695 1096 rimus:
765 1038 954 1093 Omnis
1008 1040 1100 1093 cui
1141 1037 1230 1092 via
1285 1039 1474 1108 pervia
1528 1039 1646 1096 est;
1675 1051 1773 1090 nec
1827 1043 2108 1090 conantem

460 1127 683 1184 animus
703 1127 920 1192 deserit,
953 1130 1050 1180 aut
1079 1141 1297 1191 manus,
1327 1133 1388 1178 ut
1441 1123 1522 1178 ait
1555 1121 1888 1194 Sophocles.
1921 1123 2108 1193 (Anti-

457 1232 614 1289 gone.
658 1216 808 1288 365.)
863 1216 982 1270 Imo
1029 1231 1164 1270 vero
1223 1211 1582 1284 praestantior
1621 1227 1852 1282 semper
1889 1211 2111 1267 melior-

1763 365 2156 431 THEODULI
2203 367 2554 429 MONACHI

463 511 638 579 atque
668 503 1010 572 necessario,
1039 515 1321 575 perquam
1353 497 1635 557 familiare
1669 503 1894 557 exercet
1941 517 2096 556 com-

2221 519 2360 568 ποις,
2391 500 2478 553 καὶ
2531 498 2822 575 προλέγεις
2865 501 2948 554 ἆτ’
2991 497 3157 570 ἔξεστι
3193 521 3205 533 ·

3749 371 3878 432 108

3255 501 3346 554 καί
3395 501 3456 556 τὸ
3505 498 3714 574 μέλλον
3765 501 3882 555 ὥσ-

2213 607 2313 662 περ
2342 609 2424 649 τις
2477 588 2690 660 μάντις,
2723 589 2798 650 ὡς
2829 589 2996 664 παρὸν
3047 587 3300 663 διεξέρχῃ
3333 611 3346 621 ·
3401 589 3434 643 ’ἀ
3463 589 3606 651 τίνος
3651 589 3750 644 οὐκ
3785 589 3878 651 ἂν,

2215 677 2396 750 οἶμαι,
2455 676 2870 752 περιφανέστερα
2939 677 3030 732 καὶ
3089 675 3312 732 καλλίω
3383 683 3716 750 κοσμοῦντα,
3781 679 3882 732 καὶ

2214 763 2456 820 πλοῦτον
2515 765 2605 819 καὶ
2664 763 2822 834 δόξαν
2881 765 2972 820 καὶ
3033 763 3342 820 δυναστείαν
3395 767 3480 820 καὶ
3541 767 3718 840 γένος,
3779 767 3884 821 καὶ

2213 855 2312 924 τὴν
2363 854 2488 926 περὶ
2531 855 2626 914 τὰς
2678 855 2772 914 σὰς
2825 853 3012 926 θύρας,
3053 854 3112 909 εἷ’
3155 877 3248 926 μοι
3301 852 3466 916 δίδως
3507 856 3696 924 εἰπεῖν,
3749 855 3882 910 ὅσαι

2215 945 2357 1020 ὧραι
2411 949 2514 1012 τῆς
2573 943 2906 1016 οἰκουμένης
2959 945 3222 1022 ipa-cpit“;
3285 946 3384 998 Καί
3443 965 3528 999 σοι
3587 945 3750 1020 χάρις
3811 945 3880 1000 ἂν

2217 1031 2300 1099 εἴη
2357 1035 2640 1104 θαυμαστή
2697 1053 2780 1094 τις
2837 1031 3148 1110 ἀναφανέντι
3209 1033 3420 1110 φύσεως
3471 1035 3726 1109 χορηγία
3781 1037 3882 1089 καὶ

2219 1118 2512 1195 φιλοτιμία
2541 1121 2830 1192 κοινὴ,καί
2858 1117 3056 1198 ὄφελος
3087 1121 3434 1194 οἰκουμένης,
3467 1123 3555 1176 καὶ
3581 1125 3735 1198 ψυχῆ
3757 1129 3878 1177 τῶν

2217 1211 2556 1284 πραγμάτων
2593 1227 2607 1241 ·
2643 1209 2826 1284 ὥσπερ
2856 1212 2922 1279 ἢν
2959 1211 2986 1264 ὁ
3037 1210 3264 1266 Πλάτων
3297 1205 3462 1288 ἔφησε
3511 1217 3614 1266 τοῦ
3649 1212 3878 1274 παντός.

459 1323 573 1380 que
613 1313 926 1376 semetipso
968 1303 1340 1373 conspicitur.
1395 1307 1514 1358 Non
1561 1305 1622 1355 tu
1645 1301 1842 1373 igitur,
1875 1301 2032 1372 quod
2078 1301 2150 1356 de
2180 1301 2568 1356 Demosthene
2622 1317 2738 1356 non
2799 1317 2968 1357 nemo
3001 1302 3418 1372 pronuntiabat
3449 1303 3786 1374 (Aristides,
3819 1302 3876 1356 ἐν

457 1398 540 1467 τῷ
563 1394 694 1468 ὑπὲρ
721 1397 830 1448 τῶν
859 1393 1153 1464 τεσσάρων.
1187 1397 1229 1446 ι.
1265 1391 1360 1447 IlI.
1397 1409 1452 1463 p.
1483 1391 1610 1460 511,
1641 1393 1721 1458 A;
1760 1390 1966 1461 Synes,
1999 1389 2113 1461 epis

2221 1390 2327 1456 μοι,
2359 1389 2498 1460 fine)
2517 1389 2778 1460 prasidiis
2807 1389 3137 1462 eloquentiae
3167 1392 3425 1448 Mercurii
3453 1393 3640 1465 imago
3669 1401 3746 1452 ad
3777 1411 3884 1451 nos

457 1501 706 1546 veneras.
743 1486 842 1540 sed
884 1489 940 1539 et
985 1484 1094 1540 hoc
1145 1483 1288 1554 ipso.
1339 1497 1452 1554 quo
1497 1483 1652 1536 inter
1699 1497 1804 1535 nos
1853 1479 2121 1534 homines
2149 1480 2271 1548 agis
2301 1483 2581 1549 tempore,
2613 1479 2756 1534 etin
2790 1480 3060 1536 assiduas
3095 1497 3193 1550 pro
3253 1482 3525 1539 universa
3571 1485 3886 1556 republica

459 1593 652 1642 curas,
683 1575 810 1631 sine
867 1573 980 1629 ulla
1035 1573 1496 1639 intermissione,
1543 1570 1860 1636 incumbis,
1891 1569 2109 1640 quippe
2164 1569 2260 1640 qui
2319 1567 2607 1639 regiorum
2647 1568 3015 1624 oraculorum
3072 1569 3259 1642 tripus
3317 1577 3372 1626 et
3421 1573 3656 1630 Cortina
3721 1589 3883 1630 unu

459 1665 755 1723 verissime
785 1665 944 1720 visus
966 1679 1050 1728 es,
1083 1663 1154 1718 ad
1188 1677 1322 1718 eum
1365 1661 1534 1733 plane
1566 1661 1827 1726 modum,
1860 1659 2014 1714 velut
2069 1659 2365 1730 quispiam
2415 1658 2728 1714 humanam
2783 1675 3193 1732 supergressus
3230 1666 3472 1724 sortem,
3521 1680 3712 1736 neque
3751 1664 3884 1722 ullo

453 1757 740 1811 terrarum
767 1752 1032 1808 inclusus
1059 1751 1202 1820 loco,
1233 1755 1290 1806 et
1319 1755 1606 1806 astrorum
1633 1749 1865 1804 [timoris
1902 1749 2094 1804 varias
2123 1747 2498 1819 ancipitesque
2535 1749 2669 1817 vias,
2701 1753 2756 1804 et
2789 1763 2933 1804 unus
2963 1765 3096 1805 cum
3150 1752 3334 1806 nostri
3364 1752 3526 1808 orbis
3599 1755 3884 1826 negatiis,

456 1844 709 1900 caelestia
755 1841 1016 1910 insimul,
1059 1839 1340 1896 laudabili
1383 1839 1678 1894 industria
1702 1839 1984 1906 sustines,
2015 1838 2192 1908 idque
2239 1854 2418 1910 supra
2458 1837 2617 1908 ipsos
2647 1839 3055 1895 astronomica
3105 1841 3249 1896 artis
3299 1848 3625 1914 repertores
3662 1849 3721 1902 et
3771 1863 3884 1902 an-

457 1933 694 2000 tistites,
726 1931 890 2004 quasi
933 1931 984 1986 si
1012 1935 1112 1986 aut
1151 1947 1186 1985 a
1231 1929 1397 1984 nobis
1450 1927 1591 1984 illuc
1641 1927 1890 1982 subinde
1953 1931 2009 1981 te
2053 1925 2363 1997 reciperes,
2397 1939 2497 1981 aut
2545 1927 2656 1982 huc
2691 1927 2828 1983 inde
2877 1929 3206 1985 ventitares.
3265 1931 3652 1995 Quamobrem
3679 1939 3886 2006 patent

459 2023 562 2078 tibi
591 2038 756 2090 sane,
790 2037 917 2092 qua
949 2021 1196 2076 obscura
1227 2019 1420 2090 itaque
1461 2019 1761 2074 inaccessa
1789 2015 1917 2072 aliis
1949 2015 2287 2072 hominibus
2318 2019 2495 2084 sunt;
2537 2020 2594 2072 et
2631 2017 2914 2088 praedicis,
2951 2019 3234 2090 quidquid
3275 2023 3582 2079 enuntiare
3623 2025 3728 2095 ias,
3763 2031 3878 2081 est.

457 2116 514 2169 et
546 2113 700 2184 quod
731 2111 923 2167 adhuc
957 2111 1214 2166 futurum
1245 2113 1349 2176 est,
1381 2114 1658 2179 tanquam
1685 2107 1808 2177 jam
1839 2121 2116 2178 praesens,
2147 2121 2305 2162 more
2335 2105 2478 2161 vatis
2507 2105 2778 2178 alicujus,
2808 2123 3136 2180 percenses.
3168 2111 3306 2175 Qua!
3362 2111 3562 2168 omnia
3616 2129 3876 2183 quanam

457 2215 518 2256 re
547 2201 780 2270 eximia,
813 2204 877 2256 ut
907 2199 1176 2266 arbitror,
1211 2215 1326 2254 non
1363 2197 1760 2268 splendidiora
1790 2201 1966 2266 atque
1998 2194 2330 2265 pulchriora
2374 2195 2560 2251 sunt?
2589 2196 2803 2268 quippe
2856 2213 2986 2268 quae
3025 2201 3081 2252 et
3119 2199 3328 2270 opibus
3371 2201 3507 2266 tuis,
3547 2205 3605 2257 et
3651 2202 3879 2274 gloria,

457 2293 514 2346 et
553 2306 784 2346 summo
823 2291 882 2344 in
953 2288 1256 2360 republica
1321 2287 1571 2360 festigio,
1639 2289 1696 2340 et
1751 2285 1944 2358 generi
2001 2285 2138 2356 ipsi,
2178 2289 2235 2340 et
2291 2283 2377 2339 illi
2429 2283 2563 2340 item
2632 2286 2732 2356 qui
2773 2285 2920 2342 fores
2979 2281 3130 2357 tuas,
3171 2289 3222 2343 si
3277 2289 3420 2344 mihi
3453 2291 3616 2347 effari
3665 2309 3766 2364 per
3823 2299 3884 2349 te

453 2381 611 2448 licet,
687 2381 846 2437 horis
908 2381 1182 2436 omnibus
1253 2377 1500 2448 obsidet,
1561 2377 1720 2433 orbis
1775 2383 2064 2432 terrarum
2114 2375 2450 2441 conventui,
2510 2375 2806 2446 singulare
2881 2383 3288 2434 ornamentum
3343 2381 3608 2436 aﬂ'erunt.
3671 2382 3880 2439 Merito

453 2472 649 2543 itaque
689 2471 880 2543 gratia
917 2470 1025 2524 tibi
1081 2470 1348 2538 debetur,
1391 2469 1488 2540 qui
1539 2465 1882 2522 admirabile
1943 2470 2000 2520 et
2053 2464 2430 2536 magnificum
2487 2465 2784 2536 quoddam
2839 2471 3059 2522 natura;
3111 2483 3342 2536 munus,
3375 2473 3434 2524 et
3489 2471 3666 2528 decus
3715 2489 3884 2528 com—

456 2575 654 2627 mune,
695 2565 752 2614 et
799 2559 958 2614 orbis
1025 2559 1209 2614 nostri
1259 2559 1558 2621 columen,
1609 2561 1666 2611 et
1731 2556 1932 2610 anima
1995 2551 2345 2624 reipublicae,
2395 2553 2578 2608 instar
2633 2553 2809 2622 illius,
2852 2571 3029 2628 quam
3079 2555 3330 2612 animam
3389 2561 3639 2616 universi
3711 2561 3880 2618 Plato

455 2649 790 2721 appellabat
820 2649 900 2716 (in
941 2649 1155 2716 Timavo,
1201 2653 1244 2702 t.
1289 2647 1389 2706 Ill.
1429 2647 1498 2701 34
1543 2646 1598 2716 b)
1642 2645 1812 2700 nobis
1855 2643 2200 2715 apparuisti.

543 2737 850 2794 ILNostra
871 2753 1001 2794 vero
1031 2739 1190 2805 urbs,
1215 2753 1390 2808 quam
1430 2741 1516 2804 tu,
1551 2739 1618 2790 ut
1670 2751 1804 2790 cum
1855 2731 2113 2804 Escbylo

2299 2731 2370 2786 B'.
2405 2735 2568 2802 Ἡμῖν
2623 2729 2680 2786 δὲ
2735 2735 2770 2801 ἠ
2829 2731 3015 2804 πόλις,
3074 2735 3134 2802 ἦν
3195 2733 3356 2798 αὐτὸς
3413 2739 3532 2791 κατ’
3587 2737 3874 2814 Αἰσχύλον

456 2826 861 2898 ἀὶοαηι(Ἐπτά
903 2823 996 2879 ἐπὶ
1064 2821 1294 2894 Θήϐαις,
1331 2825 1452 2896 110)
1493 2843 1504 2878 :
1575 2825 1710 2880 olim
1767 2823 2116 2878 carissimam

459 2911 1028 2984 habuisti,cujusque
1067 2912 1126 2966 in
1163 2911 1410 2984 gratiam
1451 2910 1680 2966 nullum
1723 2926 1836 2966 non
1871 2907 2117 2963 subeun-

459 3002 600 3056 dum
633 3001 739 3056 tibi
770 3001 1079 3056 slatuebas
1105 3001 1392 3066 laborem;
1419 3004 1545 3053 tum
1580 2999 1728 3069 quod
1767 2998 1966 3052 urbem
1991 2997 2115 3066 ipse

455 3091 922 3156 adamares,tum
947 3091 1098 3162 quod
1123 3089 1358 3144 tuisilla
1379 3089 1558 3159 digna
1589 3093 1745 3143 esset
1778 3085 2111 3150 beneﬁciis;

463 3179 586 3236 haec
619 3181 813 3250 igitur,
847 3181 1014 3248 cujus
1051 3177 1222 3248 longe
1262 3177 1495 3248 lateque
1521 3179 1832 3246 pervagata
1870 3179 1960 3230 est
1989 3171 2116 3244 glo-

467 3269 576 3335 ria,
608 3283 734 3339 quaa
758 3271 814 3324 et
836 3271 1121 3340 quotquot
1170 3267 1461 3332 viderunt,
1487 3271 1775 3320 amatores
1835 3263 2112 3319 habebat.

463 3361 520 3412 et
547 3357 649 3428 qui
673 3357 918 3414 necdum
941 3357 1223 3424 viderant,
1245 3355 1351 3410 bos
1384 3355 1504 3410 sola
1539 3353 1794 3408 nominis
1827 3352 1920 3408 sui
1964 3351 2114 3406 fama

467 3447 578 3502 sibi
643 3445 1030 3516 mancipabat,
1088 3461 1216 3516 qua
1287 3445 1428 3499 urbs
1492 3443 1828 3498 Gratiarum
1887 3441 2114 3496 dudum

467 3535 676 3596 fuerat,
709 3551 866 3590 nunc
901 3533 1190 3590 malorum
1219 3532 1481 3589 omnium
1507 3532 1646 3586 urbe
1677 3533 1786 3600 est,
1818 3534 1875 3585 et
1905 3529 2112 3584 horum

468 3625 719 3695 perfecto
769 3621 1095 3693 ejusmodi;
1130 3638 1256 3692 quas
1307 3636 1410 3676 nec
1465 3619 1656 3676 verbis
1689 3618 1957 3690 exprimi,
2009 3633 2114 3672 nec

477 3713 722 3771 auribus
769 3711 952 3785 accipi
1001 3715 1236 3784 queant.
1279 3711 1428 3766 Sunt
1469 3725 1537 3765 ea
1583 3709 1740 3764 enim
1789 3713 1846 3764 et
1881 3712 1966 3763 tot
2004 3724 2114 3762 nu-

469 3819 652 3868 mero,
701 3805 760 3858 et
807 3805 970 3857 tanta
1019 3801 1448 3872 magnitudine,
1483 3805 1536 3854 et
1585 3803 1706 3854 tam
1751 3798 1949 3871 gravia
1980 3811 2114 3868 per-

469 3909 666 3964 pessu,
702 3893 764 3946 ut
797 3891 943 3946 nulli
977 3905 1180 3946 eorum
1205 3889 1304 3960 qui
1339 3903 1599 3960 unquam
1631 3887 1818 3959 pressi
1873 3884 2112 3940 calami-

468 3981 686 4038 tatibus
720 3979 1036 4051 afnictique
1069 3979 1322 4045 fuerunt,
1353 3983 1416 4032 ut
1461 3991 1704 4033 numero
1745 3977 1854 4030 hoc
1897 3975 2110 4040 dicam,

2223 2817 2392 2874 πάλαι
2453 2819 2746 2898 εὐφιλήταν
2807 2819 2952 2890 ἔθου,
3029 2823 3118 2877 καί
3199 2823 3331 2894 ὑπὲρ
3387 2828 3452 2893 ἧς
3527 2825 3698 2881 πάντα
3765 2825 3878 2883 δεῖν

2223 2907 2333 2979 ᾤου
2381 2914 2582 2979 ποιεῖν,
2625 2914 2706 2981 τῷ
2761 2911 2808 2964 τ’
2865 2909 3030 2973 αὐτὸς
3087 2911 3288 2982 ταύτης
3344 2911 3488 2988 ἐρᾷν,
3527 2919 3609 2986 τῷ
3666 2919 3715 2970 τ’
3775 2919 3877 2972 ἂύ-

2221 2999 2321 3066 τήν
2377 2996 2432 3052 εὖ
2491 3001 2723 3073 πάσχειν
2785 2999 2931 3070 ἀξίαν
2989 3001 3140 3070 εἶναι,
3203 3003 3338 3072 αῦτη
3397 3003 3576 3058 τοίνυν
3643 3007 3678 3075 ἡ
3740 3003 3872 3078 δόξῃ

2223 3085 2310 3142 διὰ
2371 3089 2583 3143 πάντων
2642 3091 2823 3156 ἰοῦσα,
2882 3091 2973 3145 καὶ
3049 3093 3175 3152 τοὺς
3257 3094 3350 3164 μὲν
3433 3091 3650 3158 ἰδόντας
3723 3096 3879 3170 ἐρασ-

2223 3175 2314 3236 τὰς
2363 3176 2703 3250 κτησαμένη,
2755 3180 2885 3240 τοὺς
2931 3176 2988 3232 δὲ
3037 3179 3136 3234 οὐκ
3183 3177 3397 3244 ἰδόντας
3446 3181 3494 3252 ἐξ
3547 3184 3650 3254 ἄρα
3702 3187 3880 3256 μόνης

2222 3263 2731 3340 ἀνδραποδισαμένη
2806 3271 2908 3337 τῆς
2980 3271 3194 3345 φήμης,
3253 3269 3425 3325 πάλαι
3499 3271 3664 3335 πόλις
3742 3273 3880 3329 οὖσα

2223 3354 2494 3432 χαρίτων,
2552 3359 2639 3408 νῦν
2695 3356 2858 3418 πόλις
2916 3356 3029 3414 ἐστὶ
3085 3361 3292 3430 κακῶν,
3352 3357 3462 3414 οὔτ’
3531 3360 3663 3416 οἵων
3723 3363 3878 3436 εἰρῆ-

2223 3445 2366 3512 σθαι,
2427 3439 2542 3498 οὗθ’
2617 3443 2752 3500 θ’ίων
2809 3445 2984 3516 ἀκοῆς
3057 3451 3405 3524 γεγενῆσθαι,
3459 3449 3606 3505 ἀλλὰ
3679 3452 3878 3507 τοσού-

2223 3552 2329 3586 των
2391 3532 2486 3603 μέν
2542 3533 2604 3586 τὸ
2663 3531 2900 3603 πλῆθος,
2959 3534 3306 3604 τηλικούτων
3375 3535 3432 3592 δὲ
3483 3538 3547 3593 τὸ
3616 3539 3876 3616 μέγεθος,

2223 3619 2364 3673 οὕτω
2423 3618 2480 3674 δὲ
2541 3617 2844 3696 δυσχερῶν,
2903 3623 2978 3688 ὡς
3039 3621 3276 3697 μηδένας
3341 3625 3402 3680 ἂν
3468 3631 3577 3682 τῶν
3643 3629 3874 3684 πώποτε

2222 3705 2729 3784 δεδυστυχηκότων,
2815 3712 2858 3766 εἰ
2939 3709 3020 3767 δεῖ
3099 3714 3314 3790 τάχιστ’
3399 3715 3594 3788 εἰπεῖν,
3669 3717 3876 3796 στέφα-

2220 3819 2307 3852 νον
2387 3801 2546 3872 ἡμῶν
2621 3799 2672 3854 ὲν
2743 3807 2950 3870 κακοῖς,
3011 3802 3155 3858 εἶπεν
3233 3801 3294 3858 ἂν
3369 3806 3506 3878 ἀνὴρ
3587 3807 3872 3882 τραγικὸς,

2218 3888 2554 3962 ἀνθηρῆσθαι
2585 3907 2598 3919 ·
2651 3889 2852 3945 ἐνταῦθ’
2901 3891 3112 3966 ἥκομεν
3147 3915 3162 3927 ·
3217 3894 3308 3948 καὶ
3359 3893 3666 3950 οὕτωοκαθ’
3707 3899 3872 3970 ἡμῶν

2224 3977 2472 4048 ἐκώμασέ
2527 3999 2610 4042 τις
2657 3976 2866 4052 δαίμων
2927 3979 3026 4035 οὐκ
3083 3983 3285 4057 ἀγαθός
3319 4001 3334 4014 ⁸
3393 3985 3485 4038 καί
3541 3987 3576 4054 ἠ
3631 3987 3869 4060 πρόσθεν

469 4079 718 4125 nostram
780 4069 840 4122 in
897 4067 1140 4123 adversis
1207 4083 1464 4122 coronam
1492 4081 1652 4121 suam
1706 4081 1818 4120 esse
1863 4065 2110 4130 mallent,

2339 4042 2349 4048 .
2751 4042 2761 4052 .
3131 4042 3142 4057 .
3273 4042 3282 4045 -
3565 4042 3576 4054 ι
3674 4042 3685 4060 ι

2224 4068 2344 4122 κατ’
2371 4068 2694 4144 ἀνθρώπους
2745 4069 3090 4144 ἐννομωτάτη
3128 4075 3218 4128 καὶ
3269 4071 3586 4146 δικαιοτάτη
3619 4077 3710 4131 καὶ
3765 4099 3876 4132 σω-

471 4161 962 4230 quemadmodum
1013 4158 1267 4230 tragicus
1325 4159 1612 4230 quispiam
1662 4158 1872 4213 dixerit
1925 4161 2114 4228 poeta.

471 4247 551 4304 Eo
574 4263 730 4302 nunc
757 4251 910 4302 certe
931 4262 1037 4302 nos
1069 4245 1359 4300 malorum
1383 4243 1669 4300 venimus.
1703 4243 1904 4314 Itaque
1933 4243 1991 4298 in
2011 4259 2118 4298 nos

471 4336 677 4408 genius
691 4335 924 4406 quidam
941 4334 1180 4390 minime
1197 4333 1881 4390 bonuscomissabundus
1895 4347 2118 4404 grassa-

471 4430 567 4481 tus
591 4425 858 4481 iuit.Jam
876 4423 1454 4494 illaigitur,omnium
1470 4421 2116 4490 consensione,urbium

471 4513 897 4585 quasincolunt
918 4513 1474 4582 homines,omnium
1500 4511 1744 4566 antehac
1757 4511 2114 4581 aequissima.

471 4609 529 4660 et
571 4601 918 4673 justissima,
959 4607 1016 4657 et
1066 4601 1554 4667 moderatissima,
1607 4605 1663 4656 et
1710 4615 1778 4655 ea
1823 4599 1996 4654 etiam
2057 4615 2117 4655 re

473 4693 761 4760 omnium,
814 4709 942 4762 quia
986 4691 1200 4762 ubique
1248 4697 1406 4756 sunt,
1431 4689 1546 4746 Deo
1589 4690 1992 4756 dilectissime,
2017 4689 2116 4745 illa

479 4799 655 4848 nunc,
689 4782 956 4852 inquam,
1016 4798 1048 4836 o
1106 4780 1214 4850 sol,
1263 4797 1295 4836 ο
1349 4779 1540 4848 tellus,
1592 4795 1706 4851 quo
1755 4795 1876 4834 rem
1925 4779 2114 4834 dicam

474 4871 688 4928 modo?
717 4887 904 4943 quave
937 4871 1186 4926 narrabo
1219 4869 1488 4924 ratione?
1519 4884 1754 4940 prorsus
1779 4885 1848 4924 ex
1891 4873 2119 4924 contra-

476 4963 582 5029 rio,
605 4959 994 5028 exsecrabilis,
1046 4963 1104 5016 et
1148 4958 1415 5028 scelesta,
1458 4965 1515 5014 et
1579 4959 1724 5013 diris
1773 4959 2000 5024 devota,
2061 4962 2118 5015 et

473 5051 762 5116 omnium,
796 5055 862 5104 ut
889 5052 1068 5104 verbo
1113 5047 1429 5116 absolvam,
1473 5047 1906 5105 dirissimorum
1939 5053 2118 5119 atque

475 5141 948 5197 tristissimorum
989 5141 1307 5210 certamen,
1339 5137 1531 5194 omnis
1575 5136 1776 5209 ﬂagitii
1815 5145 1869 5192 et
1899 5137 2115 5192 intem-

475 5229 750 5302 perantia:
802 5233 1112 5300 tropaeum,
1165 5233 1222 5284 et
1278 5227 1476 5282 omnia
1522 5226 1644 5282 haec
1683 5225 1884 5296 utique
1926 5225 2114 5297 magis

475 5339 652 5396 quam
675 5321 816 5378 urbs
849 5325 957 5376 est.
988 5321 1110 5385 Qua
1140 5321 1208 5376 de
1229 5337 1426 5388 causa,
1461 5335 1616 5374 nunc
1647 5317 1890 5374 invisior
1911 5318 2113 5373 eadem

2227 4157 2556 4234 φρονεστάτη
2619 4158 2856 4230 πόλεων,
2917 4161 2992 4224 ὡς
3061 4165 3291 4226 ἅπαντες
3355 4162 3527 4234 idem,
3591 4168 3680 4220 καὶ
3757 4174 3870 4223 τῶν

2225 4248 2541 4321 ἁπανταχοῦ
2589 4253 2776 4303 πασῶν
2810 4247 2898 4304 διὰ
2949 4255 3115 4306 ταῦτα
3166 4251 3378 4325 μᾶλλον
3428 4253 3714 4331 θεοφιλής,
3755 4261 3871 4326 νῦν,

2224 4335 2352 4404 ἥλιε
2400 4337 2484 4390 καὶ
2547 4343 2642 4412 γῆ,
2694 4343 2810 4402 πῶς
2863 4337 3198 4408 ε’ίπω;πῶς
3259 4339 3558 4414 διεξέλθω;
3619 4343 3872 4420 ἐξαίφνης

2225 4429 2325 4479 πᾶν
2379 4425 2688 4480 τούναντίον
2723 4445 2736 4459 ·
2799 4425 3075 4502 ἐξάγιστος
3133 4428 3222 4484 καί
3292 4431 3462 4506 μιαρά
3514 4433 3603 4486 καί
3661 4431 3872 4508 ἐπάρα-

2225 4533 2339 4582 τος,
2391 4515 2476 4567 καί
2538 4515 2756 4568 πάντων
2807 4516 2882 4577 ὡς
2942 4515 3111 4570 εἰπεῖν
3169 4517 3458 4592 ἀγώνισμα
3513 4525 3621 4574 τῶν
3687 4539 3875 4597 χειρι-

2227 4623 2388 4672 στων,
2420 4605 2598 4674 πάσης
2632 4601 2688 4658 δὲ
2736 4607 2996 4680 τρόπαιον
3039 4606 3300 4680 ἀκρασίας
3332 4627 3344 4639 ·
3397 4610 3570 4664 πάντα
3601 4607 3656 4664 δὲ
3701 4617 3876 4668 ταῦτα

2229 4689 2438 4763 μᾶλλον
2477 4691 2512 4760 ἢ
2561 4692 2723 4754 πόλις
2757 4712 2769 4725 ·
2818 4695 3011 4750 οὐκοῦν
3058 4697 3146 4751 καί
3179 4699 3440 4771 θεομισής
3484 4699 3542 4754 ἂν
3591 4699 3674 4772 ε’ίη
3731 4703 3876 4774 μᾶλ-

2225 4780 2318 4835 λον
2348 4781 2381 4850 ἢ
2415 4782 2644 4856 πρόσθεν
2679 4783 2964 4860 θεοφιλής,
2999 4785 3088 4840 καὶ
3127 4793 3228 4856 τῆς
3267 4789 3653 4852 πενταπόλεως
3685 4811 3874 4864 τιμω-

2225 4869 2344 4943 ρίας
2378 4869 2440 4924 οὐ
2471 4869 2660 4946 πόρῥω
2693 4873 2904 4932 θέουσα.
2941 4875 3184 4937 Εἰκότως
3219 4893 3232 4906 '
3285 4878 3488 4951 νόμους
3521 4879 3627 4954 γὰρ
3675 4877 3742 4950 δὴ
3777 4883 3874 4937 καὶ

2222 4960 2316 5021 τὰς
2372 4959 2568 5015 ἐκεῖθεν
2631 4963 2887 5038 ἀνάγκας,
2946 4966 3030 5019 καὶ
3091 4965 3154 5020 τὸ
3215 4969 3510 5043 σωφρόνως
3569 4989 3627 5023 τε
3703 4971 3876 5026 πολι-

2223 5048 2417 5120 τεύειν,
2467 5050 2556 5104 καὶ
2607 5055 2713 5106 τῶν
2757 5052 3040 5130 προγόνων
3091 5053 3278 5124 ἀξίως,
3325 5055 3414 5110 καὶ
3463 5059 3714 5132 πράττειν
3771 5062 3870 5132 μὲν

2225 5136 2256 5190 ἃ
2313 5138 2565 5210 πράττειν
2625 5135 2861 5210 μάλιστα
2929 5139 3106 5214 θέμις,
3169 5148 3345 5215 μισεῖν
3425 5141 3502 5216 δὲ,
3587 5143 3619 5198 ’ἀ
3689 5153 3870 5218 μισεῖν

2225 5223 2393 5296 ἄξιον,
2445 5227 2494 5297 ἐξ
2545 5227 2618 5282 ὧν
2671 5229 2842 5283 πάντα
2889 5229 2956 5283 τὲ
3003 5231 3262 5306 κράτιστα
3308 5232 3566 5308 γίγνεται,
3621 5233 3734 5289 οὐδ’
3793 5237 3874 5300 εἷς

2223 5318 2346 5367 νοῦν
2395 5313 2633 5390 ’ίσχομεν
2669 5335 2682 5347 ·
2733 5316 2859 5372 ἀλλ’
2898 5319 3076 5394 ὥσπερ
3122 5317 3264 5375 ἄλλο
3311 5342 3362 5375 τι
3413 5325 3519 5376 τῶν
3571 5321 3874 5398 ἀπειρημέ-

475 5411 632 5468 haud
664 5411 838 5466 dubie
860 5411 976 5466 Deo
1011 5411 1199 5472 fuerit,
1233 5425 1409 5482 quam
1455 5409 1746 5479 acceptior
1773 5413 1939 5462 antea
1969 5412 2112 5476 erat,

2224 5424 2348 5470 νων,
2391 5405 2480 5458 καὶ
2527 5405 2652 5466 τοὺς
2695 5407 2815 5480 περί
2866 5407 3070 5462 τούτων
3121 5407 3426 5486 λογισμοὺς
3471 5410 3876 5485 ἂπεσεισσὶμεθα

484 5519 590 5558 nec
619 5501 818 5572 procul
851 5519 880 5556 a
911 5519 1074 5570 pmna
1104 5503 1347 5572 quinque
1365 5501 1588 5556 urbium
1620 5501 1906 5555 abfutura.
1933 5497 2110 5566 (Gem,

473 5608 592 5658 xxx,
651 5592 676 5646 1
737 5608 896 5663 seqq.
941 5607 954 5645 :
1016 5591 1145 5662 Sap.
1197 5607 1253 5660 x,
1283 5591 1363 5662 6.)
1419 5589 1570 5648 Sane
1619 5588 1846 5660 merito,
1879 5588 2112 5660 quando

2223 5493 2465 5564 καθάπαξ
2523 5495 2684 5566 ἡμῶν
2741 5495 2936 5566 αὐτῶν,
2973 5501 3199 5553 τοσοῦτο
3256 5499 3352 5555 τοῦ
3408 5500 3580 5556 καλοῦ
3639 5503 3728 5556 καὶ
3791 5501 3872 5556 δι-

2225 5581 2382 5637 καίου
2439 5583 2756 5656 ποιούμενοι
2817 5585 3003 5662 λόγον,
3057 5585 3196 5644 ὥστε
3253 5589 3344 5644 καὶ
3402 5591 3613 5668 γραφὴν
3675 5589 3737 5647 ἄν
3795 5613 3877 5656 τις
