3982 6216
208 374 305 435 409

1634 372 2056 437 EPISTOLE.

3424 366 3546 432 410

211 509 390 566 ἐνταῦθα
431 506 607 585 φύγοι,
637 509 714 579 μὴ
762 506 882 564 κατ’
927 502 1218 583 εύρύϐατον
1276 511 1380 577 ζῶν
1410 525 1423 542 ³
1458 506 1630 570 οὕτως
1678 508 1786 564 ἅνω

1923 524 2077 579 eges,
2108 513 2163 564 et
2198 505 2585 563 necessariam
2616 504 2812 577 legum
2861 504 3316 575 observantiam,
3337 511 3392 559 et
3438 520 3539 558 sa-

207 604 418 671 ποταμῶν
468 599 533 651 τὰ
586 598 871 674 πρέγμαθ²
922 600 1099 671 ἡμῖν·
1150 598 1239 653 καὶ
1296 594 1505 668 τοσῷδε
1549 595 1789 671 μᾶλλον,

204 690 263 751 ὡς
307 685 431 758 μηδὲ
479 683 784 758 προσδοκᾷν
844 685 1040 756 ἐξεῖναι
1096 686 1357 761 τάρχαῖα,
1388 686 1525 741 κατά
1571 692 1675 742 πᾶν
1728 687 1792 742 τὸ

199 777 245 831 ἐκ
274 781 356 831 τοῦ
399 776 656 851 παρόντος
705 776 871 838 εἰκός.
904 776 1177 850 Χαίρομεν
1225 774 1430 846 τοίνυν,
1463 777 1549 836 οἷς
1580 776 1792 851 χαίρειν

196 873 311 921 πᾶσα
358 866 610 941 αἰσχύνη,
658 865 747 920 καὶ
823 866 897 920 ὧν
963 865 1026 920 τὸ
1096 866 1397 937 μεμνῆσθαι
1479 864 1640 938 μόνον
1718 866 1795 927 εἷς

194 956 301 1031 ἇγος
325 954 497 1010 τελεῖ·
527 956 593 1010 τὸ
626 954 729 1030 γὰρ
762 955 895 1029 πρὸς
939 952 1225 1024 ἀλλήλους
1253 953 1505 1026 ὠμότητι
1535 955 1797 1028 χρῆσθαι,

194 1045 263 1101 καὶ
313 1048 400 1113 ζῆν
453 1043 724 1121 ἐγγύτατα
770 1048 880 1100 τῶν
958 1044 1187 1114 θηρίων,
1245 1043 1335 1098 καὶ
1409 1044 1622 1105 στάσεις
1676 1042 1796 1099 ἑκά-

194 1155 321 1189 στοτε
362 1134 446 1187 καὶ
496 1133 728 1206 μελετᾷν
777 1132 868 1187 καὶ
914 1136 1119 1202 ποιεῖν,
1165 1131 1254 1187 καὶ
1304 1129 1621 1206 διαρπάζειν
1680 1138 1796 1194 τοῖς

191 1222 411 1297 εὐπόροις
487 1224 557 1278 τὰ
642 1222 793 1291 ὄντα,
852 1223 1092 1297 καθάπερ
1150 1222 1438 1295 Ἀθήνῃσιν
1519 1219 1605 1276 ἐπὶ
1687 1225 1795 1276 τῶν

189 1314 466 1386 τριάκοντα,
496 1313 586 1367 καὶ
641 1315 734 1366 νῦν
799 1311 891 1383 μὲν
948 1310 1332 1384 ἐπιορκοῦντας
1391 1311 1639 1384 ὁρᾶσθαι,
1700 1311 1792 1365 νῦν

194 1399 232 1455 δ’
249 1402 322 1455 ἐπὶ
347 1407 460 1464 τοῖς
492 1401 680 1461 αὐτοῖς
726 1401 879 1463 αὖθις
923 1398 1216 1474 ὀμνύντας,
1246 1398 1494 1460 καὶτοὺς
1556 1400 1651 1472 μὲν
1710 1397 1797 1454 ἐπὶ

189 1496 269 1558 τῆς
319 1490 510 1565 ἀγορᾶς
567 1486 906 1558 κονδυλίζειν
967 1488 1058 1544 καὶ
1119 1488 1442 1563 συγκόπτειν
1493 1487 1581 1542 καὶ
1620 1487 1797 1542 παίειν

191 1579 261 1632 καὶ
309 1578 494 1648 ξαίνειν
548 1577 689 1633 κατά
732 1579 909 1633 νώτου
971 1574 1210 1644 πολλὰς,
1237 1575 1368 1638 τοὺς
1424 1574 1481 1632 δὲ
1531 1577 1620 1631 καὶ
1671 1577 1798 1630 πώ-

191 1686 340 1743 γωνος
387 1664 565 1722 ἕλκειν
626 1663 819 1741 ἄνδρας
872 1660 1013 1720 ἔστιν
1073 1664 1164 1719 ὅτε
1218 1660 1543 1737 πρεσϐύτας,
1576 1664 1665 1718 καὶ
1709 1663 1803 1718 αἷ-

191 1752 277 1817 ὃὼς
303 1754 502 1825 ἄπεστι,
534 1754 665 1817 τοὺς
693 1752 738 1809 δ’
772 1749 957 1825 ὕϐρεσι
986 1751 1234 1821 πλύνειν,
1259 1759 1375 1815 τοῖς
1407 1751 1465 1808 δὲ
1500 1754 1567 1808 τὰ
1597 1750 1801 1831 ἔσχατα

1904 599 2130 670 pienter
2160 613 2224 652 ac
2247 594 2509 653 modeste
2546 594 2963 668 rempublicam
2996 609 3217 667 gerere,
3249 592 3542 665 dignoque

1905 686 2223 757 majoribus
2274 701 2432 741 more
2464 702 2479 739 :
2514 700 2698 756 eaque
2748 699 2931 756 agere,
2965 701 3093 757 quas
3146 682 3395 740 maxime
3453 683 3540 738 fas

1905 779 2183 851 piumque
2212 776 2291 832 sit
2319 791 2508 848 agere,
2548 775 2741 831 odisse
2796 790 2953 844 vero,
2990 791 3115 843 qua
3173 790 3408 846 aequum
3466 774 3544 829 sit

1905 869 2118 934 odisse,
2150 867 2365 938 quibus
2393 881 2463 921 ex
2492 865 2663 921 rebus
2695 865 2917 935 optima
2947 863 3145 919 omnia
3175 862 3541 934 proveniunt,

1906 958 2027 1014 haec
2057 972 2129 1012 ne
2158 957 2217 1011 in
2249 956 2446 1011 animo
2476 954 2717 1025 quidem
2762 953 3065 1021 habemus,
3100 953 3201 1009 sed
3250 951 3339 1008 vel
3387 952 3545 1023 ipsas

1908 1048 1978 1101 de
2006 1045 2164 1101 hisce
2182 1043 2584 1116 cogitationes,
2616 1048 2894 1114 tanquam
2934 1041 3086 1098 aliud
3140 1041 3362 1114 aliquid
3394 1040 3545 1112 legi-

1908 1136 2019 1191 bus
2053 1132 2449 1201 interdictum,
2483 1152 2516 1190 a
2542 1132 2713 1190 nobis
2742 1131 2976 1203 penitus
3007 1130 3308 1202 exegimus
3339 1143 3545 1185 excus-

1907 1225 2219 1295 simusque
2237 1222 2404 1280 Hauc
2456 1240 2559 1279 nos
2579 1222 2804 1278 scilicet
2831 1221 3061 1278 honesti
3075 1220 3343 1292 justique
3371 1219 3545 1275 duci-

1909 1328 2040 1369 mus
2078 1313 2381 1379 ratiouem,
2414 1316 2481 1367 ut
2527 1310 2758 1382 publico
2790 1325 2936 1380 pene
2978 1308 3197 1380 judicio
3247 1307 3401 1364 diem
3457 1308 3541 1362 illi

1907 1403 2200 1467 dicamus,
2232 1400 2505 1474 quisquis
2536 1417 2650 1457 non
2702 1398 2972 1472 Eurybati
3008 1398 3177 1469 plane
3232 1397 3412 1453 vitam
3460 1398 3551 1452 vi-

1908 1492 2087 1559 xerit;
2117 1491 2380 1562 adeoque
2408 1490 2567 1546 velut
2593 1504 2830 1545 sursum
2882 1486 3318 1543 recurrentibus
3363 1487 3549 1541 amni-

1908 1582 2021 1637 bus
2052 1585 2266 1637 nostrm
2296 1596 2452 1635 nunc
2482 1595 2572 1635 res
2628 1582 2814 1639 erant,
2847 1577 3025 1648 idque
3077 1580 3241 1633 tanto
3290 1576 3547 1649 profecto

1911 1670 2119 1743 magis,
2149 1674 2214 1725 ut
2243 1685 2347 1725 nec
2378 1667 2692 1740 pristinum
2723 1666 2978 1737 amplius
3017 1669 3349 1737 exspectare
3380 1664 3550 1720 liceat

1910 1765 2154 1829 statum,
2178 1762 2462 1830 quantum
2493 1757 2728 1828 quidem
2764 1756 3096 1826 conjectura
3124 1769 3193 1810 ex
3243 1754 3549 1828 praesenti-

190 1842 433 1900 ἀπειλεῖν·
483 1845 857 1920 νυκτομαχίαι
904 1865 962 1899 τε
1004 1844 1266 1917 ἀγεννεῖς,
1317 1844 1404 1898 καὶ
1454 1841 1619 1918 λόχοι
1665 1842 1802 1897 κατά

1919 1849 2023 1905 bus
2052 1845 2331 1920 augurari
2372 1861 2709 1917 possumus.
2743 1844 2961 1914 Nempe
2989 1844 3062 1899 iis
3109 1842 3276 1899 unice
3333 1843 3554 1914 gaude-

189 1934 275 1987 τῶν
303 1933 619 2011 ὁμοφύλων,
649 1934 740 1987 καὶ
802 1929 1139 2006 στρατόπεδα
1185 1929 1526 2000 ἀκολάστων,
1558 1932 1647 1985 καὶ
1676 1932 1806 1986 τοί-

188 2041 284 2097 χων
312 2019 586 2099 διορυχαῖ,
634 2022 724 2078 καὶ
780 2021 1007 2090 κλοπαὶ,
1057 2020 1149 2076 καί
1203 2020 1396 2075 οἰκιῶν
1442 2018 1802 2092 καθαιρέσεις,

186 2113 257 2165 καὶ
311 2112 403 2166 ὅσα
459 2111 536 2172 εἰς
593 2114 756 2166 τοῦτο
794 2110 994 2165 τεῖνεν
1048 2107 1129 2164 ἔτι
1183 2130 1244 2164 τε
1299 2106 1490 2164 ἄδικον
1543 2112 1674 2183 πῦρ,
1712 2109 1804 2163 καὶ

187 2199 329 2255 λίθων
377 2202 620 2274 ἀφέσεις,
669 2201 761 2255 καὶ
816 2201 1121 2274 τραύματα,
1177 2200 1266 2254 καὶ
1333 2196 1569 2273 πληγαὶ,
1626 2198 1716 2253 καὶ
1774 2199 1804 2253 ὁ

182 2290 332 2352 πολὺς
375 2292 635 2347 ἑκάστοτε
681 2290 875 2364 φόνος,
899 2290 962 2345 τό
1006 2309 1066 2344 τε
1115 2286 1205 2344 διὰ
1247 2290 1424 2359 πάσης
1455 2286 1679 2358 ἡλικίας
1708 2308 1800 2343 νο-

188 2379 448 2451 μιζόμενον
507 2379 688 2456 ξίφος,
720 2378 811 2434 καὶ
865 2380 892 2434 ὁ
950 2378 1312 2453 στεργόμενος
1367 2378 1653 2447 ἀκινάκης,
1688 2378 1805 2452 μεθ’

185 2469 244 2522 ὢν
284 2469 364 2525 καὶ
419 2467 604 2537 ἡδέως
662 2464 1002 2530 καθεύδουσι,
1061 2468 1152 2522 καὶ
1219 2468 1294 2522 ὧν
1361 2465 1485 2523 ἄνευ
1545 2472 1643 2542 ζῇν
1699 2465 1808 2542 οὐχ

186 2557 284 2611 οἷόν
333 2579 408 2614 τε.
454 2558 599 2621 Τοὺς
650 2559 756 2633 γὰρ
815 2556 905 2613 ἐπὶ
963 2560 1103 2631 κακῇ
1165 2557 1332 2631 μοίρᾳ
1387 2559 1487 2625 τῆς
1535 2555 1806 2631 ἡμετέρας

185 2648 258 2702 καί
309 2647 503 2725 φύντας
556 2647 651 2702 καὶ
700 2647 997 2724 τραφέντας
1039 2645 1133 2701 καὶ
1202 2643 1545 2719 αὐξηθέντας,
1596 2646 1689 2700 καὶ
1740 2645 1811 2717 τῇ

187 2733 379 2809 πατρίδι
408 2740 578 2811 κριοῦ
604 2741 834 2813 τροφεῖα
882 2733 1189 2798 δεδωκότας
1240 2737 1313 2796 ὡς
1361 2734 1553 2809 λόγος,
1580 2733 1808 2797 τούτους

186 2821 241 2894 δὴ
267 2826 384 2886 τοὺς
422 2824 765 2899 Σαλμωνέας
813 2825 1056 2900 ἀτεχνῶς
1100 2825 1192 2879 καὶ
1227 2823 1595 2898 Δυκούργους,
1617 2826 1653 2895 ἢ
1684 2844 1811 2879 και-

181 2919 286 2981 νούς
335 2940 480 2981 τινας
539 2918 795 2994 γίγαντας
848 2917 884 2987 ἢ
945 2922 1044 2972 τοῦ
1095 2916 1436 2992 Πολυφήμου
1471 2915 1738 2987 μαθητὰς,
1772 2914 1809 2984 ἢ

183 3006 266 3062 ούκ
311 3006 415 3063 οἷδ’
444 3006 477 3063 ὅ
506 3028 567 3063 τι
622 3006 713 3061 καὶ
761 3008 951 3084 φαίην,
1005 3003 1131 3061 οὐδὲ
1180 2998 1354 3079 λέγειν
1405 3001 1597 3074 ἔξεστι,
1644 3007 1813 3059 ταῦτα

180 3099 339 3152 τοίνυν
386 3096 476 3153 καὶ
536 3094 717 3152 πλείω
774 3096 981 3151 τούτων
1038 3094 1296 3166 ἐξώλειαν
1359 3091 1580 3170 ἔχοντα,
1629 3095 1692 3147 τό
1750 3114 1815 3169 γε

183 3186 399 3259 τήμερον
448 3187 609 3255 εἶναι,
661 3185 728 3240 τὰ
771 3185 984 3240 πάντων
1026 3186 1162 3254 ἡμῖν
1207 3183 1440 3253 ἥδιστα·
1492 3183 1583 3237 καὶ
1630 3180 1814 3237 κινδυ-

181 3276 383 3347 νεύομεν
430 3276 486 3330 ἐν
538 3275 763 3336 τούτοις
806 3271 1170 3347 εὐδαιμονεῖν,
1203 3274 1277 3328 ὢν
1308 3274 1371 3328 τὸ
1414 3273 1652 3344 καθάπαξ
1683 3273 1813 3328 ἀτυ-

184 3369 284 3438 χεῖν
344 3362 671 3438 εὐδαιμονία
728 3365 939 3440 σαφής·
1000 3362 1140 3433 ἄξιοι
1203 3364 1298 3435 μὲν
1374 3362 1520 3437 παρὰ
1601 3362 1813 3418 πάντων

188 3455 439 3525 μισεῖσθαι
497 3458 616 3509 τῶν
675 3456 801 3507 νοῦν
849 3450 1113 3528 ἐχόντων,
1146 3451 1288 3525 ἄξιοι
1337 3449 1395 3506 δὲ
1431 3456 1692 3525 κρημνῶν
1724 3452 1814 3508 καὶ

186 3544 452 3619 βαράθρων
502 3544 597 3600 καὶ
648 3546 887 3617 σεισμῶν
934 3544 1024 3597 καὶ
1081 3542 1416 3618 χωσμάτων,
1463 3542 1552 3596 καὶ
1595 3546 1704 3597 τῶν
1763 3542 1812 3615 ἐξ

185 3634 393 3709 ούρανοῦ
421 3636 649 3690 πάντων
688 3632 864 3706 βελῶν
888 3652 900 3665 ·
935 3635 1049 3713 οὐχ
1078 3635 1152 3696 ὡς
1198 3634 1305 3688 τῶν
1357 3630 1678 3688 δεινοτάτων
1725 3632 1816 3688 αὐ-

182 3724 411 3801 τόχειρες
477 3726 673 3796 μόνον,
708 3721 855 3779 ἀλλά
908 3724 996 3776 καὶ
1058 3727 1137 3794 τῷ
1182 3719 1529 3798 παράδειγμα
1559 3727 1683 3783 τοῖς
1712 3720 1815 3777 ἄλ-

186 3809 289 3876 λοις
331 3813 615 3890 γεγονέναι
666 3817 776 3868 τῶν
833 3810 967 3867 ἴσων
992 3830 1007 3846 ο
1050 3814 1186 3885 πρὸς
1242 3814 1347 3886 γὰρ
1392 3814 1489 3874 τὰς
1526 3813 1817 3886 μητροπό-

187 3899 285 3964 λεις
334 3899 561 3959 ἕκαστοι
636 3900 953 3977 βλὲποντες,
1014 3907 1148 3979 σφᾶς
1215 3901 1412 3964 αὐτοὺς
1470 3900 1815 3956 πλάττουσι·

187 3996 390 4069 Φεραῖοι
437 3998 577 4068 γοῦν
622 3994 714 4047 καὶ
763 3990 1140 4060 Ποτιδαιᾶται,
1189 3993 1278 4047 καὶ
1336 3992 1390 4047 αἱ
1456 3991 1647 4047 λοιπαὶ
1712 3991 1816 4046 πό-

186 4080 307 4149 λεις,
337 4083 454 4140 οὐδ’
487 4083 635 4140 ἔστιν
680 4082 848 4139 εἰπεῖν
895 4083 948 4145 ἐς
994 4083 1119 4138 ὅσον
1173 4083 1364 4157 μανίας
1394 4082 1604 4153 ἤλασαν
1626 4102 1640 4114 ·
1675 4080 1816 4137 οὕτω

181 4192 227 4225 τι
276 4173 779 4245 πλεονεκτήσαντες
832 4174 973 4248 πρὸς
1042 4175 1141 4241 τὴν
1205 4174 1464 4246 μίμησιν.
1525 4173 1625 4228 Καὶ
1687 4171 1820 4244 μετά

179 4262 424 4319 τοσούτου
472 4262 619 4319 πάνυ
666 4266 765 4318 τοῦ
811 4262 1061 4337 θράσους,
1095 4262 1169 4323 ὡς
1227 4263 1319 4317 καὶ
1366 4260 1653 4334 παρελθεῖν
1701 4265 1817 4323 τοῖς

181 4345 343 4427 ἔργοις
398 4356 506 4423 τὴν
567 4349 755 4431 φύσιν,
805 4352 899 4406 καὶ
956 4348 1151 4405 παιδὰν
1232 4351 1478 4425 ἀτεχνῶς
1532 4348 1699 4420 δεῖξαι
1755 4350 1822 4404 τὰ

178 4444 291 4514 παρ’
335 4445 531 4514 ἡμῶν,
581 4440 645 4495 ἐκ
685 4437 949 4513 δευτέρων
991 4441 1059 4494 τὰ
1105 4445 1347 4514 πρωτεῖα
1394 4440 1599 4512 τρόπον
1637 4436 1818 4512 ἓτερον

179 4532 550 4604 κομισάμενοι.
606 4530 673 4587 Ei
731 4527 777 4584 δ’
826 4531 855 4584 ὁ
911 4530 973 4585 τὸ
1028 4530 1243 4602 σπέρμα
1300 4529 1620 4603 παρασχὼν,
1662 4529 1821 4590 οὗτος

1912 1954 2068 2005 mus,
2100 1937 2312 2007 quibus
2341 1934 2749 2005 turpissimum
2781 1934 3032 2005 gaudere
3071 1939 3174 2000 est,
3213 1936 3272 1988 et
3307 1947 3556 2003 quorum

1912 2024 2000 2081 vel
2035 2024 2376 2080 meminisse
2407 2025 2707 2088 duntaxat,
2733 2020 2970 2078 sceleris
3021 2021 3357 2078 habendum
3405 2020 3554 2078 loco.

1912 2113 2136 2187 Quippe
2152 2118 2362 2170 mutua
2386 2113 2632 2169 invicem
2653 2111 2998 2168 crudelitate
3014 2110 3206 2168 saevire
3229 2130 3246 2181 ;
3278 2115 3334 2168 et
3355 2110 3550 2183 proxi-

1915 2218 2008 2259 me
2038 2203 2110 2258 ad
2141 2201 2568 2258 immanitatem
2599 2201 2852 2257 ferarum
2883 2202 3191 2271 accedere;
3225 2204 3283 2257 et
3310 2199 3549 2257 seditio-

1914 2307 2019 2348 nes
2048 2292 2301 2364 quotidie
2326 2296 2450 2346 tum
2483 2290 2775 2355 meditari,
2807 2293 2934 2345 tum
2983 2291 3135 2346 ciere
3191 2296 3368 2362 atque
3415 2305 3550 2345 con-
3644 2310 3645 2315 π

1915 2381 2083 2450 ﬂare;
2116 2385 2174 2437 et
2202 2379 2449 2436 divitum
2481 2379 2732 2451 diripere
2773 2383 2950 2451 atque
2990 2378 3241 2451 expilare
3295 2378 3498 2434 domos
3530 2394 3545 2433 :

1916 2488 1982 2527 eo
2014 2469 2184 2543 plane
2213 2470 2406 2540 modo,
2440 2485 2555 2540 quo
2585 2468 2825 2523 Athenis
2871 2472 3133 2539 tempore
3180 2466 3414 2539 triginta
3472 2470 3555 2538 ty-

1917 2575 2267 2628 rannorum;
2297 2564 2354 2615 et
2384 2559 2553 2616 modo
2582 2560 2641 2612 in
2675 2558 2982 2613 manifesto
3030 2557 3379 2628 deprehendi
3425 2573 3559 2629 per-

1914 2651 2091 2724 jurio,
2123 2651 2298 2706 modo
2328 2650 2484 2706 idem
2529 2664 2733 2705 rursus
2776 2648 3070 2719 conceptis
3114 2648 3369 2717 deierare
3427 2664 3560 2703 ver-

1918 2742 2046 2810 bis;
2085 2744 2143 2796 et
2173 2755 2328 2796 nunc
2354 2738 2474 2794 illis
2505 2739 2604 2811 qui
2634 2738 2691 2793 in
2717 2737 2836 2793 fero
2855 2737 3092 2809 degunt,
3116 2754 3182 2793 os
3212 2751 3402 2808 pugno
3418 2751 3557 2792 con-

1917 2830 2238 2896 verberare,
2270 2835 2324 2884 et
2351 2827 2672 2895 concidere,
2714 2831 2772 2882 et
2810 2826 2999 2896 ferire,
3031 2831 3088 2882 et
3142 2824 3316 2897 virgis
3366 2825 3558 2881 verbe-

1919 2919 2202 2991 ribusque
2225 2917 2797 2991 frequentibusterga
2816 2916 3096 2985 lacerare;
3122 2930 3275 2971 nunc
3294 2918 3557 2987 arreptos

1922 3009 2103 3066 barba
2130 3009 2308 3065 etiam
2338 3022 2456 3064 mro
2486 3020 2907 3077 nonnunquam
2928 3005 3177 3078 grandes
3194 3004 3344 3061 viros
3364 3007 3561 3076 rapta-

1923 3115 2007 3167 re,
2066 3099 2239 3170 idque
2286 3096 2446 3154 nullo
2506 3097 2729 3167 pudore
2778 3100 2881 3151 aut
2933 3094 3319 3160 verecundia;
3361 3108 3567 3148 rursus

1927 3188 2069 3245 alios
2099 3185 2454 3245 contumelia
2474 3190 2534 3242 et
2561 3184 2793 3256 injuriis
2833 3183 3209 3256 perfundere;
3243 3182 3373 3239 aliis
3423 3187 3571 3238 atro-

1930 3278 2172 3335 cissima
2227 3276 2444 3349 qumvis
2504 3273 2786 3343 minitari;
2830 3277 2887 3330 et
2941 3274 3105 3329 foedae
3162 3271 3567 3328 dimicationes

1923 3374 2218 3424 nocturna
2244 3382 2258 3434 ;
2282 3369 2338 3421 et
2365 3364 2517 3437 globi
2551 3364 2894 3420 sicariorum
2926 3363 3209 3419 adversus
3239 3360 3564 3432 municipes

1925 3463 1982 3512 et
2010 3454 2278 3523 tribules,
2312 3459 2370 3511 et
2393 3456 2572 3526 justas
2618 3452 3150 3524 perditissimorum
3202 3449 3561 3507 nebulonum

1925 3547 2142 3619 copim;
2173 3552 2228 3600 et
2274 3544 2662 3616 perfossiones
2707 3541 3026 3613 parietum;
3059 3548 3118 3598 et
3156 3543 3330 3603 furta,
3363 3547 3420 3596 et
3468 3540 3567 3596 do-

1926 3651 2131 3693 muum
2161 3634 2527 3703 eversiones;
2558 3638 2878 3704 caateraque
2910 3632 2969 3689 id
2999 3648 3185 3705 genus
3215 3630 3432 3687 omnia.
3459 3629 3569 3684 Ad-

1927 3725 2047 3781 haec
2080 3739 2249 3796 porro
2279 3723 2483 3779 nefarii
2514 3737 2580 3778 ac
2608 3722 2823 3778 funesti
2855 3722 3042 3793 ignes,
3076 3728 3130 3777 et
3158 3718 3564 3792 lapidationes,

1925 3818 1983 3870 et
2010 3814 2234 3885 ingesta
2291 3811 2555 3877 vulnera,
2620 3827 2686 3867 ac
2744 3811 3006 3881 ictus,fet
3058 3808 3345 3865 continuae
3393 3810 3569 3879 atque

1925 3902 2278 3974 quotidianae
2307 3902 2495 3957 credes
2524 3905 2884 3972 stragesque,
2919 3904 2976 3955 et
3024 3898 3180 3954 omni
3238 3897 3394 3952 aetati
3450 3896 3564 3951 fre-

1926 4008 2116 4063 quens
2146 3991 2281 4047 ferri
2314 4007 2476 4057 usus,
2509 3995 2680 4060 atque
2738 3990 2797 4045 in
2848 3988 3070 4044 deliciis
3126 3986 3410 4053 acinaces,
3444 3985 3570 4058 qui-

1929 4081 2175 4136 buscum
2207 4086 2264 4135 et
2286 4080 2452 4151 quies
2483 4080 2612 4151 ipsa
2643 4094 3007 4150 somnusque
3031 4077 3262 4134 suavior
3290 4076 3561 4146 habetur,

1928 4174 1984 4228 et
2013 4172 2140 4226 sine
2170 4170 2381 4240 quibus
2412 4186 2515 4225 nec
2546 4168 2754 4241 degere
2782 4167 2958 4224 vitam
2991 4172 3256 4239 possunt.
3275 4167 3388 4224 Hos
3420 4169 3573 4224 enim

1929 4260 1988 4316 in
2020 4258 2331 4332 perniciem
2363 4262 2533 4329 atque
2560 4258 2797 4313 exitium
2829 4257 3163 4330 reipublicae
3194 4262 3567 4325 nostrautum

1928 4354 2097 4406 natos
2110 4348 2398 4421 altosque,
2415 4353 2541 4404 tum
2566 4348 2795 4421 magnis
2818 4348 3030 4420 opibus
3043 4355 3264 4415 auctos,
3281 4364 3383 4405 nec
3397 4348 3571 4403 aliam

1930 4439 2151 4512 patria,
2183 4455 2361 4511 quam
2392 4437 2612 4505 arietis,
2639 4438 2790 4492 utin
2851 4438 3157 4510 proverbio
3199 4443 3308 4503 est,
3368 4438 3577 4493 educa-

1932 4530 2109 4585 tionis
2140 4527 2534 4600 persolventes
2588 4529 2909 4584 mercedem
2944 4544 2957 4582 :
2991 4526 3097 4583 hos
3153 4527 3419 4598 inquam,
3452 4527 3570 4582 sive

176 4621 253 4674 ui
307 4626 417 4676 τῶν
479 4618 700 4698 φύντων
754 4618 928 4681 αἴτιος
959 4620 988 4673 ὁ
1020 4620 1111 4679 σὸς
1172 4616 1386 4693 ἑταῖρός
1445 4638 1575 4694 φησι
1632 4626 1808 4691 Δημο-

1930 4635 2123 4675 meros
2141 4633 2424 4688 verosque
2454 4618 2792 4673 Salmoneos
2822 4622 2881 4673 et
2913 4616 3358 4689 Lycurgos,sive
3389 4632 3566 4672 novos

178 4708 371 4778 σθένης,
409 4709 506 4763 καὶ
547 4707 721 4768 οὕτως
766 4709 870 4780 ἄρα
907 4711 1156 4769 νικῶντες
1202 4709 1369 4780 ἡμεῖς
1417 4711 1599 4776 νίκην,
1639 4707 1700 4775 ἢν
1750 4704 1812 4761 ἅν

179 4817 262 4868 μοι
315 4795 473 4853 δοκεῖ
521 4817 608 4861 τις
660 4796 751 4851 καὶ
799 4795 928 4867 ὄναρ
981 4792 1109 4850 ἰδὼν
1148 4794 1247 4850 οὐκ
1296 4794 1375 4865 ἃν,
1406 4794 1558 4869 εἶ’περ
1600 4794 1720 4849 οἷόν
1766 4795 1814 4849 τ’

175 4888 256 4955 ἦν,
284 4886 354 4941 ἔθ’
393 4886 572 4942 ὕπνου
616 4889 907 4962 μετασχεῖν
960 4881 1239 4953 ἐθελῆσαι,
1270 4877 1426 4960 φόϐῳ
1474 4887 1583 4939 τῶν
1642 4881 1773 4938 ἴσων
1798 4902 1813 4918 ·

176 4972 422 5031 ἐντοίνυν
480 4972 761 5036 τοιούτοις
811 4972 960 5028 οὖσιν
1008 4975 1145 5045 ἡμῖν
1192 4973 1279 5035 τίς
1310 4971 1469 5033 ἐλπὶς
1501 4972 1813 5048 σωτηρίαςς

179 5064 379 5135 μᾶλλον
414 5062 477 5121 δὲ
526 5065 611 5125 τίς
654 5063 755 5118 ούκ
800 5059 861 5116 ἂν
894 5059 1053 5123 ἐλπὶς
1083 5061 1401 5131 ἀπωλείας;
1433 5060 1571 5117 ὅπου
1601 5063 1703 5137 γὰρ
1735 5063 1817 5124 εἷς

176 5152 411 5211 ὁστισοῦν
465 5154 639 5213 κακὸς
695 5149 973 5214 πολλάκις
1025 5151 1313 5229 ἀναφανεὶς
1362 5150 1537 5214 αἴτιος
1587 5152 1690 5225 ὅλῃ
1721 5150 1817 5206 πό-

176 5239 252 5297 λει
302 5243 495 5318 γέγονε
546 5247 851 5318 συμφορᾶς,
903 5242 993 5295 καί
1039 5247 1141 5309 τῆς
1194 5240 1313 5302 ἑνός
1362 5261 1510 5302 τινος
1553 5241 1816 5316 ἀκρασίας

179 5331 301 5386 ἅπαν
340 5337 504 5406 κοινῇ
564 5332 627 5387 τὸ
682 5329 896 5399 πλῆθος
947 5330 1047 5398 τὴν
1112 5327 1272 5399 δίκην
1320 5326 1516 5392 ἔτισαν,
1547 5330 1601 5384 τί
1640 5330 1816 5385 πείσει

179 5422 286 5475 σθαι
314 5423 430 5497 χρὴ
468 5418 710 5493 νομίζειι
740 5421 913 5491 ἡμᾶς,
951 5422 1056 5473 τῶν
1113 5420 1209 5491 μὲν
1247 5416 1810 5491 πεπλημμεληκότων

175 5506 330 5564 ὄντων
388 5510 531 5585 ὗπὶρ
585 5508 680 5570 τὰς
734 5506 915 5581 μυίας,
944 5513 1044 5576 τῆς
1088 5503 1146 5562 δὲ
1184 5504 1419 5579 ἀδικίας,
1454 5506 1579 5563 ἀλλ’
1610 5505 1709 5562 οὐκ
1750 5503 1810 5561 ἂν

175 5594 431 5671 δυναίμην
463 5596 637 5653 εἷπεῖν
669 5596 769 5668 ὅση
800 5616 905 5657 τις.

1926 4706 2233 4779 quospiam
2265 4706 2550 4778 gigantes,
2565 4706 2685 4761 sive
2704 4720 3013 4776 germanos
3033 4702 3563 4774 Polyphemidisci—

1928 4794 2119 4867 pulos,
2152 4794 2274 4851 sive
2329 4810 2443 4867 quo
2499 4794 2614 4850 alio
2665 4794 2957 4867 appellum
3016 4793 3252 4849 nomine
3308 4792 3565 4848 incertus

1928 4882 2153 4952 heroo;
2188 4898 2291 4940 uec
2331 4884 2635 4940 nominare
2684 4887 2901 4941 tutum.
2954 4883 3046 4937 Has
3118 4881 3331 4952 itaque,
3364 4883 3420 4936 et
3475 4880 3570 4936 his

1928 4973 2100 5031 etiam
2134 4973 2482 5029 funestiores
2512 4988 2755 5044 queque
2776 4975 2988 5044 pestes,
3024 4986 3151 5042 qua)
3183 4985 3339 5024 nunc
3372 4985 3567 5026 rerum

1927 5062 2104 5118 facies
2132 5066 2222 5118 est
2250 5062 2517 5118 omnium
2576 5061 2743 5118 nobis
2774 5060 3222 5132 jucundissime
3283 5063 3460 5114 sunt:
3495 5062 3572 5114 at-

1927 5167 2038 5225 que
2077 5152 2222 5208 adeo
2257 5152 2327 5208 iis
2355 5152 2416 5207 in
2445 5153 2619 5209 rebus
2648 5151 2841 5207 felices
2884 5150 3052 5205 nobis
3109 5148 3403 5214 videmur,
3436 5165 3569 5219 qua-

1926 5257 2056 5296 rum
2088 5241 2420 5312 inexpertos
2444 5241 2770 5314 planeesse,
2790 5255 2856 5294 ea
2877 5239 3113 5293 demum
3132 5254 3267 5294 vera
3278 5245 3368 5294 est
3381 5237 3565 5294 felici-

1927 5338 2031 5385 tas.
2049 5330 2213 5400 Digni
2240 5330 2481 5401 proinde
2500 5326 3560 5399 omnium,quisapiuut,odiosumus;

1923 5418 2083 5490 digni
2115 5435 2252 5476 saxo
2284 5420 2528 5492 Tarpeio
2558 5422 2733 5489 atque
2756 5416 3078 5484 barathris;
3112 5415 3270 5487 digni
3311 5416 3566 5475 motibus

1921 5510 2089 5562 terras
2152 5508 2562 5580 hiatibusque;
2597 5506 2759 5579 digni
2802 5505 3015 5578 jaculis
3061 5503 3411 5577 fulminiqus
3458 5522 3572 5565 cce-

1923 5595 2175 5655 lestibus
2220 5598 2509 5655 omnibus.
2549 5597 2729 5669 quue
2776 5612 2892 5653 non
2942 5594 3071 5652 ideo
3115 5599 3367 5663 tantum,
3419 5599 3572 5670 quod

176 5692 288 5744 tam
315 5689 607 5761 capitales
632 5685 866 5747 fraudes
892 5702 1191 5760 noxasque
1221 5687 1282 5745 in
1312 5703 1419 5746 nos
1462 5686 1861 5760 admissimus,
1911 5704 2118 5747 verum
2166 5689 2345 5747 etiam
2391 5686 2545 5761 quod
2578 5686 2862 5746 similium
2909 5701 3189 5744 ausorum
3239 5689 3574 5761 exemplum
