4154 6216
402 329 514 389 lii
1696 339 2098 402 THEODULI
2144 335 2493 401 MONACHI
3690 335 3814 400 412

398 468 622 525 casteria
651 467 942 526 dedimus.
971 472 1093 537 Quo
1149 471 1237 539 fit,
1269 474 1336 526 ut
1373 471 1448 527 ad
1507 473 1851 546 metropoles
1908 474 2160 545 quisque
2216 491 2355 530 suas
2415 473 2813 546 respicientes,
2856 475 3200 545 semetipsos
3240 474 3628 532 conformant.
3682 473 3812 530 Dici

399 559 556 614 enim
614 561 866 631 profecto
919 562 1140 632 nequit,
1200 571 1480 633 quantam
1537 563 1754 620 Pheraei
1811 568 1869 620 et
1935 565 2280 632 Potidtsatae,
2342 569 2399 620 et
2481 565 2738 620 civitates
2803 572 3044 633 castores,
3104 565 3454 622 insanierint
3481 566 3813 622 insaniamv

397 652 496 722 qui
538 667 721 722 usque
757 651 899 707 adeo
951 652 1170 708 dociles
1227 670 1293 708 ac
1335 655 1598 726 egregios
1647 654 1992 722 imitatores,
2043 655 2304 726 adeoque
2349 673 2490 712 sane
2536 658 2784 712 audaces
2845 662 2903 712 et
2959 657 3232 712 vecordes
3297 671 3424 711 sese
3485 656 3812 726 praebuere,

397 746 464 796 ut
492 747 758 798 naturam
789 741 974 813 ipsam
1007 742 1130 798 suis
1162 743 1497 800 transierint
1527 744 1902 812 facinoribus,
1933 745 2254 816 ludumque
2287 748 2454 802 modo
2485 752 2541 802 et
2565 748 2766 816 jocum
2797 746 2919 802 haec
2952 753 3150 802 nostra
3181 747 3362 802 fuisse
3391 747 3754 802 ostenderint
3797 783 3812 819 ε

397 831 620 888 scilicet
653 835 714 886 ut
743 836 1003 903 tempore
1037 834 1380 903 posteriores
1419 843 1576 904 sunt,
1609 836 1686 891 ita
1715 835 1827 892 alio
1860 837 2114 907 quodam
2149 839 2318 892 modo
2353 835 2604 908 palmam
2656 838 2768 892 sibi
2800 839 3294 903 vindicant.Quod
3314 839 3360 893 si
3393 841 3587 892 tamen
3619 843 3814 893 mare

396 923 591 992 segeti:
631 922 678 976 is
715 921 990 978 habendus
1045 930 1238 979 auctor
1264 933 1364 992 est,
1395 927 1490 996 qui
1544 940 1726 981 semen
1771 927 2028 996 praebuit,
2070 942 2138 982 ex
2196 926 2499 981 familiaris
2552 927 2636 980 tui
2677 926 3084 982 Demosthenis
3143 927 3436 982 sententia
3489 925 3671 998 (Ὑπὲρ
3703 928 3810 978 to?»

399 1007 662 1082 στεφάνου
715 1011 845 1083 νβ’),
905 1012 1108 1082 utique
1201 1011 1288 1068 vel
1363 1012 1470 1069 hoc
1515 1019 1708 1084 pacto,
1765 1015 2119 1085 ejuscemodi
2171 1031 2278 1070 nos
2336 1014 2637 1069 victoriam
2695 1015 2986 1070 vincimus
3047 1033 3058 1069 :
3119 1015 3290 1084 cujus
3364 1014 3588 1084 objecta
3655 1015 3812 1070 forte

399 1110 646 1180 cuipiam
689 1111 748 1167 in
789 1111 1014 1166 somnis
1053 1111 1262 1182 specie,
1305 1111 1460 1168 haud
1503 1111 1673 1178 ultra,
1733 1118 1800 1168 ut
1850 1115 2118 1182 arbitror,
2179 1116 2228 1169 i
2281 1115 2402 1170 fieri
2467 1115 2669 1185 possit,
2703 1113 2882 1185 quieti
2943 1129 3070 1168 sese
3127 1114 3266 1169 dare
3313 1113 3472 1180 velit,
3532 1113 3814 1170 consimi-

399 1201 544 1255 lium
577 1199 934 1255 somniorum
971 1209 1143 1255 melu.
1207 1200 1324 1256 Hoc
1371 1201 1550 1272 igitur
1609 1218 1803 1258 rerum
1861 1213 2188 1260 nostrarum
2250 1203 2474 1270 habitu,
2534 1220 2661 1273 qua:
2709 1203 2946 1258 residua
3003 1202 3166 1258 nobis
3215 1203 3420 1258 salutis
3497 1219 3631 1274 spes
3663 1203 3809 1257 est?

400 1288 518 1344 sive
567 1287 760 1359 potius
811 1296 1011 1344 contra
1063 1305 1191 1360 quae
1249 1307 1363 1344 non
1409 1290 1567 1345 exitii
1623 1307 1760 1363 spes
1802 1292 1942 1348 est?
1999 1293 2234 1365 quando
2295 1294 2448 1347 enim
2497 1294 2669 1348 etiam
2719 1308 2875 1348 unus
2931 1291 3144 1364 aliquis
3211 1291 3519 1362 multiplici
3587 1292 3810 1347 celere

401 1379 726 1447 coopertus,
795 1376 904 1432 toti
970 1377 1302 1448 reipublicae
1367 1377 1717 1435 calamitatis
1782 1397 1959 1436 causa
2037 1380 2166 1450 fuit,
2225 1381 2518 1452 uniusque
2573 1382 2876 1452 cujusdam
2949 1379 3408 1452 intemperantiae
3483 1379 3804 1436 libidinum

401 1482 604 1539 pmnas
651 1466 923 1522 universa
971 1465 1286 1522 multitudo
1341 1468 1908 1526 communiterluit:
1958 1469 2114 1542 quod
2171 1472 2408 1526 tandem
2452 1486 2559 1526 nos
2615 1469 3056 1524 autumabimus
3129 1485 3363 1524 manere
3419 1469 3808 1539 supplicium,

404 1558 504 1614 ubi
537 1557 994 1614 facinorosorum
1029 1557 1159 1629 plus
1185 1557 1382 1621 etiam.
1413 1558 1574 1630 (cum
1605 1561 1849 1631 caletur)
1882 1577 2215 1616 muscarum
2247 1563 2370 1616 est?
2401 1577 2535 1616 nam
2593 1561 2870 1632 injuriam
2928 1577 2994 1615 ac
3049 1561 3366 1616 facinorum
3421 1577 3546 1632 qua
3597 1561 3688 1615 vis
3745 1566 3814 1614 et

403 1647 738 1704 immanitas
767 1649 866 1714 sit,
907 1648 964 1703 id
994 1663 1128 1703 vero
1155 1647 1316 1702 nulla
1347 1664 1580 1718 posum
1612 1651 1870 1706 oratione
1900 1651 2227 1724 complecti.

1068 1763 1139 1822 Il.
1173 1763 1377 1821 Eidem.

481 1899 1042 1956 Praestantissimum
1079 1899 1266 1954 virum
1306 1900 1806 1972 Amphilochium,
1839 1910 1962 1958 tum
1993 1909 2053 1960 ut

413 2006 600 2046 unum
633 1989 956 2044 amicorum
997 2004 1133 2059 erga
1163 2005 1256 2044 me
1285 1990 1596 2060 optimum,
1636 1991 1841 2047 merito
1897 2009 2051 2062 amo,

405 2084 534 2136 tum
567 2079 762 2150 magni
793 2078 960 2146 facio,
994 2083 1060 2134 ut
1088 2079 1274 2133 virum
1309 2094 1450 2134 sane
1481 2079 1724 2151 probum
1747 2098 1760 2148 ;
1781 2084 1872 2136 est
1891 2081 2048 2136 enim

405 2169 581 2226 homo
611 2184 728 2224 non
761 2173 930 2224 acuto
961 2168 1151 2224 solum
1186 2171 1359 2240 atque
1408 2169 1601 2240 sagaci
1653 2170 1930 2241 praeditus
1959 2171 2051 2226 in-

407 2257 600 2332 genio,
632 2261 690 2313 et
719 2258 930 2313 eximia
968 2257 1296 2328 prudentia,
1327 2257 1659 2330 artiumque
1697 2259 2049 2330 optimarum

410 2347 685 2405 assiduus
710 2346 924 2414 cutlor,
955 2347 1056 2402 sed
1090 2347 1246 2402 idem
1280 2346 1454 2402 etiam
1491 2349 1548 2402 in
1573 2348 1776 2418 primis
1796 2351 2050 2419 profecto

405 2438 734 2494 moderatus
754 2452 818 2491 ac
843 2436 1054 2504 bonus,
1092 2435 1370 2507 omnique
1401 2435 1620 2492 virtute
1649 2437 2050 2494 cumulatissi-

408 2543 561 2594 mus,
611 2531 784 2596 atque
833 2542 1062 2582 morum
1109 2525 1418 2592 suavitate,
1458 2525 1622 2596 quasi
1664 2527 2052 2584 medicamine

407 2617 682 2688 quodam,
709 2615 1021 2671 familiares
1039 2631 1178 2670 suos
1209 2614 1428 2670 viscare
1448 2613 1676 2670 solitus.
1712 2616 1874 2682 Quod
1897 2617 2050 2671 idem

407 2721 539 2761 vero
573 2703 882 2776 plerosque
920 2704 1006 2759 tui
1055 2703 1492 2760 amantissimos
1531 2719 1724 2760 amore
1761 2705 1964 2773 vincit,
1997 2711 2056 2762 et

413 2797 482 2850 ad
517 2803 741 2849 tuarum
773 2793 1012 2848 laudum
1043 2793 1332 2864 praeconia
1375 2792 1730 2865 plaususque
1771 2810 1915 2866 pene
1963 2797 2054 2850 in-

413 2882 788 2952 sanit,eoque
811 2881 1127 2952 posteriora
1159 2883 1359 2938 omnia
1381 2883 1563 2950 ducit,
1580 2883 1875 2954 utoptima
1896 2899 2050 2941 sem-

411 2987 515 3042 per
541 2971 610 3025 de
643 2975 720 3036 te,
745 2975 868 3026 tum
894 2969 1113 3037 audiat,
1142 2979 1264 3026 tum
1295 2972 1586 3043 pradicet,
1619 2972 1728 3027 hoc
1760 2973 1950 3044 ipsum
1976 2975 2056 3029 fa-

412 3060 511 3129 cit,
535 3064 602 3114 ut
631 3060 686 3114 in
719 3075 918 3115 eorum
937 3059 1234 3114 hominem
1251 3076 1491 3116 numero
1521 3061 2052 3134 habeam,quorum

2077 1771 2131 1836 Α

2729 1767 2803 1819 Β’.
2847 1767 2953 1837 Τῷ
3009 1765 3237 1836 αὐτῷ.

2231 1898 2604 1977 Ἀμφιλόχιον
2635 1899 2726 1953 τὸν
2759 1895 2924 1952 καλὸν
2955 1897 3103 1973 φιλῶ
3139 1897 3232 1970 μὶν
3263 1898 3336 1958 ὡς
3389 1895 3606 1970 ἄριστον
3649 1895 3810 1950 έταί-

2161 2010 2268 2064 ρων
2321 1988 2482 2060 ἐμοί·
2534 1989 2793 2060 θαυμάζω
2835 1985 2892 2040 δέ
2937 1988 3010 2048 ὡς
3051 1983 3222 2061 ἄνδρα
3269 1986 3534 2061 χρηστόν.
3575 1985 3648 2041 Οὐ
3701 1985 3810 2060 γὰρ

2159 2077 2286 2132 ὅσον
2316 2077 2436 2148 ὀξὺς
2465 2076 2554 2132 καὶ
2603 2075 2860 2150 ἀγχίνους
2910 2077 2996 2130 καὶ
3040 2075 3232 2153 φρένας
3282 2075 3500 2151 ἀγαθὸς,
3531 2075 3622 2129 καὶ
3673 2095 3810 2128 παι-

2161 2166 2304 2228 δείας
2363 2168 2595 2241 ἑταῖρος,
2623 2163 2752 2220 ἄλλ’
2807 2162 2916 2236 ἤδη
2977 2165 3067 2220 καὶ
3129 2165 3350 2239 μέτριος
3403 2166 3495 2219 καὶ
3553 2163 3807 2232 ἆπιεικής

2159 2257 2233 2319 ὡς
2261 2255 2361 2310 οὐκ
2399 2252 2500 2311 οἶδ’
2527 2253 2576 2310 έί
2624 2274 2732 2326 τις,
2761 2254 2853 2308 καὶ
2893 2259 3076 2328 γέμων
3125 2253 3344 2328 ἀρετῆς,
3375 2252 3466 2308 καὶ
3515 2252 3642 2316 τοὺς
3675 2273 3809 2308 συν·

2161 2347 2317 2407 ὄντας
2376 2342 2740 2424 φαρμακεύων
2792 2348 2908 2405 τοῖς
2962 2343 3231 2418 τρόποις·
3267 2344 3348 2397 δτι
3409 2340 3465 2398 δὲ
3521 2341 3610 2396 καὶ
3655 2345 3806 2416 παρά

2158 2435 2407 2496 πολλούς
2462 2433 2572 2489 ἐστι
2620 2437 2730 2488 τῶν
2780 2437 2883 2487 σῶν
2935 2430 3172 2506 ἐραστῶν
3209 2433 3466 2504 καὶπρὸς
3495 2433 3620 2494 τοὺς
3665 2433 3806 2487 κατὰ

2161 2528 2255 2578 σοῦ
2287 2517 2551 2598 θορύϐους
2583 2523 2671 2576 καὶ
2701 2521 2930 2596 κρότους
2981 2521 3245 2594 μαίνεται,
3279 2521 3367 2576 καὶ
3403 2521 3556 2576 πάντ’
3587 2519 3804 2576 ἒλάττω

2159 2615 2368 2686 νομίζει
2417 2617 2514 2668 τοῦ
2559 2613 2682 2687 περὶ
2731 2615 2827 2666 σοῦ
2882 2612 2950 2666 τὰ
2999 2609 3236 2686 βέλτιστ’
3283 2609 3391 2666 αἰεὶ
3449 2611 3538 2665 καὶ
3585 2609 3806 2666 ἀκούειν

2159 2705 2249 2760 καὶ
2281 2704 2456 2779 λέγειν
2487 2723 2499 2737 ·
2533 2707 2694 2758 τοῦτο
2727 2699 2784 2756 δὲ
2821 2702 2908 2756 καὶ
2961 2700 3037 2766 είς
3085 2699 3252 2774 ἒμοὺς
3301 2699 3582 2776 εὐεργέτας
3637 2701 3802 2756 αὑτὸν

2158 2793 2387 2862 τίθησιν.
2513 2791 2612 2864 γὰρ
2643 2789 2769 2864 ἐμοὶ
2804 2790 2898 2862 μὶν
2931 2787 3154 2858 ἥδιστος
3198 2789 3357 2852 οὗτος
3402 2788 3572 2851 ἆθλος
3616 2791 3680 2844 τὸ
3738 2789 3808 2844 τὰ

2163 2883 2230 2936 σα
2267 2881 2508 2952 καθάπαξ
2537 2881 2627 2936 καὶ
2664 2886 2876 2954 κροτεῖν
2931 2881 3022 2934 καὶ
3080 2879 3389 2952 θαυμάζειν,
3419 2880 3509 2934 καὶ
3563 2880 3638 2950 μὴ
3684 2886 3808 2942 τοῖς

2164 2972 2402 3032 ἐπαίνοις
2435 2971 2631 3044 ὁρίζειν
2671 2967 2951 3040 δύνασθαι,
2982 2967 3130 3024 ἀλλὰ
3175 2969 3345 3024 πάντα
3393 2969 3485 3042 μὲν
3535 2968 3669 3043 ὑπὲρ
3711 2973 3809 3024 σοῦ

2165 3062 2394 3118 πάντοτε
2423 3063 2512 3116 καὶ
2542 3065 2718 3116 ποιεῖν
2747 3061 2838 3115 καὶ
2867 3057 3072 3136 λέγειν,
3101 3063 3182 3130 τῷ
3211 3056 3268 3113 δὲ
3315 3063 3422 3114 τῶν
3475 3064 3581 3114 σῶν
3633 3058 3810 3134 ἐγκω-

412 3151 706 3223 praeclaris
737 3155 978 3208 ornatus
1009 3152 1234 3208 fueram
1260 3152 1581 3209 beneflciis.
1614 3153 1839 3226 Quippe
1870 3155 1920 3210 si
1963 3156 2056 3226 ju-

2171 3155 2305 3224 μίων
2353 3150 2649 3221 ἀπλήστως
2695 3149 2868 3224 ἔχειν,
2906 3148 3074 3222 μηδὲν
3123 3148 3290 3204 πλέον
3339 3154 3514 3204 ποιεῖν
3561 3146 3808 3204 θ’ίεσθαιο

415 3240 834 3296 cundissimum
866 3239 1011 3295 mihi
1043 3244 1332 3296 certamen
1363 3245 1470 3308 est,
1493 3245 1598 3296 tua
1623 3241 1820 3298 omnia
1857 3258 2066 3314 usque-

416 3347 649 3401 quaque
677 3331 884 3401 plausu
917 3331 1202 3402 prosequi,
1235 3330 1539 3402 verbisque
1569 3332 1852 3402 attollere,
1877 3348 2064 3404 neque

419 3419 556 3476 ullis
587 3419 822 3478 laudum
855 3419 1124 3476 terminis
1177 3419 1416 3475 definire
1477 3437 1668 3492 posse,
1703 3423 1803 3477 sed
1861 3427 1918 3477 et
1965 3429 2064 3478 tua

417 3523 617 3576 causa,
650 3507 810 3564 omni
841 3513 1122 3580 tempore,
1153 3508 1351 3564 omnia
1381 3525 1514 3564 cum
1563 3509 1776 3577 facere,
1813 3517 1935 3566 tum
1967 3511 2064 3566 di-

421 3613 547 3654 cere
579 3615 592 3652 :
625 3601 680 3652 et
709 3614 774 3654 eo
801 3601 1020 3668 tamen,
1050 3598 1204 3667 quod
1241 3598 1357 3652 tuis
1392 3597 1656 3654 exsatiari
1689 3613 1912 3670 nequeo
1959 3615 2064 3655 en-

420 3687 1024 3755 comiis,nullumfere
1050 3704 1236 3760 operae
1269 3689 1516 3758 pretium
1550 3705 1678 3744 meo
1711 3689 2062 3760 ipsiusjudi-

424 3781 510 3834 cio
541 3779 746 3846 facere,
781 3779 832 3833 si
863 3777 962 3833 ille
991 3779 1132 3834 item
1191 3778 1248 3832 in
1313 3777 1409 3834 his
1463 3779 1811 3850 quinpertiis
1866 3779 2064 3836 socius

420 3871 765 3939 adjutorque
794 3867 938 3922 mihi
961 3871 1075 3935 est,
1108 3873 1168 3922 et
1194 3870 1264 3923 ad
1298 3869 1448 3924 hanc
1479 3871 1638 3924 tuam
1668 3867 2062 3938 Pisam,Ambo

420 3973 517 4014 nos
571 3958 746 4028 parili
797 3973 984 4026 gressu
1041 3957 1414 4013 contendimus
1475 3954 1582 4029 (Ιλ.
1631 3963 1693 4014 Κ.
1749 3958 1878 4029 224)
1913 3974 2062 4029 :quo

420 4047 650 4102 tandem
685 4051 853 4116 pacto
884 4061 998 4101 non
1028 4046 1157 4116 jure
1181 4047 1496 4118 meritoque
1527 4045 1775 4117 gratiam
1807 4045 1943 4101 huic
1963 4046 2060 4101 ho-

423 4135 566 4191 mini
590 4135 788 4204 debeo,
813 4151 975 4192 meos
1007 4135 1286 4190 nimirum
1338 4135 1476 4191 mihi
1537 4150 1762 4190 amores
1802 4151 1869 4190 ac
1928 4134 2064 4192 deli-

421 4224 569 4290 cias,
601 4223 792 4288 dictis,
813 4225 1289 4295 factisque,ultro
1321 4223 1798 4296 representanti?
1826 4223 1976 4290 Quin
2009 4229 2062 4279 te

422 4315 597 4370 etiam
631 4315 777 4369 bene
808 4314 1052 4369 invicem
1098 4314 1168 4368 de
1227 4315 1348 4384 ipso
1399 4313 1610 4370 mereri
1657 4329 1893 4385 aequum
1950 4320 2061 4382 est,

421 4404 472 4460 si
504 4421 620 4476 qua
651 4403 708 4457 in
743 4419 799 4460 re
829 4403 914 4458 illi
943 4418 1120 4474 opera
1149 4407 1249 4460 tua
1287 4420 1435 4476 opus
1485 4403 1676 4470 fuerit,
1711 4407 1775 4458 ut
1823 4403 2062 4460 omnino

2171 3243 2198 3296 ὁ
2231 3240 2288 3296 δὲ
2317 3245 2568 3295 κοινωνεῖ
2601 3261 2692 3312 μοι
2729 3238 2958 3294 τουτωνὶ
3009 3242 3116 3293 τῶν
3168 3235 3504 3307 πεντάθλων,
3537 3237 3626 3292 καὶ
3675 3238 3817 3310 πρὸς

2169 3333 2267 3400 τήν
2302 3334 2398 3398 σήν
2435 3328 2600 3385 Πίσαν
2633 3327 2724 3382 σύν
2767 3349 2824 3382 τε
2855 3325 2936 3381 δύ’
2961 3325 3270 3402 ἐρχομένω,
3301 3330 3420 3388 πῶς
3471 3326 3532 3380 ού
3591 3326 3822 3400 χάριτος

2171 3419 2408 3499 ὀφείλειν
2447 3425 2526 3494 τῷ
2571 3418 2808 3491 τοιούτῳ
2861 3416 3089 3486 δίκαιος,
3125 3417 3214 3472 καὶ
3265 3418 3348 3478 οἷς
3396 3415 3564 3491 λέγει,
3595 3417 3688 3471 καὶ
3727 3419 3818 3478 οἷς

2169 3512 2416 3584 πράττει,
2465 3508 2819 3585 χαριζομένῳ
2863 3509 2929 3562 τά
2973 3503 3239 3576 παιδικὰς
3271 3505 3490 3568 Δίκαιος
3541 3503 3588 3560 δ’
3619 3507 3678 3560 ἂν
3725 3507 3820 3560 καὶ

2170 3599 2330 3660 αὐτὸς
2389 3597 2503 3666 ε’ίης
2557 3599 2746 3652 τοῦτον
2830 3597 3186 3663 ἀντευποιεῖν,
3245 3593 3291 3650 εἳ
3359 3615 3455 3648 σου
3531 3591 3817 3664 δεήσεται·

2172 3685 2420 3757 δεήσεται
2477 3684 2534 3742 δὲ
2589 3687 2820 3756 πάντως,
2883 3684 3120 3758 μάλιστα
3187 3686 3282 3758 μὶν
3363 3681 3521 3746 εἰδώς
3589 3704 3646 3738 σε
3697 3689 3822 3744 τοῖς

2168 3776 2442 3838 τοιούτοις
2492 3777 2780 3851 χαίροντα,
2811 3772 2996 3830 ἔπειτα
3041 3772 3099 3828 δέ
3150 3775 3240 3828 καὶ
3288 3778 3394 3828 τῶν
3443 3773 3816 3828 ἀτοπωτάτων

2169 3866 2432 3939 νομίζων,
2465 3865 2511 3921 εἰ
2568 3867 2694 3927 τοὺς
2759 3865 2862 3919 ὑπὸ
2922 3868 3016 3918 σοῦ
3074 3861 3528 3934 κεκοσμημένους
3581 3860 3822 3934 διεξιὼν,

2170 3957 2332 4017 αὐτὸς
2385 3949 2485 4024 ἔξω
2541 3959 2638 4008 τοῦ
2691 3952 2994 4026 καταλόγου
3052 3957 3160 4007 τῶν
3221 3953 3485 4007 τοιούτων
3543 3951 3820 4024 φαίνοιτο.

2171 4045 2350 4119 Χωρὶς
2403 4043 2460 4099 δὲ
2508 4045 2715 4098 τούτων
2777 4044 2864 4097 καὶ
2921 4043 3113 4110 κοινὴν
3165 4040 3319 4113 οἶμαι
3365 4041 3462 4108 τὴν
3505 4047 3670 4117 χάριν
3699 4035 3821 4094 ἔσε-

2172 4135 2329 4188 σθαι·
2367 4134 2448 4195 οἷς
2507 4133 2611 4208 γὰρ
2661 4131 2736 4196 εἰς
2792 4131 2950 4186 αὐτὸν
3008 4129 3228 4205 ἐργάσῃ,
3287 4129 3447 4185 αὐτόν
3499 4149 3562 4184 τε
3621 4128 3822 4204 εὐφρα-

2169 4229 2300 4292 νεῖς,
2334 4223 2424 4278 καὶ
2473 4227 2680 4294 σεαυτῷ
2741 4219 2959 4295 μείζους
3013 4218 3140 4280 τοὺς
3195 4225 3423 4279 παιᾶνας
3482 4218 3728 4294 ἐργάσῃ·
3791 4220 3822 4273 ὁ

2169 4312 2269 4387 γὰρ
2301 4312 2392 4366 καὶ
2422 4311 2546 4386 πρὶν
2589 4311 2647 4366 εὖ
2686 4313 2873 4366 παθεῖν
2915 4310 3192 4365 τοιουτοσὶ
3239 4309 3364 4382 περὶ
3413 4309 3490 4376 σὲ,
3519 4306 3604 4370 τίς
3635 4306 3696 4361 ἃν
3733 4305 3820 4376 εἴη

2171 4403 2354 4456 παθὼν
2388 4400 2444 4456 εὖ
2471 4420 2485 4470 ;
2515 4401 2606 4455 καὶ
2653 4401 2680 4456 ὁ
2737 4397 2868 4472 μηδ’
2899 4402 3220 4468 ἡστινοσοῦν
3279 4398 3514 4472 ἀνάγκης
3575 4395 3821 4466 ὑπούσης

422 4493 532 4550 erit
562 4510 576 4546 :
613 4493 898 4565 praecipue
930 4493 1181 4564 quidem,
1217 4493 1373 4564 quod
1405 4491 1763 4565 singularem
1795 4492 2058 4566 volupta-

2176 4491 2442 4565 χρηστὸς,
2499 4490 2658 4544 παντί
2715 4511 2820 4544 που
2883 4487 3056 4558 δῆλον
3115 4489 3188 4549 ὡς
3247 4485 3635 4561 ὑπερϐαλεῖται
3693 4486 3826 4549 τοὺς

420 4586 538 4637 tem
578 4581 698 4636 haec
755 4579 861 4636 tibi
919 4581 1124 4637 afferre
1167 4581 1446 4652 intelligit
1499 4581 1710 4648 ofﬁcia,
1755 4585 1879 4637 tum
1929 4598 2059 4637 vero

2177 4582 2337 4654 ὅρους
2369 4581 2606 4655 ἀνάγκης
2634 4578 2965 4654 προσούσης.

421 4671 597 4728 etiam
637 4669 794 4740 quod
823 4669 968 4726 nihil
1000 4669 1084 4727 illi
1114 4670 1425 4727 absurdius
1455 4687 1583 4727 esse
1614 4671 1858 4739 videtur,
1884 4687 2059 4742 quam
2082 4687 2141 4728 se
2171 4671 2504 4742 ipsum,qui
2536 4673 2641 4727 ab
2672 4676 2728 4725 te
2775 4676 3010 4726 ornatos
3055 4668 3484 4740 productosque
3523 4666 3826 4738 sigillatim

421 4775 724 4816 recensere
769 4760 958 4816 suevit
993 4770 1149 4816 extra
1185 4762 1524 4816 earumdem
1564 4760 1894 4830 catalogum
1926 4760 2129 4816 videri.
2154 4759 2343 4831 Super
2373 4762 2493 4817 hac
2525 4767 2744 4826 autem,
2775 4764 3040 4816 mutuam
3073 4761 3224 4814 hanc
3281 4758 3402 4814 fore
3467 4756 3826 4813 crediderim

424 4850 700 4923 gratiam;
733 4851 838 4906 hoc
868 4849 1047 4918 enim,
1079 4851 1233 4921 quod
1295 4851 1354 4906 in
1411 4849 1711 4906 hominem
1735 4851 1995 4906 conteres
2025 4851 2325 4919 beneﬂcio,
2357 4857 2414 4907 et
2459 4851 2546 4906 illi
2601 4867 2720 4906 rem
2781 4848 2954 4921 plane
3001 4849 3396 4919 gratissimam
3453 4850 3738 4912 facturus,
3769 4853 3834 4900 et

426 4939 712 5011 ampliora
768 4940 874 4996 tibi
922 4938 1160 4996 laudum
1216 4939 1404 5012 elogia
1451 4943 1900 5011 comparaturus
1958 4955 2040 4996 es.
2099 4939 2242 4995 Nam
2293 4940 2392 5010 qui
2434 4940 2570 4996 talis
2627 4939 2686 4994 in
2753 4946 2807 4994 te
2873 4943 2982 5007 est,
3036 4937 3196 4993 nullo
3281 4936 3470 4992 adhuc
3542 4934 3832 4990 beneﬁcio

423 5047 524 5096 tuo
557 5041 921 5112 provocatus,
953 5038 1053 5108 qui
1082 5043 1231 5094 esset
1283 5055 1420 5094 sane
1449 5037 1740 5108 ejusmodi
1773 5041 2208 5094 auctoramento
2239 5039 2516 5092 incitatus
2541 5035 2568 5090 ?
2596 5045 2654 5092 et
2681 5035 2777 5108 qui
2837 5053 2966 5091 cum
3009 5035 3173 5090 nulla
3230 5035 3435 5090 subest
3493 5035 3832 5096 necessitas,

425 5131 567 5186 adeo
603 5127 935 5184 ofseciosum
969 5144 1030 5182 se
1059 5127 1308 5199 praebet;
1341 5127 1484 5199 quin
1540 5127 1692 5183 idem
1752 5127 1850 5183 ubi
1911 5127 2028 5182 hac
2055 5128 2386 5194 accesserit,
2419 5125 2586 5182 facile
2643 5142 2846 5183 omnes
2898 5125 3222 5181 ofﬁciorum
3293 5123 3691 5196 praeteriturus
3753 5123 3840 5179 sit

426 5224 630 5285 metas,
664 5217 799 5288 quis
820 5223 908 5272 est
937 5217 1038 5287 qui
1065 5218 1333 5273 dubitare
1363 5217 1594 5289 possit?

658 5333 754 5389 ΙΙΙ.
785 5334 1049 5400 Tricanae,
1081 5333 1278 5390 arar-ii
1304 5333 1538 5388 minoris
1567 5335 1844 5404 quaestori.

2523 5333 2593 5388 I".
2635 5333 2738 5402 Τῷ
2778 5328 3142 5386 σακελλίου
3182 5333 3487 5404 Τρικανᾷ.

499 5441 670 5511 Atqui
701 5455 922 5508 aequum
957 5457 1097 5496 sane
1127 5445 1268 5506 erat,
1301 5458 1332 5496 ο
1363 5441 1627 5496 divinum
1685 5445 1744 5496 et
1811 5449 2076 5496 sanctum

431 5536 621 5598 caput,
654 5531 978 5601 animaeque
1001 5545 1139 5586 meta
1179 5530 1458 5585 eximium
1507 5531 1710 5596 decus,
1738 5534 1803 5585 ut
1835 5547 1952 5585 una
1978 5547 2079 5600 per

434 5623 606 5690 pctuo
635 5633 1036 5691 essemus,neo
1067 5619 1186 5675 ullo
1216 5624 1475 5691 tempore
1504 5619 1592 5676 vel
1609 5619 1899 5677 tantillum
1933 5621 2079 5676 alter

2259 5443 2464 5516 Ἐχρῆν
2526 5444 2619 5515 μὲν
2676 5445 2844 5515 ἡμᾶς,
2879 5443 2922 5496 ὤ
2982 5441 3097 5497 θεία
3152 5442 3239 5496 καὶ
3302 5440 3422 5514 ἰερᾶ
3467 5438 3834 5513 κεφαλή,καὶ

2185 5537 2284 5599 τῆς
2317 5529 2456 5603 ἐμῆς
2509 5535 2694 5607 ψυχῆς
2751 5529 2998 5608 ἄγαλμα,
3027 5532 3131 5586 αἰεὶ
3191 5533 3308 5604 μετ’
3339 5529 3603 5600 ἀλλήλων
3670 5527 3836 5598 εἶναι,

2185 5619 2276 5676 καὶ
2343 5618 2482 5696 μηδέ
2528 5623 2650 5677 ποτ’
2705 5623 3026 5700 ἀφίστασθαι
3089 5619 3533 5695 μηδοπωστιοῦν,
3563 5618 3690 5682 τοὺς
3743 5617 3838 5673 καὶ
