4154 6216
243 368 346 428 M3

1704 366 2131 429 EPISTOLE.

3501 375 3620 435 414

241 497 409 556 ἄλλως
424 516 479 572 γε
497 497 613 567 μετ’
631 492 904 566 ἀλλήλων
931 496 1103 561 ὗντας·
1124 497 1237 553 ἐπεὶ
1269 496 1317 553 δ’
1347 501 1376 555 ὁ
1406 501 1560 555 πάντ’
1592 499 1707 575 ἐγὼ
1731 498 1852 553 δυσ-

1966 500 2037 555 ab
2071 499 2250 556 altero
2302 498 2726 569 divelleremur,
2773 501 2869 573 qui
2918 502 3137 577 alioqui
3188 504 3302 562 alio
3359 507 3615 577 quodam

237 593 393 664 τυχής
448 583 534 640 καὶ
588 590 749 640 τοῦτο
806 585 1121 664 ἀφῄρημαι,
1178 588 1270 643 καὶ
1338 588 1464 652 τοὺς
1520 589 1684 661 ἐμοὺς
1737 588 1857 662 ἱμέ-

238 697 351 753 ρους
396 675 640 749 ἴσχουσιν
675 676 729 729 οἱ
779 675 1086 745 Βυζάντιοι,
1120 676 1248 755 φέρε
1295 684 1425 754 γοῦν
1477 679 1510 734 ἅ
1537 684 1634 733 τοῦ
1668 682 1856 752 φθινο-

234 766 401 837 πώρου
457 759 649 833 συνέϐη
712 761 951 832 δηλώσω
1005 787 1112 823 σοι.
1175 765 1630 840 Ἐπτακαιδεκάτῃ
1689 769 1858 841 μηνὸς

232 852 527 927 Γορπιαίου,
592 852 725 925 μετὰ
772 853 868 916 τὶς
926 855 1074 928 ἱερὰς
1161 854 1421 919 συνόδους
1498 854 1682 912 οἴκαδ’
1766 855 1860 912 ἐλ-

229 944 383 1010 θόντι,
440 940 511 997 ἔτ’
568 939 735 1012 οὔσης
791 942 1010 1016 βαθείας
1067 944 1230 1017 ἑῴας,
1286 945 1450 1001 εὐθὺσ
1479 946 1718 1016 ἠπίαλός
1774 967 1857 1008 τις

226 1027 547 1108 προσϐάλλει
605 1032 819 1106 μεγέθει
875 1052 934 1087 τε
994 1032 1270 1108 μέγιστος,
1326 1035 1417 1090 καὶ
1491 1037 1677 1111 κράτει
1733 1038 1860 1110 κρά-

224 1142 391 1182 τιστος
420 1140 435 1153 ⁸
461 1121 524 1175 ού
554 1120 657 1196 γὰρ
690 1122 930 1192 συνήθης
979 1119 1154 1178 ἐδόκει
1202 1129 1318 1185 τοῖς
1351 1124 1578 1198 ἰατροῖς,
1612 1129 1689 1196 τῷ
1725 1125 1861 1198 μετά

223 1211 474 1280 τοσαύτης
518 1211 825 1276 ἀπαντῆσαι
872 1214 1238 1287 παρασκευῆς,
1271 1212 1346 1277 ὡς
1395 1216 1571 1269 πάντα
1617 1211 1858 1292 διαφθεῖι-

225 1318 306 1369 ραι
359 1295 584 1371 ῥᾳδίως,
621 1297 710 1353 διὰ
750 1299 928 1370 πάσης
976 1301 1185 1375 ἡμέρας
1229 1321 1289 1356 τε
1339 1303 1430 1357 καὶ
1477 1303 1672 1365 νυκτὸς
1722 1303 1860 1357 ἅπαν

221 1389 276 1443 τὸ
303 1392 458 1461 σῶμα
507 1387 791 1462 συνεχέσιν
847 1387 1187 1460 ελεπολίζων
1244 1396 1360 1453 τοῖς
1412 1387 1861 1465 ἀκροϐολισμοῖς.

220 1477 297 1530 καὶ
357 1478 555 1551 μέχρις
600 1478 778 1531 ἂστῶν
830 1498 890 1532 τε
940 1476 1030 1533 καί
1091 1478 1329 1551 μυελῶν,
1368 1483 1532 1534 τοῦτο
1572 1476 1639 1549 δὴ
1669 1479 1731 1534 τὸ
1760 1483 1857 1534 τοῦ

222 1564 394 1639 λόγου,
440 1566 544 1633 τὴν
598 1562 952 1639 καταδρομὴν
1009 1566 1325 1643 ἐπεισέγων.
1385 1567 1451 1624 Τί
1507 1571 1571 1623 τὸ
1614 1567 1701 1623 ἐπὶ
1739 1568 1860 1623 τού-

218 1672 366 1723 τοις;
416 1654 626 1711 Ἀσιτία
687 1655 961 1725 παντελὴς
1010 1657 1086 1719 εἰς
1137 1656 1387 1733 ἑσπέραν,
1434 1658 1523 1713 καὶ
1567 1661 1858 1727 τηνικαῦτα

221 1748 323 1805 τοῖς
353 1742 559 1818 ἰατροῖς
590 1742 768 1799 ἐδόκει
819 1744 1134 1819 χαρίζεσθαι
1179 1747 1264 1808 οῖς
1324 1744 1493 1816 ἔξεστι
1529 1766 1541 1779 ·
1573 1747 1660 1801 καὶ
1692 1747 1854 1820 ἐχρη,

220 1832 407 1904 σάμεθά
461 1854 546 1908 γε.
592 1838 704 1902 Τῆς
749 1830 806 1886 δὲ
849 1832 1110 1904 ἐπιούσης
1165 1832 1330 1889 πάλιν
1363 1836 1391 1889 ὁ
1421 1835 1582 1897 αὐτὸς
1612 1835 1849 1909 χειμὼν,
1889 1865 1937 1931 Β

222 1921 299 1976 καὶ
327 1923 379 1976 αἱ
412 1920 571 1977 αὐταί
602 1922 930 1997 καταιγίοες,
961 1924 1049 1978 καὶ
1101 1930 1217 1985 τοῖς
1263 1924 1447 1986 αὐτοῖς
1495 1923 1854 1998 ἐκλυζόμεθα.

221 2013 636 2091 Προσεπεγένετο
693 2010 750 2068 δὲ
806 2013 897 2069 καὶ
952 2012 1168 2087 κύματα
1235 2012 1367 2070 ἄττα
1451 2013 1681 2088 ἐμέτων,
1766 2015 1857 2069 καὶ

220 2100 381 2178 χολῆς
406 2101 658 2177 σύῤῥοια,
695 2103 829 2176 μετὰ
858 2100 1093 2173 τοσῆσδε
1138 2100 1453 2180 δυσχερείας
1484 2103 1574 2157 καὶ
1621 2101 1859 2158 τοσοῦδε

217 2196 301 2246 τοῦ
335 2189 503 2246 σάλου
563 2191 950 2269 ἀμφοτέρωθεν
1009 2196 1302 2266 προϊοῦσα,
1336 2192 1411 2254 ὡς
1466 2193 1542 2267 μή
1603 2190 1856 2247 δύνασθαι

217 2279 327 2353 περί
367 2282 584 2336 τούτων
646 2279 846 2355 λέγειν,
902 2282 988 2337 σοὶ
1049 2279 1096 2336 δ’
1153 2282 1382 2353 εἰκάζειν
1451 2281 1665 2353 ἐξεῖναι.
1755 2284 1853 2338 Καὶ

218 2376 366 2427 τοῦτο
423 2370 834 2448 προύχώρησεν
885 2369 940 2432 ἐς
997 2371 1211 2445 ἡμέρας
1264 2369 1411 2441 δέκα,
1463 2370 1558 2427 τόν
1620 2393 1677 2426 τε
1758 2370 1853 2425 κά-

219 2480 406 2531 μνοντα
461 2460 741 2534 κατάκρας
800 2457 1048 2526 ἐλαῦνον,
1079 2460 1210 2523 τούς
1247 2482 1307 2516 τε
1351 2460 1570 2534 ἷατροὺς
1599 2460 1653 2522 ἐς
1684 2456 1852 2540 φόϐον

217 2548 272 2603 ού
302 2550 485 2624 μικρὸν
514 2550 775 2604 καθιστάν
810 2568 824 2581 ·
858 2543 1025 2604 ἔπειθ’
1066 2549 1247 2625 ὥσπερ
1281 2551 1557 2621 Ἀθηναῖοι
1593 2550 1727 2624 μετά
1754 2551 1853 2619 τήν

214 2638 258 2692 ἐν
303 2638 460 2713 Αἰγὸς
490 2643 767 2711 ποταμοῖς
828 2634 1144 2714 δυστυχίαν,
1184 2637 1273 2693 καὶ
1323 2640 1424 2709 τὴν
1459 2644 1557 2695 τοῦ
1588 2643 1856 2715 Πειραιῶς

216 2729 551 2804 κατάσχεσιν,
586 2729 796 2784 καὶτὸν
853 2728 1133 2803 ξυμϐάντα
1189 2727 1279 2784 διὰ
1324 2752 1489 2786 ταυτα
1543 2730 1731 2802 λιμὸν,
1762 2731 1848 2785 καὶ

214 2818 300 2884 τὴν
331 2816 490 2873 πόλιν
524 2816 840 2882 ἀπώλεσαν,
872 2820 1007 2874 κατὰ
1054 2820 1222 2874 ταυτὰ
1268 2822 1355 2874 καὶ
1401 2822 1566 2892 ἡμεῖς
1607 2816 1856 2874 δεδυστυ-

216 2906 410 2982 χηκότε
466 2907 780 2985 ὤφθημεν’
841 2910 978 2982 μετᾶ
1032 2911 1136 2985 γὰρ
1192 2910 1320 2972 τοὺς
1378 2906 1584 2972 δεινοὺς
1613 2909 1853 2972 ἐκείνους

214 2995 467 3073 ἰλίγγους,
497 2998 595 3052 καὶ
623 2999 721 3061 τὰς
753 2998 853 3053 οὐκ
881 2996 1001 3054 ἄνευ
1030 2996 1266 3069 α’ίματος
1314 3003 1423 3055 τῶν
1457 2998 1649 3075 χολῶν
1696 2999 1851 3075 ἐκρύ-

215 3106 331 3157 σεις,
363 3088 449 3142 καὶ
471 3088 539 3143 τὰ
574 3084 742 3143 πόλλ’
771 3084 928 3163 ἕτερα
961 3093 1070 3143 τῶν
1111 3088 1234 3144 τότε
1292 3086 1503 3156 δεινῶν,
1561 3086 1771 3144 τοιόνδε
1797 3110 1851 3144 τι

213 3176 321 3249 περὶ
349 3177 410 3231 τὸ
440 3180 609 3249 σῶμα
638 3173 872 3252 ἐγεγόνει
906 3198 918 3210 ·
971 3178 1001 3232 ’ὀ
1055 3176 1279 3234 θάνατον
1329 3183 1447 3240 τοῖς
1485 3198 1545 3254 γε
1600 3179 1848 3232 πλείοσιν

214 3242 463 3341 ἰπῖφέρειν
509 3242 704 3328 παῖδές
740 3242 913 3345 ἰρασιν
964 3267 1167 3342 ἰατρῶν
1201 3287 1214 3300 ·
1264 3269 1389 3343 περὶ
1430 3242 1535 3343 γὰρ
1581 3268 1675 3322 τὸν
1727 3266 1851 3322 στό-
1880 3242 1932 3309 C

218 3372 375 3429 μαχον
406 3360 779 3429 περιπεσοῦσα
808 3354 959 3433 χολή
992 3355 1180 3428 πολλή
1213 3378 1270 3412 τε
1298 3360 1387 3413 καί
1413 3354 1686 3435 δυσχερὴς
1726 3377 1850 3411 συν-

214 3443 379 3517 ἐπνιγε
437 3444 545 3513 τήν
604 3442 849 3520 καρδίαν,
909 3449 1001 3501 καὶ
1060 3447 1309 3502 ἀναπνεῖν
1373 3443 1472 3501 οὒκ
1530 3444 1615 3502 ε’ία
1666 3464 1680 3478 ·
1758 3446 1848 3501 καὶ

212 3532 363 3587 πάντα
414 3534 482 3588 τὰ
545 3530 805 3589 δεινότατ’
845 3535 1039 3605 ἐποίει,
1090 3537 1230 3608 μήτε
1264 3542 1364 3605 τῆς
1394 3532 1619 3609 καρδίας
1654 3532 1849 3611 διαιρο-

214 3620 466 3695 ρουμένης
524 3624 671 3679 κατὰ
725 3623 789 3678 τὸ
843 3622 986 3695 ἔθος,
1033 3629 1131 3678 τοῦ
1204 3645 1264 3679 τε
1331 3625 1618 3699 στομάχου
1673 3628 1846 3679 πᾶσαν

212 3711 443 3779 ἡντινοῦν
491 3712 755 3785 ἱσχνντος
809 3709 1028 3783 ἀηδίαν,
1059 3712 1149 3768 καὶ
1210 3711 1380 3786 μηδὲν
1426 3710 1575 3774 ὅλως
1623 3733 1846 3787 προσιε-

214 3800 360 3870 μένου
391 3817 405 3831 ·
437 3798 592 3856 ἀλλὰ
639 3798 736 3856 κᾶν
783 3800 829 3854 εἰ
877 3802 1103 3875 θερμοῖς
1142 3800 1237 3856 κᾶν
1274 3804 1511 3877 ψυχροῖς
1539 3799 1636 3855 κᾶν
1672 3802 1846 3856 οἱστι-

211 3893 369 3943 σινοῦν
414 3894 541 3953 τοῖς
586 3889 693 3944 ἀπὸ
749 3895 849 3959 τῆς
905 3890 1109 3965 τέχνης
1164 3890 1477 3965 ἐχρώμεθα,
1536 3887 1725 3945 ἅπαντ’
1775 3889 1844 3959 ἦν

212 3974 432 4055 ολυαρία
462 3986 477 4010 ⁸
510 3977 604 4034 καὶ
661 3976 821 4034 οὐδὲν
870 3980 936 4049 ἦν
981 3980 1012 4034 ’ὀ
1063 3980 1140 4050 μή
1171 3979 1363 4034 αὐτίκα
1393 4001 1453 4056 γε
1481 3982 1545 4049 ῆν
1580 3978 1705 4050 ἔξω.
1742 3979 1844 4035 Καὶ

211 4070 357 4123 τοῦτο
409 4072 528 4131 τοῖς
590 4066 801 4144 ἰατροῖς
859 4066 936 4130 εἰς
982 4067 1186 4144 ἄπορον
1246 4070 1612 4139 καθειστήκει,
1671 4069 1843 4123 πάντα

213 4156 296 4228 μὲν
346 4157 412 4213 τὰ
464 4160 569 4223 τῆς
613 4158 818 4232 τέχνης
861 4162 1130 4226 ποιοῦσιν,
1163 4155 1386 4220 οὐδενὸς
1445 4154 1502 4212 δὲ
1560 4158 1632 4212 ὧν
1674 4155 1842 4230 ἔξεστι

209 4247 550 4322 γιγνομένου.
584 4247 724 4305 Τότε
755 4244 803 4301 δ’
833 4247 925 4302 οὗν
952 4249 988 4317 ἠ
1039 4246 1217 4325 φύσις,
1250 4245 1448 4322 ἄλογος
1499 4247 1650 4316 οὖσα,
1708 4247 1845 4303 κατὰ

214 4332 361 4411 λόγον
412 4337 643 4415 ἐξεφάνη
703 4337 880 4392 πάντα
932 4339 1163 4391 ποιοῦσα
1195 4356 1207 4369 ·
1270 4334 1487 4390 οἴκοθεν
1542 4336 1647 4410 γὰρ
1678 4332 1845 4410 ἐχρη-

211 4425 374 4498 σάμην
432 4425 569 4498 μετᾶ
622 4428 806 4500 ψιχῶν
849 4423 980 4499 ο⁶ίνῳ
1036 4428 1222 4501 θερμῷ
1268 4444 1282 4459 ·
1341 4424 1429 4480 καί
1460 4425 1578 4486 πώς
1622 4445 1683 4500 γε
1713 4426 1844 4498 ῥᾷον

210 4507 376 4588 ἔσχον.
439 4515 538 4570 Καὶ
570 4519 688 4577 τοῖς
722 4513 930 4589 ἰατροῖς
990 4513 1209 4570 ἕπεσθαί
1265 4536 1324 4570 τε
1376 4515 1705 4585 τούντεῦθεν,
1753 4513 1843 4569 καὶ

1969 590 2141 644 modo
2172 605 2290 645 una
2322 605 2553 645 sumus.
2595 589 2838 655 Quando
2871 591 3013 649 mihi
3057 609 3214 661 vero,
3246 593 3474 651 homini
3501 613 3622 653 un-

1968 678 2146 749 dique
2174 677 2603 747 infelioissimo,
2636 680 2745 736 hoc
2777 696 2935 737 nunc
2963 682 3141 738 etiam
3192 688 3457 757 ereptum
3508 694 3622 757 est,

1970 784 2247 838 meosque
2276 768 2535 840 Byzantii
2566 784 2793 824 amores
2817 775 3039 839 tenent,
3072 774 3323 843 agedum
3345 775 3482 845 quid
3509 776 3620 833 hoc

1967 857 2185 913 interea
2215 862 2497 913 autumno
2528 856 2670 913 mihi
2701 857 2995 927 acciderit,
3027 859 3136 916 tibi
3168 862 3435 919 narrabo.
3466 866 3617 922 Ante

1967 946 2121 1002 diem
2155 947 2426 1016 quintum
2460 946 2753 1002 decimum
2796 946 3081 1003 Kalendas
3118 950 3393 1008 Octobres
3441 953 3615 1024 (Gor-

1968 1034 2096 1106 piaei
2130 1034 2317 1109 XVII),
2342 1050 2472 1091 cum
2531 1035 2770 1091 domum
2804 1051 2834 1090 e
2864 1036 3047 1091 sacris
3087 1040 3327 1110 synodis
3367 1042 3621 1097 revenis-

1968 1139 2114 1188 sem,
2142 1123 2328 1180 multo
2359 1123 2551 1180 adhuc
2567 1125 2971 1192 mane,horror
3001 1128 3267 1197 protinus
3291 1128 3509 1186 febrilis
3524 1148 3619 1188 oc-

1969 1217 2166 1291 cupat,
2197 1212 2295 1269 ille
2328 1218 2451 1268 tum
2471 1212 2876 1285 magnitudine
2906 1215 3222 1285 maximus,
3242 1218 3621 1276 tumvivehe-

1970 1303 2402 1371 mentissimus;
2436 1317 2551 1359 non
2566 1303 2722 1359 enim
2753 1302 3047 1359 familiaris
3060 1305 3353 1377 quispiam
3369 1309 3610 1364 medicis

1968 1406 2097 1447 esse
2128 1391 2454 1457 videbatur,
2471 1392 2570 1463 qui
2594 1396 2759 1448 tanta
2786 1395 3162 1465 apparatione
3193 1395 3525 1467 ingruebat,
3547 1404 3613 1453 ut

1969 1480 2168 1536 omnia
2198 1497 2333 1539 mox
2363 1484 2810 1552 pessumdaret:
2854 1481 3078 1539 scilicet
3109 1484 3248 1539 dum
3296 1485 3453 1539 diem
3512 1503 3615 1541 no-

1969 1575 2234 1641 ctemque
2262 1573 2465 1639 totam,
2496 1586 2709 1642 corpus
2752 1586 2926 1627 omne
2949 1573 3242 1642 perpetuis
3268 1572 3616 1632 velitationi-

1968 1658 2289 1730 bus,quasi
2319 1658 2522 1714 murali
2557 1663 2844 1715 tormento
2876 1660 3083 1731 quatit,
3116 1664 3173 1716 et
3207 1664 3265 1716 in
3302 1678 3438 1718 ossa
3486 1663 3619 1735 ipsa

1966 1764 2032 1804 ac
2072 1747 2381 1816 medullas,
2413 1749 2566 1819 quod
2600 1750 2903 1819 proverbio
2934 1750 3176 1820 dicitur,
3209 1766 3419 1807 srevam
3454 1751 3612 1808 illam

1966 1836 2412 1907 impressionem
2444 1853 2613 1893 suam
2646 1838 3049 1910 impetumque
3080 1838 3278 1910 adigit.
3315 1840 3465 1904 Quid
3489 1845 3613 1896 tum

1967 1925 2212 1997 postea?
2242 1925 2491 1996 inquies.
2510 1926 2729 1997 Nempe
2758 1926 3196 1999 religiosissima
3220 1930 3289 1983 ad
3312 1944 3610 2001 vesperam

1971 2030 2155 2085 usque
2183 2014 2615 2071 esculentorum
2664 2015 2924 2072 omnium
2968 2016 3341 2083 abstinentia,
3372 2019 3611 2090 quando

1967 2096 2210 2159 mediCis
2229 2119 2430 2162 eorum
2460 2120 2585 2175 quis
2615 2121 2731 2161 non
2772 2105 3076 2174 obessent,
3107 2123 3219 2164 usu
3264 2108 3434 2163 nobis
3483 2123 3616 2180 gra-

1964 2190 2175 2246 tiﬁcari
2208 2190 2463 2260 placuit;
2496 2192 2710 2263 quibus
2739 2193 2838 2249 usi
2884 2193 3064 2249 etiam
3111 2210 3345 2250 sumus.
3378 2194 3618 2251 Postero

1965 2295 2173 2335 rursus
2202 2279 2297 2335 die
2326 2281 2533 2337 eadem
2554 2281 2797 2353 urgebat
2826 2282 3101 2352 procella,
3121 2282 3299 2340 iidem
3323 2283 3604 2352 turbines,

1964 2368 2285 2441 iisdemque
2310 2370 2704 2426 obruebamur
2757 2371 3058 2441 ﬂuctibus,
3093 2372 3206 2427 nisi
3264 2374 3419 2445 quod
3479 2374 3613 2430 novi

1965 2459 2202 2530 quidam
2250 2459 2638 2515 vomitionum
2687 2471 3051 2517 accesserant
3093 2460 3326 2530 fluctus,
3357 2466 3415 2517 et
3470 2462 3607 2518 bilis

1962 2548 2288 2617 oonﬂuxus,
2318 2552 2477 2604 tanto
2534 2565 2660 2605 meo
2690 2564 2823 2605 cum
2870 2549 3089 2612 dolore.
3133 2555 3412 2624 tantoque
3457 2557 3603 2608 astu

1963 2638 2239 2710 utrinque
2263 2651 2601 2710 erumpens,
2634 2642 2699 2693 ut
2728 2640 2999 2709 quoniam
3032 2639 3243 2696 idonea
3293 2657 3398 2697 nos
3455 2642 3598 2696 defi-

1962 2726 2126 2782 ciunt
2154 2727 2347 2794 verba,
2380 2743 2501 2783 rem
2532 2743 2768 2784 omnem
2824 2729 2931 2785 tibi
2980 2730 3415 2800 conjsctandam
3466 2745 3599 2801 per-

1961 2815 2290 2873 mittamus.
2322 2821 2528 2873 Decem
2557 2817 2717 2889 ipsos
2748 2818 2872 2874 dies
2900 2820 3059 2875 hunc
3098 2818 3336 2875 morbus
3384 2825 3601 2875 statum

1959 2905 2172 2973 tenuit,
2197 2910 2261 2961 ut
2306 2911 2363 2962 et
2392 2922 2606 2978 agrum
2661 2907 3174 2964 vehementissime
3221 2907 3522 2976 affictaret,
3551 2913 3610 2963 et

1960 3010 2233 3067 magnam
2266 2997 2636 3053 medentibus
2688 2996 3060 3053 formidinem
3119 2997 3399 3069 injiceret.
3434 2997 3600 3053 Post-

1959 3084 2217 3150 modum,
2251 3084 2491 3156 perinde
2530 3090 2597 3141 ut
2624 3086 3032 3152 Athenienses,
3063 3087 3312 3142 maxime
3343 3087 3415 3141 ad
3437 3086 3608 3158 )Egos

1958 3173 2181 3231 tlumen
2211 3178 2451 3246 accepta
2478 3174 2822 3242 calamitate,
2848 3175 3178 3247 Piraeeoque
3221 3179 3517 3245 occupato,
3551 3181 3609 3231 et

1959 3282 2196 3321 summa
2238 3265 2374 3321 inde
2406 3282 2649 3323 annonae
2688 3265 2886 3338 inopia
2934 3283 3000 3321 ac
3058 3268 3210 3324 fame
3267 3272 3607 3330 consecuta.

1960 3355 2161 3411 urbem
2193 3362 2483 3427 postremo
2512 3356 2703 3427 ipsam
2727 3358 3071 3426 amiserunt,
3086 3357 3168 3413 ita
3200 3374 3316 3414 non
3347 3357 3607 3414 absimili

1958 3452 2013 3501 et
2042 3460 2149 3501 uos
2168 3444 2551 3500 circumventi
2600 3445 2939 3502 videbamur
2994 3446 3347 3503 discrimine.
3382 3446 3608 3519 Quippe

1958 3539 2090 3605 post
2133 3533 2506 3605 gravissimas
2573 3533 2874 3590 oculorum
2929 3536 3263 3608 vertigines,
3307 3539 3363 3592 et
3432 3536 3609 3591 mista

1958 3622 2243 3695 sanguine
2266 3622 2399 3678 bilis
2434 3623 2737 3696 proﬂuvia,
2757 3628 2813 3680 et
2834 3624 3139 3696 complura
3168 3624 3302 3686 alia.
3326 3641 3451 3696 quae
3474 3628 3600 3679 tum

1957 3712 2322 3786 premebant,
2354 3713 2525 3784 mala,
2550 3715 2784 3770 tandem
2815 3715 3098 3786 quiddam
3142 3713 3464 3771 illiusmodi
3518 3730 3607 3770 se-

1956 3802 2214 3857 cundum
2262 3818 2472 3874 corpus
2521 3808 2789 3859 nostrum
2832 3803 3064 3873 accidit,
3099 3803 3250 3874 quod
3316 3802 3604 3874 plerisque

1953 3892 2288 3949 lethiferum
2346 3910 2475 3950 esse
2523 3895 2883 3950 medicorum
2933 3900 3177 3951 censent
3232 3893 3359 3950 filii.
3393 3893 3606 3964 Nempe

1955 3998 2168 4055 magna
2198 3984 2284 4039 vis
2312 3982 2469 4052 bilis,
2494 3990 2548 4038 et
2578 3983 2700 4040 hinc
2728 4000 2866 4039 sane
2898 3999 3074 4055 quam
3107 3982 3604 4053 molesta,circum

1955 4072 2325 4128 stomachum
2357 4071 2601 4145 allapsa,
2632 4088 2732 4129 cor
2786 4072 2980 4145 ipsum
3036 4071 3379 4140 suﬂ‘ocabat,
3412 4071 3602 4144 respi-

1954 4160 2243 4232 randique
2271 4160 2570 4219 adimebat
2600 4161 2955 4218 facultatem.
2987 4162 3115 4218 1am
3147 4161 3343 4234 itaque
3391 4159 3603 4216 ultima

1953 4248 2338 4306 imminebant
2367 4251 2576 4320 omnia,
2609 4251 3084 4324 quandoquidem
3127 4265 3317 4324 neque
3357 4266 3455 4306 cor
3486 4252 3606 4306 usi-

1952 4343 2073 4395 tato
2123 4355 2305 4402 more.
2339 4346 2570 4413 recepto
2601 4343 2886 4414 sanguine
2917 4346 3325 4402 evacuaretur.
3354 4345 3411 4397 et
3442 4340 3603 4396 nullo

1953 4445 2068 4486 non
2102 4431 2261 4486 taedii
2290 4435 2465 4503 atque
2495 4432 2714 4488 fastidii
2745 4446 2953 4503 genere
2983 4432 3273 4488 laboraret
3298 4432 3599 4487 ventricu-

1951 4518 2068 4586 lus,
2101 4519 2448 4592 nullumque
2478 4520 2651 4593 plane
2675 4520 2849 4577 ferret
2879 4519 3239 4577 alimentum.
3268 4521 3398 4576 Sive
3445 4519 3601 4576 enim

210 4602 485 4675 θαυμάζειν
517 4604 698 4678 παρῆν
733 4624 745 4637 ·
791 4602 934 4660 οὕτω
986 4602 1043 4658 δί
1092 4604 1354 4680 χαλεπῶς
1403 4603 1492 4658 καὶ
1545 4602 1843 4680 ἀφορήτώς

1960 4606 2181 4675 calidis,
2212 4610 2330 4666 sive
2358 4610 2585 4681 frigidis
2618 4614 2938 4678 uteremur,
2970 4612 3087 4667 sive
3127 4624 3487 4682 quaecunque
3528 4609 3600 4663 ab

206 4692 344 4747 πάντ’
408 4688 554 4769 ἔχειν
604 4693 836 4763 ταυτησί
890 4698 991 4763 τῆς
1054 4693 1236 4769 χολῆς
1302 4692 1843 4765 παρασκευαζούσης,

206 4779 284 4834 καὶ
338 4780 559 4852 πολλῆς
613 4782 688 4844 ὡς
747 4782 891 4845 εἰκὸς
952 4780 1248 4855 δυσθυμίας
1296 4780 1484 4851 οὔσης,
1535 4780 1726 4852 ἔξωθεν
1776 4784 1841 4851 ῆν

207 4872 326 4943 ἡμῖν
361 4871 499 4946 ὑγρὰ
536 4871 659 4946 περὶ
714 4872 778 4926 τὸ
832 4871 1124 4944 πρόσωπον
1182 4868 1285 4925 οὒκ
1324 4868 1488 4944 ὀλίγα
1519 4888 1532 4901 ·
1565 4870 1655 4924 καὶ
1687 4869 1843 4945 ἀέρες

206 4955 260 5012 ἐκ
315 4966 597 5035 μηχανῆς,
664 4960 753 5015 καὶ
817 4959 1005 5035 μύρων
1064 4958 1340 5037 ἐκχύσεις,
1397 4959 1502 5013 κάκ
1555 4959 1739 5012 τόπων
1772 4958 1851 5020 εἰς

204 5047 392 5112 τόπους
423 5045 727 5123 μεταϐολαί
760 5068 773 5081 ⁸
811 5049 873 5105 οὐ
899 5053 1002 5129 γὰρ
1030 5050 1176 5121 ἐνῆν,
1208 5049 1313 5106 οὐκ
1359 5048 1484 5118 ἐνῆν
1537 5049 1636 5121 μιᾷ
1679 5044 1839 5122 κλίνῃ

207 5139 669 5215 κεχρῆσθαι,ἆλλ’
700 5139 839 5196 ὅπου
880 5142 1002 5196 ποτ’
1033 5140 1091 5196 ἂν
1144 5139 1284 5211 ἐξείη
1341 5146 1440 5208 τῆς
1489 5136 1687 5199 οἰκίας.
1741 5138 1844 5194 Καὶ

205 5227 366 5282 πάντα
396 5224 468 5282 δι’
498 5228 574 5282 ὧν
599 5226 724 5299 ἐξῆν
784 5229 1061 5305 ῥᾳστώνην
1114 5232 1365 5298 ἡντινοῦν
1414 5226 1684 5300 εὑρεσθαι,
1744 5224 1844 5280 οὐκ

214 5316 265 5369 “av
298 5312 562 5390 δυναίμην
594 5316 763 5373 εἰπεῖν
790 5320 888 5387 τήν
927 5317 1050 5373 τότε
1105 5323 1213 5373 τῶν
1272 5317 1565 5391 λογισμῶν
1608 5312 1835 5390 ἀπορίαν

205 5405 286 5459 καὶ
351 5402 683 5481 δυσχέρειαν,
734 5408 823 5463 καὶ
869 5408 932 5463 τὸ
1010 5409 1087 5482 μὴ
1173 5409 1351 5484 φέρειν
1432 5407 1648 5479 ἐξεῖναι,
1742 5404 1837 5460 κᾶν

205 5493 401 5551 ἅπαντά
461 5514 544 5557 τις
601 5495 791 5554 ἐποίει.
850 5499 946 5556 Ἐκ
1003 5496 1070 5567 δὴ
1128 5502 1236 5554 τῶν
1289 5498 1562 5554 τοσούτων
1619 5494 1741 5571 περὶ
1772 5495 1833 5550 τὸ

204 5584 485 5654 πρόσωπον
544 5586 722 5662 ὑγρῶν
779 5586 986 5663 γίγεναί
1031 5608 1086 5643 τι
1131 5584 1378 5644 τοιόνδε·
1421 5586 1590 5666 ἄμφω
1618 5586 1697 5641 τὼ
1726 5605 1829 5641 πα-

207 5675 316 5749 pati
365 5672 614 5747 ἐξαίφνης
671 5674 985 5755 Ξξώγκωντο
1018 5698 1032 5713 ο
1086 5676 1178 5734 καὶ
1234 5680 1476 5755 παρῆσαν
1505 5673 1705 5753 ἴατροὶ,
1736 5673 1827 5731 καὶ

1958 4700 2081 4753 arte
2112 4698 2340 4755 medica
2360 4700 2820 4770 imperabantur,
2855 4717 3019 4771 nuge
3077 4704 3136 4756 et
3183 4700 3391 4755 fabulae
3441 4705 3605 4754 erant

1955 4786 2181 4857 omnia;
2205 4787 2353 4843 nihil
2411 4788 2565 4844 enim
2595 4790 2907 4861 erat,quod
2932 4806 3047 4845 non
3080 4805 3212 4845 mox
3240 4792 3600 4860 assumptum

1965 4875 2320 4946 rejiceretur.
2351 4877 2412 4932 Id
2446 4878 2602 4949 quod
2633 4880 2887 4936 medicos
2919 4894 3035 4935 non
3079 4894 3283 4950 parum
3323 4876 3604 4934 sollicitos

1963 4964 2189 5020 habuit.
2213 4966 2433 5038 Quippe
2459 4968 2692 5024 tametsi
2724 4968 2923 5023 omnia
2953 4967 3095 5024 artis
3120 4968 3375 5023 remedia
3398 4964 3601 5021 sedulo

1959 5052 2326 5120 adhiberent,
2342 5054 2487 5110 nihil
2517 5072 2717 5112 eorum
2758 5063 2975 5122 tamen,
3008 5072 3137 5130 quas
3169 5055 3288 5112 ﬁeri
3318 5056 3597 5127 oportuit,

1957 5143 2449 5212 consequebatur.
2482 5146 2554 5200 At
2582 5144 2678 5202 hic
2713 5148 2986 5201 naturam
3031 5145 3246 5217 ipsam,
3280 5142 3594 5213 quamlibet

1953 5230 2203 5285 rationis
2232 5238 2550 5303 expertem,
2581 5233 2778 5289 omnia
2818 5234 3140 5289 secundum
3182 5234 3465 5288 rationem
3517 5231 3603 5285 fa-

1953 5333 2104 5385 cere,
2140 5320 2449 5375 manifesto
2530 5320 2950 5391 deprehensum
3023 5321 3155 5376 fuit.
3192 5321 3358 5376 Forte
3413 5318 3593 5385 enim,

1949 5422 2083 5462 mea
2114 5413 2347 5479 sponte,
2378 5408 2579 5464 vinum
2618 5408 2953 5479 calfactum,
2985 5426 3116 5465 cum
3175 5408 3345 5465 micis
3380 5407 3602 5479 aliquot

1944 5494 2101 5551 friati
2135 5498 2325 5569 panis,
2353 5501 2674 5570 gustaram.
2708 5505 2761 5553 et
2787 5498 3053 5555 nonnihil
3074 5497 3341 5570 protinus
3371 5496 3595 5553 malum

1944 5585 2242 5643 remittere
2272 5587 2483 5643 visum.
2515 5585 2680 5643 Unde
2739 5592 2940 5661 postea
2996 5589 3215 5646 eimdse
3243 5587 3363 5660 qui,
3424 5591 3599 5659 atque

1938 5689 2289 5751 magnopere
2333 5676 2735 5750 comprobare,
2775 5678 3016 5737 medicis
3098 5677 3411 5736 consilium
3459 5676 3599 5735 fuit.
