4154 6216
481 357 598 416 415

1793 365 2108 428 THEODU
2119 365 2190 426 LI
2237 361 2584 426 MONACHI

3771 360 3898 420 416

480 489 710 549 lnterea
739 495 956 563 autem,
987 509 1121 550 cum
1153 495 1354 552 omnia
1383 497 1524 553 adeo
1556 498 1747 570 gravia
1775 507 1830 555 et
1857 500 2116 558 intolera-

2231 496 2366 571 πρὸς
2397 493 2568 557 ἄλλος
2625 492 2794 550 ἄλλον
2853 489 3002 563 ἐϐόα,
3051 491 3263 568 Τάχους
3322 489 3404 547 ὅτι
3465 493 3706 564 μάλιστα
3753 491 3876 548 δεῖ·

481 579 624 636 bilis
653 580 753 637 illa
775 581 908 638 bilis
933 583 1324 641 redundantia
1351 586 1564 642 faceret
1593 593 1769 659 atque
1813 589 2017 655 multa,
2060 595 2124 645 ut

481 673 606 725 erat
659 670 959 740 virsimile,
1018 671 1154 729 inde
1215 673 1396 729 animi
1473 676 1749 747 egritudo
1799 677 2122 744 exsisteret,

480 757 839 814 extrinsecus
868 761 1191 816 secundum
1226 761 1430 818 faciem
1455 779 1568 819 non
1619 765 1828 836 exigua
1861 766 2125 823 humoris

479 846 646 917 copia
672 862 909 903 manare
953 854 1226 921 cmperat,
1261 851 1458 907 adhaac
1513 853 1736 908 ventuli
1785 871 1816 909 ο
1855 855 2124 910 machina

479 937 734 1006 quadam
759 937 1070 1005 fiebant,et
1093 945 1526 1011 unguentorum
1559 943 1891 1010 effusiones,
1917 950 1974 1000 et
1991 962 2122 1000 cre-

478 1023 592 1079 bra:
635 1026 990 1082 mutationes
1019 1026 1310 1096 locorum;
1347 1047 1460 1086 non
1503 1032 1660 1087 enim
1719 1031 1952 1096 licebat;
1985 1052 2122 1102 non,

477 1111 745 1183 inquam,
789 1111 1018 1182 licebat,
1053 1133 1170 1172 uno
1218 1117 1303 1172 uti
1364 1117 1598 1186 lectulo,
1633 1119 1735 1175 sed
1793 1121 2124 1191 ubicunque

477 1199 822 1254 commodus
879 1217 1130 1272 usquam
1187 1203 1248 1258 in
1304 1204 1524 1260 aedibus
1583 1208 1894 1276 apparebat
1935 1207 2119 1276 locus,

478 1287 708 1359 aliaque
757 1291 978 1362 omnia,
1001 1292 1157 1348 unde
1187 1295 1773 1366 quantulumcunque
1796 1297 2121 1368 exspectari

480 1381 702 1446 poterat
733 1377 1044 1448 levamen;
1089 1381 1350 1452 adeoque
1411 1398 1484 1438 ne
1553 1386 1832 1456 consequi
1881 1386 2119 1456 quidem

479 1465 670 1522 verbis
702 1471 920 1538 potero,
955 1485 1083 1539 quae
1112 1473 1238 1525 tum
1272 1471 1500 1528 consilii
1533 1473 1728 1545 inopia
1759 1477 1932 1546 atque
1962 1474 2124 1529 diffi-

481 1553 686 1622 cultas,
719 1560 776 1611 et
807 1573 982 1627 quam
1015 1575 1129 1614 non
1179 1559 1417 1616 ferenda
1459 1563 1641 1617 morbi
1677 1564 1897 1618 saevitia
1927 1563 2121 1627 fuerit,

479 1646 711 1701 tamesti
759 1647 903 1702 nihil
961 1665 1078 1704 non
1129 1649 1430 1706 moliretur
1486 1653 1801 1725 quispiam.
1837 1657 2009 1710 Porro
2057 1671 2126 1709 ex

477 1734 571 1790 his
601 1740 720 1790 tam
754 1737 1005 1808 copiosis
1057 1739 1220 1795 faciei
1265 1739 1632 1810 humoribus,
1684 1744 1800 1799 tale
1847 1743 2122 1815 quiddam

477 1825 688 1880 evenit.
720 1828 921 1883 Ambae
953 1829 1146 1885 subito
1177 1833 1516 1887 extumuere
1547 1849 1726 1904 genae.
1763 1833 1866 1890 Hic
1914 1851 2122 1890 rursus

473 1913 740 1970 advolare
759 1915 990 1983 medici,
1025 1917 1290 1989 aliusque
1322 1922 1391 1974 ad
1424 1921 1603 1975 alium
1625 1923 2120 1992 clamitare,nunc

473 1999 562 2056 vel
597 2002 846 2057 maxime
885 2009 1310 2076 properandum
1355 2015 1408 2064 et
1450 2026 1550 2079 pro
1600 2009 1822 2066 viribus
1889 2012 2122 2069 adlabo-

2233 588 2321 641 καί
2374 582 2692 654 σπουδάζειν
2751 579 2917 655 ἔξεστι
2973 581 3063 636 καὶ
3113 580 3378 656 μαλάχης
3437 579 3637 650 λευκῆς
3665 583 3838 657 χρεία
3871 601 3888 614 ο

2232 678 2322 731 καὶ
2370 681 2546 742 παρῆν
2603 672 2685 728 ὅτι
2743 673 2916 750 τάχος
2969 673 3058 726 καὶ
3103 670 3345 726 πτελεῶν
3395 668 3610 746 φλοιὸς,
3641 671 3730 726 καί
3783 673 3894 726 τιν’

2229 763 2406 838 ἕτερα,
2432 762 2524 817 ’ίνα
2555 759 2899 836 διαχυθέντες
2929 762 2980 814 οἱ
3030 756 3183 834 ὄγκοι
3219 761 3295 831 μή
3345 761 3676 834 χωρήσωσιν
3725 758 3889 828 ε’ίσω,

2229 853 2514 909 κάντεῦθεο
2544 857 2660 912 τοῖς
2688 871 2744 904 τε
2807 851 3016 922 ἰατροῖς
3075 847 3333 922 ἀγωνίας,
3385 852 3464 920 τῷ
3518 870 3575 904 τε
3623 848 3894 921 κᾶμνοντι

2233 945 2459 999 θανᾶτου
2490 941 2614 1017 τάχ’
2643 940 2782 1002 ’ίσως
2841 939 3006 994 α’ίτιοι
3057 939 3313 1013 γένωται.
3361 940 3428 994 Τί
3483 939 3547 994 τὸ
3599 939 3890 1008 ἐντεῦθενς

2238 1031 2508 1088 [Ιέπαυται
2539 1035 2706 1085 ταῦτα
2731 1048 2744 1063 ·
2779 1030 2891 1084 εἶτα
2921 1025 3202 1092 δοκοῦντες
3231 1025 3376 1102 ἔχειν
3411 1027 3685 1104 γαλήνην,
3719 1028 3838 1084 πάλ
3851 1049 3898 1082 ιν

2230 1127 2346 1182 τοῖς
2377 1121 2568 1194 πρώην
2601 1118 2962 1192 ἐμπίπτομεν,
3000 1118 3155 1172 εἶκαὶ
3191 1119 3266 1188 μὴ
3292 1115 3728 1188 παραπλησίοις,
3759 1117 3900 1190 τρό-

2231 1233 2331 1267 πον
2363 1209 2408 1265 δ’
2440 1208 2620 1284 ἕτερον
2659 1207 3068 1282 παραπλησίοις
3103 1226 3116 1240 '
3170 1209 3204 1275 ἡ
3255 1209 3358 1281 γὰρ
3401 1208 3539 1276 αὐτή
3597 1227 3684 1268 τις
3743 1208 3895 1262 ἀπο-

2231 1301 2319 1374 ρία
2365 1305 2482 1360 τοῖς
2539 1299 2750 1372 ἰατροῖς
2787 1316 2802 1331 ο
2856 1297 3084 1370 πυρετὸς
3129 1296 3234 1371 γὰρ
3265 1293 3325 1350 ἐκ
3363 1300 3600 1369 πυρετοῦ
3631 1295 3898 1368 συλλαμ-

2234 1385 2408 1444 ϐάνων
2443 1386 2602 1464 διῆγε
2637 1409 2650 1421 ·
2687 1389 2773 1442 καὶ
2805 1387 2872 1440 τὰ
2902 1383 3102 1456 πολλῷ
3133 1389 3212 1456 τῷ
3253 1384 3440 1458 χρόνῳ
3493 1383 3635 1457 μὲλη
3691 1406 3898 1460 κατερ-

2232 1479 2498 1553 γασθὲντα
2555 1480 2671 1538 πῶς
2753 1474 2858 1530 οἳει
2926 1474 3251 1548 κατέτρυχεν
3286 1491 3298 1504 ·
3361 1474 3435 1534 ὡς
3487 1470 3618 1544 μηδ’
3677 1474 3895 1544 ὁτιοῦν,

2237 1568 2368 1641 μήθ’
2423 1569 2584 1640 ἡμῖν,
2647 1567 2786 1638 μήτε
2837 1570 2954 1628 τοῖς
3013 1563 3220 1636 ἰατροῖς
3277 1561 3470 1632 ἐξεῖναι
3513 1569 3892 1636 προσεευρεῖν.

2233 1658 2512 1718 Τοιούτοις
2544 1658 2692 1728 ἡμᾶς
2722 1657 2784 1710 τὸ
2835 1651 3177 1728 φθινόπωρον
3225 1650 3492 1720 ἐστιᾶσαν,
3527 1649 3644 1706 δέον
3691 1652 3894 1723 ᾠήθη-

2239 1767 2333 1820 μεν
2383 1745 2642 1800 κοινωνὸν
2699 1745 2789 1798 καὶ
2851 1744 2907 1797 σὲ
2963 1749 3190 1810 ποιῆσαι
3245 1747 3346 1810 τῆς
3403 1740 3626 1806 θοίνης·
3691 1740 3804 1816 οὐχ
3833 1739 3892 1794 ’ίν

2155 1874 2198 1937 Β
2235 1834 2465 1908 ἀλγοίης
2500 1853 2512 1866 ·
2547 1831 2737 1908 πόρῥω
2767 1832 2872 1906 γὰρ
2929 1833 3092 1902 ἡμεῖς
3148 1834 3256 1884 τῶν
3315 1827 3578 1884 τοιούτων
3625 1834 3744 1890 τοῖς
3801 1829 3900 1906 φί-

2235 1923 2253 1937 \
2473 1920 2588 1937 αεὶ·
2615 1920 2638 1937 η
2677 1925 2688 1937 ι
2775 1917 2824 1937 ’Ν
2863 1921 2871 1937 Ι
3010 1918 3055 1937 τι
3147 1927 3171 1937 ιΙ
3313 1913 3337 1936 ’θ
3619 1915 3652 1937 ’Ἰ
3835 1917 3851 1934 9

2235 1923 2355 1984 λοις
2389 1940 2402 1952 ·
2462 1920 2688 1976 ἀλλ”ίν’
2746 1917 2948 1989 εἰδείης
3007 1918 3056 1990 ἐξ
3117 1927 3249 1972 υϊων
3307 1913 3410 1991 ἄρα
3463 1915 3747 1972 σκοπέλων
3805 1917 3887 1979 εἷς

2235 2010 2386 2072 οἵους
2417 2010 2758 2084 κατέσχομεν
2783 2007 2872 2061 σὺν
2904 2012 3021 2079 Θεῷ
3050 2005 3178 2067 τοὺς
3211 2006 3460 2079 λιμένας.

473 2091 726 2146 randum
755 2107 904 2158 esse,
937 2093 996 2148 in
1027 2095 1232 2164 primis
1261 2097 1450 2153 malva
1479 2097 1608 2154 alba
1637 2115 1784 2170 opus
1814 2116 1960 2168 esse,
1992 2118 2118 2174 quas
2145 2103 2302 2158 illico
2333 2101 2520 2158 adfuit
2543 2144 2556 2170 ,
2591 2106 2648 2157 et
2703 2097 2976 2155 similiter
3024 2095 3169 2152 ulmi
3207 2101 3423 2164 cortex,
3455 2099 3513 2152 et
3551 2096 3665 2152 alia
3709 2113 3888 2169 quaa-

472 2179 624 2246 dem,
659 2183 719 2235 ut
745 2179 1016 2252 dissipati
1057 2181 1165 2239 hoc
1209 2187 1381 2242 modo
1438 2190 1699 2244 tumores
1758 2206 1874 2246 non
1914 2191 1985 2246 ad
2035 2191 2311 2248 interiora
2355 2195 2739 2262 penetrarent,
2772 2193 2950 2258 atque
3009 2190 3208 2259 postea
3251 2190 3378 2242 tum
3431 2203 3588 2242 novae
3639 2187 3899 2242 medicis

473 2269 902 2341 trepidationis,
935 2277 1063 2327 tum
1085 2289 1238 2346 aegro
1271 2275 1538 2334 interitus
1564 2277 1806 2335 fortasse
1838 2297 2013 2336 causa
2037 2282 2257 2338 ﬁerent.
2282 2281 2433 2336 Cedo
2463 2280 2602 2351 quid
2629 2287 2826 2350 postea
2845 2277 2874 2332 *ἶ
2897 2281 3118 2333 tantum
3149 2277 3304 2346 quod
3329 2275 3442 2333 ista
3463 2276 3896 2348 conquierant;

471 2377 606 2416 cum
655 2361 1024 2418 serenitatem
1079 2379 1183 2420 nos
1231 2365 1357 2436 jam
1424 2372 1620 2424 tenere
1679 2369 1808 2434 rati,
1838 2369 2030 2426 denuo
2088 2371 2147 2426 in
2193 2370 2291 2426 illa
2341 2370 2637 2440 superiora
2676 2367 3012 2435 recidimus,
3041 2372 3174 2421 utut
3213 2381 3327 2420 non
3359 2367 3592 2436 gemina
3613 2364 3793 2435 plane
3825 2383 3898 2420 ac

470 2449 796 2522 simillima,
828 2451 939 2509 alio
979 2457 1175 2510 tamen
1209 2473 1324 2527 quo
1353 2461 1521 2528 pacto
1553 2459 1914 2526 consimilia;
1949 2461 2161 2532 quippe
2190 2463 2391 2516 eadem
2445 2460 2656 2515 iterum
2689 2455 2932 2513 medicis
2965 2456 3080 2512 fere
3137 2455 3338 2511 aderat
3367 2454 3670 2515 hmsitatio.
3723 2455 3894 2526 quod

469 2540 650 2596 febris
671 2543 876 2598 febrim
899 2545 1550 2619 excipiens,snspensos
1573 2549 1941 2621 incertosque
1979 2555 2228 2607 teneret:
2273 2557 2552 2621 artusque
2581 2549 2840 2620 corporis
2867 2547 2990 2619 ipsa
3017 2545 3204 2601 morbi
3229 2545 3616 2601 diuturnitate
3649 2545 3889 2616 pridem

469 2631 759 2688 confectos
825 2635 1226 2692 incredibilem
1303 2638 1365 2693 in
1439 2639 1678 2694 modum
1756 2646 2196 2712 conquassaret,
2273 2645 2338 2696 ut
2407 2639 2636 2694 nullum
2720 2637 2812 2693 hic
2899 2637 3173 2707 amplius,
3237 2651 3426 2706 neque
3503 2647 3630 2698 nos,
3695 2650 3892 2706 neque

471 2723 701 2792 medici,
757 2725 1082 2796 excogitare
1133 2743 1436 2796 possemus
1493 2729 1828 2786 consilium.
1879 2733 2120 2796 Quando
2165 2729 2574 2800 hujuscemodi
2621 2728 2808 2822 igitur
2851 2743 2958 2782 nos
2999 2729 3352 2781 auctumnus
3391 2723 3582 2822 epulis
3631 2725 3897 2822 accepit,

476 2815 531 2865 te
577 2811 839 2880 ejusdem
897 2814 1072 2869 etiam
1125 2816 1466 2888 participem
1509 2818 1758 2874 convivii
1797 2819 2126 2875 faciendum
2179 2819 2347 2874 nobis
2395 2835 2519 2874 esse
2575 2817 3004 2874 arbitrabamur
3045 2831 3058 2870 :
3110 2830 3226 2869 non
3281 2811 3552 2883 equidem
3603 2817 3668 2868 ut
3699 2811 3894 2868 animi

473 2903 531 2954 te
583 2901 946 2957 excruciares
1003 2904 1205 2976 (apage
1259 2907 1435 2963 istam
1486 2925 1520 2963 a
1584 2907 1750 2965 nobis
1815 2909 1877 2965 in
1943 2909 2161 2966 amicos
2227 2908 2767 2976 inhumanitatem),
2819 2906 2919 2962 sed
2983 2908 3047 2960 ut
3099 2917 3480 2975 cognoscere
3538 2901 3758 2974 quibus
3823 2917 3900 2956 ex

477 2991 735 3063 scopulis
761 2991 820 3048 in
852 3009 990 3065 quos
1013 3000 1235 3066 portus,
1257 2997 1358 3052 Dei
1387 2998 1735 3056 immortalis
1767 3015 1894 3072 ope,
1929 3001 2161 3056 tandem
2187 2998 2504 3071 aliquando
2539 2997 2993 3070 appulissemus.

1127 3129 1220 3186 IV.
1261 3131 1466 3188 Eidem.

549 3261 731 3328 Atque
761 3259 868 3316 tibi
906 3263 1196 3332 equidem,
1229 3266 1316 3320 vir
1337 3265 1576 3336 optime,
1608 3267 1830 3339 Optima
1885 3285 2116 3340 semper

475 3347 743 3404 eveniant
785 3351 1002 3417 omnia,
1037 3356 1092 3406 et
1150 3352 1392 3408 meliore
1445 3353 1764 3410 identidem
1823 3355 2115 3412 felicitatis

475 3439 854 3504 incremento,
883 3439 1374 3498 secundissimam
1429 3443 1742 3515 experieris
1799 3445 2112 3514 fortunam,

470 3542 602 3580 cum
639 3527 805 3582 nobis
840 3527 958 3582 haec
989 3527 1096 3584 tibi
1142 3533 1666 3601 comprecantibus,
1701 3535 1821 3587 tum
1873 3535 1953 3588 tot
1983 3533 2114 3588 aliis

467 3616 584 3670 tuis
607 3615 812 3672 amicis
848 3633 862 3670 :
895 3633 1234 3690 quanquam
1269 3621 1410 3675 mihi
1445 3621 1598 3676 haud
1638 3622 1886 3693 proclive
1943 3623 2116 3679 fuerit

468 3719 670 3760 eorum
733 3705 880 3762 inire
921 3723 1256 3777 numerum,
1304 3727 1451 3780 quos
1491 3714 1594 3766 tuo
1655 3711 2114 3768 consauciaveris

471 3809 684 3860 amore,
709 3797 834 3850 tum
865 3795 978 3850 isto
1010 3797 1146 3851 item
1197 3801 1394 3854 animo
1427 3803 1525 3856 tuo
1575 3800 1731 3855 haud
1789 3799 1940 3856 aliud
1997 3801 2114 3856 voti

469 3881 778 3952 recipiente
807 3889 1250 3955 argumentum;
1285 3887 1386 3957 qui
1412 3887 1567 3943 enim
1601 3905 1714 3944 non
1749 3888 1940 3944 solum
1971 3889 2115 3945 ami-

465 3969 570 4036 cis,
595 3973 692 4026 sed
727 3971 992 4028 universe
1024 3975 1320 4042 omnibus,
1346 3980 1402 4032 et
1443 3977 1590 4033 laetis
1637 3979 1696 4034 in
1747 3979 1920 4036 rebus
1980 3997 2114 4035 con-

466 4059 792 4130 gratularis,
811 4064 868 4116 et
896 4062 955 4117 in
985 4062 1217 4118 afflictis
1249 4066 1621 4122 verissimum
1645 4068 1802 4138 capis
1831 4068 2112 4134 dolorem,

464 4163 660 4204 annon
701 4149 869 4205 talem
893 4153 948 4205 te
979 4151 1220 4222 inquam
1252 4152 1754 4227 virum,perpetua
1773 4157 2117 4220 animila-ti-

465 4238 567 4304 tia,
601 4241 1202 4310 summaquefortunaa
1229 4245 1631 4314 prosperitate,
1654 4233 2115 4318 perfruisequum

469 4327 684 4383 fuerit?
721 4327 834 4384 Nos
887 4347 1019 4385 vero
1081 4349 1212 4388 cum
1265 4335 1530 4390 nonnihil
1590 4337 1662 4392 de
1715 4338 2118 4409 superioribus

471 4416 642 4473 malis
673 4419 1154 4490 respirassemus,
1189 4425 1244 4478 et
1273 4423 1332 4478 in
1378 4423 1676 4481 meliorem
1709 4429 2115 4499 recuperandis

2833 3129 2906 3186 A'.
2936 3132 3040 3199 Τῷ
3071 3127 3276 3198 αὐτῷ.

2299 3265 2373 3320 Σὺ
2409 3267 2504 3338 μὲν
2537 3264 2650 3336 ε’ίης
2681 3261 2770 3318 διὰ
2817 3262 3032 3332 τελους,
3061 3261 3266 3336 ἄριστε,
3321 3261 3574 3335 πράττων
3637 3259 3716 3328 εὖ,
3779 3259 3874 3313 καὶ

2229 3360 2342 3426 μετ’
2383 3353 2666 3426 ἀμείνονος
2708 3351 2811 3406 αἰεὶ
2869 3358 2970 3420 τῆς
2999 3351 3340 3422 προσθήκης,
3371 3347 3611 3424 τάγαθοῦ
3667 3348 3874 3418 πειρώ-

2227 3463 2382 3515 μενος
2442 3440 2723 3515 δαίμονος,
2781 3442 2942 3512 ἡμῶν
2978 3440 3034 3493 τὲ
3081 3459 3166 3493 σοι
3217 3442 3384 3494 ταῦτα
3429 3435 3872 3511 συνευχομένων,

2221 3532 2310 3588 καῖ
2341 3537 2545 3600 τῶν·..,
2577 3529 2707 3586 ἀλλ’
2736 3529 2836 3585 οὐκ
2863 3529 2924 3583 ἂν
2958 3528 3223 3601 δυναίμην
3271 3527 3440 3582 εἰπεῖν
3495 3526 3653 3588 ὅσους
3705 3522 3880 3598 ἔτρω-

2225 3642 2340 3692 σας,
2368 3627 2466 3689 τῆς
2495 3641 2552 3675 τε
2583 3625 2682 3688 σῆς
2712 3620 2940 3693 γνώμης
2971 3618 3150 3691 ὲτὲραν
3196 3615 3256 3670 οὐ
3309 3614 3618 3691 δεχομένης
3681 3614 3884 3668 ὑπόθε-

2225 3732 2304 3764 σιν
2334 3729 2345 3742 ·
2380 3711 2408 3764 ὁ
2441 3710 2545 3784 γὰρ
2577 3707 2635 3762 οὐ
2667 3707 2852 3786 φίκοις
2905 3707 3093 3778 μόνον,
3127 3703 3274 3759 ἀλλὰ
3315 3703 3406 3758 καὶ
3459 3708 3619 3757 πᾶσιν
3681 3702 3884 3764 ἁπλῶς

2225 3801 2280 3854 εὖ
2318 3799 2413 3872 μὶν
2447 3796 2741 3872 πράττδυσι
2782 3793 3174 3868 συνηδόμενος,
3202 3791 3290 3848 ἐπὶ
3343 3791 3400 3847 δὲ
3443 3797 3560 3852 τοῖς
3611 3789 3882 3852 ἕναντίοις

2225 3891 2311 3942 καὶ
2351 3887 2462 3960 μάλ
2497 3907 2510 3918 ·
2546 3883 2875 3960 ἀχθόμενος,
2908 3885 3000 3938 τὸν
3031 3882 3096 3953 δὴ
3129 3884 3375 3937 τοιοὸτον
3398 3885 3515 3943 πῶς
3549 3880 3610 3934 οὓ
3641 3879 3882 3935 διαπαν-

2223 3979 2313 4038 τὸς
2373 3976 2714 4049 εὐθυμεῖσθαι
2782 3980 3046 4048 προσῆκε,
3111 3973 3202 4026 καὶ
3275 3972 3350 4032 ὡς
3425 3969 3616 4044 ἄριστα
3673 3968 3824 4044 ἔχειν
3867 3977 3882 4006 ι

2223 4069 2414 4140 Ἡμεῖς
2474 4062 2532 4119 δὲ
2581 4065 2773 4138 μικρὸν
2823 4061 3280 4123 ἀναπεπνευκότες
3331 4059 3546 4116 ἐκείνων
3582 4063 3694 4114 τῶν
3749 4057 3878 4114 δυσ-

2225 4159 2425 4232 χερῶν,
2483 4153 2574 4209 καὶ
2633 4155 2767 4227 πρὸς
2843 4152 3098 4224 ἀμείνους
3171 4151 3531 4210 καταστάντες
3616 4146 3873 4219 ἐλπίδας,

2226 4247 2298 4307 ὡς
2334 4243 2460 4319 ῥᾷον
2508 4243 2582 4299 ἔθ’
2631 4241 2840 4316 ἕξομεν,
2874 4239 3061 4308 ἐπειδὴ
3108 4244 3218 4295 τῶν
3275 4238 3478 4312 ἰητρῶν
3535 4236 3877 4292 κελευόντων

2225 4333 2578 4409 ἐχρησάμεθα
2629 4331 2902 4406 λουτροῖς,
2935 4331 3084 4391 αὖθις
3141 4329 3207 4383 αὖ
3237 4329 3378 4402 ἦμεν
3407 4327 3458 4382 ἐν
3487 4332 3602 4383 τοῖς
3633 4325 3824 4387 αὐτοῖς
3857 4341 3876 4357 ⁸

2225 4425 2311 4478 καὶ
2375 4424 2401 4477 ὁ
2454 4423 2681 4498 πρόσθεν
2739 4419 2954 4495 χειμὼν
3025 4419 3180 4493 ἐπῄει
3255 4415 3618 4495 σφοδρότερος
3677 4435 3691 4446 ⁸
3783 4416 3878 4469 καὶ

469 4507 682 4562 iterum
710 4507 920 4564 salutis
943 4526 1107 4581 spem
1139 4511 1502 4570 venissemus
1528 4532 1541 4582 ;
1575 4515 1662 4570 hic
1683 4533 1816 4572 vero
1858 4519 1928 4572 de
1968 4535 2100 4572 con-

2228 4514 2389 4584 μήπω
2443 4513 2690 4582 καθαρῶς
2748 4507 3149 4584 ἀπηλλαχότας
3203 4515 3306 4577 τῆς
3343 4502 3681 4581 τυραννίδος,
3715 4506 3742 4559 ὁ
3775 4509 3878 4558 τοῦ

467 4594 599 4651 silio
631 4597 989 4654 medicorum
1023 4599 1228 4658 balneo
1269 4603 1413 4658 forte
1461 4603 1746 4672 adhibito,
1777 4603 1841 4662 in
1887 4605 2107 4662 eisdem

467 4685 655 4741 denuo
688 4686 857 4742 malis
883 4703 1118 4745 eramus
1150 4707 1163 4744 :
1198 4693 1468 4763 priorque
1489 4693 1612 4762 illa,
1645 4694 1748 4750 sed
1797 4695 2110 4752 vehemen-

469 4773 597 4840 tior,
629 4773 936 4847 ingruebat
967 4781 1540 4854 tempestas,nosque
1561 4785 1822 4840 nondum
1837 4801 1904 4840 ex
1919 4793 2112 4858 tyran-

466 4863 598 4919 nide
625 4864 857 4935 penitus
872 4870 1118 4938 ereptos,
1139 4867 1238 4925 ille
1279 4869 1612 4929 Phalaridis
1641 4873 1742 4929 bos
1774 4877 2029 4931 tenebat.
2053 4877 2112 4931 in

469 4967 646 5008 causa
686 4961 828 5021 erat,
863 4958 1015 5027 quod
1061 4973 1176 5012 non
1243 4965 1568 5031 opportune
1626 4962 1767 5018 salis
1826 4963 2113 5021 lavatione

471 5042 562 5098 usi
595 5044 930 5112 fuissemus,
965 5045 1149 5102 multa
1178 5047 1371 5104 adhuc
1429 5047 1564 5105 bilis
1613 5051 1667 5105 vi
1723 5053 2111 5109 ventriculum

469 5133 796 5188 obsidente.
830 5133 1002 5189 Retro
1035 5135 1232 5207 itaque
1265 5153 1397 5193 mox
1447 5138 1740 5209 sublapsa,
1772 5145 1830 5196 et
1867 5141 1928 5196 in
1977 5159 2112 5198 con-

469 5221 714 5277 trarium
769 5221 885 5277 lata
937 5225 1154 5291 omnia,
1191 5225 1497 5299 nullisque
1551 5245 1666 5284 non
1719 5229 1855 5285 mali
1915 5231 2115 5286 aderat

471 5309 716 5381 species,
750 5311 873 5366 sive
903 5313 1115 5382 verius,
1149 5313 1292 5369 nihil
1335 5331 1448 5370 non
1485 5333 1760 5388 supremo
1805 5317 1864 5372 in
1908 5319 2108 5390 gradu.

471 5399 688 5468 Nempe
717 5403 772 5454 et
793 5401 1044 5472 pessime
1075 5403 1282 5459 affecta
1311 5409 1476 5459 erant
1515 5405 1904 5474 intestina,ita
1926 5411 1990 5462 ut
2019 5409 2112 5463 vix

473 5489 736 5543 attollere
768 5505 860 5545 me
889 5507 955 5545 ac
985 5491 1171 5548 levare
1201 5509 1460 5564 possem.
1491 5495 1560 5550 Et
1591 5495 1876 5567 reliquum
1901 5513 2111 5567 corpus

473 5575 702 5632 assidua
733 5579 1608 5654 gravissimisquetorquebatur
1636 5584 2113 5657 doloribus,quo—

483 5667 641 5723 niam
673 5684 1024 5742 unoquoque
1068 5671 1129 5730 in
1185 5673 1468 5743 membro,
1499 5691 1630 5748 sua,
1656 5679 1723 5735 ut
1761 5676 1840 5734 ita
1895 5674 2110 5749 dicam,

2225 4599 2527 4676 Φακάριδος
2585 4598 2714 4674 ἔσχε
2765 4601 2916 4673 βοῦς.
2951 4596 3134 4655 Α’ίτιον
3197 4594 3255 4652 δὲ
3304 4597 3366 4651 τὸ
3403 4597 3477 4670 μή
3519 4595 3654 4650 κατᾶ
3683 4596 3878 4670 καιρὸν

2225 4693 2439 4754 πάντως
2469 4689 2783 4758 λελοῦσθαί,
2817 4687 2997 4762 χολῆς
3027 4684 3097 4743 ἔτ’
3149 4684 3386 4761 ἐχούσης
3415 4685 3558 4760 ίπερὶ
3600 4685 3692 4737 τὸν
3744 4685 3876 4738 στό-

2223 4801 2422 4858 μαχον.
2481 4781 2726 4836 ’Δπαντα
2777 4776 2844 4848 δὴ
2904 4776 2996 4832 οὖν
3045 4775 3197 4837 εὐθὺς
3253 4773 3646 4849 ἀνατέτραπται
3699 4793 3713 4807 ·
3777 4773 3874 4827 καὶ

2219 4872 2356 4946 πρὸς
2403 4869 2714 4924 τούναντίον
2761 4867 3011 4941 ὡρμήκει
3045 4885 3059 4898 ⁸
3111 4865 3202 4920 καὶ
3233 4861 3387 4920 οὐδὶν
3420 4861 3450 4918 ὅ
3487 4883 3538 4918 τι
3577 4863 3652 4936 μή
3681 4867 3869 4946 παρῆν

2217 4945 2324 5015 τῶν
2355 4957 2539 5014 δεινῶν
2573 4977 2586 4991 ⁸
2625 4955 2837 5031 μᾶλλον
2871 4953 2926 5010 δὲ
2953 4952 3109 5010 οὐδὲν
3142 4953 3172 5008 ὅ
3199 4975 3253 5010 τι
3277 4953 3342 5009 οὐ
3377 4953 3490 5026 μεθ’
3527 4945 3870 5024 ὑπερϐολῆς.

2219 5051 2286 5105 τά
2314 5071 2372 5104 τε
2403 5051 2506 5125 γὰρ
2539 5045 2688 5103 ἔνδον
2746 5047 3004 5122 πονήρως
3059 5040 3239 5118 ἔσχεν,
3297 5045 3373 5106 ὡς
3418 5037 3547 5115 μηδ’
3601 5040 3870 5114 ἀνασχεῖν

2219 5138 2340 5194 οἷόν
2367 5139 2415 5192 τ’
2465 5137 2618 5208 εἶναι,
2649 5135 2710 5191 τό
2757 5157 2817 5190 τε
2866 5140 3028 5208 σῶμα
3073 5136 3300 5194 πυκναῖς
3345 5131 3427 5187 ὅτι
3484 5129 3722 5204 μάλιστα
3774 5129 3868 5183 καὶ

2223 5226 2462 5301 βαρείαις
2511 5221 2709 5298 ἔκαμνε
2763 5227 2881 5285 ταῖς
2943 5220 3160 5283 ὀδύναις
3209 5222 3344 5276 κατᾶ
3390 5220 3583 5280 παντὸς
3637 5219 3864 5272 ὁτουοῦν

2223 5315 2449 5388 μέλους,
2499 5309 3066 5389 ἐστρατοπεδευκότων
3119 5311 3191 5371 ὡς
3260 5309 3429 5365 εἰπεῖν
3483 5313 3590 5363 τῶν
3655 5303 3872 5362 δεινῶν.

2221 5405 2318 5460 Καὶ
2351 5427 2532 5483 σιωπφ
2583 5402 2870 5477 στομάχου
2905 5402 3223 5474 κατάψυξιν,
3254 5400 3344 5454 καὶ
3390 5401 3488 5468 τήν
3541 5397 3664 5470 περῖ
3706 5397 3871 5451 πάντ’

2219 5492 2554 5563 ἆηδίαν,καὶ
2613 5493 2738 5553 τοὺς
2798 5491 2886 5546 ὅτε
2941 5511 2992 5545 τι
3042 5494 3147 5545 τῶν
3203 5488 3256 5544 ἐν
3315 5494 3432 5550 τοῖς
3470 5487 3747 5548 τοιούτοις
3781 5487 3874 5540 ὑπ’

2219 5583 2456 5659 ἀνάγκης
2533 5582 2857 5656 προσιέμην,
2933 5577 3108 5634 αὐτίκ’
3191 5579 3534 5638 ἀπαντῶντας
3618 5573 3872 5648 ἒμέτους.

2219 5672 2375 5732 Ἀλλ’
2431 5671 2670 5746 ἠπίαλοί
2697 5690 2842 5735 τινες
2898 5669 3129 5742 ἑκάστης
3181 5669 3391 5745 ἡμέρας
3439 5665 3492 5730 ἐς
3541 5671 3688 5742 μῆνα
3712 5665 3870 5721 κατέ-
