4154 6216
328 331 449 392 H7

1816 323 2246 389 EPISTOLIE.

3612 332 3732 392 418

332 481 489 537 σχον,
523 457 694 516 δεινοὶ
745 462 840 535 μὲν
888 458 1137 536 ἐκτρίψαι
1184 459 1272 514 καὶ
1322 453 1684 513 καταϐαλεῖν·
1741 458 1853 532 οὐχ
1895 458 1976 513 ὅτι

2095 464 2304 526 castra,
2335 458 2422 516 vis
2487 460 2672 516 morbi
2723 466 3014 533 posuerat.
3081 464 3268 536 Atque
3328 466 3487 520 taceo
3536 468 3730 520 tamen

327 571 388 628 γε
435 552 584 622 ἡμᾶς
630 548 759 612 τοὺς
806 546 916 620 ἤδη
967 547 1494 624 διαπεπραγμένους,
1524 547 1617 601 καὶ
1649 545 1829 621 ὥσπερ
1881 567 1980 601 κα-

329 646 545 713 μόντων
577 637 812 694 εἴδωλον
846 638 1027 708 ὄντας,
1070 636 1218 694 ἀλλά
1267 639 1354 692 καὶ
1397 639 1524 699 τοὺς
1569 635 1699 711 μάλ’
1732 636 1981 713 ἐρῥωμέο

326 746 450 788 von;
477 725 543 780 τὸ
575 730 759 799 σῶμα,
787 726 876 781 καὶ
907 727 1006 794 τὴν
1040 723 1371 801 Ἡρακλέους
1424 723 1682 800 ἴσχοντας
1742 723 1938 802 ῥώμην
1965 742 1979 757 ο

326 812 626 888 δεινότεροι
675 811 752 882 δὲ,
798 818 876 886 τῷ
929 815 1121 876 νυκτὸς
1179 813 1497 889 ἀρχομένης
1554 811 1706 877 εὐθὺς
1750 811 1981 883 ἐπιέναι,

322 903 400 965 ὡς
438 900 575 976 μηδ’
604 904 773 958 ὕπνου
816 902 1108 979 λαγχάνειν
1159 901 1418 958 δύνασθαι
1443 921 1455 934 '
1500 903 1597 957 εἶθ’
1627 899 1806 977 ’έτεροι
1852 922 1982 957 του-

316 1013 478 1048 τουσι
530 990 902 1068 διαδέχονται,
934 992 998 1047 οὐ
1048 993 1186 1047 κατά
1233 992 1404 1048 ταυτά
1451 989 1810 1065 διακείμενοι,
1851 988 1981 1047 ἀλλ’

317 1081 565 1144 ἐοικότες
594 1086 712 1143 τοῖς
744 1080 956 1137 πάλαι·
991 1081 1087 1136 εἶτ’
1119 1080 1273 1144 αὖθις
1306 1080 1495 1153 ἄλλοι,
1527 1082 1618 1137 καὶ
1672 1078 1823 1154 μάλα
1872 1079 1981 1135 ἅλ-

317 1169 441 1240 λοι,
491 1167 676 1246 ὥσπερ
733 1169 839 1225 ἀπὸ
918 1172 1285 1245 συνθήματος.
1347 1170 1448 1226 Καὶ
1495 1172 1662 1244 ἡμεῖς
1713 1169 1764 1224 ἐν
1824 1163 1980 1247 φόϐῳ

318 1259 532 1331 πολλῷ
563 1259 654 1315 καὶ
694 1259 944 1339 ταράχῳ,
969 1264 1079 1314 τῶν
1134 1259 1230 1332 μὲν
1279 1258 1478 1337 ἰατρῶν
1528 1258 1643 1315 ἄνω
1692 1258 1784 1314 καὶ
1832 1258 1980 1314 κάτω

325 1347 614 1423 βοώντων,
645 1348 719 1408 ὡς
754 1346 845 1403 ἐπὶ
895 1346 1083 1418 θύραις
1133 1350 1169 1418 ἡ
1217 1346 1471 1417 τελευτὴ,
1519 1347 1611 1403 καὶ
1672 1344 1825 1403 οὐδὲν
1863 1348 1975 1421 χρὴ

322 1434 555 1509 μέλλειν
589 1433 703 1490 οὐδ’
731 1434 1074 1506 ἀναδύεσθαι,
1103 1434 1252 1491 ἀλλά
1287 1438 1378 1491 καὶ
1427 1438 1683 1511 πράττειν
1732 1437 1765 1491 ἃ
1803 1437 1979 1512 πριιίτ⁴

320 1545 440 1580 τειν
500 1522 740 1598 μάλιστα
796 1525 934 1603 χρή.
968 1520 1400 1599 Θορυϐουμένων
1456 1523 1515 1579 δὲ
1560 1529 1670 1580 τῶν
1729 1525 1977 1598 ἑταίρων,

316 1614 415 1669 καὶ
463 1613 860 1690 προστιθέντων
909 1612 1183 1689 οἰμωγαῖς
1235 1615 1509 1692 οἰμωγὰς,
1559 1614 1651 1669 καὶ
1704 1632 1978 1688 συνευχο-

321 1703 501 1774 μένων
536 1702 815 1779 ῥᾳστώνην
842 1723 855 1736 ·
886 1705 1016 1768 τοὺς
1044 1701 1136 1759 οὖν
1184 1701 1327 1758 οὕτω
1380 1704 1475 1777 μὲν
1524 1699 1779 1782 ἔχοντας,
1811 1702 1864 1757 ἐν
1922 1699 1979 1757 δὲ

2088 547 2396 605 ventriculi
2435 548 2954 621 refrigerationem,
3000 552 3350 625 tristemque
3406 552 3481 607 ad
3536 553 3734 608 omnia

2089 654 2389 706 nauseam,
2422 642 2481 694 et
2509 636 2689 703 illico,
2721 645 2788 695 ut
2826 640 3070 713 aliquid,
3106 643 3257 714 quod
3317 643 3390 698 ad
3443 641 3734 713 ejusmodi

2089 727 2359 782 morbum
2406 726 2592 783 facere
2639 729 2802 795 solet,
2836 732 3150 788 necssitate
3204 738 3439 787 coactus
3497 748 3735 787 assum-

2089 816 2364 889 psissem,
2407 823 2780 875 occurrentes
2827 820 3102 877 vomitus.
3152 820 3283 875 Jam
3342 826 3400 877 et
3448 819 3735 876 continua

2091 906 2358 977 quaedam
2390 907 2866 980 quotidianasque
2906 907 3093 964 febres
3137 924 3394 965 mensem
3437 908 3731 980 integrum

2091 996 2386 1064 tenebant,
2420 1012 2615 1068 eisque
2662 1014 2777 1053 non
2828 1013 2934 1053 nos
2979 999 3172 1065 modo,
3198 998 3320 1068 jam
3378 1003 3506 1053 tum
3566 999 3737 1069 plane

2089 1085 2402 1146 confectos,
2442 1091 2500 1142 et
2529 1087 2825 1158 quoddam
2860 1087 3022 1156 quasi
3058 1087 3439 1143 simulacrum
3474 1093 3737 1144 mortuo-

2090 1189 2217 1229 rum
2246 1169 2352 1245 (Ιλ.
2384 1174 2445 1245 ψ,
2468 1174 2540 1227 72
2569 1176 2718 1246 sta),
2752 1174 2851 1231 sed
2883 1180 2938 1230 et
2973 1191 3212 1246 corpore
3262 1192 3437 1248 quam
3481 1176 3736 1233 maxime

2089 1261 2371 1331 valentes,
2404 1262 2818 1335 Herculeisque
2848 1264 3117 1333 praeditos
3169 1263 3409 1331 viribus,
3468 1264 3736 1337 frangere

2090 1368 2156 1408 ac
2195 1359 2577 1425 prosternere,
2621 1368 2762 1408 sane
2849 1368 3018 1423 quam
3102 1353 3344 1409 idoneis.
3376 1352 3564 1410 Tanto
3603 1370 3733 1410 vero

2091 1442 2304 1498 eaedem
2326 1440 2629 1511 graviores,
2662 1441 2818 1513 quod
2848 1442 2958 1497 sub
3002 1441 3250 1514 primam
3299 1441 3617 1498 identidem
3653 1444 3736 1499 fa-

2091 1545 2213 1585 cem
2246 1534 2625 1597 recurrerent,
2659 1533 2722 1584 ut
2751 1545 2824 1585 ne
2880 1545 3155 1586 somnum
3188 1546 3392 1602 capere
3440 1530 3731 1602 integrum

2091 1627 2260 1675 esset.
2293 1620 2448 1685 Quae
2479 1635 2611 1676 mox
2634 1618 2901 1686 aliaa,nec
2932 1619 3195 1690 ejusdem
3230 1620 3733 1689 moditamen,sed

2090 1709 2492 1783 superioribus
2508 1709 2627 1766 illis
2643 1709 2978 1776 simillimas,
2992 1709 3370 1782 excipiebant,
3385 1714 3511 1766 tum
3526 1727 3733 1767 rursus

315 1793 599 1847 τοσούτων
656 1791 815 1855 ὄντας
875 1789 1062 1847 δεινῶν
1144 1788 1482 1869 μεσημϐρίᾳ,
1545 1790 1862 1865 μηδαμόθεν
1922 1790 1976 1847 δὲ

2093 1799 2240 1864 aliae,
2271 1799 2517 1871 aliasque
2574 1798 2925 1870 complures,
2957 1803 3239 1870 tanquam
3282 1817 3352 1855 ex
3407 1806 3729 1871 compacto.

318 1888 577 1955 χρηστῆς
622 1879 698 1936 ἔτ’
750 1879 917 1952 οὔσης
962 1879 1211 1954 ἐλπίδος,
1240 1887 1347 1937 τῶν
1392 1880 1441 1936 δ’
1497 1880 1752 1936 ἐναντίων
1798 1879 1977 1935 ἁπάν-

312 1994 456 2039 των,
487 1973 578 2027 καὶ
622 1978 740 2037 τοῖς
789 1973 884 2047 μὲν
935 1973 1089 2037 ὅλοις
1142 1973 1511 2050 ἀπειρηκότας
1552 1971 1775 2048 σχεδὸν,
1809 1973 1974 2046 μόνον

320 2057 383 2115 δὲ
414 2063 518 2130 τὴν
568 2061 692 2136 περὶ
740 2065 928 2140 ψυχῆς
963 2061 1206 2133 θέοντας,
1239 2060 1541 2136 μᾶλλονδὲ
1593 2066 1675 2135 τῷ
1734 2060 1975 2135 πλείστῳ

316 2150 653 2220 τεθνηκότας
683 2154 781 2203 τοῦ
814 2150 960 2225 βίου,
992 2150 1037 2203 ὢ
1066 2157 1169 2221 τῆς
1198 2151 1406 2229 ἀιράτου
1437 2151 1563 2227 περὶ
1606 2153 1754 2225 ἡμᾶς
1787 2149 1978 2228 φιλαν-

321 2237 573 2313 θρωπίας
628 2239 801 2294 Θεοῦί
847 2239 1074 2317 ὒφέσθαι
1123 2260 1182 2295 τε
1226 2247 1570 2317 παραχρῆμα
1627 2235 1821 2313 ξυνέϐη
1880 2243 1976 2294 τοῦ

316 2324 554 2385 τοσοῦδε
619 2323 923 2394 κλύδωνος,
983 2328 1074 2383 καὶ
1130 2335 1233 2398 τῆς
1287 2329 1555 2405 προτέρας
1607 2330 1700 2403 μὲν
1762 2329 1866 2384 οὐκ
1912 2328 1973 2383 ἃν

320 2417 515 2497 φαίην,
549 2416 729 2492 ὑγείας
765 2413 810 2472 δ’
841 2415 933 2472 οὗν
981 2416 1330 2495 ἐπειλῆφθαι,
1368 2417 1519 2493 μάλα
1570 2420 1665 2493 μὲν
1718 2420 1972 2490 ἡδίστης,

318 2509 411 2562 ὅτι
459 2506 663 2580 παρῄει
711 2507 859 2581 παρά
904 2512 1076 2562 πᾶσαν
1131 2509 1383 2577 ἡντινοῦν
1429 2506 1780 2584 προσδοκίαν,
1827 2506 1976 2582 μάλα

320 2593 383 2651 δὲ
441 2596 819 2667 πιθανωτάτης
872 2595 931 2651 ἂν
984 2596 1075 2652 καὶ
1134 2597 1355 2653 εἷσάπαν
1414 2598 1667 2677 ἀφῖχθαι.
1727 2598 1825 2653 Καὶ
1880 2601 1970 2651 νῦν

319 2690 441 2747 τοῖς
509 2686 708 2761 ὁρῶσιν
783 2683 962 2758 ὥσπερ
1033 2680 1458 2742 ἀναϐεϐιωκόσιν
1535 2685 1813 2757 ἐοίκαμεν.
1874 2687 1969 2740 Καὶ

320 2775 416 2830 νῦν
476 2775 572 2849 μὶν
625 2773 720 2837 τάς
778 2773 1017 2854 κεῳαλάς
1074 2779 1373 2846 κινοῦντες,
1424 2779 1516 2830 νῦν
1574 2773 1630 2831 δὲ
1683 2777 1763 2831 τὼ
1821 2779 1973 2851 χεῖρε

321 2864 707 2935 πατάσσοντες,
766 2862 1231 2936 ἀπαλλάττονται,
1308 2865 1425 2937 Θεῷ
1505 2864 1665 2940 χάριν
1745 2863 1968 2934 εἰδότες,

320 2958 403 3026 τῷ
461 2951 636 3008 πάντα
695 2953 793 3027 μὶν
848 2950 1146 3028 δυναμένῳ,
1206 2954 1379 3010 πάντα
1447 2952 1503 3010 δὲ
1559 2958 1806 3010 ποιοῦντι
1879 2954 1971 3009 καὶ

329 3042 781 3115 μετασκευάζοντι
816 3042 969 3117 μόνῳ
1017 3047 1099 3116 τῷ
1146 3042 1457 3119 βούλεσθαι.
1487 3048 1677 3117 Ἡμεῖς
1733 3044 1828 3117 μὲν
1858 3041 1970 3113 οὖν,

324 3131 433 3186 αἰεὶ
483 3134 619 3186 Θεοῦ
668 3126 937 3203 διδόντος,
987 3132 1124 3207 πρὸς
1168 3133 1235 3188 τὰ
1287 3131 1490 3207 βελτίω
1538 3136 1831 3208 χωροῦμεν
1880 3142 1971 3187 καί

327 3217 509 3293 ζῶμεν
559 3220 675 3293 μετ’
723 3219 939 3297 ἀγαθῶν
981 3224 1092 3275 τῶν
1134 3219 1398 3291 ἐλπίδων,
1458 3220 1632 3277 ἐκεῖνα
1692 3221 1971 3291 παθόντες,

325 3312 401 3363 ὧν
461 3308 551 3363 καὶ
618 3309 680 3364 τὸ
748 3312 1054 3382 μεμνῆσθαι
1118 3311 1281 3383 μόνον
1331 3310 1628 3390 κατηφείας
1683 3310 1973 3373 ὑπόθεσις·

323 3397 572 3472 Ἱεροθέῳ
603 3394 661 3453 δὶ
689 3402 768 3470 τῷ
796 3396 953 3472 καλῷ
981 3397 1171 3456 πολλά
1198 3399 1373 3476 ἀγαθά
1417 3401 1650 3474 γένοιτο,
1675 3398 1788 3475 οὔχ
1825 3399 1975 3462 ὅπως

321 3489 391 3555 ἧς
442 3484 560 3560 ἔχει
613 3488 995 3561 χρηστότητος
1043 3490 1137 3544 καὶ
1186 3488 1495 3559 ἐπιεικείας,
1549 3490 1640 3544 καὶ
1687 3493 1785 3544 τοῦ
1854 3487 1977 3563 περῖ

323 3574 596 3632 πλείστου
625 3576 717 3631 καὶ
751 3575 1041 3651 βούλεσθαι
1071 3579 1161 3633 καὶ
1208 3580 1513 3650 ποιεῖσθαι,
1546 3576 1725 3653 ὥσπερ
1757 3575 1980 3654 ἄγαλμά

320 3688 377 3721 τι
409 3664 694 3740 πάγκαλον
725 3662 814 3721 διὰ
842 3667 1058 3722 πάντων
1086 3668 1185 3736 τὴν
1220 3668 1408 3742 ψυχὴν
1438 3665 1775 3743 ἐξειργάσθαι
1801 3687 1814 3700 ο
1849 3665 1980 3722 ἀλλ’

327 3755 415 3810 ὅτι
461 3756 633 3829 κάμοὶ
680 3755 830 3828 μάλα
874 3758 1137 3830 κάμνοντι
1185 3758 1274 3812 καὶ
1323 3757 1857 3833 ταλαιπωρουμένῳ,
1888 3759 1979 3813 καὶ

327 3843 387 3899 τί
430 3844 533 3919 γάρ
593 3841 734 3899 ἄλλο
787 3843 822 3914 ἢ
872 3850 1029 3899 πᾶσιν
1080 3844 1272 3908 ἁπλῶς
1336 3846 1423 3901 ὑπ’
1466 3845 1694 3923 ἀπορίας
1754 3845 1981 3922 δυσαρε-

331 3936 548 3988 στοῦντι
579 3934 717 3988 κατά
743 3934 840 4003 τήν
869 3932 1173 4010 τραγῳδίαν
1205 3935 1368 4009 μόνος
1409 3936 1530 3991 ἀντὶ
1581 3935 1793 3993 πάντων
1837 3957 1982 4013 παρ-

331 4028 427 4092 ῆν,
475 4022 787 4101 ὑπανέχων,
839 4024 1137 4098 κουφίζων,
1199 4026 1509 4097 θεραπεύων
1564 4026 1621 4080 εὖ
1684 4027 1853 4100 μάλα,
1892 4028 1981 4081 καί

328 4114 434 4181 τήν
469 4112 563 4185 μὲν
597 4112 674 4175 εἷς
702 4112 862 4167 αὐτὸν
897 4111 1132 4182 ἤκουσαν
1171 4112 1272 4168 οὐκ
1320 4113 1809 4189 ἐγκαταλιμπάνων
1861 4136 1976 4169 συν-

326 4201 570 4271 τέλειαν,
598 4205 729 4256 πᾶσι
801 4199 847 4256 δ’
896 4203 979 4265 οἷς
1028 4201 1147 4265 οἷός
1196 4204 1245 4257 τ’
1274 4203 1341 4273 ἦν
1371 4205 1466 4266 τὰς
1506 4200 1697 4269 ὀδύνας
1723 4204 1982 4280 παράγων

324 4291 418 4346 καὶ
476 4289 866 4365 συναιρόμενος
914 4291 981 4345 τὰ
1032 4291 1346 4367 γιγνόμενα,
1377 4290 1441 4347 τό
1492 4289 1786 4363 λαθικηδὲς
1836 4290 1984 4347 ἄντι-

325 4401 463 4458 κρυς
521 4378 693 4435 ἐκεῖνο
753 4381 845 4435 καὶ
899 4382 982 4443 οἷς
1031 4379 1188 4459 ἔλεγε
1216 4382 1308 4437 καὶ
1347 4384 1431 4444 οἷς
1460 4377 1690 4457 ἔπραττε
1719 4384 1984 4459 γιγνόμε-

324 4491 420 4532 νος
461 4473 767 4549 φάρμακον.
799 4470 896 4532 ⁸ος
940 4467 993 4525 ἐν
1047 4470 1140 4545 μὲν
1192 4476 1309 4532 ταῖς
1358 4468 1817 4543 ἀλλεπαλλήλοις
1871 4475 1980 4526 τῶν

2088 1889 2299 1961 Magna
2337 1889 2519 1961 igitur
2552 1905 2656 1945 nos
2702 1888 2763 1944 in
2812 1888 3165 1956 lorimidine,
3198 1905 3410 1962 magno
3478 1888 3731 1945 tumultu

2088 1978 2628 2047 versabamur,cum
2649 1978 2891 2035 medicis
2921 1994 3159 2035 sursum
3191 1977 3581 2049 deorsumque
3607 1978 3731 2035 cla-

2089 2066 2455 2136 mitantibus,
2503 2067 2864 2139 jamjamque
2907 2084 3020 2139 prae
3080 2066 3305 2124 foribus
3352 2067 3486 2123 vitm
3524 2067 3733 2124 adesse

2090 2157 2288 2222 linem,
2311 2170 2418 2212 nec
2449 2153 2636 2211 ullum
2672 2171 2844 2211 morm
2859 2156 3506 2227 atquetergiversetioni
3532 2156 3727 2213 locum

2087 2243 2362 2317 relinqui,
2397 2259 2599 2300 verum
2655 2248 2912 2307 strenue,
2946 2244 3234 2315 quidquid
3272 2244 3420 2300 iacto
3477 2245 3728 2299 maxime

2085 2349 2231 2403 Opus
2261 2337 2436 2402 esset,
2470 2350 2598 2390 esse
2630 2333 3182 2401 factitandum,tum
3215 2333 3420 2390 amicis
3447 2333 3732 2389 tumultu-

2085 2422 2343 2490 antibus,
2377 2423 2761 2495 planctusque
2795 2421 3092 2494 plantibus
3134 2420 3651 2493 ingeminantibus,
3675 2426 3733 2478 et

2084 2509 2479 2567 levamentum
2513 2510 2779 2567 dolorum
2820 2510 3174 2582 optantibus.
3202 2511 3363 2566 Hunc
3421 2516 3615 2567 autem
3642 2511 3729 2568 at“-

2086 2600 2254 2655 fectis
2284 2599 2344 2654 in
2378 2600 2638 2667 modum,
2670 2599 2915 2672 ipsoque
2947 2599 3124 2655 veluti
3181 2604 3267 2655 tot
3317 2598 3605 2655 malorum
3667 2600 3727 2657 in

2084 2689 2325 2746 meridie
2357 2690 2749 2761 positis,bona
2779 2689 2939 2745 nulla
2967 2690 3232 2747 alicunde
3260 2690 3514 2762 amplius
3554 2690 3727 2747 atl'ul-

2084 2782 2254 2849 gente
2297 2793 2422 2850 sps,
2472 2779 2591 2833 imo
2637 2793 2770 2833 vero
2818 2778 2949 2834 aliis
2997 2794 3066 2834 ex
3108 2778 3393 2834 contrario
3423 2779 3723 2846 omnibus,

2081 2882 2429 2939 summaque
2461 2883 2652 2923 rerum
2684 2868 2945 2923 omnium
2975 2868 3378 2938 desperatione
3409 2884 3720 2940 prapemo-

2083 2954 2223 3011 dum
2264 2955 2757 3025 conﬂictantibus,
2788 2960 2845 3013 et
2873 2959 3194 3012 extremum
3226 2971 3382 3011 nunc
3421 2958 3492 3011 de
3522 2959 3720 3014 anima

2081 3044 2445 3100 currentibus
2474 3044 2854 3113 curriculum,
2887 3045 3007 3101 sive
3049 3044 3262 3114 potius,
3297 3044 3547 3100 maxima
3585 3046 3715 3100 vitae

2082 3136 2244 3205 parte
2257 3133 2385 3205 jam
2427 3133 2738 3203 defunctis,
2771 3151 2804 3189 ο
2832 3133 3283 3190 inenarrabilem
3316 3133 3415 3189 Dei
3456 3150 3590 3205 erga
3611 3150 3718 3191 nos

2087 3220 2535 3295 benignitatem!
2565 3224 2755 3279 subito
2786 3238 2927 3279 sane
2957 3222 3222 3294 contigit,
3254 3229 3317 3277 ut
3339 3227 3498 3278 tanto
3520 3223 3719 3279 subsi-

2088 3313 2260 3369 dente
2307 3313 2604 3370 undarum
2658 3313 2836 3369 ﬂuctu
2889 3314 3251 3384 eriperemur
3281 3314 3730 3385 sanitatemque,

2090 3404 2245 3460 haud
2278 3401 2438 3459 illam
2470 3404 2708 3475 quidem
2734 3404 3041 3475 pristinam
3070 3401 3453 3469 dixerim,sed
3477 3402 3733 3474 aliquam

2086 3497 2304 3564 tamen,
2338 3493 2847 3566 prehenderemus,
2880 3508 3125 3564 eamque
3154 3492 3324 3565 longe
3359 3496 3485 3548 tum
3517 3492 3737 3549 dulcis-

2089 3581 2321 3652 simam,
2354 3582 2569 3655 quippe
2596 3597 2665 3637 ex
2695 3581 2994 3655 inopinato
3041 3582 3276 3654 penitus
3323 3581 3735 3655 insperatoque

2089 3669 2393 3741 allapsam,
2426 3675 2553 3727 tum
2584 3686 2756 3743 quam
2790 3670 3086 3742 propriam
3133 3685 3197 3725 ac
3254 3673 3595 3742 perpetuam
3643 3686 3738 3726 ve-

2090 3757 2268 3827 nisse,
2288 3774 2420 3814 vero
2442 3775 2619 3832 quam
2643 3757 3012 3814 simillimum
3045 3758 3139 3814 sit.
3161 3758 3186 3812 J
3197 3773 3291 3813 am
3319 3758 3514 3830 itaque
3544 3760 3736 3813 visen-

2090 3848 2251 3905 tibus
2305 3847 2464 3905 velut
2538 3865 2608 3904 ex
2649 3848 2975 3904 Acheronte
3021 3848 3253 3903 excitati
3301 3847 3588 3913 videmur,
3635 3847 3739 3918 qui

2093 3938 2307 4009 partim
2349 3937 2525 3993 motis
2546 3936 2854 4008 capitibus,
2889 3935 3101 4008 partim
3121 3934 3434 4007 complosis
3464 3935 3736 3992 manibus

2093 4044 2125 4081 a
2148 4026 2335 4082 nobis.
2358 4026 2594 4093 abeunt,
2611 4024 2835 4097 Deoque
2864 4025 3113 4098 gratiam
3158 4025 3393 4092 habent,
3413 4023 3511 4096 qui
3540 4022 3741 4081 omnia

2093 4119 2218 4170 tum
2243 4118 2591 4185 potest,tum
2625 4114 2758 4168 facit
2804 4113 3313 4185 transformatque,
3337 4112 3460 4169 solo
3500 4111 3737 4169 arbitrio

2093 4220 2220 4260 suo.
2270 4204 2470 4273 (Amos,
2502 4220 2556 4272 v,
2578 4203 2658 4275 8.)
2692 4203 2787 4259 Sic
2819 4218 2927 4258 nos
2976 4202 3155 4274 igitur
3213 4202 3329 4258 Deo
3378 4202 3577 4270 dante,
3609 4218 3738 4273 per-

2095 4302 2260 4363 petuo
2288 4294 2358 4348 ad
2394 4293 2631 4348 meliora
2664 4293 3328 4364 progredimur,speque
3348 4290 3740 4364 optimavivi-

2094 4397 2245 4449 mus,
2277 4398 2344 4437 ea
2372 4380 2633 4437 videlicet
2655 4381 3074 4454 perpessi,quse
3104 4380 3194 4435 vel
3225 4381 3422 4436 animo
3449 4380 3735 4436 duntaxat

2099 4471 2389 4528 revolvere
2446 4472 2636 4542 pigeat
2678 4472 3019 4541 tedeatque.
3078 4469 3308 4542 Optimo
3344 4486 3478 4526 vero
3528 4469 3733 4526 Hiero-

328 4538 524 4613 δεινῶν
553 4557 891 4632 τρικυμίαις,
922 4557 1012 4614 καὶ
1047 4538 1167 4621 τοῖς
1221 4559 1489 4637 μεγάλοις
1535 4559 1758 4621 ἐκείνοις
1810 4557 1976 4632 κύμα-

2092 4563 2223 4619 theo
2256 4564 2408 4620 bona
2437 4563 2636 4618 omnia
2663 4562 2950 4630 eveniant,
2982 4578 3206 4634 precor,
3242 4578 3361 4619 non
3401 4563 3473 4618 ob
3530 4560 3738 4633 probi-

324 4668 433 4717 σιν,
466 4644 620 4702 οὐδὲν
652 4649 815 4716 ἧττον
848 4645 1037 4723 ἀλγῶν
1067 4645 1321 4719 διετέλει,
1352 4648 1443 4704 καὶ
1501 4650 1601 4719 τὴν
1659 4649 1844 4727 ψυχὴν
1887 4668 1982 4704 κα-

323 4734 615 4805 τακλύζων
675 4735 908 4811 ἀθυμίας
969 4734 1166 4812 ῥοθίῳ,
1205 4736 1368 4793 ὁπότε
1426 4735 1472 4792 δ’
1503 4735 1656 4800 αὖθις
1706 4735 1980 4812 ῥαΐσαιμι,

323 4828 418 4883 καὶ
475 4827 638 4891 aeta;
695 4827 975 4908 ἀναφέρων
1035 4829 1125 4885 καὶ
1201 4831 1458 4903 μεθιστὰς
1534 4829 1609 4893 εἷς
1686 4829 1978 4904 εὐθύμους.

325 4916 518 4973 Καίτοι
545 4916 599 4974 τί
629 4916 807 4993 λέγως
838 4914 1111 4980 πολλάκις
1142 4919 1246 4993 γὰρ
1276 4917 1365 4972 καὶ
1392 4917 1530 4993 πρὸς
1560 4914 1807 4979 πολλοὺς
1842 4915 1979 4990 διεξ-

326 5007 417 5083 ῄει
447 5009 608 5083 ἡμῶν
641 5007 973 5078 ἀκουόντων,
1002 5007 1092 5064 καὶ
1125 5006 1287 5084 ὅρκον
1318 5013 1437 5071 τοῖς
1490 5008 1701 5084 ῥήμασι
1749 5028 1980 5084 προστι-

324 5098 459 5168 θεὶς,
491 5098 565 5160 ὡς
598 5094 778 5167 ἥδιστ’
808 5097 869 5152 ἂν
900 5094 1051 5172 εἷ’περ
1083 5096 1149 5166 ἦν
1173 5094 1426 5167 ἐθελῆσαι
1458 5100 1559 5167 τὴν
1596 5098 1775 5173 τύχην
1809 5094 1978 5152 ἀλλά-

324 5186 553 5256 ξασθαι·
588 5185 803 5261 μᾶλλον
863 5183 922 5240 δὲ
976 5185 1067 5241 καὶ
1122 5189 1224 5255 τήν
1280 5189 1468 5263 ψυχὴν
1523 5186 1584 5241 ἂν
1635 5185 1803 5257 αὐτὴν
1843 5186 1977 5263 ὑπὲρ

322 5272 487 5347 ἡμῶν
521 5274 757 5349 ἑτοίμως
801 5274 1085 5351 προέσθαι.
1118 5278 1386 5338 Τοσοῦτος
1433 5276 1585 5348 αύτῷ
1634 5273 1798 5352 λόγος
1845 5275 1973 5332 τοῦ·

327 5369 435 5438 μοῦ
466 5364 772 5439 περιόντος.
805 5366 962 5421 Ὅθεν
1005 5363 1155 5443 φιλῶ
1197 5365 1292 5438 μὲν
1344 5364 1506 5420 αὐτὸν
1559 5363 1672 5420 ἴσον
1724 5362 1833 5440 ἐμῇ
1882 5387 1974 5422 κε-

324 5449 497 5532 φαλῇ,
531 5452 620 5509 καὶ
651 5455 751 5526 τήν
772 5475 833 5531 γε
866 5452 1041 5529 μέσην
1071 5453 1263 5530 χώραν
1300 5460 1400 5524 τῆς
1456 5457 1642 5533 ψυχῆς
1690 5452 1971 5529 ἀπονέμω,

324 5543 658 5619 συνεύχομαι
690 5540 748 5598 δὲ
776 5548 989 5620 τυχεῖν,
1023 5544 1097 5599 ῶν
1130 5548 1319 5618 τυχεῖν
1350 5540 1668 5612 ἐσπούδακε,
1705 5543 1795 5597 καὶ
1850 5547 1971 5606 ταῖς

322 5636 430 5687 τῶν
479 5632 683 5710 ἀρετῶν
726 5630 971 5713 ἀρδείαις
1026 5633 1127 5704 τὴν
1178 5633 1366 5715 ψυχὴν
1404 5629 1697 5706 τεθηλότα,
1726 5633 1970 5712 καρποὺς

2094 4657 2272 4709 tatem
2307 4657 2531 4709 tantum
2544 4651 3084 4725 humanitatemque
3105 4667 3297 4721 suam,
3319 4652 3475 4723 quod
3506 4665 3734 4706 somme

2092 4741 2232 4798 item
2272 4746 2399 4797 tum
2447 4742 2660 4808 studet,
2694 4747 2816 4796 tum
2874 4741 3127 4797 maximo
3177 4742 3236 4797 in
3295 4740 3479 4812 pretio
3534 4738 3732 4808 habet,

2093 4833 2349 4888 animam
2381 4846 2548 4887 suam
2579 4830 3121 4886 velutfaberrimum
3154 4828 3731 4902 pulcherrimumque

2091 4920 2385 4992 quoddam
2415 4920 2675 4993 signum,
2706 4922 2868 4977 omni
2915 4936 2984 4976 ex
3026 4925 3187 4992 parte
3234 4933 3501 4987 exonare,
3533 4933 3733 4974 verum

2089 5009 2263 5064 etiam
2277 5009 2432 5082 quod
2454 5008 2599 5065 mihi
2613 5010 2955 5082 gravissime
2975 5008 3280 5081 aegrotanti
3302 5006 3731 5079 laborantique,

2089 5100 2300 5172 quidve
2349 5100 2530 5171 aliud,
2562 5116 2738 5173 quam
2796 5115 2914 5173 prae
2969 5098 3289 5170 angoribus
3348 5115 3483 5172 erga
3530 5113 3735 5154 omnes

2087 5188 2326 5245 omnino
2366 5188 2653 5246 morosius
2674 5187 2879 5244 affecto
2898 5187 2927 5242 ?
2953 5194 3012 5243 ut
3040 5188 3103 5243 in
3134 5188 3416 5260 tragcedia
3439 5190 3545 5257 est,
3581 5200 3733 5242 unus

2086 5277 2351 5334 omnium
2381 5277 2562 5334 vicem
2595 5282 2800 5350 praasto
2844 5276 2987 5332 fuit:
3022 5276 3419 5346 sustollentes,
3453 5274 3729 5344 allevans,

2083 5367 2514 5425 studiosissime
2549 5383 2779 5437 curans,
2813 5370 3117 5438 ratamque
3161 5365 3336 5422 officii
3379 5365 3471 5422 sui
3503 5369 3729 5436 partem

2082 5458 2537 5530 haudquaquam
2566 5455 2865 5525 omittens,
2896 5461 3073 5528 atque
3102 5457 3396 5528 omnibus,
3433 5455 3598 5527 queis
3627 5471 3729 5527 po-

2083 5550 2226 5603 terat
2254 5547 2463 5615 modis,
2486 5545 2705 5603 doloris
2736 5561 2977 5603 sensum
3009 5549 3278 5603 avertens
3308 5562 3376 5602 ac
3397 5545 3725 5616 deducens;

2079 5639 2135 5693 et
2164 5652 2335 5710 quam
2367 5635 2578 5692 licebat
2606 5650 2776 5709 opem
2805 5649 3160 5710 operamque
3209 5642 3515 5710 praestans,
3556 5631 3728 5709 quive
