4154 6216
431 310 550 374 419

1736 304 2135 369 THEODULI
2180 305 2529 371 MONACHI

3718 300 3855 364 420

435 446 611 503 dictis
649 445 770 503 suis
827 443 1138 517 factisque,
1186 442 1329 499 illud
1373 457 1768 500 aerumnarum
1816 445 2072 499 omnium

2196 440 2504 516 βλαστῆσαι
2553 440 2852 520 θεοφιλεῖς,
2882 445 3102 516 καρπῶν
3154 437 3430 495 ἀθανάτων
3480 437 3715 503 αἰτίους,
3746 432 3854 489 καὶ

439 536 781 593 memoriam
850 533 1078 590 diluens
1142 533 1527 603 pharmacum
1582 530 1675 603 (ex
1705 526 1827 585 ’08.
1863 531 1923 597 A’
1953 531 2081 600 2'21,

438 625 644 693 Synes,
677 622 845 694 epist.
880 622 1008 692 146)
1037 620 1181 677 mihi
1219 619 1391 692 plane
1427 624 1565 677 erat.
1599 620 1822 692 Quippe
1878 626 1977 694 qui
2023 620 2084 675 in

437 712 805 769 creberrimis
826 711 1186 767 cruciatuum
1218 710 1557 766 decumanis
1586 709 2085 778 ﬂuctibus,maxi-

436 802 660 872 misque
689 799 808 855 illis
839 798 1034 868 undis,
1057 798 1243 855 nihilo
1292 799 1416 869 ipse
1463 798 1661 855 minus
1692 810 1745 855 et
1803 805 2084 870 perpetuo

2192 535 2325 585 Θεοῦ
2352 530 2596 607 γενέσθαι
2644 531 2889 603 τέμενος.
2926 530 3205 607 Συνεύχου
3254 527 3312 584 δὲ
3367 526 3457 582 καὶ
3514 525 3699 593 αὐτὸς,
3735 521 3861 596 οὐχ

2192 620 2266 681 ὡς
2300 620 2374 682 εἷς
2406 624 2595 681 τοκέας
2630 620 2789 693 μόνον
2820 618 3019 689 τελῶν,
3054 618 3199 673 ἀλλᾶ
3246 619 3338 672 καὶ
3370 618 3445 677 ὡς
3484 613 3641 689 ἀνδρὶ
3684 609 3860 683 καλῷ

2192 707 2433 779 κάγαθῷ,
2490 708 2580 762 καὶ
2654 707 2882 783 τρόποις
2958 712 3225 781 χρηστοῖς
3302 706 3505 766 πάντας
3562 700 3863 760 ἐπαινέτας

2195 794 2377 870 ἔχοντι
2389 840 2400 851 .

434 889 672 956 doleret,
707 890 1084 960 animamque
1116 905 1282 945 suam
1327 889 1593 944 mmroris
1631 888 1909 945 ﬂuctibus
1965 889 2299 952 inundaret,
2350 887 2450 943 ubi
2492 905 2599 945 nos
2646 905 2780 944 vero
2830 889 3038 944 iterum
3095 888 3628 954 convaluissemus,
3668 885 3870 942 etiam

432 979 556 1049 ipse
614 978 822 1049 pariter
863 995 925 1034 se
954 977 1273 1050 colligeret,
1302 982 1361 1033 et
1411 978 1483 1033 ad
1540 975 1805 1034 laetantes
1854 975 2152 1034 transiret.
2185 975 2531 1048 Quanquam
2590 977 2730 1048 quid
2782 975 2949 1032 dico?
2988 993 3138 1048 saepe
3193 975 3291 1031 illo
3339 976 3517 1041 enim,
3576 980 3635 1030 et
3688 971 3867 1045 apud

433 1065 789 1137 complures,
822 1068 991 1124 nobis
1024 1067 1417 1136 audientibus,
1448 1066 1622 1122 etiam
1647 1066 2031 1138 jurejurando
2060 1063 2253 1122 verbis
2311 1065 2436 1121 suis
2494 1067 2781 1137 apposito,
2815 1065 2968 1123 ultro
3025 1068 3319 1137 professus
3368 1071 3459 1121 est
3506 1081 3589 1133 se,
3625 1063 3676 1120 si
3728 1079 3865 1135 qua

434 1158 559 1214 fieri
590 1163 807 1231 posset,
840 1157 1230 1215 libentissimo
1262 1157 1457 1213 animo
1482 1157 1771 1213 fortunam
1795 1160 2143 1228 praesentem
2178 1172 2408 1213 mecum
2450 1160 2973 1225 commutaturum,
3004 1157 3118 1212 imo
3165 1172 3299 1212 vero
3347 1155 3607 1212 animam
3665 1154 3861 1210 etiam

438 1249 629 1321 ipsam
662 1265 788 1305 mea
815 1249 957 1318 vice,
989 1249 1118 1305 sine
1149 1248 1270 1305 ulla
1292 1248 1661 1305 cunctatione
1691 1248 2095 1320 profusurum,
2128 1262 2316 1318 usque
2347 1248 2488 1304 adeo
2530 1264 2807 1319 magnam
2851 1247 3028 1303 homo
3086 1248 3197 1303 mei
3222 1252 3285 1302 ut
3314 1250 3604 1316 superstes
3626 1259 3857 1310 essem,

435 1341 682 1397 ducebat
711 1340 1017 1397 rationem.
1052 1340 1210 1395 Haud
1244 1340 1536 1396 immerito
1562 1338 1728 1395 illum
1765 1338 1969 1410 igitur,
1992 1336 2233 1410 perinde
2288 1343 2349 1393 ut
2397 1343 2573 1408 caput
2620 1354 2809 1395 meum
2867 1338 3076 1394 adamo
3105 1334 3232 1408 (Ἰλ.
3263 1356 3320 1410 γ,
3351 1336 3445 1407 82)
3477 1341 3535 1391 et
3591 1334 3858 1391 mediam

432 1432 640 1487 anime
688 1431 886 1486 sedem
942 1431 1026 1486 illi
1074 1430 1344 1497 attribuo,
1402 1435 1529 1486 tum
1588 1433 1723 1501 opto
1775 1428 1913 1484 item
1971 1427 2167 1498 ipsum
2216 1428 2515 1499 consequi,
2543 1428 2831 1501 quidquid
2884 1427 3161 1499 consequi
3193 1427 3390 1483 studet
3423 1444 3436 1480 :
3471 1432 3527 1482 et
3554 1426 3855 1482 virtutum

431 1522 871 1595 irrigationibus
908 1522 1106 1577 anima
1153 1522 1475 1590 ﬂorentem,
1522 1521 1747 1576 fructus
1796 1518 1912 1574 Deo
1970 1530 2257 1589 acceptos,
2304 1518 2598 1575 fructuum
2656 1522 3005 1576 aternorum
3053 1533 3281 1586 causas,
3314 1517 3657 1590 producere,
3702 1514 3853 1571 Dei—

433 1628 546 1684 que
577 1612 747 1682 plane
770 1610 1051 1683 templum
1083 1610 1228 1678 ﬁeri,
1262 1612 1417 1683 quod
1447 1615 1504 1666 te
1531 1610 1705 1666 etiam
1738 1608 1953 1680 pariter
1981 1609 2181 1677 optare
2205 1605 2352 1675 volo,
2422 1624 2536 1662 non
2586 1608 2657 1664 ob
2724 1607 2783 1663 id
2829 1623 3015 1663 unum
3072 1608 3268 1676 modo,
3314 1607 3464 1678 quod
3517 1606 3855 1663 liberorum

428 1717 638 1773 parens
661 1701 787 1770 jam
813 1701 1031 1765 es,sed
1082 1707 1357 1771 prasterea
1412 1706 1477 1755 ut
1536 1701 1653 1755 viro
1713 1699 1970 1769 optimos
2015 1696 2495 1767 santissimoque,
2555 1702 2613 1752 et
2669 1713 2900 1753 morum
2954 1698 3241 1769 probitate
3301 1694 3571 1753 homines
3602 1711 3829 1752 omnes

434 1791 767 1846 laudatores
798 1794 990 1846 nacto.

932 1922 1001 1977 V.
1043 1923 1231 1994 Magno
1260 1922 1566 1994 logothetaz.

506 2058 591 2113 Tu
626 2075 785 2127 vero,
827 2060 931 2129 qui
961 2057 1184 2129 optima
1223 2058 1418 2114 omnia
1457 2062 1515 2113 et
1557 2057 1666 2122 vis,
1698 2065 1752 2114 et
1809 2062 1995 2131 potes,
2028 2064 2086 2114 et

432 2149 664 2220 egregia
694 2148 873 2204 animi
908 2148 1201 2204 alacritate
1234 2149 1376 2221 agis,
1409 2148 1553 2203 nihil
1597 2149 1872 2219 equidem
1928 2150 2085 2219 novi,

434 2244 500 2293 ut
525 2237 792 2305 arbitror,
825 2239 1087 2293 facturus
1111 2253 1178 2293 es
1204 2253 1217 2291 :
1242 2238 1292 2292 si
1316 2237 1532 2308 quibus
1580 2241 1700 2293 tam
1744 2237 1927 2293 multa
1977 2237 2087 2293 du-

432 2325 573 2379 dum
620 2324 902 2380 beneﬁcia
947 2325 1181 2393 dedisti,
1246 2326 1483 2381 eosdem
1528 2342 1684 2380 nunc
1740 2325 1917 2380 etiam
1963 2327 2083 2382 tuis

431 2429 604 2469 ornes
634 2414 929 2469 beneﬁciis
956 2431 969 2468 :
997 2413 1334 2485 quibusque
1357 2430 1474 2469 non
1513 2430 1640 2469 raro
1678 2414 1919 2469 antehac
1948 2431 2082 2486 gra-

431 2502 686 2558 tificatus
711 2519 795 2570 es,
827 2502 900 2557 iis
931 2519 1087 2558 nunc
1127 2502 1267 2557 item
1291 2503 1655 2574 gratiﬁceris.
1685 2505 1897 2558 Verum
1930 2503 2078 2559 illud

425 2591 598 2663 plane
650 2591 865 2662 ipsum,
900 2592 1053 2663 quod
1113 2591 1374 2661 quotidie
1431 2597 1489 2646 et
1540 2590 1823 2647 adversus
1878 2608 2081 2648 omnes

429 2694 613 2749 facere
646 2680 963 2739 consuesti,
989 2685 1249 2751 petentes
1283 2681 1515 2750 pariter,
1548 2685 1604 2735 et
1626 2697 1738 2736 non
1771 2686 2031 2753 petentes
2060 2698 2075 2736 :

426 2768 535 2823 hos
566 2769 874 2835 nimirum,
894 2773 957 2823 ut
987 2785 1057 2823 ne
1089 2773 1309 2841 petant,
1340 2768 1493 2833 illos,
1517 2769 1658 2842 quia
1685 2774 2074 2840 petunt.Tum

424 2874 557 2913 vero
589 2863 885 2930 praeterea,
926 2874 1081 2912 nunc
1108 2859 1281 2913 etiam
1316 2859 1619 2929 superiora
1657 2859 1874 2929 omnia,
1899 2862 2071 2931 quasi

424 2948 652 3003 decreto
684 2947 938 3017 quodam
970 2946 1194 3002 sancire
1233 2954 1405 3018 atque
1454 2947 1803 3003 conﬁrmare
1838 2950 2076 3004 videbe-

424 3038 524 3105 ris,
557 3041 609 3092 et
640 3037 815 3091 simul
847 3038 1167 3104 ostendere,
1200 3054 1334 3092 vera
1365 3042 1419 3092 te
1449 3038 1630 3093 animi
1667 3039 2070 3110 magnitudine

422 3134 476 3181 et
508 3126 735 3181 dedisse
767 3126 955 3193 nobis,
990 3126 1275 3196 quidquid
1296 3127 1583 3187 dedisses,
1614 3132 1671 3182 et
1718 3126 1825 3183 hac
1872 3130 2072 3185 eadem

422 3216 491 3270 de
521 3230 719 3282 causa,
747 3214 947 3269 eadem
983 3214 1040 3269 in
1072 3231 1328 3285 praesens
1377 3215 1708 3287 gratilicari.
1746 3218 1866 3283 Qua
1914 3218 1971 3273 in
2007 3235 2067 3274 re

2111 1920 2158 1984 Β

2549 1925 2621 1975 Ε’.
2660 1922 2754 1990 Τῷ
2795 1916 3066 1995 μεγάλῳ
3107 1916 3467 1992 λογοθὲτῃ.

2266 2052 2436 2109 Ούδὲν
2477 2054 2563 2130 ἄρ’
2592 2056 2750 2128 οἶμαι
2792 2056 3000 2121 καινὸν,
3032 2055 3078 2109 ὦ
3126 2057 3299 2110 πάντα
3344 2056 3413 2110 τὰ
3463 2053 3720 2128 βέλτιστα
3784 2057 3854 2111 σὺ

2192 2145 2281 2197 καὶ
2343 2143 2680 2217 βουλόμενος
2734 2148 2825 2200 καὶ
2885 2143 3181 2217 δυνάμενος
3236 2145 3327 2199 καὶ
3386 2146 3635 2219 πράττων
3691 2147 3855 2201 ἑτοί-

2197 2254 2332 2303 μως,
2374 2233 2420 2287 εἲ
2450 2234 2544 2295 οὓς
2577 2233 2631 2287 εὖ
2662 2234 2937 2297 πολλάκις
2967 2234 3302 2303 πεποίηκας,
3336 2233 3561 2295 τούτους
3607 2234 3699 2289 καὶ
3751 2239 3853 2289 ν’ὖν

2192 2320 2249 2375 εὖ
2296 2324 2578 2392 ποιήσαις,
2608 2323 2697 2376 καὶ
2747 2322 2911 2400 χάριν
2954 2323 3267 2399 παράσχοις
3318 2323 3404 2381 οἷς
3455 2320 3554 2376 οὐκ
3584 2319 3850 2399 ὀλιγάκις

2190 2405 2427 2473 ἔδωκας·
2478 2411 2622 2465 ἀλλὰ
2672 2412 2909 2483 μάλιστα
2953 2412 3046 2483 μὲν
3093 2411 3127 2465 ἃ
3172 2410 3503 2480 καθεκάστην
3558 2412 3649 2465 καὶ
3702 2412 3851 2487 πρὸς

2189 2500 2393 2561 πάντας
2449 2505 2625 2554 ποιεῖν
2684 2498 2907 2569 εῗωθας,
2937 2496 3063 2560 τούς
3119 2520 3175 2554 τε
3229 2497 3537 2571 δεομένους,
3594 2500 3723 2562 τούς
3784 2521 3851 2555 τε

2193 2588 2293 2660 μὴ,
2323 2586 2449 2648 τοὺς
2504 2588 2623 2659 μὲν,
2648 2586 2739 2642 ἵνα
2801 2589 2876 2659 μή
2930 2584 3193 2657 δεηθεῖεν,
3220 2587 3348 2649 τοὺς
3391 2584 3437 2641 δ’
3469 2586 3551 2642 ὅτι
3586 2584 3806 2642 δέονται
3828 2606 3845 2622 ·

2186 2672 2369 2730 ἔπειτα
2427 2675 2472 2730 δ’
2531 2673 2639 2746 ἤδη
2693 2676 2782 2730 καὶ
2860 2672 3031 2745 δόξεις
3105 2674 3287 2748 ὥσπερ
3362 2675 3710 2753 ἐπιψηφίζειν
3773 2677 3849 2733 τὰ

2184 2765 2435 2840 πρόσθεν,
2495 2766 2584 2820 καὶ
2664 2767 2778 2839 ἅμα
2847 2764 3112 2819 δεικνύναι
3182 2765 3257 2827 ὡς
3337 2765 3729 2842 μεγαλοψύχίᾳ
3794 2768 3848 2821 θ’

2184 2857 2319 2926 ἡμῖν
2368 2851 2573 2917 ἔδωκας
2634 2857 2766 2928 ἅπερ
2827 2852 3057 2924 ἔδωκας,
3114 2853 3207 2909 καὶ
3263 2858 3424 2908 τανῦν
3485 2859 3655 2910 ταυτὰ
3724 2877 3843 2910 πα-

2186 2944 2415 3021 ράσχοις
2446 2943 2553 2997 ἀπὸ
2599 2950 2697 3013 τῆς
2732 2940 2899 3011 αῢτῆς
2931 2946 3134 3013 ταύτης
3179 2944 3377 3004 αἰτίας.
3415 2943 3513 2997 Καὶ
3564 2945 3640 3006 ὡς
3700 2946 3843 3017 ἡμῖν

2186 3032 2294 3107 οὐχ
2323 3032 2435 3087 οἷόν
2469 3054 2526 3088 τε
2561 3035 2634 3106 μὴ
2685 3032 2895 3089 τούτων
2931 3034 3264 3106 μεμνῆσθαι,
3300 3033 3389 3086 καὶ
3442 3033 3604 3107 χάριν
3644 3031 3837 3108 ’ἰσχειν

2182 3123 2269 3176 καὶ
2333 3122 2460 3196 βοᾷν
2518 3123 2605 3192 ξὺν
2656 3121 2923 3191 ἐπαίνοις,
2957 3123 3021 3177 οὐ
3084 3121 3297 3195 μᾶλλον
3348 3121 3385 3191 ἢ
3434 3124 3593 3194 ἡμῶν
3649 3121 3833 3177 αὐτῶν

2186 3213 2262 3282 μὴ
2328 3213 2671 3284 μεμνῆσθαι·
2705 3211 2880 3266 πάντα
2937 3212 3043 3286 γὰρ
3096 3211 3163 3265 τά
3220 3213 3268 3266 τ’
3309 3209 3402 3265 οὖν
3460 3212 3655 3284 πάρος,
3688 3211 3753 3266 τά
3786 3214 3832 3266 τ’

421 3306 915 3378 quemadmodum
946 3310 1183 3361 tuorum
1237 3323 1341 3362 nos
1405 3324 1520 3362 non
1576 3324 1889 3379 possumus
1947 3326 2061 3366 non

2184 3300 2445 3357 εἷσὲπειτα
2495 3304 2562 3375 σῇ
2639 3297 2989 3377 κυϐερνῶμαι
3050 3299 3221 3374 χειρὶ,
3288 3302 3424 3355 κατᾶ
3496 3300 3831 3379 Σοφοκλέαι

422 3393 759 3450 meminisse
790 3394 1226 3462 beneﬁciorum,
1248 3400 1306 3450 et
1324 3396 1569 3467 gratiam
1603 3397 1837 3467 habere,
1869 3404 1926 3455 et
1966 3400 2070 3455 tibi

424 3500 557 3539 cum
590 3483 865 3539 laudibus
915 3484 1234 3540 acclamare
1269 3484 1462 3541 :haud
1490 3486 1675 3558 magis
1715 3504 2070 3559 sane,quam

423 3572 609 3628 nostri
640 3572 902 3643 ipsorum
942 3573 1229 3644 deponere
1249 3576 1608 3631 memoriam.
1633 3577 1774 3632 Nam
1806 3578 2072 3650 quidquid

416 3662 552 3718 olim
602 3678 895 3733 gesseram,
961 3661 1230 3735 quidquid
1283 3680 1495 3732 geram,
1545 3664 1604 3720 id
1645 3681 1803 3721 omne
1867 3667 2064 3724 dextra

423 3753 606 3821 fretu:
660 3750 954 3820 aggredior
1007 3760 1125 3819 tua,
1186 3757 1249 3807 ut
1306 3769 1440 3807 cum
1499 3753 1786 3825 Sophocle
1842 3755 2067 3828 loquar.

417 3835 706 3908 (Α’ίαντι,
739 3838 951 3909 34.)Δά
969 3840 1237 3895 eumdem
1253 3845 1308 3896 et
1335 3846 1395 3896 tu
1418 3842 1679 3909 modum,
1698 3846 2068 3916 temetipsum

418 3928 864 3999 haudquaquam
911 3927 1189 3996 inﬁciari;
1226 3945 1500 4003 quanque
1540 3932 1893 4003 jampridem
1936 3935 2067 4006 pul-

422 4017 775 4072 cherrimam
808 4016 1020 4089 agendi
1050 4017 1359 4089 rationem,
1393 4036 1507 4076 non
1541 4026 1737 4077 nostro
1768 4025 2064 4093 duntaxat,

424 4108 521 4163 sed
554 4106 810 4162 omnium
828 4107 995 4178 plane
1018 4107 1350 4163 mortalium
1378 4110 1551 4179 bono,
1571 4111 1752 4168 semel
1768 4114 2068 4185 ingressus

424 4213 507 4264 es,
541 4196 783 4251 missam
839 4212 992 4251 nunc
1049 4198 1233 4253 facere
1290 4200 1523 4268 poteris.
1558 4199 1718 4256 Unus
1798 4207 1857 4258 tu
1910 4204 2068 4259 enim

423 4291 632 4355 praeter
663 4288 924 4352 caeteros,
958 4284 1083 4356 qui,
1116 4290 1179 4340 ut
1206 4287 1290 4342 ait
1328 4287 1773 4359 Demosthenes,
1796 4291 1866 4347 ad
1921 4308 2069 4348 com-

421 4390 640 4431 munem
669 4378 911 4445 fruclum
959 4391 1228 4448 usumque
1274 4378 1673 4451 rempublicam
1730 4387 2068 4450 lractarunt,

423 4463 701 4519 omnibus
739 4463 798 4518 in
858 4464 1030 4519 rebus
1074 4464 1345 4534 excellis;
1381 4482 1531 4523 unus
1580 4485 1860 4541 magnum
1913 4470 2069 4526 hunc

423 4552 789 4608 tribunatum
820 4556 1013 4621 tuum,
1041 4552 1161 4608 sive
1192 4556 1548 4627 prytanicam
1592 4556 1817 4629 imperii
1870 4575 2070 4629 procu-

2182 3391 2255 3454 ὡς
2316 3390 2372 3445 δὲ
2425 3392 2517 3447 καὶ
2572 3390 2728 3453 αότὸς
2782 3391 2882 3446 οὐκ
2938 3392 3001 3446 ἃν
3058 3386 3213 3469 ἔχοις
3254 3393 3447 3447 σαυτὸν
3475 3392 3783 3467 ἀρνηθῆναι
3816 3407 3833 3423 ⁸

2180 3481 2271 3535 καὶ
2318 3483 2419 3551 τὴν
2458 3481 2694 3559 ἐξαρχῆς
2735 3478 2844 3556 οὺχ
2888 3481 3019 3556 ὑπὲρ
3069 3483 3233 3555 ἡμῶν
3298 3483 3485 3555 μόνον,
3544 3479 3695 3537 ἀλλὰ
3738 3480 3834 3536 καὶ

2179 3576 2390 3625 πάντων
2430 3570 2730 3644 ἀνθρώπων
2779 3568 3081 3641 καλλίστην
3126 3572 3326 3641 ταύτην
3379 3565 3621 3626 ἔνστασιν
3672 3569 3835 3646 ἐγκαο

2176 3657 2458 3714 ταλιπεῖν·
2496 3660 2659 3733 μόνος
2699 3679 2758 3713 τε
2810 3659 2913 3733 γὰρ
2961 3663 3071 3713 τῶν
3131 3657 3208 3719 εἷς
3262 3660 3446 3714 κοινὸν
3503 3659 3833 3714 πολιτευσα-

2181 3748 2377 3821 μὲνων,
2410 3749 2544 3821 φησί
2590 3748 2968 3822 Δημοσθένης,
3016 3754 3133 3809 τοῖς
3183 3746 3339 3811 ὅλοις
3393 3747 3553 3810 αὐτὸς
3611 3746 3838 3824 ἄριστος

2176 3839 2265 3893 καὶ
2327 3840 2513 3912 μόνος,
2548 3838 2731 3912 ὥσπερ
2782 3835 3002 3908 ἔνδειξιν
3064 3840 3280 3912 ἀρετῆς,
3311 3839 3402 3894 καὶ
3460 3843 3556 3894 τοῦ
3615 3839 3837 3918 φιλοτι-

2180 3931 2421 4001 μοτάτου
2462 3934 2563 3997 τῆς
2610 3928 2863 4002 γνώμης,
2912 3929 3012 3997 τήν
3075 3926 3316 4002 μεγάλην
3370 3927 3596 4000 ταυτηνί
3655 3926 3834 4004 δημα-

2178 4015 2387 4094 γωγίαν
2419 4018 2454 4086 ἢ
2489 4016 2833 4090 πρυτανείαν,
2865 4016 2901 4086 ἢ
2942 4018 2972 4071 ὅ
3000 4038 3053 4071 τι
3083 4038 3169 4079 τις
3217 4016 3369 4093 λέγει
3416 4017 3683 4089 νομίζων,
3717 4018 3832 4094 οὐχ

2176 4106 2300 4163 ὅσον
2352 4108 2587 4168 ἅπαντας
2647 4105 2704 4161 εὖ
2762 4111 2961 4176 ποιεῖς,
2995 4103 3108 4161 οὐδ’
3157 4105 3247 4161 ἐπὶ
3290 4108 3449 4162 παντὶ
3509 4105 3690 4178 δήπου
3746 4113 3833 4182 τῷ

2174 4196 2378 4273 χρόνῳ,
2420 4193 2601 4271 ὥσπερ
2631 4196 2767 4271 πρὸς
2798 4197 2887 4258 τὸς
2921 4196 3158 4251 ἑκάστων
3190 4194 3587 4271 ἁμιλλώμενος
3630 4197 3828 4273 χρείας

2175 4287 2265 4342 καὶ
2323 4284 2648 4364 φιλονεικῶν
2705 4283 2910 4358 μηδένα
2982 4291 3091 4341 τῶν
3179 4287 3455 4354 ἁπάντων,
3518 4284 3660 4361 μηδὲ
3708 4290 3832 4343 καθ’

2177 4374 2563 4446 ὁντιναδήποτε
2627 4375 2830 4450 τρόπον
2887 4377 3110 4432 ὁτουοῦν
3168 4375 3498 4451 ἐτερῆσθαιο
3532 4374 3679 4433 ἀλλᾶ
3733 4377 3828 4433 καὶ

2177 4465 2388 4541 χαίρεις
2422 4463 2479 4520 εὖ
2510 4469 2681 4519 ποιῶν
2709 4464 2853 4520 πολὺ
2888 4463 3102 4539 μᾶλλον
3130 4466 3165 4536 ἢ
3199 4466 3251 4519 οἱ
3289 4466 3592 4540 πάσχοντες
3624 4465 3780 4521 αὐτοί
3806 4486 3820 4500 ο

2226 4555 2330 4611 ’λλ
2455 4553 2502 4611 8‘
2639 4556 2654 4577 ‘
2759 4557 2770 4575 '
2950 4556 2963 4575 ’
3012 4556 3026 4573 “
3152 4552 3177 4577 "
3288 4553 3321 4610 λ
3410 4552 3472 4610 6'
3722 4557 3733 4573 '

2181 4577 2255 4629 μα
2337 4577 2393 4612 ον
2489 4577 2513 4611 ε
2568 4576 2656 4610 και
2699 4575 2863 4631 χαριν
2903 4576 3067 4620 αυτος
3123 4577 3231 4611 οιει
3329 4577 3407 4630 αμ
3446 4577 3612 4624 ανειν,
3663 4575 3832 4633 χαριν

426 4642 737 4705 rationem,
770 4641 892 4696 sive
923 4658 1034 4711 quo
1093 4642 1207 4698 alio
1268 4643 1559 4716 quispiam
1606 4646 1858 4719 appellet
1900 4664 2066 4705 voca-

2184 4644 2382 4723 ὲτέροις
2440 4642 2658 4707 διδούς·
2720 4646 2867 4700 ταῦτ’
2914 4642 3016 4719 ἄρα
3072 4650 3241 4700 ταῦτα
3295 4645 3386 4699 καὶ
3445 4645 3657 4718 νύκτωρ
3687 4648 3827 4701 ἒπα-

424 4730 888 4801 bulo,quoddam
903 4733 1070 4802 quasi
1104 4732 1399 4803 specimen
1434 4734 1680 4806 virtutis,
1722 4736 2069 4793 honestissi-

426 4834 648 4889 quue
678 4818 858 4874 animi
890 4820 1227 4876 ambitionis
1257 4825 1456 4891 ratus;
1482 4839 1597 4880 non
1627 4823 1771 4881 bene
1801 4825 1973 4882 modo
1998 4828 2067 4882 de

426 4906 736 4976 universis,
769 4911 943 4978 atque
972 4906 1132 4965 nullo
1166 4925 1280 4966 non
1315 4913 1578 4983 tempore
1624 4913 1890 4983 mereris,
1913 4913 2071 4971 velut

425 5001 721 5055 certamen
762 5013 896 5053 cum
926 4998 1373 5058 necessitatibus
1428 5001 1895 5077 uniuscujusque
1923 5022 2073 5062 sua-

423 5085 669 5161 cipiens,
701 5102 1019 5161 omnesque
1050 5088 1109 5144 in
1142 5104 1209 5147 eo
1241 5106 1448 5147 nervos
1496 5094 1629 5148 tuos
1685 5095 2068 5164 contendens,

425 5195 499 5235 ne
536 5179 671 5252 quis
735 5177 1038 5237 homnium
1091 5182 1382 5250 omnium,
1433 5199 1782 5257 quocunque
1830 5186 2069 5243 tandem

429 5271 623 5337 modo,
677 5285 738 5327 re
791 5271 1067 5343 quapiam
1124 5271 1238 5328 ulla
1310 5273 1588 5346 privetur,
1646 5292 1845 5332 verum
1893 5276 2070 5333 etiam

430 5360 643 5430 gaudio
673 5360 955 5429 exsultas,
991 5363 1133 5418 dum
1166 5362 1507 5420 beneﬁcium
1555 5364 1765 5421 tribuis
1800 5382 1815 5421 :
1846 5369 1905 5421 et
1960 5365 2070 5422 hoc

430 5446 614 5504 multo
645 5449 892 5520 majore,
923 5466 1097 5521 quam
1132 5450 1218 5506 illi
1276 5452 1393 5524 ipsi
1441 5454 1540 5524 qui
1587 5453 1918 5527 accipiunt;
1951 5455 2069 5512 imo

427 5551 564 5593 vero
588 5541 715 5594 tum
736 5539 1082 5596 beneﬁcium
1100 5544 1472 5615 temetipsum
1496 5544 1757 5616 accipere
1776 5549 2068 5615 autumas,

430 5639 558 5680 cum
591 5625 721 5681 aliis
751 5626 877 5683 das.
910 5631 1071 5685 Hanc
1114 5630 1313 5703 igitur;
1345 5631 1516 5696 hanc,
1543 5634 1805 5706 inquam,
1837 5636 1909 5694 ob
1939 5652 2068 5696 cau-

2179 4739 2454 4812 γρυπνεῖς,
2511 4735 2603 4789 καὶ
2664 4735 2781 4807 μεθ’
2838 4734 3048 4807 ἡμέραν
3121 4734 3450 4809 φροντίζεις,
3508 4735 3639 4807 ὑπὲρ
3724 4740 3828 4791 τοῦ

2181 4830 2365 4880 κοινοῦ
2430 4823 2775 4901 γιγνομένου,
2839 4820 3065 4898 βουλαῖς
3132 4820 3266 4901 ἔργα
3321 4823 3668 4900 προστιθείς·
3729 4826 3827 4879 καὶ

2178 4916 2352 4971 πάντα
2397 4914 2564 4969 πόνον
2618 4913 2799 4993 φέρεις
2842 4910 3021 4982 ἡδέως
3045 4933 3058 4946 ·
3090 4913 3176 4990 ἔφ’
3206 4912 3251 4984 ᾧ
3298 4917 3417 4976 τοῖς
3445 4910 3639 4975 ἄλλοις
3668 4906 3821 4968 ἔσται

2183 5004 2386 5081 βελτίω
2442 5004 2509 5060 τᾶ.
2563 5003 2883 5078 πράγματα,
2938 5001 3029 5057 καὶ
3075 5007 3180 5063 πᾶς
3256 5022 3337 5065 τις
3410 5002 3646 5073 τεύξεται
3713 5006 3826 5060 τῶν

2180 5092 2426 5153 δικαίων.
2458 5096 2618 5149 Ὥστε
2648 5093 2738 5147 καὶ
2793 5092 2843 5146 εἲ
2893 5088 3064 5166 μηδὲν
3096 5092 3312 5147 πώποθ’
3341 5094 3488 5164 ἡμᾶς
3521 5089 3577 5146 εὖ
3610 5094 3825 5162 ποήσας

2179 5184 2488 5260 ἐτύγχανες,
2549 5180 2676 5257 μήδ’
2735 5184 3057 5252 ἡστινοσοῦν
3134 5181 3364 5251 ἀξιώσας
3420 5180 3703 5257 προνοίας,
3766 5181 3822 5255 ἐξ

2181 5273 2282 5350 ἄρα
2346 5274 2512 5348 μόνου
2563 5276 2660 5328 τοῦ
2711 5276 2839 5327 πᾶσι
2871 5271 3068 5333 παντὸς
3096 5268 3274 5326 καλοῦ
3304 5275 3619 5344 πρυτανεῖον
3674 5271 3828 5346 παρᾶ

2178 5364 2334 5420 πάντ’
2361 5362 2493 5419 εἶναί
2545 5383 2602 5416 σε
2638 5361 2731 5416 τὸν
2782 5359 3006 5439 χρόνον,
3038 5359 3182 5421 εἰκὸς
3233 5356 3291 5413 ἂν
3337 5359 3402 5428 ἦν
3437 5356 3827 5433 δήπου,’μᾶλ-

2179 5452 2277 5511 λον
2333 5450 2390 5507 δὲ
2445 5455 2589 5508 πᾶσα
2638 5449 2865 5526 ἀνάγκη,
2916 5453 3022 5503 τῶν
3082 5448 3186 5504 ὑπὸ
3246 5450 3341 5503 σοῦ
3397 5448 3829 5522 κεκοσμημένων

2178 5542 2266 5599 καὶ
2324 5543 2473 5615 ἡμᾶς
2528 5540 2885 5616 γεγενῆσθαι”
2957 5538 3032 5601 ὡς
3091 5533 3174 5607 ἂν,
3218 5537 3295 5609 μὴ
3356 5539 3465 5591 τῶν
3522 5534 3711 5592 ἄλλων
3769 5536 3830 5593 εὖ

2179 5632 2409 5707 πάσχειν
2467 5627 2763 5709 λεγόντων,
2799 5628 2957 5706 μόνοι
3013 5630 3119 5682 τῶν
3179 5626 3431 5681 ἁπάντων
3491 5624 3825 5704 ἢσιγῶμεν,
