  <div class='ocr_page' id='page_1' title='image "/cluster/home/n/w/nwhite01/storage/ocr_20150623/145/hvd.32044054086921/216.png"; bbox 0 0 4154 6216; ppageno 0'>
   <div class='ocr_carea' id='block_1_1' title="bbox 300 287 417 349">
    <p class='ocr_par' dir='ltr' id='par_1_1' title="bbox 300 287 417 349">
     <span class='ocr_line' id='line_1_1' title="bbox 300 287 417 349; baseline 0.009 -2"><span class='ocrx_word' id='word_1_1' title='bbox 300 287 417 349; x_wconf 75' lang='grc'><strong>421</strong></span> 
     </span>
    </p>
   </div>
   <div class='ocr_carea' id='block_1_2' title="bbox 1800 278 2225 347">
    <p class='ocr_par' dir='ltr' id='par_1_2' title="bbox 1800 278 2225 347">
     <span class='ocr_line' id='line_1_2' title="bbox 1800 278 2225 347; baseline 0.012 -6"><span class='ocrx_word' id='word_1_2' title='bbox 1800 278 2225 347; x_wconf 69' lang='lat' dir='ltr'><strong>EPISTOLIE.</strong></span> 
     </span>
    </p>
   </div>
   <div class='ocr_carea' id='block_1_3' title="bbox 3597 289 3718 353">
    <p class='ocr_par' dir='ltr' id='par_1_3' title="bbox 3597 289 3718 353">
     <span class='ocr_line' id='line_1_3' title="bbox 3597 289 3718 353; baseline 0.017 -2"><span class='ocrx_word' id='word_1_3' title='bbox 3597 289 3718 353; x_wconf 67' lang='grc'><strong>422</strong></span> 
     </span>
    </p>
   </div>
   <div class='ocr_carea' id='block_1_4' title="bbox 301 406 1971 493">
    <p class='ocr_par' dir='ltr' id='par_1_4' title="bbox 301 406 1949 493">
     <span class='ocr_line' id='line_1_4' title="bbox 301 406 1949 493; baseline -0.002 -22"><span class='ocrx_word' id='word_1_4' title='bbox 301 422 339 492; x_wconf 68' lang='grc' dir='ltr'><strong>ἢ</strong></span> <span class='ocrx_word' id='word_1_5' title='bbox 370 414 729 493; x_wconf 66' lang='grc' dir='ltr'>ψευδώμεθα·</span> <span class='ocrx_word' id='word_1_6' title='bbox 765 412 829 468; x_wconf 79' lang='grc' dir='ltr'>οὐ</span> <span class='ocrx_word' id='word_1_7' title='bbox 860 413 963 489; x_wconf 78' lang='grc' dir='ltr'><strong>γὰρ</strong></span> <span class='ocrx_word' id='word_1_8' title='bbox 1010 406 1176 467; x_wconf 75' lang='grc' dir='ltr'>ἔνεστ’</span> <span class='ocrx_word' id='word_1_9' title='bbox 1223 408 1413 472; x_wconf 76' lang='grc' dir='ltr'>ἄλλως</span> <span class='ocrx_word' id='word_1_10' title='bbox 1456 407 1949 485; x_wconf 66' lang='grc' dir='ltr'>παρρησιάζεσθαι,</span> 
     </span>
    </p>
   </div>
   <div class='ocr_carea' id='block_1_5' title="bbox 2080 406 3723 493">
    <p class='ocr_par' dir='ltr' id='par_1_5' title="bbox 2080 420 3723 491">
     <span class='ocr_line' id='line_1_5' title="bbox 2080 420 3723 491; baseline 0.004 -17"><span class='ocrx_word' id='word_1_11' title='bbox 2080 435 2214 488; x_wconf 70' lang='lat' dir='ltr'><strong>nam,</strong></span> <span class='ocrx_word' id='word_1_12' title='bbox 2254 424 2311 476; x_wconf 88' lang='lat' dir='ltr'><strong>et</strong></span> <span class='ocrx_word' id='word_1_13' title='bbox 2349 423 2549 477; x_wconf 85' lang='lat' dir='ltr'><strong>noctes</strong></span> <span class='ocrx_word' id='word_1_14' title='bbox 2596 420 2904 479; x_wconf 88' lang='lat' dir='ltr'><strong>insomnes</strong></span> <span class='ocrx_word' id='word_1_15' title='bbox 2944 423 3132 491; x_wconf 92' lang='lat' dir='ltr'><strong>ducis,</strong></span> <span class='ocrx_word' id='word_1_16' title='bbox 3174 431 3227 480; x_wconf 90' lang='lat' dir='ltr'><strong>et</strong></span> <span class='ocrx_word' id='word_1_17' title='bbox 3275 424 3397 480; x_wconf 91' lang='lat' dir='ltr'><strong>dies</strong></span> <span class='ocrx_word' id='word_1_18' title='bbox 3447 427 3596 481; x_wconf 83' lang='lat' dir='ltr'><strong>totos</strong></span> <span class='ocrx_word' id='word_1_19' title='bbox 3651 426 3723 480; x_wconf 90' lang='lat' dir='ltr'><strong>de</strong></span> 
     </span>
    </p>
   </div>
   <div class='ocr_carea' id='block_1_6' title="bbox 302 495 1943 570">
    <p class='ocr_par' dir='ltr' id='par_1_6' title="bbox 302 495 1943 570">
     <span class='ocr_line' id='line_1_6' title="bbox 302 495 1943 570; baseline -0.004 -8"><span class='ocrx_word' id='word_1_20' title='bbox 302 508 509 563; x_wconf 83' lang='grc' dir='ltr'>πάντων</span> <span class='ocrx_word' id='word_1_21' title='bbox 561 501 785 559; x_wconf 75' lang='grc' dir='ltr'><strong>εἰδότων</strong></span> <span class='ocrx_word' id='word_1_22' title='bbox 832 501 931 570; x_wconf 72' lang='grc' dir='ltr'>τὴν</span> <span class='ocrx_word' id='word_1_23' title='bbox 991 500 1090 568; x_wconf 81' lang='grc' dir='ltr'><strong>σήν</strong></span> <span class='ocrx_word' id='word_1_24' title='bbox 1138 497 1334 569; x_wconf 78' lang='grc' dir='ltr'>δεξιάν.</span> <span class='ocrx_word' id='word_1_25' title='bbox 1365 500 1496 556; x_wconf 88' lang='grc' dir='ltr'>Ὅτε</span> <span class='ocrx_word' id='word_1_26' title='bbox 1547 495 1595 552; x_wconf 81' lang='grc' dir='ltr'>δ’</span> <span class='ocrx_word' id='word_1_27' title='bbox 1623 498 1676 553; x_wconf 90' lang='grc' dir='ltr'><strong>ἐν</strong></span> <span class='ocrx_word' id='word_1_28' title='bbox 1707 499 1943 563; x_wconf 83' lang='grc' dir='ltr'><strong>πολλοῖς</strong></span> 
     </span>
    </p>
   </div>
   <div class='ocr_carea' id='block_1_7' title="bbox 301 590 1949 668">
    <p class='ocr_par' dir='ltr' id='par_1_7' title="bbox 301 590 1949 668">
     <span class='ocr_line' id='line_1_7' title="bbox 301 590 1949 668; baseline -0.004 -15"><span class='ocrx_word' id='word_1_29' title='bbox 301 596 574 658; x_wconf 76' lang='grc' dir='ltr'><strong>πολλάκις</strong></span> <span class='ocrx_word' id='word_1_30' title='bbox 624 601 723 664; x_wconf 78' lang='grc' dir='ltr'>τῆς</span> <span class='ocrx_word' id='word_1_31' title='bbox 772 592 872 660; x_wconf 78' lang='grc' dir='ltr'><strong>σῆς</strong></span> <span class='ocrx_word' id='word_1_32' title='bbox 917 591 1108 668; x_wconf 85' lang='grc' dir='ltr'>χειρός</span> <span class='ocrx_word' id='word_1_33' title='bbox 1152 611 1212 646; x_wconf 88' lang='grc' dir='ltr'><strong>τε</strong></span> <span class='ocrx_word' id='word_1_34' title='bbox 1267 590 1357 645; x_wconf 87' lang='grc' dir='ltr'><strong>καὶ</strong></span> <span class='ocrx_word' id='word_1_35' title='bbox 1406 590 1634 667; x_wconf 81' lang='grc' dir='ltr'>γνώμης</span> <span class='ocrx_word' id='word_1_36' title='bbox 1672 592 1761 646; x_wconf 86' lang='grc' dir='ltr'><strong>καὶ</strong></span> <span class='ocrx_word' id='word_1_37' title='bbox 1818 590 1949 664; x_wconf 82' lang='grc' dir='ltr'>μάλ’</span> 
     </span>
    </p>
   </div>
   <div class='ocr_carea' id='block_1_8' title="bbox 299 676 1952 755">
    <p class='ocr_par' dir='ltr' id='par_1_8' title="bbox 299 676 1952 755">
     <span class='ocr_line' id='line_1_8' title="bbox 299 676 1952 755; baseline -0.004 -14"><span class='ocrx_word' id='word_1_38' title='bbox 299 684 739 745; x_wconf 76' lang='grc' dir='ltr'>ἀπολελαυκότες</span> <span class='ocrx_word' id='word_1_39' title='bbox 796 683 983 755; x_wconf 53' lang='grc' dir='ltr'><strong>¹ἕλμεῖς,</strong></span> <span class='ocrx_word' id='word_1_40' title='bbox 1031 680 1124 735; x_wconf 80' lang='grc' dir='ltr'><strong>καὶ</strong></span> <span class='ocrx_word' id='word_1_41' title='bbox 1198 676 1315 735; x_wconf 73' lang='grc' dir='ltr'>οὔτ’</span> <span class='ocrx_word' id='word_1_42' title='bbox 1371 678 1532 741; x_wconf 78' lang='grc' dir='ltr'>αὐτὸς</span> <span class='ocrx_word' id='word_1_43' title='bbox 1600 678 1952 751; x_wconf 70' lang='grc' dir='ltr'>ἐπιλέλησαι,</span> 
     </span>
    </p>
   </div>
   <div class='ocr_carea' id='block_1_9' title="bbox 300 766 1951 848">
    <p class='ocr_par' dir='ltr' id='par_1_9' title="bbox 300 766 1951 848">
     <span class='ocr_line' id='line_1_9' title="bbox 300 766 1951 848; baseline -0.002 -20"><span class='ocrx_word' id='word_1_44' title='bbox 300 777 438 848; x_wconf 77' lang='grc' dir='ltr'>ἡμῖν</span> <span class='ocrx_word' id='word_1_45' title='bbox 499 775 547 827; x_wconf 90' lang='grc' dir='ltr'>θ’</span> <span class='ocrx_word' id='word_1_46' title='bbox 614 774 759 828; x_wconf 75' lang='grc' dir='ltr'>οὕτω</span> <span class='ocrx_word' id='word_1_47' title='bbox 817 769 888 826; x_wconf 86' lang='grc' dir='ltr'><strong>δι’</strong></span> <span class='ocrx_word' id='word_1_48' title='bbox 942 770 1076 848; x_wconf 67' lang='grc' dir='ltr'>εὗφή</span> <span class='ocrx_word' id='word_1_49' title='bbox 1088 790 1193 843; x_wconf 90' lang='grc' dir='ltr'><strong>μου</strong></span> <span class='ocrx_word' id='word_1_50' title='bbox 1254 770 1407 823; x_wconf 78' lang='grc' dir='ltr'>ταῦτ’</span> <span class='ocrx_word' id='word_1_51' title='bbox 1464 766 1648 844; x_wconf 73' lang='grc' dir='ltr'>ἄγεται</span> <span class='ocrx_word' id='word_1_52' title='bbox 1702 772 1951 844; x_wconf 78' lang='grc' dir='ltr'><strong>μνήμης,</strong></span> 
     </span>
    </p>
   </div>
   <div class='ocr_carea' id='block_1_10' title="bbox 301 860 1953 936">
    <p class='ocr_par' dir='ltr' id='par_1_10' title="bbox 301 860 1953 936">
     <span class='ocr_line' id='line_1_10' title="bbox 301 860 1953 936; baseline -0.002 -18"><span class='ocrx_word' id='word_1_53' title='bbox 301 865 432 918; x_wconf 83' lang='grc' dir='ltr'>ὥσθ’</span> <span class='ocrx_word' id='word_1_54' title='bbox 465 864 551 918; x_wconf 78' lang='grc' dir='ltr'><strong>ὅτι</strong></span> <span class='ocrx_word' id='word_1_55' title='bbox 613 864 689 936; x_wconf 84' lang='grc' dir='ltr'>μή</span> <span class='ocrx_word' id='word_1_56' title='bbox 749 860 839 915; x_wconf 82' lang='grc' dir='ltr'><strong>καὶ</strong></span> <span class='ocrx_word' id='word_1_57' title='bbox 894 865 1004 916; x_wconf 90' lang='grc' dir='ltr'><strong>τῶν</strong></span> <span class='ocrx_word' id='word_1_58' title='bbox 1035 861 1281 933; x_wconf 83' lang='grc' dir='ltr'>Ὀμήρου</span> <span class='ocrx_word' id='word_1_59' title='bbox 1341 860 1625 933; x_wconf 73' lang='grc' dir='ltr'>στομάτων</span> <span class='ocrx_word' id='word_1_60' title='bbox 1686 860 1953 935; x_wconf 80' lang='grc' dir='ltr'>εὐποροῦ-</span> 
     </span>
    </p>
   </div>
   <div class='ocr_carea' id='block_1_11' title="bbox 303 946 1950 1028">
    <p class='ocr_par' dir='ltr' id='par_1_11' title="bbox 303 946 1950 1028">
     <span class='ocr_line' id='line_1_11' title="bbox 303 946 1950 1028; baseline -0.004 -19"><span class='ocrx_word' id='word_1_61' title='bbox 303 975 429 1027; x_wconf 85' lang='grc' dir='ltr'>μεν,</span> <span class='ocrx_word' id='word_1_62' title='bbox 460 952 766 1028; x_wconf 79' lang='grc' dir='ltr'>ἀλγοῦμεν,</span> <span class='ocrx_word' id='word_1_63' title='bbox 798 946 1032 1021; x_wconf 78' lang='grc' dir='ltr'>εὔδηλον</span> <span class='ocrx_word' id='word_1_64' title='bbox 1084 949 1159 1010; x_wconf 83' lang='grc' dir='ltr'>ὡς</span> <span class='ocrx_word' id='word_1_65' title='bbox 1208 948 1306 1004; x_wconf 80' lang='grc' dir='ltr'><strong>κάν</strong></span> <span class='ocrx_word' id='word_1_66' title='bbox 1355 952 1435 1021; x_wconf 80' lang='grc' dir='ltr'>τῷ</span> <span class='ocrx_word' id='word_1_67' title='bbox 1466 950 1697 1021; x_wconf 75' lang='grc' dir='ltr'><strong>παρόντι</strong></span> <span class='ocrx_word' id='word_1_68' title='bbox 1730 951 1950 1024; x_wconf 87' lang='grc' dir='ltr'>μιμήσῃ</span> 
     </span>
    </p>
   </div>
   <div class='ocr_carea' id='block_1_12' title="bbox 297 1037 1955 1114">
    <p class='ocr_par' dir='ltr' id='par_1_12' title="bbox 297 1037 1955 1114">
     <span class='ocr_line' id='line_1_12' title="bbox 297 1037 1955 1114; baseline -0.003 -16"><span class='ocrx_word' id='word_1_69' title='bbox 297 1042 525 1114; x_wconf 84' lang='grc' dir='ltr'>σαυτὸν,</span> <span class='ocrx_word' id='word_1_70' title='bbox 591 1039 683 1096; x_wconf 76' lang='grc' dir='ltr'><strong>καὶ</strong></span> <span class='ocrx_word' id='word_1_71' title='bbox 750 1044 868 1102; x_wconf 89' lang='grc' dir='ltr'>τοῖς</span> <span class='ocrx_word' id='word_1_72' title='bbox 940 1038 1126 1100; x_wconf 77' lang='grc' dir='ltr'>αὐτοῖς</span> <span class='ocrx_word' id='word_1_73' title='bbox 1205 1039 1394 1113; x_wconf 84' lang='grc' dir='ltr'>χρήσῃ</span> <span class='ocrx_word' id='word_1_74' title='bbox 1469 1038 1607 1112; x_wconf 85' lang='grc' dir='ltr'>πρὸς</span> <span class='ocrx_word' id='word_1_75' title='bbox 1665 1037 1955 1112; x_wconf 77' lang='grc' dir='ltr'>ἄνθρωπον</span> 
     </span>
    </p>
   </div>
   <div class='ocr_carea' id='block_1_13' title="bbox 298 1125 1958 1203">
    <p class='ocr_par' dir='ltr' id='par_1_13' title="bbox 298 1125 1958 1203">
     <span class='ocr_line' id='line_1_13' title="bbox 298 1125 1958 1203; baseline -0.003 -16"><span class='ocrx_word' id='word_1_76' title='bbox 298 1129 585 1191; x_wconf 74' lang='grc' dir='ltr'>πολλάκις</span> <span class='ocrx_word' id='word_1_77' title='bbox 661 1130 756 1202; x_wconf 71' lang='grc' dir='ltr'>μὲν</span> <span class='ocrx_word' id='word_1_78' title='bbox 819 1125 872 1183; x_wconf 78' lang='grc' dir='ltr'>ἒν</span> <span class='ocrx_word' id='word_1_79' title='bbox 934 1133 1050 1190; x_wconf 86' lang='grc' dir='ltr'>τοῖς</span> <span class='ocrx_word' id='word_1_80' title='bbox 1116 1131 1232 1189; x_wconf 88' lang='grc' dir='ltr'>σοῖς</span> <span class='ocrx_word' id='word_1_81' title='bbox 1283 1126 1613 1201; x_wconf 79' lang='grc' dir='ltr'>Ὀλυμπίοις</span> <span class='ocrx_word' id='word_1_82' title='bbox 1680 1131 1958 1203; x_wconf 88' lang='grc' dir='ltr'>κραταιῶς</span> 
     </span>
    </p>
   </div>
   <div class='ocr_carea' id='block_1_14' title="bbox 299 1215 1961 1296">
    <p class='ocr_par' dir='ltr' id='par_1_14' title="bbox 299 1215 1961 1296">
     <span class='ocr_line' id='line_1_14' title="bbox 299 1215 1961 1296; baseline -0.002 -21"><span class='ocrx_word' id='word_1_83' title='bbox 299 1217 607 1288; x_wconf 79' lang='grc' dir='ltr'>ἀποδύντα,</span> <span class='ocrx_word' id='word_1_84' title='bbox 636 1217 726 1274; x_wconf 80' lang='grc' dir='ltr'><strong>καὶ</strong></span> <span class='ocrx_word' id='word_1_85' title='bbox 760 1215 849 1273; x_wconf 81' lang='grc' dir='ltr'><strong>διὰ</strong></span> <span class='ocrx_word' id='word_1_86' title='bbox 880 1215 1095 1272; x_wconf 83' lang='grc' dir='ltr'>πάντων</span> <span class='ocrx_word' id='word_1_87' title='bbox 1139 1215 1574 1296; x_wconf 70' lang='grc' dir='ltr'>ἐστεφανωμένον</span> <span class='ocrx_word' id='word_1_88' title='bbox 1608 1221 1718 1273; x_wconf 89' lang='grc' dir='ltr'><strong>τῶν</strong></span> <span class='ocrx_word' id='word_1_89' title='bbox 1752 1216 1961 1286; x_wconf 67' lang='grc' dir='ltr'>ἄθλων,</span> 
     </span>
    </p>
   </div>
   <div class='ocr_carea' id='block_1_15' title="bbox 302 1305 1960 1382">
    <p class='ocr_par' dir='ltr' id='par_1_15' title="bbox 302 1305 1960 1382">
     <span class='ocr_line' id='line_1_15' title="bbox 302 1305 1960 1382; baseline -0.002 -17"><span class='ocrx_word' id='word_1_90' title='bbox 302 1307 584 1371; x_wconf 76' lang='grc' dir='ltr'>πολλάκις</span> <span class='ocrx_word' id='word_1_91' title='bbox 634 1307 681 1364; x_wconf 89' lang='grc' dir='ltr'>δ’</span> <span class='ocrx_word' id='word_1_92' title='bbox 711 1307 844 1382; x_wconf 76' lang='grc' dir='ltr'>ὗπὶρ</span> <span class='ocrx_word' id='word_1_93' title='bbox 895 1309 992 1361; x_wconf 78' lang='grc' dir='ltr'><strong>σοῦ</strong></span> <span class='ocrx_word' id='word_1_94' title='bbox 1033 1305 1120 1361; x_wconf 77' lang='grc' dir='ltr'><strong>καὶ</strong></span> <span class='ocrx_word' id='word_1_95' title='bbox 1170 1309 1279 1360; x_wconf 89' lang='grc' dir='ltr'><strong>τῶν</strong></span> <span class='ocrx_word' id='word_1_96' title='bbox 1328 1309 1436 1361; x_wconf 90' lang='grc' dir='ltr'><strong>σῶν</strong></span> <span class='ocrx_word' id='word_1_97' title='bbox 1468 1307 1661 1382; x_wconf 85' lang='grc' dir='ltr'>χείρας</span> <span class='ocrx_word' id='word_1_98' title='bbox 1692 1307 1767 1369; x_wconf 81' lang='grc' dir='ltr'>εἷς</span> <span class='ocrx_word' id='word_1_99' title='bbox 1798 1306 1960 1382; x_wconf 76' lang='grc' dir='ltr'>οὖρα-</span> 
     </span>
    </p>
   </div>
   <div class='ocr_carea' id='block_1_16' title="bbox 301 1392 1961 1473">
    <p class='ocr_par' dir='ltr' id='par_1_16' title="bbox 301 1392 1961 1473">
     <span class='ocr_line' id='line_1_16' title="bbox 301 1392 1961 1473; baseline -0.001 -20"><span class='ocrx_word' id='word_1_100' title='bbox 301 1400 433 1462; x_wconf 80' lang='grc' dir='ltr'>νοὺς</span> <span class='ocrx_word' id='word_1_101' title='bbox 488 1396 710 1473; x_wconf 79' lang='grc' dir='ltr'>ἄραντα,</span> <span class='ocrx_word' id='word_1_102' title='bbox 754 1395 968 1470; x_wconf 82' lang='grc' dir='ltr'>μᾶλλον</span> <span class='ocrx_word' id='word_1_103' title='bbox 1027 1392 1074 1450; x_wconf 88' lang='grc' dir='ltr'>δ’</span> <span class='ocrx_word' id='word_1_104' title='bbox 1106 1392 1310 1471; x_wconf 75' lang='grc' dir='ltr'>α’ίροντ’</span> <span class='ocrx_word' id='word_1_105' title='bbox 1367 1394 1495 1467; x_wconf 67' lang='lat' dir='ltr'><strong>nisi,</strong></span> <span class='ocrx_word' id='word_1_106' title='bbox 1553 1396 1645 1451; x_wconf 83' lang='grc' dir='ltr'><strong>καὶ</strong></span> <span class='ocrx_word' id='word_1_107' title='bbox 1701 1397 1961 1472; x_wconf 83' lang='grc' dir='ltr'>συνευχό-</span> 
     </span>
    </p>
   </div>
   <div class='ocr_carea' id='block_1_17' title="bbox 310 1484 1965 1565">
    <p class='ocr_par' dir='ltr' id='par_1_17' title="bbox 310 1484 1965 1565">
     <span class='ocr_line' id='line_1_17' title="bbox 310 1484 1965 1565; baseline -0.002 -20"><span class='ocrx_word' id='word_1_108' title='bbox 310 1510 474 1565; x_wconf 87' lang='grc' dir='ltr'>μενον</span> <span class='ocrx_word' id='word_1_109' title='bbox 519 1488 673 1545; x_wconf 83' lang='grc' dir='ltr'>πάντ’</span> <span class='ocrx_word' id='word_1_110' title='bbox 730 1486 930 1543; x_wconf 73' lang='grc' dir='ltr'>ἐκεῖθεν</span> <span class='ocrx_word' id='word_1_111' title='bbox 993 1487 1061 1542; x_wconf 79' lang='grc' dir='ltr'><strong>τά</strong></span> <span class='ocrx_word' id='word_1_112' title='bbox 1131 1487 1180 1560; x_wconf 89' lang='grc' dir='ltr'>γ’</span> <span class='ocrx_word' id='word_1_113' title='bbox 1230 1484 1441 1562; x_wconf 72' lang='grc' dir='ltr'>ἄριστα.</span> <span class='ocrx_word' id='word_1_114' title='bbox 1496 1485 1847 1562; x_wconf 88' lang='grc' dir='ltr'>Συναίρονται</span> <span class='ocrx_word' id='word_1_115' title='bbox 1906 1484 1965 1541; x_wconf 83' lang='grc' dir='ltr'><strong>δέ</strong></span> 
     </span>
    </p>
   </div>
   <div class='ocr_carea' id='block_1_18' title="bbox 312 1570 1964 1652">
    <p class='ocr_par' dir='ltr' id='par_1_18' title="bbox 312 1570 1964 1652">
     <span class='ocr_line' id='line_1_18' title="bbox 312 1570 1964 1652; baseline -0.004 -19"><span class='ocrx_word' id='word_1_116' title='bbox 312 1600 413 1652; x_wconf 86' lang='grc' dir='ltr'><strong>μοι</strong></span> <span class='ocrx_word' id='word_1_117' title='bbox 440 1576 671 1632; x_wconf 81' lang='grc' dir='ltr'>τουτωνὶ</span> <span class='ocrx_word' id='word_1_118' title='bbox 709 1579 818 1630; x_wconf 90' lang='grc' dir='ltr'><strong>τῶν</strong></span> <span class='ocrx_word' id='word_1_119' title='bbox 864 1572 1041 1649; x_wconf 77' lang='grc' dir='ltr'>εὐχῶν</span> <span class='ocrx_word' id='word_1_120' title='bbox 1082 1578 1247 1628; x_wconf 80' lang='grc' dir='ltr'>πᾶσαι</span> <span class='ocrx_word' id='word_1_121' title='bbox 1301 1574 1395 1647; x_wconf 71' lang='grc' dir='ltr'>μὲν</span> <span class='ocrx_word' id='word_1_122' title='bbox 1445 1572 1660 1646; x_wconf 88' lang='grc' dir='ltr'>πόλεις,</span> <span class='ocrx_word' id='word_1_123' title='bbox 1693 1575 1883 1637; x_wconf 85' lang='grc' dir='ltr'>πάντες</span> <span class='ocrx_word' id='word_1_124' title='bbox 1916 1570 1964 1627; x_wconf 88' lang='grc' dir='ltr'>δ’</span> 
     </span>
    </p>
   </div>
   <div class='ocr_carea' id='block_1_19' title="bbox 307 1660 1962 1740">
    <p class='ocr_par' dir='ltr' id='par_1_19' title="bbox 307 1660 1962 1740">
     <span class='ocr_line' id='line_1_19' title="bbox 307 1660 1962 1740; baseline -0.001 -19"><span class='ocrx_word' id='word_1_125' title='bbox 307 1668 616 1740; x_wconf 76' lang='grc' dir='ltr'>ἄνθρωποι.</span> <span class='ocrx_word' id='word_1_126' title='bbox 649 1669 784 1720; x_wconf 79' lang='grc' dir='ltr'>Πᾶσι</span> <span class='ocrx_word' id='word_1_127' title='bbox 833 1662 939 1737; x_wconf 74' lang='grc' dir='ltr'><strong>γὰρ</strong></span> <span class='ocrx_word' id='word_1_128' title='bbox 988 1660 1055 1732; x_wconf 77' lang='grc' dir='ltr'>δὴ</span> <span class='ocrx_word' id='word_1_129' title='bbox 1099 1666 1208 1717; x_wconf 90' lang='grc' dir='ltr'><strong>τῶν</strong></span> <span class='ocrx_word' id='word_1_130' title='bbox 1257 1666 1365 1717; x_wconf 89' lang='grc' dir='ltr'><strong>σῶν</strong></span> <span class='ocrx_word' id='word_1_131' title='bbox 1417 1661 1593 1737; x_wconf 68' lang='grc' dir='ltr'>μέλει,</span> <span class='ocrx_word' id='word_1_132' title='bbox 1625 1662 1717 1719; x_wconf 83' lang='grc' dir='ltr'><strong>καὶ</strong></span> <span class='ocrx_word' id='word_1_133' title='bbox 1746 1662 1962 1719; x_wconf 81' lang='grc' dir='ltr'>πάντων</span> 
     </span>
    </p>
   </div>
   <div class='ocr_carea' id='block_1_20' title="bbox 2060 507 3720 581">
    <p class='ocr_par' dir='ltr' id='par_1_20' title="bbox 2060 507 3720 581">
     <span class='ocr_line' id='line_1_20' title="bbox 2060 507 3720 581; baseline 0.004 -17"><span class='ocrx_word' id='word_1_134' title='bbox 2060 507 2249 566; x_wconf 88' lang='lat' dir='ltr'><strong>salute</strong></span> <span class='ocrx_word' id='word_1_135' title='bbox 2280 509 2615 581; x_wconf 74' lang='lat' dir='ltr'><strong>reipublicae</strong></span> <span class='ocrx_word' id='word_1_136' title='bbox 2654 514 2849 567; x_wconf 83' lang='lat' dir='ltr'><strong>tecum</strong></span> <span class='ocrx_word' id='word_1_137' title='bbox 2896 514 3332 581; x_wconf 87' lang='lat' dir='ltr'><strong>commentaris,</strong></span> <span class='ocrx_word' id='word_1_138' title='bbox 3364 512 3536 570; x_wconf 89' lang='lat' dir='ltr'><strong>simul</strong></span> <span class='ocrx_word' id='word_1_139' title='bbox 3561 513 3720 570; x_wconf 86' lang='lat' dir='ltr'><strong>curis</strong></span> 
     </span>
    </p>
   </div>
   <div class='ocr_carea' id='block_1_21' title="bbox 2061 598 3723 675">
    <p class='ocr_par' dir='ltr' id='par_1_21' title="bbox 2061 598 3723 675">
     <span class='ocr_line' id='line_1_21' title="bbox 2061 598 3723 675; baseline 0.002 -21"><span class='ocrx_word' id='word_1_140' title='bbox 2061 598 2565 671; x_wconf 88' lang='lat' dir='ltr'><strong>consiliisquetuis</strong></span> <span class='ocrx_word' id='word_1_141' title='bbox 2588 618 2768 672; x_wconf 86' lang='lat' dir='ltr'><strong>opera</strong></span> <span class='ocrx_word' id='word_1_142' title='bbox 2783 602 3134 673; x_wconf 89' lang='lat' dir='ltr'><strong>adjungens,</strong></span> <span class='ocrx_word' id='word_1_143' title='bbox 3157 619 3509 675; x_wconf 87' lang='lat' dir='ltr'><strong>omnemque</strong></span> <span class='ocrx_word' id='word_1_144' title='bbox 3530 601 3723 660; x_wconf 91' lang='lat' dir='ltr'><strong>liben-</strong></span> 
     </span>
    </p>
   </div>
   <div class='ocr_carea' id='block_1_22' title="bbox 2060 689 3720 763">
    <p class='ocr_par' dir='ltr' id='par_1_22' title="bbox 2060 689 3720 763">
     <span class='ocr_line' id='line_1_22' title="bbox 2060 689 3720 763; baseline 0.004 -21"><span class='ocrx_word' id='word_1_145' title='bbox 2060 691 2145 743; x_wconf 91' lang='lat' dir='ltr'><strong>ter</strong></span> <span class='ocrx_word' id='word_1_146' title='bbox 2176 690 2395 760; x_wconf 83' lang='lat' dir='ltr'><strong>perfers</strong></span> <span class='ocrx_word' id='word_1_147' title='bbox 2427 689 2706 760; x_wconf 81' lang='lat' dir='ltr'><strong>laborem,</strong></span> <span class='ocrx_word' id='word_1_148' title='bbox 2738 707 2854 762; x_wconf 90' lang='lat' dir='ltr'><strong>quo</strong></span> <span class='ocrx_word' id='word_1_149' title='bbox 2888 690 3229 749; x_wconf 82' lang='lat' dir='ltr'><strong>meliuscule</strong></span> <span class='ocrx_word' id='word_1_150' title='bbox 3269 710 3364 750; x_wconf 89' lang='lat' dir='ltr'><strong>res</strong></span> <span class='ocrx_word' id='word_1_151' title='bbox 3411 691 3543 749; x_wconf 88' lang='lat' dir='ltr'><strong>aliis</strong></span> <span class='ocrx_word' id='word_1_152' title='bbox 3583 710 3720 763; x_wconf 89' lang='lat' dir='ltr'><strong>pro-</strong></span> 
     </span>
    </p>
   </div>
   <div class='ocr_carea' id='block_1_23' title="bbox 2062 777 3723 851">
    <p class='ocr_par' dir='ltr' id='par_1_23' title="bbox 2062 777 3723 851">
     <span class='ocr_line' id='line_1_23' title="bbox 2062 777 3723 851; baseline 0.003 -20"><span class='ocrx_word' id='word_1_153' title='bbox 2062 777 2272 832; x_wconf 84' lang='lat' dir='ltr'><strong>cedant</strong></span> <span class='ocrx_word' id='word_1_154' title='bbox 2304 783 2362 833; x_wconf 88' lang='lat' dir='ltr'><strong>et</strong></span> <span class='ocrx_word' id='word_1_155' title='bbox 2391 778 2640 850; x_wconf 88' lang='lat' dir='ltr'><strong>quisque</strong></span> <span class='ocrx_word' id='word_1_156' title='bbox 2666 779 2767 849; x_wconf 89' lang='lat' dir='ltr'><strong>jus</strong></span> <span class='ocrx_word' id='word_1_157' title='bbox 2799 794 2972 834; x_wconf 89' lang='lat' dir='ltr'><strong>suum</strong></span> <span class='ocrx_word' id='word_1_158' title='bbox 3022 785 3437 851; x_wconf 82' lang='lat' dir='ltr'><strong>consequatur.</strong></span> <span class='ocrx_word' id='word_1_159' title='bbox 3468 782 3623 837; x_wconf 90' lang='lat' dir='ltr'><strong>Adeo</strong></span> <span class='ocrx_word' id='word_1_160' title='bbox 3657 785 3723 836; x_wconf 87' lang='lat' dir='ltr'><strong>ut</strong></span> 
     </span>
    </p>
   </div>
   <div class='ocr_carea' id='block_1_24' title="bbox 2063 858 3793 940">
    <p class='ocr_par' dir='ltr' id='par_1_24' title="bbox 2063 858 3793 940">
     <span class='ocr_line' id='line_1_24' title="bbox 2063 858 3793 940; baseline 0.003 -20"><span class='ocrx_word' id='word_1_161' title='bbox 2063 865 2112 920; x_wconf 88' lang='lat' dir='ltr'><strong>si</strong></span> <span class='ocrx_word' id='word_1_162' title='bbox 2152 866 2241 922; x_wconf 89' lang='lat' dir='ltr'><strong>vel</strong></span> <span class='ocrx_word' id='word_1_163' title='bbox 2282 865 3117 940; x_wconf 84' lang='lat' dir='ltr'><strong>nullumunquamseparatim</strong></span> <span class='ocrx_word' id='word_1_164' title='bbox 3137 870 3195 924; x_wconf 91' lang='lat' dir='ltr'><strong>in</strong></span> <span class='ocrx_word' id='word_1_165' title='bbox 3233 885 3339 925; x_wconf 89' lang='lat' dir='ltr'><strong>nos</strong></span> <span class='ocrx_word' id='word_1_166' title='bbox 3372 870 3722 926; x_wconf 83' lang='lat' dir='ltr'><strong>contulisses</strong></span> <span class='ocrx_word' id='word_1_167' title='bbox 3792 858 3793 865; x_wconf 35' lang='grc'><em>“</em></span> 
     </span>
    </p>
   </div>
   <div class='ocr_carea' id='block_1_25' title="bbox 2062 952 3720 1031">
    <p class='ocr_par' dir='ltr' id='par_1_25' title="bbox 2062 952 3720 1031">
     <span class='ocr_line' id='line_1_25' title="bbox 2062 952 3720 1031; baseline 0.004 -23"><span class='ocrx_word' id='word_1_168' title='bbox 2062 952 2430 1022; x_wconf 86' lang='lat' dir='ltr'><strong>beneﬁcium,</strong></span> <span class='ocrx_word' id='word_1_169' title='bbox 2459 972 2647 1026; x_wconf 90' lang='lat' dir='ltr'><strong>neque</strong></span> <span class='ocrx_word' id='word_1_170' title='bbox 2679 956 2800 1012; x_wconf 91' lang='lat' dir='ltr'><strong>ulla</strong></span> <span class='ocrx_word' id='word_1_171' title='bbox 2830 955 3007 1028; x_wconf 87' lang='lat' dir='ltr'><strong>plane</strong></span> <span class='ocrx_word' id='word_1_172' title='bbox 3040 973 3181 1013; x_wconf 89' lang='lat' dir='ltr'><strong>cura</strong></span> <span class='ocrx_word' id='word_1_173' title='bbox 3210 958 3720 1031; x_wconf 84' lang='lat' dir='ltr'><strong>providentiasque</strong></span> 
     </span>
    </p>
   </div>
   <div class='ocr_carea' id='block_1_26' title="bbox 2063 1044 3719 1117">
    <p class='ocr_par' dir='ltr' id='par_1_26' title="bbox 2063 1044 3719 1117">
     <span class='ocr_line' id='line_1_26' title="bbox 2063 1044 3719 1117; baseline 0.005 -20"><span class='ocrx_word' id='word_1_174' title='bbox 2063 1046 2164 1098; x_wconf 87' lang='lat' dir='ltr'><strong>tua</strong></span> <span class='ocrx_word' id='word_1_175' title='bbox 2192 1044 2464 1117; x_wconf 84' lang='lat' dir='ltr'><strong>dignatus</strong></span> <span class='ocrx_word' id='word_1_176' title='bbox 2500 1045 2728 1114; x_wconf 77' lang='lat' dir='ltr'><strong>fuisses,</strong></span> <span class='ocrx_word' id='word_1_177' title='bbox 2773 1045 2861 1102; x_wconf 89' lang='lat' dir='ltr'><strong>vel</strong></span> <span class='ocrx_word' id='word_1_178' title='bbox 2909 1046 3018 1102; x_wconf 90' lang='lat' dir='ltr'><strong>hoc</strong></span> <span class='ocrx_word' id='word_1_179' title='bbox 3059 1047 3182 1103; x_wconf 91' lang='lat' dir='ltr'><strong>solo</strong></span> <span class='ocrx_word' id='word_1_180' title='bbox 3223 1052 3414 1103; x_wconf 85' lang='lat' dir='ltr'><strong>tamen</strong></span> <span class='ocrx_word' id='word_1_181' title='bbox 3458 1049 3719 1117; x_wconf 89' lang='lat' dir='ltr'><strong>nomine,</strong></span> 
     </span>
    </p>
   </div>
   <div class='ocr_carea' id='block_1_27' title="bbox 2071 1133 3722 1208">
    <p class='ocr_par' dir='ltr' id='par_1_27' title="bbox 2071 1133 3722 1208">
     <span class='ocr_line' id='line_1_27' title="bbox 2071 1133 3722 1208; baseline 0.002 -19"><span class='ocrx_word' id='word_1_182' title='bbox 2071 1133 2222 1201; x_wconf 88' lang='lat' dir='ltr'><strong>quod</strong></span> <span class='ocrx_word' id='word_1_183' title='bbox 2239 1133 2698 1206; x_wconf 88' lang='lat' dir='ltr'><strong>omnitempore,</strong></span> <span class='ocrx_word' id='word_1_184' title='bbox 2715 1135 2856 1191; x_wconf 92' lang='lat' dir='ltr'><strong>boni</strong></span> <span class='ocrx_word' id='word_1_185' title='bbox 2888 1135 3105 1202; x_wconf 90' lang='lat' dir='ltr'><strong>omnis,</strong></span> <span class='ocrx_word' id='word_1_186' title='bbox 3132 1135 3430 1208; x_wconf 83' lang='lat' dir='ltr'><strong>publicum</strong></span> <span class='ocrx_word' id='word_1_187' title='bbox 3446 1139 3722 1193; x_wconf 88' lang='lat' dir='ltr'><strong>omnibus</strong></span> 
     </span>
    </p>
   </div>
   <div class='ocr_carea' id='block_1_28' title="bbox 2070 1224 3721 1298">
    <p class='ocr_par' dir='ltr' id='par_1_28' title="bbox 2070 1224 3721 1298">
     <span class='ocr_line' id='line_1_28' title="bbox 2070 1224 3721 1298; baseline 0 -17"><span class='ocrx_word' id='word_1_188' title='bbox 2070 1224 2341 1281; x_wconf 72' lang='lat' dir='ltr'><strong>terarium</strong></span> <span class='ocrx_word' id='word_1_189' title='bbox 2402 1239 2486 1291; x_wconf 89' lang='lat' dir='ltr'><strong>es,</strong></span> <span class='ocrx_word' id='word_1_190' title='bbox 2527 1240 2749 1297; x_wconf 85' lang='lat' dir='ltr'><strong>aequam</strong></span> <span class='ocrx_word' id='word_1_191' title='bbox 2811 1224 3102 1293; x_wconf 81' lang='lat' dir='ltr'><strong>videlicet,</strong></span> <span class='ocrx_word' id='word_1_192' title='bbox 3133 1226 3253 1281; x_wconf 88' lang='lat' dir='ltr'><strong>sive</strong></span> <span class='ocrx_word' id='word_1_193' title='bbox 3293 1225 3486 1297; x_wconf 77' lang='lat' dir='ltr'><strong>potius</strong></span> <span class='ocrx_word' id='word_1_194' title='bbox 3547 1226 3721 1298; x_wconf 89' lang='lat' dir='ltr'><strong>plane</strong></span> 
     </span>
    </p>
   </div>
   <div class='ocr_carea' id='block_1_29' title="bbox 2069 1313 3722 1387">
    <p class='ocr_par' dir='ltr' id='par_1_29' title="bbox 2069 1313 3722 1387">
     <span class='ocr_line' id='line_1_29' title="bbox 2069 1313 3722 1387; baseline 0.001 -17"><span class='ocrx_word' id='word_1_195' title='bbox 2069 1313 2463 1371; x_wconf 88' lang='lat' dir='ltr'><strong>necessarium</strong></span> <span class='ocrx_word' id='word_1_196' title='bbox 2493 1314 2700 1381; x_wconf 80' lang='lat' dir='ltr'><strong>fuerat,</strong></span> <span class='ocrx_word' id='word_1_197' title='bbox 2738 1322 2794 1370; x_wconf 92' lang='lat' dir='ltr'><strong>ut</strong></span> <span class='ocrx_word' id='word_1_198' title='bbox 2825 1315 2896 1370; x_wconf 92' lang='lat' dir='ltr'><strong>de</strong></span> <span class='ocrx_word' id='word_1_199' title='bbox 2916 1314 2990 1370; x_wconf 91' lang='lat' dir='ltr'><strong>iis</strong></span> <span class='ocrx_word' id='word_1_200' title='bbox 3023 1316 3123 1387; x_wconf 88' lang='lat' dir='ltr'><strong>qui</strong></span> <span class='ocrx_word' id='word_1_201' title='bbox 3167 1313 3270 1370; x_wconf 90' lang='lat' dir='ltr'><strong>abs</strong></span> <span class='ocrx_word' id='word_1_202' title='bbox 3315 1319 3370 1371; x_wconf 89' lang='lat' dir='ltr'><strong>te</strong></span> <span class='ocrx_word' id='word_1_203' title='bbox 3399 1315 3583 1386; x_wconf 90' lang='lat' dir='ltr'><strong>adjuti</strong></span> <span class='ocrx_word' id='word_1_204' title='bbox 3623 1331 3722 1371; x_wconf 90' lang='lat' dir='ltr'><strong>or-</strong></span> 
     </span>
    </p>
   </div>
   <div class='ocr_carea' id='block_1_30' title="bbox 2071 1402 3729 1475">
    <p class='ocr_par' dir='ltr' id='par_1_30' title="bbox 2071 1402 3729 1475">
     <span class='ocr_line' id='line_1_30' title="bbox 2071 1402 3729 1475; baseline -0.001 -15"><span class='ocrx_word' id='word_1_205' title='bbox 2071 1404 2304 1475; x_wconf 83' lang='lat' dir='ltr'><strong>natique</strong></span> <span class='ocrx_word' id='word_1_206' title='bbox 2345 1402 2607 1472; x_wconf 83' lang='lat' dir='ltr'><strong>fuissent,</strong></span> <span class='ocrx_word' id='word_1_207' title='bbox 2634 1420 2739 1460; x_wconf 90' lang='lat' dir='ltr'><strong>nos</strong></span> <span class='ocrx_word' id='word_1_208' title='bbox 2796 1404 2974 1459; x_wconf 86' lang='lat' dir='ltr'><strong>etiam</strong></span> <span class='ocrx_word' id='word_1_209' title='bbox 3026 1419 3337 1459; x_wconf 89' lang='lat' dir='ltr'><strong>essemus:</strong></span> <span class='ocrx_word' id='word_1_210' title='bbox 3376 1419 3450 1460; x_wconf 90' lang='lat' dir='ltr'><strong>ne</strong></span> <span class='ocrx_word' id='word_1_211' title='bbox 3508 1403 3729 1459; x_wconf 78' lang='lat' dir='ltr'><strong>scilicet</strong></span> 
     </span>
    </p>
   </div>
   <div class='ocr_carea' id='block_1_31' title="bbox 2072 1492 3729 1564">
    <p class='ocr_par' dir='ltr' id='par_1_31' title="bbox 2072 1492 3729 1564">
     <span class='ocr_line' id='line_1_31' title="bbox 2072 1492 3729 1564; baseline 0 -15"><span class='ocrx_word' id='word_1_212' title='bbox 2072 1495 2211 1550; x_wconf 90' lang='lat' dir='ltr'><strong>dum</strong></span> <span class='ocrx_word' id='word_1_213' title='bbox 2246 1500 2504 1564; x_wconf 84' lang='lat' dir='ltr'><strong>tuaerga</strong></span> <span class='ocrx_word' id='word_1_214' title='bbox 2564 1509 2694 1550; x_wconf 90' lang='lat' dir='ltr'><strong>sese</strong></span> <span class='ocrx_word' id='word_1_215' title='bbox 2750 1492 2851 1548; x_wconf 83' lang='lat' dir='ltr'><strong>alii</strong></span> <span class='ocrx_word' id='word_1_216' title='bbox 2913 1498 3373 1549; x_wconf 89' lang='lat' dir='ltr'><strong>commemorant</strong></span> <span class='ocrx_word' id='word_1_217' title='bbox 3426 1492 3729 1563; x_wconf 89' lang='lat' dir='ltr'><strong>beneﬁcia,</strong></span> 
     </span>
    </p>
   </div>
   <div class='ocr_carea' id='block_1_32' title="bbox 2073 1580 3729 1649">
    <p class='ocr_par' dir='ltr' id='par_1_32' title="bbox 2073 1580 3729 1649">
     <span class='ocr_line' id='line_1_32' title="bbox 2073 1580 3729 1649; baseline 0.001 -12"><span class='ocrx_word' id='word_1_218' title='bbox 2073 1581 2183 1637; x_wconf 87' lang='lat' dir='ltr'><strong>soli</strong></span> <span class='ocrx_word' id='word_1_219' title='bbox 2215 1580 2369 1636; x_wconf 89' lang='lat' dir='ltr'><strong>inter</strong></span> <span class='ocrx_word' id='word_1_220' title='bbox 2400 1596 2605 1637; x_wconf 90' lang='lat' dir='ltr'><strong>omnes</strong></span> <span class='ocrx_word' id='word_1_221' title='bbox 2633 1598 2739 1638; x_wconf 89' lang='lat' dir='ltr'><strong>nos</strong></span> <span class='ocrx_word' id='word_1_222' title='bbox 2762 1586 2871 1638; x_wconf 90' lang='lat' dir='ltr'><strong>aut</strong></span> <span class='ocrx_word' id='word_1_223' title='bbox 2924 1583 3414 1649; x_wconf 86' lang='lat' dir='ltr'><strong>obmutescamus,</strong></span> <span class='ocrx_word' id='word_1_224' title='bbox 3441 1587 3543 1638; x_wconf 87' lang='lat' dir='ltr'><strong>aut</strong></span> <span class='ocrx_word' id='word_1_225' title='bbox 3581 1581 3729 1638; x_wconf 85' lang='lat' dir='ltr'><strong>falsa</strong></span> 
     </span>
    </p>
   </div>
   <div class='ocr_carea' id='block_1_33' title="bbox 2071 1668 3730 1743">
    <p class='ocr_par' dir='ltr' id='par_1_33' title="bbox 2071 1668 3730 1743">
     <span class='ocr_line' id='line_1_33' title="bbox 2071 1668 3730 1743; baseline -0.001 -15"><span class='ocrx_word' id='word_1_226' title='bbox 2071 1677 2129 1728; x_wconf 94' lang='lat' dir='ltr'><strong>et</strong></span> <span class='ocrx_word' id='word_1_227' title='bbox 2152 1670 2407 1729; x_wconf 87' lang='lat' dir='ltr'><strong>conﬁcta</strong></span> <span class='ocrx_word' id='word_1_228' title='bbox 2435 1668 2768 1727; x_wconf 76' lang='lat' dir='ltr'><strong>efferamus.</strong></span> <span class='ocrx_word' id='word_1_229' title='bbox 2790 1671 2989 1741; x_wconf 88' lang='lat' dir='ltr'><strong>Neque</strong></span> <span class='ocrx_word' id='word_1_230' title='bbox 3018 1671 3177 1726; x_wconf 91' lang='lat' dir='ltr'><strong>enim</strong></span> <span class='ocrx_word' id='word_1_231' title='bbox 3221 1670 3389 1726; x_wconf 86' lang='lat' dir='ltr'><strong>aliter</strong></span> <span class='ocrx_word' id='word_1_232' title='bbox 3418 1670 3613 1743; x_wconf 86' lang='lat' dir='ltr'><strong>palam</strong></span> <span class='ocrx_word' id='word_1_233' title='bbox 3674 1681 3730 1727; x_wconf 90' lang='lat' dir='ltr'><strong>et</strong></span> 
     </span>
    </p>
   </div>
   <div class='ocr_carea' id='block_1_34' title="bbox 308 1750 1971 1852">
    <p class='ocr_par' dir='ltr' id='par_1_34' title="bbox 308 1750 1964 1835">
     <span class='ocr_line' id='line_1_34' title="bbox 308 1750 1964 1835; baseline -0.002 -23"><span class='ocrx_word' id='word_1_234' title='bbox 308 1778 381 1835; x_wconf 81' lang='grc' dir='ltr'><strong>γε</strong></span> <span class='ocrx_word' id='word_1_235' title='bbox 429 1756 551 1811; x_wconf 82' lang='grc' dir='ltr'>σοί⁶</span> <span class='ocrx_word' id='word_1_236' title='bbox 583 1754 668 1809; x_wconf 78' lang='grc' dir='ltr'><strong>σοὶ</strong></span> <span class='ocrx_word' id='word_1_237' title='bbox 732 1754 826 1827; x_wconf 71' lang='grc' dir='ltr'>μὲν</span> <span class='ocrx_word' id='word_1_238' title='bbox 887 1751 1036 1814; x_wconf 78' lang='grc' dir='ltr'>ὅπως</span> <span class='ocrx_word' id='word_1_239' title='bbox 1094 1751 1151 1807; x_wconf 83' lang='grc' dir='ltr'><strong>εὗ</strong></span> <span class='ocrx_word' id='word_1_240' title='bbox 1209 1751 1520 1827; x_wconf 82' lang='grc' dir='ltr'>πράττοιεν,</span> <span class='ocrx_word' id='word_1_241' title='bbox 1549 1758 1671 1816; x_wconf 89' lang='grc' dir='ltr'>τοῖς</span> <span class='ocrx_word' id='word_1_242' title='bbox 1719 1750 1765 1808; x_wconf 89' lang='grc' dir='ltr'>δ’</span> <span class='ocrx_word' id='word_1_243' title='bbox 1814 1753 1964 1816; x_wconf 80' lang='grc' dir='ltr'>ὅπως</span> 
     </span>
    </p>
   </div>
   <div class='ocr_carea' id='block_1_35' title="bbox 2080 1750 3728 1852">
    <p class='ocr_par' dir='ltr' id='par_1_35' title="bbox 2080 1759 3728 1833">
     <span class='ocr_line' id='line_1_35' title="bbox 2080 1759 3728 1833; baseline -0.002 -15"><span class='ocrx_word' id='word_1_244' title='bbox 2080 1766 2270 1833; x_wconf 86' lang='lat' dir='ltr'><strong>aperte</strong></span> <span class='ocrx_word' id='word_1_245' title='bbox 2292 1761 2398 1816; x_wconf 86' lang='lat' dir='ltr'><strong>hoc</strong></span> <span class='ocrx_word' id='word_1_246' title='bbox 2430 1759 2595 1815; x_wconf 89' lang='lat' dir='ltr'><strong>nobis</strong></span> <span class='ocrx_word' id='word_1_247' title='bbox 2644 1760 2902 1832; x_wconf 86' lang='lat' dir='ltr'><strong>proﬁteri</strong></span> <span class='ocrx_word' id='word_1_248' title='bbox 2962 1760 3278 1832; x_wconf 90' lang='lat' dir='ltr'><strong>integrum,</strong></span> <span class='ocrx_word' id='word_1_249' title='bbox 3310 1760 3543 1829; x_wconf 87' lang='lat' dir='ltr'><strong>quando</strong></span> <span class='ocrx_word' id='word_1_250' title='bbox 3601 1775 3728 1831; x_wconf 89' lang='lat' dir='ltr'><strong>per-</strong></span> 
     </span>
    </p>
   </div>
   <div class='ocr_carea' id='block_1_36' title="bbox 311 1839 1971 1924">
    <p class='ocr_par' dir='ltr' id='par_1_36' title="bbox 311 1839 1966 1920">
     <span class='ocr_line' id='line_1_36' title="bbox 311 1839 1966 1920; baseline -0.002 -19"><span class='ocrx_word' id='word_1_251' title='bbox 311 1847 372 1908; x_wconf 77' lang='grc' dir='ltr'><strong>ἐς</strong></span> <span class='ocrx_word' id='word_1_252' title='bbox 424 1847 687 1920; x_wconf 79' lang='grc' dir='ltr'>μήκιστον</span> <span class='ocrx_word' id='word_1_253' title='bbox 737 1842 863 1897; x_wconf 78' lang='grc' dir='ltr'>ὅσον</span> <span class='ocrx_word' id='word_1_254' title='bbox 914 1839 1237 1915; x_wconf 79' lang='grc' dir='ltr'>ἐρῥωμένως</span> <span class='ocrx_word' id='word_1_255' title='bbox 1301 1842 1515 1916; x_wconf 76' lang='grc' dir='ltr'>βιῴηςο</span> <span class='ocrx_word' id='word_1_256' title='bbox 1564 1841 1707 1898; x_wconf 74' lang='grc' dir='ltr'>οὕτω</span> <span class='ocrx_word' id='word_1_257' title='bbox 1753 1842 1854 1919; x_wconf 79' lang='grc' dir='ltr'><strong>γὰρ</strong></span> <span class='ocrx_word' id='word_1_258' title='bbox 1905 1842 1966 1898; x_wconf 78' lang='grc' dir='ltr'><strong>ἂν</strong></span> 
     </span>
    </p>
   </div>
   <div class='ocr_carea' id='block_1_37' title="bbox 2080 1839 3729 1924">
    <p class='ocr_par' dir='ltr' id='par_1_37' title="bbox 2080 1848 3729 1924">
     <span class='ocr_line' id='line_1_37' title="bbox 2080 1848 3729 1924; baseline -0.001 -16"><span class='ocrx_word' id='word_1_259' title='bbox 2080 1850 2444 1924; x_wconf 85' lang='lat' dir='ltr'><strong>spectissima</strong></span> <span class='ocrx_word' id='word_1_260' title='bbox 2472 1849 2745 1907; x_wconf 91' lang='lat' dir='ltr'><strong>omnibus</strong></span> <span class='ocrx_word' id='word_1_261' title='bbox 2775 1849 2977 1905; x_wconf 82' lang='lat' dir='ltr'><strong>dextra</strong></span> <span class='ocrx_word' id='word_1_262' title='bbox 3020 1848 3289 1920; x_wconf 88' lang='lat' dir='ltr'><strong>ﬁdesque</strong></span> <span class='ocrx_word' id='word_1_263' title='bbox 3336 1853 3436 1904; x_wconf 86' lang='lat' dir='ltr'><strong>tua</strong></span> <span class='ocrx_word' id='word_1_264' title='bbox 3481 1853 3588 1905; x_wconf 91' lang='lat' dir='ltr'><strong>est.</strong></span> <span class='ocrx_word' id='word_1_265' title='bbox 3618 1848 3729 1906; x_wconf 88' lang='lat' dir='ltr'><strong>Ve-</strong></span> 
     </span>
    </p>
   </div>
   <div class='ocr_carea' id='block_1_38' title="bbox 310 1928 1970 2010">
    <p class='ocr_par' dir='ltr' id='par_1_38' title="bbox 310 1928 1970 2010">
     <span class='ocr_line' id='line_1_38' title="bbox 310 1928 1970 2010; baseline -0.002 -19"><span class='ocrx_word' id='word_1_266' title='bbox 310 1935 410 1991; x_wconf 80' lang='grc' dir='ltr'><strong>καὶ</strong></span> <span class='ocrx_word' id='word_1_267' title='bbox 434 1936 504 1991; x_wconf 73' lang='grc' dir='ltr'><strong>τά</strong></span> <span class='ocrx_word' id='word_1_268' title='bbox 531 1933 740 2010; x_wconf 74' lang='grc' dir='ltr'>σφέτερ’</span> <span class='ocrx_word' id='word_1_269' title='bbox 769 1931 945 1987; x_wconf 78' lang='grc' dir='ltr'>αὐτῶν</span> <span class='ocrx_word' id='word_1_270' title='bbox 988 1932 1063 1993; x_wconf 84' lang='grc' dir='ltr'>ὡς</span> <span class='ocrx_word' id='word_1_271' title='bbox 1119 1930 1390 1988; x_wconf 86' lang='grc' dir='ltr'>κάλλιστα</span> <span class='ocrx_word' id='word_1_272' title='bbox 1437 1928 1606 2008; x_wconf 84' lang='grc' dir='ltr'>ἔχειν,</span> <span class='ocrx_word' id='word_1_273' title='bbox 1639 1933 1715 1994; x_wconf 86' lang='grc' dir='ltr'><strong>ὡς</strong></span> <span class='ocrx_word' id='word_1_274' title='bbox 1757 1933 1820 1987; x_wconf 91' lang='grc' dir='ltr'>τὸ</span> <span class='ocrx_word' id='word_1_275' title='bbox 1875 1934 1970 2007; x_wconf 73' lang='grc' dir='ltr'>μὲν</span> 
     </span>
    </p>
   </div>
   <div class='ocr_carea' id='block_1_39' title="bbox 315 2018 1967 2097">
    <p class='ocr_par' dir='ltr' id='par_1_39' title="bbox 315 2018 1967 2097">
     <span class='ocr_line' id='line_1_39' title="bbox 315 2018 1967 2097; baseline -0.002 -19"><span class='ocrx_word' id='word_1_276' title='bbox 315 2023 414 2078; x_wconf 78' lang='grc' dir='ltr'><strong>δια</strong></span> <span class='ocrx_word' id='word_1_277' title='bbox 468 2020 660 2083; x_wconf 71' lang='grc' dir='ltr'>τέλους</span> <span class='ocrx_word' id='word_1_278' title='bbox 707 2019 972 2097; x_wconf 82' lang='grc' dir='ltr'>ἐῤῥῶσθαι</span> <span class='ocrx_word' id='word_1_279' title='bbox 1015 2020 1099 2075; x_wconf 87' lang='grc' dir='ltr'><strong>σοὶ</strong></span> <span class='ocrx_word' id='word_1_280' title='bbox 1148 2018 1295 2092; x_wconf 90' lang='grc' dir='ltr'>μάλα</span> <span class='ocrx_word' id='word_1_281' title='bbox 1341 2027 1638 2095; x_wconf 87' lang='grc' dir='ltr'>προσῆκον,</span> <span class='ocrx_word' id='word_1_282' title='bbox 1672 2019 1851 2083; x_wconf 80' lang='grc' dir='ltr'>αὐτοῖς</span> <span class='ocrx_word' id='word_1_283' title='bbox 1910 2018 1967 2075; x_wconf 79' lang='grc' dir='ltr'>δὲ</span> 
     </span>
    </p>
   </div>
   <div class='ocr_carea' id='block_1_40' title="bbox 312 2106 1963 2186">
    <p class='ocr_par' dir='ltr' id='par_1_40' title="bbox 312 2106 1963 2186">
     <span class='ocr_line' id='line_1_40' title="bbox 312 2106 1963 2186; baseline -0.002 -19"><span class='ocrx_word' id='word_1_284' title='bbox 312 2113 421 2180; x_wconf 78' lang='grc' dir='ltr'><strong>τὴν</strong></span> <span class='ocrx_word' id='word_1_285' title='bbox 454 2111 657 2186; x_wconf 75' lang='grc' dir='ltr'>ἀγαθὴν</span> <span class='ocrx_word' id='word_1_286' title='bbox 692 2109 895 2183; x_wconf 78' lang='grc' dir='ltr'>τύχην,</span> <span class='ocrx_word' id='word_1_287' title='bbox 929 2106 1028 2163; x_wconf 76' lang='grc' dir='ltr'>οὐκ</span> <span class='ocrx_word' id='word_1_288' title='bbox 1064 2106 1125 2163; x_wconf 76' lang='grc' dir='ltr'><strong>ἃν</strong></span> <span class='ocrx_word' id='word_1_289' title='bbox 1165 2106 1352 2172; x_wconf 73' lang='grc' dir='ltr'>ἄλλως</span> <span class='ocrx_word' id='word_1_290' title='bbox 1403 2108 1584 2166; x_wconf 81' lang='grc' dir='ltr'>οὖσαν.</span> <span class='ocrx_word' id='word_1_291' title='bbox 1614 2109 1756 2167; x_wconf 76' lang='grc' dir='ltr'>Εἶεν.</span> <span class='ocrx_word' id='word_1_292' title='bbox 1790 2107 1963 2165; x_wconf 81' lang='grc' dir='ltr'>Ἀλλὰ</span> 
     </span>
    </p>
   </div>
   <div class='ocr_carea' id='block_1_41' title="bbox 320 2197 1963 2275">
    <p class='ocr_par' dir='ltr' id='par_1_41' title="bbox 320 2197 1963 2275">
     <span class='ocr_line' id='line_1_41' title="bbox 320 2197 1963 2275; baseline -0.001 -20"><span class='ocrx_word' id='word_1_293' title='bbox 320 2204 432 2275; x_wconf 72' lang='grc' dir='ltr'><strong>γάρ</strong></span> <span class='ocrx_word' id='word_1_294' title='bbox 481 2198 565 2255; x_wconf 78' lang='grc' dir='ltr'><strong>ὅτι</strong></span> <span class='ocrx_word' id='word_1_295' title='bbox 614 2199 710 2272; x_wconf 75' lang='grc' dir='ltr'>μὲν</span> <span class='ocrx_word' id='word_1_296' title='bbox 758 2200 897 2273; x_wconf 75' lang='grc' dir='ltr'>ἡμῖν</span> <span class='ocrx_word' id='word_1_297' title='bbox 946 2198 1086 2253; x_wconf 83' lang='grc' dir='ltr'>ἐσαεὶ</span> <span class='ocrx_word' id='word_1_298' title='bbox 1139 2198 1420 2273; x_wconf 87' lang='grc' dir='ltr'>πρόθυμος</span> <span class='ocrx_word' id='word_1_299' title='bbox 1450 2197 1569 2273; x_wconf 80' lang='grc' dir='ltr'>ἔσῃ,</span> <span class='ocrx_word' id='word_1_300' title='bbox 1597 2198 1786 2254; x_wconf 78' lang='grc' dir='ltr'>καὶτὰ</span> <span class='ocrx_word' id='word_1_301' title='bbox 1834 2198 1963 2274; x_wconf 83' lang='grc' dir='ltr'>βέλ-</span> 
     </span>
    </p>
   </div>
   <div class='ocr_carea' id='block_1_42' title="bbox 321 2286 1970 2363">
    <p class='ocr_par' dir='ltr' id='par_1_42' title="bbox 321 2286 1970 2363">
     <span class='ocr_line' id='line_1_42' title="bbox 321 2286 1970 2363; baseline 0 -19"><span class='ocrx_word' id='word_1_302' title='bbox 321 2291 468 2346; x_wconf 80' lang='grc' dir='ltr'>τισθ¹</span> <span class='ocrx_word' id='word_1_303' title='bbox 506 2289 728 2362; x_wconf 81' lang='grc' dir='ltr'>αἱρήσῃ,</span> <span class='ocrx_word' id='word_1_304' title='bbox 787 2288 878 2342; x_wconf 80' lang='grc' dir='ltr'>καὶ</span> <span class='ocrx_word' id='word_1_305' title='bbox 927 2291 1097 2362; x_wconf 81' lang='grc' dir='ltr'>τιμῆς</span> <span class='ocrx_word' id='word_1_306' title='bbox 1145 2286 1413 2360; x_wconf 80' lang='grc' dir='ltr'>ἀξιώσεις,</span> <span class='ocrx_word' id='word_1_307' title='bbox 1461 2289 1551 2343; x_wconf 87' lang='grc' dir='ltr'><strong>καὶ</strong></span> <span class='ocrx_word' id='word_1_308' title='bbox 1608 2290 1781 2344; x_wconf 89' lang='grc' dir='ltr'>πάντα</span> <span class='ocrx_word' id='word_1_309' title='bbox 1826 2295 1970 2363; x_wconf 87' lang='grc' dir='ltr'>πρά-</span> 
     </span>
    </p>
   </div>
   <div class='ocr_carea' id='block_1_43' title="bbox 322 2370 1970 2452">
    <p class='ocr_par' dir='ltr' id='par_1_43' title="bbox 322 2370 1970 2452">
     <span class='ocr_line' id='line_1_43' title="bbox 322 2370 1970 2452; baseline -0.001 -18"><span class='ocrx_word' id='word_1_310' title='bbox 322 2383 432 2452; x_wconf 78' lang='grc' dir='ltr'>ξεις</span> <span class='ocrx_word' id='word_1_311' title='bbox 481 2377 657 2447; x_wconf 73' lang='grc' dir='ltr'>ἡδέως</span> <span class='ocrx_word' id='word_1_312' title='bbox 706 2378 741 2432; x_wconf 83' lang='grc' dir='ltr'><strong>’ἆ</strong></span> <span class='ocrx_word' id='word_1_313' title='bbox 784 2398 844 2432; x_wconf 88' lang='grc' dir='ltr'><strong>τε</strong></span> <span class='ocrx_word' id='word_1_314' title='bbox 890 2370 1062 2448; x_wconf 77' lang='grc' dir='ltr'>ἔξεστι</span> <span class='ocrx_word' id='word_1_315' title='bbox 1100 2378 1189 2431; x_wconf 80' lang='grc' dir='ltr'><strong>καὶ</strong></span> <span class='ocrx_word' id='word_1_316' title='bbox 1224 2374 1416 2432; x_wconf 85' lang='grc' dir='ltr'>δίδωσι</span> <span class='ocrx_word' id='word_1_317' title='bbox 1445 2378 1508 2433; x_wconf 86' lang='grc' dir='ltr'><strong>τὸ</strong></span> <span class='ocrx_word' id='word_1_318' title='bbox 1559 2375 1751 2452; x_wconf 78' lang='grc' dir='ltr'>γρείας</span> <span class='ocrx_word' id='word_1_319' title='bbox 1780 2377 1970 2439; x_wconf 73' lang='grc' dir='ltr'>ἑστὼς.</span> 
     </span>
    </p>
   </div>
   <div class='ocr_carea' id='block_1_44' title="bbox 318 2462 1970 2540">
    <p class='ocr_par' dir='ltr' id='par_1_44' title="bbox 318 2462 1970 2540">
     <span class='ocr_line' id='line_1_44' title="bbox 318 2462 1970 2540; baseline -0.001 -18"><span class='ocrx_word' id='word_1_320' title='bbox 318 2469 417 2522; x_wconf 77' lang='grc' dir='ltr'><strong>καὶ</strong></span> <span class='ocrx_word' id='word_1_321' title='bbox 470 2465 621 2540; x_wconf 78' lang='grc' dir='ltr'>μάλα</span> <span class='ocrx_word' id='word_1_322' title='bbox 679 2465 947 2540; x_wconf 81' lang='grc' dir='ltr'>λαμπρῶς</span> <span class='ocrx_word' id='word_1_323' title='bbox 990 2462 1133 2533; x_wconf 77' lang='grc' dir='ltr'>οἶδα,</span> <span class='ocrx_word' id='word_1_324' title='bbox 1165 2470 1272 2521; x_wconf 90' lang='grc' dir='ltr'><strong>τῶν</strong></span> <span class='ocrx_word' id='word_1_325' title='bbox 1320 2487 1379 2521; x_wconf 88' lang='grc' dir='ltr'><strong>τε</strong></span> <span class='ocrx_word' id='word_1_326' title='bbox 1417 2464 1606 2520; x_wconf 75' lang='grc' dir='ltr'>ἄλλων</span> <span class='ocrx_word' id='word_1_327' title='bbox 1655 2464 1846 2536; x_wconf 78' lang='grc' dir='ltr'>ε’ἱνεκα,</span> <span class='ocrx_word' id='word_1_328' title='bbox 1878 2465 1970 2521; x_wconf 78' lang='grc' dir='ltr'><strong>καὶ</strong></span> 
     </span>
    </p>
   </div>
   <div class='ocr_carea' id='block_1_45' title="bbox 322 2552 1968 2631">
    <p class='ocr_par' dir='ltr' id='par_1_45' title="bbox 322 2552 1968 2631">
     <span class='ocr_line' id='line_1_45' title="bbox 322 2552 1968 2631; baseline -0.001 -19"><span class='ocrx_word' id='word_1_329' title='bbox 322 2558 412 2612; x_wconf 82' lang='grc' dir='ltr'><strong>ὅτι</strong></span> <span class='ocrx_word' id='word_1_330' title='bbox 471 2555 699 2630; x_wconf 81' lang='grc' dir='ltr'>πρόσθεν</span> <span class='ocrx_word' id='word_1_331' title='bbox 748 2557 896 2610; x_wconf 84' lang='grc' dir='ltr'>κάτω</span> <span class='ocrx_word' id='word_1_332' title='bbox 952 2561 1055 2628; x_wconf 82' lang='grc' dir='ltr'><strong>γῆς</strong></span> <span class='ocrx_word' id='word_1_333' title='bbox 1114 2555 1244 2609; x_wconf 82' lang='grc' dir='ltr'>εἶσιν</span> <span class='ocrx_word' id='word_1_334' title='bbox 1305 2552 1494 2631; x_wconf 75' lang='grc' dir='ltr'>ἄστρα,</span> <span class='ocrx_word' id='word_1_335' title='bbox 1540 2559 1613 2631; x_wconf 79' lang='grc' dir='ltr'>γῆ</span> <span class='ocrx_word' id='word_1_336' title='bbox 1668 2557 1717 2611; x_wconf 87' lang='grc' dir='ltr'>τ’</span> <span class='ocrx_word' id='word_1_337' title='bbox 1774 2553 1968 2611; x_wconf 73' lang='grc' dir='ltr'>ἄνεισιν</span> 
     </span>
    </p>
   </div>
   <div class='ocr_carea' id='block_1_46' title="bbox 322 2644 1967 2723">
    <p class='ocr_par' dir='ltr' id='par_1_46' title="bbox 322 2644 1967 2723">
     <span class='ocr_line' id='line_1_46' title="bbox 322 2644 1967 2723; baseline 0 -23"><span class='ocrx_word' id='word_1_338' title='bbox 322 2647 405 2710; x_wconf 81' lang='grc' dir='ltr'><strong>εἰς</strong></span> <span class='ocrx_word' id='word_1_339' title='bbox 431 2645 641 2719; x_wconf 76' lang='grc' dir='ltr'>αἰθέρα,</span> <span class='ocrx_word' id='word_1_340' title='bbox 672 2644 807 2723; x_wconf 57' lang='grc' dir='ltr'>φησὶ</span> <span class='ocrx_word' id='word_1_341' title='bbox 835 2647 1095 2714; x_wconf 76' lang='grc' dir='ltr'>ποιητὴς,</span> <span class='ocrx_word' id='word_1_342' title='bbox 1127 2646 1256 2719; x_wconf 81' lang='grc' dir='ltr'>πρὶν</span> <span class='ocrx_word' id='word_1_343' title='bbox 1311 2646 1386 2717; x_wconf 76' lang='grc' dir='ltr'>μὴ</span> <span class='ocrx_word' id='word_1_344' title='bbox 1438 2645 1586 2721; x_wconf 84' lang='grc' dir='ltr'>παρὰ</span> <span class='ocrx_word' id='word_1_345' title='bbox 1632 2649 1729 2700; x_wconf 81' lang='grc' dir='ltr'>σοῦ</span> <span class='ocrx_word' id='word_1_346' title='bbox 1778 2652 1967 2720; x_wconf 81' lang='grc' dir='ltr'>τυχεῖν</span> 
     </span>
    </p>
   </div>
   <div class='ocr_carea' id='block_1_47' title="bbox 321 2731 1971 2809">
    <p class='ocr_par' dir='ltr' id='par_1_47' title="bbox 321 2731 1971 2809">
     <span class='ocr_line' id='line_1_47' title="bbox 321 2731 1971 2809; baseline -0.001 -18"><span class='ocrx_word' id='word_1_347' title='bbox 321 2737 399 2791; x_wconf 78' lang='grc' dir='ltr'><strong>ὧν</strong></span> <span class='ocrx_word' id='word_1_348' title='bbox 433 2736 494 2791; x_wconf 79' lang='grc' dir='ltr'>ἄν</span> <span class='ocrx_word' id='word_1_349' title='bbox 525 2756 609 2797; x_wconf 87' lang='grc' dir='ltr'><strong>τις</strong></span> <span class='ocrx_word' id='word_1_350' title='bbox 640 2733 848 2806; x_wconf 71' lang='grc' dir='ltr'>δέηται,</span> <span class='ocrx_word' id='word_1_351' title='bbox 882 2735 941 2796; x_wconf 75' lang='grc' dir='ltr'>ὃς</span> <span class='ocrx_word' id='word_1_352' title='bbox 971 2754 1034 2809; x_wconf 91' lang='grc' dir='ltr'><strong>γε</strong></span> <span class='ocrx_word' id='word_1_353' title='bbox 1070 2735 1160 2789; x_wconf 84' lang='grc' dir='ltr'><strong>καὶ</strong></span> <span class='ocrx_word' id='word_1_354' title='bbox 1205 2731 1375 2806; x_wconf 77' lang='grc' dir='ltr'>μηδὲν</span> <span class='ocrx_word' id='word_1_355' title='bbox 1415 2731 1650 2805; x_wconf 80' lang='grc' dir='ltr'>δεηθεῖσι</span> <span class='ocrx_word' id='word_1_356' title='bbox 1699 2735 1971 2799; x_wconf 79' lang='grc' dir='ltr'>πολλάκις</span> 
     </span>
    </p>
   </div>
   <div class='ocr_carea' id='block_1_48' title="bbox 320 2820 1968 2896">
    <p class='ocr_par' dir='ltr' id='par_1_48' title="bbox 320 2820 1968 2896">
     <span class='ocr_line' id='line_1_48' title="bbox 320 2820 1968 2896; baseline -0.001 -16"><span class='ocrx_word' id='word_1_357' title='bbox 320 2823 555 2894; x_wconf 80' lang='grc' dir='ltr'>ἔδωκας,</span> <span class='ocrx_word' id='word_1_358' title='bbox 635 2824 726 2879; x_wconf 85' lang='grc' dir='ltr'><strong>καὶ</strong></span> <span class='ocrx_word' id='word_1_359' title='bbox 822 2820 1106 2893; x_wconf 71' lang='grc' dir='ltr'>δεηθέντας</span> <span class='ocrx_word' id='word_1_360' title='bbox 1186 2824 1449 2896; x_wconf 73' lang='grc' dir='ltr'>μειζόνων</span> <span class='ocrx_word' id='word_1_361' title='bbox 1526 2826 1786 2895; x_wconf 76' lang='grc' dir='ltr'>ἠξίωσας.</span> <span class='ocrx_word' id='word_1_362' title='bbox 1868 2824 1968 2880; x_wconf 81' lang='grc' dir='ltr'>Καὶ</span> 
     </span>
    </p>
   </div>
   <div class='ocr_carea' id='block_1_49' title="bbox 321 2912 1970 2990">
    <p class='ocr_par' dir='ltr' id='par_1_49' title="bbox 321 2912 1970 2990">
     <span class='ocr_line' id='line_1_49' title="bbox 321 2912 1970 2990; baseline -0.001 -20"><span class='ocrx_word' id='word_1_363' title='bbox 321 2916 472 2970; x_wconf 75' lang='grc' dir='ltr'>τοῦθ’</span> <span class='ocrx_word' id='word_1_364' title='bbox 524 2914 597 2975; x_wconf 84' lang='grc' dir='ltr'><strong>ὡς</strong></span> <span class='ocrx_word' id='word_1_365' title='bbox 644 2913 868 2984; x_wconf 82' lang='grc' dir='ltr'>ἀληθῶς</span> <span class='ocrx_word' id='word_1_366' title='bbox 917 2933 1002 2967; x_wconf 92' lang='grc' dir='ltr'><strong>σοι</strong></span> <span class='ocrx_word' id='word_1_367' title='bbox 1045 2914 1342 2990; x_wconf 84' lang='grc' dir='ltr'>πρόσρημα</span> <span class='ocrx_word' id='word_1_368' title='bbox 1399 2912 1548 2969; x_wconf 84' lang='grc' dir='ltr'>πολὺ</span> <span class='ocrx_word' id='word_1_369' title='bbox 1591 2913 1820 2971; x_wconf 83' lang='grc' dir='ltr'>κάλλιον</span> <span class='ocrx_word' id='word_1_370' title='bbox 1878 2915 1970 2970; x_wconf 86' lang='grc' dir='ltr'><strong>καὶ</strong></span> 
     </span>
    </p>
   </div>
   <div class='ocr_carea' id='block_1_50' title="bbox 316 3001 1968 3082">
    <p class='ocr_par' dir='ltr' id='par_1_50' title="bbox 316 3001 1968 3082">
     <span class='ocr_line' id='line_1_50' title="bbox 316 3001 1968 3082; baseline -0.001 -23"><span class='ocrx_word' id='word_1_371' title='bbox 316 3005 669 3079; x_wconf 80' lang='grc' dir='ltr'>σεμνότερον,</span> <span class='ocrx_word' id='word_1_372' title='bbox 693 3004 771 3066; x_wconf 85' lang='grc' dir='ltr'>ὡς</span> <span class='ocrx_word' id='word_1_373' title='bbox 826 3001 1064 3078; x_wconf 85' lang='grc' dir='ltr'>ἐγῷμαι,</span> <span class='ocrx_word' id='word_1_374' title='bbox 1089 3004 1289 3068; x_wconf 81' lang='grc' dir='ltr'>παντὸς</span> <span class='ocrx_word' id='word_1_375' title='bbox 1336 3003 1396 3058; x_wconf 86' lang='grc' dir='ltr'><strong>ἃν</strong></span> <span class='ocrx_word' id='word_1_376' title='bbox 1433 3003 1561 3060; x_wconf 78' lang='grc' dir='ltr'>ὅτου</span> <span class='ocrx_word' id='word_1_377' title='bbox 1599 3006 1688 3060; x_wconf 80' lang='grc' dir='ltr'><strong>καὶ</strong></span> <span class='ocrx_word' id='word_1_378' title='bbox 1732 3006 1929 3082; x_wconf 75' lang='grc' dir='ltr'>φήσαις</span> <span class='ocrx_word' id='word_1_379' title='bbox 1952 3022 1968 3037; x_wconf 79' lang='grc'><strong><em>⁸</em></strong></span> 
     </span>
    </p>
   </div>
   <div class='ocr_carea' id='block_1_51' title="bbox 321 3088 1969 3166">
    <p class='ocr_par' dir='ltr' id='par_1_51' title="bbox 321 3088 1969 3166">
     <span class='ocr_line' id='line_1_51' title="bbox 321 3088 1969 3166; baseline -0.001 -18"><span class='ocrx_word' id='word_1_380' title='bbox 321 3091 544 3148; x_wconf 75' lang='grc' dir='ltr'>δὲδοικα</span> <span class='ocrx_word' id='word_1_381' title='bbox 595 3092 800 3166; x_wconf 74' lang='grc' dir='ltr'>μέντοι,</span> <span class='ocrx_word' id='word_1_382' title='bbox 833 3088 1070 3165; x_wconf 71' lang='grc' dir='ltr'>δέδοικα,</span> <span class='ocrx_word' id='word_1_383' title='bbox 1092 3092 1185 3147; x_wconf 82' lang='grc' dir='ltr'><strong>καὶ</strong></span> <span class='ocrx_word' id='word_1_384' title='bbox 1240 3091 1376 3155; x_wconf 73' lang='grc' dir='ltr'>ἴσως</span> <span class='ocrx_word' id='word_1_385' title='bbox 1434 3093 1643 3155; x_wconf 72' lang='grc' dir='ltr'>εἰκότος</span> <span class='ocrx_word' id='word_1_386' title='bbox 1701 3094 1801 3149; x_wconf 81' lang='grc' dir='ltr'>οὐκ</span> <span class='ocrx_word' id='word_1_387' title='bbox 1847 3091 1969 3163; x_wconf 67' lang='grc' dir='ltr'>ἔξω,</span> 
     </span>
    </p>
   </div>
   <div class='ocr_carea' id='block_1_52' title="bbox 327 3160 2044 3258">
    <p class='ocr_par' dir='ltr' id='par_1_52' title="bbox 327 3160 2044 3258">
     <span class='ocr_line' id='line_1_52' title="bbox 327 3160 2044 3258; baseline 0 -22"><span class='ocrx_word' id='word_1_388' title='bbox 327 3184 404 3257; x_wconf 74' lang='grc' dir='ltr'>μὴ</span> <span class='ocrx_word' id='word_1_389' title='bbox 461 3160 706 3257; x_wconf 73' lang='grc' dir='ltr'>μεγάλας</span> <span class='ocrx_word' id='word_1_390' title='bbox 774 3160 1294 3257; x_wconf 25' lang='grc' dir='ltr'>πεφυκὼςϋδιδόναι</span> <span class='ocrx_word' id='word_1_391' title='bbox 1347 3183 1598 3258; x_wconf 85' lang='grc' dir='ltr'>χάριτος,</span> <span class='ocrx_word' id='word_1_392' title='bbox 1634 3177 1816 3238; x_wconf 79' lang='grc' dir='ltr'>ἔπειτα</span> <span class='ocrx_word' id='word_1_393' title='bbox 2001 3160 2044 3227; x_wconf 75' lang='lat' dir='ltr'>C</span> 
     </span>
    </p>
   </div>
   <div class='ocr_carea' id='block_1_53' title="bbox 320 3270 1973 3347">
    <p class='ocr_par' dir='ltr' id='par_1_53' title="bbox 320 3270 1973 3347">
     <span class='ocr_line' id='line_1_53' title="bbox 320 3270 1973 3347; baseline 0 -21"><span class='ocrx_word' id='word_1_394' title='bbox 320 3272 437 3327; x_wconf 83' lang='grc' dir='ltr'>νυνὶ</span> <span class='ocrx_word' id='word_1_395' title='bbox 478 3270 684 3341; x_wconf 75' lang='grc' dir='ltr'>ταότην</span> <span class='ocrx_word' id='word_1_396' title='bbox 724 3272 955 3345; x_wconf 86' lang='grc' dir='ltr'>σμικράν</span> <span class='ocrx_word' id='word_1_397' title='bbox 1003 3291 1062 3325; x_wconf 91' lang='grc' dir='ltr'><strong>τε</strong></span> <span class='ocrx_word' id='word_1_398' title='bbox 1109 3271 1201 3325; x_wconf 84' lang='grc' dir='ltr'><strong>καὶ</strong></span> <span class='ocrx_word' id='word_1_399' title='bbox 1251 3271 1545 3347; x_wconf 76' lang='grc' dir='ltr'>παραπολὺ</span> <span class='ocrx_word' id='word_1_400' title='bbox 1572 3278 1674 3341; x_wconf 83' lang='grc' dir='ltr'><strong>τῆς</strong></span> <span class='ocrx_word' id='word_1_401' title='bbox 1725 3278 1823 3342; x_wconf 82' lang='grc' dir='ltr'><strong>σῆς</strong></span> <span class='ocrx_word' id='word_1_402' title='bbox 1875 3292 1973 3346; x_wconf 84' lang='grc' dir='ltr'>με·</span> 
     </span>
    </p>
   </div>
   <div class='ocr_carea' id='block_1_54' title="bbox 321 3358 1973 3436">
    <p class='ocr_par' dir='ltr' id='par_1_54' title="bbox 321 3358 1973 3436">
     <span class='ocr_line' id='line_1_54' title="bbox 321 3358 1973 3436; baseline -0.001 -20"><span class='ocrx_word' id='word_1_403' title='bbox 321 3359 675 3436; x_wconf 78' lang='grc' dir='ltr'>γαλοψυχίιος</span> <span class='ocrx_word' id='word_1_404' title='bbox 704 3360 959 3433; x_wconf 87' lang='grc' dir='ltr'>νομίσας,</span> <span class='ocrx_word' id='word_1_405' title='bbox 991 3358 1026 3429; x_wconf 73' lang='grc' dir='ltr'><strong>ἢ</strong></span> <span class='ocrx_word' id='word_1_406' title='bbox 1056 3360 1297 3433; x_wconf 78' lang='grc' dir='ltr'>καθάπαξ</span> <span class='ocrx_word' id='word_1_407' title='bbox 1349 3360 1412 3415; x_wconf 75' lang='grc' dir='ltr'>οὗ</span> <span class='ocrx_word' id='word_1_408' title='bbox 1462 3358 1593 3433; x_wconf 83' lang='grc' dir='ltr'><strong>δῷς,</strong></span> <span class='ocrx_word' id='word_1_409' title='bbox 1624 3362 1659 3431; x_wconf 75' lang='grc' dir='ltr'><strong>ἢ</strong></span> <span class='ocrx_word' id='word_1_410' title='bbox 1694 3360 1829 3434; x_wconf 78' lang='grc' dir='ltr'>ἐμοῦ</span> <span class='ocrx_word' id='word_1_411' title='bbox 1874 3382 1973 3415; x_wconf 80' lang='grc' dir='ltr'>κα-</span> 
     </span>
    </p>
   </div>
   <div class='ocr_carea' id='block_1_55' title="bbox 321 3446 1975 3527">
    <p class='ocr_par' dir='ltr' id='par_1_55' title="bbox 321 3446 1975 3527">
     <span class='ocr_line' id='line_1_55' title="bbox 321 3446 1975 3527; baseline -0.001 -21"><span class='ocrx_word' id='word_1_412' title='bbox 321 3450 658 3527; x_wconf 81' lang='grc' dir='ltr'>ταγνῷς,ὡς</span> <span class='ocrx_word' id='word_1_413' title='bbox 708 3449 771 3504; x_wconf 82' lang='grc' dir='ltr'>οὐ</span> <span class='ocrx_word' id='word_1_414' title='bbox 826 3448 951 3523; x_wconf 80' lang='grc' dir='ltr'>περὶ</span> <span class='ocrx_word' id='word_1_415' title='bbox 1000 3453 1096 3504; x_wconf 75' lang='grc' dir='ltr'><strong>σοῦ</strong></span> <span class='ocrx_word' id='word_1_416' title='bbox 1152 3449 1219 3504; x_wconf 71' lang='grc' dir='ltr'><strong>τά</strong></span> <span class='ocrx_word' id='word_1_417' title='bbox 1273 3454 1620 3524; x_wconf 85' lang='grc' dir='ltr'>προσήκοντα</span> <span class='ocrx_word' id='word_1_418' title='bbox 1648 3446 1975 3522; x_wconf 71' lang='grc' dir='ltr'>διανοουμέ-</span> 
     </span>
    </p>
   </div>
   <div class='ocr_carea' id='block_1_56' title="bbox 322 3535 1975 3606">
    <p class='ocr_par' dir='ltr' id='par_1_56' title="bbox 322 3535 1975 3606">
     <span class='ocr_line' id='line_1_56' title="bbox 322 3535 1975 3606; baseline -0.001 -10"><span class='ocrx_word' id='word_1_419' title='bbox 322 3562 445 3598; x_wconf 82' lang='grc' dir='ltr'>νου.</span> <span class='ocrx_word' id='word_1_420' title='bbox 481 3539 545 3596; x_wconf 76' lang='grc' dir='ltr'><strong>Εἰ</strong></span> <span class='ocrx_word' id='word_1_421' title='bbox 579 3535 637 3594; x_wconf 72' lang='grc' dir='ltr'>δὲ</span> <span class='ocrx_word' id='word_1_422' title='bbox 682 3538 774 3593; x_wconf 81' lang='grc' dir='ltr'><strong>καὶ</strong></span> <span class='ocrx_word' id='word_1_423' title='bbox 820 3540 971 3593; x_wconf 79' lang='grc' dir='ltr'>ταῦτ’</span> <span class='ocrx_word' id='word_1_424' title='bbox 1003 3538 1157 3593; x_wconf 80' lang='grc' dir='ltr'>οἶσθα</span> <span class='ocrx_word' id='word_1_425' title='bbox 1198 3535 1431 3606; x_wconf 83' lang='grc' dir='ltr'>διδόναι,</span> <span class='ocrx_word' id='word_1_426' title='bbox 1463 3538 1551 3594; x_wconf 85' lang='grc' dir='ltr'><strong>καὶ</strong></span> <span class='ocrx_word' id='word_1_427' title='bbox 1583 3543 1743 3593; x_wconf 77' lang='grc' dir='ltr'>πᾶσιν</span> <span class='ocrx_word' id='word_1_428' title='bbox 1783 3538 1975 3601; x_wconf 83' lang='grc' dir='ltr'>ἁπλῶς</span> 
     </span>
    </p>
   </div>
   <div class='ocr_carea' id='block_1_57' title="bbox 322 3627 1976 3707">
    <p class='ocr_par' dir='ltr' id='par_1_57' title="bbox 322 3627 1976 3707">
     <span class='ocr_line' id='line_1_57' title="bbox 322 3627 1976 3707; baseline -0.003 -20"><span class='ocrx_word' id='word_1_429' title='bbox 322 3632 616 3707; x_wconf 74' lang='grc' dir='ltr'>ἐγχειρεῖν,</span> <span class='ocrx_word' id='word_1_430' title='bbox 638 3629 728 3684; x_wconf 81' lang='grc' dir='ltr'><strong>καὶ</strong></span> <span class='ocrx_word' id='word_1_431' title='bbox 778 3630 806 3683; x_wconf 88' lang='grc' dir='ltr'>ὁ</span> <span class='ocrx_word' id='word_1_432' title='bbox 852 3627 1175 3692; x_wconf 79' lang='grc' dir='ltr'>καλλίνικος</span> <span class='ocrx_word' id='word_1_433' title='bbox 1225 3631 1360 3704; x_wconf 85' lang='grc' dir='ltr'>ἡμῖν</span> <span class='ocrx_word' id='word_1_434' title='bbox 1411 3629 1689 3704; x_wconf 79' lang='grc' dir='ltr'>Ἠράκλῆς</span> <span class='ocrx_word' id='word_1_435' title='bbox 1733 3628 1976 3704; x_wconf 84' lang='grc' dir='ltr'>πάρεργα</span> 
     </span>
    </p>
   </div>
   <div class='ocr_carea' id='block_1_58' title="bbox 320 3716 1976 3795">
    <p class='ocr_par' dir='ltr' id='par_1_58' title="bbox 320 3716 1976 3795">
     <span class='ocr_line' id='line_1_58' title="bbox 320 3716 1976 3795; baseline -0.002 -19"><span class='ocrx_word' id='word_1_436' title='bbox 320 3726 433 3776; x_wconf 83' lang='grc' dir='ltr'><strong>τῶν</strong></span> <span class='ocrx_word' id='word_1_437' title='bbox 496 3719 767 3795; x_wconf 78' lang='grc' dir='ltr'>μεγίστων</span> <span class='ocrx_word' id='word_1_438' title='bbox 834 3717 1016 3775; x_wconf 76' lang='grc' dir='ltr'>ἄθλων</span> <span class='ocrx_word' id='word_1_439' title='bbox 1088 3716 1228 3774; x_wconf 82' lang='grc' dir='ltr'>ἔστιν</span> <span class='ocrx_word' id='word_1_440' title='bbox 1284 3718 1317 3773; x_wconf 77' lang='grc' dir='ltr'><strong>’ὰ</strong></span> <span class='ocrx_word' id='word_1_441' title='bbox 1373 3723 1780 3793; x_wconf 79' lang='grc' dir='ltr'>κατεργάζεται,</span> <span class='ocrx_word' id='word_1_442' title='bbox 1840 3716 1976 3793; x_wconf 78' lang='grc' dir='ltr'><strong>θαρ-</strong></span> 
     </span>
    </p>
   </div>
   <div class='ocr_carea' id='block_1_59' title="bbox 324 3804 1976 3883">
    <p class='ocr_par' dir='ltr' id='par_1_59' title="bbox 324 3804 1976 3883">
     <span class='ocr_line' id='line_1_59' title="bbox 324 3804 1976 3883; baseline -0.001 -19"><span class='ocrx_word' id='word_1_443' title='bbox 324 3811 441 3883; x_wconf 78' lang='grc' dir='ltr'>ῥεῖν</span> <span class='ocrx_word' id='word_1_444' title='bbox 497 3805 598 3865; x_wconf 88' lang='grc' dir='ltr'>δεῖ.</span> <span class='ocrx_word' id='word_1_445' title='bbox 651 3809 878 3863; x_wconf 75' lang='grc' dir='ltr'>Μᾶλλον</span> <span class='ocrx_word' id='word_1_446' title='bbox 932 3804 992 3862; x_wconf 73' lang='grc' dir='ltr'>δὲ</span> <span class='ocrx_word' id='word_1_447' title='bbox 1040 3808 1086 3863; x_wconf 83' lang='grc' dir='ltr'><strong>εἰ</strong></span> <span class='ocrx_word' id='word_1_448' title='bbox 1145 3805 1336 3871; x_wconf 85' lang='grc' dir='ltr'>δώσεις</span> <span class='ocrx_word' id='word_1_449' title='bbox 1398 3809 1658 3882; x_wconf 70' lang='grc' dir='ltr'>ετοίμως,</span> <span class='ocrx_word' id='word_1_450' title='bbox 1714 3811 1862 3882; x_wconf 73' lang='grc' dir='ltr'>ἡμᾶς</span> <span class='ocrx_word' id='word_1_451' title='bbox 1916 3829 1976 3863; x_wconf 91' lang='grc' dir='ltr'><strong>τε</strong></span> 
     </span>
    </p>
   </div>
   <div class='ocr_carea' id='block_1_60' title="bbox 325 3895 1974 3970">
    <p class='ocr_par' dir='ltr' id='par_1_60' title="bbox 325 3895 1974 3970">
     <span class='ocr_line' id='line_1_60' title="bbox 325 3895 1974 3970; baseline -0.001 -17"><span class='ocrx_word' id='word_1_452' title='bbox 325 3896 521 3969; x_wconf 75' lang='grc' dir='ltr'>δείξεις</span> <span class='ocrx_word' id='word_1_453' title='bbox 548 3895 612 3952; x_wconf 76' lang='grc' dir='ltr'>οὗ</span> <span class='ocrx_word' id='word_1_454' title='bbox 640 3895 825 3959; x_wconf 85' lang='grc' dir='ltr'>καλῶς</span> <span class='ocrx_word' id='word_1_455' title='bbox 855 3895 1161 3970; x_wconf 77' lang='grc' dir='ltr'>οἰομένους,</span> <span class='ocrx_word' id='word_1_456' title='bbox 1194 3897 1385 3953; x_wconf 88' lang='grc' dir='ltr'>σαυτὸν</span> <span class='ocrx_word' id='word_1_457' title='bbox 1433 3895 1491 3952; x_wconf 77' lang='grc' dir='ltr'>δὶ</span> <span class='ocrx_word' id='word_1_458' title='bbox 1538 3901 1656 3958; x_wconf 89' lang='grc' dir='ltr'><strong>πῶς</strong></span> <span class='ocrx_word' id='word_1_459' title='bbox 1705 3895 1807 3953; x_wconf 77' lang='grc' dir='ltr'>ο⁰ίει</span> <span class='ocrx_word' id='word_1_460' title='bbox 1846 3917 1974 3951; x_wconf 91' lang='grc' dir='ltr'>κοσ-</span> 
     </span>
    </p>
   </div>
   <div class='ocr_carea' id='block_1_61' title="bbox 331 3984 1973 4062">
    <p class='ocr_par' dir='ltr' id='par_1_61' title="bbox 331 3984 1973 4062">
     <span class='ocr_line' id='line_1_61' title="bbox 331 3984 1973 4062; baseline -0.002 -22"><span class='ocrx_word' id='word_1_461' title='bbox 331 3989 550 4060; x_wconf 84' lang='grc' dir='ltr'>μήσεις,</span> <span class='ocrx_word' id='word_1_462' title='bbox 582 3986 646 4040; x_wconf 81' lang='grc' dir='ltr'>οὗ</span> <span class='ocrx_word' id='word_1_463' title='bbox 682 3984 846 4059; x_wconf 84' lang='grc' dir='ltr'>μόνον</span> <span class='ocrx_word' id='word_1_464' title='bbox 877 3989 956 4058; x_wconf 79' lang='grc' dir='ltr'>τῷ</span> <span class='ocrx_word' id='word_1_465' title='bbox 998 3986 1210 4062; x_wconf 85' lang='grc' dir='ltr'>μεγάλα</span> <span class='ocrx_word' id='word_1_466' title='bbox 1255 3988 1347 4041; x_wconf 83' lang='grc' dir='ltr'><strong>καὶ</strong></span> <span class='ocrx_word' id='word_1_467' title='bbox 1397 3987 1677 4059; x_wconf 85' lang='grc' dir='ltr'>θαυμαστᾶ</span> <span class='ocrx_word' id='word_1_468' title='bbox 1720 3986 1973 4061; x_wconf 78' lang='grc' dir='ltr'>πράττειν</span> 
     </span>
    </p>
   </div>
   <div class='ocr_carea' id='block_1_62' title="bbox 328 4075 1977 4153">
    <p class='ocr_par' dir='ltr' id='par_1_62' title="bbox 328 4075 1977 4153">
     <span class='ocr_line' id='line_1_62' title="bbox 328 4075 1977 4153; baseline -0.001 -20"><span class='ocrx_word' id='word_1_469' title='bbox 328 4077 608 4145; x_wconf 77' lang='grc' dir='ltr'>δύνασθαι,</span> <span class='ocrx_word' id='word_1_470' title='bbox 638 4076 726 4131; x_wconf 84' lang='grc' dir='ltr'><strong>καὶ</strong></span> <span class='ocrx_word' id='word_1_471' title='bbox 786 4076 1059 4153; x_wconf 72' lang='grc' dir='ltr'>στεφάνων</span> <span class='ocrx_word' id='word_1_472' title='bbox 1109 4076 1200 4132; x_wconf 84' lang='grc' dir='ltr'><strong>καὶ</strong></span> <span class='ocrx_word' id='word_1_473' title='bbox 1250 4077 1615 4151; x_wconf 82' lang='grc' dir='ltr'>κηρυγμάτων</span> <span class='ocrx_word' id='word_1_474' title='bbox 1662 4075 1801 4147; x_wconf 73' lang='grc' dir='ltr'>ἄξια,</span> <span class='ocrx_word' id='word_1_475' title='bbox 1829 4075 1977 4132; x_wconf 75' lang='grc' dir='ltr'>ἀλλὰ</span> 
     </span>
    </p>
   </div>
   <div class='ocr_carea' id='block_1_63' title="bbox 326 4161 1975 4239">
    <p class='ocr_par' dir='ltr' id='par_1_63' title="bbox 326 4161 1975 4239">
     <span class='ocr_line' id='line_1_63' title="bbox 326 4161 1975 4239; baseline -0.001 -18"><span class='ocrx_word' id='word_1_476' title='bbox 326 4166 422 4222; x_wconf 70' lang='grc' dir='ltr'>καὶ</span> <span class='ocrx_word' id='word_1_477' title='bbox 468 4169 549 4237; x_wconf 81' lang='grc' dir='ltr'><strong>τῷ</strong></span> <span class='ocrx_word' id='word_1_478' title='bbox 595 4169 849 4239; x_wconf 80' lang='grc' dir='ltr'>σμικροῖς</span> <span class='ocrx_word' id='word_1_479' title='bbox 880 4161 1080 4220; x_wconf 80' lang='grc' dir='ltr'>εἰδέναι</span> <span class='ocrx_word' id='word_1_480' title='bbox 1137 4163 1343 4221; x_wconf 86' lang='grc' dir='ltr'>διδόναι</span> <span class='ocrx_word' id='word_1_481' title='bbox 1387 4168 1524 4222; x_wconf 85' lang='grc' dir='ltr'>κατὰ</span> <span class='ocrx_word' id='word_1_482' title='bbox 1568 4167 1753 4239; x_wconf 86' lang='grc' dir='ltr'>καιρὸν</span> <span class='ocrx_word' id='word_1_483' title='bbox 1807 4165 1975 4220; x_wconf 85' lang='grc' dir='ltr'>ἐπιει-</span> 
     </span>
    </p>
   </div>
   <div class='ocr_carea' id='block_1_64' title="bbox 326 4249 1974 4330">
    <p class='ocr_par' dir='ltr' id='par_1_64' title="bbox 326 4249 1974 4330">
     <span class='ocr_line' id='line_1_64' title="bbox 326 4249 1974 4330; baseline -0.001 -20"><span class='ocrx_word' id='word_1_484' title='bbox 326 4254 475 4317; x_wconf 83' lang='grc' dir='ltr'>κείας</span> <span class='ocrx_word' id='word_1_485' title='bbox 510 4249 794 4329; x_wconf 73' lang='grc' dir='ltr'>ὑπερϐολῇ</span> <span class='ocrx_word' id='word_1_486' title='bbox 823 4273 837 4286; x_wconf 83' lang='grc'>⁶</span> <span class='ocrx_word' id='word_1_487' title='bbox 870 4252 917 4308; x_wconf 80' lang='grc' dir='ltr'>εἷ</span> <span class='ocrx_word' id='word_1_488' title='bbox 970 4254 1046 4328; x_wconf 81' lang='grc' dir='ltr'>μὴ</span> <span class='ocrx_word' id='word_1_489' title='bbox 1095 4254 1185 4309; x_wconf 82' lang='grc' dir='ltr'>καί</span> <span class='ocrx_word' id='word_1_490' title='bbox 1229 4259 1390 4311; x_wconf 82' lang='grc' dir='ltr'>τοῦτο</span> <span class='ocrx_word' id='word_1_491' title='bbox 1433 4254 1634 4330; x_wconf 90' lang='grc' dir='ltr'>τρόπον</span> <span class='ocrx_word' id='word_1_492' title='bbox 1661 4253 1868 4329; x_wconf 73' lang='grc' dir='ltr'>ἕτερον,</span> <span class='ocrx_word' id='word_1_493' title='bbox 1900 4256 1974 4317; x_wconf 88' lang='grc' dir='ltr'><strong>ὡς</strong></span> 
     </span>
    </p>
   </div>
   <div class='ocr_carea' id='block_1_65' title="bbox 325 4341 1976 4422">
    <p class='ocr_par' dir='ltr' id='par_1_65' title="bbox 325 4341 1976 4422">
     <span class='ocr_line' id='line_1_65' title="bbox 325 4341 1976 4422; baseline -0.001 -22"><span class='ocrx_word' id='word_1_494' title='bbox 325 4343 503 4420; x_wconf 81' lang='grc' dir='ltr'>ἔγωγε</span> <span class='ocrx_word' id='word_1_495' title='bbox 560 4344 738 4418; x_wconf 72' lang='grc' dir='ltr'>οἶμαι,</span> <span class='ocrx_word' id='word_1_496' title='bbox 799 4341 1190 4419; x_wconf 77' lang='grc' dir='ltr'>μεγαλοψυχίᾳ</span> <span class='ocrx_word' id='word_1_497' title='bbox 1246 4365 1329 4406; x_wconf 90' lang='grc' dir='ltr'><strong>τις</strong></span> <span class='ocrx_word' id='word_1_498' title='bbox 1389 4344 1663 4422; x_wconf 89' lang='grc' dir='ltr'>λογιοῖτο,</span> <span class='ocrx_word' id='word_1_499' title='bbox 1710 4345 1773 4398; x_wconf 84' lang='grc' dir='ltr'>τὸ</span> <span class='ocrx_word' id='word_1_500' title='bbox 1834 4341 1976 4417; x_wconf 69' lang='grc' dir='ltr'>μηδὲ</span> 
     </span>
    </p>
   </div>
   <div class='ocr_carea' id='block_1_66' title="bbox 325 4429 1976 4509">
    <p class='ocr_par' dir='ltr' id='par_1_66' title="bbox 325 4429 1976 4509">
     <span class='ocr_line' id='line_1_66' title="bbox 325 4429 1976 4509; baseline -0.002 -19"><span class='ocrx_word' id='word_1_501' title='bbox 325 4438 438 4490; x_wconf 89' lang='grc' dir='ltr'><strong>τῶν</strong></span> <span class='ocrx_word' id='word_1_502' title='bbox 492 4433 635 4488; x_wconf 87' lang='grc' dir='ltr'>πάνυ</span> <span class='ocrx_word' id='word_1_503' title='bbox 696 4429 1001 4488; x_wconf 82' lang='grc' dir='ltr'>δοκούντων</span> <span class='ocrx_word' id='word_1_504' title='bbox 1059 4429 1365 4508; x_wconf 79' lang='grc' dir='ltr'>ἐλαχίστων</span> <span class='ocrx_word' id='word_1_505' title='bbox 1416 4435 1702 4509; x_wconf 78' lang='grc' dir='ltr'>ὑπερορᾷν.</span> <span class='ocrx_word' id='word_1_506' title='bbox 1736 4435 1858 4489; x_wconf 74' lang='lat' dir='ltr'><strong>&quot;On</strong></span> <span class='ocrx_word' id='word_1_507' title='bbox 1917 4430 1976 4487; x_wconf 80' lang='grc' dir='ltr'>δὲ</span> 
     </span>
    </p>
   </div>
   <div class='ocr_carea' id='block_1_67' title="bbox 2079 1936 3727 2011">
    <p class='ocr_par' dir='ltr' id='par_1_67' title="bbox 2079 1936 3727 2011">
     <span class='ocr_line' id='line_1_67' title="bbox 2079 1936 3727 2011; baseline -0.001 -15"><span class='ocrx_word' id='word_1_508' title='bbox 2079 1957 2213 1996; x_wconf 91' lang='lat' dir='ltr'><strong>rum</strong></span> <span class='ocrx_word' id='word_1_509' title='bbox 2265 1939 2423 1996; x_wconf 90' lang='lat' dir='ltr'><strong>enim</strong></span> <span class='ocrx_word' id='word_1_510' title='bbox 2480 1955 2613 1995; x_wconf 90' lang='lat' dir='ltr'><strong>vero</strong></span> <span class='ocrx_word' id='word_1_511' title='bbox 2673 1953 2800 1996; x_wconf 88' lang='lat' dir='ltr'><strong>cum</strong></span> <span class='ocrx_word' id='word_1_512' title='bbox 2847 1953 3242 2011; x_wconf 64' lang='lat' dir='ltr'><strong>saepenumero</strong></span> <span class='ocrx_word' id='word_1_513' title='bbox 3291 1936 3612 2009; x_wconf 90' lang='lat' dir='ltr'><strong>multisque</strong></span> <span class='ocrx_word' id='word_1_514' title='bbox 3665 1937 3727 1995; x_wconf 88' lang='lat' dir='ltr'><strong>in</strong></span> 
     </span>
    </p>
   </div>
   <div class='ocr_carea' id='block_1_68' title="bbox 2082 2026 3725 2099">
    <p class='ocr_par' dir='ltr' id='par_1_68' title="bbox 2082 2026 3725 2099">
     <span class='ocr_line' id='line_1_68' title="bbox 2082 2026 3725 2099; baseline -0.002 -13"><span class='ocrx_word' id='word_1_515' title='bbox 2082 2031 2267 2097; x_wconf 89' lang='lat' dir='ltr'><strong>rebus,</strong></span> <span class='ocrx_word' id='word_1_516' title='bbox 2301 2046 2513 2085; x_wconf 90' lang='lat' dir='ltr'><strong>manus</strong></span> <span class='ocrx_word' id='word_1_517' title='bbox 2559 2030 2882 2099; x_wconf 89' lang='lat' dir='ltr'><strong>mentisque</strong></span> <span class='ocrx_word' id='word_1_518' title='bbox 2938 2032 3053 2082; x_wconf 68' lang='lat' dir='ltr'><strong>tuas</strong></span> <span class='ocrx_word' id='word_1_519' title='bbox 3103 2026 3425 2083; x_wconf 86' lang='lat' dir='ltr'><strong>maximum</strong></span> <span class='ocrx_word' id='word_1_520' title='bbox 3475 2027 3725 2083; x_wconf 88' lang='lat' dir='ltr'><strong>antehac</strong></span> 
     </span>
    </p>
   </div>
   <div class='ocr_carea' id='block_1_69' title="bbox 2083 2116 3724 2189">
    <p class='ocr_par' dir='ltr' id='par_1_69' title="bbox 2083 2116 3724 2189">
     <span class='ocr_line' id='line_1_69' title="bbox 2083 2116 3724 2189; baseline -0.002 -15"><span class='ocrx_word' id='word_1_521' title='bbox 2083 2121 2338 2176; x_wconf 87' lang='lat' dir='ltr'><strong>fructum</strong></span> <span class='ocrx_word' id='word_1_522' title='bbox 2387 2134 2645 2189; x_wconf 89' lang='lat' dir='ltr'><strong>cepmus,</strong></span> <span class='ocrx_word' id='word_1_523' title='bbox 2695 2119 2850 2188; x_wconf 92' lang='lat' dir='ltr'><strong>quod</strong></span> <span class='ocrx_word' id='word_1_524' title='bbox 2920 2133 3103 2188; x_wconf 91' lang='lat' dir='ltr'><strong>neque</strong></span> <span class='ocrx_word' id='word_1_525' title='bbox 3153 2116 3257 2173; x_wconf 85' lang='lat' dir='ltr'><strong>tibi</strong></span> <span class='ocrx_word' id='word_1_526' title='bbox 3318 2116 3431 2187; x_wconf 85' lang='lat' dir='ltr'><strong>ipsi</strong></span> <span class='ocrx_word' id='word_1_527' title='bbox 3480 2116 3724 2183; x_wconf 84' lang='lat' dir='ltr'><strong>excidit,</strong></span> 
     </span>
    </p>
   </div>
   <div class='ocr_carea' id='block_1_70' title="bbox 2085 2205 3726 2278">
    <p class='ocr_par' dir='ltr' id='par_1_70' title="bbox 2085 2205 3726 2278">
     <span class='ocr_line' id='line_1_70' title="bbox 2085 2205 3726 2278; baseline -0.002 -15"><span class='ocrx_word' id='word_1_528' title='bbox 2085 2207 2252 2263; x_wconf 87' lang='lat' dir='ltr'><strong>nobis</strong></span> <span class='ocrx_word' id='word_1_529' title='bbox 2280 2223 2410 2262; x_wconf 87' lang='lat' dir='ltr'><strong>vero</strong></span> <span class='ocrx_word' id='word_1_530' title='bbox 2443 2223 2626 2278; x_wconf 87' lang='lat' dir='ltr'><strong>usque</strong></span> <span class='ocrx_word' id='word_1_531' title='bbox 2657 2208 2800 2261; x_wconf 89' lang='lat' dir='ltr'><strong>adeo</strong></span> <span class='ocrx_word' id='word_1_532' title='bbox 2841 2205 3148 2278; x_wconf 87' lang='lat' dir='ltr'><strong>magniﬁce</strong></span> <span class='ocrx_word' id='word_1_533' title='bbox 3200 2205 3322 2261; x_wconf 79' lang='lat' dir='ltr'><strong>haec</strong></span> <span class='ocrx_word' id='word_1_534' title='bbox 3364 2220 3726 2260; x_wconf 88' lang='lat' dir='ltr'><strong>commemo-</strong></span> 
     </span>
    </p>
   </div>
   <div class='ocr_carea' id='block_1_71' title="bbox 2083 2293 3725 2367">
    <p class='ocr_par' dir='ltr' id='par_1_71' title="bbox 2083 2293 3725 2367">
     <span class='ocr_line' id='line_1_71' title="bbox 2083 2293 3725 2367; baseline 0.001 -19"><span class='ocrx_word' id='word_1_535' title='bbox 2083 2300 2287 2351; x_wconf 89' lang='lat' dir='ltr'><strong>rantur</strong></span> <span class='ocrx_word' id='word_1_536' title='bbox 2316 2295 2814 2367; x_wconf 85' lang='lat' dir='ltr'><strong>celebranturque,</strong></span> <span class='ocrx_word' id='word_1_537' title='bbox 2838 2299 2896 2350; x_wconf 90' lang='lat' dir='ltr'><strong>ut</strong></span> <span class='ocrx_word' id='word_1_538' title='bbox 2925 2310 2993 2350; x_wconf 87' lang='lat' dir='ltr'><strong>ex</strong></span> <span class='ocrx_word' id='word_1_539' title='bbox 3019 2294 3212 2350; x_wconf 87' lang='lat' dir='ltr'><strong>animo</strong></span> <span class='ocrx_word' id='word_1_540' title='bbox 3234 2293 3541 2362; x_wconf 87' lang='lat' dir='ltr'><strong>doleamus,</strong></span> <span class='ocrx_word' id='word_1_541' title='bbox 3574 2294 3725 2350; x_wconf 87' lang='lat' dir='ltr'><strong>dena</strong></span> 
     </span>
    </p>
   </div>
   <div class='ocr_carea' id='block_1_72' title="bbox 2083 2380 3722 2455">
    <p class='ocr_par' dir='ltr' id='par_1_72' title="bbox 2083 2380 3722 2455">
     <span class='ocr_line' id='line_1_72' title="bbox 2083 2380 3722 2455; baseline 0.001 -17"><span class='ocrx_word' id='word_1_542' title='bbox 2083 2383 2184 2440; x_wconf 89' lang='lat' dir='ltr'><strong>illa</strong></span> <span class='ocrx_word' id='word_1_543' title='bbox 2231 2401 2331 2440; x_wconf 90' lang='lat' dir='ltr'><strong>ora</strong></span> <span class='ocrx_word' id='word_1_544' title='bbox 2385 2384 2688 2440; x_wconf 83' lang='lat' dir='ltr'><strong>Homerica</strong></span> <span class='ocrx_word' id='word_1_545' title='bbox 2741 2386 2785 2455; x_wconf 88' lang='grc' dir='ltr'><strong>(Ι</strong></span> <span class='ocrx_word' id='word_1_546' title='bbox 2806 2380 2862 2438; x_wconf 86' lang='grc' dir='ltr'>λ.</span> <span class='ocrx_word' id='word_1_547' title='bbox 2895 2385 2968 2440; x_wconf 80' lang='lat' dir='ltr'><strong>B&#39;.</strong></span> <span class='ocrx_word' id='word_1_548' title='bbox 3008 2382 3131 2455; x_wconf 85' lang='grc'><strong>189)</strong></span> <span class='ocrx_word' id='word_1_549' title='bbox 3163 2384 3331 2439; x_wconf 87' lang='lat' dir='ltr'><strong>nobis</strong></span> <span class='ocrx_word' id='word_1_550' title='bbox 3359 2400 3473 2439; x_wconf 89' lang='lat' dir='ltr'><strong>non</strong></span> <span class='ocrx_word' id='word_1_551' title='bbox 3505 2398 3722 2455; x_wconf 85' lang='lat' dir='ltr'><strong>suppe-</strong></span> 
     </span>
    </p>
   </div>
   <div class='ocr_carea' id='block_1_73' title="bbox 2083 2471 3723 2546">
    <p class='ocr_par' dir='ltr' id='par_1_73' title="bbox 2083 2471 3723 2546">
     <span class='ocr_line' id='line_1_73' title="bbox 2083 2471 3723 2546; baseline -0.002 -17"><span class='ocrx_word' id='word_1_552' title='bbox 2083 2478 2221 2530; x_wconf 92' lang='lat' dir='ltr'><strong>tere.</strong></span> <span class='ocrx_word' id='word_1_553' title='bbox 2247 2473 2392 2530; x_wconf 81' lang='lat' dir='ltr'><strong>Hinc</strong></span> <span class='ocrx_word' id='word_1_554' title='bbox 2434 2478 2587 2546; x_wconf 87' lang='lat' dir='ltr'><strong>patet</strong></span> <span class='ocrx_word' id='word_1_555' title='bbox 2635 2489 2798 2540; x_wconf 89' lang='lat' dir='ltr'><strong>sane,</strong></span> <span class='ocrx_word' id='word_1_556' title='bbox 2828 2472 3003 2529; x_wconf 87' lang='lat' dir='ltr'><strong>etiam</strong></span> <span class='ocrx_word' id='word_1_557' title='bbox 3054 2472 3163 2528; x_wconf 90' lang='lat' dir='ltr'><strong>hoc</strong></span> <span class='ocrx_word' id='word_1_558' title='bbox 3209 2475 3468 2545; x_wconf 89' lang='lat' dir='ltr'><strong>tempore</strong></span> <span class='ocrx_word' id='word_1_559' title='bbox 3522 2471 3609 2527; x_wconf 89' lang='lat' dir='ltr'><strong>tui</strong></span> <span class='ocrx_word' id='word_1_560' title='bbox 3665 2475 3723 2527; x_wconf 90' lang='lat' dir='ltr'><strong>te</strong></span> 
     </span>
    </p>
   </div>
   <div class='ocr_carea' id='block_1_74' title="bbox 2063 2562 3722 2637">
    <p class='ocr_par' dir='ltr' id='par_1_74' title="bbox 2063 2562 3722 2637">
     <span class='ocr_line' id='line_1_74' title="bbox 2063 2562 3722 2637; baseline -0.001 -19"><span class='ocrx_word' id='word_1_561' title='bbox 2063 2564 2271 2637; x_wconf 73' lang='lat' dir='ltr'><strong>ipsius</strong></span> <span class='ocrx_word' id='word_1_562' title='bbox 2300 2564 2653 2619; x_wconf 87' lang='lat' dir='ltr'><strong>imitatorem</strong></span> <span class='ocrx_word' id='word_1_563' title='bbox 2688 2563 2829 2629; x_wconf 86' lang='lat' dir='ltr'><strong>fore,</strong></span> <span class='ocrx_word' id='word_1_564' title='bbox 2853 2564 3176 2636; x_wconf 88' lang='lat' dir='ltr'><strong>eademque</strong></span> <span class='ocrx_word' id='word_1_565' title='bbox 3226 2579 3358 2633; x_wconf 78' lang='lat' dir='ltr'><strong>erga</strong></span> <span class='ocrx_word' id='word_1_566' title='bbox 3421 2562 3722 2618; x_wconf 87' lang='lat' dir='ltr'><strong>hominem</strong></span> 
     </span>
    </p>
   </div>
   <div class='ocr_carea' id='block_1_75' title="bbox 2080 2650 3721 2725">
    <p class='ocr_par' dir='ltr' id='par_1_75' title="bbox 2080 2650 3721 2725">
     <span class='ocr_line' id='line_1_75' title="bbox 2080 2650 3721 2725; baseline -0.002 -14"><span class='ocrx_word' id='word_1_567' title='bbox 2080 2670 2326 2711; x_wconf 89' lang='lat' dir='ltr'><strong>usurum</strong></span> <span class='ocrx_word' id='word_1_568' title='bbox 2357 2651 2777 2722; x_wconf 89' lang='lat' dir='ltr'><strong>benevolentia,</strong></span> <span class='ocrx_word' id='word_1_569' title='bbox 2809 2654 2908 2724; x_wconf 90' lang='lat' dir='ltr'><strong>qui</strong></span> <span class='ocrx_word' id='word_1_570' title='bbox 2942 2653 3055 2708; x_wconf 92' lang='lat' dir='ltr'><strong>tuis</strong></span> <span class='ocrx_word' id='word_1_571' title='bbox 3084 2652 3295 2724; x_wconf 68' lang='lat' dir='ltr'><strong>saepius</strong></span> <span class='ocrx_word' id='word_1_572' title='bbox 3320 2652 3379 2708; x_wconf 91' lang='lat' dir='ltr'><strong>in</strong></span> <span class='ocrx_word' id='word_1_573' title='bbox 3421 2650 3721 2725; x_wconf 80' lang='lat' dir='ltr'><strong>Olympiis,</strong></span> 
     </span>
    </p>
   </div>
   <div class='ocr_carea' id='block_1_76' title="bbox 2081 2741 3727 2813">
    <p class='ocr_par' dir='ltr' id='par_1_76' title="bbox 2081 2741 3727 2813">
     <span class='ocr_line' id='line_1_76' title="bbox 2081 2741 3727 2813; baseline -0.003 -13"><span class='ocrx_word' id='word_1_574' title='bbox 2081 2745 2245 2800; x_wconf 91' lang='lat' dir='ltr'><strong>omni</strong></span> <span class='ocrx_word' id='word_1_575' title='bbox 2291 2744 2499 2798; x_wconf 88' lang='lat' dir='ltr'><strong>virium</strong></span> <span class='ocrx_word' id='word_1_576' title='bbox 2550 2742 2816 2809; x_wconf 89' lang='lat' dir='ltr'><strong>connisu,</strong></span> <span class='ocrx_word' id='word_1_577' title='bbox 2855 2748 3015 2799; x_wconf 83' lang='lat' dir='ltr'><strong>veste</strong></span> <span class='ocrx_word' id='word_1_578' title='bbox 3053 2743 3238 2813; x_wconf 87' lang='lat' dir='ltr'><strong>posita</strong></span> <span class='ocrx_word' id='word_1_579' title='bbox 3282 2742 3612 2809; x_wconf 90' lang='lat' dir='ltr'><strong>decertarit,</strong></span> <span class='ocrx_word' id='word_1_580' title='bbox 3654 2741 3727 2796; x_wconf 91' lang='lat' dir='ltr'><strong>de</strong></span> 
     </span>
    </p>
   </div>
   <div class='ocr_carea' id='block_1_77' title="bbox 2083 2830 3726 2904">
    <p class='ocr_par' dir='ltr' id='par_1_77' title="bbox 2083 2830 3726 2904">
     <span class='ocr_line' id='line_1_77' title="bbox 2083 2830 3726 2904; baseline -0.004 -15"><span class='ocrx_word' id='word_1_581' title='bbox 2083 2832 2473 2904; x_wconf 89' lang='lat' dir='ltr'><strong>omnibusque</strong></span> <span class='ocrx_word' id='word_1_582' title='bbox 2513 2832 2930 2887; x_wconf 87' lang='lat' dir='ltr'><strong>certaminibus</strong></span> <span class='ocrx_word' id='word_1_583' title='bbox 2961 2847 3172 2887; x_wconf 89' lang='lat' dir='ltr'><strong>corona</strong></span> <span class='ocrx_word' id='word_1_584' title='bbox 3213 2831 3462 2886; x_wconf 87' lang='lat' dir='ltr'><strong>donatus</strong></span> <span class='ocrx_word' id='word_1_585' title='bbox 3512 2830 3679 2885; x_wconf 87' lang='lat' dir='ltr'><strong>fuerit</strong></span> <span class='ocrx_word' id='word_1_586' title='bbox 3712 2844 3726 2895; x_wconf 90' lang='lat'><strong>;</strong></span> 
     </span>
    </p>
   </div>
   <div class='ocr_carea' id='block_1_78' title="bbox 2083 2919 3731 2996">
    <p class='ocr_par' dir='ltr' id='par_1_78' title="bbox 2083 2919 3731 2996">
     <span class='ocr_line' id='line_1_78' title="bbox 2083 2919 3731 2996; baseline -0.004 -18"><span class='ocrx_word' id='word_1_587' title='bbox 2083 2922 2180 2996; x_wconf 91' lang='lat' dir='ltr'><strong>qui</strong></span> <span class='ocrx_word' id='word_1_588' title='bbox 2213 2922 2547 2994; x_wconf 85' lang='lat' dir='ltr'><strong>frequenter</strong></span> <span class='ocrx_word' id='word_1_589' title='bbox 2576 2921 2713 2977; x_wconf 89' lang='lat' dir='ltr'><strong>item</strong></span> <span class='ocrx_word' id='word_1_590' title='bbox 2744 2925 2845 2976; x_wconf 90' lang='lat' dir='ltr'><strong>tua</strong></span> <span class='ocrx_word' id='word_1_591' title='bbox 2863 2925 3218 2992; x_wconf 87' lang='lat' dir='ltr'><strong>tuorumque</strong></span> <span class='ocrx_word' id='word_1_592' title='bbox 3234 2920 3439 2992; x_wconf 85' lang='lat' dir='ltr'><strong>gratia,</strong></span> <span class='ocrx_word' id='word_1_593' title='bbox 3463 2919 3731 2991; x_wconf 89' lang='lat' dir='ltr'><strong>geminas</strong></span> 
     </span>
    </p>
   </div>
   <div class='ocr_carea' id='block_1_79' title="bbox 2082 3009 3730 3084">
    <p class='ocr_par' dir='ltr' id='par_1_79' title="bbox 2082 3009 3730 3084">
     <span class='ocr_line' id='line_1_79' title="bbox 2082 3009 3730 3084; baseline -0.004 -16"><span class='ocrx_word' id='word_1_594' title='bbox 2082 3013 2153 3068; x_wconf 91' lang='lat' dir='ltr'><strong>ad</strong></span> <span class='ocrx_word' id='word_1_595' title='bbox 2184 3012 2397 3070; x_wconf 76' lang='lat' dir='ltr'><strong>cmlum</strong></span> <span class='ocrx_word' id='word_1_596' title='bbox 2430 3011 2654 3084; x_wconf 82' lang='lat' dir='ltr'><strong>palmas</strong></span> <span class='ocrx_word' id='word_1_597' title='bbox 2691 3009 2988 3078; x_wconf 86' lang='lat' dir='ltr'><strong>extulerit,</strong></span> <span class='ocrx_word' id='word_1_598' title='bbox 3010 3010 3130 3066; x_wconf 84' lang='lat' dir='ltr'><strong>sive</strong></span> <span class='ocrx_word' id='word_1_599' title='bbox 3188 3009 3429 3077; x_wconf 89' lang='lat' dir='ltr'><strong>rectius,</strong></span> <span class='ocrx_word' id='word_1_600' title='bbox 3453 3012 3730 3080; x_wconf 87' lang='lat' dir='ltr'><strong>perpetuo</strong></span> 
     </span>
    </p>
   </div>
   <div class='ocr_carea' id='block_1_80' title="bbox 2083 3094 3732 3171">
    <p class='ocr_par' dir='ltr' id='par_1_80' title="bbox 2083 3094 3732 3171">
     <span class='ocr_line' id='line_1_80' title="bbox 2083 3094 3732 3171; baseline -0.003 -16"><span class='ocrx_word' id='word_1_601' title='bbox 2083 3099 2339 3167; x_wconf 81' lang='lat' dir='ltr'><strong>extollat,</strong></span> <span class='ocrx_word' id='word_1_602' title='bbox 2373 3105 2548 3171; x_wconf 88' lang='lat' dir='ltr'><strong>atque</strong></span> <span class='ocrx_word' id='word_1_603' title='bbox 2578 3098 2803 3170; x_wconf 82' lang='lat' dir='ltr'><strong>Optima</strong></span> <span class='ocrx_word' id='word_1_604' title='bbox 2833 3098 2968 3153; x_wconf 85' lang='lat' dir='ltr'><strong>inde</strong></span> <span class='ocrx_word' id='word_1_605' title='bbox 2998 3098 3195 3153; x_wconf 90' lang='lat' dir='ltr'><strong>omnia</strong></span> <span class='ocrx_word' id='word_1_606' title='bbox 3222 3096 3368 3152; x_wconf 84' lang='lat' dir='ltr'><strong>votis</strong></span> <span class='ocrx_word' id='word_1_607' title='bbox 3407 3097 3532 3151; x_wconf 84' lang='lat' dir='ltr'><strong>suis</strong></span> <span class='ocrx_word' id='word_1_608' title='bbox 3561 3094 3732 3150; x_wconf 85' lang='lat' dir='ltr'><strong>efﬁa-</strong></span> 
     </span>
    </p>
   </div>
   <div class='ocr_carea' id='block_1_81' title="bbox 2083 3186 3730 3262">
    <p class='ocr_par' dir='ltr' id='par_1_81' title="bbox 2083 3186 3730 3262">
     <span class='ocr_line' id='line_1_81' title="bbox 2083 3186 3730 3262; baseline -0.004 -18"><span class='ocrx_word' id='word_1_609' title='bbox 2083 3190 2241 3262; x_wconf 87' lang='lat' dir='ltr'><strong>gitet.</strong></span> <span class='ocrx_word' id='word_1_610' title='bbox 2284 3189 2507 3255; x_wconf 91' lang='lat' dir='ltr'><strong>Quibus</strong></span> <span class='ocrx_word' id='word_1_611' title='bbox 2556 3186 2950 3259; x_wconf 87' lang='lat' dir='ltr'><strong>suscipiendis</strong></span> <span class='ocrx_word' id='word_1_612' title='bbox 2986 3186 3536 3258; x_wconf 87' lang='lat' dir='ltr'><strong>nuncupandisque,</strong></span> <span class='ocrx_word' id='word_1_613' title='bbox 3594 3199 3730 3239; x_wconf 83' lang='lat' dir='ltr'><strong>suas</strong></span> 
     </span>
    </p>
   </div>
   <div class='ocr_carea' id='block_1_82' title="bbox 2083 3270 3731 3350">
    <p class='ocr_par' dir='ltr' id='par_1_82' title="bbox 2083 3270 3731 3350">
     <span class='ocr_line' id='line_1_82' title="bbox 2083 3270 3731 3350; baseline -0.004 -18"><span class='ocrx_word' id='word_1_614' title='bbox 2083 3292 2307 3333; x_wconf 91' lang='lat' dir='ltr'><strong>mecum</strong></span> <span class='ocrx_word' id='word_1_615' title='bbox 2375 3292 2603 3350; x_wconf 89' lang='lat' dir='ltr'><strong>operas,</strong></span> <span class='ocrx_word' id='word_1_616' title='bbox 2630 3292 2760 3332; x_wconf 89' lang='lat' dir='ltr'><strong>cum</strong></span> <span class='ocrx_word' id='word_1_617' title='bbox 2805 3276 2981 3333; x_wconf 90' lang='lat' dir='ltr'><strong>urbes</strong></span> <span class='ocrx_word' id='word_1_618' title='bbox 3019 3291 3243 3343; x_wconf 90' lang='lat' dir='ltr'><strong>omnes,</strong></span> <span class='ocrx_word' id='word_1_619' title='bbox 3278 3278 3402 3329; x_wconf 89' lang='lat' dir='ltr'><strong>tum</strong></span> <span class='ocrx_word' id='word_1_620' title='bbox 3456 3270 3731 3329; x_wconf 86' lang='lat' dir='ltr'><strong>mortales</strong></span> 
     </span>
    </p>
   </div>
   <div class='ocr_carea' id='block_1_83' title="bbox 2083 3362 3735 3437">
    <p class='ocr_par' dir='ltr' id='par_1_83' title="bbox 2083 3362 3735 3437">
     <span class='ocr_line' id='line_1_83' title="bbox 2083 3362 3735 3437; baseline -0.003 -15"><span class='ocrx_word' id='word_1_621' title='bbox 2083 3368 2255 3422; x_wconf 88' lang='lat' dir='ltr'><strong>etiam</strong></span> <span class='ocrx_word' id='word_1_622' title='bbox 2287 3383 2493 3422; x_wconf 89' lang='lat' dir='ltr'><strong>omnes</strong></span> <span class='ocrx_word' id='word_1_623' title='bbox 2523 3367 2800 3437; x_wconf 82' lang='lat' dir='ltr'><strong>jungunt.</strong></span> <span class='ocrx_word' id='word_1_624' title='bbox 2834 3368 2919 3421; x_wconf 86' lang='lat' dir='ltr'><strong>Ita</strong></span> <span class='ocrx_word' id='word_1_625' title='bbox 2947 3365 3102 3421; x_wconf 90' lang='lat' dir='ltr'><strong>enim</strong></span> <span class='ocrx_word' id='word_1_626' title='bbox 3127 3380 3275 3419; x_wconf 65' lang='lat' dir='ltr'><strong>cura</strong></span> <span class='ocrx_word' id='word_1_627' title='bbox 3313 3362 3591 3420; x_wconf 89' lang='lat' dir='ltr'><strong>omnibus</strong></span> <span class='ocrx_word' id='word_1_628' title='bbox 3631 3367 3735 3417; x_wconf 83' lang='lat' dir='ltr'><strong>tua</strong></span> 
     </span>
    </p>
   </div>
   <div class='ocr_carea' id='block_1_84' title="bbox 2083 3452 3730 3522">
    <p class='ocr_par' dir='ltr' id='par_1_84' title="bbox 2083 3452 3730 3522">
     <span class='ocr_line' id='line_1_84' title="bbox 2083 3452 3730 3522; baseline -0.002 -12"><span class='ocrx_word' id='word_1_629' title='bbox 2083 3460 2241 3522; x_wconf 90' lang='lat' dir='ltr'><strong>sunt,</strong></span> <span class='ocrx_word' id='word_1_630' title='bbox 2265 3459 2329 3510; x_wconf 92' lang='lat' dir='ltr'><strong>ut</strong></span> <span class='ocrx_word' id='word_1_631' title='bbox 2356 3455 2464 3512; x_wconf 89' lang='lat' dir='ltr'><strong>tibi</strong></span> <span class='ocrx_word' id='word_1_632' title='bbox 2486 3454 2753 3511; x_wconf 93' lang='lat' dir='ltr'><strong>omnium</strong></span> <span class='ocrx_word' id='word_1_633' title='bbox 2807 3470 2941 3509; x_wconf 87' lang='lat' dir='ltr'><strong>cura</strong></span> <span class='ocrx_word' id='word_1_634' title='bbox 2972 3459 3095 3522; x_wconf 91' lang='lat' dir='ltr'><strong>est;</strong></span> <span class='ocrx_word' id='word_1_635' title='bbox 3124 3453 3229 3508; x_wconf 88' lang='lat' dir='ltr'><strong>tibi</strong></span> <span class='ocrx_word' id='word_1_636' title='bbox 3277 3452 3582 3519; x_wconf 88' lang='lat' dir='ltr'><strong>nimirum,</strong></span> <span class='ocrx_word' id='word_1_637' title='bbox 3615 3467 3730 3522; x_wconf 91' lang='lat' dir='ltr'><strong>quo</strong></span> 
     </span>
    </p>
   </div>
   <div class='ocr_carea' id='block_1_85' title="bbox 2083 3539 3732 3614">
    <p class='ocr_par' dir='ltr' id='par_1_85' title="bbox 2083 3539 3732 3614">
     <span class='ocr_line' id='line_1_85' title="bbox 2083 3539 3732 3614; baseline -0.002 -18"><span class='ocrx_word' id='word_1_638' title='bbox 2083 3541 2166 3597; x_wconf 90' lang='lat' dir='ltr'><strong>illi</strong></span> <span class='ocrx_word' id='word_1_639' title='bbox 2206 3558 2485 3614; x_wconf 89' lang='lat' dir='ltr'><strong>prospera</strong></span> <span class='ocrx_word' id='word_1_640' title='bbox 2522 3552 2575 3597; x_wconf 92' lang='lat' dir='ltr'><strong>et</strong></span> <span class='ocrx_word' id='word_1_641' title='bbox 2606 3541 2848 3598; x_wconf 86' lang='lat' dir='ltr'><strong>ﬂorente</strong></span> <span class='ocrx_word' id='word_1_642' title='bbox 2889 3540 3117 3597; x_wconf 87' lang='lat' dir='ltr'><strong>fortuna</strong></span> <span class='ocrx_word' id='word_1_643' title='bbox 3161 3539 3302 3608; x_wconf 90' lang='lat' dir='ltr'><strong>sint,</strong></span> <span class='ocrx_word' id='word_1_644' title='bbox 3325 3539 3444 3594; x_wconf 89' lang='lat' dir='ltr'><strong>illis</strong></span> <span class='ocrx_word' id='word_1_645' title='bbox 3490 3553 3622 3594; x_wconf 88' lang='lat' dir='ltr'><strong>vero</strong></span> <span class='ocrx_word' id='word_1_646' title='bbox 3663 3542 3732 3593; x_wconf 88' lang='lat' dir='ltr'><strong>ut</strong></span> 
     </span>
    </p>
   </div>
   <div class='ocr_carea' id='block_1_86' title="bbox 2083 3627 3727 3704">
    <p class='ocr_par' dir='ltr' id='par_1_86' title="bbox 2083 3627 3727 3704">
     <span class='ocr_line' id='line_1_86' title="bbox 2083 3627 3727 3704; baseline -0.002 -18"><span class='ocrx_word' id='word_1_647' title='bbox 2083 3636 2143 3686; x_wconf 90' lang='lat' dir='ltr'><strong>tu</strong></span> <span class='ocrx_word' id='word_1_648' title='bbox 2178 3646 2351 3703; x_wconf 91' lang='lat' dir='ltr'><strong>quam</strong></span> <span class='ocrx_word' id='word_1_649' title='bbox 2380 3630 2788 3704; x_wconf 89' lang='lat' dir='ltr'><strong>longissimum</strong></span> <span class='ocrx_word' id='word_1_650' title='bbox 2819 3630 2922 3686; x_wconf 74' lang='lat' dir='ltr'><strong>invi</strong></span> <span class='ocrx_word' id='word_1_651' title='bbox 2952 3629 3207 3703; x_wconf 87' lang='lat' dir='ltr'><strong>spatium</strong></span> <span class='ocrx_word' id='word_1_652' title='bbox 3231 3627 3426 3684; x_wconf 85' lang='lat' dir='ltr'><strong>salvus</strong></span> <span class='ocrx_word' id='word_1_653' title='bbox 3474 3636 3527 3684; x_wconf 91' lang='lat' dir='ltr'><strong>et</strong></span> <span class='ocrx_word' id='word_1_654' title='bbox 3560 3628 3727 3683; x_wconf 83' lang='lat' dir='ltr'><strong>inco-</strong></span> 
     </span>
    </p>
   </div>
   <div class='ocr_carea' id='block_1_87' title="bbox 2083 3717 3731 3789">
    <p class='ocr_par' dir='ltr' id='par_1_87' title="bbox 2083 3717 3731 3789">
     <span class='ocr_line' id='line_1_87' title="bbox 2083 3717 3731 3789; baseline -0.002 -14"><span class='ocrx_word' id='word_1_655' title='bbox 2083 3719 2260 3775; x_wconf 90' lang='lat' dir='ltr'><strong>lumis</strong></span> <span class='ocrx_word' id='word_1_656' title='bbox 2290 3720 2592 3789; x_wconf 85' lang='lat' dir='ltr'><strong>conﬁcias;</strong></span> <span class='ocrx_word' id='word_1_657' title='bbox 2625 3720 2704 3775; x_wconf 90' lang='lat' dir='ltr'><strong>ita</strong></span> <span class='ocrx_word' id='word_1_658' title='bbox 2725 3719 2885 3776; x_wconf 90' lang='lat' dir='ltr'><strong>enim</strong></span> <span class='ocrx_word' id='word_1_659' title='bbox 2936 3734 3073 3774; x_wconf 90' lang='lat' dir='ltr'><strong>suas</strong></span> <span class='ocrx_word' id='word_1_660' title='bbox 3123 3717 3292 3773; x_wconf 87' lang='lat' dir='ltr'><strong>etiam</strong></span> <span class='ocrx_word' id='word_1_661' title='bbox 3333 3718 3457 3773; x_wconf 91' lang='lat' dir='ltr'><strong>loco</strong></span> <span class='ocrx_word' id='word_1_662' title='bbox 3507 3718 3731 3788; x_wconf 88' lang='lat' dir='ltr'><strong>optimo</strong></span> 
     </span>
    </p>
   </div>
   <div class='ocr_carea' id='block_1_88' title="bbox 2085 3806 3733 3874">
    <p class='ocr_par' dir='ltr' id='par_1_88' title="bbox 2085 3806 3733 3874">
     <span class='ocr_line' id='line_1_88' title="bbox 2085 3806 3733 3874; baseline 0 -10"><span class='ocrx_word' id='word_1_663' title='bbox 2085 3826 2177 3866; x_wconf 90' lang='lat' dir='ltr'><strong>res</strong></span> <span class='ocrx_word' id='word_1_664' title='bbox 2196 3810 2442 3865; x_wconf 86' lang='lat' dir='ltr'><strong>futuras.</strong></span> <span class='ocrx_word' id='word_1_665' title='bbox 2468 3809 2752 3874; x_wconf 86' lang='lat' dir='ltr'><strong>Quoniam</strong></span> <span class='ocrx_word' id='word_1_666' title='bbox 2790 3814 2848 3864; x_wconf 90' lang='lat' dir='ltr'><strong>et</strong></span> <span class='ocrx_word' id='word_1_667' title='bbox 2884 3812 2940 3864; x_wconf 89' lang='lat' dir='ltr'><strong>te</strong></span> <span class='ocrx_word' id='word_1_668' title='bbox 2971 3808 3228 3864; x_wconf 90' lang='lat' dir='ltr'><strong>secundo</strong></span> <span class='ocrx_word' id='word_1_669' title='bbox 3266 3806 3398 3861; x_wconf 64' lang='lat' dir='ltr'><strong>vita:</strong></span> <span class='ocrx_word' id='word_1_670' title='bbox 3455 3806 3733 3865; x_wconf 89' lang='lat' dir='ltr'><strong>valetudi-</strong></span> 
     </span>
    </p>
   </div>
   <div class='ocr_carea' id='block_1_89' title="bbox 2084 3895 3731 3970">
    <p class='ocr_par' dir='ltr' id='par_1_89' title="bbox 2084 3895 3731 3970">
     <span class='ocr_line' id='line_1_89' title="bbox 2084 3895 3731 3970; baseline -0.001 -16"><span class='ocrx_word' id='word_1_671' title='bbox 2084 3900 2293 3970; x_wconf 89' lang='lat' dir='ltr'><strong>nisque</strong></span> <span class='ocrx_word' id='word_1_672' title='bbox 2328 3915 2501 3954; x_wconf 87' lang='lat' dir='ltr'><strong>cursu</strong></span> <span class='ocrx_word' id='word_1_673' title='bbox 2555 3903 2832 3970; x_wconf 90' lang='lat' dir='ltr'><strong>perpetuo</strong></span> <span class='ocrx_word' id='word_1_674' title='bbox 2893 3898 3117 3964; x_wconf 86' lang='lat' dir='ltr'><strong>ﬂorere,</strong></span> <span class='ocrx_word' id='word_1_675' title='bbox 3156 3895 3328 3968; x_wconf 90' lang='lat' dir='ltr'><strong>plane</strong></span> <span class='ocrx_word' id='word_1_676' title='bbox 3384 3897 3623 3952; x_wconf 87' lang='lat' dir='ltr'><strong>deceat:</strong></span> <span class='ocrx_word' id='word_1_677' title='bbox 3674 3899 3731 3953; x_wconf 86' lang='lat' dir='ltr'><strong>et</strong></span> 
     </span>
    </p>
   </div>
   <div class='ocr_carea' id='block_1_90' title="bbox 2084 3985 3731 4058">
    <p class='ocr_par' dir='ltr' id='par_1_90' title="bbox 2084 3985 3731 4058">
     <span class='ocr_line' id='line_1_90' title="bbox 2084 3985 3731 4058; baseline -0.001 -14"><span class='ocrx_word' id='word_1_678' title='bbox 2084 3988 2231 4058; x_wconf 87' lang='lat' dir='ltr'><strong>ipsis</strong></span> <span class='ocrx_word' id='word_1_679' title='bbox 2262 3988 2417 4044; x_wconf 88' lang='lat' dir='ltr'><strong>haud</strong></span> <span class='ocrx_word' id='word_1_680' title='bbox 2447 3987 2615 4042; x_wconf 88' lang='lat' dir='ltr'><strong>aliter</strong></span> <span class='ocrx_word' id='word_1_681' title='bbox 2634 3986 2947 4043; x_wconf 83' lang='lat' dir='ltr'><strong>fortunatis</strong></span> <span class='ocrx_word' id='word_1_682' title='bbox 2979 3985 3370 4058; x_wconf 85' lang='lat' dir='ltr'><strong>felicibusque</strong></span> <span class='ocrx_word' id='word_1_683' title='bbox 3418 4002 3548 4042; x_wconf 84' lang='lat' dir='ltr'><strong>esse</strong></span> <span class='ocrx_word' id='word_1_684' title='bbox 3589 4002 3731 4042; x_wconf 91' lang='lat' dir='ltr'><strong>con-</strong></span> 
     </span>
    </p>
   </div>
   <div class='ocr_carea' id='block_1_91' title="bbox 2085 4075 3734 4150">
    <p class='ocr_par' dir='ltr' id='par_1_91' title="bbox 2085 4075 3734 4150">
     <span class='ocr_line' id='line_1_91' title="bbox 2085 4075 3734 4150; baseline 0.001 -17"><span class='ocrx_word' id='word_1_685' title='bbox 2085 4078 2290 4150; x_wconf 83' lang='lat' dir='ltr'><strong>tingat.</strong></span> <span class='ocrx_word' id='word_1_686' title='bbox 2312 4078 2422 4133; x_wconf 89' lang='lat' dir='ltr'><strong>Sed</strong></span> <span class='ocrx_word' id='word_1_687' title='bbox 2447 4076 2563 4133; x_wconf 91' lang='lat' dir='ltr'><strong>sint</strong></span> <span class='ocrx_word' id='word_1_688' title='bbox 2592 4078 2703 4133; x_wconf 88' lang='lat' dir='ltr'><strong>ista</strong></span> <span class='ocrx_word' id='word_1_689' title='bbox 2721 4092 2879 4132; x_wconf 89' lang='lat' dir='ltr'><strong>sane.</strong></span> <span class='ocrx_word' id='word_1_690' title='bbox 2912 4076 2990 4132; x_wconf 88' lang='lat' dir='ltr'><strong>Te</strong></span> <span class='ocrx_word' id='word_1_691' title='bbox 3022 4092 3154 4132; x_wconf 90' lang='lat' dir='ltr'><strong>vero</strong></span> <span class='ocrx_word' id='word_1_692' title='bbox 3189 4076 3384 4147; x_wconf 91' lang='lat' dir='ltr'><strong>ipsum</strong></span> <span class='ocrx_word' id='word_1_693' title='bbox 3434 4075 3734 4148; x_wconf 82' lang='lat' dir='ltr'><strong>singulari</strong></span> 
     </span>
    </p>
   </div>
   <div class='ocr_carea' id='block_1_92' title="bbox 2083 4165 3723 4239">
    <p class='ocr_par' dir='ltr' id='par_1_92' title="bbox 2083 4165 3723 4239">
     <span class='ocr_line' id='line_1_92' title="bbox 2083 4165 3723 4239; baseline -0.001 -15"><span class='ocrx_word' id='word_1_694' title='bbox 2083 4183 2312 4239; x_wconf 87' lang='lat' dir='ltr'><strong>semper</strong></span> <span class='ocrx_word' id='word_1_695' title='bbox 2337 4183 2475 4237; x_wconf 81' lang='lat' dir='ltr'><strong>erga</strong></span> <span class='ocrx_word' id='word_1_696' title='bbox 2502 4183 2589 4223; x_wconf 90' lang='lat' dir='ltr'><strong>me</strong></span> <span class='ocrx_word' id='word_1_697' title='bbox 2625 4165 2919 4222; x_wconf 83' lang='lat' dir='ltr'><strong>voluntate</strong></span> <span class='ocrx_word' id='word_1_698' title='bbox 2985 4167 3123 4237; x_wconf 89' lang='lat' dir='ltr'><strong>fore,</strong></span> <span class='ocrx_word' id='word_1_699' title='bbox 3166 4166 3426 4238; x_wconf 90' lang='lat' dir='ltr'><strong>meisque</strong></span> <span class='ocrx_word' id='word_1_700' title='bbox 3468 4165 3723 4223; x_wconf 87' lang='lat' dir='ltr'><strong>fortunis</strong></span> 
     </span>
    </p>
   </div>
   <div class='ocr_carea' id='block_1_93' title="bbox 2086 4255 3724 4327">
    <p class='ocr_par' dir='ltr' id='par_1_93' title="bbox 2086 4255 3724 4327">
     <span class='ocr_line' id='line_1_93' title="bbox 2086 4255 3724 4327; baseline 0 -15"><span class='ocrx_word' id='word_1_701' title='bbox 2086 4272 2151 4312; x_wconf 91' lang='lat' dir='ltr'><strong>ac</strong></span> <span class='ocrx_word' id='word_1_702' title='bbox 2180 4257 2521 4325; x_wconf 86' lang='lat' dir='ltr'><strong>commodis,</strong></span> <span class='ocrx_word' id='word_1_703' title='bbox 2554 4272 2691 4313; x_wconf 61' lang='lat' dir='ltr'><strong>mea</strong></span> <span class='ocrx_word' id='word_1_704' title='bbox 2722 4255 3014 4327; x_wconf 86' lang='lat' dir='ltr'><strong>dignitati,</strong></span> <span class='ocrx_word' id='word_1_705' title='bbox 3051 4259 3256 4327; x_wconf 89' lang='lat' dir='ltr'><strong>sponte</strong></span> <span class='ocrx_word' id='word_1_706' title='bbox 3289 4261 3389 4312; x_wconf 88' lang='lat' dir='ltr'><strong>tua</strong></span> <span class='ocrx_word' id='word_1_707' title='bbox 3421 4258 3724 4312; x_wconf 92' lang='lat' dir='ltr'><strong>consultu-</strong></span> 
     </span>
    </p>
   </div>
   <div class='ocr_carea' id='block_1_94' title="bbox 2084 4345 3729 4417">
    <p class='ocr_par' dir='ltr' id='par_1_94' title="bbox 2084 4345 3729 4417">
     <span class='ocr_line' id='line_1_94' title="bbox 2084 4345 3729 4417; baseline 0 -16"><span class='ocrx_word' id='word_1_708' title='bbox 2084 4363 2238 4414; x_wconf 89' lang='lat' dir='ltr'><strong>rum,</strong></span> <span class='ocrx_word' id='word_1_709' title='bbox 2271 4362 2453 4417; x_wconf 90' lang='lat' dir='ltr'><strong>eaque</strong></span> <span class='ocrx_word' id='word_1_710' title='bbox 2482 4346 2683 4402; x_wconf 88' lang='lat' dir='ltr'><strong>omnia</strong></span> <span class='ocrx_word' id='word_1_711' title='bbox 2714 4346 2963 4403; x_wconf 90' lang='lat' dir='ltr'><strong>libenter</strong></span> <span class='ocrx_word' id='word_1_712' title='bbox 3012 4351 3305 4414; x_wconf 89' lang='lat' dir='ltr'><strong>acturum,</strong></span> <span class='ocrx_word' id='word_1_713' title='bbox 3336 4362 3465 4416; x_wconf 71' lang='lat' dir='ltr'><strong>qua:</strong></span> <span class='ocrx_word' id='word_1_714' title='bbox 3513 4345 3729 4417; x_wconf 87' lang='lat' dir='ltr'><strong>poteris</strong></span> 
     </span>
    </p>
   </div>
   <div class='ocr_carea' id='block_1_95' title="bbox 2086 4435 3730 4508">
    <p class='ocr_par' dir='ltr' id='par_1_95' title="bbox 2086 4435 3730 4508">
     <span class='ocr_line' id='line_1_95' title="bbox 2086 4435 3730 4508; baseline 0 -18"><span class='ocrx_word' id='word_1_715' title='bbox 2086 4451 2337 4507; x_wconf 85' lang='lat' dir='ltr'><strong>cunque,</strong></span> <span class='ocrx_word' id='word_1_716' title='bbox 2370 4451 2612 4507; x_wconf 72' lang='lat' dir='ltr'><strong>qumque</strong></span> <span class='ocrx_word' id='word_1_717' title='bbox 2651 4452 2907 4508; x_wconf 63' lang='lat' dir='ltr'><strong>praesens</strong></span> <span class='ocrx_word' id='word_1_718' title='bbox 2940 4452 3087 4492; x_wconf 87' lang='lat' dir='ltr'><strong>usus</strong></span> <span class='ocrx_word' id='word_1_719' title='bbox 3127 4450 3195 4491; x_wconf 89' lang='lat' dir='ltr'><strong>ac</strong></span> <span class='ocrx_word' id='word_1_720' title='bbox 3238 4435 3556 4491; x_wconf 89' lang='lat' dir='ltr'><strong>necessitas</strong></span> <span class='ocrx_word' id='word_1_721' title='bbox 3599 4451 3730 4506; x_wconf 90' lang='lat' dir='ltr'><strong>per-</strong></span> 
     </span>
    </p>
   </div>
   <div class='ocr_carea' id='block_1_96' title="bbox 324 4517 1971 4600">
    <p class='ocr_par' dir='ltr' id='par_1_96' title="bbox 324 4517 1971 4599">
     <span class='ocr_line' id='line_1_96' title="bbox 324 4517 1971 4599; baseline -0.001 -20"><span class='ocrx_word' id='word_1_722' title='bbox 324 4524 539 4579; x_wconf 77' lang='grc' dir='ltr'>τοιαῦτ’</span> <span class='ocrx_word' id='word_1_723' title='bbox 594 4517 737 4577; x_wconf 75' lang='grc' dir='ltr'>ἔστιν</span> <span class='ocrx_word' id='word_1_724' title='bbox 785 4522 820 4577; x_wconf 74' lang='grc' dir='ltr'>ἃ</span> <span class='ocrx_word' id='word_1_725' title='bbox 865 4525 956 4577; x_wconf 79' lang='grc' dir='ltr'><strong>νῦν</strong></span> <span class='ocrx_word' id='word_1_726' title='bbox 1013 4520 1449 4598; x_wconf 74' lang='grc' dir='ltr'>ἐπαγγέλλομεν,</span> <span class='ocrx_word' id='word_1_727' title='bbox 1498 4524 1587 4579; x_wconf 86' lang='grc' dir='ltr'><strong>καὶ</strong></span> <span class='ocrx_word' id='word_1_728' title='bbox 1637 4522 1699 4579; x_wconf 80' lang='grc' dir='ltr'>οὗ</span> <span class='ocrx_word' id='word_1_729' title='bbox 1758 4528 1824 4580; x_wconf 77' lang='grc' dir='ltr'><strong>σὰ</strong></span> <span class='ocrx_word' id='word_1_730' title='bbox 1866 4520 1971 4599; x_wconf 79' lang='grc' dir='ltr'><strong>οὐδ⁴</strong></span> 
     </span>
    </p>
   </div>
   <div class='ocr_carea' id='block_1_97' title="bbox 2080 4517 3730 4600">
    <p class='ocr_par' dir='ltr' id='par_1_97' title="bbox 2090 4524 3730 4597">
     <span class='ocr_line' id='line_1_97' title="bbox 2090 4524 3730 4597; baseline -0.001 -16"><span class='ocrx_word' id='word_1_731' title='bbox 2090 4526 2300 4593; x_wconf 89' lang='lat' dir='ltr'><strong>mittet,</strong></span> <span class='ocrx_word' id='word_1_732' title='bbox 2333 4524 2391 4581; x_wconf 90' lang='lat' dir='ltr'><strong>id</strong></span> <span class='ocrx_word' id='word_1_733' title='bbox 2424 4524 2886 4581; x_wconf 77' lang='lat' dir='ltr'><strong>luculentissima</strong></span> <span class='ocrx_word' id='word_1_734' title='bbox 2926 4532 3288 4597; x_wconf 89' lang='lat' dir='ltr'><strong>compertum</strong></span> <span class='ocrx_word' id='word_1_735' title='bbox 3340 4524 3563 4593; x_wconf 85' lang='lat' dir='ltr'><strong>habeo;</strong></span> <span class='ocrx_word' id='word_1_736' title='bbox 3597 4539 3730 4580; x_wconf 92' lang='lat' dir='ltr'><strong>cum</strong></span> 
     </span>
    </p>
   </div>
   <div class='ocr_carea' id='block_1_98' title="bbox 330 4610 1982 4688">
    <p class='ocr_par' dir='ltr' id='par_1_98' title="bbox 330 4610 1982 4688">
     <span class='ocr_line' id='line_1_98' title="bbox 330 4610 1982 4688; baseline 0 -19"><span class='ocrx_word' id='word_1_737' title='bbox 330 4616 407 4669; x_wconf 82' lang='grc' dir='ltr'><strong>ῶν</strong></span> <span class='ocrx_word' id='word_1_738' title='bbox 466 4613 721 4669; x_wconf 66' lang='grc' dir='ltr'>ἑκάστοτε</span> <span class='ocrx_word' id='word_1_739' title='bbox 777 4612 1054 4688; x_wconf 80' lang='grc' dir='ltr'>πράττεις,</span> <span class='ocrx_word' id='word_1_740' title='bbox 1113 4610 1262 4668; x_wconf 75' lang='grc' dir='ltr'>ἀλλὰ</span> <span class='ocrx_word' id='word_1_741' title='bbox 1316 4617 1406 4668; x_wconf 81' lang='grc' dir='ltr'><strong>καὶ</strong></span> <span class='ocrx_word' id='word_1_742' title='bbox 1462 4615 1792 4670; x_wconf 84' lang='grc' dir='ltr'>παντάπασιν</span> <span class='ocrx_word' id='word_1_743' title='bbox 1852 4614 1982 4670; x_wconf 83' lang='grc' dir='ltr'>ἀπε-</span> 
     </span>
    </p>
   </div>
   <div class='ocr_carea' id='block_1_99' title="bbox 329 4700 1980 4782">
    <p class='ocr_par' dir='ltr' id='par_1_99' title="bbox 329 4700 1980 4782">
     <span class='ocr_line' id='line_1_99' title="bbox 329 4700 1980 4782; baseline 0.001 -25"><span class='ocrx_word' id='word_1_744' title='bbox 329 4700 629 4773; x_wconf 84' lang='grc' dir='ltr'>ληλάμενα</span> <span class='ocrx_word' id='word_1_745' title='bbox 656 4707 759 4771; x_wconf 82' lang='grc' dir='ltr'><strong>τῆς</strong></span> <span class='ocrx_word' id='word_1_746' title='bbox 793 4701 1044 4777; x_wconf 84' lang='grc' dir='ltr'>μεγάλης</span> <span class='ocrx_word' id='word_1_747' title='bbox 1082 4703 1313 4773; x_wconf 85' lang='grc' dir='ltr'>ταυτησὶ</span> <span class='ocrx_word' id='word_1_748' title='bbox 1364 4709 1603 4782; x_wconf 71' lang='grc' dir='ltr'>στροφῆς</span> <span class='ocrx_word' id='word_1_749' title='bbox 1647 4707 1755 4758; x_wconf 91' lang='grc' dir='ltr'><strong>τῶν</strong></span> <span class='ocrx_word' id='word_1_750' title='bbox 1806 4725 1980 4779; x_wconf 84' lang='grc' dir='ltr'>πραγ-</span> 
     </span>
    </p>
   </div>
   <div class='ocr_carea' id='block_1_100' title="bbox 335 4786 1979 4867">
    <p class='ocr_par' dir='ltr' id='par_1_100' title="bbox 335 4786 1979 4867">
     <span class='ocr_line' id='line_1_100' title="bbox 335 4786 1979 4867; baseline 0 -22"><span class='ocrx_word' id='word_1_751' title='bbox 335 4790 553 4865; x_wconf 84' lang='grc' dir='ltr'>μάτων,</span> <span class='ocrx_word' id='word_1_752' title='bbox 585 4787 751 4860; x_wconf 81' lang='grc' dir='ltr'>δῆκον</span> <span class='ocrx_word' id='word_1_753' title='bbox 783 4786 845 4845; x_wconf 75' lang='grc' dir='ltr'>ἔκ</span> <span class='ocrx_word' id='word_1_754' title='bbox 891 4810 950 4846; x_wconf 88' lang='grc' dir='ltr'><strong>τε</strong></span> <span class='ocrx_word' id='word_1_755' title='bbox 995 4791 1068 4846; x_wconf 83' lang='grc' dir='ltr'>ὧν</span> <span class='ocrx_word' id='word_1_756' title='bbox 1120 4791 1245 4867; x_wconf 88' lang='grc' dir='ltr'><strong>περί</strong></span> <span class='ocrx_word' id='word_1_757' title='bbox 1278 4790 1460 4853; x_wconf 79' lang='grc' dir='ltr'>αὐτοῖς</span> <span class='ocrx_word' id='word_1_758' title='bbox 1492 4792 1708 4854; x_wconf 72' lang='grc' dir='ltr'>τοῦτοις</span> <span class='ocrx_word' id='word_1_759' title='bbox 1741 4790 1979 4865; x_wconf 70' lang='grc' dir='ltr'>δέδιμεν,</span> 
     </span>
    </p>
   </div>
   <div class='ocr_carea' id='block_1_101' title="bbox 332 4874 1980 4956">
    <p class='ocr_par' dir='ltr' id='par_1_101' title="bbox 332 4874 1980 4956">
     <span class='ocr_line' id='line_1_101' title="bbox 332 4874 1980 4956; baseline -0.001 -21"><span class='ocrx_word' id='word_1_760' title='bbox 332 4874 398 4935; x_wconf 76' lang='grc' dir='ltr'>ἔκ</span> <span class='ocrx_word' id='word_1_761' title='bbox 447 4900 511 4935; x_wconf 90' lang='grc' dir='ltr'><strong>τε</strong></span> <span class='ocrx_word' id='word_1_762' title='bbox 566 4880 644 4934; x_wconf 82' lang='grc' dir='ltr'>ὧν</span> <span class='ocrx_word' id='word_1_763' title='bbox 700 4879 1131 4954; x_wconf 81' lang='grc' dir='ltr'>παραιτούμεθα,</span> <span class='ocrx_word' id='word_1_764' title='bbox 1159 4882 1222 4936; x_wconf 86' lang='grc' dir='ltr'>τὸ</span> <span class='ocrx_word' id='word_1_765' title='bbox 1272 4881 1390 4955; x_wconf 70' lang='grc' dir='ltr'>μὲν,</span> <span class='ocrx_word' id='word_1_766' title='bbox 1427 4883 1503 4955; x_wconf 80' lang='grc' dir='ltr'>μὴ</span> <span class='ocrx_word' id='word_1_767' title='bbox 1536 4878 1639 4956; x_wconf 78' lang='grc' dir='ltr'><strong>ἄρα</strong></span> <span class='ocrx_word' id='word_1_768' title='bbox 1670 4882 1733 4937; x_wconf 82' lang='grc' dir='ltr'>οὐ</span> <span class='ocrx_word' id='word_1_769' title='bbox 1767 4880 1980 4947; x_wconf 84' lang='grc' dir='ltr'>δώσεις,</span> 
     </span>
    </p>
   </div>
   <div class='ocr_carea' id='block_1_102' title="bbox 334 4963 1981 5045">
    <p class='ocr_par' dir='ltr' id='par_1_102' title="bbox 334 4963 1981 5045">
     <span class='ocr_line' id='line_1_102' title="bbox 334 4963 1981 5045; baseline 0.001 -22"><span class='ocrx_word' id='word_1_770' title='bbox 334 4968 544 5030; x_wconf 82' lang='grc' dir='ltr'>εἰωθὼς</span> <span class='ocrx_word' id='word_1_771' title='bbox 580 4966 788 5043; x_wconf 82' lang='grc' dir='ltr'>μεγάλα</span> <span class='ocrx_word' id='word_1_772' title='bbox 820 4966 1162 5044; x_wconf 82' lang='grc' dir='ltr'>χαρίζεσθαι,</span> <span class='ocrx_word' id='word_1_773' title='bbox 1188 4970 1252 5026; x_wconf 88' lang='grc' dir='ltr'>τὸ</span> <span class='ocrx_word' id='word_1_774' title='bbox 1292 4968 1340 5025; x_wconf 84' lang='grc' dir='ltr'>δ’</span> <span class='ocrx_word' id='word_1_775' title='bbox 1371 4970 1446 5033; x_wconf 85' lang='grc' dir='ltr'><strong>ὡς</strong></span> <span class='ocrx_word' id='word_1_776' title='bbox 1493 4971 1678 5033; x_wconf 86' lang='grc' dir='ltr'>καλῶς</span> <span class='ocrx_word' id='word_1_777' title='bbox 1728 4963 1845 5045; x_wconf 79' lang='grc' dir='ltr'>ἔχει</span> <span class='ocrx_word' id='word_1_778' title='bbox 1896 4969 1981 5025; x_wconf 87' lang='grc' dir='ltr'><strong>σοὶ</strong></span> 
     </span>
    </p>
   </div>
   <div class='ocr_carea' id='block_1_103' title="bbox 336 5054 1982 5136">
    <p class='ocr_par' dir='ltr' id='par_1_103' title="bbox 336 5054 1982 5136">
     <span class='ocr_line' id='line_1_103' title="bbox 336 5054 1982 5136; baseline 0.002 -24"><span class='ocrx_word' id='word_1_779' title='bbox 336 5058 436 5133; x_wconf 75' lang='grc' dir='ltr'>μὶν</span> <span class='ocrx_word' id='word_1_780' title='bbox 469 5054 682 5128; x_wconf 73' lang='grc' dir='ltr'>δοῦναι,</span> <span class='ocrx_word' id='word_1_781' title='bbox 711 5061 850 5132; x_wconf 83' lang='grc' dir='ltr'>ἡμῖν</span> <span class='ocrx_word' id='word_1_782' title='bbox 884 5055 941 5113; x_wconf 74' lang='grc' dir='ltr'>δὲ</span> <span class='ocrx_word' id='word_1_783' title='bbox 974 5054 1186 5116; x_wconf 78' lang='grc' dir='ltr'>λαϐεῖν.</span> <span class='ocrx_word' id='word_1_784' title='bbox 1207 5060 1352 5135; x_wconf 88' lang='grc' dir='ltr'><strong>Ἐγώ</strong></span> <span class='ocrx_word' id='word_1_785' title='bbox 1400 5080 1458 5115; x_wconf 85' lang='grc' dir='ltr'><strong>τε</strong></span> <span class='ocrx_word' id='word_1_786' title='bbox 1503 5061 1607 5136; x_wconf 78' lang='grc' dir='ltr'>γὰρ</span> <span class='ocrx_word' id='word_1_787' title='bbox 1639 5059 1672 5115; x_wconf 77' lang='grc' dir='ltr'>ἃ</span> <span class='ocrx_word' id='word_1_788' title='bbox 1705 5059 1982 5135; x_wconf 82' lang='grc' dir='ltr'>βούλομαι</span> 
     </span>
    </p>
   </div>
   <div class='ocr_carea' id='block_1_104' title="bbox 333 5145 1981 5225">
    <p class='ocr_par' dir='ltr' id='par_1_104' title="bbox 333 5145 1981 5225">
     <span class='ocr_line' id='line_1_104' title="bbox 333 5145 1981 5225; baseline 0.001 -23"><span class='ocrx_word' id='word_1_789' title='bbox 333 5145 615 5223; x_wconf 83' lang='grc' dir='ltr'>λήψομαι,</span> <span class='ocrx_word' id='word_1_790' title='bbox 651 5148 714 5202; x_wconf 80' lang='grc' dir='ltr'>σύ</span> <span class='ocrx_word' id='word_1_791' title='bbox 750 5149 800 5203; x_wconf 87' lang='grc' dir='ltr'>τ’</span> <span class='ocrx_word' id='word_1_792' title='bbox 829 5145 1224 5225; x_wconf 75' lang='grc' dir='ltr'>ἐπιεικέστερος</span> <span class='ocrx_word' id='word_1_793' title='bbox 1283 5146 1454 5221; x_wconf 80' lang='grc' dir='ltr'>δόξεις</span> <span class='ocrx_word' id='word_1_794' title='bbox 1509 5150 1600 5205; x_wconf 83' lang='grc' dir='ltr'><strong>καὶ</strong></span> <span class='ocrx_word' id='word_1_795' title='bbox 1652 5146 1871 5220; x_wconf 78' lang='grc' dir='ltr'>σαυτοῦ,</span> <span class='ocrx_word' id='word_1_796' title='bbox 1901 5153 1981 5221; x_wconf 78' lang='grc' dir='ltr'><strong>τῷ</strong></span> 
     </span>
    </p>
   </div>
   <div class='ocr_carea' id='block_1_105' title="bbox 330 5233 1981 5314">
    <p class='ocr_par' dir='ltr' id='par_1_105' title="bbox 330 5233 1981 5314">
     <span class='ocr_line' id='line_1_105' title="bbox 330 5233 1981 5314; baseline 0.003 -21"><span class='ocrx_word' id='word_1_797' title='bbox 330 5236 425 5294; x_wconf 85' lang='grc' dir='ltr'><strong>καὶ</strong></span> <span class='ocrx_word' id='word_1_798' title='bbox 477 5233 801 5306; x_wconf 86' lang='grc' dir='ltr'>τηλικοῖσδε</span> <span class='ocrx_word' id='word_1_799' title='bbox 850 5238 1176 5313; x_wconf 82' lang='grc' dir='ltr'>κεχρῆσθαι.</span> <span class='ocrx_word' id='word_1_800' title='bbox 1240 5238 1328 5293; x_wconf 89' lang='grc' dir='ltr'>Ἐν</span> <span class='ocrx_word' id='word_1_801' title='bbox 1390 5238 1494 5314; x_wconf 85' lang='grc' dir='ltr'><strong>γὰρ</strong></span> <span class='ocrx_word' id='word_1_802' title='bbox 1551 5240 1620 5312; x_wconf 79' lang='grc' dir='ltr'><strong>τῇ</strong></span> <span class='ocrx_word' id='word_1_803' title='bbox 1679 5238 1795 5293; x_wconf 86' lang='grc' dir='ltr'>καθ’</span> <span class='ocrx_word' id='word_1_804' title='bbox 1834 5239 1981 5310; x_wconf 79' lang='grc' dir='ltr'>ἡμᾶς</span> 
     </span>
    </p>
   </div>
   <div class='ocr_carea' id='block_1_106' title="bbox 331 5322 1985 5402">
    <p class='ocr_par' dir='ltr' id='par_1_106' title="bbox 331 5322 1985 5402">
     <span class='ocr_line' id='line_1_106' title="bbox 331 5322 1985 5402; baseline -0.001 -18"><span class='ocrx_word' id='word_1_805' title='bbox 331 5331 453 5402; x_wconf 80' lang='grc' dir='ltr'>ἱερᾷ</span> <span class='ocrx_word' id='word_1_806' title='bbox 508 5322 644 5400; x_wconf 80' lang='grc' dir='ltr'>τῇδε</span> <span class='ocrx_word' id='word_1_807' title='bbox 700 5326 790 5382; x_wconf 83' lang='grc' dir='ltr'><strong>καὶ</strong></span> <span class='ocrx_word' id='word_1_808' title='bbox 850 5327 1137 5402; x_wconf 83' lang='grc' dir='ltr'>θαυμαστῇ</span> <span class='ocrx_word' id='word_1_809' title='bbox 1194 5327 1455 5401; x_wconf 75' lang='grc' dir='ltr'>ξυνοικία,</span> <span class='ocrx_word' id='word_1_810' title='bbox 1515 5326 1578 5382; x_wconf 76' lang='grc' dir='ltr'><strong>οὗ</strong></span> <span class='ocrx_word' id='word_1_811' title='bbox 1624 5327 1714 5383; x_wconf 77' lang='grc' dir='ltr'><strong>καὶ</strong></span> <span class='ocrx_word' id='word_1_812' title='bbox 1768 5327 1865 5391; x_wconf 77' lang='grc' dir='ltr'><strong>τὰς</strong></span> <span class='ocrx_word' id='word_1_813' title='bbox 1925 5326 1985 5383; x_wconf 81' lang='grc' dir='ltr'><strong>ἐκ</strong></span> 
     </span>
    </p>
   </div>
   <div class='ocr_carea' id='block_1_107' title="bbox 334 5412 1980 5496">
    <p class='ocr_par' dir='ltr' id='par_1_107' title="bbox 334 5412 1980 5496">
     <span class='ocr_line' id='line_1_107' title="bbox 334 5412 1980 5496; baseline 0.002 -25"><span class='ocrx_word' id='word_1_814' title='bbox 334 5412 610 5492; x_wconf 76' lang='grc' dir='ltr'>βασιλέως</span> <span class='ocrx_word' id='word_1_815' title='bbox 680 5417 886 5495; x_wconf 75' lang='grc' dir='ltr'>τροφὰς</span> <span class='ocrx_word' id='word_1_816' title='bbox 952 5414 1186 5496; x_wconf 80' lang='grc' dir='ltr'>ἔχομεν,</span> <span class='ocrx_word' id='word_1_817' title='bbox 1260 5416 1539 5492; x_wconf 75' lang='grc' dir='ltr'>οἰκήματά</span> <span class='ocrx_word' id='word_1_818' title='bbox 1620 5418 1760 5474; x_wconf 80' lang='grc' dir='ltr'>ἐστιν</span> <span class='ocrx_word' id='word_1_819' title='bbox 1827 5417 1980 5489; x_wconf 78' lang='grc' dir='ltr'>ἄττα,</span> 
     </span>
    </p>
   </div>
   <div class='ocr_carea' id='block_1_108' title="bbox 332 5501 1984 5584">
    <p class='ocr_par' dir='ltr' id='par_1_108' title="bbox 332 5501 1984 5584">
     <span class='ocr_line' id='line_1_108' title="bbox 332 5501 1984 5584; baseline 0.002 -23"><span class='ocrx_word' id='word_1_820' title='bbox 332 5503 607 5561; x_wconf 81' lang='grc' dir='ltr'>κάλλιστα</span> <span class='ocrx_word' id='word_1_821' title='bbox 640 5506 737 5580; x_wconf 74' lang='grc' dir='ltr'>μὶν</span> <span class='ocrx_word' id='word_1_822' title='bbox 774 5504 972 5568; x_wconf 80' lang='grc' dir='ltr'>θέσεως</span> <span class='ocrx_word' id='word_1_823' title='bbox 1019 5501 1242 5582; x_wconf 76' lang='grc' dir='ltr'>ἔχοντα,</span> <span class='ocrx_word' id='word_1_824' title='bbox 1272 5506 1365 5562; x_wconf 81' lang='grc' dir='ltr'>καὶ</span> <span class='ocrx_word' id='word_1_825' title='bbox 1412 5508 1550 5584; x_wconf 85' lang='grc' dir='ltr'>πρὸς</span> <span class='ocrx_word' id='word_1_826' title='bbox 1607 5513 1780 5564; x_wconf 76' lang='grc' dir='ltr'>πᾶσαν</span> <span class='ocrx_word' id='word_1_827' title='bbox 1831 5501 1984 5571; x_wconf 82' lang='grc' dir='ltr'>ἔτους</span> 
     </span>
    </p>
   </div>
   <div class='ocr_carea' id='block_1_109' title="bbox 334 5592 1982 5678">
    <p class='ocr_par' dir='ltr' id='par_1_109' title="bbox 334 5592 1982 5678">
     <span class='ocr_line' id='line_1_109' title="bbox 334 5592 1982 5678; baseline 0 -25"><span class='ocrx_word' id='word_1_828' title='bbox 334 5593 480 5675; x_wconf 81' lang='grc' dir='ltr'>ὥραν</span> <span class='ocrx_word' id='word_1_829' title='bbox 529 5592 589 5652; x_wconf 76' lang='grc' dir='ltr'>εὖ</span> <span class='ocrx_word' id='word_1_830' title='bbox 642 5594 1140 5675; x_wconf 78' lang='grc' dir='ltr'>παρεσκευασμένα,</span> <span class='ocrx_word' id='word_1_831' title='bbox 1166 5600 1236 5675; x_wconf 76' lang='grc' dir='ltr'><strong>τῇ</strong></span> <span class='ocrx_word' id='word_1_832' title='bbox 1286 5616 1346 5653; x_wconf 84' lang='grc' dir='ltr'><strong>τε</strong></span> <span class='ocrx_word' id='word_1_833' title='bbox 1393 5596 1550 5678; x_wconf 70' lang='grc' dir='ltr'>φύσει</span> <span class='ocrx_word' id='word_1_834' title='bbox 1590 5601 1689 5655; x_wconf 77' lang='grc' dir='ltr'><strong>τοῦ</strong></span> <span class='ocrx_word' id='word_1_835' title='bbox 1746 5597 1982 5675; x_wconf 89' lang='grc' dir='ltr'>χωρίου,</span> 
     </span>
    </p>
   </div>
   <div class='ocr_carea' id='block_1_110' title="bbox 2092 4614 3733 4687">
    <p class='ocr_par' dir='ltr' id='par_1_110' title="bbox 2092 4614 3733 4687">
     <span class='ocr_line' id='line_1_110' title="bbox 2092 4614 3733 4687; baseline -0.001 -17"><span class='ocrx_word' id='word_1_836' title='bbox 2092 4616 2165 4671; x_wconf 93' lang='lat' dir='ltr'><strong>ob</strong></span> <span class='ocrx_word' id='word_1_837' title='bbox 2196 4615 2330 4681; x_wconf 89' lang='lat' dir='ltr'><strong>alia,</strong></span> <span class='ocrx_word' id='word_1_838' title='bbox 2353 4619 2476 4671; x_wconf 90' lang='lat' dir='ltr'><strong>tum</strong></span> <span class='ocrx_word' id='word_1_839' title='bbox 2510 4615 2661 4687; x_wconf 90' lang='lat' dir='ltr'><strong>quod</strong></span> <span class='ocrx_word' id='word_1_840' title='bbox 2694 4629 2845 4672; x_wconf 78' lang='lat' dir='ltr'><strong>astra</strong></span> <span class='ocrx_word' id='word_1_841' title='bbox 2871 4615 2972 4672; x_wconf 79' lang='lat' dir='ltr'><strong>sub</strong></span> <span class='ocrx_word' id='word_1_842' title='bbox 2999 4622 3208 4671; x_wconf 77' lang='lat' dir='ltr'><strong>terram</strong></span> <span class='ocrx_word' id='word_1_843' title='bbox 3255 4615 3415 4687; x_wconf 79' lang='lat' dir='ltr'><strong>prius</strong></span> <span class='ocrx_word' id='word_1_844' title='bbox 3462 4614 3639 4682; x_wconf 78' lang='lat' dir='ltr'><strong>ibunt,</strong></span> <span class='ocrx_word' id='word_1_845' title='bbox 3680 4619 3733 4669; x_wconf 85' lang='lat' dir='ltr'><strong>et</strong></span> 
     </span>
    </p>
   </div>
   <div class='ocr_carea' id='block_1_111' title="bbox 2089 4703 3734 4777">
    <p class='ocr_par' dir='ltr' id='par_1_111' title="bbox 2089 4703 3734 4777">
     <span class='ocr_line' id='line_1_111' title="bbox 2089 4703 3734 4777; baseline -0.001 -18"><span class='ocrx_word' id='word_1_846' title='bbox 2089 4706 2270 4759; x_wconf 81' lang='lat' dir='ltr'><strong>altum</strong></span> <span class='ocrx_word' id='word_1_847' title='bbox 2293 4711 2444 4759; x_wconf 80' lang='lat' dir='ltr'><strong>terra</strong></span> <span class='ocrx_word' id='word_1_848' title='bbox 2463 4722 2522 4761; x_wconf 74' lang='lat' dir='ltr'><strong>se</strong></span> <span class='ocrx_word' id='word_1_849' title='bbox 2539 4705 2602 4760; x_wconf 82' lang='lat' dir='ltr'><strong>in</strong></span> <span class='ocrx_word' id='word_1_850' title='bbox 2630 4706 2816 4776; x_wconf 82' lang='lat' dir='ltr'><strong>polum</strong></span> <span class='ocrx_word' id='word_1_851' title='bbox 2844 4708 3005 4777; x_wconf 78' lang='lat' dir='ltr'><strong>feret,</strong></span> <span class='ocrx_word' id='word_1_852' title='bbox 3032 4710 3095 4760; x_wconf 91' lang='lat' dir='ltr'><strong>ut</strong></span> <span class='ocrx_word' id='word_1_853' title='bbox 3134 4705 3217 4760; x_wconf 88' lang='lat' dir='ltr'><strong>ait</strong></span> <span class='ocrx_word' id='word_1_854' title='bbox 3281 4709 3450 4776; x_wconf 89' lang='lat' dir='ltr'><strong>poeta</strong></span> <span class='ocrx_word' id='word_1_855' title='bbox 3482 4703 3734 4775; x_wconf 82' lang='lat' dir='ltr'><strong>(Euripi-</strong></span> 
     </span>
    </p>
   </div>
   <div class='ocr_carea' id='block_1_112' title="bbox 2090 4790 3729 4865">
    <p class='ocr_par' dir='ltr' id='par_1_112' title="bbox 2090 4790 3729 4865">
     <span class='ocr_line' id='line_1_112' title="bbox 2090 4790 3729 4865; baseline -0.001 -17"><span class='ocrx_word' id='word_1_856' title='bbox 2090 4794 2207 4848; x_wconf 84' lang='lat' dir='ltr'><strong>des.</strong></span> <span class='ocrx_word' id='word_1_857' title='bbox 2241 4790 2397 4846; x_wconf 75' lang='grc' dir='ltr'>Οἷλεῖ</span> <span class='ocrx_word' id='word_1_858' title='bbox 2426 4795 2545 4850; x_wconf 89' lang='lat' dir='ltr'><strong>sive</strong></span> <span class='ocrx_word' id='word_1_859' title='bbox 2575 4792 2763 4863; x_wconf 85' lang='grc' dir='ltr'>Συλεῖ,</span> <span class='ocrx_word' id='word_1_860' title='bbox 2795 4800 2862 4850; x_wconf 88' lang='lat' dir='ltr'><strong>ut</strong></span> <span class='ocrx_word' id='word_1_861' title='bbox 2892 4795 3158 4863; x_wconf 87' lang='lat' dir='ltr'><strong>arbitror,</strong></span> <span class='ocrx_word' id='word_1_862' title='bbox 3190 4795 3344 4865; x_wconf 89' lang='lat' dir='ltr'><strong>apud</strong></span> <span class='ocrx_word' id='word_1_863' title='bbox 3404 4792 3729 4859; x_wconf 89' lang='lat' dir='ltr'><strong>Philonem,</strong></span> 
     </span>
    </p>
   </div>
   <div class='ocr_carea' id='block_1_113' title="bbox 2090 4880 3736 4955">
    <p class='ocr_par' dir='ltr' id='par_1_113' title="bbox 2090 4880 3736 4955">
     <span class='ocr_line' id='line_1_113' title="bbox 2090 4880 3736 4955; baseline 0 -19"><span class='ocrx_word' id='word_1_864' title='bbox 2090 4899 2149 4955; x_wconf 92' lang='lat' dir='ltr'><strong>p.</strong></span> <span class='ocrx_word' id='word_1_865' title='bbox 2189 4882 2316 4951; x_wconf 84' lang='lat'><strong>603,</strong></span> <span class='ocrx_word' id='word_1_866' title='bbox 2350 4886 2407 4939; x_wconf 84' lang='lat' dir='ltr'><strong>et</strong></span> <span class='ocrx_word' id='word_1_867' title='bbox 2437 4900 2493 4954; x_wconf 89' lang='lat' dir='ltr'><strong>p.</strong></span> <span class='ocrx_word' id='word_1_868' title='bbox 2525 4883 2618 4950; x_wconf 88' lang='lat'><strong>66,</strong></span> <span class='ocrx_word' id='word_1_869' title='bbox 2650 4884 2776 4953; x_wconf 87' lang='lat'><strong>365,</strong></span> <span class='ocrx_word' id='word_1_870' title='bbox 2807 4883 3109 4955; x_wconf 90' lang='lat' dir='ltr'><strong>Turneb.),</strong></span> <span class='ocrx_word' id='word_1_871' title='bbox 3143 4898 3319 4954; x_wconf 89' lang='lat' dir='ltr'><strong>quam</strong></span> <span class='ocrx_word' id='word_1_872' title='bbox 3352 4882 3456 4937; x_wconf 88' lang='lat' dir='ltr'><strong>abs</strong></span> <span class='ocrx_word' id='word_1_873' title='bbox 3486 4886 3543 4937; x_wconf 89' lang='lat' dir='ltr'><strong>te</strong></span> <span class='ocrx_word' id='word_1_874' title='bbox 3574 4880 3736 4953; x_wconf 90' lang='lat' dir='ltr'><strong>quis-</strong></span> 
     </span>
    </p>
   </div>
   <div class='ocr_carea' id='block_1_114' title="bbox 2093 4970 3735 5044">
    <p class='ocr_par' dir='ltr' id='par_1_114' title="bbox 2093 4970 3735 5044">
     <span class='ocr_line' id='line_1_114' title="bbox 2093 4970 3735 5044; baseline 0 -19"><span class='ocrx_word' id='word_1_875' title='bbox 2093 4972 2248 5041; x_wconf 87' lang='lat' dir='ltr'><strong>piam</strong></span> <span class='ocrx_word' id='word_1_876' title='bbox 2275 4987 2473 5028; x_wconf 91' lang='lat' dir='ltr'><strong>eorum</strong></span> <span class='ocrx_word' id='word_1_877' title='bbox 2504 4989 2629 5043; x_wconf 59' lang='lat' dir='ltr'><strong>quas</strong></span> <span class='ocrx_word' id='word_1_878' title='bbox 2661 4972 2807 5044; x_wconf 89' lang='lat' dir='ltr'><strong>petit</strong></span> <span class='ocrx_word' id='word_1_879' title='bbox 2851 4971 3144 5044; x_wconf 90' lang='lat' dir='ltr'><strong>repulsam</strong></span> <span class='ocrx_word' id='word_1_880' title='bbox 3198 4971 3380 5038; x_wconf 85' lang='lat' dir='ltr'><strong>feret;</strong></span> <span class='ocrx_word' id='word_1_881' title='bbox 3413 4972 3512 5043; x_wconf 91' lang='lat' dir='ltr'><strong>qui</strong></span> <span class='ocrx_word' id='word_1_882' title='bbox 3562 4970 3735 5026; x_wconf 89' lang='lat' dir='ltr'><strong>etiam</strong></span> 
     </span>
    </p>
   </div>
   <div class='ocr_carea' id='block_1_115' title="bbox 2091 5060 3736 5135">
    <p class='ocr_par' dir='ltr' id='par_1_115' title="bbox 2091 5060 3736 5135">
     <span class='ocr_line' id='line_1_115' title="bbox 2091 5060 3736 5135; baseline -0.001 -19"><span class='ocrx_word' id='word_1_883' title='bbox 2091 5060 2238 5116; x_wconf 88' lang='lat' dir='ltr'><strong>nihil</strong></span> <span class='ocrx_word' id='word_1_884' title='bbox 2270 5061 2614 5133; x_wconf 82' lang='lat' dir='ltr'><strong>rogantibus</strong></span> <span class='ocrx_word' id='word_1_885' title='bbox 2643 5062 2856 5135; x_wconf 70' lang='lat' dir='ltr'><strong>saepius</strong></span> <span class='ocrx_word' id='word_1_886' title='bbox 2886 5060 3125 5127; x_wconf 87' lang='lat' dir='ltr'><strong>dedisti,</strong></span> <span class='ocrx_word' id='word_1_887' title='bbox 3158 5067 3212 5116; x_wconf 91' lang='lat' dir='ltr'><strong>et</strong></span> <span class='ocrx_word' id='word_1_888' title='bbox 3254 5065 3521 5131; x_wconf 88' lang='lat' dir='ltr'><strong>rogantes</strong></span> <span class='ocrx_word' id='word_1_889' title='bbox 3552 5060 3736 5129; x_wconf 82' lang='lat' dir='ltr'><strong>majo-</strong></span> 
     </span>
    </p>
   </div>
   <div class='ocr_carea' id='block_1_116' title="bbox 2092 5149 3734 5224">
    <p class='ocr_par' dir='ltr' id='par_1_116' title="bbox 2092 5149 3734 5224">
     <span class='ocr_line' id='line_1_116' title="bbox 2092 5149 3734 5224; baseline -0.001 -19"><span class='ocrx_word' id='word_1_890' title='bbox 2092 5150 2256 5206; x_wconf 91' lang='lat' dir='ltr'><strong>ribus</strong></span> <span class='ocrx_word' id='word_1_891' title='bbox 2286 5167 2459 5223; x_wconf 86' lang='lat' dir='ltr'><strong>quam</strong></span> <span class='ocrx_word' id='word_1_892' title='bbox 2478 5157 2773 5224; x_wconf 86' lang='lat' dir='ltr'><strong>optassent</strong></span> <span class='ocrx_word' id='word_1_893' title='bbox 2793 5150 3010 5208; x_wconf 88' lang='lat' dir='ltr'><strong>ornasti</strong></span> <span class='ocrx_word' id='word_1_894' title='bbox 3024 5149 3734 5223; x_wconf 86' lang='lat' dir='ltr'><strong>muneribus,quodtuum</strong></span> 
     </span>
    </p>
   </div>
   <div class='ocr_carea' id='block_1_117' title="bbox 2091 5238 3737 5314">
    <p class='ocr_par' dir='ltr' id='par_1_117' title="bbox 2091 5238 3737 5314">
     <span class='ocr_line' id='line_1_117' title="bbox 2091 5238 3737 5314; baseline -0.002 -17"><span class='ocrx_word' id='word_1_895' title='bbox 2091 5239 2513 5313; x_wconf 88' lang='lat' dir='ltr'><strong>elogium,meo</strong></span> <span class='ocrx_word' id='word_1_896' title='bbox 2539 5240 2954 5314; x_wconf 85' lang='lat' dir='ltr'><strong>judicio,baud</strong></span> <span class='ocrx_word' id='word_1_897' title='bbox 2972 5238 3147 5310; x_wconf 88' lang='lat' dir='ltr'><strong>paulo</strong></span> <span class='ocrx_word' id='word_1_898' title='bbox 3158 5238 3461 5312; x_wconf 88' lang='lat' dir='ltr'><strong>pulchrius</strong></span> <span class='ocrx_word' id='word_1_899' title='bbox 3498 5238 3737 5295; x_wconf 90' lang='lat' dir='ltr'><strong>omnino</strong></span> 
     </span>
    </p>
   </div>
   <div class='ocr_carea' id='block_1_118' title="bbox 2092 5327 3738 5404">
    <p class='ocr_par' dir='ltr' id='par_1_118' title="bbox 2092 5327 3738 5404">
     <span class='ocr_line' id='line_1_118' title="bbox 2092 5327 3738 5404; baseline 0 -19"><span class='ocrx_word' id='word_1_900' title='bbox 2092 5334 2266 5402; x_wconf 88' lang='lat' dir='ltr'><strong>atque</strong></span> <span class='ocrx_word' id='word_1_901' title='bbox 2324 5331 2660 5404; x_wconf 89' lang='lat' dir='ltr'><strong>gloriosius,</strong></span> <span class='ocrx_word' id='word_1_902' title='bbox 2693 5330 2826 5401; x_wconf 91' lang='lat' dir='ltr'><strong>allo,</strong></span> <span class='ocrx_word' id='word_1_903' title='bbox 2862 5330 3015 5401; x_wconf 90' lang='lat' dir='ltr'><strong>quod</strong></span> <span class='ocrx_word' id='word_1_904' title='bbox 3068 5344 3341 5401; x_wconf 87' lang='lat' dir='ltr'><strong>usurpes,</strong></span> <span class='ocrx_word' id='word_1_905' title='bbox 3381 5327 3586 5400; x_wconf 88' lang='lat' dir='ltr'><strong>quovis</strong></span> <span class='ocrx_word' id='word_1_906' title='bbox 3621 5330 3738 5385; x_wconf 86' lang='lat' dir='ltr'><strong>est.</strong></span> 
     </span>
    </p>
   </div>
   <div class='ocr_carea' id='block_1_119' title="bbox 2092 5420 3736 5492">
    <p class='ocr_par' dir='ltr' id='par_1_119' title="bbox 2092 5420 3736 5492">
     <span class='ocr_line' id='line_1_119' title="bbox 2092 5420 3736 5492; baseline -0.001 -13"><span class='ocrx_word' id='word_1_907' title='bbox 2092 5422 2289 5479; x_wconf 84' lang='lat' dir='ltr'><strong>Metuo</strong></span> <span class='ocrx_word' id='word_1_908' title='bbox 2319 5438 2477 5490; x_wconf 85' lang='lat' dir='ltr'><strong>vero,</strong></span> <span class='ocrx_word' id='word_1_909' title='bbox 2504 5427 2727 5491; x_wconf 89' lang='lat' dir='ltr'><strong>metuo,</strong></span> <span class='ocrx_word' id='word_1_910' title='bbox 2766 5436 2873 5477; x_wconf 90' lang='lat' dir='ltr'><strong>nec</strong></span> <span class='ocrx_word' id='word_1_911' title='bbox 2922 5420 3178 5477; x_wconf 90' lang='lat' dir='ltr'><strong>absurde</strong></span> <span class='ocrx_word' id='word_1_912' title='bbox 3225 5420 3490 5491; x_wconf 87' lang='lat' dir='ltr'><strong>fortasse,</strong></span> <span class='ocrx_word' id='word_1_913' title='bbox 3522 5434 3594 5475; x_wconf 90' lang='lat' dir='ltr'><strong>ne</strong></span> <span class='ocrx_word' id='word_1_914' title='bbox 3646 5422 3736 5492; x_wconf 88' lang='lat' dir='ltr'><strong>tu,</strong></span> 
     </span>
    </p>
   </div>
   <div class='ocr_carea' id='block_1_120' title="bbox 2092 5508 3739 5584">
    <p class='ocr_par' dir='ltr' id='par_1_120' title="bbox 2092 5508 3739 5584">
     <span class='ocr_line' id='line_1_120' title="bbox 2092 5508 3739 5584; baseline 0.001 -18"><span class='ocrx_word' id='word_1_915' title='bbox 2092 5512 2192 5583; x_wconf 89' lang='lat' dir='ltr'><strong>qui</strong></span> <span class='ocrx_word' id='word_1_916' title='bbox 2214 5510 2472 5584; x_wconf 87' lang='lat' dir='ltr'><strong>ingentia</strong></span> <span class='ocrx_word' id='word_1_917' title='bbox 2536 5510 2737 5583; x_wconf 88' lang='lat' dir='ltr'><strong>largiri</strong></span> <span class='ocrx_word' id='word_1_918' title='bbox 2791 5508 3077 5566; x_wconf 84' lang='lat' dir='ltr'><strong>beneﬁcia</strong></span> <span class='ocrx_word' id='word_1_919' title='bbox 3122 5517 3339 5565; x_wconf 63' lang='lat' dir='ltr'><strong>natura</strong></span> <span class='ocrx_word' id='word_1_920' title='bbox 3398 5512 3511 5565; x_wconf 65' lang='lat' dir='ltr'><strong>tua</strong></span> <span class='ocrx_word' id='word_1_921' title='bbox 3557 5508 3739 5568; x_wconf 82' lang='lat' dir='ltr'><strong>ductu</strong></span> 
     </span>
    </p>
   </div>
   <div class='ocr_carea' id='block_1_121' title="bbox 2092 5597 3738 5676">
    <p class='ocr_par' dir='ltr' id='par_1_121' title="bbox 2092 5597 3738 5676">
     <span class='ocr_line' id='line_1_121' title="bbox 2092 5597 3738 5676; baseline -0.001 -17"><span class='ocrx_word' id='word_1_922' title='bbox 2092 5600 2268 5671; x_wconf 87' lang='lat' dir='ltr'><strong>soles,</strong></span> <span class='ocrx_word' id='word_1_923' title='bbox 2299 5616 2457 5659; x_wconf 89' lang='lat' dir='ltr'><strong>nunc</strong></span> <span class='ocrx_word' id='word_1_924' title='bbox 2488 5600 2598 5657; x_wconf 88' lang='lat' dir='ltr'><strong>hoc</strong></span> <span class='ocrx_word' id='word_1_925' title='bbox 2629 5600 2827 5674; x_wconf 87' lang='lat' dir='ltr'><strong>ipsum</strong></span> <span class='ocrx_word' id='word_1_926' title='bbox 2857 5613 3132 5674; x_wconf 71' lang='lat' dir='ltr'><strong>presens,</strong></span> <span class='ocrx_word' id='word_1_927' title='bbox 3154 5597 3550 5671; x_wconf 88' lang='lat' dir='ltr'><strong>minutum,et</strong></span> <span class='ocrx_word' id='word_1_928' title='bbox 3568 5598 3738 5676; x_wconf 79' lang='lat' dir='ltr'><strong>longe</strong></span> 
     </span>
    </p>
   </div>
  </div>
