4154 6216
418 338 539 400 423
1721 342 2079 405 THEODUL

2192 342 2509 405 IONACHI
3706 338 3832 402 ιρι

418 476 567 532 intra
597 475 778 533 animi
810 475 895 533 tui
928 475 1386 548 magnitudinem
1418 476 1842 549 positum,esse
1872 483 2061 547 ratus,

2192 481 2254 548 ῖῷ
2283 498 2339 532 τε
2373 477 2823 550 μεμηχανῆσθαι,
2855 479 2933 547 τῷ
2965 473 3010 531 δ’
3057 475 3167 548 ἰδίᾳ
3196 477 3284 530 καὶ
3334 477 3513 551 χωρὶς
3558 478 3649 531 καὶ
3707 479 3833 532 καθ’

420 570 523 620 aut
553 581 667 620 non
699 564 803 621 des
832 564 1091 632 omnino,
1124 568 1224 621 aut
1257 580 1348 621 me
1380 567 1636 637 incuses,
1669 566 1830 623 velut
1860 569 1959 639 qui
1992 570 2065 627 de

2192 567 2336 619 ,αυτὰ
2370 570 2478 619 τῶν
2511 562 2699 620 ἄλλων
2746 562 3015 638 ἱδρῦσθαι,
3047 564 3315 635 πλείστην
3347 566 3480 635 ὅσην
3521 565 3835 639 ἐμποιοῦν-

420 657 479 709 te
508 669 624 709 non
655 654 795 709 satis
825 653 998 726 digne
1029 653 1551 727 convenienterque
1581 655 1930 713 existimem.
1964 658 2064 713 Sin

2192 675 2235 708 πα
2291 655 2539 728 γαλήνην
2597 652 2653 708 ἐν
2707 659 2790 726 τῷ
2839 661 2938 724 τῆς
2991 658 3177 730 ψυχῆς
3217 655 3543 729 πρυτανείῳ,
3576 656 3652 715 ὡς
3686 656 3835 709 εἶναι

421 730 613 799 autem
645 746 764 799 tum
788 743 909 798 haec
931 743 1071 800 dare
1088 749 1269 815 potes,
1291 749 1414 800 tum
1446 746 1660 818 quasvis
1685 745 1799 802 alia
1823 747 2065 803 omnino

2192 748 2250 813 τῷ
2282 743 2396 796 ὄντι
2439 746 2632 817 ψυχῶν
2685 748 2867 817 σοφῶν
2902 746 3312 821 φροντιστήρια,
3350 741 3565 818 μᾶλλον
3627 742 3686 798 δὲ
3739 747 3836 799 καὶ

424 834 678 906 aggredi,
712 833 994 890 nimirum
1024 838 1088 890 ut
1119 834 1370 905 inclytus
1415 834 1511 892 ille
1554 837 2064 908 plurimarumque

2192 831 2353 905 pulei;
2410 828 2917 905 ἐῤῥᾳστωνευμένας
2989 834 3082 887 οἶα
3150 837 3449 888 κατεπᾶσαι
3509 834 3643 908 πρὸς
3700 834 3840 908 ἀρε-

422 921 753 995 palmarnm
794 921 1094 988 Hercules,
1124 924 1429 996 praecipuis
1459 926 1737 997 operibus
1776 926 1900 983 suis
1948 928 2065 983 alia

2192 922 2293 989 ςὴν,
2324 920 2414 974 καὶ
2468 922 2661 992 μένους
2717 919 2999 994 ἐμπλῆσαι
3047 922 3185 995 πρὸς
3231 923 3331 992 τὴν
3382 916 3568 977 ἔνθεον
3598 923 3687 977 καὶ
3722 924 3835 976 σώ-

420 1012 689 1084 quasdam
710 1016 867 1069 extra
889 1012 1152 1070 ordinem
1168 1013 1506 1085 interponit,
1523 1015 1673 1071 bono
1696 1031 1839 1072 sane
1866 1016 2063 1072 animo

2192 1028 2341 1086 ρρονα
2388 1008 2477 1063 καὶ
2529 1007 2761 1085 θεοφιλῆ
2805 1010 3011 1081 ταύτην
3064 1009 3281 1082 μανίαν.
3325 1017 3426 1067 *Ἡν
3477 1012 3529 1065 οἱ
3585 1010 3832 1085 γνησίως

423 1118 551 1158 esse
580 1102 865 1159 convenit.
901 1102 1022 1158 lmo
1064 1118 1196 1159 vero
1244 1103 1294 1158 si
1352 1108 1616 1175 prompte
1672 1106 1923 1175 dederis,
1955 1105 2065 1163 hoc

2192 1099 2427 1159 ιανὲντες
2471 1097 2571 1152 οὐκ
2628 1096 2966 1171 εὐδαίμονες,
3017 1098 3145 1154 ἀλλ’
3190 1097 3292 1175 ἄρα
3360 1097 3638 1173 δαιμόνιοι
3685 1121 3833 1165 τινες

421 1191 549 1262 ipso
577 1192 813 1264 planum
847 1192 1047 1259 facies,
1079 1208 1266 1265 neque
1296 1208 1400 1250 nos
1430 1193 1607 1249 animi
1647 1193 1826 1251 falsos
1866 1195 2061 1265 fuisse,

2192 1189 2438 1266 ἱτεχνῶς.
2486 1188 2634 1264 Ἐγὼ
2683 1184 2741 1242 δέ
2792 1188 2907 1261 εἶμι
2956 1188 3048 1261 μὲν
3101 1188 3163 1243 οὐ
3210 1193 3484 1260 τοιοῦτος,
3527 1187 3657 1244 οὐδὲ
3712 1194 3827 1245 τῶν

420 1285 596 1354 teque
624 1282 819 1353 ipsum
853 1281 1137 1352 majorem
1169 1282 1229 1337 in
1263 1284 1497 1340 modum
1545 1284 1803 1341 ornabis.
1834 1283 2067 1340 Scilicet

2192 1297 2223 1339 .ς
2269 1280 2434 1332 τοῦτο
2483 1276 2780 1352 φερόντων,
2810 1274 2939 1332 οὐδὲ
2991 1281 3190 1352 μικροῦ
3220 1274 3339 1333 δεῖ⁸
3372 1279 3678 1352 θαυμαστὸν
3725 1279 3827 1352 μὲν

420 1372 577 1442 quod
610 1388 726 1427 non
759 1387 977 1444 magna
1006 1372 1179 1428 modo
1213 1377 1268 1427 et
1302 1373 1650 1428 admiranda
1697 1377 1937 1444 prostare
1965 1391 2064 1431 va-

2192 1362 2266 1418 ιῦν
2298 1364 2343 1419 εἰ
2376 1366 2452 1439 μὴ
2485 1365 2574 1420 καὶ
2606 1364 2750 1420 πολὺ
2779 1365 3121 1423 τούναντίον.
3153 1370 3257 1422 Τοῦ
3289 1364 3335 1422 δ’
3361 1364 3543 1445 ’ίσχειν
3592 1367 3828 1443 ἡσύχως

416 1460 630 1529 leas,et
660 1460 910 1531 publicis
941 1460 1171 1517 coronis
1203 1465 1377 1533 atque
1409 1462 1716 1533 praeconiis
1747 1462 2060 1535 digna,sed

2192 1452 2261 1508 ιαὶ
2321 1455 2437 1509 κατ’
2470 1453 2703 1525 ἐμαυτὸν
2763 1454 2892 1508 εἶναι
2950 1454 3044 1510 καὶ
3088 1458 3183 1528 ζῇν
3219 1453 3361 1511 οὕτω
3385 1477 3471 1512 τοι
3512 1455 3716 1525 ἥττων,
3750 1458 3831 1520 ὡς

422 1550 577 1620 quod
607 1548 883 1605 tenuibus
913 1548 1111 1618 etiam,
1144 1550 1398 1621 quodam
1452 1551 1751 1607 modestia:
1801 1568 2063 1622 excessu,

2192 1564 2392 1598 παντων
2447 1544 2506 1597 ἂν
2562 1542 2714 1598 τουτὶ
2772 1543 3051 1618 πρίασθαι.
3084 1545 3153 1600 Τό
3209 1565 3269 1599 τε
3316 1546 3417 1621 γὰρ
3476 1550 3583 1601 τῶν
3618 1544 3831 1622 ὀφθαλ-

423 1641 856 1709 peropportune
914 1636 1226 1694 subvenire
1277 1638 1460 1695 noris.
1518 1638 1641 1696 Nisi
1698 1640 1770 1708 si,
1819 1645 1884 1696 ut
1942 1656 2071 1697 mea

2192 1635 2299 1702 μῶν
2358 1630 2530 1694 οὕτως
2590 1631 2958 1708 ἐσαναγκάζει,
3014 1632 3190 1707 χωρίς
3248 1653 3308 1687 τε
3364 1635 3561 1688 τούτου
3609 1634 3695 1696 τίς
3732 1634 3839 1690 οὐκ

425 1728 665 1799 quidem
695 1727 802 1783 fert
831 1727 1140 1796 sententia,
1174 1731 1283 1784 tum
1342 1729 1541 1801 potius
1599 1730 2067 1807 magnanimitati

2192 1720 2242 1775 iiv
2286 1719 2341 1775 εὖ
2385 1727 2598 1800 φρονῶν
2649 1720 2882 1796 ἡσυχίας
2930 1722 3074 1796 ἐρῴη
3104 1742 3119 1791 ;
3151 1717 3244 1777 ἅτε
3274 1719 3549 1797 δᾳδούχου
3579 1725 3673 1777 καὶ
3722 1746 3835 1797 μυ-

423 1814 532 1869 hoc
570 1814 866 1886 quispiam
922 1826 1219 1887 acceptum
1278 1817 1492 1873 referre
1550 1816 1707 1887 velit,
1740 1819 1896 1889 quod
1961 1835 2069 1874 nec

426 1921 552 1975 quae
590 1904 771 1960 multo
821 1904 1218 1960 minutissima
1247 1922 1377 1961 esse
1421 1906 1710 1976 videntur,
1743 1908 1867 1978 ipse
1915 1907 2073 1963 dedi-

418 1994 635 2067 gneris.
669 1994 831 2062 Quod
865 1998 1059 2050 autem
1085 1994 1428 2064 hujusmodi
1459 1996 1722 2065 quadam
1755 2005 1907 2065 sunt,
1941 2014 2070 2068 quis

425 2101 583 2140 nunc
628 2086 972 2156 rogitamus,
998 2100 1102 2140 nec
1145 2085 1232 2140 tui
1275 2084 1488 2156 operis,
1522 2101 1629 2142 nec
1686 2102 1756 2142 ex
1812 2086 1885 2142 iis
1934 2104 2061 2159 qua

429 2174 741 2230 identidem
775 2173 982 2245 agitas,
1004 2172 1121 2231 imo
1153 2172 1325 2245 plane
1352 2176 1529 2231 etiam
1548 2180 1775 2231 remota
1804 2192 1839 2232 a
1860 2190 2092 2248 magno,

428 2263 542 2321 isto
563 2278 758 2320 rerum
787 2262 1193 2333 actionumque
1223 2267 1458 2320 tuarum
1503 2263 1664 2331 orbe,
1698 2279 1829 2320 cum
1880 2281 1951 2320 ex
2002 2281 2072 2322 eo

438 2357 595 2425 patet
623 2352 776 2424 quod
804 2352 1042 2423 ipsimet
1070 2352 1141 2409 de
1160 2351 1234 2408 iis
1263 2352 1745 2414 subdubitamus;
1770 2359 1891 2409 tum
1917 2356 2073 2426 quod

439 2446 602 2498 tanto
631 2457 755 2498 rem
786 2441 983 2498 studio
1024 2457 1298 2513 urgemus
1323 2459 1338 2512 ;
1362 2441 1527 2507 illud,
1562 2458 1633 2498 ne
1663 2442 1805 2500 forte
1826 2459 1940 2499 non
1964 2444 2076 2499 da—

438 2535 609 2587 turus
666 2530 769 2597 sis,
803 2529 1020 2601 quippe
1069 2545 1279 2602 magna
1333 2529 1646 2602 gratiﬁcari
1696 2537 1925 2599 suetus,
1969 2531 2074 2588 hoc

434 2620 711 2691 quoniam
743 2623 800 2674 et
828 2618 935 2674 tibi
965 2620 1102 2674 dare
1132 2618 1440 2690 pulchrum
1482 2623 1591 2687 est,
1614 2624 1670 2675 et
1714 2620 1882 2676 nobis
1931 2621 2077 2676 acci-

431 2726 590 2782 pere.
624 2709 769 2765 Nam
800 2712 857 2765 et
887 2720 991 2780 ego
1022 2721 1150 2781 qua
1181 2708 1352 2781 cupio
1372 2710 1673 2781 accipiam,
1696 2715 1754 2766 et
1780 2718 1843 2767 tu
1875 2714 2078 2767 temet-

429 2797 557 2868 ipso
623 2796 930 2867 benignior
979 2796 1286 2867 mitiorque
1341 2796 1629 2863 videbere,
1678 2796 1777 2867 qui
1833 2798 1904 2852 ad
1958 2797 2077 2856 haec

432 2885 609 2942 etiam
638 2890 759 2941 tam
792 2884 1002 2956 pusilla
1050 2889 1107 2939 te
1165 2884 1464 2940 demittas.
1498 2885 1645 2941 Sunt
1695 2885 1965 2943 videlicet
2014 2887 2076 2944 in

433 2974 612 3031 sacris
640 2974 800 3030 hisce
830 2978 887 3029 et
917 2973 1243 3046 magnificis
1270 2974 1512 3043 aedibus,
1544 2974 1604 3029 in
1661 2975 1881 3046 quibus
1920 2978 2078 3049 regia

2183 1817 2464 1887 σταγωγοῦ
2516 1817 2621 1867 τῶν
2666 1812 2808 1869 ὅτων
2838 1814 2899 1868 ἄν
2944 1835 3027 1875 τις
3071 1812 3215 1868 εἶ’ποι
3245 1812 3584 1883 καλλίστων,
3614 1814 3705 1869 καὶ
3735 1824 3832 1870 τὸν

2178 1909 2277 1970 τῆς
2323 1906 2510 1975 ψυχῆς
2561 1902 2745 1975 αἰθέρα
2791 1903 3027 1973 καθάπαξ
3077 1902 3355 1977 τηρούσης
3395 1902 3669 1978 εἰλικρινῆ
3734 1904 3836 1959 καὶ

2179 1992 2436 2066 καθαρὸν,
2465 1992 2554 2045 καὶ
2609 1989 2743 2063 μάλ’
2793 1991 2969 2066 ἀμιγῆ
3031 1993 3229 2055 παντὸς
3296 1990 3544 2055 ὑλώδους
3597 1998 3834 2065 καπνοῦ,

2179 2084 2260 2151 τῷ
2308 2080 2398 2134 τὸν
2447 2083 2570 2133 νοῦν
2623 2080 2868 2155 συνάγειν
2915 2078 3006 2135 καὶ
3056 2080 3301 2155 συνέχειν
3341 2079 3431 2135 καὶ
3468 2082 3541 2154 μὴ
3599 2101 3833 2155 συγχω-

2185 2173 2295 2243 ρεῖν
2327 2166 2632 2242 διαχεῖσθαι
2665 2169 2755 2223 καὶ
2803 2168 3184 2241 κατακλυσμὸν
3240 2170 3529 2242 ὑπομένειν
3564 2170 3668 2225 ὑπὸ
3720 2175 3833 2226 τῶν

2182 2262 2280 2312 τοῦ
2310 2258 2523 2330 κόσμου
2557 2258 2778 2331 ῥοθίων,
2819 2256 2965 2313 ἀλλᾶ
2994 2259 3084 2313 καὶ
3131 2263 3228 2314 τοῦ
3271 2259 3576 2335 πεφυκότος
3610 2266 3833 2333 μεμνῆ-

2185 2358 2305 2410 σθαι
2361 2347 2803 2422 παρασκευάζειν,
2826 2348 2915 2402 καὶ
2973 2347 3085 2403 ἅνω
3140 2348 3343 2424 φέρειν,
3371 2350 3458 2404 καὶ
3521 2350 3678 2404 πάντ’
3735 2344 3835 2404 ἕν-

2184 2437 2300 2492 θεον
2335 2436 2487 2505 εἶναι,
2524 2437 2661 2509 μόνα
2703 2438 2773 2491 τὰ
2819 2433 3075 2510 δαιμὸνια
3121 2437 3606 2513 περιεργαζόμενον
3638 2439 3833 2513 πράγ-

2189 2547 2349 2599 ματα.
2377 2532 2480 2580 Σον
2525 2523 2615 2580 οῦν
2665 2523 2725 2580 ἃν
2777 2523 2860 2596 ε’ίη
2910 2526 3001 2581 καὶ
3048 2533 3147 2597 τῆς
3178 2534 3277 2597 σῆς
3310 2527 3430 2601 περὶ
3478 2530 3654 2582 πάντα
3682 2547 3832 2602 χρη-

2184 2617 2469 2686 στότητος,
2500 2616 2573 2670 ὧν
2606 2617 2778 2672 πάντα
2814 2616 2881 2671 τὰ
2932 2616 3187 2691 βέλτιστα
3231 2616 3293 2672 σὺ
3336 2617 3427 2673 καὶ
3488 2616 3833 2693 βουλόμενος

2170 2708 2273 2775 ,καὶ
2324 2705 2636 2780 δυνάμενος,
2675 2708 2764 2762 καὶ
2804 2708 3055 2780 πράττων
3106 2706 3362 2780 ἑτοίμως,
3395 2706 3487 2763 ἵνα
3534 2708 3624 2763 καὶ
3676 2708 3836 2770 αὖθις

2183 2796 2251 2850 αὖ
2298 2801 2418 2857 τοῖς
2468 2795 2651 2858 αὐτοῖς
2693 2797 3016 2871 χρήσωμαι,
3047 2798 3108 2851 τὸ
3154 2797 3243 2851 καὶ
3282 2797 3490 2852 τούτων
3540 2800 3691 2871 ἡμᾶς
3735 2819 3834 2851 τυ-

2186 2891 2308 2960 χεῖν
2354 2885 2481 2948 τοὺς
2537 2886 2970 2958 μανικωτάτους,
3021 2885 3120 2941 οὐκ
3161 2883 3285 2941 οἶδα
3332 2886 3557 2961 πότερον
3602 2886 3833 2963 ἐραστὰς

2191 2974 2354 3036 δίδως
2386 2972 2586 3051 λέγειν,
2616 2975 2652 3045 ἢ
2681 2980 2789 3030 τῶν
2839 2978 2977 3031 κατά
3016 2980 3112 3031 σοῦ
3141 2972 3387 3051 θορύϐων
3417 2975 3691 3052 τεχνίτας,
3725 2981 3841 3041 πᾶς

438 3064 686 3136 pecunia
711 3063 927 3119 alimur
947 3045 1400 3131 etsustinemur,
1416 3045 1778 3120 domuncula
1794 3045 2079 3136 quaedam,

2192 3062 2239 3119 δ’
2266 3063 2324 3119 ἄν
2356 3085 2438 3126 τις
2470 3065 2599 3142 φαίη
2633 3081 2696 3135 γε
2724 3066 2812 3120 καί
2846 3066 3045 3141 εὐχῶν.

436 3172 570 3213 cum
615 3155 730 3211 situ
788 3151 1318 3224 opportunissimae,
1368 3154 1760 3224 omnibusque
1808 3154 1948 3211 anni
2007 3157 2367 3228 temporibus
2422 3156 3055 3227 accommodatissimas,
3105 3158 3225 3214 sive
3275 3161 3484 3215 natura
3530 3157 3665 3224 loci,
3717 3158 3844 3214 sive

437 3250 558 3302 arte
588 3248 643 3298 et
672 3242 979 3308 industria,
1012 3250 1132 3297 tum
1161 3257 1226 3297 eo
1258 3242 1412 3313 quod
1444 3243 1752 3313 separatim
1775 3248 1834 3300 et
1861 3261 2146 3314 seorsum,
2176 3251 2234 3302 et
2288 3247 2565 3318 sejunctm
2614 3247 2685 3301 ab
2730 3244 2859 3301 aliis
2916 3249 3040 3303 sitas
3092 3251 3252 3314 sunt,
3302 3263 3597 3303 summam
3650 3247 3843 3302 maxie

440 3349 712 3405 memque
751 3331 1030 3389 sanctiori
1086 3332 1294 3387 animae
1334 3330 1551 3404 templo
1606 3333 1977 3391 serenitatem
2045 3341 2333 3408 parentes,
2376 3340 2436 3391 ut
2482 3352 2672 3405 reapse
2751 3339 3067 3391 animarum
3156 3336 3494 3408 sapientium
3577 3336 3693 3391 ludi
3775 3352 3891 3391 αα

438 3422 719 3478 domicilia
767 3420 1024 3492 quedam
1080 3422 1193 3476 sint
1239 3419 1559 3492 (Aristoph.
1617 3426 1746 3495 Νεφ.
1780 3422 1894 3495 94),
1927 3424 2042 3480 sive
2090 3427 2284 3497 potius
2337 3425 2652 3496 ejusmodi,
2703 3441 2829 3496 quas
2917 3427 3144 3481 animas
3220 3427 3335 3482 otio
3401 3430 3699 3496 torpentes
3769 3425 3844 3481 ad

440 3515 710 3570 virtutem
750 3512 1021 3579 excitare,
1069 3512 1127 3566 et
1181 3526 1344 3567 sacro
1402 3512 1602 3568 ardore
1657 3513 1729 3568 ad
1786 3513 2049 3570 divinum
2125 3513 2303 3583 hunc,
2365 3520 2424 3571 et
2502 3520 2753 3583 castum,
2801 3517 3032 3588 Deoque
3096 3517 3495 3588 gratissimum
3565 3518 3842 3583 furorem,

442 3600 688 3671 implere
719 3604 979 3671 queant:
1016 3614 1186 3670 quem
1219 3598 1317 3670 qui
1348 3614 1691 3671 germanum
1750 3600 1808 3654 in
1860 3601 2100 3657 modum
2148 3603 2368 3669 furunt,
2410 3601 2497 3657 illi
2545 3618 2663 3658 non
2722 3601 2917 3659 felices
2964 3603 3136 3658 modo
3187 3620 3253 3659 ac
3300 3604 3477 3671 beati,
3507 3604 3609 3658 sed
3659 3603 3849 3658 divini

443 3692 614 3764 plane
644 3700 799 3747 sunt.
832 3691 949 3763 Ego
978 3706 1114 3745 vero
1145 3706 1481 3761 quanquam
1516 3691 1756 3746 minime
1776 3708 1841 3747 ex
1873 3691 1984 3749 isto
2026 3692 2328 3749 hominum
2388 3709 2597 3765 genere
2644 3708 2796 3761 sum,
2834 3708 3020 3765 neque
3075 3694 3145 3749 iis
3194 3711 3322 3765 quin
3371 3695 3486 3749 huc
3533 3694 3848 3764 pertinent,

439 3781 765 3837 instructus
823 3779 1155 3846 virtutibus,
1189 3779 1355 3851 longe
1403 3797 1543 3836 sane
1598 3782 1806 3836 absum
1842 3799 1856 3849 ;
1890 3786 2059 3851 atque
2105 3783 2247 3839 adeo
2295 3785 2511 3838 mirum
2571 3783 2763 3850 fuerit,
2788 3785 2839 3838 si
2896 3799 3012 3839 non
3065 3783 3354 3840 contrario
3413 3800 3647 3855 prorsus
3716 3800 3852 3840 mea

438 3874 767 3942 comparata
799 3870 971 3925 modo
1006 3875 1163 3925 sunt.
1187 3869 1281 3925 Sic
1303 3874 1498 3925 tamen
1528 3869 1586 3924 in
1619 3872 1815 3941 quiete
1861 3871 2133 3943 degendi,
2165 3878 2223 3928 et
2280 3889 2544 3930 seorsum
2596 3872 2739 3929 mihi
2797 3872 3008 3945 agendi
3063 3872 3409 3945 vivenlique,
3460 3877 3665 3943 captus
3715 3887 3851 3927 sum

437 3963 655 4030 studio,
690 3967 753 4016 ut
783 3960 890 4016 hoc
918 3959 1043 4014 vita
1066 3976 1254 4031 genus
1277 3961 1519 4016 fortunis
1550 3962 1697 4017 meis
1735 3963 2010 4019 omnibus
2065 3964 2428 4033 redemptum
2485 3962 2681 4019 velim.
2726 3963 2848 4018 Huc
2903 3963 3061 4019 enim
3112 3968 3171 4019 et
3226 3961 3529 4020 oculorum
3590 3979 3684 4019 me
3736 3980 3850 4019 va-

440 4051 637 4107 letudo
695 4047 1008 4119 compellit,
1040 4053 1165 4105 tum
1224 4057 1288 4105 ut
1343 4051 1564 4121 absque
1631 4050 1741 4107 hoc
1788 4060 1960 4118 esset,
2018 4052 2151 4124 quis
2205 4052 2441 4125 sapiens
2496 4069 2611 4108 non
2660 4057 2867 4124 sponte
2925 4052 3174 4124 quietem
3225 4052 3597 4108 amet?Ha=.c
3627 4054 3851 4125 quippe

445 4141 628 4196 facem
662 4138 954 4209 praelucet,
993 4142 1050 4194 et
1103 4139 1382 4211 magistra
1439 4139 1969 4211 pulcherrimarum
2027 4157 2217 4198 rerum
2279 4142 2543 4198 omnium
2600 4147 2710 4213 est,
2752 4158 2879 4213 qua:
2927 4141 3217 4198 nominari
3273 4159 3307 4197 a
3366 4144 3638 4213 quopiam
3708 4159 3851 4213 pos-

448 4234 607 4284 sunt.
654 4227 782 4284 Haec
821 4244 1112 4283 summum
1174 4227 1378 4283 anima
1435 4228 1735 4297 aetherem,
1793 4231 2110 4299 sincerum,
2170 4232 2477 4297 mundum,
2538 4232 2610 4287 ab
2658 4231 2937 4302 omnique
2986 4231 3271 4286 materiali
3328 4231 3487 4287 fumo
3538 4240 3846 4300 secretum,

448 4330 861 4387 usquequaque
898 4319 1109 4382 servat,
1143 4315 1282 4371 dum
1315 4320 1568 4374 mentem
1599 4317 1867 4375 videlicet
1894 4318 2116 4391 colligit
2150 4336 2217 4376 ac
2272 4320 2566 4388 continet;
2600 4336 2706 4376 nec
2762 4320 3029 4389 diffundi,
3053 4320 3373 4391 mundique
3424 4318 3600 4390 hujus
3636 4321 3849 4391 jactari

444 4406 758 4476 obruisque
788 4404 1060 4461 ﬂuctibus
1092 4406 1326 4475 patitur,
1358 4404 1536 4477 idque
1564 4406 1781 4478 efﬁciit,
1815 4416 1877 4464 ut
1905 4417 2062 4465 ortus
2091 4408 2423 4481 indolisque
2475 4427 2582 4465 suis
2617 4426 2834 4466 memor
2861 4410 3066 4466 eadem
3121 4411 3214 4479 sit,
3247 4417 3302 4466 et
3365 4409 3616 4466 sublime
3673 4410 3851 4466 attol-

441 4495 617 4566 latur,
648 4503 705 4553 et
732 4500 858 4553 tota
894 4497 1136 4552 numine
1192 4495 1467 4553 instincta
1523 4497 1762 4566 feratur,
1803 4502 1859 4554 et
1914 4499 2036 4556 sola
2091 4500 2375 4557 duntaxat
2430 4502 2625 4558 divina
2679 4500 3114 4559 studiosissime
3143 4504 3367 4557 tractet.
3397 4504 3587 4556 Tuum
3646 4501 3851 4572 igitur,

442 4592 673 4659 tuasque
703 4587 771 4642 ad
803 4585 1001 4643 omnia
1026 4602 1151 4642 sese
1192 4585 1541 4659 porrigentis
1587 4588 1960 4661 benignitatis
2011 4589 2116 4646 hoc
2160 4591 2349 4660 fuerit,
2380 4607 2411 4647 ο
2467 4600 2549 4657 ιιι,
2607 4591 2707 4663 qui
2744 4592 2950 4664 Optima
2979 4593 3187 4655 omnia,
3231 4595 3282 4646 et
3324 4591 3407 4646 vis
3456 4596 3509 4647 et
3564 4596 3738 4662 potes,
3792 4598 3854 4647 σε

439 4680 626 4732 animo
682 4678 1111 4748 prompitissimo
1165 4678 1303 4746 agis,
1344 4678 1564 4733 eisdem
1621 4680 1780 4735 enim
1836 4680 2026 4735 denuo
2083 4680 2323 4752 (quibus
2370 4681 2561 4753 initio)
2623 4687 2754 4736 utar
2808 4680 3017 4749 verbis,
3068 4685 3131 4737 ut
3170 4686 3230 4736 et
3283 4681 3406 4738 hac
3475 4696 3582 4737 nos
3637 4697 3853 4738 conse-

445 4783 697 4839 quamur
752 4765 1054 4829 beneﬁcia,
1111 4783 1240 4834 nos,
1288 4768 1550 4838 inquam.
1607 4769 1987 4826 fnriosissimi
2044 4771 2319 4842 profecto,
2362 4771 2555 4828 nescio
2611 4788 2744 4829 vero
2812 4780 3007 4829 utrum
3065 4777 3354 4828 amatores
3410 4772 3520 4840 tui,
3574 4787 3649 4828 an
3714 4788 3854 4829 vero

448 4857 753 4930 plaussum
783 4860 840 4913 et
865 4857 1350 4914 acclamationum
1380 4859 1451 4915 de
1480 4866 1533 4916 te
1561 4858 1833 4929 artifices,
1881 4859 2051 4917 nobis
2079 4861 2385 4932 permittas
2407 4861 2596 4918 dicere
2622 4879 2636 4929 ;
2670 4861 2878 4918 dixerit
2932 4878 3066 4919 vero
3123 4861 3362 4934 insuper
3420 4861 3852 4934 unusquisque,

441 4950 500 5004 et
526 4950 818 5006 votorum.

1069 5166 1166 5229 νι.
1206 5170 1412 5230 Eidem.

521 5317 666 5376 Cum
696 5334 764 5376 eo
796 5316 1031 5376 nomine
1060 5316 1215 5390 quod
1247 5321 1371 5375 tute
1398 5334 1504 5375 nos
1524 5318 1654 5390 jam
1685 5316 1910 5390 pridem
1959 5314 2092 5372 dili-

454 5409 561 5480 gis,
609 5413 735 5464 tum
775 5408 925 5479 quod
976 5422 1186 5477 unum,
1215 5411 1274 5463 te
1329 5406 1590 5464 omnium
1644 5406 1819 5462 rebus
1878 5405 2095 5462 nostris

454 5499 919 5557 faventissimum
970 5500 1187 5571 experti
1248 5514 1354 5555 nos
1409 5514 1637 5568 sumus,
1688 5498 1796 5554 tibi
1847 5497 2092 5554 invicem

453 5588 707 5645 maxime
761 5588 1026 5644 omnium
1084 5588 1415 5657 studemus,
1483 5594 1656 5659 teque
1722 5586 2096 5659 singulariter

456 5691 743 5735 amamus.
777 5677 1166 5752 Praeterquam
1197 5677 1352 5751 quod
1395 5681 1694 5751 comperta
1745 5675 1866 5734 haec
1910 5677 2096 5734 omni-

2117 5173 2164 5240 D

2776 5171 2877 5247 ς’.
2917 5173 3014 5244 Τῷ
3052 5168 3247 5244 αὐτῷ.

2278 5317 2378 5373 Καὶ
2428 5317 2515 5378 οἷς
2562 5316 2721 5379 αὐτὸς
2769 5317 2918 5389 ἡμᾶς
2962 5317 3163 5371 ἄνωθεν
3217 5314 3477 5391 στὲργεις,
3518 5315 3609 5370 καὶ
3656 5315 3741 5377 οἷς

2208 5412 2325 5480 μεῖς
2385 5408 2440 5461 σὲ
2492 5406 2730 5479 μάλιστα
2779 5406 2994 5463 πάντων
3037 5408 3104 5462 τὰ
3144 5407 3281 5481 πρὸς
3330 5409 3481 5481 ἡμᾶς
3520 5406 3717 5468 αὐτοὺς
3767 5404 3862 5480 εγ-

2204 5494 2457 5558 νωκότες,
2490 5494 2575 5551 σοὶ
2628 5495 2865 5568 μάλιστα
2912 5494 3129 5550 πάντων
3172 5496 3451 5570 τιθέμεθα,
3476 5496 3569 5549 καὶ
3626 5495 3687 5549 σε
3744 5492 3861 5550 δια-

2204 5585 2480 5663 φερόντως
2532 5583 2823 5663 φιλοῦμεν.
2860 5591 3044 5641 ’νΔνευ
3099 5585 3197 5640 τοῦ
3275 5583 3478 5649 πάντας
3533 5581 3733 5639 εἰδέναι
3800 5604 3861 5640 τε

2205 5675 2294 5733 καὶ
2354 5676 2505 5752 βοᾷν,
2564 5672 2635 5730 δι’
2691 5672 2961 5748 ἀλλήλων
3016 5675 3163 5733 τοῦτ’
3224 5673 3503 5759 ἀμφότερα
3560 5672 3857 5734 δείκνυται.
