  <div class='ocr_page' id='page_1' title='image "/cluster/home/n/w/nwhite01/storage/ocr_20150623/145/hvd.32044054086921/218.png"; bbox 0 0 4154 6216; ppageno 0'>
   <div class='ocr_carea' id='block_1_1' title="bbox 303 410 410 472">
    <p class='ocr_par' dir='ltr' id='par_1_1' title="bbox 303 410 410 472">
     <span class='ocr_line' id='line_1_1' title="bbox 303 410 410 472; baseline 0 -1"><span class='ocrx_word' id='word_1_1' title='bbox 303 410 410 472; x_wconf 75' lang='grc'><strong>425</strong></span> 
     </span>
    </p>
   </div>
   <div class='ocr_carea' id='block_1_2' title="bbox 1779 411 2208 474">
    <p class='ocr_par' dir='ltr' id='par_1_2' title="bbox 1779 411 2208 474">
     <span class='ocr_line' id='line_1_2' title="bbox 1779 411 2208 474; baseline -0.002 -2"><span class='ocrx_word' id='word_1_2' title='bbox 1779 411 2208 474; x_wconf 61' lang='grc' dir='ltr'><strong>ΕΡΙΒΤΟΙΛΕ.</strong></span> 
     </span>
    </p>
   </div>
   <div class='ocr_carea' id='block_1_3' title="bbox 3555 411 3674 472">
    <p class='ocr_par' dir='ltr' id='par_1_3' title="bbox 3555 411 3674 472">
     <span class='ocr_line' id='line_1_3' title="bbox 3555 411 3674 472; baseline 0.017 -2"><span class='ocrx_word' id='word_1_3' title='bbox 3555 411 3674 472; x_wconf 74' lang='lat'><strong>426</strong></span> 
     </span>
    </p>
   </div>
   <div class='ocr_carea' id='block_1_4' title="bbox 304 535 1905 613">
    <p class='ocr_par' dir='ltr' id='par_1_4' title="bbox 304 535 1905 613">
     <span class='ocr_line' id='line_1_4' title="bbox 304 535 1905 613; baseline 0 -19"><span class='ocrx_word' id='word_1_4' title='bbox 304 537 418 594; x_wconf 75' lang='grc' dir='ltr'>Οὔτε</span> <span class='ocrx_word' id='word_1_5' title='bbox 457 539 556 613; x_wconf 74' lang='grc' dir='ltr'><strong>γὰρ</strong></span> <span class='ocrx_word' id='word_1_6' title='bbox 605 535 772 605; x_wconf 85' lang='grc' dir='ltr'>ἔστιν,</span> <span class='ocrx_word' id='word_1_7' title='bbox 812 537 910 594; x_wconf 75' lang='grc' dir='ltr'>οὐκ</span> <span class='ocrx_word' id='word_1_8' title='bbox 938 537 1082 594; x_wconf 81' lang='grc' dir='ltr'>ἔστιν</span> <span class='ocrx_word' id='word_1_9' title='bbox 1129 535 1287 594; x_wconf 68' lang='grc' dir='ltr'>οὐδὲν</span> <span class='ocrx_word' id='word_1_10' title='bbox 1335 544 1443 595; x_wconf 80' lang='grc' dir='ltr'><strong>τῶν</strong></span> <span class='ocrx_word' id='word_1_11' title='bbox 1475 541 1724 609; x_wconf 83' lang='grc' dir='ltr'>ἁπάντων</span> <span class='ocrx_word' id='word_1_12' title='bbox 1755 541 1783 595; x_wconf 78' lang='grc' dir='ltr'>ὃ</span> <span class='ocrx_word' id='word_1_13' title='bbox 1839 541 1905 613; x_wconf 63' lang='grc' dir='ltr'>μὶ</span> 
     </span>
    </p>
   </div>
   <div class='ocr_carea' id='block_1_5' title="bbox 2014 535 3675 613">
    <p class='ocr_par' dir='ltr' id='par_1_5' title="bbox 2035 541 3675 613">
     <span class='ocr_line' id='line_1_5' title="bbox 2035 541 3675 613; baseline 0.002 -17"><span class='ocrx_word' id='word_1_14' title='bbox 2035 542 2163 609; x_wconf 91' lang='lat' dir='ltr'><strong>bus,</strong></span> <span class='ocrx_word' id='word_1_15' title='bbox 2223 541 2603 613; x_wconf 89' lang='lat' dir='ltr'><strong>omniumque</strong></span> <span class='ocrx_word' id='word_1_16' title='bbox 2655 543 2959 598; x_wconf 88' lang='lat' dir='ltr'><strong>decantata</strong></span> <span class='ocrx_word' id='word_1_17' title='bbox 3014 558 3113 598; x_wconf 91' lang='lat' dir='ltr'><strong>ore</strong></span> <span class='ocrx_word' id='word_1_18' title='bbox 3169 549 3323 604; x_wconf 85' lang='lat' dir='ltr'><strong>sunt.</strong></span> <span class='ocrx_word' id='word_1_19' title='bbox 3372 543 3514 600; x_wconf 81' lang='lat' dir='ltr'><strong>satis</strong></span> <span class='ocrx_word' id='word_1_20' title='bbox 3563 541 3675 600; x_wconf 92' lang='lat' dir='ltr'><strong>hoc</strong></span> 
     </span>
    </p>
   </div>
   <div class='ocr_carea' id='block_1_6' title="bbox 299 627 1921 706">
    <p class='ocr_par' dir='ltr' id='par_1_6' title="bbox 299 627 1921 706">
     <span class='ocr_line' id='line_1_6' title="bbox 299 627 1921 706; baseline 0.002 -24"><span class='ocrx_word' id='word_1_21' title='bbox 299 631 354 682; x_wconf 77' lang='grc' dir='ltr'>σὺ</span> <span class='ocrx_word' id='word_1_22' title='bbox 405 627 528 700; x_wconf 81' lang='grc' dir='ltr'>μετὰ</span> <span class='ocrx_word' id='word_1_23' title='bbox 574 632 671 681; x_wconf 80' lang='grc' dir='ltr'>τοῦ</span> <span class='ocrx_word' id='word_1_24' title='bbox 722 629 1054 702; x_wconf 76' lang='grc' dir='ltr'><strong>γιγνομένου</strong></span> <span class='ocrx_word' id='word_1_25' title='bbox 1101 648 1159 682; x_wconf 91' lang='grc' dir='ltr'><strong>τε</strong></span> <span class='ocrx_word' id='word_1_26' title='bbox 1207 629 1297 684; x_wconf 85' lang='grc' dir='ltr'><strong>καὶ</strong></span> <span class='ocrx_word' id='word_1_27' title='bbox 1354 629 1690 706; x_wconf 83' lang='grc' dir='ltr'>ψηφίζοντος</span> <span class='ocrx_word' id='word_1_28' title='bbox 1748 633 1921 704; x_wconf 87' lang='grc' dir='ltr'>πράτ-</span> 
     </span>
    </p>
   </div>
   <div class='ocr_carea' id='block_1_7' title="bbox 298 713 1921 796">
    <p class='ocr_par' dir='ltr' id='par_1_7' title="bbox 298 713 1921 796">
     <span class='ocr_line' id='line_1_7' title="bbox 298 713 1921 796; baseline 0.001 -24"><span class='ocrx_word' id='word_1_29' title='bbox 298 738 411 784; x_wconf 82' lang='grc' dir='ltr'>τεις,</span> <span class='ocrx_word' id='word_1_30' title='bbox 441 716 502 771; x_wconf 84' lang='grc' dir='ltr'>οὐ</span> <span class='ocrx_word' id='word_1_31' title='bbox 537 713 749 789; x_wconf 70' lang='grc' dir='ltr'>μᾶλλόν</span> <span class='ocrx_word' id='word_1_32' title='bbox 781 737 844 791; x_wconf 91' lang='grc' dir='ltr'><strong>γε</strong></span> <span class='ocrx_word' id='word_1_33' title='bbox 873 717 907 786; x_wconf 74' lang='grc' dir='ltr'><strong>ἢ</strong></span> <span class='ocrx_word' id='word_1_34' title='bbox 940 718 1038 778; x_wconf 83' lang='grc' dir='ltr'><strong>τὰς</strong></span> <span class='ocrx_word' id='word_1_35' title='bbox 1074 722 1221 792; x_wconf 84' lang='grc' dir='ltr'><strong>τρεῖς</strong></span> <span class='ocrx_word' id='word_1_36' title='bbox 1269 721 1366 772; x_wconf 74' lang='grc' dir='ltr'><strong>τοῦ</strong></span> <span class='ocrx_word' id='word_1_37' title='bbox 1395 719 1666 794; x_wconf 82' lang='grc' dir='ltr'><strong>τριγώνου</strong></span> <span class='ocrx_word' id='word_1_38' title='bbox 1717 719 1921 796; x_wconf 81' lang='grc' dir='ltr'><strong>γωνίας</strong></span> 
     </span>
    </p>
   </div>
   <div class='ocr_carea' id='block_1_8' title="bbox 301 803 1922 880">
    <p class='ocr_par' dir='ltr' id='par_1_8' title="bbox 301 803 1922 880">
     <span class='ocr_line' id='line_1_8' title="bbox 301 803 1922 880; baseline 0.002 -22"><span class='ocrx_word' id='word_1_39' title='bbox 301 809 366 878; x_wconf 82' lang='grc' dir='ltr'><strong>μή</strong></span> <span class='ocrx_word' id='word_1_40' title='bbox 397 803 537 859; x_wconf 85' lang='grc' dir='ltr'>δυοῖν</span> <span class='ocrx_word' id='word_1_41' title='bbox 571 805 755 878; x_wconf 76' lang='grc' dir='ltr'>ὀρθαῖν</span> <span class='ocrx_word' id='word_1_42' title='bbox 800 803 924 868; x_wconf 71' lang='grc' dir='ltr'>’ίσας</span> <span class='ocrx_word' id='word_1_43' title='bbox 956 806 1113 863; x_wconf 84' lang='grc' dir='ltr'>εἶναι.</span> <span class='ocrx_word' id='word_1_44' title='bbox 1147 807 1306 862; x_wconf 82' lang='grc' dir='ltr'><strong>Ταῦτ’</strong></span> <span class='ocrx_word' id='word_1_45' title='bbox 1355 805 1460 880; x_wconf 80' lang='grc' dir='ltr'>ἄρα</span> <span class='ocrx_word' id='word_1_46' title='bbox 1490 808 1578 860; x_wconf 83' lang='grc' dir='ltr'><strong>καὶ</strong></span> <span class='ocrx_word' id='word_1_47' title='bbox 1635 809 1788 880; x_wconf 85' lang='grc' dir='ltr'>μόνῳ</span> <span class='ocrx_word' id='word_1_48' title='bbox 1837 828 1922 863; x_wconf 88' lang='grc' dir='ltr'><strong>σοι</strong></span> 
     </span>
    </p>
   </div>
   <div class='ocr_carea' id='block_1_9' title="bbox 294 894 1921 969">
    <p class='ocr_par' dir='ltr' id='par_1_9' title="bbox 294 894 1921 969">
     <span class='ocr_line' id='line_1_9' title="bbox 294 894 1921 969; baseline 0.002 -20"><span class='ocrx_word' id='word_1_49' title='bbox 294 900 391 949; x_wconf 85' lang='grc' dir='ltr'>τῶν</span> <span class='ocrx_word' id='word_1_50' title='bbox 435 894 641 948; x_wconf 89' lang='grc' dir='ltr'>πάντων</span> <span class='ocrx_word' id='word_1_51' title='bbox 691 896 841 948; x_wconf 78' lang='grc' dir='ltr'>τοῦθ’</span> <span class='ocrx_word' id='word_1_52' title='bbox 881 895 1064 968; x_wconf 85' lang='grc' dir='ltr'>ὥσπερ</span> <span class='ocrx_word' id='word_1_53' title='bbox 1115 895 1404 969; x_wconf 76' lang='grc' dir='ltr'>ἐπίσημον,</span> <span class='ocrx_word' id='word_1_54' title='bbox 1457 894 1570 950; x_wconf 76' lang='grc' dir='ltr'>οὔθ’</span> <span class='ocrx_word' id='word_1_55' title='bbox 1616 899 1776 969; x_wconf 81' lang='grc' dir='ltr'>ἡμῶν</span> <span class='ocrx_word' id='word_1_56' title='bbox 1823 898 1921 952; x_wconf 84' lang='grc' dir='ltr'>αὐ-</span> 
     </span>
    </p>
   </div>
   <div class='ocr_carea' id='block_1_10' title="bbox 295 980 1922 1058">
    <p class='ocr_par' dir='ltr' id='par_1_10' title="bbox 295 980 1922 1058">
     <span class='ocr_line' id='line_1_10' title="bbox 295 980 1922 1058; baseline 0.001 -19"><span class='ocrx_word' id='word_1_57' title='bbox 295 989 411 1055; x_wconf 82' lang='grc' dir='ltr'>τῶν,</span> <span class='ocrx_word' id='word_1_58' title='bbox 449 981 534 1037; x_wconf 70' lang='grc' dir='ltr'><strong>ἐὰν</strong></span> <span class='ocrx_word' id='word_1_59' title='bbox 586 984 661 1054; x_wconf 81' lang='grc' dir='ltr'>μή</span> <span class='ocrx_word' id='word_1_60' title='bbox 713 980 922 1044; x_wconf 79' lang='grc' dir='ltr'>δεινούς</span> <span class='ocrx_word' id='word_1_61' title='bbox 971 1004 1118 1045; x_wconf 89' lang='grc' dir='ltr'>τινας</span> <span class='ocrx_word' id='word_1_62' title='bbox 1169 982 1326 1045; x_wconf 78' lang='grc' dir='ltr'>ὄντας</span> <span class='ocrx_word' id='word_1_63' title='bbox 1379 980 1531 1058; x_wconf 77' lang='grc' dir='ltr'>ᾔδεις</span> <span class='ocrx_word' id='word_1_64' title='bbox 1581 987 1648 1040; x_wconf 77' lang='grc' dir='ltr'><strong>τά</strong></span> <span class='ocrx_word' id='word_1_65' title='bbox 1696 985 1781 1056; x_wconf 74' lang='grc' dir='ltr'><strong>σὰ,</strong></span> <span class='ocrx_word' id='word_1_66' title='bbox 1831 985 1922 1040; x_wconf 88' lang='grc' dir='ltr'><strong>καὶ</strong></span> 
     </span>
    </p>
   </div>
   <div class='ocr_carea' id='block_1_11' title="bbox 287 1071 1924 1148">
    <p class='ocr_par' dir='ltr' id='par_1_11' title="bbox 287 1071 1924 1148">
     <span class='ocr_line' id='line_1_11' title="bbox 287 1071 1924 1148; baseline 0.002 -20"><span class='ocrx_word' id='word_1_67' title='bbox 287 1080 379 1140; x_wconf 84' lang='grc' dir='ltr'>τῆς</span> <span class='ocrx_word' id='word_1_68' title='bbox 429 1075 526 1136; x_wconf 78' lang='grc' dir='ltr'>σῆς</span> <span class='ocrx_word' id='word_1_69' title='bbox 583 1071 793 1133; x_wconf 80' lang='grc' dir='ltr'>εὐνοίας</span> <span class='ocrx_word' id='word_1_70' title='bbox 839 1075 968 1147; x_wconf 78' lang='grc' dir='ltr'>παρ’</span> <span class='ocrx_word' id='word_1_71' title='bbox 1034 1073 1382 1128; x_wconf 74' lang='grc' dir='ltr'>οὑστινασοῦν</span> <span class='ocrx_word' id='word_1_72' title='bbox 1441 1073 1766 1148; x_wconf 80' lang='grc' dir='ltr'>ἐχομένους,</span> <span class='ocrx_word' id='word_1_73' title='bbox 1826 1074 1924 1131; x_wconf 78' lang='grc' dir='ltr'>οὐκ</span> 
     </span>
    </p>
   </div>
   <div class='ocr_carea' id='block_1_12' title="bbox 286 1159 1923 1242">
    <p class='ocr_par' dir='ltr' id='par_1_12' title="bbox 286 1159 1923 1242">
     <span class='ocr_line' id='line_1_12' title="bbox 286 1159 1923 1242; baseline 0.002 -25"><span class='ocrx_word' id='word_1_74' title='bbox 286 1163 342 1218; x_wconf 77' lang='grc' dir='ltr'>ἂν</span> <span class='ocrx_word' id='word_1_75' title='bbox 373 1161 694 1238; x_wconf 74' lang='grc' dir='ltr'>ἐφρόντιζες.</span> <span class='ocrx_word' id='word_1_76' title='bbox 726 1166 836 1217; x_wconf 80' lang='grc' dir='ltr'>Νῦν</span> <span class='ocrx_word' id='word_1_77' title='bbox 890 1159 946 1216; x_wconf 78' lang='grc' dir='ltr'>δὲ</span> <span class='ocrx_word' id='word_1_78' title='bbox 980 1162 1086 1217; x_wconf 80' lang='grc' dir='ltr'>οὐκ</span> <span class='ocrx_word' id='word_1_79' title='bbox 1129 1160 1275 1220; x_wconf 84' lang='grc' dir='ltr'>ἔστιν</span> <span class='ocrx_word' id='word_1_80' title='bbox 1307 1163 1385 1218; x_wconf 80' lang='grc' dir='ltr'><strong>ὅθ’</strong></span> <span class='ocrx_word' id='word_1_81' title='bbox 1431 1165 1594 1236; x_wconf 78' lang='grc' dir='ltr'>ἡμῶν</span> <span class='ocrx_word' id='word_1_82' title='bbox 1643 1168 1703 1220; x_wconf 79' lang='grc' dir='ltr'>οὐ</span> <span class='ocrx_word' id='word_1_83' title='bbox 1755 1165 1923 1242; x_wconf 91' lang='grc' dir='ltr'>λόγον</span> 
     </span>
    </p>
   </div>
   <div class='ocr_carea' id='block_1_13' title="bbox 288 1249 1922 1330">
    <p class='ocr_par' dir='ltr' id='par_1_13' title="bbox 288 1249 1922 1330">
     <span class='ocr_line' id='line_1_13' title="bbox 288 1249 1922 1330; baseline 0.002 -23"><span class='ocrx_word' id='word_1_84' title='bbox 288 1256 434 1325; x_wconf 80' lang='grc' dir='ltr'>ποιῇ,</span> <span class='ocrx_word' id='word_1_85' title='bbox 483 1249 656 1305; x_wconf 84' lang='grc' dir='ltr'>πάλαι</span> <span class='ocrx_word' id='word_1_86' title='bbox 707 1252 800 1324; x_wconf 73' lang='grc' dir='ltr'>μὲν</span> <span class='ocrx_word' id='word_1_87' title='bbox 854 1250 906 1306; x_wconf 86' lang='grc' dir='ltr'><strong>ἐν</strong></span> <span class='ocrx_word' id='word_1_88' title='bbox 953 1250 1193 1315; x_wconf 84' lang='grc' dir='ltr'>πολλοῖς</span> <span class='ocrx_word' id='word_1_89' title='bbox 1243 1252 1516 1315; x_wconf 78' lang='grc' dir='ltr'>πολλάκις</span> <span class='ocrx_word' id='word_1_90' title='bbox 1567 1254 1636 1309; x_wconf 78' lang='grc' dir='ltr'><strong>τὰ</strong></span> <span class='ocrx_word' id='word_1_91' title='bbox 1693 1253 1922 1330; x_wconf 75' lang='grc' dir='ltr'>μέγιστα</span> 
     </span>
    </p>
   </div>
   <div class='ocr_carea' id='block_1_14' title="bbox 284 1340 1920 1416">
    <p class='ocr_par' dir='ltr' id='par_1_14' title="bbox 284 1340 1920 1416">
     <span class='ocr_line' id='line_1_14' title="bbox 284 1340 1920 1416; baseline 0.001 -22"><span class='ocrx_word' id='word_1_92' title='bbox 284 1340 650 1413; x_wconf 83' lang='grc' dir='ltr'>ξυναράμενος,</span> <span class='ocrx_word' id='word_1_93' title='bbox 701 1340 791 1394; x_wconf 88' lang='grc' dir='ltr'><strong>καὶ</strong></span> <span class='ocrx_word' id='word_1_94' title='bbox 843 1341 1077 1416; x_wconf 85' lang='grc' dir='ltr'>γεγονὼς</span> <span class='ocrx_word' id='word_1_95' title='bbox 1126 1341 1178 1396; x_wconf 87' lang='grc' dir='ltr'><strong>ἐν</strong></span> <span class='ocrx_word' id='word_1_96' title='bbox 1236 1345 1434 1416; x_wconf 82' lang='grc' dir='ltr'>καιρῷ,</span> <span class='ocrx_word' id='word_1_97' title='bbox 1487 1346 1578 1395; x_wconf 85' lang='grc' dir='ltr'>νῦν</span> <span class='ocrx_word' id='word_1_98' title='bbox 1639 1340 1685 1396; x_wconf 90' lang='grc' dir='ltr'>δ’</span> <span class='ocrx_word' id='word_1_99' title='bbox 1743 1342 1794 1414; x_wconf 84' lang='grc' dir='ltr'><strong>ἐξ</strong></span> <span class='ocrx_word' id='word_1_100' title='bbox 1843 1345 1920 1397; x_wconf 81' lang='grc' dir='ltr'>ὧν</span> 
     </span>
    </p>
   </div>
   <div class='ocr_carea' id='block_1_15' title="bbox 286 1428 1919 1503">
    <p class='ocr_par' dir='ltr' id='par_1_15' title="bbox 286 1428 1919 1503">
     <span class='ocr_line' id='line_1_15' title="bbox 286 1428 1919 1503; baseline 0.002 -19"><span class='ocrx_word' id='word_1_101' title='bbox 286 1430 445 1492; x_wconf 79' lang='grc' dir='ltr'>οὕτως</span> <span class='ocrx_word' id='word_1_102' title='bbox 477 1428 532 1484; x_wconf 76' lang='grc' dir='ltr'>εὖ</span> <span class='ocrx_word' id='word_1_103' title='bbox 587 1429 736 1503; x_wconf 76' lang='grc' dir='ltr'>μάλα</span> <span class='ocrx_word' id='word_1_104' title='bbox 781 1431 868 1486; x_wconf 87' lang='grc' dir='ltr'><strong>καὶ</strong></span> <span class='ocrx_word' id='word_1_105' title='bbox 929 1431 1062 1502; x_wconf 85' lang='grc' dir='ltr'>μετὰ</span> <span class='ocrx_word' id='word_1_106' title='bbox 1093 1428 1380 1492; x_wconf 79' lang='grc' dir='ltr'>διαθέσεως</span> <span class='ocrx_word' id='word_1_107' title='bbox 1430 1431 1791 1495; x_wconf 80' lang='grc' dir='ltr'>ἐπιστέλλεις.</span> <span class='ocrx_word' id='word_1_108' title='bbox 1831 1437 1919 1496; x_wconf 88' lang='grc' dir='ltr'>Ὦς</span> 
     </span>
    </p>
   </div>
   <div class='ocr_carea' id='block_1_16' title="bbox 288 1517 1918 1596">
    <p class='ocr_par' dir='ltr' id='par_1_16' title="bbox 288 1517 1918 1596">
     <span class='ocr_line' id='line_1_16' title="bbox 288 1517 1918 1596; baseline 0.003 -23"><span class='ocrx_word' id='word_1_109' title='bbox 288 1519 369 1573; x_wconf 84' lang='grc' dir='ltr'><strong>καί</strong></span> <span class='ocrx_word' id='word_1_110' title='bbox 408 1539 557 1580; x_wconf 87' lang='grc' dir='ltr'>τινος</span> <span class='ocrx_word' id='word_1_111' title='bbox 609 1519 712 1574; x_wconf 86' lang='grc' dir='ltr'>οὐκ</span> <span class='ocrx_word' id='word_1_112' title='bbox 759 1518 1024 1594; x_wconf 82' lang='grc' dir='ltr'>ἀχάριτος</span> <span class='ocrx_word' id='word_1_113' title='bbox 1068 1517 1359 1588; x_wconf 81' lang='grc' dir='ltr'>ξυναυλίας</span> <span class='ocrx_word' id='word_1_114' title='bbox 1407 1520 1656 1576; x_wconf 82' lang='grc' dir='ltr'>ἐνταυθοῖ</span> <span class='ocrx_word' id='word_1_115' title='bbox 1702 1542 1918 1596; x_wconf 86' lang='grc' dir='ltr'>μνημο-</span> 
     </span>
    </p>
   </div>
   <div class='ocr_carea' id='block_1_17' title="bbox 283 1606 1918 1682">
    <p class='ocr_par' dir='ltr' id='par_1_17' title="bbox 283 1606 1918 1682">
     <span class='ocr_line' id='line_1_17' title="bbox 283 1606 1918 1682; baseline 0.002 -22"><span class='ocrx_word' id='word_1_116' title='bbox 283 1607 460 1678; x_wconf 72' lang='grc' dir='ltr'>νεῦιιν,</span> <span class='ocrx_word' id='word_1_117' title='bbox 503 1606 596 1662; x_wconf 80' lang='grc' dir='ltr'><strong>καὶ</strong></span> <span class='ocrx_word' id='word_1_118' title='bbox 642 1608 740 1668; x_wconf 77' lang='grc' dir='ltr'><strong>τὰς</strong></span> <span class='ocrx_word' id='word_1_119' title='bbox 792 1606 1003 1681; x_wconf 80' lang='grc' dir='ltr'>ἡμέρας</span> <span class='ocrx_word' id='word_1_120' title='bbox 1049 1606 1254 1669; x_wconf 87' lang='grc' dir='ltr'>ἐκείνας</span> <span class='ocrx_word' id='word_1_121' title='bbox 1305 1608 1664 1682; x_wconf 74' lang='grc' dir='ltr'>ἑορτασίμους</span> <span class='ocrx_word' id='word_1_122' title='bbox 1709 1609 1918 1682; x_wconf 81' lang='grc' dir='ltr'>καλεῖν,</span> 
     </span>
    </p>
   </div>
   <div class='ocr_carea' id='block_1_18' title="bbox 284 1693 1920 1770">
    <p class='ocr_par' dir='ltr' id='par_1_18' title="bbox 284 1693 1920 1770">
     <span class='ocr_line' id='line_1_18' title="bbox 284 1693 1920 1770; baseline 0.002 -20"><span class='ocrx_word' id='word_1_123' title='bbox 284 1693 453 1758; x_wconf 74' lang='grc' dir='ltr'>διδοὺς</span> <span class='ocrx_word' id='word_1_124' title='bbox 483 1697 559 1757; x_wconf 87' lang='grc' dir='ltr'><strong>ὡς</strong></span> <span class='ocrx_word' id='word_1_125' title='bbox 595 1695 834 1769; x_wconf 88' lang='grc' dir='ltr'>μάλιστα</span> <span class='ocrx_word' id='word_1_126' title='bbox 885 1695 1304 1770; x_wconf 80' lang='grc' dir='ltr'>συλλογίζεσθαι</span> <span class='ocrx_word' id='word_1_127' title='bbox 1336 1697 1410 1760; x_wconf 86' lang='grc' dir='ltr'><strong>ὡς</strong></span> <span class='ocrx_word' id='word_1_128' title='bbox 1441 1697 1522 1754; x_wconf 82' lang='grc' dir='ltr'><strong>ὅτι</strong></span> <span class='ocrx_word' id='word_1_129' title='bbox 1579 1701 1656 1770; x_wconf 84' lang='grc' dir='ltr'>μή</span> <span class='ocrx_word' id='word_1_130' title='bbox 1688 1700 1775 1754; x_wconf 87' lang='grc' dir='ltr'><strong>καὶ</strong></span> <span class='ocrx_word' id='word_1_131' title='bbox 1828 1705 1920 1754; x_wconf 79' lang='grc' dir='ltr'><strong>νῦν</strong></span> 
     </span>
    </p>
   </div>
   <div class='ocr_carea' id='block_1_19' title="bbox 281 1781 1921 1863">
    <p class='ocr_par' dir='ltr' id='par_1_19' title="bbox 281 1781 1921 1863">
     <span class='ocr_line' id='line_1_19' title="bbox 281 1781 1921 1863; baseline 0.001 -21"><span class='ocrx_word' id='word_1_132' title='bbox 281 1788 405 1862; x_wconf 75' lang='grc' dir='ltr'>ὑπὲρ</span> <span class='ocrx_word' id='word_1_133' title='bbox 462 1790 626 1858; x_wconf 80' lang='grc' dir='ltr'>ἡμῶν</span> <span class='ocrx_word' id='word_1_134' title='bbox 688 1787 838 1842; x_wconf 77' lang='grc' dir='ltr'>ταῦτ’</span> <span class='ocrx_word' id='word_1_135' title='bbox 899 1781 1011 1842; x_wconf 81' lang='grc' dir='ltr'>ἔστι</span> <span class='ocrx_word' id='word_1_136' title='bbox 1069 1807 1154 1841; x_wconf 92' lang='grc' dir='ltr'><strong>σοι</strong></span> <span class='ocrx_word' id='word_1_137' title='bbox 1231 1788 1508 1859; x_wconf 83' lang='grc' dir='ltr'>πράττειν,</span> <span class='ocrx_word' id='word_1_138' title='bbox 1567 1788 1630 1842; x_wconf 83' lang='grc' dir='ltr'>οὐ</span> <span class='ocrx_word' id='word_1_139' title='bbox 1711 1794 1921 1863; x_wconf 82' lang='grc' dir='ltr'>μικρῶς</span> 
     </span>
    </p>
   </div>
   <div class='ocr_carea' id='block_1_20' title="bbox 282 1873 1912 1951">
    <p class='ocr_par' dir='ltr' id='par_1_20' title="bbox 282 1873 1912 1951">
     <span class='ocr_line' id='line_1_20' title="bbox 282 1873 1912 1951; baseline 0.002 -21"><span class='ocrx_word' id='word_1_140' title='bbox 282 1874 660 1950; x_wconf 86' lang='grc' dir='ltr'>δυσχεραίνεις.</span> <span class='ocrx_word' id='word_1_141' title='bbox 701 1877 766 1932; x_wconf 83' lang='grc' dir='ltr'>Ὀ</span> <span class='ocrx_word' id='word_1_142' title='bbox 811 1875 900 1931; x_wconf 87' lang='grc' dir='ltr'><strong>καὶ</strong></span> <span class='ocrx_word' id='word_1_143' title='bbox 947 1877 1044 1931; x_wconf 72' lang='grc' dir='ltr'>τοῦ</span> <span class='ocrx_word' id='word_1_144' title='bbox 1086 1877 1379 1951; x_wconf 78' lang='grc' dir='ltr'>τυγχάνειν</span> <span class='ocrx_word' id='word_1_145' title='bbox 1429 1873 1582 1932; x_wconf 77' lang='grc' dir='ltr'>οὐδὲν</span> <span class='ocrx_word' id='word_1_146' title='bbox 1630 1879 1796 1944; x_wconf 74' lang='grc' dir='ltr'>ἦττον</span> <span class='ocrx_word' id='word_1_147' title='bbox 1844 1881 1912 1950; x_wconf 79' lang='grc' dir='ltr'><strong>ή-</strong></span> 
     </span>
    </p>
   </div>
   <div class='ocr_carea' id='block_1_21' title="bbox 281 1971 388 2040">
    <p class='ocr_par' dir='ltr' id='par_1_21' title="bbox 281 1971 388 2040">
     <span class='ocr_line' id='line_1_21' title="bbox 281 1971 388 2040; baseline 0.047 -21"><span class='ocrx_word' id='word_1_148' title='bbox 281 1971 364 2040; x_wconf 86' lang='grc' dir='ltr'><strong>μῖν</strong></span> <span class='ocrx_word' id='word_1_149' title='bbox 374 2007 388 2024; x_wconf 80' lang='grc' dir='ltr'><strong>ο</strong></span> 
     </span>
    </p>
   </div>
   <div class='ocr_carea' id='block_1_22' title="bbox 2036 632 3676 704">
    <p class='ocr_par' dir='ltr' id='par_1_22' title="bbox 2036 632 3676 704">
     <span class='ocr_line' id='line_1_22' title="bbox 2036 632 3676 704; baseline 0.002 -19"><span class='ocrx_word' id='word_1_150' title='bbox 2036 638 2349 703; x_wconf 88' lang='lat' dir='ltr'><strong>utrumque</strong></span> <span class='ocrx_word' id='word_1_151' title='bbox 2379 646 2448 686; x_wconf 82' lang='lat' dir='ltr'><strong>ex</strong></span> <span class='ocrx_word' id='word_1_152' title='bbox 2480 638 2726 702; x_wconf 90' lang='lat' dir='ltr'><strong>utroque</strong></span> <span class='ocrx_word' id='word_1_153' title='bbox 2755 633 3068 701; x_wconf 83' lang='lat' dir='ltr'><strong>astruitur;</strong></span> <span class='ocrx_word' id='word_1_154' title='bbox 3117 649 3304 704; x_wconf 88' lang='lat' dir='ltr'><strong>neque</strong></span> <span class='ocrx_word' id='word_1_155' title='bbox 3359 632 3516 690; x_wconf 88' lang='lat' dir='ltr'><strong>enim</strong></span> <span class='ocrx_word' id='word_1_156' title='bbox 3565 639 3676 701; x_wconf 86' lang='lat' dir='ltr'><strong>est,</strong></span> 
     </span>
    </p>
   </div>
   <div class='ocr_carea' id='block_1_23' title="bbox 2033 719 3677 794">
    <p class='ocr_par' dir='ltr' id='par_1_23' title="bbox 2033 719 3677 794">
     <span class='ocr_line' id='line_1_23' title="bbox 2033 719 3677 794; baseline 0.002 -19"><span class='ocrx_word' id='word_1_157' title='bbox 2033 738 2146 776; x_wconf 92' lang='lat' dir='ltr'><strong>non</strong></span> <span class='ocrx_word' id='word_1_158' title='bbox 2179 729 2286 788; x_wconf 90' lang='lat' dir='ltr'><strong>est,</strong></span> <span class='ocrx_word' id='word_1_159' title='bbox 2319 737 2450 775; x_wconf 87' lang='lat' dir='ltr'><strong>vero</strong></span> <span class='ocrx_word' id='word_1_160' title='bbox 2501 719 2782 791; x_wconf 87' lang='lat' dir='ltr'><strong>quidquid</strong></span> <span class='ocrx_word' id='word_1_161' title='bbox 2818 737 3010 776; x_wconf 89' lang='lat' dir='ltr'><strong>rerum</strong></span> <span class='ocrx_word' id='word_1_162' title='bbox 3043 722 3328 789; x_wconf 91' lang='lat' dir='ltr'><strong>omnium,</strong></span> <span class='ocrx_word' id='word_1_163' title='bbox 3361 725 3512 794; x_wconf 90' lang='lat' dir='ltr'><strong>quod</strong></span> <span class='ocrx_word' id='word_1_164' title='bbox 3558 740 3677 778; x_wconf 90' lang='lat' dir='ltr'><strong>non</strong></span> 
     </span>
    </p>
   </div>
   <div class='ocr_carea' id='block_1_24' title="bbox 2033 807 3677 883">
    <p class='ocr_par' dir='ltr' id='par_1_24' title="bbox 2033 807 3677 883">
     <span class='ocr_line' id='line_1_24' title="bbox 2033 807 3677 883; baseline 0.002 -18"><span class='ocrx_word' id='word_1_165' title='bbox 2033 811 2291 882; x_wconf 88' lang='lat' dir='ltr'><strong>legitimo</strong></span> <span class='ocrx_word' id='word_1_166' title='bbox 2325 810 2495 865; x_wconf 91' lang='lat' dir='ltr'><strong>modo</strong></span> <span class='ocrx_word' id='word_1_167' title='bbox 2529 807 3277 881; x_wconf 75' lang='lat' dir='ltr'><strong>calculisquesubductistu</strong></span> <span class='ocrx_word' id='word_1_168' title='bbox 3310 827 3470 883; x_wconf 87' lang='lat' dir='ltr'><strong>agas,</strong></span> <span class='ocrx_word' id='word_1_169' title='bbox 3490 812 3677 868; x_wconf 90' lang='lat' dir='ltr'><strong>nihilo</strong></span> 
     </span>
    </p>
   </div>
   <div class='ocr_carea' id='block_1_25' title="bbox 2031 899 3676 973">
    <p class='ocr_par' dir='ltr' id='par_1_25' title="bbox 2031 899 3676 973">
     <span class='ocr_line' id='line_1_25' title="bbox 2031 899 3676 973; baseline 0.001 -18"><span class='ocrx_word' id='word_1_170' title='bbox 2031 916 2173 955; x_wconf 89' lang='lat' dir='ltr'><strong>sane</strong></span> <span class='ocrx_word' id='word_1_171' title='bbox 2207 899 2334 970; x_wconf 88' lang='lat' dir='ltr'><strong>plus</strong></span> <span class='ocrx_word' id='word_1_172' title='bbox 2365 915 2542 970; x_wconf 90' lang='lat' dir='ltr'><strong>quam</strong></span> <span class='ocrx_word' id='word_1_173' title='bbox 2585 903 2646 953; x_wconf 90' lang='lat' dir='ltr'><strong>ut</strong></span> <span class='ocrx_word' id='word_1_174' title='bbox 2678 906 2792 954; x_wconf 90' lang='lat' dir='ltr'><strong>tres</strong></span> <span class='ocrx_word' id='word_1_175' title='bbox 2851 900 2907 954; x_wconf 92' lang='lat' dir='ltr'><strong>in</strong></span> <span class='ocrx_word' id='word_1_176' title='bbox 2953 900 3248 971; x_wconf 89' lang='lat' dir='ltr'><strong>triangulo</strong></span> <span class='ocrx_word' id='word_1_177' title='bbox 3298 901 3521 973; x_wconf 79' lang='lat' dir='ltr'><strong>anguli,</strong></span> <span class='ocrx_word' id='word_1_178' title='bbox 3558 918 3676 957; x_wconf 91' lang='lat' dir='ltr'><strong>non</strong></span> 
     </span>
    </p>
   </div>
   <div class='ocr_carea' id='block_1_26' title="bbox 2031 987 3679 1058">
    <p class='ocr_par' dir='ltr' id='par_1_26' title="bbox 2031 987 3679 1058">
     <span class='ocr_line' id='line_1_26' title="bbox 2031 987 3679 1058; baseline 0 -14"><span class='ocrx_word' id='word_1_179' title='bbox 2031 989 2257 1044; x_wconf 88' lang='lat' dir='ltr'><strong>duobus</strong></span> <span class='ocrx_word' id='word_1_180' title='bbox 2297 988 2467 1043; x_wconf 82' lang='lat' dir='ltr'><strong>rectis</strong></span> <span class='ocrx_word' id='word_1_181' title='bbox 2493 987 2611 1041; x_wconf 90' lang='lat' dir='ltr'><strong>sint</strong></span> <span class='ocrx_word' id='word_1_182' title='bbox 2639 988 2910 1058; x_wconf 64' lang='lat' dir='ltr'><strong>aequales.</strong></span> <span class='ocrx_word' id='word_1_183' title='bbox 2943 989 3332 1052; x_wconf 80' lang='lat' dir='ltr'><strong>Quamobrem</strong></span> <span class='ocrx_word' id='word_1_184' title='bbox 3364 994 3420 1044; x_wconf 90' lang='lat' dir='ltr'><strong>et</strong></span> <span class='ocrx_word' id='word_1_185' title='bbox 3469 990 3578 1046; x_wconf 90' lang='lat' dir='ltr'><strong>soli</strong></span> <span class='ocrx_word' id='word_1_186' title='bbox 3608 1006 3679 1045; x_wconf 79' lang='lat' dir='ltr'><strong>ex</strong></span> 
     </span>
    </p>
   </div>
   <div class='ocr_carea' id='block_1_27' title="bbox 2031 1076 3676 1146">
    <p class='ocr_par' dir='ltr' id='par_1_27' title="bbox 2031 1076 3676 1146">
     <span class='ocr_line' id='line_1_27' title="bbox 2031 1076 3676 1146; baseline 0 -14"><span class='ocrx_word' id='word_1_187' title='bbox 2031 1077 2299 1133; x_wconf 88' lang='lat' dir='ltr'><strong>omnibus</strong></span> <span class='ocrx_word' id='word_1_188' title='bbox 2326 1076 2432 1132; x_wconf 84' lang='lat' dir='ltr'><strong>tibi</strong></span> <span class='ocrx_word' id='word_1_189' title='bbox 2465 1076 2587 1131; x_wconf 68' lang='lat' dir='ltr'><strong>haec</strong></span> <span class='ocrx_word' id='word_1_190' title='bbox 2617 1077 2773 1131; x_wconf 86' lang='lat' dir='ltr'><strong>velut</strong></span> <span class='ocrx_word' id='word_1_191' title='bbox 2804 1077 3037 1146; x_wconf 89' lang='lat' dir='ltr'><strong>propria</strong></span> <span class='ocrx_word' id='word_1_192' title='bbox 3064 1083 3200 1133; x_wconf 86' lang='lat' dir='ltr'><strong>nota</strong></span> <span class='ocrx_word' id='word_1_193' title='bbox 3256 1083 3359 1144; x_wconf 84' lang='lat' dir='ltr'><strong>est,</strong></span> <span class='ocrx_word' id='word_1_194' title='bbox 3395 1083 3451 1133; x_wconf 88' lang='lat' dir='ltr'><strong>et</strong></span> <span class='ocrx_word' id='word_1_195' title='bbox 3492 1079 3676 1134; x_wconf 78' lang='lat' dir='ltr'><strong>nostri</strong></span> 
     </span>
    </p>
   </div>
   <div class='ocr_carea' id='block_1_28' title="bbox 2031 1163 3677 1239">
    <p class='ocr_par' dir='ltr' id='par_1_28' title="bbox 2031 1163 3677 1239">
     <span class='ocr_line' id='line_1_28' title="bbox 2031 1163 3677 1239; baseline 0.002 -19"><span class='ocrx_word' id='word_1_196' title='bbox 2031 1168 2312 1238; x_wconf 90' lang='lat' dir='ltr'><strong>ipsorum,</strong></span> <span class='ocrx_word' id='word_1_197' title='bbox 2357 1165 2468 1220; x_wconf 85' lang='lat' dir='ltr'><strong>nisi</strong></span> <span class='ocrx_word' id='word_1_198' title='bbox 2529 1163 2810 1220; x_wconf 79' lang='lat' dir='ltr'><strong>acerimos</strong></span> <span class='ocrx_word' id='word_1_199' title='bbox 2861 1164 3114 1220; x_wconf 83' lang='lat' dir='ltr'><strong>cultores</strong></span> <span class='ocrx_word' id='word_1_200' title='bbox 3160 1173 3314 1231; x_wconf 87' lang='lat' dir='ltr'><strong>tuos,</strong></span> <span class='ocrx_word' id='word_1_201' title='bbox 3367 1175 3422 1222; x_wconf 89' lang='lat' dir='ltr'><strong>et</strong></span> <span class='ocrx_word' id='word_1_202' title='bbox 3469 1173 3677 1239; x_wconf 67' lang='lat' dir='ltr'><strong>prater</strong></span> 
     </span>
    </p>
   </div>
   <div class='ocr_carea' id='block_1_29' title="bbox 2030 1253 3678 1327">
    <p class='ocr_par' dir='ltr' id='par_1_29' title="bbox 2030 1253 3678 1327">
     <span class='ocr_line' id='line_1_29' title="bbox 2030 1253 3678 1327; baseline 0.001 -16"><span class='ocrx_word' id='word_1_203' title='bbox 2030 1265 2264 1312; x_wconf 58' lang='lat' dir='ltr'><strong>caeteros</strong></span> <span class='ocrx_word' id='word_1_204' title='bbox 2291 1271 2493 1310; x_wconf 90' lang='lat' dir='ltr'><strong>omnes</strong></span> <span class='ocrx_word' id='word_1_205' title='bbox 2542 1254 2738 1324; x_wconf 66' lang='lat' dir='ltr'><strong>gratia</strong></span> <span class='ocrx_word' id='word_1_206' title='bbox 2793 1259 2904 1308; x_wconf 60' lang='lat' dir='ltr'><strong>tua</strong></span> <span class='ocrx_word' id='word_1_207' title='bbox 2954 1253 3234 1325; x_wconf 89' lang='lat' dir='ltr'><strong>cupidoes</strong></span> <span class='ocrx_word' id='word_1_208' title='bbox 3267 1255 3678 1327; x_wconf 88' lang='lat' dir='ltr'><strong>studiososque</strong></span> 
     </span>
    </p>
   </div>
   <div class='ocr_carea' id='block_1_30' title="bbox 2027 1342 3676 1418">
    <p class='ocr_par' dir='ltr' id='par_1_30' title="bbox 2027 1342 3676 1418">
     <span class='ocr_line' id='line_1_30' title="bbox 2027 1342 3676 1418; baseline -0.001 -16"><span class='ocrx_word' id='word_1_209' title='bbox 2027 1362 2153 1402; x_wconf 88' lang='lat' dir='ltr'><strong>esse</strong></span> <span class='ocrx_word' id='word_1_210' title='bbox 2183 1344 2384 1410; x_wconf 87' lang='lat' dir='ltr'><strong>scires,</strong></span> <span class='ocrx_word' id='word_1_211' title='bbox 2419 1343 2572 1398; x_wconf 87' lang='lat' dir='ltr'><strong>haud</strong></span> <span class='ocrx_word' id='word_1_212' title='bbox 2607 1342 2786 1398; x_wconf 85' lang='lat' dir='ltr'><strong>ullam</strong></span> <span class='ocrx_word' id='word_1_213' title='bbox 2848 1343 3088 1398; x_wconf 86' lang='lat' dir='ltr'><strong>haberes</strong></span> <span class='ocrx_word' id='word_1_214' title='bbox 3147 1345 3448 1400; x_wconf 88' lang='lat' dir='ltr'><strong>rationem.</strong></span> <span class='ocrx_word' id='word_1_215' title='bbox 3499 1345 3676 1418; x_wconf 82' lang='lat' dir='ltr'><strong>Atqui</strong></span> 
     </span>
    </p>
   </div>
   <div class='ocr_carea' id='block_1_31' title="bbox 2029 1432 3678 1506">
    <p class='ocr_par' dir='ltr' id='par_1_31' title="bbox 2029 1432 3678 1506">
     <span class='ocr_line' id='line_1_31' title="bbox 2029 1432 3678 1506; baseline 0.001 -17"><span class='ocrx_word' id='word_1_216' title='bbox 2029 1435 2191 1490; x_wconf 90' lang='lat' dir='ltr'><strong>nullo</strong></span> <span class='ocrx_word' id='word_1_217' title='bbox 2223 1451 2335 1489; x_wconf 90' lang='lat' dir='ltr'><strong>non</strong></span> <span class='ocrx_word' id='word_1_218' title='bbox 2379 1443 2638 1504; x_wconf 85' lang='lat' dir='ltr'><strong>tempore</strong></span> <span class='ocrx_word' id='word_1_219' title='bbox 2671 1434 2852 1487; x_wconf 85' lang='lat' dir='ltr'><strong>nostri</strong></span> <span class='ocrx_word' id='word_1_220' title='bbox 2906 1433 3191 1488; x_wconf 88' lang='lat' dir='ltr'><strong>rationem</strong></span> <span class='ocrx_word' id='word_1_221' title='bbox 3224 1432 3432 1501; x_wconf 87' lang='lat' dir='ltr'><strong>habes;</strong></span> <span class='ocrx_word' id='word_1_222' title='bbox 3465 1434 3678 1506; x_wconf 86' lang='lat' dir='ltr'><strong>quippe</strong></span> 
     </span>
    </p>
   </div>
   <div class='ocr_carea' id='block_1_32' title="bbox 2028 1520 3677 1594">
    <p class='ocr_par' dir='ltr' id='par_1_32' title="bbox 2028 1520 3677 1594">
     <span class='ocr_line' id='line_1_32' title="bbox 2028 1520 3677 1594; baseline 0.001 -16"><span class='ocrx_word' id='word_1_223' title='bbox 2028 1523 2129 1594; x_wconf 89' lang='lat' dir='ltr'><strong>qui</strong></span> <span class='ocrx_word' id='word_1_224' title='bbox 2161 1527 2217 1577; x_wconf 86' lang='lat' dir='ltr'><strong>et</strong></span> <span class='ocrx_word' id='word_1_225' title='bbox 2246 1521 2381 1577; x_wconf 89' lang='lat' dir='ltr'><strong>olim</strong></span> <span class='ocrx_word' id='word_1_226' title='bbox 2431 1520 2882 1590; x_wconf 89' lang='lat' dir='ltr'><strong>quamplurimis</strong></span> <span class='ocrx_word' id='word_1_227' title='bbox 2935 1536 3342 1592; x_wconf 78' lang='lat' dir='ltr'><strong>saepenumero</strong></span> <span class='ocrx_word' id='word_1_228' title='bbox 3385 1521 3446 1578; x_wconf 91' lang='lat' dir='ltr'><strong>in</strong></span> <span class='ocrx_word' id='word_1_229' title='bbox 3504 1523 3677 1579; x_wconf 85' lang='lat' dir='ltr'><strong>rebus</strong></span> 
     </span>
    </p>
   </div>
   <div class='ocr_carea' id='block_1_33' title="bbox 2031 1609 3675 1682">
    <p class='ocr_par' dir='ltr' id='par_1_33' title="bbox 2031 1609 3675 1682">
     <span class='ocr_line' id='line_1_33' title="bbox 2031 1609 3675 1682; baseline 0.002 -16"><span class='ocrx_word' id='word_1_230' title='bbox 2031 1611 2348 1666; x_wconf 79' lang='lat' dir='ltr'><strong>maximum</strong></span> <span class='ocrx_word' id='word_1_231' title='bbox 2374 1609 2801 1665; x_wconf 87' lang='lat' dir='ltr'><strong>adminiculum</strong></span> <span class='ocrx_word' id='word_1_232' title='bbox 2852 1609 3126 1679; x_wconf 86' lang='lat' dir='ltr'><strong>attulisti,</strong></span> <span class='ocrx_word' id='word_1_233' title='bbox 3159 1615 3216 1665; x_wconf 87' lang='lat' dir='ltr'><strong>et</strong></span> <span class='ocrx_word' id='word_1_234' title='bbox 3245 1619 3675 1682; x_wconf 85' lang='lat' dir='ltr'><strong>peropportune</strong></span> 
     </span>
    </p>
   </div>
   <div class='ocr_carea' id='block_1_34' title="bbox 2027 1698 3676 1768">
    <p class='ocr_par' dir='ltr' id='par_1_34' title="bbox 2027 1698 3676 1768">
     <span class='ocr_line' id='line_1_34' title="bbox 2027 1698 3676 1768; baseline 0.001 -13"><span class='ocrx_word' id='word_1_235' title='bbox 2027 1699 2290 1756; x_wconf 79' lang='lat' dir='ltr'><strong>adfuisti.</strong></span> <span class='ocrx_word' id='word_1_236' title='bbox 2315 1698 2384 1754; x_wconf 90' lang='lat' dir='ltr'><strong>Et</strong></span> <span class='ocrx_word' id='word_1_237' title='bbox 2415 1714 2585 1766; x_wconf 90' lang='lat' dir='ltr'><strong>nunc,</strong></span> <span class='ocrx_word' id='word_1_238' title='bbox 2617 1699 2756 1753; x_wconf 91' lang='lat' dir='ltr'><strong>dum</strong></span> <span class='ocrx_word' id='word_1_239' title='bbox 2785 1699 2862 1752; x_wconf 87' lang='lat' dir='ltr'><strong>ita</strong></span> <span class='ocrx_word' id='word_1_240' title='bbox 2895 1699 3191 1768; x_wconf 81' lang='lat' dir='ltr'><strong>benevole,</strong></span> <span class='ocrx_word' id='word_1_241' title='bbox 3225 1707 3280 1754; x_wconf 92' lang='lat' dir='ltr'><strong>et</strong></span> <span class='ocrx_word' id='word_1_242' title='bbox 3309 1715 3440 1755; x_wconf 87' lang='lat' dir='ltr'><strong>cum</strong></span> <span class='ocrx_word' id='word_1_243' title='bbox 3481 1700 3676 1757; x_wconf 84' lang='lat' dir='ltr'><strong>nativa</strong></span> 
     </span>
    </p>
   </div>
   <div class='ocr_carea' id='block_1_35' title="bbox 2027 1787 3673 1856">
    <p class='ocr_par' dir='ltr' id='par_1_35' title="bbox 2027 1787 3673 1856">
     <span class='ocr_line' id='line_1_35' title="bbox 2027 1787 3673 1856; baseline 0 -10"><span class='ocrx_word' id='word_1_244' title='bbox 2027 1790 2211 1846; x_wconf 89' lang='lat' dir='ltr'><strong>animi</strong></span> <span class='ocrx_word' id='word_1_245' title='bbox 2267 1788 2569 1844; x_wconf 69' lang='lat' dir='ltr'><strong>affectione</strong></span> <span class='ocrx_word' id='word_1_246' title='bbox 2614 1787 2782 1843; x_wconf 90' lang='lat' dir='ltr'><strong>nobis</strong></span> <span class='ocrx_word' id='word_1_247' title='bbox 2833 1788 3070 1856; x_wconf 86' lang='lat' dir='ltr'><strong>scribis;</strong></span> <span class='ocrx_word' id='word_1_248' title='bbox 3133 1794 3197 1844; x_wconf 83' lang='lat' dir='ltr'><strong>ut</strong></span> <span class='ocrx_word' id='word_1_249' title='bbox 3252 1790 3428 1846; x_wconf 85' lang='lat' dir='ltr'><strong>etiam</strong></span> <span class='ocrx_word' id='word_1_250' title='bbox 3484 1791 3673 1846; x_wconf 84' lang='lat' dir='ltr'><strong>mutui</strong></span> 
     </span>
    </p>
   </div>
   <div class='ocr_carea' id='block_1_36' title="bbox 2025 1875 3670 1950">
    <p class='ocr_par' dir='ltr' id='par_1_36' title="bbox 2025 1875 3670 1950">
     <span class='ocr_line' id='line_1_36' title="bbox 2025 1875 3670 1950; baseline 0.001 -16"><span class='ocrx_word' id='word_1_251' title='bbox 2025 1879 2336 1950; x_wconf 87' lang='lat' dir='ltr'><strong>cujusdam</strong></span> <span class='ocrx_word' id='word_1_252' title='bbox 2417 1894 2530 1932; x_wconf 92' lang='lat' dir='ltr'><strong>non</strong></span> <span class='ocrx_word' id='word_1_253' title='bbox 2591 1875 2896 1948; x_wconf 90' lang='lat' dir='ltr'><strong>injucundi</strong></span> <span class='ocrx_word' id='word_1_254' title='bbox 2945 1882 3261 1934; x_wconf 88' lang='lat' dir='ltr'><strong>concentus</strong></span> <span class='ocrx_word' id='word_1_255' title='bbox 3319 1880 3670 1936; x_wconf 89' lang='lat' dir='ltr'><strong>mentionem</strong></span> 
     </span>
    </p>
   </div>
   <div class='ocr_carea' id='block_1_37' title="bbox 2024 1965 3672 2038">
    <p class='ocr_par' dir='ltr' id='par_1_37' title="bbox 2024 1965 3672 2038">
     <span class='ocr_line' id='line_1_37' title="bbox 2024 1965 3672 2038; baseline 0 -14"><span class='ocrx_word' id='word_1_256' title='bbox 2024 1968 2224 2038; x_wconf 78' lang='lat' dir='ltr'><strong>facias,</strong></span> <span class='ocrx_word' id='word_1_257' title='bbox 2249 1972 2306 2021; x_wconf 89' lang='lat' dir='ltr'><strong>et</strong></span> <span class='ocrx_word' id='word_1_258' title='bbox 2335 1965 2467 2020; x_wconf 90' lang='lat' dir='ltr'><strong>illos</strong></span> <span class='ocrx_word' id='word_1_259' title='bbox 2495 1965 2634 2021; x_wconf 90' lang='lat' dir='ltr'><strong>olim</strong></span> <span class='ocrx_word' id='word_1_260' title='bbox 2668 1966 2792 2020; x_wconf 90' lang='lat' dir='ltr'><strong>dies</strong></span> <span class='ocrx_word' id='word_1_261' title='bbox 2824 1967 2998 2022; x_wconf 83' lang='lat' dir='ltr'><strong>festos</strong></span> <span class='ocrx_word' id='word_1_262' title='bbox 3029 1965 3304 2038; x_wconf 87' lang='lat' dir='ltr'><strong>appelles.</strong></span> <span class='ocrx_word' id='word_1_263' title='bbox 3340 1966 3462 2030; x_wconf 86' lang='lat' dir='ltr'><strong>Quo</strong></span> <span class='ocrx_word' id='word_1_264' title='bbox 3521 1967 3672 2024; x_wconf 90' lang='lat' dir='ltr'><strong>illud</strong></span> 
     </span>
    </p>
   </div>
   <div class='ocr_carea' id='block_1_38' title="bbox 279 2054 3669 2130">
    <p class='ocr_par' dir='ltr' id='par_1_38' title="bbox 279 2054 3669 2130">
     <span class='ocr_line' id='line_1_38' title="bbox 279 2054 3669 2130; baseline 0.001 -20"><span class='ocrx_word' id='word_1_265' title='bbox 279 2055 644 2128; x_wconf 87' lang='lat' dir='ltr'><strong>potissimum</strong></span> <span class='ocrx_word' id='word_1_266' title='bbox 694 2055 1089 2127; x_wconf 87' lang='lat' dir='ltr'><strong>colligendum</strong></span> <span class='ocrx_word' id='word_1_267' title='bbox 1140 2056 1264 2124; x_wconf 88' lang='lat' dir='ltr'><strong>das,</strong></span> <span class='ocrx_word' id='word_1_268' title='bbox 1299 2061 1354 2114; x_wconf 86' lang='lat' dir='ltr'><strong>te</strong></span> <span class='ocrx_word' id='word_1_269' title='bbox 1384 2060 1537 2130; x_wconf 89' lang='lat' dir='ltr'><strong>quod</strong></span> <span class='ocrx_word' id='word_1_270' title='bbox 1572 2075 1687 2115; x_wconf 90' lang='lat' dir='ltr'><strong>non</strong></span> <span class='ocrx_word' id='word_1_271' title='bbox 1718 2059 1828 2116; x_wconf 90' lang='lat' dir='ltr'><strong>hoc</strong></span> <span class='ocrx_word' id='word_1_272' title='bbox 1877 2059 2048 2116; x_wconf 89' lang='lat' dir='ltr'><strong>etiam</strong></span> <span class='ocrx_word' id='word_1_273' title='bbox 2096 2061 2356 2127; x_wconf 88' lang='lat' dir='ltr'><strong>tempore</strong></span> <span class='ocrx_word' id='word_1_274' title='bbox 2400 2059 2602 2111; x_wconf 88' lang='lat' dir='ltr'><strong>nostra</strong></span> <span class='ocrx_word' id='word_1_275' title='bbox 2648 2069 2820 2110; x_wconf 86' lang='lat' dir='ltr'><strong>causa</strong></span> <span class='ocrx_word' id='word_1_276' title='bbox 2869 2054 2989 2110; x_wconf 65' lang='lat' dir='ltr'><strong>hac</strong></span> <span class='ocrx_word' id='word_1_277' title='bbox 3036 2054 3160 2126; x_wconf 88' lang='lat' dir='ltr'><strong>ipsa</strong></span> <span class='ocrx_word' id='word_1_278' title='bbox 3210 2056 3438 2113; x_wconf 77' lang='lat' dir='ltr'><strong>efﬁcere</strong></span> <span class='ocrx_word' id='word_1_279' title='bbox 3484 2066 3669 2130; x_wconf 87' lang='lat' dir='ltr'><strong>potes,</strong></span> 
     </span>
    </p>
   </div>
   <div class='ocr_carea' id='block_1_39' title="bbox 283 2145 3665 2221">
    <p class='ocr_par' dir='ltr' id='par_1_39' title="bbox 283 2145 3665 2221">
     <span class='ocr_line' id='line_1_39' title="bbox 283 2145 3665 2221; baseline 0.001 -19"><span class='ocrx_word' id='word_1_280' title='bbox 283 2147 423 2202; x_wconf 86' lang='lat' dir='ltr'><strong>haud</strong></span> <span class='ocrx_word' id='word_1_281' title='bbox 459 2146 830 2204; x_wconf 90' lang='lat' dir='ltr'><strong>mediocriter</strong></span> <span class='ocrx_word' id='word_1_282' title='bbox 860 2147 1057 2204; x_wconf 86' lang='lat' dir='ltr'><strong>animo</strong></span> <span class='ocrx_word' id='word_1_283' title='bbox 1083 2151 1453 2218; x_wconf 84' lang='lat' dir='ltr'><strong>commoveri,</strong></span> <span class='ocrx_word' id='word_1_284' title='bbox 1485 2149 1542 2205; x_wconf 94' lang='lat' dir='ltr'><strong>id</strong></span> <span class='ocrx_word' id='word_1_285' title='bbox 1577 2152 1727 2221; x_wconf 90' lang='lat' dir='ltr'><strong>quod</strong></span> <span class='ocrx_word' id='word_1_286' title='bbox 1774 2149 1956 2207; x_wconf 85' lang='lat' dir='ltr'><strong>nihilo</strong></span> <span class='ocrx_word' id='word_1_287' title='bbox 1991 2148 2157 2206; x_wconf 86' lang='lat' dir='ltr'><strong>nobis</strong></span> <span class='ocrx_word' id='word_1_288' title='bbox 2204 2146 2448 2202; x_wconf 90' lang='lat' dir='ltr'><strong>minoris</strong></span> <span class='ocrx_word' id='word_1_289' title='bbox 2492 2152 2598 2213; x_wconf 90' lang='lat' dir='ltr'><strong>est,</strong></span> <span class='ocrx_word' id='word_1_290' title='bbox 2647 2161 2822 2216; x_wconf 88' lang='lat' dir='ltr'><strong>quam</strong></span> <span class='ocrx_word' id='word_1_291' title='bbox 2867 2146 2917 2202; x_wconf 90' lang='lat' dir='ltr'><strong>si</strong></span> <span class='ocrx_word' id='word_1_292' title='bbox 2967 2145 3080 2201; x_wconf 87' lang='lat' dir='ltr'><strong>voti</strong></span> <span class='ocrx_word' id='word_1_293' title='bbox 3131 2147 3314 2202; x_wconf 87' lang='lat' dir='ltr'><strong>nostri</strong></span> <span class='ocrx_word' id='word_1_294' title='bbox 3365 2153 3665 2221; x_wconf 88' lang='lat' dir='ltr'><strong>compotes</strong></span> 
     </span>
    </p>
   </div>
   <div class='ocr_carea' id='block_1_40' title="bbox 273 2237 663 2292">
    <p class='ocr_par' dir='ltr' id='par_1_40' title="bbox 273 2237 663 2292">
     <span class='ocr_line' id='line_1_40' title="bbox 273 2237 663 2292; baseline 0 0"><span class='ocrx_word' id='word_1_295' title='bbox 273 2237 560 2292; x_wconf 81' lang='lat' dir='ltr'><strong>evaderem</strong></span> <span class='ocrx_word' id='word_1_296' title='bbox 572 2253 663 2292; x_wconf 89' lang='lat' dir='ltr'><strong>us.</strong></span> 
     </span>
    </p>
   </div>
   <div class='ocr_carea' id='block_1_41' title="bbox 276 2378 1908 2459">
    <p class='ocr_par' dir='ltr' id='par_1_41' title="bbox 276 2378 1908 2459">
     <span class='ocr_line' id='line_1_41' title="bbox 276 2378 1908 2459; baseline 0.001 -25"><span class='ocrx_word' id='word_1_297' title='bbox 276 2385 343 2440; x_wconf 90' lang='lat' dir='ltr'><strong>Z&#39;.</strong></span> <span class='ocrx_word' id='word_1_298' title='bbox 379 2378 743 2449; x_wconf 85' lang='grc' dir='ltr'>Ἐπιστολή</span> <span class='ocrx_word' id='word_1_299' title='bbox 785 2383 898 2434; x_wconf 80' lang='grc' dir='ltr'><strong>τοῦ</strong></span> <span class='ocrx_word' id='word_1_300' title='bbox 938 2382 1328 2459; x_wconf 72' lang='grc' dir='ltr'>σοφωτάτου</span> <span class='ocrx_word' id='word_1_301' title='bbox 1371 2382 1756 2458; x_wconf 83' lang='grc' dir='ltr'>Νικηφόρου</span> <span class='ocrx_word' id='word_1_302' title='bbox 1795 2383 1908 2436; x_wconf 81' lang='grc' dir='ltr'><strong>τοῦ</strong></span> 
     </span>
    </p>
   </div>
   <div class='ocr_carea' id='block_1_42' title="bbox 656 2453 1506 2529">
    <p class='ocr_par' dir='ltr' id='par_1_42' title="bbox 656 2453 1506 2529">
     <span class='ocr_line' id='line_1_42' title="bbox 656 2453 1506 2529; baseline 0.002 -23"><span class='ocrx_word' id='word_1_303' title='bbox 656 2457 967 2527; x_wconf 87' lang='grc' dir='ltr'>Γρηγορᾶ</span> <span class='ocrx_word' id='word_1_304' title='bbox 1003 2453 1092 2524; x_wconf 70' lang='grc' dir='ltr'><strong>τῷ</strong></span> <span class='ocrx_word' id='word_1_305' title='bbox 1131 2453 1506 2529; x_wconf 81' lang='grc' dir='ltr'>Μαγίστρῳ.</span> 
     </span>
    </p>
   </div>
   <div class='ocr_carea' id='block_1_43' title="bbox 339 2591 1906 2670">
    <p class='ocr_par' dir='ltr' id='par_1_43' title="bbox 339 2591 1906 2670">
     <span class='ocr_line' id='line_1_43' title="bbox 339 2591 1906 2670; baseline 0.002 -22"><span class='ocrx_word' id='word_1_306' title='bbox 339 2591 544 2649; x_wconf 86' lang='grc' dir='ltr'>Πολλοί</span> <span class='ocrx_word' id='word_1_307' title='bbox 584 2614 680 2666; x_wconf 89' lang='grc' dir='ltr'><strong>μοι</strong></span> <span class='ocrx_word' id='word_1_308' title='bbox 727 2594 818 2648; x_wconf 90' lang='grc' dir='ltr'>τὸν</span> <span class='ocrx_word' id='word_1_309' title='bbox 849 2594 941 2649; x_wconf 89' lang='grc' dir='ltr'><strong>σὸν</strong></span> <span class='ocrx_word' id='word_1_310' title='bbox 985 2592 1259 2665; x_wconf 78' lang='grc' dir='ltr'>ἐμήνυσαν</span> <span class='ocrx_word' id='word_1_311' title='bbox 1307 2597 1534 2670; x_wconf 86' lang='grc' dir='ltr'>τρόπον,</span> <span class='ocrx_word' id='word_1_312' title='bbox 1566 2597 1642 2660; x_wconf 84' lang='grc' dir='ltr'><strong>ὡς</strong></span> <span class='ocrx_word' id='word_1_313' title='bbox 1684 2595 1906 2669; x_wconf 75' lang='grc' dir='ltr'>πλήρης</span> 
     </span>
    </p>
   </div>
   <div class='ocr_carea' id='block_1_44' title="bbox 273 2680 1910 2760">
    <p class='ocr_par' dir='ltr' id='par_1_44' title="bbox 273 2680 1910 2760">
     <span class='ocr_line' id='line_1_44' title="bbox 273 2680 1910 2760; baseline 0.001 -24"><span class='ocrx_word' id='word_1_314' title='bbox 273 2680 448 2756; x_wconf 82' lang='grc' dir='ltr'>ἐγένου</span> <span class='ocrx_word' id='word_1_315' title='bbox 495 2682 774 2743; x_wconf 78' lang='grc' dir='ltr'>πολλάκις</span> <span class='ocrx_word' id='word_1_316' title='bbox 823 2684 1005 2756; x_wconf 81' lang='grc' dir='ltr'>ὁρμῆς</span> <span class='ocrx_word' id='word_1_317' title='bbox 1054 2681 1110 2745; x_wconf 85' lang='grc' dir='ltr'><strong>ἐς</strong></span> <span class='ocrx_word' id='word_1_318' title='bbox 1154 2685 1218 2738; x_wconf 88' lang='grc' dir='ltr'>τὸ</span> <span class='ocrx_word' id='word_1_319' title='bbox 1268 2687 1495 2760; x_wconf 79' lang='grc' dir='ltr'>γράφειν</span> <span class='ocrx_word' id='word_1_320' title='bbox 1544 2687 1700 2757; x_wconf 79' lang='grc' dir='ltr'>ἡμῖν.</span> <span class='ocrx_word' id='word_1_321' title='bbox 1733 2682 1910 2740; x_wconf 82' lang='grc' dir='ltr'><strong>’Δλλᾶ</strong></span> 
     </span>
    </p>
   </div>
   <div class='ocr_carea' id='block_1_45' title="bbox 274 2772 1909 2850">
    <p class='ocr_par' dir='ltr' id='par_1_45' title="bbox 274 2772 1909 2850">
     <span class='ocr_line' id='line_1_45' title="bbox 274 2772 1909 2850; baseline 0.002 -24"><span class='ocrx_word' id='word_1_322' title='bbox 274 2793 348 2834; x_wconf 84' lang='grc' dir='ltr'><strong>τις</strong></span> <span class='ocrx_word' id='word_1_323' title='bbox 404 2772 452 2843; x_wconf 76' lang='grc' dir='ltr'><strong>ἐξ</strong></span> <span class='ocrx_word' id='word_1_324' title='bbox 509 2772 813 2829; x_wconf 79' lang='grc' dir='ltr'>ἀντιπάλου</span> <span class='ocrx_word' id='word_1_325' title='bbox 881 2773 1171 2848; x_wconf 83' lang='grc' dir='ltr'>φερόμενοι</span> <span class='ocrx_word' id='word_1_326' title='bbox 1243 2772 1532 2850; x_wconf 88' lang='grc' dir='ltr'>λογισμὸς,</span> <span class='ocrx_word' id='word_1_327' title='bbox 1589 2773 1909 2848; x_wconf 82' lang='grc' dir='ltr'>ἀντέκρουσέ</span> 
     </span>
    </p>
   </div>
   <div class='ocr_carea' id='block_1_46' title="bbox 272 2859 1910 2939">
    <p class='ocr_par' dir='ltr' id='par_1_46' title="bbox 272 2859 1910 2939">
     <span class='ocr_line' id='line_1_46' title="bbox 272 2859 1910 2939; baseline 0.002 -25"><span class='ocrx_word' id='word_1_328' title='bbox 272 2881 324 2916; x_wconf 88' lang='grc' dir='ltr'><strong>τε</strong></span> <span class='ocrx_word' id='word_1_329' title='bbox 350 2861 436 2916; x_wconf 83' lang='grc' dir='ltr'>καὶ</span> <span class='ocrx_word' id='word_1_330' title='bbox 471 2861 625 2934; x_wconf 81' lang='grc' dir='ltr'>μάλα</span> <span class='ocrx_word' id='word_1_331' title='bbox 670 2859 925 2938; x_wconf 79' lang='grc' dir='ltr'>σφοδρῶς</span> <span class='ocrx_word' id='word_1_332' title='bbox 950 2864 1050 2931; x_wconf 77' lang='grc' dir='ltr'><strong>τήν</strong></span> <span class='ocrx_word' id='word_1_333' title='bbox 1102 2863 1368 2933; x_wconf 76' lang='grc' dir='ltr'>τοιαύτην</span> <span class='ocrx_word' id='word_1_334' title='bbox 1401 2865 1580 2937; x_wconf 74' lang='grc' dir='ltr'>ὁρμήν</span> <span class='ocrx_word' id='word_1_335' title='bbox 1629 2863 1910 2939; x_wconf 81' lang='grc' dir='ltr'>άτεχαίτι-</span> 
     </span>
    </p>
   </div>
   <div class='ocr_carea' id='block_1_47' title="bbox 273 2945 1909 3027">
    <p class='ocr_par' dir='ltr' id='par_1_47' title="bbox 273 2945 1909 3027">
     <span class='ocr_line' id='line_1_47' title="bbox 273 2945 1909 3027; baseline 0.002 -23"><span class='ocrx_word' id='word_1_336' title='bbox 273 2971 374 3019; x_wconf 87' lang='grc' dir='ltr'>σεν,</span> <span class='ocrx_word' id='word_1_337' title='bbox 425 2949 577 3006; x_wconf 77' lang='grc' dir='ltr'>α’ίτια</span> <span class='ocrx_word' id='word_1_338' title='bbox 631 2945 1091 3025; x_wconf 75' lang='grc' dir='ltr'>προϐαλλόμενος</span> <span class='ocrx_word' id='word_1_339' title='bbox 1146 2953 1282 3025; x_wconf 90' lang='grc' dir='ltr'>πρός</span> <span class='ocrx_word' id='word_1_340' title='bbox 1336 2973 1397 3027; x_wconf 84' lang='grc' dir='ltr'><strong>γε</strong></span> <span class='ocrx_word' id='word_1_341' title='bbox 1445 2959 1562 3015; x_wconf 89' lang='grc' dir='ltr'>τοῖς</span> <span class='ocrx_word' id='word_1_342' title='bbox 1609 2951 1803 3013; x_wconf 76' lang='grc' dir='ltr'>ἄλλοις</span> <span class='ocrx_word' id='word_1_343' title='bbox 1847 2952 1909 3007; x_wconf 81' lang='grc' dir='ltr'><strong>τὸ</strong></span> 
     </span>
    </p>
   </div>
   <div class='ocr_carea' id='block_1_48' title="bbox 278 3038 1911 3115">
    <p class='ocr_par' dir='ltr' id='par_1_48' title="bbox 278 3038 1911 3115">
     <span class='ocr_line' id='line_1_48' title="bbox 278 3038 1911 3115; baseline 0.001 -21"><span class='ocrx_word' id='word_1_344' title='bbox 278 3042 436 3110; x_wconf 74' lang='grc' dir='ltr'>μήπω</span> <span class='ocrx_word' id='word_1_345' title='bbox 463 3061 523 3095; x_wconf 87' lang='grc' dir='ltr'><strong>τε</strong></span> <span class='ocrx_word' id='word_1_346' title='bbox 562 3042 702 3112; x_wconf 82' lang='grc' dir='ltr'>ἡμῖν</span> <span class='ocrx_word' id='word_1_347' title='bbox 754 3038 1152 3115; x_wconf 74' lang='grc' dir='ltr'>συγγεγονέναι,</span> <span class='ocrx_word' id='word_1_348' title='bbox 1191 3041 1318 3113; x_wconf 80' lang='grc' dir='ltr'>μήτ’</span> <span class='ocrx_word' id='word_1_349' title='bbox 1358 3040 1544 3102; x_wconf 82' lang='grc' dir='ltr'>ἄλλως</span> <span class='ocrx_word' id='word_1_350' title='bbox 1596 3043 1783 3114; x_wconf 88' lang='grc' dir='ltr'>μαθεῖν</span> <span class='ocrx_word' id='word_1_351' title='bbox 1817 3042 1911 3096; x_wconf 90' lang='grc' dir='ltr'>τὸν</span> 
     </span>
    </p>
   </div>
   <div class='ocr_carea' id='block_1_49' title="bbox 273 3127 1907 3206">
    <p class='ocr_par' dir='ltr' id='par_1_49' title="bbox 273 3127 1907 3206">
     <span class='ocr_line' id='line_1_49' title="bbox 273 3127 1907 3206; baseline 0.001 -22"><span class='ocrx_word' id='word_1_352' title='bbox 273 3131 527 3203; x_wconf 72' lang='grc' dir='ltr'>ἡμέτερον</span> <span class='ocrx_word' id='word_1_353' title='bbox 577 3129 805 3203; x_wconf 71' lang='grc' dir='ltr'>τρόπον,</span> <span class='ocrx_word' id='word_1_354' title='bbox 838 3130 1031 3191; x_wconf 89' lang='grc' dir='ltr'>ὁποῖος</span> <span class='ocrx_word' id='word_1_355' title='bbox 1068 3146 1080 3158; x_wconf 89' lang='grc'><strong>·</strong></span> <span class='ocrx_word' id='word_1_356' title='bbox 1135 3129 1270 3184; x_wconf 82' lang='grc' dir='ltr'>εἶναι</span> <span class='ocrx_word' id='word_1_357' title='bbox 1325 3130 1426 3206; x_wconf 78' lang='grc' dir='ltr'>γὰρ</span> <span class='ocrx_word' id='word_1_358' title='bbox 1471 3127 1788 3205; x_wconf 84' lang='grc' dir='ltr'>πολυσχιδῆ</span> <span class='ocrx_word' id='word_1_359' title='bbox 1818 3131 1907 3185; x_wconf 81' lang='grc' dir='ltr'><strong>καὶ</strong></span> 
     </span>
    </p>
   </div>
   <div class='ocr_carea' id='block_1_50' title="bbox 271 3216 1982 3310">
    <p class='ocr_par' dir='ltr' id='par_1_50' title="bbox 271 3216 1982 3310">
     <span class='ocr_line' id='line_1_50' title="bbox 271 3216 1982 3310; baseline 0.001 -37"><span class='ocrx_word' id='word_1_360' title='bbox 271 3220 400 3274; x_wconf 76' lang='grc' dir='ltr'>πάνυ</span> <span class='ocrx_word' id='word_1_361' title='bbox 446 3239 530 3274; x_wconf 85' lang='grc' dir='ltr'><strong>τοι</strong></span> <span class='ocrx_word' id='word_1_362' title='bbox 594 3216 804 3297; x_wconf 86' lang='grc' dir='ltr'>σφόδρα</span> <span class='ocrx_word' id='word_1_363' title='bbox 851 3216 1083 3292; x_wconf 79' lang='grc' dir='ltr'>διάφορα</span> <span class='ocrx_word' id='word_1_364' title='bbox 1137 3221 1228 3274; x_wconf 77' lang='grc' dir='ltr'><strong>καὶ</strong></span> <span class='ocrx_word' id='word_1_365' title='bbox 1283 3217 1599 3276; x_wconf 81' lang='grc' dir='ltr'>δυσείκαστα</span> <span class='ocrx_word' id='word_1_366' title='bbox 1643 3225 1752 3276; x_wconf 81' lang='grc' dir='ltr'><strong>τῶν</strong></span> <span class='ocrx_word' id='word_1_367' title='bbox 1811 3221 1900 3274; x_wconf 86' lang='grc' dir='ltr'><strong>ἀν-</strong></span> <span class='ocrx_word' id='word_1_368' title='bbox 1933 3245 1982 3310; x_wconf 80' lang='lat' dir='ltr'><strong><em>C</em></strong></span> 
     </span>
    </p>
   </div>
   <div class='ocr_carea' id='block_1_51' title="bbox 271 3305 1901 3383">
    <p class='ocr_par' dir='ltr' id='par_1_51' title="bbox 271 3305 1901 3383">
     <span class='ocr_line' id='line_1_51' title="bbox 271 3305 1901 3383; baseline 0.001 -21"><span class='ocrx_word' id='word_1_369' title='bbox 271 3310 490 3382; x_wconf 89' lang='grc' dir='ltr'>θρώπων</span> <span class='ocrx_word' id='word_1_370' title='bbox 538 3311 607 3363; x_wconf 80' lang='grc' dir='ltr'>τὰ</span> <span class='ocrx_word' id='word_1_371' title='bbox 655 3309 764 3378; x_wconf 80' lang='grc' dir='ltr'>ἤθη</span> <span class='ocrx_word' id='word_1_372' title='bbox 817 3308 908 3362; x_wconf 79' lang='grc' dir='ltr'><strong>καὶ</strong></span> <span class='ocrx_word' id='word_1_373' title='bbox 953 3305 1158 3364; x_wconf 89' lang='grc' dir='ltr'>δεῖσθαι</span> <span class='ocrx_word' id='word_1_374' title='bbox 1212 3314 1420 3383; x_wconf 81' lang='grc' dir='ltr'>μακρᾶς</span> <span class='ocrx_word' id='word_1_375' title='bbox 1473 3312 1751 3372; x_wconf 90' lang='grc' dir='ltr'>συνουσίας</span> <span class='ocrx_word' id='word_1_376' title='bbox 1811 3311 1901 3366; x_wconf 83' lang='grc' dir='ltr'><strong>καὶ</strong></span> 
     </span>
    </p>
   </div>
   <div class='ocr_carea' id='block_1_52' title="bbox 272 3391 1904 3475">
    <p class='ocr_par' dir='ltr' id='par_1_52' title="bbox 272 3391 1904 3475">
     <span class='ocr_line' id='line_1_52' title="bbox 272 3391 1904 3475; baseline 0.002 -23"><span class='ocrx_word' id='word_1_377' title='bbox 272 3397 452 3473; x_wconf 81' lang='grc' dir='ltr'>πείρας</span> <span class='ocrx_word' id='word_1_378' title='bbox 497 3398 648 3458; x_wconf 85' lang='grc' dir='ltr'>τινὸς</span> <span class='ocrx_word' id='word_1_379' title='bbox 698 3391 958 3470; x_wconf 76' lang='grc' dir='ltr'>ἀκριϐοῦς</span> <span class='ocrx_word' id='word_1_380' title='bbox 1009 3397 1085 3460; x_wconf 77' lang='grc' dir='ltr'><strong>εἰς</strong></span> <span class='ocrx_word' id='word_1_381' title='bbox 1137 3397 1467 3473; x_wconf 81' lang='grc' dir='ltr'>κατάληψιν.</span> <span class='ocrx_word' id='word_1_382' title='bbox 1518 3399 1616 3454; x_wconf 84' lang='grc' dir='ltr'>Καὶ</span> <span class='ocrx_word' id='word_1_383' title='bbox 1669 3399 1904 3475; x_wconf 76' lang='grc' dir='ltr'>ἐπῄνεσα</span> 
     </span>
    </p>
   </div>
   <div class='ocr_carea' id='block_1_53' title="bbox 270 3487 1906 3565">
    <p class='ocr_par' dir='ltr' id='par_1_53' title="bbox 270 3487 1906 3565">
     <span class='ocr_line' id='line_1_53' title="bbox 270 3487 1906 3565; baseline 0.002 -22"><span class='ocrx_word' id='word_1_384' title='bbox 270 3490 328 3557; x_wconf 78' lang='grc' dir='ltr'>νὴ</span> <span class='ocrx_word' id='word_1_385' title='bbox 369 3489 492 3550; x_wconf 80' lang='grc' dir='ltr'>τοὺς</span> <span class='ocrx_word' id='word_1_386' title='bbox 531 3488 733 3563; x_wconf 88' lang='grc' dir='ltr'>λόγους</span> <span class='ocrx_word' id='word_1_387' title='bbox 783 3487 894 3565; x_wconf 83' lang='grc' dir='ltr'>ἐγὼ</span> <span class='ocrx_word' id='word_1_388' title='bbox 940 3488 1164 3558; x_wconf 85' lang='grc' dir='ltr'>ταυτηνὶ</span> <span class='ocrx_word' id='word_1_389' title='bbox 1221 3491 1320 3558; x_wconf 76' lang='grc' dir='ltr'><strong>τήν</strong></span> <span class='ocrx_word' id='word_1_390' title='bbox 1369 3488 1596 3560; x_wconf 81' lang='grc' dir='ltr'>δειλίαν,</span> <span class='ocrx_word' id='word_1_391' title='bbox 1644 3491 1733 3546; x_wconf 84' lang='grc' dir='ltr'><strong>καὶ</strong></span> <span class='ocrx_word' id='word_1_392' title='bbox 1791 3491 1906 3546; x_wconf 83' lang='grc' dir='ltr'>ἆνε-</span> 
     </span>
    </p>
   </div>
   <div class='ocr_carea' id='block_1_54' title="bbox 275 3576 1906 3651">
    <p class='ocr_par' dir='ltr' id='par_1_54' title="bbox 275 3576 1906 3651">
     <span class='ocr_line' id='line_1_54' title="bbox 275 3576 1906 3651; baseline 0.002 -18"><span class='ocrx_word' id='word_1_393' title='bbox 275 3580 502 3651; x_wconf 82' lang='grc' dir='ltr'>μνήσθην</span> <span class='ocrx_word' id='word_1_394' title='bbox 555 3577 761 3633; x_wconf 79' lang='grc' dir='ltr'>ἐκείνου</span> <span class='ocrx_word' id='word_1_395' title='bbox 809 3581 905 3632; x_wconf 82' lang='grc' dir='ltr'>τοῦ</span> <span class='ocrx_word' id='word_1_396' title='bbox 967 3576 1140 3649; x_wconf 82' lang='grc' dir='ltr'>μόθου</span> <span class='ocrx_word' id='word_1_397' title='bbox 1197 3582 1300 3632; x_wconf 79' lang='grc' dir='ltr'><strong>τοῦ</strong></span> <span class='ocrx_word' id='word_1_398' title='bbox 1360 3580 1631 3638; x_wconf 80' lang='grc' dir='ltr'>Ἀττικοῦ.</span> <span class='ocrx_word' id='word_1_399' title='bbox 1679 3582 1770 3642; x_wconf 91' lang='grc' dir='ltr'>Ὃς</span> <span class='ocrx_word' id='word_1_400' title='bbox 1819 3585 1906 3636; x_wconf 84' lang='grc' dir='ltr'><strong>Ἡ·</strong></span> 
     </span>
    </p>
   </div>
   <div class='ocr_carea' id='block_1_55' title="bbox 271 3665 1905 3746">
    <p class='ocr_par' dir='ltr' id='par_1_55' title="bbox 271 3665 1905 3746">
     <span class='ocr_line' id='line_1_55' title="bbox 271 3665 1905 3746; baseline 0.002 -24"><span class='ocrx_word' id='word_1_401' title='bbox 271 3669 470 3746; x_wconf 83' lang='grc' dir='ltr'>φαίστῳ</span> <span class='ocrx_word' id='word_1_402' title='bbox 495 3669 589 3722; x_wconf 86' lang='grc' dir='ltr'><strong>τὸν</strong></span> <span class='ocrx_word' id='word_1_403' title='bbox 637 3671 845 3739; x_wconf 74' lang='grc' dir='ltr'>Μῶμον</span> <span class='ocrx_word' id='word_1_404' title='bbox 894 3665 1097 3741; x_wconf 78' lang='grc' dir='ltr'>εΐσάγει</span> <span class='ocrx_word' id='word_1_405' title='bbox 1150 3669 1500 3746; x_wconf 78' lang='grc' dir='ltr'>μεμφόμενον</span> <span class='ocrx_word' id='word_1_406' title='bbox 1548 3671 1632 3725; x_wconf 79' lang='grc' dir='ltr'><strong>ὅτι</strong></span> <span class='ocrx_word' id='word_1_407' title='bbox 1686 3672 1763 3742; x_wconf 81' lang='grc' dir='ltr'>μή</span> <span class='ocrx_word' id='word_1_408' title='bbox 1809 3671 1905 3724; x_wconf 81' lang='grc' dir='ltr'><strong>θύ-</strong></span> 
     </span>
    </p>
   </div>
   <div class='ocr_carea' id='block_1_56' title="bbox 271 3755 1902 3834">
    <p class='ocr_par' dir='ltr' id='par_1_56' title="bbox 271 3755 1902 3834">
     <span class='ocr_line' id='line_1_56' title="bbox 271 3755 1902 3834; baseline 0.001 -22"><span class='ocrx_word' id='word_1_409' title='bbox 271 3777 357 3831; x_wconf 87' lang='grc' dir='ltr'><strong>ρας</strong></span> <span class='ocrx_word' id='word_1_410' title='bbox 405 3756 489 3812; x_wconf 81' lang='grc' dir='ltr'>ἐπὶ</span> <span class='ocrx_word' id='word_1_411' title='bbox 542 3762 652 3812; x_wconf 82' lang='grc' dir='ltr'><strong>τῶν</strong></span> <span class='ocrx_word' id='word_1_412' title='bbox 709 3755 1054 3832; x_wconf 81' lang='grc' dir='ltr'>ἀνθρῶπίνων</span> <span class='ocrx_word' id='word_1_413' title='bbox 1111 3757 1378 3828; x_wconf 78' lang='grc' dir='ltr'>πεποίηκε</span> <span class='ocrx_word' id='word_1_414' title='bbox 1436 3758 1663 3834; x_wconf 81' lang='grc' dir='ltr'>στέρνων</span> <span class='ocrx_word' id='word_1_415' title='bbox 1719 3759 1902 3829; x_wconf 77' lang='grc' dir='ltr'>ὁπότε,</span> 
     </span>
    </p>
   </div>
   <div class='ocr_carea' id='block_1_57' title="bbox 269 3842 1901 3923">
    <p class='ocr_par' dir='ltr' id='par_1_57' title="bbox 269 3842 1901 3923">
     <span class='ocr_line' id='line_1_57' title="bbox 269 3842 1901 3923; baseline 0.002 -24"><span class='ocrx_word' id='word_1_416' title='bbox 269 3847 444 3915; x_wconf 73' lang='grc' dir='ltr'>φησὶν,</span> <span class='ocrx_word' id='word_1_417' title='bbox 474 3843 834 3919; x_wconf 75' lang='grc' dir='ltr'>ἐδημιούργει</span> <span class='ocrx_word' id='word_1_418' title='bbox 882 3845 974 3900; x_wconf 86' lang='grc' dir='ltr'>τὸν</span> <span class='ocrx_word' id='word_1_419' title='bbox 1019 3842 1302 3918; x_wconf 79' lang='grc' dir='ltr'>ἄνθρωπον</span> <span class='ocrx_word' id='word_1_420' title='bbox 1338 3865 1351 3878; x_wconf 74' lang='grc'><strong><em>⁸</em></strong></span> <span class='ocrx_word' id='word_1_421' title='bbox 1401 3848 1435 3916; x_wconf 79' lang='grc' dir='ltr'>ἦ</span> <span class='ocrx_word' id='word_1_422' title='bbox 1467 3848 1571 3923; x_wconf 76' lang='grc' dir='ltr'><strong>γὰρ</strong></span> <span class='ocrx_word' id='word_1_423' title='bbox 1617 3847 1678 3902; x_wconf 76' lang='grc' dir='ltr'>ἂν</span> <span class='ocrx_word' id='word_1_424' title='bbox 1725 3847 1901 3902; x_wconf 81' lang='grc' dir='ltr'>αὐτῶν</span> 
     </span>
    </p>
   </div>
   <div class='ocr_carea' id='block_1_58' title="bbox 269 3933 1904 4011">
    <p class='ocr_par' dir='ltr' id='par_1_58' title="bbox 269 3933 1904 4011">
     <span class='ocr_line' id='line_1_58' title="bbox 269 3933 1904 4011; baseline 0.002 -22"><span class='ocrx_word' id='word_1_425' title='bbox 269 3936 623 4011; x_wconf 73' lang='grc' dir='ltr'>ἃνοιγομένων</span> <span class='ocrx_word' id='word_1_426' title='bbox 662 3935 828 3990; x_wconf 81' lang='grc' dir='ltr'>ὁπότε</span> <span class='ocrx_word' id='word_1_427' title='bbox 867 3933 1063 4010; x_wconf 78' lang='grc' dir='ltr'>ἐχρῆν,</span> <span class='ocrx_word' id='word_1_428' title='bbox 1105 3933 1268 4005; x_wconf 80' lang='grc' dir='ltr'>δῆλα,</span> <span class='ocrx_word' id='word_1_429' title='bbox 1311 3937 1467 4011; x_wconf 82' lang='grc' dir='ltr'>φησὶ,</span> <span class='ocrx_word' id='word_1_430' title='bbox 1499 3939 1589 3991; x_wconf 84' lang='grc' dir='ltr'>καὶ</span> <span class='ocrx_word' id='word_1_431' title='bbox 1622 3943 1738 4000; x_wconf 88' lang='grc' dir='ltr'>τοῖς</span> <span class='ocrx_word' id='word_1_432' title='bbox 1770 3934 1904 4008; x_wconf 82' lang='grc' dir='ltr'>ἔξω·</span> 
     </span>
    </p>
   </div>
   <div class='ocr_carea' id='block_1_59' title="bbox 270 4020 1903 4102">
    <p class='ocr_par' dir='ltr' id='par_1_59' title="bbox 270 4020 1903 4102">
     <span class='ocr_line' id='line_1_59' title="bbox 270 4020 1903 4102; baseline 0.003 -24"><span class='ocrx_word' id='word_1_433' title='bbox 270 4026 348 4080; x_wconf 87' lang='grc' dir='ltr'><strong>θεν</strong></span> <span class='ocrx_word' id='word_1_434' title='bbox 375 4027 636 4099; x_wconf 74' lang='grc' dir='ltr'>ὁμιλοῦσι</span> <span class='ocrx_word' id='word_1_435' title='bbox 664 4025 731 4079; x_wconf 72' lang='grc' dir='ltr'><strong>τὰ</strong></span> <span class='ocrx_word' id='word_1_436' title='bbox 777 4020 923 4079; x_wconf 81' lang='grc' dir='ltr'>ἔνδον</span> <span class='ocrx_word' id='word_1_437' title='bbox 970 4025 1191 4101; x_wconf 83' lang='grc' dir='ltr'>ὑπῆρχε</span> <span class='ocrx_word' id='word_1_438' title='bbox 1240 4023 1617 4098; x_wconf 77' lang='grc' dir='ltr'>βουλεύματα.</span> <span class='ocrx_word' id='word_1_439' title='bbox 1652 4027 1797 4102; x_wconf 86' lang='grc' dir='ltr'><strong>Ἐγὼ</strong></span> <span class='ocrx_word' id='word_1_440' title='bbox 1846 4025 1903 4083; x_wconf 79' lang='grc' dir='ltr'>δὲ</span> 
     </span>
    </p>
   </div>
   <div class='ocr_carea' id='block_1_60' title="bbox 270 4110 1901 4188">
    <p class='ocr_par' dir='ltr' id='par_1_60' title="bbox 270 4110 1901 4188">
     <span class='ocr_line' id='line_1_60' title="bbox 270 4110 1901 4188; baseline 0.002 -20"><span class='ocrx_word' id='word_1_441' title='bbox 270 4117 397 4185; x_wconf 73' lang='grc' dir='ltr'>μήτε</span> <span class='ocrx_word' id='word_1_442' title='bbox 431 4114 717 4188; x_wconf 87' lang='grc' dir='ltr'>μεμεῖσθαί</span> <span class='ocrx_word' id='word_1_443' title='bbox 766 4134 824 4168; x_wconf 87' lang='grc' dir='ltr'><strong>σε</strong></span> <span class='ocrx_word' id='word_1_444' title='bbox 870 4113 1056 4187; x_wconf 87' lang='grc' dir='ltr'>κρίνας</span> <span class='ocrx_word' id='word_1_445' title='bbox 1086 4110 1138 4168; x_wconf 81' lang='grc' dir='ltr'>ἒν</span> <span class='ocrx_word' id='word_1_446' title='bbox 1187 4115 1402 4176; x_wconf 81' lang='grc' dir='ltr'>τούτοις</span> <span class='ocrx_word' id='word_1_447' title='bbox 1453 4113 1618 4184; x_wconf 79' lang='grc' dir='ltr'>εἰκὸς,</span> <span class='ocrx_word' id='word_1_448' title='bbox 1650 4116 1739 4170; x_wconf 90' lang='grc' dir='ltr'><strong>καὶ</strong></span> <span class='ocrx_word' id='word_1_449' title='bbox 1789 4117 1901 4185; x_wconf 78' lang='grc' dir='ltr'><strong>ἅμα</strong></span> 
     </span>
    </p>
   </div>
   <div class='ocr_carea' id='block_1_61' title="bbox 264 4202 1902 4278">
    <p class='ocr_par' dir='ltr' id='par_1_61' title="bbox 264 4202 1902 4278">
     <span class='ocr_line' id='line_1_61' title="bbox 264 4202 1902 4278; baseline 0.002 -21"><span class='ocrx_word' id='word_1_450' title='bbox 264 4205 426 4268; x_wconf 79' lang='grc' dir='ltr'>πάσας</span> <span class='ocrx_word' id='word_1_451' title='bbox 473 4206 572 4268; x_wconf 77' lang='grc' dir='ltr'>τὰς</span> <span class='ocrx_word' id='word_1_452' title='bbox 613 4202 868 4266; x_wconf 71' lang='grc' dir='ltr'>τοιαύτας</span> <span class='ocrx_word' id='word_1_453' title='bbox 913 4204 1210 4278; x_wconf 81' lang='grc' dir='ltr'>προφάσεις</span> <span class='ocrx_word' id='word_1_454' title='bbox 1257 4205 1497 4273; x_wconf 81' lang='grc' dir='ltr'>καθάπαξ</span> <span class='ocrx_word' id='word_1_455' title='bbox 1549 4204 1902 4276; x_wconf 79' lang='grc' dir='ltr'>παραλλάξας</span> 
     </span>
    </p>
   </div>
   <div class='ocr_carea' id='block_1_62' title="bbox 262 4289 1901 4368">
    <p class='ocr_par' dir='ltr' id='par_1_62' title="bbox 262 4289 1901 4368">
     <span class='ocr_line' id='line_1_62' title="bbox 262 4289 1901 4368; baseline 0.003 -23"><span class='ocrx_word' id='word_1_456' title='bbox 262 4295 343 4346; x_wconf 82' lang='grc' dir='ltr'><strong>καὶ</strong></span> <span class='ocrx_word' id='word_1_457' title='bbox 391 4289 629 4364; x_wconf 72' lang='grc' dir='ltr'>ὑπερϐάς</span> <span class='ocrx_word' id='word_1_458' title='bbox 679 4293 939 4365; x_wconf 81' lang='grc' dir='ltr'>ὁμιλήσω</span> <span class='ocrx_word' id='word_1_459' title='bbox 978 4313 1064 4346; x_wconf 88' lang='grc' dir='ltr'><strong>σοι</strong></span> <span class='ocrx_word' id='word_1_460' title='bbox 1113 4291 1202 4347; x_wconf 78' lang='grc' dir='ltr'><strong>καὶ</strong></span> <span class='ocrx_word' id='word_1_461' title='bbox 1250 4292 1532 4368; x_wconf 77' lang='grc' dir='ltr'>πόῤῥωθεν</span> <span class='ocrx_word' id='word_1_462' title='bbox 1579 4291 1688 4364; x_wconf 79' lang='grc' dir='ltr'>ἤδη</span> <span class='ocrx_word' id='word_1_463' title='bbox 1739 4294 1901 4350; x_wconf 77' lang='grc' dir='ltr'>καθά-</span> 
     </span>
    </p>
   </div>
   <div class='ocr_carea' id='block_1_63' title="bbox 262 4380 1898 4459">
    <p class='ocr_par' dir='ltr' id='par_1_63' title="bbox 262 4380 1898 4459">
     <span class='ocr_line' id='line_1_63' title="bbox 262 4380 1898 4459; baseline 0.002 -24"><span class='ocrx_word' id='word_1_464' title='bbox 262 4402 351 4455; x_wconf 86' lang='grc' dir='ltr'><strong>περ</strong></span> <span class='ocrx_word' id='word_1_465' title='bbox 383 4386 599 4454; x_wconf 77' lang='grc' dir='ltr'>συνήθει</span> <span class='ocrx_word' id='word_1_466' title='bbox 632 4384 720 4438; x_wconf 84' lang='grc' dir='ltr'><strong>καὶ</strong></span> <span class='ocrx_word' id='word_1_467' title='bbox 769 4381 939 4459; x_wconf 89' lang='grc' dir='ltr'>φίλῳ,</span> <span class='ocrx_word' id='word_1_468' title='bbox 970 4383 1106 4457; x_wconf 85' lang='grc' dir='ltr'>πρὸς</span> <span class='ocrx_word' id='word_1_469' title='bbox 1153 4383 1324 4454; x_wconf 91' lang='grc' dir='ltr'>μόνην</span> <span class='ocrx_word' id='word_1_470' title='bbox 1365 4383 1536 4451; x_wconf 73' lang='grc' dir='ltr'>αὐτὴν</span> <span class='ocrx_word' id='word_1_471' title='bbox 1581 4380 1898 4458; x_wconf 74' lang='grc' dir='ltr'>ἀποϐλέψας</span> 
     </span>
    </p>
   </div>
   <div class='ocr_carea' id='block_1_64' title="bbox 259 4468 1894 4548">
    <p class='ocr_par' dir='ltr' id='par_1_64' title="bbox 259 4468 1894 4548">
     <span class='ocr_line' id='line_1_64' title="bbox 259 4468 1894 4548; baseline 0.002 -24"><span class='ocrx_word' id='word_1_472' title='bbox 259 4473 350 4541; x_wconf 72' lang='grc' dir='ltr'><strong>τήν</strong></span> <span class='ocrx_word' id='word_1_473' title='bbox 407 4473 702 4527; x_wconf 83' lang='grc' dir='ltr'>κοινωνίαν</span> <span class='ocrx_word' id='word_1_474' title='bbox 751 4468 852 4527; x_wconf 77' lang='grc' dir='ltr'>τοῦ</span> <span class='ocrx_word' id='word_1_475' title='bbox 911 4470 1100 4547; x_wconf 91' lang='grc' dir='ltr'>λόγου.</span> <span class='ocrx_word' id='word_1_476' title='bbox 1159 4475 1224 4528; x_wconf 84' lang='grc' dir='ltr'><strong>Ἦ</strong></span> <span class='ocrx_word' id='word_1_477' title='bbox 1284 4472 1378 4545; x_wconf 72' lang='grc' dir='ltr'>μὲν</span> <span class='ocrx_word' id='word_1_478' title='bbox 1443 4474 1547 4547; x_wconf 78' lang='grc' dir='ltr'><strong>γὰρ</strong></span> <span class='ocrx_word' id='word_1_479' title='bbox 1604 4475 1894 4548; x_wconf 85' lang='grc' dir='ltr'>παροιμία,</span> 
     </span>
    </p>
   </div>
   <div class='ocr_carea' id='block_1_65' title="bbox 259 4559 1895 4640">
    <p class='ocr_par' dir='ltr' id='par_1_65' title="bbox 259 4559 1895 4640">
     <span class='ocr_line' id='line_1_65' title="bbox 259 4559 1895 4640; baseline 0.003 -26"><span class='ocrx_word' id='word_1_480' title='bbox 259 4563 405 4615; x_wconf 83' lang='grc' dir='ltr'>κοινᾶ</span> <span class='ocrx_word' id='word_1_481' title='bbox 430 4563 497 4617; x_wconf 72' lang='grc' dir='ltr'><strong>τὰ</strong></span> <span class='ocrx_word' id='word_1_482' title='bbox 526 4567 640 4616; x_wconf 86' lang='grc' dir='ltr'>τῶν</span> <span class='ocrx_word' id='word_1_483' title='bbox 687 4559 865 4638; x_wconf 85' lang='grc' dir='ltr'>φίλων</span> <span class='ocrx_word' id='word_1_484' title='bbox 891 4560 1030 4616; x_wconf 77' lang='grc' dir='ltr'>εἶναι</span> <span class='ocrx_word' id='word_1_485' title='bbox 1075 4561 1351 4634; x_wconf 77' lang='grc' dir='ltr'>φάσκουσα</span> <span class='ocrx_word' id='word_1_486' title='bbox 1397 4560 1529 4634; x_wconf 86' lang='grc' dir='ltr'>δεῖν,</span> <span class='ocrx_word' id='word_1_487' title='bbox 1560 4563 1660 4631; x_wconf 79' lang='grc' dir='ltr'>τὴν</span> <span class='ocrx_word' id='word_1_488' title='bbox 1709 4561 1895 4640; x_wconf 82' lang='grc' dir='ltr'>φιλίαν</span> 
     </span>
    </p>
   </div>
   <div class='ocr_carea' id='block_1_66' title="bbox 2014 2379 3662 2508">
    <p class='ocr_par' dir='ltr' id='par_1_66' title="bbox 2014 2379 3662 2508">
     <span class='ocr_line' id='line_1_66' title="bbox 2014 2379 3662 2508; baseline 0.001 -71"><span class='ocrx_word' id='word_1_489' title='bbox 2014 2381 2134 2439; x_wconf 86' lang='lat' dir='ltr'><strong>VII.</strong></span> <span class='ocrx_word' id='word_1_490' title='bbox 2169 2381 2585 2454; x_wconf 78' lang='lat' dir='ltr'><strong>Sapientiuimi</strong></span> <span class='ocrx_word' id='word_1_491' title='bbox 2613 2382 2722 2508; x_wconf 48' lang='lat' dir='ltr'><strong>viai</strong></span> <span class='ocrx_word' id='word_1_492' title='bbox 2750 2381 3038 2506; x_wconf 55' lang='lat' dir='ltr'><strong>Nic’ephori</strong></span> <span class='ocrx_word' id='word_1_493' title='bbox 3064 2379 3310 2453; x_wconf 68' lang='lat' dir='ltr'><strong>Gregorz</strong></span> <span class='ocrx_word' id='word_1_494' title='bbox 3330 2381 3562 2452; x_wconf 67' lang='lat' dir='ltr'><strong>epistola</strong></span> <span class='ocrx_word' id='word_1_495' title='bbox 3591 2383 3662 2438; x_wconf 85' lang='lat' dir='ltr'><strong>ad</strong></span> 
     </span>
     <span class='ocr_line' id='line_1_67' title="bbox 2715 2468 3005 2508; baseline 0.003 -1"><span class='ocrx_word' id='word_1_496' title='bbox 2715 2468 2831 2508; x_wconf 78' lang='lat' dir='ltr'><strong>aau</strong></span> <span class='ocrx_word' id='word_1_497' title='bbox 2856 2469 3005 2508; x_wconf 85' lang='lat' dir='ltr'><strong>rum.</strong></span> 
     </span>
    </p>
   </div>
   <div class='ocr_carea' id='block_1_67' title="bbox 2715 2469 3005 2524">
    <p class='ocr_par' dir='ltr' id='par_1_67' title="bbox 2715 2469 3005 2524">
     <span class='ocr_line' id='line_1_68' title="bbox 2715 2469 3005 2524; baseline 0.007 -17"><span class='ocrx_word' id='word_1_498' title='bbox 2715 2469 2779 2524; x_wconf 88' lang='lat' dir='ltr'><strong>ag</strong></span> <span class='ocrx_word' id='word_1_499' title='bbox 2785 2469 2981 2508; x_wconf 81' lang='lat' dir='ltr'><strong>mrum</strong></span> <span class='ocrx_word' id='word_1_500' title='bbox 2992 2495 3005 2509; x_wconf 94' lang='lat'><strong>.</strong></span> 
     </span>
    </p>
   </div>
   <div class='ocr_carea' id='block_1_68' title="bbox 2084 2595 3652 2667">
    <p class='ocr_par' dir='ltr' id='par_1_68' title="bbox 2084 2595 3652 2667">
     <span class='ocr_line' id='line_1_69' title="bbox 2084 2595 3652 2667; baseline 0.001 -15"><span class='ocrx_word' id='word_1_501' title='bbox 2084 2595 2212 2652; x_wconf 84' lang='lat' dir='ltr'><strong>Jam</strong></span> <span class='ocrx_word' id='word_1_502' title='bbox 2243 2613 2277 2651; x_wconf 90' lang='lat' dir='ltr'><strong>a</strong></span> <span class='ocrx_word' id='word_1_503' title='bbox 2308 2595 2574 2664; x_wconf 86' lang='lat' dir='ltr'><strong>pluribus</strong></span> <span class='ocrx_word' id='word_1_504' title='bbox 2606 2596 2678 2650; x_wconf 91' lang='lat' dir='ltr'><strong>de</strong></span> <span class='ocrx_word' id='word_1_505' title='bbox 2735 2599 2788 2651; x_wconf 88' lang='lat' dir='ltr'><strong>te</strong></span> <span class='ocrx_word' id='word_1_506' title='bbox 2837 2595 3066 2667; x_wconf 88' lang='lat' dir='ltr'><strong>tuisque</strong></span> <span class='ocrx_word' id='word_1_507' title='bbox 3112 2596 3371 2653; x_wconf 88' lang='lat' dir='ltr'><strong>moribus</strong></span> <span class='ocrx_word' id='word_1_508' title='bbox 3428 2614 3652 2654; x_wconf 86' lang='lat' dir='ltr'><strong>renun-</strong></span> 
     </span>
    </p>
   </div>
   <div class='ocr_carea' id='block_1_69' title="bbox 2015 2683 3652 2756">
    <p class='ocr_par' dir='ltr' id='par_1_69' title="bbox 2015 2683 3652 2756">
     <span class='ocr_line' id='line_1_70' title="bbox 2015 2683 3652 2756; baseline 0.002 -17"><span class='ocrx_word' id='word_1_509' title='bbox 2015 2684 2220 2740; x_wconf 89' lang='lat' dir='ltr'><strong>tiatum</strong></span> <span class='ocrx_word' id='word_1_510' title='bbox 2246 2683 2388 2739; x_wconf 92' lang='lat' dir='ltr'><strong>mihi</strong></span> <span class='ocrx_word' id='word_1_511' title='bbox 2423 2684 2550 2752; x_wconf 87' lang='lat' dir='ltr'><strong>fuit,</strong></span> <span class='ocrx_word' id='word_1_512' title='bbox 2569 2685 2722 2755; x_wconf 92' lang='lat' dir='ltr'><strong>quod</strong></span> <span class='ocrx_word' id='word_1_513' title='bbox 2757 2700 2886 2740; x_wconf 91' lang='lat' dir='ltr'><strong>cum</strong></span> <span class='ocrx_word' id='word_1_514' title='bbox 2919 2683 3088 2756; x_wconf 91' lang='lat' dir='ltr'><strong>pleno</strong></span> <span class='ocrx_word' id='word_1_515' title='bbox 3127 2685 3339 2756; x_wconf 58' lang='lat' dir='ltr'><strong>saepius</strong></span> <span class='ocrx_word' id='word_1_516' title='bbox 3369 2687 3438 2741; x_wconf 88' lang='lat' dir='ltr'><strong>ad</strong></span> <span class='ocrx_word' id='word_1_517' title='bbox 3499 2686 3652 2742; x_wconf 90' lang='lat' dir='ltr'><strong>scri-</strong></span> 
     </span>
    </p>
   </div>
   <div class='ocr_carea' id='block_1_70' title="bbox 2013 2771 3647 2844">
    <p class='ocr_par' dir='ltr' id='par_1_70' title="bbox 2013 2771 3647 2844">
     <span class='ocr_line' id='line_1_71' title="bbox 2013 2771 3647 2844; baseline 0.002 -17"><span class='ocrx_word' id='word_1_518' title='bbox 2013 2773 2268 2828; x_wconf 88' lang='lat' dir='ltr'><strong>bendum</strong></span> <span class='ocrx_word' id='word_1_519' title='bbox 2321 2773 2485 2828; x_wconf 80' lang='lat' dir='ltr'><strong>nobis</strong></span> <span class='ocrx_word' id='word_1_520' title='bbox 2534 2773 2752 2843; x_wconf 89' lang='lat' dir='ltr'><strong>impetu</strong></span> <span class='ocrx_word' id='word_1_521' title='bbox 2803 2771 3032 2840; x_wconf 89' lang='lat' dir='ltr'><strong>fuisses,</strong></span> <span class='ocrx_word' id='word_1_522' title='bbox 3070 2774 3332 2844; x_wconf 66' lang='lat' dir='ltr'><strong>quadam</strong></span> <span class='ocrx_word' id='word_1_523' title='bbox 3395 2790 3524 2828; x_wconf 83' lang='lat' dir='ltr'><strong>mox</strong></span> <span class='ocrx_word' id='word_1_524' title='bbox 3579 2791 3647 2830; x_wconf 82' lang='lat' dir='ltr'><strong>ex</strong></span> 
     </span>
    </p>
   </div>
   <div class='ocr_carea' id='block_1_71' title="bbox 2015 2860 3649 2931">
    <p class='ocr_par' dir='ltr' id='par_1_71' title="bbox 2015 2860 3649 2931">
     <span class='ocr_line' id='line_1_72' title="bbox 2015 2860 3649 2931; baseline 0 -15"><span class='ocrx_word' id='word_1_525' title='bbox 2015 2860 2254 2917; x_wconf 89' lang='lat' dir='ltr'><strong>adverso</strong></span> <span class='ocrx_word' id='word_1_526' title='bbox 2285 2861 2563 2928; x_wconf 75' lang='lat' dir='ltr'><strong>ingruens</strong></span> <span class='ocrx_word' id='word_1_527' title='bbox 2595 2860 3060 2931; x_wconf 88' lang='lat' dir='ltr'><strong>cogitatio,hunc</strong></span> <span class='ocrx_word' id='word_1_528' title='bbox 3097 2860 3290 2931; x_wconf 89' lang='lat' dir='ltr'><strong>ipsum</strong></span> <span class='ocrx_word' id='word_1_529' title='bbox 3320 2861 3649 2918; x_wconf 86' lang='lat' dir='ltr'><strong>vehementi</strong></span> 
     </span>
    </p>
   </div>
   <div class='ocr_carea' id='block_1_72' title="bbox 2015 2949 3654 3021">
    <p class='ocr_par' dir='ltr' id='par_1_72' title="bbox 2015 2949 3654 3021">
     <span class='ocr_line' id='line_1_73' title="bbox 2015 2949 3654 3021; baseline 0.003 -18"><span class='ocrx_word' id='word_1_530' title='bbox 2015 2950 2124 3004; x_wconf 89' lang='lat' dir='ltr'><strong>nisi</strong></span> <span class='ocrx_word' id='word_1_531' title='bbox 2160 2951 2435 3005; x_wconf 88' lang='lat' dir='ltr'><strong>retuderit</strong></span> <span class='ocrx_word' id='word_1_532' title='bbox 2465 2955 2644 3020; x_wconf 89' lang='lat' dir='ltr'><strong>atque</strong></span> <span class='ocrx_word' id='word_1_533' title='bbox 2674 2949 3086 3005; x_wconf 85' lang='lat' dir='ltr'><strong>sulﬂaminarit</strong></span> <span class='ocrx_word' id='word_1_534' title='bbox 3118 2950 3425 3019; x_wconf 88' lang='lat' dir='ltr'><strong>impetum,</strong></span> <span class='ocrx_word' id='word_1_535' title='bbox 3445 2956 3654 3021; x_wconf 68' lang='lat' dir='ltr'><strong>prieter</strong></span> 
     </span>
    </p>
   </div>
   <div class='ocr_carea' id='block_1_73' title="bbox 2015 3037 3651 3110">
    <p class='ocr_par' dir='ltr' id='par_1_73' title="bbox 2015 3037 3651 3110">
     <span class='ocr_line' id='line_1_74' title="bbox 2015 3037 3651 3110; baseline 0.002 -16"><span class='ocrx_word' id='word_1_536' title='bbox 2015 3039 2129 3094; x_wconf 89' lang='lat' dir='ltr'><strong>alia</strong></span> <span class='ocrx_word' id='word_1_537' title='bbox 2157 3043 2214 3094; x_wconf 90' lang='lat' dir='ltr'><strong>et</strong></span> <span class='ocrx_word' id='word_1_538' title='bbox 2244 3039 2350 3094; x_wconf 92' lang='lat' dir='ltr'><strong>hoc</strong></span> <span class='ocrx_word' id='word_1_539' title='bbox 2382 3039 2572 3110; x_wconf 90' lang='lat' dir='ltr'><strong>ipsum</strong></span> <span class='ocrx_word' id='word_1_540' title='bbox 2607 3054 2796 3093; x_wconf 66' lang='lat' dir='ltr'><strong>causa</strong></span> <span class='ocrx_word' id='word_1_541' title='bbox 2826 3037 2947 3093; x_wconf 91' lang='lat' dir='ltr'><strong>loco</strong></span> <span class='ocrx_word' id='word_1_542' title='bbox 2967 3047 3306 3109; x_wconf 59' lang='lat' dir='ltr'><strong>praetexens,</strong></span> <span class='ocrx_word' id='word_1_543' title='bbox 3331 3041 3487 3110; x_wconf 90' lang='lat' dir='ltr'><strong>quod</strong></span> <span class='ocrx_word' id='word_1_544' title='bbox 3513 3057 3651 3098; x_wconf 83' lang='lat' dir='ltr'><strong>nec-</strong></span> 
     </span>
    </p>
   </div>
   <div class='ocr_carea' id='block_1_74' title="bbox 2014 3127 3650 3193">
    <p class='ocr_par' dir='ltr' id='par_1_74' title="bbox 2014 3127 3650 3193">
     <span class='ocr_line' id='line_1_75' title="bbox 2014 3127 3650 3193; baseline 0.003 -11"><span class='ocrx_word' id='word_1_545' title='bbox 2014 3129 2152 3182; x_wconf 90' lang='lat' dir='ltr'><strong>dum</strong></span> <span class='ocrx_word' id='word_1_546' title='bbox 2187 3144 2290 3184; x_wconf 88' lang='lat' dir='ltr'><strong>nos</strong></span> <span class='ocrx_word' id='word_1_547' title='bbox 2323 3129 2712 3193; x_wconf 90' lang='lat' dir='ltr'><strong>convenisses,</strong></span> <span class='ocrx_word' id='word_1_548' title='bbox 2747 3143 2849 3182; x_wconf 89' lang='lat' dir='ltr'><strong>nec</strong></span> <span class='ocrx_word' id='word_1_549' title='bbox 2881 3127 3115 3182; x_wconf 89' lang='lat' dir='ltr'><strong>aliunde</strong></span> <span class='ocrx_word' id='word_1_550' title='bbox 3160 3134 3428 3186; x_wconf 88' lang='lat' dir='ltr'><strong>naturam</strong></span> <span class='ocrx_word' id='word_1_551' title='bbox 3472 3129 3650 3187; x_wconf 86' lang='lat' dir='ltr'><strong>indo-</strong></span> 
     </span>
    </p>
   </div>
   <div class='ocr_carea' id='block_1_75' title="bbox 2013 3216 3648 3291">
    <p class='ocr_par' dir='ltr' id='par_1_75' title="bbox 2013 3216 3648 3291">
     <span class='ocr_line' id='line_1_76' title="bbox 2013 3216 3648 3291; baseline 0.002 -19"><span class='ocrx_word' id='word_1_552' title='bbox 2013 3217 2245 3288; x_wconf 89' lang='lat' dir='ltr'><strong>lemque</strong></span> <span class='ocrx_word' id='word_1_553' title='bbox 2286 3223 2587 3284; x_wconf 86' lang='lat' dir='ltr'><strong>nostram;</strong></span> <span class='ocrx_word' id='word_1_554' title='bbox 2640 3216 2971 3287; x_wconf 90' lang='lat' dir='ltr'><strong>cujusmodi</strong></span> <span class='ocrx_word' id='word_1_555' title='bbox 3029 3226 3196 3284; x_wconf 88' lang='lat' dir='ltr'><strong>esset,</strong></span> <span class='ocrx_word' id='word_1_556' title='bbox 3241 3219 3648 3291; x_wconf 87' lang='lat' dir='ltr'><strong>percepisses:</strong></span> 
     </span>
    </p>
   </div>
   <div class='ocr_carea' id='block_1_76' title="bbox 2014 3305 3650 3379">
    <p class='ocr_par' dir='ltr' id='par_1_76' title="bbox 2014 3305 3650 3379">
     <span class='ocr_line' id='line_1_77' title="bbox 2014 3305 3650 3379; baseline 0.002 -18"><span class='ocrx_word' id='word_1_557' title='bbox 2014 3307 2200 3362; x_wconf 89' lang='lat' dir='ltr'><strong>scissa</strong></span> <span class='ocrx_word' id='word_1_558' title='bbox 2219 3308 2374 3362; x_wconf 88' lang='lat' dir='ltr'><strong>enim</strong></span> <span class='ocrx_word' id='word_1_559' title='bbox 2412 3307 2814 3373; x_wconf 84' lang='lat' dir='ltr'><strong>multifariam,</strong></span> <span class='ocrx_word' id='word_1_560' title='bbox 2847 3311 2904 3362; x_wconf 89' lang='lat' dir='ltr'><strong>et</strong></span> <span class='ocrx_word' id='word_1_561' title='bbox 2936 3305 3178 3362; x_wconf 89' lang='lat' dir='ltr'><strong>nimium</strong></span> <span class='ocrx_word' id='word_1_562' title='bbox 3233 3317 3516 3379; x_wconf 87' lang='lat' dir='ltr'><strong>quantum</strong></span> <span class='ocrx_word' id='word_1_563' title='bbox 3556 3310 3650 3364; x_wconf 86' lang='lat' dir='ltr'><strong>di-</strong></span> 
     </span>
    </p>
   </div>
   <div class='ocr_carea' id='block_1_77' title="bbox 2011 3395 3653 3468">
    <p class='ocr_par' dir='ltr' id='par_1_77' title="bbox 2011 3395 3653 3468">
     <span class='ocr_line' id='line_1_78' title="bbox 2011 3395 3653 3468; baseline 0.002 -17"><span class='ocrx_word' id='word_1_564' title='bbox 2011 3413 2198 3465; x_wconf 86' lang='lat' dir='ltr'><strong>versa,</strong></span> <span class='ocrx_word' id='word_1_565' title='bbox 2218 3402 2274 3452; x_wconf 87' lang='lat' dir='ltr'><strong>et</strong></span> <span class='ocrx_word' id='word_1_566' title='bbox 2305 3398 2374 3452; x_wconf 93' lang='lat' dir='ltr'><strong>ad</strong></span> <span class='ocrx_word' id='word_1_567' title='bbox 2408 3395 2852 3467; x_wconf 86' lang='lat' dir='ltr'><strong>conjectandum</strong></span> <span class='ocrx_word' id='word_1_568' title='bbox 2871 3412 3150 3468; x_wconf 83' lang='lat' dir='ltr'><strong>perquam</strong></span> <span class='ocrx_word' id='word_1_569' title='bbox 3182 3399 3433 3453; x_wconf 88' lang='lat' dir='ltr'><strong>obscura</strong></span> <span class='ocrx_word' id='word_1_570' title='bbox 3454 3398 3653 3455; x_wconf 86' lang='lat' dir='ltr'><strong>homi-</strong></span> 
     </span>
    </p>
   </div>
   <div class='ocr_carea' id='block_1_78' title="bbox 2011 3485 3652 3559">
    <p class='ocr_par' dir='ltr' id='par_1_78' title="bbox 2011 3485 3652 3559">
     <span class='ocr_line' id='line_1_79' title="bbox 2011 3485 3652 3559; baseline 0.002 -19"><span class='ocrx_word' id='word_1_571' title='bbox 2011 3501 2155 3540; x_wconf 89' lang='lat' dir='ltr'><strong>num</strong></span> <span class='ocrx_word' id='word_1_572' title='bbox 2184 3502 2312 3542; x_wconf 91' lang='lat' dir='ltr'><strong>esse</strong></span> <span class='ocrx_word' id='word_1_573' title='bbox 2343 3486 2595 3557; x_wconf 89' lang='lat' dir='ltr'><strong>ingenia,</strong></span> <span class='ocrx_word' id='word_1_574' title='bbox 2631 3485 2918 3557; x_wconf 85' lang='lat' dir='ltr'><strong>longoque</strong></span> <span class='ocrx_word' id='word_1_575' title='bbox 2949 3501 3056 3540; x_wconf 82' lang='lat' dir='ltr'><strong>usu</strong></span> <span class='ocrx_word' id='word_1_576' title='bbox 3087 3494 3140 3540; x_wconf 89' lang='lat' dir='ltr'><strong>et</strong></span> <span class='ocrx_word' id='word_1_577' title='bbox 3188 3492 3461 3542; x_wconf 90' lang='lat' dir='ltr'><strong>accurata</strong></span> <span class='ocrx_word' id='word_1_578' title='bbox 3517 3505 3652 3559; x_wconf 86' lang='lat' dir='ltr'><strong>qua-</strong></span> 
     </span>
    </p>
   </div>
   <div class='ocr_carea' id='block_1_79' title="bbox 2013 3574 3652 3645">
    <p class='ocr_par' dir='ltr' id='par_1_79' title="bbox 2013 3574 3652 3645">
     <span class='ocr_line' id='line_1_80' title="bbox 2013 3574 3652 3645; baseline 0.002 -16"><span class='ocrx_word' id='word_1_579' title='bbox 2013 3576 2146 3629; x_wconf 88' lang='lat' dir='ltr'><strong>dam</strong></span> <span class='ocrx_word' id='word_1_580' title='bbox 2229 3574 2652 3645; x_wconf 89' lang='lat' dir='ltr'><strong>periclitatione</strong></span> <span class='ocrx_word' id='word_1_581' title='bbox 2709 3590 2856 3644; x_wconf 88' lang='lat' dir='ltr'><strong>cpus</strong></span> <span class='ocrx_word' id='word_1_582' title='bbox 2920 3589 3062 3640; x_wconf 87' lang='lat' dir='ltr'><strong>esse,</strong></span> <span class='ocrx_word' id='word_1_583' title='bbox 3131 3575 3201 3629; x_wconf 87' lang='lat' dir='ltr'><strong>ad</strong></span> <span class='ocrx_word' id='word_1_584' title='bbox 3280 3591 3347 3630; x_wconf 88' lang='lat' dir='ltr'><strong>ea</strong></span> <span class='ocrx_word' id='word_1_585' title='bbox 3423 3578 3652 3644; x_wconf 81' lang='lat' dir='ltr'><strong>penitus</strong></span> 
     </span>
    </p>
   </div>
   <div class='ocr_carea' id='block_1_80' title="bbox 2013 3663 3652 3734">
    <p class='ocr_par' dir='ltr' id='par_1_80' title="bbox 2013 3663 3652 3734">
     <span class='ocr_line' id='line_1_81' title="bbox 2013 3663 3652 3734; baseline 0.002 -17"><span class='ocrx_word' id='word_1_586' title='bbox 2013 3663 2482 3734; x_wconf 84' lang='lat' dir='ltr'><strong>introspicienda.</strong></span> <span class='ocrx_word' id='word_1_587' title='bbox 2526 3664 2712 3728; x_wconf 85' lang='lat' dir='ltr'><strong>Quam</strong></span> <span class='ocrx_word' id='word_1_588' title='bbox 2771 3677 2876 3732; x_wconf 91' lang='lat' dir='ltr'><strong>ego</strong></span> <span class='ocrx_word' id='word_1_589' title='bbox 2936 3663 3306 3718; x_wconf 85' lang='lat' dir='ltr'><strong>formidinem</strong></span> <span class='ocrx_word' id='word_1_590' title='bbox 3358 3670 3538 3731; x_wconf 83' lang='lat' dir='ltr'><strong>tuam,</strong></span> <span class='ocrx_word' id='word_1_591' title='bbox 3572 3667 3652 3722; x_wconf 85' lang='lat' dir='ltr'><strong>ita</strong></span> 
     </span>
    </p>
   </div>
   <div class='ocr_carea' id='block_1_81' title="bbox 2015 3751 3649 3819">
    <p class='ocr_par' dir='ltr' id='par_1_81' title="bbox 2015 3751 3649 3819">
     <span class='ocr_line' id='line_1_82' title="bbox 2015 3751 3649 3819; baseline 0.002 -11"><span class='ocrx_word' id='word_1_592' title='bbox 2015 3769 2106 3808; x_wconf 87' lang='lat' dir='ltr'><strong>me</strong></span> <span class='ocrx_word' id='word_1_593' title='bbox 2137 3753 2313 3808; x_wconf 71' lang='lat' dir='ltr'><strong>Musis</strong></span> <span class='ocrx_word' id='word_1_594' title='bbox 2343 3753 2742 3819; x_wconf 87' lang='lat' dir='ltr'><strong>ament,etiam</strong></span> <span class='ocrx_word' id='word_1_595' title='bbox 2778 3751 3086 3806; x_wconf 87' lang='lat' dir='ltr'><strong>laudabam</strong></span> <span class='ocrx_word' id='word_1_596' title='bbox 3107 3756 3190 3817; x_wconf 88' lang='lat' dir='ltr'><strong>;et</strong></span> <span class='ocrx_word' id='word_1_597' title='bbox 3208 3752 3382 3808; x_wconf 84' lang='lat' dir='ltr'><strong>simul</strong></span> <span class='ocrx_word' id='word_1_598' title='bbox 3400 3754 3649 3811; x_wconf 87' lang='lat' dir='ltr'><strong>Atticam</strong></span> 
     </span>
    </p>
   </div>
   <div class='ocr_carea' id='block_1_82' title="bbox 2013 3841 3651 3911">
    <p class='ocr_par' dir='ltr' id='par_1_82' title="bbox 2013 3841 3651 3911">
     <span class='ocr_line' id='line_1_83' title="bbox 2013 3841 3651 3911; baseline 0.002 -16"><span class='ocrx_word' id='word_1_599' title='bbox 2013 3841 2171 3896; x_wconf 90' lang='lat' dir='ltr'><strong>illam</strong></span> <span class='ocrx_word' id='word_1_600' title='bbox 2206 3843 2548 3898; x_wconf 88' lang='lat' dir='ltr'><strong>recordabar</strong></span> <span class='ocrx_word' id='word_1_601' title='bbox 2595 3841 2908 3908; x_wconf 81' lang='lat' dir='ltr'><strong>fabellam;</strong></span> <span class='ocrx_word' id='word_1_602' title='bbox 2941 3857 3064 3911; x_wconf 76' lang='lat' dir='ltr'><strong>quas</strong></span> <span class='ocrx_word' id='word_1_603' title='bbox 3120 3841 3374 3898; x_wconf 91' lang='lat' dir='ltr'><strong>Momum</strong></span> <span class='ocrx_word' id='word_1_604' title='bbox 3433 3842 3543 3898; x_wconf 89' lang='lat' dir='ltr'><strong>hoc</strong></span> <span class='ocrx_word' id='word_1_605' title='bbox 3590 3845 3651 3900; x_wconf 91' lang='lat' dir='ltr'><strong>in</strong></span> 
     </span>
    </p>
   </div>
   <div class='ocr_carea' id='block_1_83' title="bbox 2011 3929 3650 4002">
    <p class='ocr_par' dir='ltr' id='par_1_83' title="bbox 2011 3929 3650 4002">
     <span class='ocr_line' id='line_1_84' title="bbox 2011 3929 3650 4002; baseline 0.002 -20"><span class='ocrx_word' id='word_1_606' title='bbox 2011 3930 2270 3986; x_wconf 87' lang='lat' dir='ltr'><strong>Vulcano</strong></span> <span class='ocrx_word' id='word_1_607' title='bbox 2329 3931 2850 4001; x_wconf 84' lang='lat' dir='ltr'><strong>reprehendentem</strong></span> <span class='ocrx_word' id='word_1_608' title='bbox 2905 3929 3154 3998; x_wconf 90' lang='lat' dir='ltr'><strong>inducit,</strong></span> <span class='ocrx_word' id='word_1_609' title='bbox 3197 3931 3352 4001; x_wconf 89' lang='lat' dir='ltr'><strong>quod</strong></span> <span class='ocrx_word' id='word_1_610' title='bbox 3431 3931 3650 4002; x_wconf 88' lang='lat' dir='ltr'><strong>pectori</strong></span> 
     </span>
    </p>
   </div>
   <div class='ocr_carea' id='block_1_84' title="bbox 2012 4018 3652 4089">
    <p class='ocr_par' dir='ltr' id='par_1_84' title="bbox 2012 4018 3652 4089">
     <span class='ocr_line' id='line_1_85' title="bbox 2012 4018 3652 4089; baseline 0.001 -14"><span class='ocrx_word' id='word_1_611' title='bbox 2012 4021 2288 4089; x_wconf 82' lang='lat' dir='ltr'><strong>humano,</strong></span> <span class='ocrx_word' id='word_1_612' title='bbox 2321 4036 2453 4076; x_wconf 90' lang='lat' dir='ltr'><strong>cum</strong></span> <span class='ocrx_word' id='word_1_613' title='bbox 2487 4020 2805 4086; x_wconf 84' lang='lat' dir='ltr'><strong>hominem,</strong></span> <span class='ocrx_word' id='word_1_614' title='bbox 2835 4026 2895 4074; x_wconf 91' lang='lat' dir='ltr'><strong>ut</strong></span> <span class='ocrx_word' id='word_1_615' title='bbox 2939 4019 3040 4084; x_wconf 84' lang='lat' dir='ltr'><strong>ait,</strong></span> <span class='ocrx_word' id='word_1_616' title='bbox 3070 4018 3465 4088; x_wconf 84' lang='lat' dir='ltr'><strong>fabricaretur,</strong></span> <span class='ocrx_word' id='word_1_617' title='bbox 3498 4021 3652 4077; x_wconf 85' lang='lat' dir='ltr'><strong>ostia</strong></span> 
     </span>
    </p>
   </div>
   <div class='ocr_carea' id='block_1_85' title="bbox 2011 4107 3649 4183">
    <p class='ocr_par' dir='ltr' id='par_1_85' title="bbox 2011 4107 3649 4183">
     <span class='ocr_line' id='line_1_86' title="bbox 2011 4107 3649 4183; baseline -0.002 -15"><span class='ocrx_word' id='word_1_618' title='bbox 2011 4129 2125 4168; x_wconf 91' lang='lat' dir='ltr'><strong>non</strong></span> <span class='ocrx_word' id='word_1_619' title='bbox 2153 4109 2539 4183; x_wconf 87' lang='lat' dir='ltr'><strong>apposuisset.</strong></span> <span class='ocrx_word' id='word_1_620' title='bbox 2572 4107 2666 4176; x_wconf 82' lang='lat' dir='ltr'><strong>Iis,</strong></span> <span class='ocrx_word' id='word_1_621' title='bbox 2687 4109 2866 4174; x_wconf 89' lang='lat' dir='ltr'><strong>enim,</strong></span> <span class='ocrx_word' id='word_1_622' title='bbox 2891 4108 2989 4162; x_wconf 92' lang='lat' dir='ltr'><strong>ubi</strong></span> <span class='ocrx_word' id='word_1_623' title='bbox 3023 4125 3167 4163; x_wconf 89' lang='lat' dir='ltr'><strong>usus</strong></span> <span class='ocrx_word' id='word_1_624' title='bbox 3198 4113 3353 4164; x_wconf 87' lang='lat' dir='ltr'><strong>esset</strong></span> <span class='ocrx_word' id='word_1_625' title='bbox 3381 4109 3649 4177; x_wconf 88' lang='lat' dir='ltr'><strong>reclusis,</strong></span> 
     </span>
    </p>
   </div>
   <div class='ocr_carea' id='block_1_86' title="bbox 2009 4195 3651 4269">
    <p class='ocr_par' dir='ltr' id='par_1_86' title="bbox 2009 4195 3651 4269">
     <span class='ocr_line' id='line_1_87' title="bbox 2009 4195 3651 4269; baseline -0.002 -12"><span class='ocrx_word' id='word_1_626' title='bbox 2009 4202 2372 4257; x_wconf 83' lang='lat' dir='ltr'><strong>extrinsecus</strong></span> <span class='ocrx_word' id='word_1_627' title='bbox 2419 4213 2550 4254; x_wconf 92' lang='lat' dir='ltr'><strong>cum</strong></span> <span class='ocrx_word' id='word_1_628' title='bbox 2600 4197 2728 4269; x_wconf 91' lang='lat' dir='ltr'><strong>ipso</strong></span> <span class='ocrx_word' id='word_1_629' title='bbox 2789 4195 3114 4268; x_wconf 79' lang='lat' dir='ltr'><strong>agentibus,</strong></span> <span class='ocrx_word' id='word_1_630' title='bbox 3147 4196 3432 4269; x_wconf 85' lang='lat' dir='ltr'><strong>quidquid</strong></span> <span class='ocrx_word' id='word_1_631' title='bbox 3493 4198 3651 4254; x_wconf 86' lang='lat' dir='ltr'><strong>intus</strong></span> 
     </span>
    </p>
   </div>
   <div class='ocr_carea' id='block_1_87' title="bbox 2010 4285 3650 4360">
    <p class='ocr_par' dir='ltr' id='par_1_87' title="bbox 2010 4285 3650 4360">
     <span class='ocr_line' id='line_1_88' title="bbox 2010 4285 3650 4360; baseline -0.002 -13"><span class='ocrx_word' id='word_1_632' title='bbox 2010 4288 2503 4347; x_wconf 86' lang='lat' dir='ltr'><strong>machinationum</strong></span> <span class='ocrx_word' id='word_1_633' title='bbox 2544 4285 2766 4352; x_wconf 88' lang='lat' dir='ltr'><strong>lateret,</strong></span> <span class='ocrx_word' id='word_1_634' title='bbox 2801 4286 3173 4341; x_wconf 82' lang='lat' dir='ltr'><strong>manifestum</strong></span> <span class='ocrx_word' id='word_1_635' title='bbox 3221 4288 3507 4343; x_wconf 83' lang='lat' dir='ltr'><strong>futurum.</strong></span> <span class='ocrx_word' id='word_1_636' title='bbox 3534 4289 3650 4360; x_wconf 91' lang='lat' dir='ltr'><strong>Ego</strong></span> 
     </span>
    </p>
   </div>
   <div class='ocr_carea' id='block_1_88' title="bbox 2007 4375 3651 4446">
    <p class='ocr_par' dir='ltr' id='par_1_88' title="bbox 2007 4375 3651 4446">
     <span class='ocr_line' id='line_1_89' title="bbox 2007 4375 3651 4446; baseline -0.001 -10"><span class='ocrx_word' id='word_1_637' title='bbox 2007 4397 2141 4436; x_wconf 91' lang='lat' dir='ltr'><strong>vero</strong></span> <span class='ocrx_word' id='word_1_638' title='bbox 2175 4395 2278 4434; x_wconf 90' lang='lat' dir='ltr'><strong>nec</strong></span> <span class='ocrx_word' id='word_1_639' title='bbox 2309 4378 2368 4432; x_wconf 92' lang='lat' dir='ltr'><strong>in</strong></span> <span class='ocrx_word' id='word_1_640' title='bbox 2411 4378 2500 4432; x_wconf 91' lang='lat' dir='ltr'><strong>his</strong></span> <span class='ocrx_word' id='word_1_641' title='bbox 2532 4386 2584 4432; x_wconf 90' lang='lat' dir='ltr'><strong>te</strong></span> <span class='ocrx_word' id='word_1_642' title='bbox 2616 4375 2827 4430; x_wconf 89' lang='lat' dir='ltr'><strong>imitari</strong></span> <span class='ocrx_word' id='word_1_643' title='bbox 2861 4391 3094 4446; x_wconf 71' lang='lat' dir='ltr'><strong>equum</strong></span> <span class='ocrx_word' id='word_1_644' title='bbox 3127 4386 3304 4443; x_wconf 83' lang='lat' dir='ltr'><strong>ratus,</strong></span> <span class='ocrx_word' id='word_1_645' title='bbox 3337 4385 3391 4432; x_wconf 91' lang='lat' dir='ltr'><strong>et</strong></span> <span class='ocrx_word' id='word_1_646' title='bbox 3446 4394 3651 4436; x_wconf 85' lang='lat' dir='ltr'><strong>omnes</strong></span> 
     </span>
    </p>
   </div>
   <div class='ocr_carea' id='block_1_89' title="bbox 2009 4465 3650 4541">
    <p class='ocr_par' dir='ltr' id='par_1_89' title="bbox 2009 4465 3650 4541">
     <span class='ocr_line' id='line_1_90' title="bbox 2009 4465 3650 4541; baseline 0.001 -18"><span class='ocrx_word' id='word_1_647' title='bbox 2009 4472 2222 4541; x_wconf 89' lang='lat' dir='ltr'><strong>pariter</strong></span> <span class='ocrx_word' id='word_1_648' title='bbox 2277 4468 2331 4522; x_wconf 92' lang='lat' dir='ltr'><strong>id</strong></span> <span class='ocrx_word' id='word_1_649' title='bbox 2392 4482 2576 4537; x_wconf 90' lang='lat' dir='ltr'><strong>genus</strong></span> <span class='ocrx_word' id='word_1_650' title='bbox 2637 4469 2942 4536; x_wconf 68' lang='lat' dir='ltr'><strong>pratextus</strong></span> <span class='ocrx_word' id='word_1_651' title='bbox 3024 4465 3194 4539; x_wconf 78' lang='lat' dir='ltr'><strong>plane</strong></span> <span class='ocrx_word' id='word_1_652' title='bbox 3243 4471 3650 4536; x_wconf 62' lang='lat' dir='ltr'><strong>praetervectus</strong></span> 
     </span>
    </p>
   </div>
   <div class='ocr_carea' id='block_1_90' title="bbox 2007 4555 3649 4628">
    <p class='ocr_par' dir='ltr' id='par_1_90' title="bbox 2007 4555 3649 4628">
     <span class='ocr_line' id='line_1_91' title="bbox 2007 4555 3649 4628; baseline -0.001 -14"><span class='ocrx_word' id='word_1_653' title='bbox 2007 4564 2542 4628; x_wconf 84' lang='lat' dir='ltr'><strong>transgressusque,</strong></span> <span class='ocrx_word' id='word_1_654' title='bbox 2575 4569 2640 4608; x_wconf 89' lang='lat' dir='ltr'><strong>eo</strong></span> <span class='ocrx_word' id='word_1_655' title='bbox 2671 4558 2862 4609; x_wconf 89' lang='lat' dir='ltr'><strong>tecum</strong></span> <span class='ocrx_word' id='word_1_656' title='bbox 2891 4555 3063 4610; x_wconf 92' lang='lat' dir='ltr'><strong>modo</strong></span> <span class='ocrx_word' id='word_1_657' title='bbox 3103 4571 3295 4626; x_wconf 81' lang='lat' dir='ltr'><strong>agam,</strong></span> <span class='ocrx_word' id='word_1_658' title='bbox 3326 4555 3487 4610; x_wconf 88' lang='lat' dir='ltr'><strong>velut</strong></span> <span class='ocrx_word' id='word_1_659' title='bbox 3514 4571 3649 4612; x_wconf 90' lang='lat' dir='ltr'><strong>cum</strong></span> 
     </span>
    </p>
   </div>
   <div class='ocr_carea' id='block_1_91' title="bbox 259 4617 1905 4727">
    <p class='ocr_par' dir='ltr' id='par_1_91' title="bbox 259 4617 1891 4727">
     <span class='ocr_line' id='line_1_92' title="bbox 259 4617 1891 4727; baseline 0.004 -25"><span class='ocrx_word' id='word_1_660' title='bbox 259 4646 422 4704; x_wconf 78' lang='grc' dir='ltr'>α’ίτιον</span> <span class='ocrx_word' id='word_1_661' title='bbox 475 4658 580 4719; x_wconf 83' lang='grc' dir='ltr'><strong>τῆς</strong></span> <span class='ocrx_word' id='word_1_662' title='bbox 648 4617 933 4711; x_wconf 85' lang='grc' dir='ltr'>κόινωνίας</span> <span class='ocrx_word' id='word_1_663' title='bbox 1009 4649 1298 4724; x_wconf 86' lang='grc' dir='ltr'>προτίθησι</span> <span class='ocrx_word' id='word_1_664' title='bbox 1349 4655 1458 4705; x_wconf 83' lang='grc' dir='ltr'>τῶν</span> <span class='ocrx_word' id='word_1_665' title='bbox 1532 4617 1891 4727; x_wconf 45' lang='grc' dir='ltr'>πραγμάτων.</span> 
     </span>
    </p>
   </div>
   <div class='ocr_carea' id='block_1_92' title="bbox 2014 4617 3646 4727">
    <p class='ocr_par' dir='ltr' id='par_1_92' title="bbox 2014 4643 3646 4718">
     <span class='ocr_line' id='line_1_93' title="bbox 2014 4643 3646 4718; baseline -0.001 -17"><span class='ocrx_word' id='word_1_666' title='bbox 2014 4651 2300 4718; x_wconf 88' lang='lat' dir='ltr'><strong>pervetere</strong></span> <span class='ocrx_word' id='word_1_667' title='bbox 2344 4643 2668 4698; x_wconf 87' lang='lat' dir='ltr'><strong>necessario</strong></span> <span class='ocrx_word' id='word_1_668' title='bbox 2724 4659 2788 4696; x_wconf 83' lang='lat' dir='ltr'><strong>ac</strong></span> <span class='ocrx_word' id='word_1_669' title='bbox 2864 4643 3073 4710; x_wconf 90' lang='lat' dir='ltr'><strong>amico,</strong></span> <span class='ocrx_word' id='word_1_670' title='bbox 3131 4643 3192 4697; x_wconf 92' lang='lat' dir='ltr'><strong>in</strong></span> <span class='ocrx_word' id='word_1_671' title='bbox 3273 4645 3426 4715; x_wconf 90' lang='lat' dir='ltr'><strong>quod</strong></span> <span class='ocrx_word' id='word_1_672' title='bbox 3498 4644 3646 4700; x_wconf 89' lang='lat' dir='ltr'><strong>nihil</strong></span> 
     </span>
    </p>
   </div>
   <div class='ocr_carea' id='block_1_93' title="bbox 260 4738 1888 4816">
    <p class='ocr_par' dir='ltr' id='par_1_93' title="bbox 260 4738 1888 4816">
     <span class='ocr_line' id='line_1_94' title="bbox 260 4738 1888 4816; baseline 0.002 -23"><span class='ocrx_word' id='word_1_673' title='bbox 260 4739 388 4815; x_wconf 86' lang='grc' dir='ltr'>Ἐγὼ</span> <span class='ocrx_word' id='word_1_674' title='bbox 445 4738 505 4795; x_wconf 70' lang='grc' dir='ltr'>δὲ</span> <span class='ocrx_word' id='word_1_675' title='bbox 561 4740 868 4796; x_wconf 72' lang='grc' dir='ltr'>τούναντίον</span> <span class='ocrx_word' id='word_1_676' title='bbox 925 4741 1024 4809; x_wconf 78' lang='grc' dir='ltr'><strong>τήν</strong></span> <span class='ocrx_word' id='word_1_677' title='bbox 1081 4739 1366 4795; x_wconf 87' lang='grc' dir='ltr'>κοινωνίαν</span> <span class='ocrx_word' id='word_1_678' title='bbox 1419 4745 1516 4796; x_wconf 80' lang='grc' dir='ltr'><strong>τοῦ</strong></span> <span class='ocrx_word' id='word_1_679' title='bbox 1564 4742 1888 4816; x_wconf 77' lang='grc' dir='ltr'>πράγματος</span> 
     </span>
    </p>
   </div>
   <div class='ocr_carea' id='block_1_94' title="bbox 258 4827 1890 4907">
    <p class='ocr_par' dir='ltr' id='par_1_94' title="bbox 258 4827 1890 4907">
     <span class='ocr_line' id='line_1_95' title="bbox 258 4827 1890 4907; baseline 0.004 -27"><span class='ocrx_word' id='word_1_680' title='bbox 258 4827 419 4884; x_wconf 79' lang='grc' dir='ltr'>αἰτίαν</span> <span class='ocrx_word' id='word_1_681' title='bbox 466 4829 709 4907; x_wconf 83' lang='grc' dir='ltr'>γίνεσθαι</span> <span class='ocrx_word' id='word_1_682' title='bbox 759 4829 891 4899; x_wconf 81' lang='grc' dir='ltr'><strong>άξιῶ</strong></span> <span class='ocrx_word' id='word_1_683' title='bbox 933 4835 1034 4898; x_wconf 87' lang='grc' dir='ltr'><strong>τῆς</strong></span> <span class='ocrx_word' id='word_1_684' title='bbox 1079 4827 1291 4906; x_wconf 84' lang='grc' dir='ltr'>φιλίας.</span> <span class='ocrx_word' id='word_1_685' title='bbox 1334 4831 1538 4905; x_wconf 82' lang='grc' dir='ltr'>Ὥσπερ</span> <span class='ocrx_word' id='word_1_686' title='bbox 1582 4831 1685 4904; x_wconf 82' lang='grc' dir='ltr'><strong>γὰρ</strong></span> <span class='ocrx_word' id='word_1_687' title='bbox 1737 4831 1890 4886; x_wconf 86' lang='grc' dir='ltr'>κοινᾶ</span> 
     </span>
    </p>
   </div>
   <div class='ocr_carea' id='block_1_95' title="bbox 256 4915 1886 4995">
    <p class='ocr_par' dir='ltr' id='par_1_95' title="bbox 256 4915 1886 4995">
     <span class='ocr_line' id='line_1_96' title="bbox 256 4915 1886 4995; baseline 0.003 -26"><span class='ocrx_word' id='word_1_688' title='bbox 256 4917 316 4970; x_wconf 80' lang='grc' dir='ltr'>τὰ</span> <span class='ocrx_word' id='word_1_689' title='bbox 357 4925 455 4986; x_wconf 79' lang='grc' dir='ltr'><strong>τῆς</strong></span> <span class='ocrx_word' id='word_1_690' title='bbox 515 4919 725 4995; x_wconf 78' lang='grc' dir='ltr'>φύσεως</span> <span class='ocrx_word' id='word_1_691' title='bbox 773 4915 978 4973; x_wconf 80' lang='grc' dir='ltr'>δίδοται</span> <span class='ocrx_word' id='word_1_692' title='bbox 1035 4919 1126 4972; x_wconf 79' lang='grc' dir='ltr'><strong>καὶ</strong></span> <span class='ocrx_word' id='word_1_693' title='bbox 1181 4917 1470 4980; x_wconf 85' lang='grc' dir='ltr'>πλουσίοις</span> <span class='ocrx_word' id='word_1_694' title='bbox 1528 4919 1619 4974; x_wconf 80' lang='grc' dir='ltr'><strong>καὶ</strong></span> <span class='ocrx_word' id='word_1_695' title='bbox 1672 4920 1886 4992; x_wconf 80' lang='grc' dir='ltr'>πένησι,</span> 
     </span>
    </p>
   </div>
   <div class='ocr_carea' id='block_1_96' title="bbox 257 5005 1886 5084">
    <p class='ocr_par' dir='ltr' id='par_1_96' title="bbox 257 5005 1886 5084">
     <span class='ocr_line' id='line_1_97' title="bbox 257 5005 1886 5084; baseline 0.004 -26"><span class='ocrx_word' id='word_1_696' title='bbox 257 5006 336 5059; x_wconf 77' lang='grc' dir='ltr'><strong>καὶ</strong></span> <span class='ocrx_word' id='word_1_697' title='bbox 380 5005 502 5062; x_wconf 75' lang='grc' dir='ltr'>οὔτε</span> <span class='ocrx_word' id='word_1_698' title='bbox 549 5012 630 5079; x_wconf 77' lang='grc' dir='ltr'><strong>τῷ</strong></span> <span class='ocrx_word' id='word_1_699' title='bbox 681 5005 898 5082; x_wconf 86' lang='grc' dir='ltr'>βασιλεῖ</span> <span class='ocrx_word' id='word_1_700' title='bbox 947 5007 1082 5080; x_wconf 87' lang='grc' dir='ltr'>μετᾶ</span> <span class='ocrx_word' id='word_1_701' title='bbox 1122 5013 1222 5076; x_wconf 80' lang='grc' dir='ltr'><strong>τῆς</strong></span> <span class='ocrx_word' id='word_1_702' title='bbox 1272 5007 1556 5083; x_wconf 80' lang='grc' dir='ltr'>πορφύρας</span> <span class='ocrx_word' id='word_1_703' title='bbox 1603 5012 1886 5084; x_wconf 81' lang='grc' dir='ltr'>γεννᾶσθαι</span> 
     </span>
    </p>
   </div>
   <div class='ocr_carea' id='block_1_97' title="bbox 256 5091 1885 5172">
    <p class='ocr_par' dir='ltr' id='par_1_97' title="bbox 256 5091 1885 5172">
     <span class='ocr_line' id='line_1_98' title="bbox 256 5091 1885 5172; baseline 0.003 -25"><span class='ocrx_word' id='word_1_704' title='bbox 256 5095 546 5168; x_wconf 78' lang='grc' dir='ltr'>χαρίζεται,</span> <span class='ocrx_word' id='word_1_705' title='bbox 577 5093 690 5150; x_wconf 68' lang='grc' dir='ltr'>οὔτ’</span> <span class='ocrx_word' id='word_1_706' title='bbox 739 5096 802 5150; x_wconf 84' lang='grc' dir='ltr'><strong>αὗ</strong></span> <span class='ocrx_word' id='word_1_707' title='bbox 847 5098 928 5166; x_wconf 82' lang='grc' dir='ltr'><strong>τῷ</strong></span> <span class='ocrx_word' id='word_1_708' title='bbox 975 5094 1224 5169; x_wconf 78' lang='grc' dir='ltr'>βαναύσῳ</span> <span class='ocrx_word' id='word_1_709' title='bbox 1276 5097 1411 5168; x_wconf 86' lang='grc' dir='ltr'>μετὰ</span> <span class='ocrx_word' id='word_1_710' title='bbox 1459 5101 1555 5151; x_wconf 79' lang='grc' dir='ltr'><strong>τοῦ</strong></span> <span class='ocrx_word' id='word_1_711' title='bbox 1598 5091 1885 5172; x_wconf 74' lang='grc' dir='ltr'>τρίϐωνος,</span> 
     </span>
    </p>
   </div>
   <div class='ocr_carea' id='block_1_98' title="bbox 256 5181 1884 5262">
    <p class='ocr_par' dir='ltr' id='par_1_98' title="bbox 256 5181 1884 5262">
     <span class='ocr_line' id='line_1_99' title="bbox 256 5181 1884 5262; baseline 0.005 -26"><span class='ocrx_word' id='word_1_712' title='bbox 256 5181 392 5239; x_wconf 82' lang='grc' dir='ltr'><strong>ἀλλὰ</strong></span> <span class='ocrx_word' id='word_1_713' title='bbox 418 5185 656 5262; x_wconf 74' lang='grc' dir='ltr'>γυμνοὺς</span> <span class='ocrx_word' id='word_1_714' title='bbox 703 5182 1043 5262; x_wconf 81' lang='grc' dir='ltr'>ἀμφοτέρους</span> <span class='ocrx_word' id='word_1_715' title='bbox 1075 5186 1150 5246; x_wconf 85' lang='grc' dir='ltr'><strong>εἰς</strong></span> <span class='ocrx_word' id='word_1_716' title='bbox 1191 5187 1283 5241; x_wconf 89' lang='grc' dir='ltr'>τὸν</span> <span class='ocrx_word' id='word_1_717' title='bbox 1319 5187 1436 5262; x_wconf 91' lang='grc' dir='ltr'>βίον</span> <span class='ocrx_word' id='word_1_718' title='bbox 1468 5186 1637 5262; x_wconf 81' lang='grc' dir='ltr'>ἐξάγει</span> <span class='ocrx_word' id='word_1_719' title='bbox 1673 5207 1684 5216; x_wconf 93' lang='grc'><strong>·</strong></span> <span class='ocrx_word' id='word_1_720' title='bbox 1741 5187 1884 5244; x_wconf 78' lang='grc' dir='ltr'>οὕτω</span> 
     </span>
    </p>
   </div>
   <div class='ocr_carea' id='block_1_99' title="bbox 254 5274 1884 5354">
    <p class='ocr_par' dir='ltr' id='par_1_99' title="bbox 254 5274 1884 5354">
     <span class='ocr_line' id='line_1_100' title="bbox 254 5274 1884 5354; baseline 0.003 -28"><span class='ocrx_word' id='word_1_721' title='bbox 254 5275 334 5327; x_wconf 81' lang='grc' dir='ltr'><strong>καὶ</strong></span> <span class='ocrx_word' id='word_1_722' title='bbox 365 5276 399 5344; x_wconf 78' lang='grc' dir='ltr'><strong>ἡ</strong></span> <span class='ocrx_word' id='word_1_723' title='bbox 449 5277 612 5352; x_wconf 83' lang='grc' dir='ltr'>σοφία</span> <span class='ocrx_word' id='word_1_724' title='bbox 657 5274 784 5338; x_wconf 77' lang='grc' dir='ltr'>τοὺς</span> <span class='ocrx_word' id='word_1_725' title='bbox 833 5275 1029 5345; x_wconf 71' lang='grc' dir='ltr'>ἑαυτῆς</span> <span class='ocrx_word' id='word_1_726' title='bbox 1077 5275 1380 5354; x_wconf 86' lang='grc' dir='ltr'>τροφίμους</span> <span class='ocrx_word' id='word_1_727' title='bbox 1424 5275 1614 5346; x_wconf 86' lang='grc' dir='ltr'>ἐπίσης</span> <span class='ocrx_word' id='word_1_728' title='bbox 1667 5277 1884 5350; x_wconf 82' lang='grc' dir='ltr'>μαιεύε-</span> 
     </span>
    </p>
   </div>
   <div class='ocr_carea' id='block_1_100' title="bbox 252 5361 1884 5437">
    <p class='ocr_par' dir='ltr' id='par_1_100' title="bbox 252 5361 1884 5437">
     <span class='ocr_line' id='line_1_101' title="bbox 252 5361 1884 5437; baseline 0.003 -23"><span class='ocrx_word' id='word_1_729' title='bbox 252 5381 332 5416; x_wconf 85' lang='grc' dir='ltr'><strong>ται</strong></span> <span class='ocrx_word' id='word_1_730' title='bbox 377 5365 595 5432; x_wconf 85' lang='grc' dir='ltr'>πάντας,</span> <span class='ocrx_word' id='word_1_731' title='bbox 637 5363 725 5419; x_wconf 85' lang='grc' dir='ltr'><strong>καῖ</strong></span> <span class='ocrx_word' id='word_1_732' title='bbox 775 5363 943 5437; x_wconf 77' lang='grc' dir='ltr'>ὅμοια</span> <span class='ocrx_word' id='word_1_733' title='bbox 991 5365 1060 5420; x_wconf 81' lang='grc' dir='ltr'><strong>τὰ</strong></span> <span class='ocrx_word' id='word_1_734' title='bbox 1106 5371 1205 5432; x_wconf 82' lang='grc' dir='ltr'><strong>τῆς</strong></span> <span class='ocrx_word' id='word_1_735' title='bbox 1258 5361 1504 5427; x_wconf 84' lang='grc' dir='ltr'>παιδείας</span> <span class='ocrx_word' id='word_1_736' title='bbox 1558 5364 1720 5420; x_wconf 77' lang='grc' dir='ltr'>ἅπασι</span> <span class='ocrx_word' id='word_1_737' title='bbox 1771 5361 1884 5419; x_wconf 87' lang='grc' dir='ltr'>δια-</span> 
     </span>
    </p>
   </div>
   <div class='ocr_carea' id='block_1_101' title="bbox 253 5451 1882 5532">
    <p class='ocr_par' dir='ltr' id='par_1_101' title="bbox 253 5451 1882 5532">
     <span class='ocr_line' id='line_1_102' title="bbox 253 5451 1882 5532; baseline 0.003 -27"><span class='ocrx_word' id='word_1_738' title='bbox 253 5453 414 5524; x_wconf 73' lang='grc' dir='ltr'>νέμει,</span> <span class='ocrx_word' id='word_1_739' title='bbox 443 5455 534 5509; x_wconf 82' lang='grc' dir='ltr'><strong>καὶ</strong></span> <span class='ocrx_word' id='word_1_740' title='bbox 562 5451 772 5528; x_wconf 83' lang='grc' dir='ltr'>ἀδελφά</span> <span class='ocrx_word' id='word_1_741' title='bbox 815 5459 1030 5532; x_wconf 87' lang='grc' dir='ltr'>φρονεῖν</span> <span class='ocrx_word' id='word_1_742' title='bbox 1077 5453 1354 5524; x_wconf 76' lang='grc' dir='ltr'>ἀλλήλοις</span> <span class='ocrx_word' id='word_1_743' title='bbox 1393 5457 1481 5511; x_wconf 82' lang='grc' dir='ltr'><strong>καὶ</strong></span> <span class='ocrx_word' id='word_1_744' title='bbox 1534 5455 1779 5530; x_wconf 79' lang='grc' dir='ltr'>αὐτοφυᾶ</span> <span class='ocrx_word' id='word_1_745' title='bbox 1823 5476 1882 5511; x_wconf 89' lang='grc' dir='ltr'><strong>τε</strong></span> 
     </span>
    </p>
   </div>
   <div class='ocr_carea' id='block_1_102' title="bbox 251 5537 1881 5622">
    <p class='ocr_par' dir='ltr' id='par_1_102' title="bbox 251 5537 1881 5622">
     <span class='ocr_line' id='line_1_103' title="bbox 251 5537 1881 5622; baseline 0.004 -28"><span class='ocrx_word' id='word_1_746' title='bbox 251 5544 333 5595; x_wconf 78' lang='grc' dir='ltr'><strong>καὶ</strong></span> <span class='ocrx_word' id='word_1_747' title='bbox 360 5540 743 5599; x_wconf 79' lang='grc' dir='ltr'>αὐτοδίδακτὸν</span> <span class='ocrx_word' id='word_1_748' title='bbox 773 5537 919 5618; x_wconf 79' lang='grc' dir='ltr'>ἔχειν</span> <span class='ocrx_word' id='word_1_749' title='bbox 953 5542 1094 5613; x_wconf 80' lang='grc' dir='ltr'>ἀξιοῖ</span> <span class='ocrx_word' id='word_1_750' title='bbox 1121 5545 1220 5613; x_wconf 73' lang='grc' dir='ltr'>τὴν</span> <span class='ocrx_word' id='word_1_751' title='bbox 1263 5542 1472 5622; x_wconf 83' lang='grc' dir='ltr'>φιλίαν.</span> <span class='ocrx_word' id='word_1_752' title='bbox 1507 5544 1570 5600; x_wconf 78' lang='grc' dir='ltr'><strong>Εἰ</strong></span> <span class='ocrx_word' id='word_1_753' title='bbox 1602 5541 1648 5599; x_wconf 84' lang='grc' dir='ltr'>δ’</span> <span class='ocrx_word' id='word_1_754' title='bbox 1697 5542 1881 5620; x_wconf 79' lang='grc' dir='ltr'>ὥσπερ</span> 
     </span>
    </p>
   </div>
   <div class='ocr_carea' id='block_1_103' title="bbox 253 5630 1876 5708">
    <p class='ocr_par' dir='ltr' id='par_1_103' title="bbox 253 5630 1876 5708">
     <span class='ocr_line' id='line_1_104' title="bbox 253 5630 1876 5708; baseline 0.002 -23"><span class='ocrx_word' id='word_1_755' title='bbox 253 5633 285 5700; x_wconf 82' lang='grc' dir='ltr'>ἡ</span> <span class='ocrx_word' id='word_1_756' title='bbox 331 5631 480 5708; x_wconf 74' lang='grc' dir='ltr'>φύσις</span> <span class='ocrx_word' id='word_1_757' title='bbox 527 5635 796 5706; x_wconf 85' lang='grc' dir='ltr'>προῖοῦσα</span> <span class='ocrx_word' id='word_1_758' title='bbox 835 5630 1186 5688; x_wconf 82' lang='grc' dir='ltr'>ποικίλλεται</span> <span class='ocrx_word' id='word_1_759' title='bbox 1215 5633 1484 5702; x_wconf 87' lang='grc' dir='ltr'>παίζουσα</span> <span class='ocrx_word' id='word_1_760' title='bbox 1527 5633 1627 5702; x_wconf 83' lang='grc' dir='ltr'>τὴν</span> <span class='ocrx_word' id='word_1_761' title='bbox 1672 5635 1876 5704; x_wconf 77' lang='grc' dir='ltr'>σκηνὴν</span> 
     </span>
    </p>
   </div>
   <div class='ocr_carea' id='block_1_104' title="bbox 251 5718 1877 5798">
    <p class='ocr_par' dir='ltr' id='par_1_104' title="bbox 251 5718 1877 5798">
     <span class='ocr_line' id='line_1_105' title="bbox 251 5718 1877 5798; baseline 0 -22"><span class='ocrx_word' id='word_1_762' title='bbox 251 5723 351 5776; x_wconf 79' lang='grc' dir='ltr'><strong>τῶν</strong></span> <span class='ocrx_word' id='word_1_763' title='bbox 407 5718 628 5777; x_wconf 73' lang='grc' dir='ltr'>ἐνταῦθα</span> <span class='ocrx_word' id='word_1_764' title='bbox 681 5719 964 5790; x_wconf 87' lang='grc' dir='ltr'>ἐνυπνίων,</span> <span class='ocrx_word' id='word_1_765' title='bbox 1023 5719 1113 5774; x_wconf 87' lang='grc' dir='ltr'><strong>καὶ</strong></span> <span class='ocrx_word' id='word_1_766' title='bbox 1162 5719 1544 5798; x_wconf 69' lang='grc' dir='ltr'>συμφερομένη</span> <span class='ocrx_word' id='word_1_767' title='bbox 1604 5725 1720 5776; x_wconf 84' lang='grc' dir='ltr'>τοῖς</span> <span class='ocrx_word' id='word_1_768' title='bbox 1777 5729 1877 5794; x_wconf 83' lang='grc' dir='ltr'>τῆς</span> 
     </span>
    </p>
   </div>
   <div class='ocr_carea' id='block_1_105' title="bbox 561 5819 1240 5884">
    <p class='ocr_par' dir='ltr' id='par_1_105' title="bbox 561 5819 1240 5884">
     <span class='ocr_line' id='line_1_106' title="bbox 561 5819 1240 5884; baseline -0.003 0"><span class='ocrx_word' id='word_1_769' title='bbox 561 5825 816 5884; x_wconf 60' lang='lat' dir='ltr'><strong>Panos.</strong></span> <span class='ocrx_word' id='word_1_770' title='bbox 859 5824 975 5883; x_wconf 76' lang='lat' dir='ltr'><strong>Gn.</strong></span> <span class='ocrx_word' id='word_1_771' title='bbox 1020 5819 1240 5883; x_wconf 84' lang='lat' dir='ltr'><strong>CXLV.</strong></span> 
     </span>
    </p>
   </div>
   <div class='ocr_carea' id='block_1_106' title="bbox 2001 4731 3646 4804">
    <p class='ocr_par' dir='ltr' id='par_1_106' title="bbox 2001 4731 3646 4804">
     <span class='ocr_line' id='line_1_107' title="bbox 2001 4731 3646 4804; baseline -0.001 -13"><span class='ocrx_word' id='word_1_772' title='bbox 2001 4737 2158 4792; x_wconf 89' lang='lat' dir='ltr'><strong>aliud</strong></span> <span class='ocrx_word' id='word_1_773' title='bbox 2232 4749 2410 4804; x_wconf 90' lang='lat' dir='ltr'><strong>quam</strong></span> <span class='ocrx_word' id='word_1_774' title='bbox 2482 4732 2804 4787; x_wconf 87' lang='lat' dir='ltr'><strong>litterarum</strong></span> <span class='ocrx_word' id='word_1_775' title='bbox 2890 4731 3331 4802; x_wconf 82' lang='lat' dir='ltr'><strong>studiorumque</strong></span> <span class='ocrx_word' id='word_1_776' title='bbox 3395 4733 3646 4803; x_wconf 90' lang='lat' dir='ltr'><strong>respicio</strong></span> 
     </span>
    </p>
   </div>
   <div class='ocr_carea' id='block_1_107' title="bbox 2001 4819 3640 4890">
    <p class='ocr_par' dir='ltr' id='par_1_107' title="bbox 2001 4819 3640 4890">
     <span class='ocr_line' id='line_1_108' title="bbox 2001 4819 3640 4890; baseline -0.002 -9"><span class='ocrx_word' id='word_1_777' title='bbox 2001 4824 2500 4881; x_wconf 89' lang='lat' dir='ltr'><strong>communionem.</strong></span> <span class='ocrx_word' id='word_1_778' title='bbox 2553 4821 2694 4876; x_wconf 88' lang='lat' dir='ltr'><strong>Cum</strong></span> <span class='ocrx_word' id='word_1_779' title='bbox 2741 4819 2919 4887; x_wconf 89' lang='lat' dir='ltr'><strong>enim,</strong></span> <span class='ocrx_word' id='word_1_780' title='bbox 2980 4821 3128 4890; x_wconf 90' lang='lat' dir='ltr'><strong>quod</strong></span> <span class='ocrx_word' id='word_1_781' title='bbox 3173 4837 3263 4875; x_wconf 90' lang='lat' dir='ltr'><strong>res</strong></span> <span class='ocrx_word' id='word_1_782' title='bbox 3322 4823 3640 4878; x_wconf 89' lang='lat' dir='ltr'><strong>amicorum</strong></span> 
     </span>
    </p>
   </div>
   <div class='ocr_carea' id='block_1_108' title="bbox 1998 4909 3644 4982">
    <p class='ocr_par' dir='ltr' id='par_1_108' title="bbox 1998 4909 3644 4982">
     <span class='ocr_line' id='line_1_109' title="bbox 1998 4909 3644 4982; baseline -0.001 -12"><span class='ocrx_word' id='word_1_783' title='bbox 1998 4928 2342 4970; x_wconf 90' lang='lat' dir='ltr'><strong>communes</strong></span> <span class='ocrx_word' id='word_1_784' title='bbox 2369 4927 2495 4967; x_wconf 82' lang='lat' dir='ltr'><strong>esse</strong></span> <span class='ocrx_word' id='word_1_785' title='bbox 2525 4914 2784 4982; x_wconf 88' lang='lat' dir='ltr'><strong>oportere</strong></span> <span class='ocrx_word' id='word_1_786' title='bbox 2803 4909 3366 4979; x_wconf 82' lang='lat' dir='ltr'><strong>afﬂrmatadagium,</strong></span> <span class='ocrx_word' id='word_1_787' title='bbox 3400 4925 3644 4968; x_wconf 85' lang='lat' dir='ltr'><strong>causam</strong></span> 
     </span>
    </p>
   </div>
   <div class='ocr_carea' id='block_1_109' title="bbox 1999 4997 3644 5074">
    <p class='ocr_par' dir='ltr' id='par_1_109' title="bbox 1999 4997 3644 5074">
     <span class='ocr_line' id='line_1_110' title="bbox 1999 4997 3644 5074; baseline -0.001 -17"><span class='ocrx_word' id='word_1_788' title='bbox 1999 5001 2451 5070; x_wconf 91' lang='lat' dir='ltr'><strong>communionis,</strong></span> <span class='ocrx_word' id='word_1_789' title='bbox 2502 4999 2840 5063; x_wconf 81' lang='lat' dir='ltr'><strong>amicitiam,</strong></span> <span class='ocrx_word' id='word_1_790' title='bbox 2895 4997 3064 5053; x_wconf 90' lang='lat' dir='ltr'><strong>rebus</strong></span> <span class='ocrx_word' id='word_1_791' title='bbox 3125 4997 3270 5069; x_wconf 88' lang='lat' dir='ltr'><strong>ipsis</strong></span> <span class='ocrx_word' id='word_1_792' title='bbox 3329 5002 3644 5074; x_wconf 66' lang='lat' dir='ltr'><strong>prmstruit,</strong></span> 
     </span>
    </p>
   </div>
   <div class='ocr_carea' id='block_1_110' title="bbox 1996 5090 3634 5163">
    <p class='ocr_par' dir='ltr' id='par_1_110' title="bbox 1996 5090 3634 5163">
     <span class='ocr_line' id='line_1_111' title="bbox 1996 5090 3634 5163; baseline -0.002 -12"><span class='ocrx_word' id='word_1_793' title='bbox 1996 5101 2198 5152; x_wconf 89' lang='lat' dir='ltr'><strong>contra</strong></span> <span class='ocrx_word' id='word_1_794' title='bbox 2227 5110 2294 5148; x_wconf 87' lang='lat' dir='ltr'><strong>ea</strong></span> <span class='ocrx_word' id='word_1_795' title='bbox 2342 5093 2421 5148; x_wconf 89' lang='lat' dir='ltr'><strong>rei</strong></span> <span class='ocrx_word' id='word_1_796' title='bbox 2469 5091 2656 5162; x_wconf 89' lang='lat' dir='ltr'><strong>ipsius</strong></span> <span class='ocrx_word' id='word_1_797' title='bbox 2713 5090 3207 5154; x_wconf 88' lang='lat' dir='ltr'><strong>communionem,</strong></span> <span class='ocrx_word' id='word_1_798' title='bbox 3239 5105 3473 5145; x_wconf 86' lang='lat' dir='ltr'><strong>causam</strong></span> <span class='ocrx_word' id='word_1_799' title='bbox 3525 5107 3634 5163; x_wconf 89' lang='lat' dir='ltr'><strong>ego</strong></span> 
     </span>
    </p>
   </div>
   <div class='ocr_carea' id='block_1_111' title="bbox 1995 5178 3643 5250">
    <p class='ocr_par' dir='ltr' id='par_1_111' title="bbox 1995 5178 3643 5250">
     <span class='ocr_line' id='line_1_112' title="bbox 1995 5178 3643 5250; baseline -0.002 -11"><span class='ocrx_word' id='word_1_800' title='bbox 1995 5199 2122 5240; x_wconf 91' lang='lat' dir='ltr'><strong>esse</strong></span> <span class='ocrx_word' id='word_1_801' title='bbox 2173 5184 2300 5238; x_wconf 92' lang='lat' dir='ltr'><strong>volo</strong></span> <span class='ocrx_word' id='word_1_802' title='bbox 2353 5181 2642 5237; x_wconf 76' lang='lat' dir='ltr'><strong>amicitias.</strong></span> <span class='ocrx_word' id='word_1_803' title='bbox 2675 5179 2898 5250; x_wconf 87' lang='lat' dir='ltr'><strong>Quippe</strong></span> <span class='ocrx_word' id='word_1_804' title='bbox 2937 5178 3434 5249; x_wconf 90' lang='lat' dir='ltr'><strong>quemadmodum</strong></span> <span class='ocrx_word' id='word_1_805' title='bbox 3481 5195 3643 5235; x_wconf 87' lang='lat' dir='ltr'><strong>com-</strong></span> 
     </span>
    </p>
   </div>
   <div class='ocr_carea' id='block_1_112' title="bbox 1996 5268 3643 5340">
    <p class='ocr_par' dir='ltr' id='par_1_112' title="bbox 1996 5268 3643 5340">
     <span class='ocr_line' id='line_1_113' title="bbox 1996 5268 3643 5340; baseline -0.002 -12"><span class='ocrx_word' id='word_1_806' title='bbox 1996 5273 2196 5330; x_wconf 91' lang='lat' dir='ltr'><strong>munia</strong></span> <span class='ocrx_word' id='word_1_807' title='bbox 2225 5272 2505 5327; x_wconf 84' lang='lat' dir='ltr'><strong>divitibus</strong></span> <span class='ocrx_word' id='word_1_808' title='bbox 2561 5275 2618 5326; x_wconf 89' lang='lat' dir='ltr'><strong>et</strong></span> <span class='ocrx_word' id='word_1_809' title='bbox 2674 5268 2868 5340; x_wconf 85' lang='lat' dir='ltr'><strong>egenis</strong></span> <span class='ocrx_word' id='word_1_810' title='bbox 2924 5271 3147 5322; x_wconf 67' lang='lat' dir='ltr'><strong>natura:</strong></span> <span class='ocrx_word' id='word_1_811' title='bbox 3205 5283 3444 5322; x_wconf 83' lang='lat' dir='ltr'><strong>munera</strong></span> <span class='ocrx_word' id='word_1_812' title='bbox 3503 5273 3643 5325; x_wconf 88' lang='lat' dir='ltr'><strong>sunt</strong></span> 
     </span>
    </p>
   </div>
   <div class='ocr_carea' id='block_1_113' title="bbox 1991 5356 3640 5433">
    <p class='ocr_par' dir='ltr' id='par_1_113' title="bbox 1991 5356 3640 5433">
     <span class='ocr_line' id='line_1_114' title="bbox 1991 5356 3640 5433; baseline -0.004 -14"><span class='ocrx_word' id='word_1_813' title='bbox 1991 5363 2209 5431; x_wconf 88' lang='lat' dir='ltr'><strong>omnia,</strong></span> <span class='ocrx_word' id='word_1_814' title='bbox 2242 5361 2474 5433; x_wconf 86' lang='lat' dir='ltr'><strong>quando</strong></span> <span class='ocrx_word' id='word_1_815' title='bbox 2507 5375 2611 5414; x_wconf 91' lang='lat' dir='ltr'><strong>nec</strong></span> <span class='ocrx_word' id='word_1_816' title='bbox 2643 5358 2755 5429; x_wconf 82' lang='lat' dir='ltr'><strong>regi</strong></span> <span class='ocrx_word' id='word_1_817' title='bbox 2789 5373 2921 5411; x_wconf 90' lang='lat' dir='ltr'><strong>cum</strong></span> <span class='ocrx_word' id='word_1_818' title='bbox 2955 5373 3220 5428; x_wconf 87' lang='lat' dir='ltr'><strong>purpura</strong></span> <span class='ocrx_word' id='word_1_819' title='bbox 3252 5357 3410 5411; x_wconf 88' lang='lat' dir='ltr'><strong>nasci</strong></span> <span class='ocrx_word' id='word_1_820' title='bbox 3445 5356 3640 5412; x_wconf 85' lang='lat' dir='ltr'><strong>indul-</strong></span> 
     </span>
    </p>
   </div>
   <div class='ocr_carea' id='block_1_114' title="bbox 1990 5443 3638 5528">
    <p class='ocr_par' dir='ltr' id='par_1_114' title="bbox 1990 5443 3638 5528">
     <span class='ocr_line' id='line_1_115' title="bbox 1990 5443 3638 5528; baseline -0.005 -17"><span class='ocrx_word' id='word_1_821' title='bbox 1990 5459 2108 5528; x_wconf 85' lang='lat' dir='ltr'><strong>get,</strong></span> <span class='ocrx_word' id='word_1_822' title='bbox 2141 5468 2246 5508; x_wconf 87' lang='lat' dir='ltr'><strong>nec</strong></span> <span class='ocrx_word' id='word_1_823' title='bbox 2277 5451 2467 5523; x_wconf 79' lang='lat' dir='ltr'><strong>opifici</strong></span> <span class='ocrx_word' id='word_1_824' title='bbox 2485 5447 2780 5505; x_wconf 88' lang='lat' dir='ltr'><strong>sellulario</strong></span> <span class='ocrx_word' id='word_1_825' title='bbox 2803 5461 2933 5501; x_wconf 91' lang='lat' dir='ltr'><strong>cum</strong></span> <span class='ocrx_word' id='word_1_826' title='bbox 2959 5444 3172 5501; x_wconf 91' lang='lat' dir='ltr'><strong>scissili</strong></span> <span class='ocrx_word' id='word_1_827' title='bbox 3197 5443 3514 5516; x_wconf 86' lang='lat' dir='ltr'><strong>palliastro,</strong></span> <span class='ocrx_word' id='word_1_828' title='bbox 3539 5447 3638 5503; x_wconf 83' lang='lat' dir='ltr'><strong>sed</strong></span> 
     </span>
    </p>
   </div>
   <div class='ocr_carea' id='block_1_115' title="bbox 1990 5533 3637 5610">
    <p class='ocr_par' dir='ltr' id='par_1_115' title="bbox 1990 5533 3637 5610">
     <span class='ocr_line' id='line_1_116' title="bbox 1990 5533 3637 5610; baseline -0.005 -11"><span class='ocrx_word' id='word_1_829' title='bbox 1990 5543 2179 5600; x_wconf 87' lang='lat' dir='ltr'><strong>nudos</strong></span> <span class='ocrx_word' id='word_1_830' title='bbox 2227 5545 2502 5610; x_wconf 89' lang='lat' dir='ltr'><strong>utrosque</strong></span> <span class='ocrx_word' id='word_1_831' title='bbox 2531 5539 2592 5594; x_wconf 90' lang='lat' dir='ltr'><strong>in</strong></span> <span class='ocrx_word' id='word_1_832' title='bbox 2644 5537 2821 5590; x_wconf 91' lang='lat' dir='ltr'><strong>vitam</strong></span> <span class='ocrx_word' id='word_1_833' title='bbox 2869 5534 3115 5590; x_wconf 89' lang='lat' dir='ltr'><strong>educit:</strong></span> <span class='ocrx_word' id='word_1_834' title='bbox 3149 5534 3232 5588; x_wconf 89' lang='lat' dir='ltr'><strong>ita</strong></span> <span class='ocrx_word' id='word_1_835' title='bbox 3289 5533 3414 5588; x_wconf 87' lang='lat' dir='ltr'><strong>suis</strong></span> <span class='ocrx_word' id='word_1_836' title='bbox 3462 5535 3637 5591; x_wconf 82' lang='lat' dir='ltr'><strong>etiam</strong></span> 
     </span>
    </p>
   </div>
   <div class='ocr_carea' id='block_1_116' title="bbox 1990 5621 3637 5696">
    <p class='ocr_par' dir='ltr' id='par_1_116' title="bbox 1990 5621 3637 5696">
     <span class='ocr_line' id='line_1_117' title="bbox 1990 5621 3637 5696; baseline -0.006 -7"><span class='ocrx_word' id='word_1_837' title='bbox 1990 5631 2246 5688; x_wconf 85' lang='lat' dir='ltr'><strong>alumnis</strong></span> <span class='ocrx_word' id='word_1_838' title='bbox 2275 5629 2544 5686; x_wconf 87' lang='lat' dir='ltr'><strong>omnibus</strong></span> <span class='ocrx_word' id='word_1_839' title='bbox 2567 5625 2803 5682; x_wconf 91' lang='lat' dir='ltr'><strong>easdem</strong></span> <span class='ocrx_word' id='word_1_840' title='bbox 2835 5638 3037 5696; x_wconf 87' lang='lat' dir='ltr'><strong>operas</strong></span> <span class='ocrx_word' id='word_1_841' title='bbox 3092 5621 3461 5679; x_wconf 79' lang='lat' dir='ltr'><strong>obstetricias</strong></span> <span class='ocrx_word' id='word_1_842' title='bbox 3495 5641 3637 5696; x_wconf 72' lang='lat' dir='ltr'><strong>prae-</strong></span> 
     </span>
    </p>
   </div>
   <div class='ocr_carea' id='block_1_117' title="bbox 1988 5711 3638 5795">
    <p class='ocr_par' dir='ltr' id='par_1_117' title="bbox 1988 5711 3638 5795">
     <span class='ocr_line' id='line_1_118' title="bbox 1988 5711 3638 5795; baseline -0.007 -14"><span class='ocrx_word' id='word_1_843' title='bbox 1988 5727 2107 5781; x_wconf 85' lang='lat' dir='ltr'><strong>stat</strong></span> <span class='ocrx_word' id='word_1_844' title='bbox 2138 5721 2426 5795; x_wconf 79' lang='lat' dir='ltr'><strong>sapientia</strong></span> <span class='ocrx_word' id='word_1_845' title='bbox 2455 5723 2511 5776; x_wconf 90' lang='lat' dir='ltr'><strong>et</strong></span> <span class='ocrx_word' id='word_1_846' title='bbox 2539 5715 2753 5776; x_wconf 90' lang='lat' dir='ltr'><strong>similia</strong></span> <span class='ocrx_word' id='word_1_847' title='bbox 2773 5715 3000 5771; x_wconf 88' lang='lat' dir='ltr'><strong>cunctis</strong></span> <span class='ocrx_word' id='word_1_848' title='bbox 3021 5711 3295 5770; x_wconf 69' lang='lat' dir='ltr'><strong>doctrinas</strong></span> <span class='ocrx_word' id='word_1_849' title='bbox 3337 5712 3638 5776; x_wconf 77' lang='lat' dir='ltr'><strong>distribuit</strong></span> 
     </span>
    </p>
   </div>
   <div class='ocr_carea' id='block_1_118' title="bbox 3239 5811 3316 5874">
    <p class='ocr_par' dir='ltr' id='par_1_118' title="bbox 3239 5811 3316 5874">
     <span class='ocr_line' id='line_1_119' title="bbox 3239 5811 3316 5874; baseline -0.039 0"><span class='ocrx_word' id='word_1_850' title='bbox 3239 5811 3316 5874; x_wconf 70' lang='grc'><strong>14</strong></span> 
     </span>
    </p>
   </div>
  </div>
