3982 6216
410 445 528 504 427

1701 430 2094 496 THEODULl
2141 421 2494 490 MONACHI

3681 410 3780 472 428

413 595 675 650 munera,
707 577 936 647 sibique
975 579 1178 630 mutuo
1224 572 1510 628 fraternos
1559 569 1788 624 animos
1832 581 2048 640 gerere,

2178 559 2302 629 ίλής
2333 556 2574 632 εύρίποις
2607 555 2680 615 ὥς
2712 551 2780 607 τὰ
2819 547 3027 618 πολλὰ,
3059 545 3203 601 οὕτω
3231 546 3323 600 καὶ
3371 543 3570 614 ταύτην
3613 545 3783 620 φήσειὲ

2293 647 2305 650 _
2388 647 2397 650 _
2551 643 2594 650 -_
2665 643 2678 650 -
2736 640 2746 650 .
2955 639 2969 650 .
3055 642 3083 650 _
3125 637 3148 650 ..
3333 639 3345 650 .
3409 634 3420 650 .
3491 634 3504 650 .
3751 632 3762 650 .

411 687 478 726 ac
495 681 712 725 naturae
733 668 982 739 quodam
1001 665 1284 721 instinctu
1301 664 1535 718 insitam
1559 665 2052 728 monstratumque

413 759 600 814 fovere
660 755 1169 820 necessitudinem,
1222 751 1498 824 praecipit.
1561 751 1660 805 Sin
1716 756 1932 806 autem,
1992 748 2055 798 ut

411 851 618 903 natura
641 861 946 917 progressu
965 842 1244 914 temporis
1269 841 1546 904 variatur,
1569 841 1708 893 dum
1733 835 2055 892 ludibunda

411 937 796 998 somniorum,
822 951 949 1005 qum
983 933 1077 987 bis
1107 932 1166 986 in
1201 931 1367 985 terris
1399 934 1554 995 sunt,
1591 943 1822 984 scenam
1879 925 2056 978 ador—

413 1030 532 1094 nat,
566 1031 622 1080 et
675 1041 792 1080 una
837 1040 968 1078 cum
1021 1019 1275 1076 materiae
1325 1019 1576 1090 Euripis,
1627 1021 1690 1072 ut
1739 1013 2054 1088 plurimum

411 1113 880 1170 circumvertitur
912 1127 926 1166 :
959 1112 1032 1164 ita
1065 1117 1113 1163 et
1151 1106 1596 1163 familiaritatem
1634 1105 1781 1160 hanc
1812 1119 1882 1158 ex
1932 1117 2057 1156 ma-

413 1203 556 1259 terie
593 1201 792 1256 itidem
828 1199 1156 1256 necessario
1191 1197 1459 1270 pendere,
1501 1195 1700 1266 illique
1747 1195 2053 1248 consenta-

413 1309 578 1348 neam
615 1289 762 1355 ﬁeri,
797 1296 852 1344 et
881 1303 1302 1358 nonnunquam
1337 1285 1649 1348 confluere,
1679 1289 1736 1338 et
1785 1279 2059 1334 facillime

415 1397 622 1436 rursus
673 1379 1001 1446 abscedere,
1035 1375 1322 1448 quispiam
1376 1373 1708 1440 contendat,
1737 1370 1877 1425 illud
1916 1366 2060 1422 mihi

417 1469 562 1528 nihil
595 1469 904 1525 admodum
939 1467 1008 1520 ad
1045 1481 1162 1520 rem
1195 1470 1384 1518 tacere
1414 1461 1782 1527 censebitur;
1817 1458 2060 1513 minime

413 1564 566 1617 enim
617 1558 1212 1632 ejusmodiﬂuctuum
1251 1571 1557 1610 murmura
1580 1553 2059 1620 extimescit,que

415 1657 568 1706 recte
602 1655 769 1720 atque
799 1648 1003 1704 ordine
1039 1647 1282 1700 fundata
1312 1649 1400 1699 est
1431 1643 1704 1708 amicitia,
1735 1657 1936 1696 verum
1969 1639 2061 1693 in-

419 1739 728 1795 ferioribus
785 1736 1061 1793 omnibus
1114 1734 1348 1790 omissis
1415 1750 1480 1788 ac
1537 1731 1772 1796 relictis,
1824 1743 2060 1784 sursum

416 1835 717 1900 perpetuo,
751 1828 816 1882 ad
867 1827 999 1882 illos
1039 1833 1297 1896 expertes
1343 1821 1556 1878 erroris
1607 1837 1796 1875 rerum
1851 1821 2060 1886 fontes,

415 1917 625 1972 animas
673 1913 890 1969 attollit
942 1911 1159 1976 oculos,
1194 1919 1247 1965 et
1303 1909 1558 1964 indidem
1612 1911 1749 1978 jura
1804 1905 2061 1962 veritatis

420 2006 746 2061 rectissime
795 2003 1086 2059 edocetur.
1132 2001 1266 2066 Qum
1308 2016 1441 2055 vero
1485 1999 1718 2055 infirma
1765 1997 1876 2051 sibi
1924 1995 2061 2050 sub-

420 2097 624 2150 sternit
659 2095 1057 2159 fundamenta,
1102 2107 1164 2145 ea
1218 2105 1450 2146 manere
1497 2088 1702 2154 nescit,
1754 2085 1852 2142 sed
1905 2083 2063 2139 brevi

424 2183 767 2240 convellitur
822 2187 878 2237 et
932 2180 1234 2247 dilabitur,
1295 2179 1436 2250 quin
1492 2187 1546 2233 et
1603 2179 1672 2232 ad
1730 2176 2062 2245 oppositum

425 2287 848 2344 nonnunquam
910 2284 1203 2325 recurrere
1249 2269 1452 2322 vitium
1510 2265 1873 2337 (inimicitias
1931 2263 2062 2317 odi-

421 2365 660 2434 umque)
717 2377 827 2416 non
877 2365 1122 2414 veretur.
1178 2357 1280 2414 Cui
1335 2373 1464 2422 nos,
1521 2372 1654 2410 cum
1717 2354 1908 2409 Samio
1965 2351 2062 2406 illo

419 2449 772 2521 Pythagora,
831 2449 1022 2499 inanes
1079 2443 1316 2498 tumulo:
1385 2442 1590 2498 merito
1648 2441 1888 2512 erigere,
1949 2452 2064 2492 non

432 2538 590 2593 illam
670 2535 909 2601 imitari,
991 2533 1288 2604 jubemus,
1358 2537 1557 2603 utpote
1631 2547 1756 2600 quae
1837 2545 1866 2584 e
1945 2528 2066 2581 vita

427 2629 497 2684 ad
579 2626 878 2680 interitum
955 2623 1064 2678 hoc
1135 2623 1249 2677 fere
1322 2631 1486 2693 pacto
1559 2620 1893 2691 transfugit.
1975 2616 2067 2672 Sic

424 2733 527 2788 ego
574 2713 874 2770 scminalia
914 2714 1172 2784 quidem,
1230 2713 1325 2767 sed
1371 2711 1537 2766 firma
1592 2727 1657 2765 ac
1709 2721 1858 2764 certa
1917 2705 2063 2762 ami-

431 2805 576 2860 citias
611 2803 874 2874 pignora,
907 2807 970 2855 ut
1009 2801 1165 2871 prior
1211 2801 1316 2855 tibi
1363 2801 1640 2855 traderem
1690 2807 1892 2868 sponte
1943 2813 2070 2852 mea

424 2893 715 2949 adductus
748 2908 891 2958 sum,
925 2896 988 2944 ut
1019 2891 1117 2961 qui
1167 2891 1388 2960 priores
1437 2889 1566 2943 illas
1605 2887 2068 2958 suspiciunculas

428 2981 672 3036 minime
702 2979 1010 3050 cauponari
1042 2993 1297 3048 possem,
1330 2977 1453 3046 ejus
1483 2981 1692 3042 autem,
1727 2975 1876 3045 quod
1912 2974 2068 3028 futu-

429 3085 556 3124 rum
599 3073 743 3136 erat,
777 3067 1071 3136 conjector
1121 3065 1336 3136 pariter
1387 3069 1443 3118 et
1489 3069 1642 3117 vates
1691 3063 1842 3118 haud
1889 3063 2069 3117 falsus

425 3176 492 3214 ex
528 3159 745 3212 nostris
779 3156 1040 3210 moribus
1073 3169 1280 3208 essem.
1303 3153 1427 3208 1am
1463 3153 1510 3206 si
1544 3169 1611 3206 ex
1644 3151 1713 3206 iis
1762 3167 1889 3222 quae
1933 3167 2072 3206 nas-

427 3251 643 3302 cuntur
689 3249 1110 3314 moventurque
1159 3242 1357 3306 rebus,
1407 3255 1765 3312 quaecunque
1812 3241 2066 3294 immotas

431 3353 664 3392 manere
713 3335 922 3399 solent,
963 3339 1288 3403 aegrescunt
1319 3339 1376 3386 et
1405 3337 1706 3398 marcent;
1769 3330 1970 3401 utique
2017 3335 2071 3384 et

427 3431 623 3481 nostra
673 3421 1012 3493 hujusmodi
1064 3421 1328 3476 amicitias
1387 3420 1761 3477 conveniente
1817 3418 2072 3490 quodam

429 3519 591 3570 motu
628 3529 774 3584 Opus
806 3511 934 3576 erit,
987 3527 1057 3565 ne
1111 3511 1166 3564 in
1209 3511 1393 3581 primo
1441 3513 1567 3564 ortu
1609 3510 1848 3564 morbus
1895 3507 2072 3562 inter-

428 3605 646 3670 veniat,
669 3602 804 3656 etin
829 3601 1010 3656 herba
1034 3600 1152 3671 ipsa
1194 3615 1514 3653 marcorem
1549 3597 1871 3654 contrahat.
1929 3597 2074 3652 Tum

428 3693 707 3764 quoniam
749 3692 901 3746 inter
933 3695 1246 3762 praesentes
1277 3689 1463 3744 mutui
1496 3693 1783 3758 aspectus,
1807 3689 1957 3742 inter
1977 3703 2076 3744 eos

430 3797 564 3837 vero
599 3795 742 3851 quos
775 3790 937 3834 terrae
997 3779 1293 3848 marisque
1340 3777 1658 3848 longinqua
1707 3777 1892 3846 spatia
1925 3775 2078 3830 divi-

434 3872 600 3939 dunt,
633 3868 946 3925 amicitiam
1001 3869 1154 3923 alere
1203 3872 1416 3923 norunt
1462 3868 1667 3921 litterae
1699 3881 1714 3922 :
1751 3881 1854 3920 nec
1885 3865 2073 3932 nobis,

431 3965 550 4013 tam
593 3959 762 4031 longe
803 3957 1138 4026 disjunctis,
1171 3956 1239 4010 ad
1295 3971 1546 4026 presens
1593 3955 1924 4010 institutum
1985 3953 2076 4009 bis

431 4047 812 4102 internuntiis
837 4047 918 4100 uti
943 4045 1318 4111 cessandum,
1345 4061 1474 4114 quae
1498 4041 1636 4098 solae
1667 4041 1823 4097 velut
1845 4042 2078 4113 loquen-

433 4141 520 4192 tes
573 4135 866 4190 silentium
921 4134 1286 4202 ingeniorum
1345 4134 1678 4204 imprimere
1732 4132 1976 4200 colores,
2024 4135 2080 4188 et

437 4224 657 4278 decenti
693 4225 862 4278 modo
894 4224 1241 4294 incorporea:
1274 4221 1480 4277 animas
1529 4223 1817 4293 imagines
1867 4237 2078 4293 repre-

435 4321 662 4368 sentare
709 4317 974 4382 possunt.
1009 4312 1145 4366 Mihi
1193 4311 1405 4380 itaque,
1461 4314 1560 4382 qui
1611 4313 1758 4364 viam
1809 4309 2078 4366 amicitia

435 4403 592 4474 prior
643 4402 795 4457 velut
844 4403 1066 4473 aperui,
1116 4411 1166 4457 et
1219 4402 1393 4472 plana
1441 4401 1563 4468 tibi,
1615 4417 1740 4472 qua:
1791 4400 2082 4456 salebrosa

439 4495 622 4554 erant,
658 4491 842 4560 effeci,
877 4491 1064 4546 scribe
1119 4507 1336 4561 quaeso,
1371 4497 1422 4546 et
1472 4489 1638 4544 nobis
1667 4490 1946 4554 vicissim,
1980 4489 2079 4560 qui

440 4581 498 4636 in
533 4585 587 4634 te
619 4580 821 4634 insunt
854 4595 1103 4645 morum,
1135 4579 1370 4649 aliquod
1403 4579 1818 4633 documentum
1853 4579 2078 4648 praebe;

2157 669 2240 710 τις
2289 647 2498 715 ἐκείνης
2549 643 2597 713 ἐξ
2654 640 2896 717 ἀνάγκης
2942 637 3212 712 ἠρτῆσθαι
3260 639 3352 688 καὶ
3401 634 3678 706 ὁμόφρονα
3713 632 3780 708 γί-

2161 739 2362 802 νεσθαι,
2419 733 2508 788 καὶ
2566 730 2778 808 συρρεῖν
2835 727 3003 784 ἐνίοτε
3057 725 3148 780 καὶ
3209 724 3343 796 ῥᾷσα
3405 721 3782 794 μεθίστασθαι·

2165 825 2289 882 ἀλλ’
2321 821 2472 880 οὐδὲν
2505 817 2694 896 ἔμοιγε
2739 823 2900 873 τοῦτο
2931 816 3065 890 πρὸς
3117 810 3266 874 ἔπος.
3302 817 3366 867 Ἡ
3419 813 3512 882 μὲν
3557 811 3660 884 γὰρ
3697 830 3788 864 σο-

2163 919 2279 992 φῶς
2305 911 2619 984 ἡδρασμένη
2650 895 2829 988 φιλία
2857 903 3122 960 τοιούτων
3179 901 3372 976 ῥοθίων
3415 897 3476 954 οὗ
3527 895 3667 954 δέδιε
3707 897 3792 972 ψό-

2163 984 2316 1083 φους.
2351 1001 2523 1058 Ἀλλά
2565 984 2736 1054 πάντα
2783 996 2932 1050 κάτω
2982 993 3194 1068 χαίρειν
3239 991 3476 1066 ἀφιεῖσα,
3519 985 3629 1042 ἅνω
3677 984 3793 1057 διη-

2161 1097 2332 1155 νεκῶς
2393 1090 2530 1166 πρὸς
2581 1091 2676 1149 τάς
2739 1085 2999 1146 ἀπλανεῖς
3068 1089 3178 1138 τῶν
3231 1079 3568 1157 πραγμάτων
3629 1078 3790 1152 πηγάς

2165 1165 2587 1258 ἀναφέρειῗτοὺς
2651 1175 2972 1253 ὀφθαλμοὺς
3021 1179 3122 1242 τῆς
3181 1175 3388 1258 ψυχῆς.
3445 1168 3692 1224 Κάκεῖθεν
3735 1165 3792 1258 τὰ

2163 1252 2374 1347 νόμίμα
2427 1273 2527 1339 τῆς
2603 1252 2862 1337 ἀληθείας
2921 1263 3106 1322 καλῶς
3177 1257 3566 1316 ἐκδιδάσκεται.
3629 1257 3688 1311 Ἡ
3751 1252 3790 1310 δ’

2167 1361 2400 1420 ἀσθενεῖς
2449 1357 2544 1419 τάς
2605 1357 2797 1423 ἑαυτῆς
2874 1352 3190 1407 ὑποτιθεῖσα
3261 1343 3555 1422 κρηπῖδας,
3629 1345 3788 1418 μένειν

2169 1449 2267 1505 οὐκ
2296 1445 2458 1514 οἶδεν,
2489 1443 2617 1500 ἀλλ’
2666 1442 2716 1498 ἒν
2771 1444 2974 1516 βραχεῖ
3019 1435 3356 1492 κατασείεταί
3403 1453 3462 1489 τε
3503 1433 3594 1488 καὶ
3641 1431 3796 1507 ἂποῤ-

2170 1541 2272 1613 ῥεῖ.
2305 1543 2454 1592 ’Ἐστι
2489 1531 2534 1588 δ’
2581 1532 2671 1588 ὅτε
2717 1530 2806 1584 καὶ
2855 1529 2989 1603 πρὸς
3035 1528 3136 1594 τὴν
3189 1523 3482 1580 ἀντίπαλον
3519 1518 3798 1594 παλινδροο

2173 1611 2290 1701 μεῖν
2330 1625 2428 1680 οὐκ
2477 1622 2710 1678 αἷδεῖται
2757 1619 2964 1674 κακίαν.
2994 1614 3153 1672 Ἀλλ’
3203 1617 3374 1686 ἡμεῖς
3420 1633 3478 1686 γε
3525 1611 3796 1688 κενοτάφια

2169 1717 2258 1771 καὶ
2289 1717 2457 1789 ταύτῃ
2509 1709 2734 1771 δικαίως
2779 1707 2916 1763 κατά
2964 1707 3056 1760 τὸν
3109 1703 3426 1778 Πυθαγόραν
3475 1701 3674 1755 ἐκεῖνον
3721 1699 3799 1754 τὸν

2171 1805 2374 1878 Σάμιον
2424 1783 2678 1877 έγείρειν,
2727 1798 2858 1854 ἀλλ’
2889 1797 2959 1852 οὗ
3015 1794 3299 1868 μιμεῖσθαι
3347 1789 3667 1862 κελεύομεν,
3721 1783 3802 1842 ἅτε

2171 1897 2308 1970 πρὸς
2357 1895 2580 1948 θάνατον
2634 1890 2693 1944 ἐκ
2751 1893 2898 1958 ζωῆς
2959 1883 3163 1940 οὑτωσί
3221 1903 3338 1943 πως
3395 1879 3798 1952 αὐτομολούσῃ.

2167 1968 2352 2045 Οὕτως
2399 1981 2509 2058 ἐγὼ
2558 1977 2896 2054 σπερματικά
2947 1976 3064 2049 μὲν,
3119 1968 3311 2048 βέϐαια
3356 1969 3412 2024 δέ
3461 1990 3545 2024 σοι
3593 1971 3663 2022 τά
3705 1973 3798 2036 τῆς

2168 2071 2354 2150 φιλίας
2431 2070 2656 2144 ἐνέχυρα
2725 2061 3154 2142 προκαταθὲσθαι
3219 2059 3640 2150 προεθυμήθην,
3704 2077 3798 2128 μη-

2169 2143 2317 2234 δαμῆ
2348 2143 2677 2229 καπηλεύειν
2718 2156 2813 2218 τὰς
2857 2151 3159 2226 ἔμπροσθεν
3207 2147 3442 2222 ὑποψίας
3491 2143 3796 2219 δυνάμενος,

2168 2233 2313 2307 ἀλλά
2345 2247 2650 2323 στοχαστής
2697 2245 2839 2318 ὁμοῦ
2869 2241 2960 2296 καὶ
3011 2238 3201 2314 μάντις
3247 2234 3493 2298 ἀπλανὴς
3521 2239 3623 2289 τοῦ
3673 2233 3794 2305 μέλι

2169 2341 2359 2400 λοντος
2408 2319 2613 2392 έκ-τῶν
2672 2333 2951 2406 ἡμετέρων
3005 2329 3296 2404 γινόμενος
3346 2325 3588 2400 τρόπων.
3645 2323 3700 2378 Ei
3745 2319 3798 2376 δὲ

2167 2435 2274 2485 τῶν
2325 2427 2378 2484 ἐν
2429 2427 2626 2503 γενέσει
2679 2424 2769 2478 καὶ
2824 2421 3030 2492 κινήσει
3081 2417 3417 2503 πραγμάτων
3477 2413 3652 2470 ὁπόσα
3715 2411 3798 2484 μέ-

2169 2541 2272 2576 νειν
2323 2515 2520 2582 ἐθέλει,
2581 2517 2730 2569 νοσεῖ
2779 2511 2868 2566 καὶ
2927 2507 3260 2582 μαραίνεται,
3316 2501 3398 2558 δεῖ
3447 2507 3516 2578 τῇ
3578 2499 3796 2574 τοιαύτῃ

2173 2607 2330 2688 φιλίᾳ
2385 2604 2582 2660 λοιπόν
2633 2601 2723 2658 καὶ
2779 2607 2880 2669 τῆς
2939 2596 3322 2672 ἁρμοττούσης
3375 2595 3669 2663 κινήσεως,
3719 2588 3802 2642 ’ἱνα

2177 2679 2253 2774 μὴ
2283 2679 2332 2752 ἐν
2379 2699 2448 2769 τῇ
2493 2693 2698 2770 βλάστῃ
2741 2691 2804 2744 τὸ
2843 2689 3061 2759 νόσημα
3107 2685 3351 2774 γένηται,
3399 2683 3516 2774 κάν..
3668 2679 3805 2774 χλόῃ

2171 2789 2262 2843 τὸν
2322 2785 2602 2862 μαρασμὸν
2682 2778 2966 2852 ὑπομείνῃ.
3031 2775 3180 2832 Ἐπεί
3259 2771 3436 2827 τοίνυν
3489 2765 3646 2844 ὄψεις
3719 2768 3804 2840 μὶν

2175 2878 2263 2934 ἰπὶ
2307 2853 2416 2932 τῶν
2467 2853 2757 2938 συνόντων,
2801 2867 2888 2922 ἐπὶ
2939 2863 2996 2920 δὲ
3033 2869 3142 2920 τῶν
3185 2859 3374 2938 πόρρω
3419 2881 3524 2915 που
3573 2862 3677 2934 γῆς
3723 2853 3806 2910 καὶ

2175 2967 2448 3034 θαλάττης
2523 2959 2920 3034 ἀπῳκισμένων
2999 2953 3301 3029 γράμματα
3370 2949 3584 3026 τρέφειν
3663 2945 3804 2999 ’ίσασι

2173 3057 2273 3124 τήν
2329 3053 2535 3134 φιλίαν,
2593 3049 2698 3103 οὒκ
2764 3046 3022 3116 ὀκνητέον
3087 3040 3482 3119 ἀφισταμένους
3557 3039 3808 3091 τοσοῦτον

2175 3125 2568 3220 παραπομποῖς
2601 3138 2785 3198 αὐτοῖς
2833 3133 2925 3189 καὶ
2969 3135 3136 3206 ἡμᾶς,
3182 3128 3318 3204 πρός
3367 3149 3430 3206 γε
3469 3128 3572 3195 τὴν
3625 3125 3814 3198 παροῦ·

2182 3213 2275 3289 σαν
2327 3213 2575 3288 ὑπόθεσιν
2633 3227 2960 3302 χρήσασθαι,
3016 3221 3202 3294 μόνοις
3261 3215 3444 3278 αὑτοῖς
3505 3213 3810 3288 δυναμένοις

2183 3325 2364 3398 ὥσπερ
2431 3318 2706 3376 λαλοῦντα
2748 3312 3083 3369 σιωπώντων
3143 3309 3291 3378 ἠθῶν
3349 3305 3812 3377 ἐναπομόρξασθαι

2181 3396 2474 3493 χρώματα,
2543 3409 2633 3465 καὶ
2700 3405 2993 3478 ἀσωμάτου
3051 3405 3238 3476 ψυχῆς
3314 3398 3520 3493 εἰκόνας
3603 3396 3816 3470 ἐκφῆναι

2182 3483 2430 3564 δεόντως.
2481 3500 2636 3553 Ὅθεν
2691 3493 2819 3568 ἐμοὶ
2867 3491 3058 3572 φιλίας
3113 3487 3237 3544 ὁδὸν
3285 3484 3634 3554 ὑπανοίξαντι
3677 3483 3817 3556 πρώ-

2179 3614 2278 3664 τῳ,
2310 3591 2399 3645 καὶ
2449 3589 2572 3642 λεῖα
2601 3586 2685 3641 σοὶ
2728 3583 2794 3638 τά
2849 3569 3088 3655 δυσχερῆ
3141 3575 3474 3654 πεπραχότι,
3527 3574 3705 3648 γράφε
3739 3569 3820 3624 καί

2184 3663 2336 3736 δίδου
2384 3679 2474 3733 καὶ
2524 3675 2586 3730 σὺ
2643 3677 2752 3728 τῶν
2801 3671 3024 3726 ἐνόντων
3075 3688 3161 3722 σοι
3214 3665 3432 3739 τρόπων
3486 3663 3589 3731 τὴν
3641 3665 3818 3735 πεῖραν

2183 3772 2342 3840 ἡμῖν.
2377 3768 2472 3822 Καὶ
2515 3764 2640 3842 φέρε
2693 3760 3195 3838 βρεφουργήσαντες
3245 3753 3414 3842 ἄμφω
3461 3749 3654 3832 φιλίας
3708 3746 3822 3804 ὑπό.

2185 3861 2350 3928 θεσιν,
2397 3841 2535 3932 πρὸς
2581 3851 2788 3914 κάλλος
2849 3849 2939 3904 καὶ
3009 3845 3234 3922 μέγεθος
3287 3841 3479 3920 σοφίας
3546 3843 3818 3914 προσῆκον

2187 3929 2526 4019 αὐξήσωμεν,
2579 3948 2695 4003 τοῖς
2747 3943 2994 4019 φυσικοῖς
3042 3936 3117 3996 ὡς
3167 3933 3312 3994 εἰκὸς
3353 3929 3820 4000 ἀκολουθήσαντες

2185 4033 2398 4112 νόμοις.
2451 4035 2628 4090 Πάντα
2683 4033 2788 4105 γάρ
2833 4025 3044 4104 ἀδελφά
3085 4027 3154 4079 τὰ
3199 4021 3252 4077 ἒν
3309 4022 3526 4095 κόσμῳ,
3575 4019 3670 4073 καὶ
3724 4019 3822 4070 τῶν

2185 4107 2397 4200 ὁμοίων
2430 4123 2613 4199 ἔχεται
2661 4119 2880 4196 δρόμων
2915 4137 2927 4148 ·
2977 4115 3065 4170 καὶ
3097 4113 3280 4188 ὥσπερ
3329 4113 3395 4165 τὰ
3445 4108 3624 4186 βρέφη
3680 4107 3822 4180 πρῶ·

2185 4237 2277 4272 τον
2314 4215 2408 4288 μὲν
2437 4214 2511 4274 ὡς
2557 4209 2837 4284 ἄνθρωπον
2888 4207 2990 4275 τὴν
3035 4206 3295 4258 τεκοῦσαν
3347 4201 3469 4268 ὁρᾷ,
3515 4203 3622 4266 τῆς
3669 4214 3820 4262 συνη-

2188 4283 2331 4366 θείας
2391 4301 2437 4358 δ’
2489 4301 2567 4364 εἰς
2629 4283 2830 4376 γνῶσιν
2907 4293 3144 4370 ἀγούσης
3198 4288 3556 4362 τελεωτέραν,
3640 4283 3826 4356 διαιρεῖ

2187 4399 2284 4450 τοῦ
2331 4372 2741 4464 ἀλλοτρίου-τὸ
2794 4387 3037 4460 γνήσιον,
3071 4379 3214 4436 οὕτω
3257 4377 3348 4432 καὶ
3395 4377 3430 4445 ἡ
3481 4372 3663 4464 φιλία,
3700 4389 3824 4444 μορ·

2188 4483 2417 4561 φοῦσθαι
2451 4463 2545 4552 μὶν
2594 4474 2876 4552 ἀρχομένη
2929 4471 3018 4527 καὶ
3069 4465 3492 4524 διαπλάττεσθαι
3539 4463 3682 4561 1:915:
3727 4463 3826 4561 τιῖιν

2189 4547 2297 4642 ’ίῆδη
2340 4547 2780 4642 συναπτομένων,
2827 4567 3042 4636 πρῶτον
3098 4559 3192 4633 μὲν
3241 4557 3418 4634 ἀσαφῆ
3476 4552 3568 4607 καὶ
3617 4547 3829 4605 δυστέκ-

439 4681 609 4742 atque
639 4669 781 4724 adeo
815 4669 998 4722 instar
1021 4639 1504 4738 tenellipusionis
1537 4671 1782 4738 uterque
1813 4639 2070 4722 coalitam

2193 4639 2368 4737 μαρτα
2427 4639 2634 4713 διδόναι
2701 4675 2760 4710 τε
2819 4651 2910 4707 καὶ
2970 4643 3267 4723 λαμϐάνειν
3319 4645 3386 4700 τὰ
3443 4643 3644 4710 ἑαυτῆς
3699 4639 3830 4710 ἀξιοῖ

440 4777 624 4830 nuper
653 4760 803 4814 inter
833 4775 940 4814 nos
971 4759 1287 4813 amicitiam
1331 4758 1711 4828 nutricantes,
1745 4757 1814 4814 ad
1858 4759 2084 4828 justam

441 4848 743 4920 sapientiae
799 4847 1265 4920 pulchitudinem
1315 4847 1779 4917 magnitudinem
1812 4863 1922 4918 que
1953 4861 2086 4918 pro-

440 4937 740 5007 vebamus,
775 4939 934 5010 ipsas
969 4943 1208 5003 natura,
1245 4941 1304 4991 ut
1334 4943 1438 5004 est,
1481 4937 1660 4991 secuti
1691 4935 1847 5008 leges
1882 4955 1897 5004 ;
1957 4951 2082 5008 qua

439 5027 598 5081 enim
633 5026 686 5080 in
720 5027 935 5080 mundo
970 5031 1108 5080 sunt
1129 5026 1346 5094 omnia,
1369 5023 1604 5096 gemina
1623 5039 1897 5096 germana
1927 5029 2084 5093 sunt,

443 5118 500 5170 et
531 5129 696 5186 pares
724 5129 926 5169 cursus
975 5119 1227 5169 servant.
1283 5113 1450 5170 Porro
1503 5121 1562 5168 ut
1611 5113 1864 5168 infantes
1912 5113 2084 5184 geni-

445 5205 645 5260 tricem
683 5204 948 5274 primitus
981 5221 1146 5260 suum
1182 5203 1330 5258 baud
1358 5204 1525 5258 aliter
1555 5219 1727 5273 quam
1761 5207 1825 5257 ut
1857 5203 2088 5258 mulier—

443 5293 634 5350 culam
670 5293 988 5366 quamlibet
1019 5293 1334 5365 aspiciunt,
1361 5291 1734 5365 postmodum
1759 5307 1890 5348 vero
1925 5291 2088 5346 fami-

444 5384 571 5439 liari
603 5383 1025 5438 consuetudine
1054 5383 1367 5454 pleniorem
1401 5383 1544 5454 ipsis
1589 5381 1934 5437 conciliante
1979 5397 2086 5437 no-

443 5472 649 5541 titiam,
681 5475 996 5543 genuinum
1032 5473 1101 5528 ab
1134 5489 1200 5529 eo
1249 5473 1402 5544 quod
1459 5471 1714 5527 alienum
1765 5475 1854 5526 est
1902 5469 2087 5525 inter-

447 5569 690 5616 noscunt
724 5577 790 5618 ac
822 5563 1234 5634 distinguunt:
1285 5563 1354 5616 ad
1405 5561 1677 5617 eumdem
1721 5563 1778 5614 et
1827 5559 2089 5615 amicitia

446 5649 706 5719 modum,
738 5667 871 5706 cum
904 5653 975 5708 ab
1004 5653 1075 5708 iis
1107 5651 1201 5722 qui
1237 5657 1432 5707 mutuo
1463 5666 1658 5706 amore
1683 5649 1805 5721 jam
1832 5649 2090 5721 jungun-

447 5743 562 5804 tur,
593 5739 892 5798 informari
923 5747 980 5798 et
1029 5739 1224 5814 effingi
1255 5741 1484 5815 incipit,
1518 5743 1796 5798 obscuras
1827 5739 1995 5798 initio
2033 5747 2089 5798 et

2193 4733 2546 4830 γνωρίσματα
2579 4765 2592 4778 ·
2627 4749 2723 4800 τοῦ
2771 4741 2828 4798 δὲ
2873 4739 3080 4816 χρόνου
3132 4738 3370 4812 ῥέοντος,
3403 4733 3494 4788 καὶ
3541 4737 3648 4800 τῆς
3681 4748 3834 4794 συνη-

2193 4815 2336 4902 θείας
2383 4815 2448 4892 τά
2499 4833 2823 4909 ἑκατέρωθεν
2879 4815 2990 4900 ἦθη
3048 4822 3511 4899 παιδαγωγούσης
3567 4817 3664 4875 καὶ
3725 4815 3836 4892 ῥυθ-

2197 4927 2482 5004 μιζούσης,
2531 4925 2592 4980 τὸ
2628 4924 2723 4997 μὶν
2769 4918 3017 4995 περιττὸν
3050 4915 3138 4971 καὶ
3187 4913 3343 4970 νόθον
3373 4909 3660 4966 ἐλαύνεται
3711 4909 3832 4972 πᾶν,

2189 5023 2252 5076 τὸ
2309 5017 2355 5072 δ’
2413 5013 2590 5071 ἐνδέον
2649 5009 2815 5068 ἐνδεῖν
2877 5009 2979 5064 οὐκ
3035 5005 3124 5060 ἐπὶ
3183 4999 3376 5078 μακρῷ
3441 5001 3830 5074 συγχωρεῖται.

2193 5112 2336 5170 Νοῦς
2386 5107 2478 5180 μὲν
2527 5105 2630 5182 γάρ
2681 5099 2936 5167 δικαστής
2987 5100 3094 5152 τῶν
3147 5093 3200 5150 έν
3257 5092 3462 5182 κόσμῳ.
3499 5085 3830 5182 πραγμάτων

2196 5173 2480 5272 ὑπάρχων,
2527 5173 2620 5248 νῦν
2673 5191 2767 5266 μὲν
2811 5188 2888 5251 εἷς
2941 5185 3156 5260 αἰθέρα,
3186 5187 3278 5238 νῦν
3325 5178 3373 5236 δ’
3421 5177 3496 5240 εἷς
3545 5179 3658 5251 γῆν
3703 5173 3840 5272 svsp-

2192 5265 2316 5363 ys‘i.-
2345 5265 2444 5340 ἰξαῖ
2487 5281 2579 5338 διὰ
2607 5265 2716 5338 τῶν
2769 5273 3146 5352 αἰσθητηρίων
3197 5271 3298 5334 τὰς
3343 5273 3450 5363 τῶν

2195 5349 2555 5453 ἀναγινώσκει
2603 5369 2901 5440 ποιότητας
2934 5385 2948 5398 ·
2999 5349 3177 5441 ἓρωτᾷ
3237 5361 3330 5434 μὲν
3378 5357 3479 5432 γὰρ
3532 5354 3712 5408 οἱονεὶ
3757 5349 3840 5405 διὰ

2193 5443 2471 5544 τῆςάφῆς
2501 5462 2592 5518 καὶ
2642 5459 2895 5534 μανθάνει
2933 5455 3052 5512 τίνα
3105 5452 3197 5528 μὶν
3244 5453 3354 5506 τῶν
3399 5447 3679 5518 σωμάτων
3729 5443 3840 5516 θερ-

2200 5557 2293 5630 μὰ,
2343 5533 2460 5611 τίνα
2510 5549 2566 5608 δὲ
2613 5533 2818 5627 φυχρά.
2869 5547 3081 5620 Ἐρωτᾷ
3127 5539 3184 5596 δὶ
3245 5537 3334 5630 διὰ
3379 5541 3478 5606 τῆς
3501 5533 3842 5630 puppibus;

2197 5619 2372 5702 δπόσα
2419 5619 2636 5712 5:36:81],-
2653 5619 2744 5694 κᾶέ
2796 5638 2895 5692 ὅσα
2926 5619 2989 5712 γε
3041 5633 3140 5707 μή.
3175 5629 3271 5684 Καὶ
3317 5631 3408 5682 νῦν
3461 5623 3557 5697 μὲν
3619 5619 3844 5712 διὰ-’τῆς

2197 5737 2368 5807 ἀκοῆς
2411 5737 2520 5791 τῶν
2573 5707 2911 5806 έναρμονίων
2941 5707 3165 5809 ’φωνῶν
3213 5717 3312 5790 τὴν
3357 5712 3662 5790 ἀντίληψιν
3709 5707 3838 5788 ἔχει,
