4154 6216
261 456 368 517 429

1737 461 2168 523 EPISTOLJE.

3513 464 3630 524 430

259 591 342 640 νῦν
370 584 416 640 δὲ
445 583 532 640 διὰ
577 592 674 656 τῆς
723 585 900 660 ὅψεως
946 593 1066 649 ταῖς
1098 586 1381 666 διαφόροις
1434 592 1632 666 βαφαῖς
1683 589 1872 663 ὁμιλεῖ

1986 607 2130 664 aegre
2163 591 2564 663 agnoscendas
2585 589 2676 646 sui
2702 594 2868 647 notas
2894 592 3032 648 dare
3053 592 3268 663 pariter
3288 596 3346 649 et
3372 593 3632 666 accipere

257 681 353 730 τῶν
382 677 700 749 χρωμάτων.
737 675 807 732 Εἴ
832 674 890 730 δὲ
916 675 1068 731 ταῦθ’
1099 677 1300 732 οὑτωσὶ
1333 675 1874 753 διαγίγνεται,καινὸν

257 761 412 833 οὐδὲν,
441 763 481 818 εί
513 765 601 817 καὶ
630 768 718 818 νῦν
762 767 858 836 μὲν
893 763 981 819 διὰ
1030 763 1307 842 γλώττης,
1335 773 1424 821 νῦν
1459 765 1516 822 δὲ
1565 765 1653 822 διὰ
1691 790 1876 844 γραμ-

257 854 422 924 μάτων
453 851 740 932 ἐφάπτεται
775 854 863 909 καὶ
895 860 1002 908 τῶν
1050 855 1406 929 ἀνθρωπίνων
1449 857 1619 927 ἠθῶν,
1654 859 1742 911 καὶ
1781 859 1878 920 τὰς

250 941 438 996 τούτων
490 944 688 997 οὕτωσί
734 964 852 1004 πως
903 942 1226 1017 ἐκμανθάνει
1277 945 1591 1014 ποιότητας.
1627 947 1775 1001 Ἐπεὶ
1821 945 1879 1001 δὲ

247 1032 326 1085 καὶ
357 1032 403 1085 o't
438 1031 598 1105 λόγοι
629 1036 720 1085 νῦν
753 1033 849 1105 μὲν
880 1032 1082 1095 εἰκόνες
1115 1033 1217 1088 εἶσὶ
1250 1039 1357 1088 τῶν
1391 1035 1755 1109 πραγμάτων,
1791 1037 1878 1091 ὅτε

249 1121 341 1192 πρὸ
370 1124 473 1174 τῶν
519 1121 763 1195 πράξεων
797 1119 852 1175 ἒν
900 1127 1015 1183 τοῖς
1043 1129 1143 1191 τῆς
1193 1119 1431 1185 διανοίας
1482 1122 1559 1177 ἔτι
1607 1122 1876 1197 θαλάμοις

244 1208 618 1283 γυμνάζονται,
650 1211 741 1264 καί
771 1209 839 1265 τὰ
875 1211 1009 1280 τὲλη
1061 1215 1431 1290 ζωγραφοῦσιν
1465 1211 1574 1266 ἐκεῖ
1621 1235 1736 1276 πως
1765 1218 1874 1269 τῶν

245 1298 496 1369 πράξεων,
545 1302 637 1351 νῦν
697 1297 742 1352 δ’
797 1296 980 1371 ἕτερον
1039 1298 1241 1375 τρόπον
1297 1302 1387 1355 καὶ
1454 1303 1658 1364 εἰκόνες
1717 1303 1873 1357 καθί-

245 1406 442 1440 στανται
490 1393 594 1455 τῆς
643 1390 852 1462 ψυχῆς,
904 1387 992 1443 ὅτε
1040 1392 1172 1461 μετὰ
1227 1391 1326 1457 τήν
1386 1385 1535 1445 ἔνδον
1597 1391 1875 1466 διάσκεψιν

243 1471 359 1548 ἔργα
387 1475 627 1549 γίνονται
657 1476 746 1530 καὶ
796 1476 978 1546 αὐτοὶ,
1012 1480 1196 1552 ψυχῆς
1245 1479 1514 1548 ἀπόζοντα
1554 1480 1628 1542 ὡς
1678 1479 1876 1551 εἷπεῖν,

243 1565 320 1619 καὶ
351 1563 496 1626 ὅπως
523 1561 686 1634 ἕξεως
718 1560 834 1640 ἔχει
869 1566 957 1620 καὶ
999 1568 1230 1641 γνώμης
1261 1568 1398 1637 αὕτη
1448 1575 1565 1630 τοῖς
1598 1569 1698 1642 ἔξω
1751 1568 1876 1625 δια-

241 1658 500 1708 τυποῦντα
533 1675 546 1688 ο
602 1653 718 1728 ὥρα
768 1676 853 1709 σοι
899 1660 980 1726 τῷ
1026 1661 1178 1733 σοφῷ
1223 1656 1428 1730 τούμὸν
1460 1659 1595 1726 ἦθος
1649 1661 1776 1734 ὁρᾷν
1821 1659 1874 1714 ἐν

241 1739 410 1797 τοῖσδε
437 1749 554 1807 τοῖς
586 1743 876 1817 ἡμετέροις
921 1745 1211 1818 γράμμασι
1247 1765 1260 1778 ο
1312 1743 1394 1802 δεῖ
1423 1744 1480 1801 δὲ
1510 1747 1597 1802 καὶ
1651 1750 1785 1822 ἡμῖν
1813 1751 1875 1804 τὸ

242 1836 324 1886 σὸν
356 1833 406 1887 ἐν
434 1839 550 1896 τοῖς
585 1840 701 1896 σοῖς
736 1833 931 1889 λοιπὸν
965 1835 1280 1909 ἀναγνῶναι.
1317 1837 1389 1891 Οὐ
1421 1837 1522 1915 γὰρ
1556 1837 1874 1915 φιλοτιμίας

1989 681 2172 736 suevit
2194 697 2208 746 ;
2228 688 2280 735 at
2312 679 2472 734 ﬂuxu
2497 679 2799 749 temporis,
2824 697 3051 751 usuque
3073 683 3200 752 ipso
3221 681 3456 754 ingenia
3477 686 3627 739 ami-

1987 787 2183 824 corum
2220 769 2485 837 utrinque
2528 769 2889 835 instituente,
2923 770 3159 840 suisque
3192 772 3448 826 numeris
3481 788 3630 828 com-

1988 868 2260 929 ponente,
2295 858 2574 929 quidquid
2611 856 2942 912 redundans
2977 875 3041 912 ac
3074 874 3628 930 superavacaneum,

1989 949 2271 1020 quidquid
2325 949 2588 1002 fucosum
2641 952 2698 1001 et
2745 947 3081 1002 ementitum
3130 953 3236 1014 est,
3270 950 3324 1003 id
3358 949 3630 1022 exigitur,

1989 1039 2270 1110 quidquid
2296 1042 2489 1092 autem
2523 1035 2682 1102 defit,
2717 1052 2828 1091 non
2854 1037 2952 1091 diu
2987 1038 3184 1092 deesse
3213 1038 3446 1094 sinitur.
3471 1038 3633 1094 Mens

1987 1128 2141 1181 enim
2177 1142 2392 1190 rerum,
2428 1142 2552 1196 quae
2584 1125 2642 1179 in
2677 1127 2899 1180 mundo
2926 1131 3064 1180 sunt
3095 1126 3380 1193 omnium,
3413 1127 3630 1182 arbitra

1988 1232 2143 1271 nunc
2176 1217 2233 1270 in
2277 1215 2566 1278 aetherem,
2597 1231 2750 1269 nunc
2781 1215 2839 1268 in
2872 1219 3086 1269 terram
3128 1215 3242 1269 vim
3276 1215 3434 1271 illam
3467 1232 3632 1273 suam

1988 1304 2253 1370 intendit,
2286 1319 2684 1372 sensuumque
2730 1303 3051 1358 ministerio
3093 1319 3287 1358 rerum
3320 1304 3633 1375 qualitates

1987 1392 2341 1465 recognoscit
2374 1409 2387 1447 :
2421 1393 2556 1446 dum
2601 1407 2702 1461 per
2743 1396 2961 1446 tactum
3013 1393 3179 1461 quasi
3221 1392 3538 1464 interrogat
3567 1409 3633 1449 ac

1988 1484 2180 1547 discit,
2214 1497 2478 1553 quasnam
2521 1497 2826 1550 corporum
2859 1480 3046 1536 calida
3085 1489 3184 1535 aut
3227 1482 3436 1552 frigida
3467 1487 3630 1548 sunt,

1987 1589 2089 1644 per
2133 1573 2406 1627 ollactum
2442 1572 2602 1639 item,
2635 1587 2899 1641 quasnam
2944 1586 3149 1626 suaves
3189 1571 3460 1628 exhalant
3489 1575 3634 1630 odo-

1986 1678 2098 1728 res,
2133 1669 2228 1716 aut
2277 1661 2564 1726 insuaves,
2599 1661 2871 1730 exquirit,
2905 1665 2960 1715 et
3008 1663 3176 1716 modo
3227 1678 3329 1732 per
3367 1663 3631 1720 auditum

1985 1751 2301 1805 concinnus
2367 1765 2641 1805 sonorum
2721 1750 2924 1804 modos
2983 1749 3237 1819 percipit,
3301 1753 3472 1806 modo
3530 1767 3632 1824 per

1985 1841 2174 1894 visum
2204 1856 2335 1894 cum
2374 1839 2550 1894 variis
2592 1838 2850 1893 colorum
2896 1839 3164 1894 tincturis
3209 1841 3626 1896 commercium

243 1919 482 1991 ἐπίδειξις
537 1924 691 1978 ταῦτ’
746 1923 804 1978 ἂν
866 1923 974 1994 εἷή,
1033 1923 1162 1980 ἀλλ’
1219 1925 1457 2000 ἐμπορία
1514 1926 1743 2001 λαμπρὰ
1793 1949 1872 1992 τις

1988 1928 2179 1983 habet.
2239 1931 2372 1993 Qum
2429 1945 2560 1983 cum
2597 1929 2674 1982 ita
2722 1928 2781 1983 in
2831 1927 3050 1982 caeteris
3093 1933 3433 1998 comparata
3488 1928 3625 1996 sint,

244 2010 435 2085 φιλίας.
471 2011 532 2066 Εἰ
567 2009 626 2066 δὲ
655 2012 744 2067 καὶ
794 2011 1107 2090 φιλοτιμία,
1148 2012 1276 2069 ἀλλ’
1326 2013 1450 2069 οὐδὲ
1479 2018 1624 2070 τοῦτ’
1671 2017 1877 2092 ἀνθρω-

245 2101 394 2169 πίνης
441 2098 648 2178 πέφυκε
705 2100 917 2179 φύσεως
979 2103 1290 2178 ὑπερόριον.
1341 2104 1563 2159 Πάντων
1615 2106 1720 2180 γὰρ
1765 2112 1874 2161 τῶν

241 2189 287 2243 ἐν
327 2192 518 2262 κόσμῳ
574 2194 654 2262 τῷ
700 2193 848 2265 γήρᾳ
876 2191 1196 2266 καμνόντων
1248 2195 1347 2262 τήν
1391 2194 1734 2269 ἀνθρωπίνην
1783 2217 1875 2273 φι-

239 2275 478 2349 λοτιμίαν
511 2279 567 2333 ἐν
613 2285 734 2341 τοῖς
769 2282 845 2353 μή
895 2280 1262 2355 γηράσκουσιν
1313 2280 1496 2336 ἔθεσαν
1545 2289 1653 2338 τῶν
1702 2282 1871 2339 πάλαι

237 2373 401 2445 σοφῶν
435 2369 484 2422 οἳ
517 2366 727 2423 πολλοί
761 2388 772 2400 ·
826 2367 1013 2431 ἄλλως
1044 2391 1102 2425 τε
1150 2371 1243 2424 καὶ
1291 2371 1693 2442 ἀκοινωνήτους
1734 2394 1875 2428 παν-

231 2456 414 2511 τάπασι
469 2458 579 2512 κάκ
637 2455 928 2532 διαμέτρου
1001 2461 1284 2532 κειμένους
1342 2461 1469 2524 τοὺς
1538 2461 1596 2516 ἐκ
1663 2463 1872 2540 φύσεως

228 2547 420 2618 νόμους
451 2545 759 2622 εἰληχότας
787 2548 924 2621 πρὸς
953 2550 1050 2610 τὰς
1083 2547 1256 2610 ἄλλας
1307 2547 1463 2623 ῗίσμεν
1495 2550 1688 2630 τὲχνας
1735 2551 1868 2614 τοὺς

231 2631 436 2708 λὸγους.
471 2638 564 2691 Ἐν
611 2637 657 2708 ᾦ
706 2635 809 2710 γὰρ
856 2640 958 2701 τῆς
989 2635 1212 2705 ἡλικίας
1262 2635 1460 2708 ἔξεστιν
1508 2639 1732 2702 ἐκείναις
1761 2661 1870 2695 πα-

226 2724 540 2797 πακμάζειν,
578 2725 629 2778 ἐν
668 2725 853 2797 τούτῳ
885 2722 950 2794 δὴ
1000 2725 1129 2790 τοὺς
1160 2725 1356 2800 λόγους
1403 2725 1588 2782 ἕπεται
1637 2750 1867 2806 περιφα-

226 2817 321 2874 νῶς
375 2813 665 2886 ἀκμάζειν.
729 2815 824 2869 Καὶ
881 2819 997 2876 τοῖς
1055 2823 1154 2884 τῆς
1212 2811 1482 2894 ἔμφρονος
1541 2817 1866 2897 φιλοτιμίας

225 2902 439 2978 ἀρίστην
471 2902 798 2978 χαρίζεσθαι
830 2904 1018 2978 χώραν
1047 2907 1426 2978 σκιρτήμασιν.

1989 2017 2135 2072 nihil
2169 2019 2298 2073 novi
2332 2022 2439 2086 est,
2471 2018 2515 2072 si
2551 2033 2706 2072 nunc
2737 2033 2835 2087 per
2867 2031 3059 2072 vocem
3087 2015 3294 2086 ipsam,
3333 2034 3487 2072 nunc
3529 2033 3630 2089 per

1986 2105 2211 2162 litteras
2226 2107 2529 2162 hominum
2546 2105 2722 2160 etiam
2737 2104 2970 2177 ingenia
2989 2104 3392 2175 apprehendit,
3407 2121 3630 2160 eorum-

1985 2213 2096 2266 que
2126 2195 2428 2267 qualitates
2475 2195 2582 2250 hac
2631 2195 2811 2250 ferme
2859 2194 3082 2248 ratione
3125 2193 3426 2249 condiscit.
3478 2194 3626 2258 Quo-

1985 2286 2138 2340 niam
2171 2302 2300 2341 vero
2349 2290 2406 2340 et
2452 2301 2769 2351 sermones,
2801 2299 2958 2338 nunc
2988 2298 3182 2337 rerum
3215 2283 3451 2355 quidem
3482 2285 3624 2340 ima-

1982 2375 2145 2446 gines
2178 2381 2336 2439 sunt,
2359 2389 2489 2430 cum
2510 2378 2640 2428 ante
2671 2374 2926 2427 actiones
2951 2371 3110 2443 ipsas
3141 2371 3331 2427 adhuc
3350 2371 3410 2426 in
3443 2373 3625 2428 animi

1981 2464 2254 2519 thalamis
2302 2466 2659 2526 exercentur,
2706 2466 2760 2516 et
2815 2461 3104 2515 actionum
3161 2460 3306 2516 ﬁnes
3365 2465 3628 2518 eventus-

1981 2570 2094 2626 que
2126 2552 2244 2608 illic
2269 2553 2610 2623 depingunt,
2646 2566 2797 2605 nunc
2820 2549 2932 2605 alio
2976 2565 3178 2606 rursus
3211 2551 3382 2606 modo
3413 2550 3623 2606 anima:

1979 2643 2164 2714 ipsius
2192 2641 2478 2712 imagines
2517 2642 2822 2707 exsistunt,
2869 2656 3002 2695 cum
3051 2639 3163 2710 ipsi
3202 2639 3464 2696 videlicet
3493 2646 3627 2712 post

1979 2733 2311 2786 interiorem
2352 2729 2509 2785 illam
2551 2729 3060 2798 consultationem,
3091 2744 3266 2799 opera
3295 2729 3464 2798 fiunt,
3496 2730 3623 2785 ani-

1979 2837 2154 2888 mam,
2189 2824 2253 2874 ut
2273 2819 2353 2874 sic
2385 2818 2705 2889 loquamur,
2731 2817 3068 2882 redolentia,
3090 2825 3143 2873 et
3165 2834 3278 2888 quo
3303 2817 3399 2872 illa
3420 2818 3623 2874 habitu

1977 2909 2288 2976 animoque
2309 2908 2516 2962 affecta
2537 2907 2635 2972 sit,
2660 2907 2731 2962 iis
2746 2907 2844 2978 qui
2871 2907 3007 2962 foris
3031 2914 3188 2971 sunt,
3207 2906 3620 2977 exprimentia:

224 2996 296 3051 ita
323 3013 477 3051 nunc
508 2996 618 3051 tibi
650 3012 810 3062 sane,
846 2997 964 3052 viro
1007 2997 1440 3068 sapientissimo
1492 3003 1722 3070 tempus
1767 3000 1961 3068 fuerit,
1994 3014 2184 3054 meum
2237 2998 2296 3052 in
2355 2998 2442 3052 his
2477 2997 2619 3068 ipsis
2652 2996 2857 3051 litteris
2897 3001 3258 3068 perspectare
3289 2996 3619 3067 ingenium,

224 3087 710 3159 quemadmodum
769 3091 935 3141 tuum
984 3086 1159 3142 etiam
1211 3089 1267 3142 in
1323 3090 1435 3144 tuis
1495 3107 1600 3144 nos
1649 3091 1926 3162 deinceps
1978 3104 2384 3162 recognoscere
2441 3091 2680 3157 oportet.
2727 3088 2853 3141 Non
2912 3087 3066 3141 enim
3134 3086 3468 3142 ambitionis
3513 3087 3621 3142 ali-

223 3179 382 3246 cujus
440 3176 567 3230 haec
621 3177 940 3247 specimina
991 3182 1184 3243 erunt,
1227 3193 1428 3232 verum
1489 3179 1797 3249 splendida
1859 3179 2128 3251 quaedam
2189 3176 2456 3232 ineundae
2511 3176 2779 3232 amicitiae
2840 3175 2987 3230 ratio
3049 3180 3221 3246 atque
3270 3174 3620 3247 negotiatio;

227 3281 556 3336 quanquam
614 3264 842 3319 etiamsi
887 3265 1126 3320 ambitio
1193 3267 1384 3333 fuerit,
1439 3283 1510 3322 ne
1560 3267 1701 3322 illud
1758 3267 1993 3338 quidem
2060 3270 2131 3322 ab
2185 3267 2442 3321 humana
2493 3269 2700 3320 natura
2750 3265 3069 3320 abhorrens
3126 3281 3192 3319 ac
3250 3265 3621 3336 peregrinum

227 3373 342 3412 esse
387 3356 558 3412 solet.
612 3355 846 3410 Ceteris
886 3357 1042 3410 enim
1090 3356 1264 3412 rebus
1305 3358 1600 3422 omnibus,
1635 3374 1782 3429 quas
1833 3359 1990 3413 orbis
2042 3357 2470 3429 complectitur,
2519 3356 2681 3411 senio
2737 3355 3166 3420 fatiscentibus,
3209 3355 3381 3411 solam
3426 3355 3622 3427 gloria

228 3446 570 3518 cupidatem,
601 3446 662 3500 in
699 3445 768 3499 iis
799 3461 922 3516 quae
963 3445 1111 3502 senii
1142 3447 1400 3516 expertia
1439 3452 1596 3516 sunt,
1628 3452 1883 3504 veterum
1935 3447 2261 3517 sapientum
2298 3445 2465 3500 multi
2498 3461 2804 3516 reposuere
2833 3443 3120 3514 (Pericles,
3153 3443 3307 3514 apud
3357 3444 3618 3513 Thucyd.

232 3535 318 3590 lib.
351 3551 388 3590 ιι
420 3532 716 3612 ἐπιταφίῳ,
751 3536 823 3589 ad
848 3534 1067 3608 finem),
1097 3536 1414 3607 praesrtim
1447 3552 1576 3591 cum
1611 3541 1852 3605 constet,
1899 3535 2222 3608 singulares
2253 3536 2488 3590 omnino
2521 3542 2572 3588 et
2616 3533 2893 3605 proprias,
2926 3537 2981 3587 et
3010 3549 3078 3588 ex
3118 3533 3404 3588 diametro
3433 3548 3622 3604 oppo-

230 3626 357 3681 sitas
385 3626 520 3682 aliis
554 3626 780 3682 artibus
824 3626 999 3696 leges,
1033 3627 1228 3682 studia
1268 3626 1592 3682 litterarum
1636 3644 1669 3681 a
1716 3631 1923 3682 natura
1953 3626 2266 3698 accepisse.
2314 3625 2438 3688 Qua
2478 3623 2632 3678 enim
2675 3627 2837 3678 aetate
2875 3621 2992 3678 illis
3042 3623 3415 3678 deﬂorescere
3464 3623 3622 3692 licet,

229 3717 320 3772 illa
348 3716 469 3773 hac
494 3716 627 3787 ipsa
654 3731 832 3787 quam
866 3715 1332 3773 luculentissime
1363 3715 1588 3784 ﬂorere,
1620 3727 1671 3772 et
1711 3717 2013 3788 prudentis
2066 3716 2402 3772 ambitionis
2447 3715 2697 3770 saltibus
2744 3729 3014 3786 campum
3064 3713 3612 3786 praestantissimum

232 3805 370 3861 ultro
402 3806 678 3877 praebere,
712 3805 997 3876 sequitur.

589 3989 668 4044 H'.
713 3986 1095 4062 Μαγίστρου
1134 3982 1486 4060 ἀμοιϐαία.

295 4171 391 4225 Καὶ
419 4171 594 4227 πάλαι
649 4172 744 4245 μὶν
787 4167 964 4250 ἔγωγε
1007 4174 1099 4227 σὺν
1127 4171 1229 4244 ἄρα
1274 4171 1514 4234 πολλοῖς
1557 4174 1758 4246 ἑτέροις
1801 4177 1871 4246 τῇ

229 4262 288 4332 σῇ
319 4262 482 4338 φτςμῃ
535 4261 775 4335 κάτοχον
805 4262 1070 4338 γεγονὼς,
1103 4259 1208 4336 οὐχ
1255 4260 1380 4315 ὅσον
1433 4263 1706 4335 ἐρωτικῶς
1756 4255 1872 4336 ἔχω

228 4353 325 4402 τῶν
370 4353 506 4421 σῶν,
557 4351 647 4404 καὶ
711 4354 947 4421 μανικῶς
1006 4371 1125 4412 πως
1183 4351 1308 4425 περὶ
1364 4354 1532 4406 ταῦτα
1586 4350 1869 4425 βακχεύω,

229 4439 309 4491 καὶ
337 4439 477 4493 πάνυ
507 4460 599 4493 τοι
632 4435 807 4514 φιλῶν
841 4440 931 4494 ναὶ
963 4439 1252 4512 θαυμάζων
1287 4439 1348 4494 οὐ
1381 4440 1624 4512 παύομαι
1660 4459 1673 4472 ⁸
1723 4437 1872 4494 ἄλλά

227 4527 309 4578 καὶ
340 4527 494 4588 ὅπως
525 4525 610 4581 ὅτι
645 4547 738 4599 μοι
768 4528 983 4602 τάχιστ’
1019 4524 1152 4582 ἰδεῖν
1185 4527 1391 4597 ἐξέσται
1421 4528 1511 4582 τὸν
1561 4528 1867 4600 θαυμαστὸν

225 4611 494 4687 ἐρώμενον
539 4615 631 4670 καὶ
679 4616 835 4671 πάντ’
884 4613 1102 4690 ὂίριστον
1153 4617 1232 4684 σὲ,
1279 4620 1439 4671 τοῦτο
1489 4614 1535 4670 δ’
1584 4617 1685 4671 οὐκ
1730 4609 1870 4671 ἔστιν

225 4702 384 4758 εἰπεῖν
433 4710 556 4766 ταῖς
613 4704 822 4780 εὐχαῖς,
857 4704 985 4760 ὅσου
1032 4709 1284 4779 τιμῶμαι
1319 4724 1332 4738 ⁸
1383 4704 1473 4760 καὶ
1524 4709 1611 4759 νῦν
1664 4704 1709 4759 δ’
1761 4706 1872 4781 οὐχ

227 4794 396 4862 ἥκιστ’
427 4794 593 4857 αὐτὸς
626 4797 716 4857 οἷς
767 4793 1099 4859 ἐπέσταλκας
1149 4792 1410 4869 ἔτρωσας,
1443 4793 1584 4869 ὁμοῦ
1636 4797 1729 4868 μὲν
1774 4795 1868 4870 ἐμὲ

224 4903 278 4936 τε
304 4884 395 4937 καὶ
436 4883 633 4938 σαυτὸν
687 4885 930 4958 συνάγων
973 4882 1233 4955 ἐντεῦθεν,
1261 4887 1350 4938 καὶ
1396 4883 1473 4938 ἵν’
1525 4883 1700 4946 οὕτως
1731 4883 1870 4939 εἷ’πω

227 4971 594 5043 συμπλάττων
629 4973 718 5026 καὶ
749 4971 803 5028 ’ἐν
834 4970 1002 5050 ἄμφω
1047 4975 1237 5042 τιθεὶς,
1270 4974 1411 5048 ὁμοῦ
1443 4971 1499 5028 δὲ
1527 4974 1616 5028 καὶ
1656 4975 1730 5037 ὡς
1762 4972 1867 5049 ἐγὼ

225 5061 366 5115 πνέω
417 5061 489 5116 τὰ
532 5063 619 5132 σὰ,
651 5061 740 5116 καὶ
780 5066 969 5118 τοῦτον
1021 5060 1165 5138 ἴσχω
1208 5063 1300 5118 τὸν
1343 5064 1565 5136 τρόπον,
1615 5061 1672 5117 εὖ
1723 5061 1870 5134 μάλα

229 5147 460 5220 δεικνὺς,
497 5149 565 5205 δι’
617 5152 690 5206 ῶν
732 5151 839 5230 φῇς
889 5147 1257 5225 βεϐουλῆσθαι
1307 5153 1401 5225 μὲν
1448 5153 1545 5224 ἐμὲ
1594 5150 1869 5214 πολλάκις

223 5241 356 5312 πρὸς
415 5240 476 5294 σε
532 5239 832 5316 γράμματα
886 5243 1122 5314 πέμψαι,
1165 5246 1245 5313 τῷ
1299 5238 1354 5297 δὲ
1411 5243 1486 5313 μὴ
1546 5243 1672 5303 τοὺς
1741 5239 1869 5303 σοὺς

224 5329 460 5403 τρόποος
494 5325 710 5399 ετδὲναι,
748 5336 846 5399 τῆς
893 5329 1072 5403 ὁρμῆς
1116 5328 1477 5409 ἀποσχέσθαι.
1513 5331 1650 5406 Ἐγὼ
1701 5329 1757 5385 δὲ
1786 5329 1871 5384 δτι

230 5419 321 5489 μὲν
370 5419 576 5488 ταύτης
624 5417 889 5494 ἐγεγόνειν
921 5425 1020 5488 τῆς
1070 5421 1300 5494 γνώμης
1349 5421 1439 5474 καὶ
1489 5421 1608 5482 οἷος
1639 5421 1703 5488 ἦν
1754 5418 1870 5474 ἐπι·

227 5506 478 5563 στέλλειν
515 5506 797 5582 ὁμολογῶ,
832 5509 894 5564 οὗ
946 5510 1054 5580 μὴν
1087 5509 1175 5586 ὑφ’
1205 5510 1278 5562 ὧν
1331 5507 1462 5585 ἔφης
1509 5508 1670 5571 αὐτὸς
1700 5529 1872 5564 κεκω-

229 5595 426 5652 λόσθαι
460 5616 474 5630 ·
525 5594 651 5652 οὐδὲ
685 5601 882 5671 μικροῦ
915 5595 996 5652 δεῖ
1029 5614 1043 5627 ·
1091 5601 1350 5653 τοσοῦτον
1381 5601 1511 5674 γοῦν
1556 5597 1750 5673 ἀπέχω
1778 5603 1875 5654 τοῦ

227 5689 396 5742 ταῦτα
447 5689 543 5740 σοῦ
597 5684 719 5761 πὲρι
772 5686 864 5740 καὶ
921 5691 1134 5764 φρονεῖν
1189 5686 1280 5740 καὶ
1339 5683 1600 5758 δοξάζειν,
1655 5687 1730 5750 ὡς
1787 5686 1876 5742 καὶ

233 5777 359 5854 πρὶν
391 5776 547 5846 ἣκειν
587 5777 662 5839 εἰς
711 5780 928 5851 πεῖραν,
960 5774 1249 5851 ἀγώνισμα
1295 5775 1555 5852 γλώττης
1606 5776 1696 5832 καὶ
1747 5796 1878 5854 τρυ-

2248 3990 2396 4047 νΙΙΙ.
2430 3991 2684 4060 Magistri
2708 3990 2936 4062 epistola
2969 3992 3337 4063 responsoria.

2048 4169 2284 4226 Jamdiu
2313 4176 2420 4240 est,
2454 4187 2584 4227 cum
2615 4187 2720 4242 ego
2752 4189 2866 4228 una
2899 4189 3029 4228 cum
3064 4171 3195 4229 aliis
3223 4171 3624 4244 compluribus

1987 4265 2082 4314 tua
2119 4261 2352 4316 afﬂatus
2405 4262 2578 4331 fama,
2618 4277 2731 4316 non
2779 4261 2995 4333 ingenii
3047 4263 3218 4319 modo
3258 4261 3622 4329 eruditionis,

1983 4364 2095 4420 que
2135 4354 2249 4404 tua!
2298 4358 2517 4405 amator
2565 4367 2719 4418 sum,
2767 4357 2825 4407 et
2872 4351 3078 4407 insano
3128 4352 3383 4423 quodam
3430 4352 3622 4416 modo,

1981 4437 2138 4492 velut
2170 4438 2363 4494 divino
2395 4440 2583 4496 furore
2614 4441 2768 4495 circa
2800 4441 2917 4495 haec
2949 4439 3074 4510 ipsa
3102 4442 3308 4512 agitor,
3333 4455 3436 4496 nec
3457 4440 3624 4495 vehe-

1984 4527 2347 4584 mentissime
2377 4533 2500 4584 tum
2532 4545 2746 4596 amare,
2779 4532 2904 4585 tum
2948 4530 3148 4585 mirari
3181 4530 3399 4596 desino,
3431 4544 3629 4584 verum

1981 4617 2155 4673 etiam
2203 4624 2265 4673 ut
2311 4619 2496 4688 primo
2545 4636 2778 4692 quoque
2819 4624 3078 4690 tempore
3128 4625 3204 4688 te,
3253 4617 3630 4676 admirabiles

1983 4723 2213 4763 amores
2255 4724 2438 4776 meos,
2473 4710 2858 4780 omnibusque
2905 4710 2963 4764 in
3009 4709 3178 4765 rebus
3213 4707 3629 4780 praestantissi-

1985 4813 2146 4851 mum
2175 4798 2389 4864 virum,
2421 4813 2615 4852 coram
2647 4798 2882 4854 videndi
2924 4802 3178 4870 potestas
3201 4797 3318 4861 fiat,
3344 4797 3398 4851 id
3424 4795 3629 4866 quanti

1984 4887 2043 4940 in
2075 4889 2224 4941 votis
2256 4887 2400 4942 meis
2429 4887 2734 4957 aestimem,
2765 4888 2955 4943 verbis
2997 4887 3160 4958 plane
3189 4886 3378 4941 efferri
3411 4885 3628 4956 nequit.

1983 4976 2195 5030 Adhac
2245 4991 2358 5030 non
2412 4977 2648 5032 minime
2699 4993 2797 5048 per
2845 4977 3070 5031 litteras
3132 4975 3306 5030 hasce
3350 4978 3480 5028 tuas
3539 4989 3631 5029 me

1986 5065 2342 5133 sauciavisti,
2376 5065 2549 5120 simul
2584 5083 2674 5121 me
2696 5073 2751 5121 et
2782 5067 3027 5136 teipsum
3066 5065 3148 5120 sic
3180 5063 3456 5118 nimirum
3491 5078 3627 5118 con-

1987 5156 2224 5222 ducens,
2273 5158 2465 5224 atque,
2512 5161 2576 5210 ut
2625 5155 2703 5209 ita
2744 5154 2969 5225 loquar,
3001 5152 3262 5208 conﬂans
3309 5157 3366 5206 et
3411 5151 3632 5206 contiu-

1985 5260 2147 5316 gens,
2202 5244 2518 5315 ambosque
2575 5261 2757 5299 unum
2798 5244 3080 5314 quiddam
3137 5242 3422 5304 efﬁciens,
3453 5238 3631 5294 simul

1993 5332 2128 5387 item
2164 5349 2335 5403 quam
2383 5348 2488 5403 ego
2537 5337 2638 5387 tua
2679 5332 2918 5403 spirem,
2949 5335 3005 5386 et
3053 5331 3204 5402 quod
3247 5330 3352 5384 hoc
3388 5328 3630 5382 affectus

1991 5422 2099 5476 sim
2143 5422 2334 5490 modo,
2387 5421 2796 5492 plenissimum
2841 5419 3076 5488 faciens,
3105 5419 3244 5473 dum
3278 5419 3489 5488 saepius
3539 5432 3632 5472 me

1985 5511 2220 5581 quidem
2277 5510 2471 5564 animo
2514 5508 2817 5580 agitavisse
2854 5510 2959 5578 ais,
3010 5523 3122 5578 quo
3180 5507 3403 5562 litteras
3451 5504 3522 5558 ad
3575 5510 3632 5560 te

1984 5601 2202 5667 darem,
2234 5615 2300 5654 eo
2329 5603 2522 5654 autem
2556 5597 2713 5670 quod
2751 5612 2942 5653 mores
2973 5606 3104 5652 tuos
3129 5593 3320 5649 minus
3351 5592 3631 5649 haberem

1987 5692 2342 5760 perspectos,
2393 5686 2560 5741 illum
2617 5687 2899 5758 abjecisse
2961 5686 3269 5757 impetum.
3335 5682 3452 5753 Ego
3499 5697 3633 5738 vero

1989 5778 2096 5834 hoc
2127 5793 2220 5834 me
2267 5778 2462 5833 animo
2516 5777 2714 5844 fuisse,
2744 5781 2915 5848 atque
2963 5775 3214 5832 scribere
3243 5771 3636 5842 constituisse,
