4154 6216
457 409 572 470 431

1737 403 2130 467 THEODULI
2173 401 2541 464 MONACHI

3753 405 3875 466 432

459 539 680 607 fateor;
727 555 913 609 neque
955 539 1028 594 iis
1078 541 1297 604 tamen,
1331 553 1475 608 quas
1509 554 1734 606 narras,
1762 537 2094 593 deterritum

2213 534 2323 607 φῆν
2374 531 2650 585 ποιεῖσθαι
2697 529 2763 584 τὰ
2809 531 2896 598 σὰ,
2946 531 3002 584 σὲ
3055 531 3150 603 μὶν
3198 531 3492 603 θαυμάζων
3543 530 3633 586 διὰ
3688 532 3876 602 πάσης

459 629 810 695 rationibus;
865 626 1008 680 nihil
1056 626 1319 694 praefecto
1373 627 1610 692 minus;
1669 631 1890 680 tantum
1943 624 2096 678 enim

459 717 646 786 abest,
678 724 742 772 ut
791 714 1124 784 hujusmodi
1158 715 1430 785 quiddam
1463 716 1532 769 de
1567 722 1617 768 te
1648 721 1703 768 et
1743 715 2012 778 sentiam,
2045 719 2103 766 et

457 810 733 871 statuam,
769 810 832 859 ut
851 805 1012 876 prius
1036 804 1210 858 etiam
1231 820 1405 873 quam
1427 805 1509 858 tui
1543 804 1762 874 ingenii
1787 801 2097 874 periculum

455 894 746 958 fecissem,
775 892 986 964 linguae
1025 897 1316 946 certamen
1361 907 1426 946 ac
1458 891 1714 957 delicias,
1749 891 1946 945 laudes
1973 895 2100 943 tuas

456 983 724 1050 facerem,
759 998 889 1038 cum
923 987 978 1036 te
1011 997 1111 1052 per
1131 996 1361 1035 omnem
1397 978 1745 1034 laudabilem
1777 979 2098 1034 litterarum

456 1087 802 1142 morumque
833 1071 1044 1134 ideam,
1079 1085 1310 1124 summa
1331 1085 1462 1124 cum
1481 1068 1819 1124 excellentia
1849 1072 2098 1136 vectum,

456 1160 725 1228 miratus,
757 1165 882 1215 tum
916 1159 1126 1216 saeculo
1161 1166 1352 1214 nostro
1399 1161 1769 1228 praestantem
1807 1157 1976 1212 istam
2011 1156 2103 1212 in—

456 1247 648 1304 dolem
681 1253 842 1304 tuam
889 1247 1243 1318 gratulatus,
1277 1263 1308 1301 a
1359 1262 1470 1317 quo
1504 1249 1746 1316 utroque
1778 1247 2100 1316 praestando

459 1338 628 1410 longe
679 1340 911 1406 absunt,
944 1340 1042 1410 qui
1092 1338 1283 1392 adhuc
1332 1336 1690 1392 addubitanl.
1742 1335 1867 1390 Non
1909 1335 2103 1406 ilaque

455 1445 582 1484 eam
643 1429 715 1484 ob
766 1444 1000 1484 causam
1053 1427 1347 1481 silentium
1400 1425 1540 1480 mihi
1603 1425 1804 1490 indixi,
1857 1424 1959 1480 sed
2016 1424 2102 1479 vel

458 1518 710 1574 maxime
761 1517 950 1574 decori
1005 1516 1242 1570 habitus
1289 1516 1493 1586 gratia,
1527 1514 1797 1584 quodque
1847 1529 1960 1568 non
2012 1530 2099 1568 re-

455 1613 627 1679 pente
656 1611 714 1662 et
751 1605 943 1660 subito
973 1607 1042 1660 ad
1097 1604 1430 1674 huiusmodi
1483 1603 1754 1674 quiddam
1791 1601 2098 1674 prosilien-

456 1697 596 1751 dum
628 1695 1040 1760 existimarem,
1076 1699 1194 1748 tum
1229 1693 1380 1764 quod
1417 1707 1532 1746 rem
1567 1689 1902 1762 diligentius
1935 1707 2099 1760 repu-

453 1785 621 1847 tanti,
675 1784 894 1853 justius
969 1781 1412 1837 scribendarum
1489 1779 1807 1834 litterarum
1867 1779 2096 1835 initium

453 1873 557 1928 abs
622 1877 679 1928 te
726 1871 848 1926 ﬁeri
911 1869 1182 1926 debuisse
1250 1869 1560 1935 videretur,
1611 1869 1710 1938 qui
1771 1869 1926 1938 prior
1994 1885 2099 1924 nos

456 1963 704 2018 miriﬁca
751 1961 918 2015 famas
973 1959 1476 2016 commendatione
1551 1959 1611 2012 in
1669 1961 1798 2012 tuos
1851 1956 2100 2014 furiaraa

455 2050 714 2120 plausus.
787 2050 944 2114 Quod
1006 2049 1174 2104 etiam
1235 2048 1418 2102 facere
1489 2061 1718 2116 aequum
1781 2045 2096 2114 censuisti;

455 2140 670 2194 bonum
703 2137 896 2194 hercle
929 2137 1166 2204 factum,
1200 2139 1256 2190 et
1288 2135 1456 2204 longe
1473 2135 1640 2190 nobis
1673 2133 2097 2206 gratissimum.

459 2227 685 2298 Quippe
715 2226 762 2281 si
800 2225 882 2279 ita
915 2241 1018 2279 nos
1059 2229 1222 2278 antea
1255 2223 1313 2277 in
1347 2227 1643 2294 stuporem
1679 2221 1828 2275 fama
1859 2221 2098 2276 nuntia-

453 2319 548 2368 tus
579 2314 931 2384 auditusque
963 2313 1167 2377 dabas,
1201 2317 1480 2382 quantum
1527 2310 1802 2380 quiddam
1855 2310 1924 2364 ad
1957 2327 2097 2382 pras-

454 2403 622 2458 conia
651 2409 750 2460 tua
789 2409 846 2458 te
901 2402 1067 2456 nobis
1099 2400 1432 2474 praestitisse
1464 2416 1618 2454 nunc
1647 2403 1941 2468 autumas,
1973 2399 2099 2470 ipse

453 2507 553 2562 per
603 2491 824 2547 litteras
863 2492 1024 2546 visus
1055 2494 1110 2546 et
1144 2489 1408 2558 loquens,
1439 2496 1492 2542 et
1521 2488 1704 2558 quoad
1739 2487 1862 2542 ﬁeri
1898 2489 2097 2558 possit,

455 2596 738 2652 praesens,
773 2580 946 2651 idque
985 2596 1115 2636 cum
1169 2577 1240 2633 ob
1289 2577 1422 2641 alia,
1451 2583 1573 2632 tum
1609 2575 1758 2648 quod
1791 2577 2003 2648 optima
2043 2585 2100 2634 et

449 2669 881 2738 jucundissima
935 2668 1250 2738 spectanda
1281 2667 1524 2737 praebes.
1569 2663 1777 2720 Partim
1818 2666 2096 2722 nimirum

455 2757 792 2825 gravitatem
827 2757 1005 2812 animi
1036 2756 1623 2825 generositatemque,
1653 2751 1814 2807 illam
1851 2753 2101 2824 philoso-

457 2847 601 2915 phiae
634 2844 1066 2916 dignissimam,
1099 2851 1223 2898 tum
1263 2851 1532 2913 praeterea
1561 2845 1774 2898 mentis
1807 2843 2096 2915 perspica-

454 2937 629 3000 ciam,
695 2941 752 2989 et
789 2934 1212 2996 excellentiam,
1269 2937 1325 2986 et
1367 2947 1632 2998 acumen,
1679 2937 1734 2986 et
1781 2933 1848 2986 ad
1901 2935 2099 2988 omnia

455 3023 891 3088 dexteritatem;
927 3021 1140 3093 partim
1172 3020 1324 3088 quod
1363 3035 1562 3074 musas
1604 3019 1744 3074 colis
1778 3021 2093 3088 universae,

455 3116 512 3167 et
568 3127 999 3182 quoquoversus
1056 3109 1270 3169 tendis.
1320 3117 1376 3164 et
1421 3124 1778 3180 quiscunque
1827 3109 2096 3165 Mercurii

455 3216 620 3257 sacra
674 3217 738 3255 ac
787 3200 950 3254 initia
990 3199 1285 3270 quispiam
1328 3199 1606 3266 nominet,
1638 3213 1834 3252 eorum
1880 3197 1997 3252 dux
2041 3205 2098 3254 et

2209 617 2613 692 ἐπαινουμένης
2646 616 2794 680 ἰδέας
2827 620 3011 693 λόγων
3052 639 3112 674 τε
3149 619 3242 674 καὶ
3287 621 3508 692 τρόπων
3545 623 3680 694 μετὰ
3727 621 3880 676 πολ-

2209 707 2313 764 λοῦ
2343 711 2440 762 τοῦ
2489 708 2775 782 περιόντος
2827 707 2999 777 ἰόντα,
3039 714 3140 776 τῆς
3181 705 3240 762 δὲ
3287 708 3424 763 κατὰ
3471 711 3528 764 σὶ
3576 715 3750 788 φορᾶς
3797 717 3882 784 τῷ

2214 795 2319 870 βίῳ
2349 797 2688 872 ξυγχαίρων,
2719 797 2748 850 ’ὀ
2799 794 3016 850 πολλοῦ
3042 801 3217 850 ποιεῖν
3269 792 3374 851 ἔδει
3405 797 3536 860 τούς
3569 819 3630 874 γε
3660 801 3884 875 ἀμφισ-

2209 881 2534 956 ϐητοῦντας.
2595 881 2801 940 Οὔκουν
2875 881 2964 938 διὰ
3017 889 3183 940 ταῦτα
3257 889 3409 960 σιγᾷν
3469 885 3632 959 ᾤμην
3709 885 3824 944 δεῖν
3865 909 3880 921 ·

2208 973 2360 1030 ἀλλὰ
2395 974 2634 1046 μάλιστα
2669 973 2765 1046 μέν
2796 993 2855 1048 γε
2897 972 2988 1028 διὰ
3031 974 3094 1028 τὸ
3125 978 3344 1052 σχῆμα,
3375 975 3466 1029 καὶ
3499 975 3561 1032 τὸ
3595 978 3674 1050 μὴ
3730 985 3884 1053 χρῆ-

2211 1084 2298 1117 ναι
2341 1069 2458 1126 τοῖς
2504 1064 2778 1124 τοιούτοις
2831 1061 2890 1117 έκ
2936 1065 3034 1118 τοῦ
3081 1063 3276 1127 εὐθέως
3327 1061 3599 1136 έπιπηδᾷν
3635 1085 3648 1098 ·
3701 1063 3882 1122 ἔπειθ’

2212 1151 2296 1207 ὅτι
2329 1152 2417 1207 καὶ
2464 1149 2788 1226 βουλομένῳ
2824 1157 3068 1214 σκοπεῖν,
3102 1148 3310 1215 δίκαιος
3343 1153 3506 1218 αὐτὸς
3543 1155 3686 1223 ἦσθα
3725 1157 3880 1230 πρώ-

2209 1261 2318 1304 τως
2373 1240 2564 1316 ἅρχειν
2623 1241 2984 1315 γραμμάτων,
3041 1242 3069 1296 ὁ
3125 1240 3214 1295 καὶ
3271 1242 3510 1316 πρώτως
3570 1246 3721 1316 ἡμᾶς
3781 1243 3874 1300 διὰ

2211 1336 2309 1398 τῆς
2358 1331 2678 1402 θαυμαστῆς
2728 1331 2921 1408 φήμης
2966 1328 3043 1393 εἷς
3089 1329 3214 1392 τοὺς
3264 1332 3400 1386 κατὰ
3449 1335 3544 1386 σοῦ
3595 1329 3872 1408 θορύϐους

2211 1417 2452 1492 ἐκμήνας
2489 1440 2501 1451 ·
2533 1419 2562 1474 ὃ
2596 1415 2664 1487 δὴ
2715 1419 2802 1472 καὶ
2849 1420 3104 1494 πράττειν
3155 1418 3396 1490 ἠξίωσας
3435 1419 3493 1475 εὗ
3543 1426 3742 1494 ποιῶν,
3775 1425 3874 1479 κᾶῖ

2209 1511 2344 1582 ἡμῖν
2394 1510 2534 1564 πάνυ
2585 1509 2958 1586 κεχαρισμένα
2993 1529 3005 1542 ο
3057 1509 3102 1564 εί
3146 1509 3251 1586 γὰρ
3301 1509 3368 1580 δὴ
3423 1513 3652 1584 πρόσθεν
3705 1513 3874 1590 λεγό-

2213 1597 2371 1668 μενός
2411 1619 2466 1652 τε
2516 1596 2605 1651 καὶ
2657 1596 2986 1670 ἆκουόμενος
3037 1599 3214 1660 οὕτως
3263 1597 3605 1672 ἐξέπληττες,
3639 1605 3730 1656 νῦν
3781 1602 3876 1658 διὰ

2207 1691 2307 1756 τῆς
2356 1685 2653 1754 ἐπιστολῆς
2704 1685 3006 1760 ὁρώμενος,
3038 1690 3127 1742 καὶ
3175 1689 3244 1742 τὰ
3289 1687 3474 1744 εἰκότα
3526 1689 3714 1762 ξυνὼν,
3765 1693 3876 1746 πό-

2209 1795 2300 1828 σον
2333 1795 2385 1828 τι
2431 1775 2679 1848 νομίζεις
2731 1777 2866 1848 ἡμῖν
2916 1775 2990 1837 εἷς
3034 1777 3162 1838 τοὺς
3197 1776 3322 1839 σοὺς
3371 1778 3648 1853 εἰργάσθαι
3697 1785 3876 1836 παιᾶ-

2206 1867 2323 1934 νᾶς,
2355 1866 2422 1918 τά
2450 1885 2508 1918 τε
2539 1861 2707 1932 ἄλλα,
2740 1865 2828 1918 καὶ
2885 1863 2969 1919 ὅτι
3008 1865 3074 1919 τὰ
3119 1864 3392 1921 κάλλιστά
3421 1887 3478 1922 τε
3519 1869 3608 1922 καὶ
3665 1867 3876 1939 ἥδιστα

2209 1951 2469 2026 παρέχεις
2517 1953 2691 2025 ὁρᾷνς
2740 1956 2904 2006 τοῦτο
2942 1955 3034 2026 μὲν
3088 1953 3150 2009 τὸ
3180 1961 3282 2024 τῆς
3327 1961 3428 2024 σῆς
3477 1952 3715 2020 διανοίας
3765 1957 3876 2032 ἐμ-

2210 2035 2392 2114 ϐριθὲς
2420 2041 2510 2094 καὶ
2561 2045 2809 2118 γενναῖον
2859 2039 3160 2118 φιλοσοφίᾳ
3213 2043 3452 2116 μάλιστα
3501 2045 3730 2122 πρέπον,
3775 2051 3873 2104 καὶ

2207 2132 2424 2206 προσέτ’
2467 2131 2725 2208 ἀγχίνουν
2775 2131 2865 2186 καὶ
2916 2137 3168 2208 περιττὸν
3219 2135 3308 2190 καὶ
3363 2135 3454 2206 ὀξὺ
3506 2139 3596 2193 καὶ
3645 2135 3864 2212 περιδέ-

2207 2221 2316 2290 ξιον
2354 2221 2420 2274 τὰ
2465 2225 2506 2290 f
2545 2219 2597 2281 ἒς
2646 2221 2840 2290 πάντα,
2873 2225 3033 2276 τοῦτο
3083 2219 3132 2276 δ’
3182 2223 3256 2284 ὡς
3305 2223 3666 2290 παντοδαπῶς
3711 2222 3870 2303 ἔχεις

2207 2315 2308 2378 τῆς
2357 2310 2565 2380 μούσης
2613 2310 2702 2363 καὶ
2747 2313 2927 2383 φέρεις
2979 2311 3334 2388 ἑκασταχόσε,
3367 2315 3458 2368 καὶ
3503 2321 3606 2385 τῆς
3653 2321 3868 2391 Ἑρμοῦ

2206 2395 2430 2468 τελετῆς
2473 2399 2534 2467 ἢν
2579 2397 2640 2452 ἄν
2688 2419 2772 2462 τις
2817 2399 2908 2454 καὶ
2953 2401 3121 2476 φήσαι
3176 2398 3419 2478 δᾳδοῦχς
3475 2425 3559 2466 τις
3608 2403 3727 2476 εἷ’ής
3770 2407 3868 2462 καὶ

2208 2487 2516 2556 θαυμαστὸς
2574 2485 2942 2560 σπουδαστὴς,
2999 2490 3267 2566 ῥητορικῇ
3341 2495 3670 2572 φιγοσοφίαν
3741 2517 3870 2552 συν-

2209 2575 2412 2643 ἀπτων,
2446 2576 2532 2630 καὶ
2565 2576 2732 2653 ἄμφω
2763 2597 2826 2652 γε
2877 2582 3046 2632 ταῦτα
3075 2584 3192 2642 τοῖς
3223 2581 3349 2651 περὶ
3398 2581 3626 2656 ούρανοῦ
3675 2587 3868 2663 πράγ-

2213 2685 2364 2738 μασι,
2397 2665 2486 2719 καὶ
2539 2663 2681 2720 οὕτω
2723 2667 3008 2742 κράτιστος
3059 2665 3116 2722 έν
3165 2669 3360 2726 ἅπασιν
3409 2671 3507 2742 ὢν,
3555 2675 3629 2736 ὡς
3681 2675 3763 2730 ἑνί
3805 2677 3866 2752 γέ

2205 2775 2286 2826 τῳ
2343 2759 2452 2810 τῶν
2507 2753 2696 2811 ἄλλων
2756 2754 2958 2820 οὐδείς.
2991 2763 3151 2812 Ταῦτ’
3207 2759 3312 2835 ἄρα
3368 2762 3457 2816 καὶ
3515 2768 3862 2841 πανταχόθεν

2167 2905 2172 2908 _
2207 2845 2409 2907 πάντας
2439 2841 2583 2920 ἔχεις
2629 2843 2923 2920 ἐπάγεσθαι
2953 2851 3043 2902 καὶ
3097 2853 3438 2924 χειροῦσθαι,
3481 2855 3572 2908 καὶ
3617 2859 3711 2909 νῦν
3761 2860 3864 2930 μὲν

2207 2931 2555 3005 ἐκπλήττειν,
2588 2939 2678 2989 νῦν
2723 2933 2780 2990 δὲ
2827 2935 3019 3006 κηλεῖν
3047 2959 3107 2992 τε
3154 2939 3244 2994 καὶ
3293 2939 3525 3016 θέλγειν,
3571 2947 3661 2999 καὶ
3707 2946 3864 3011 ὅλως

2203 3028 2322 3084 ταῖς
2365 3029 2482 3085 σαῖς
2523 3024 2744 3087 ταύταις
2794 3028 3214 3102 καταγοητεύειν
3264 3027 3428 3105 ἴυγξι.
3487 3033 3563 3086 Σὺ
3613 3034 3709 3107 μέν
3764 3035 3861 3093 οὖν

2205 3113 2352 3184 ἡμᾶς
2386 3111 2489 3167 οἷέι
2539 3111 2609 3168 δι’
2657 3115 2730 3168 ὧν
2781 3113 2890 3185 ἤδη
2934 3116 3178 3195 γράφεις,
3211 3119 3348 3192 πρὸς
3397 3121 3635 3198 ἑταιρίαν
3687 3125 3860 3199 μάλι-

2205 3222 2302 3255 στα
2349 3201 2761 3278 προκαλεῖσθαι,
2812 3205 2901 3258 καὶ
2952 3207 3198 3276 συνήθεις
3258 3208 3348 3262 καί
3404 3210 3600 3288 φίλους
3659 3215 3860 3288 ἀμέλει

454 3289 716 3361 signifer,
768 3295 825 3344 et
873 3288 1060 3343 cultor
1116 3287 1473 3342 admirabilis
1519 3304 1628 3342 es:
1680 3287 1778 3358 qui
1828 3289 2089 3343 oratoriae

2207 3291 2621 3364 παρασκευάζειν
2673 3291 2876 3364 σαυτῷ,
2925 3293 3016 3347 καῖ
3063 3301 3163 3365 τῆς
3220 3299 3516 3371 παροιμίας
3573 3304 3731 3357 κοινά
3789 3305 3862 3360 τὰ

456 3377 905 3450 philosophiam,
940 3383 996 3432 et
1035 3381 1345 3448 utramque
1384 3375 1508 3430 caeli
1557 3375 1926 3446 siderumque
1966 3392 2096 3432 con-

451 3465 838 3538 templationi,
865 3466 1086 3536 jungis,
1120 3466 1378 3537 adeoque
1410 3468 1464 3520 in
1497 3465 1590 3519 his
1621 3464 1895 3519 omnibus
1928 3465 2095 3538 longe

453 3555 820 3626 multumque
857 3563 1114 3626 praestas,
1146 3558 1206 3608 ut
1238 3569 1405 3608 nemo
1454 3553 1604 3608 alius
1654 3553 1711 3608 in
1745 3569 1859 3608 uno
1900 3553 2092 3622 aliquo

452 3644 725 3700 doctrinae
759 3660 987 3715 genere.
1035 3643 1239 3698 Merito
1271 3643 1450 3714 igitur
1479 3659 1682 3698 omnes
1722 3642 2093 3700 omnifariam

452 3733 704 3800 allicere,
743 3731 966 3802 tibique
1007 3733 1339 3802 mancipare
1371 3740 1529 3802 potes
1562 3749 1574 3786 :
1617 3738 1672 3786 et
1721 3749 1874 3786 nunc
1906 3735 2095 3788 admi-

451 3821 675 3876 ratione
733 3821 1060 3890 percellere,
1114 3837 1271 3876 nunc
1321 3821 1574 3876 mulcere
1611 3828 1782 3889 atque
1827 3821 2094 3889 delinire,

447 3910 682 3980 tuisque
733 3910 862 3964 istis
909 3909 1194 3964 illecebris
1258 3909 1487 3978 penitus
1529 3915 1854 3966 excantare.
1912 3914 2095 3980 Atque

448 4005 504 4054 tu
539 4001 772 4071 quidem
824 3999 932 4054 hac
975 4007 1026 4054 te
1076 3999 1436 4070 potissimum
1469 3999 1710 4068 epistola
1741 3999 1814 4054 ad
1847 4001 2093 4056 faxuilia-

447 4091 671 4145 ritatem
717 4094 904 4144 tecum
957 4090 1317 4160 jungendum
1369 4106 1474 4144 nos
1525 4089 1822 4155 invitasse,
1870 4091 2093 4162 tibique

447 4179 672 4234 sodales
699 4183 756 4232 et
784 4178 1002 4232 amicos
1035 4178 1188 4232 haud
1225 4178 1398 4232 dubie
1430 4193 1824 4247 comparasse,
1860 4179 2088 4235 credis:

2201 3383 2311 3433 τῶν
2341 3377 2515 3458 φίλων
2566 3383 2993 3454 νομοθετούσης,
3026 3383 3188 3446 αὐτὸς
3237 3385 3338 3454 τήν
3374 3384 3464 3442 διὰ
3507 3409 3853 3464 γραμματων

2201 3469 2488 3522 κοινωνίαν
2533 3467 2802 3544 προτέραν
2835 3469 3017 3546 λέγεις
3063 3479 3165 3542 τῆς
3211 3474 3397 3548 φιλίας
3448 3481 3742 3548 ποιεῖσθαι,
3776 3483 3856 3546 ὡς

2203 3559 2294 3612 καὶ
2340 3559 2543 3628 ταύτης
2594 3581 2656 3634 γε
2701 3563 2918 3623 πάντως
2969 3563 3240 3638 ἑψομένης
3301 3567 3510 3638 αὐτίκα,
3572 3571 3862 3635 λανθάνεις

2205 3644 2248 3700 δ’
2284 3645 2340 3701 εὖ
2391 3647 2500 3702 ἴσθι
2550 3651 2740 3704 σαυτὸν
2776 3650 2961 3727 φίλοις
2991 3653 3068 3715 ὡς
3117 3651 3343 3726 ἀληθῶς
3393 3656 3758 3728 ἐπιστέλλων,
3793 3660 3860 3717 οὗ

2201 3737 2352 3791 τοῦτ’
2388 3734 2461 3826 ,ἂν
2522 3739 2766 3826 ita-rddas
2823 3741 3164 3814 γενομένοις,
3223 3743 3352 3799 ἀλλ’
3401 3743 3510 3816 ἤδη
3569 3747 3862 3826 πόρρωθεν

2201 3825 2486 3900 γεγονόσιν
2547 3824 2598 3897 ἐξ
2647 3823 2748 3900 ἄρα
2800 3829 2974 3900 μόνης
3030 3837 3134 3898 τῆς
3187 3835 3381 3910 φήμης
3430 3835 3522 3890 καὶ
3581 3823 3693 3892 τῶν
3751 3847 3860 3910 τῆς

2203 3916 2396 3992 φήμης
2444 3913 2619 3988 βελῶν
2654 3935 2666 3948 ·
2716 3918 2798 3978 οἷς
2843 3921 3009 3990 ἡμεῖς
3059 3917 3147 3974 ἐπὶ
3197 3927 3460 3979 τοσοῦ-ποτ
3507 3924 3860 4001 έτρώθημεν,

2201 4002 2292 4056 καὶ
2337 4001 2508 4064 οὕτως
2553 4004 2804 4076 ἀξιοῦμεν
2857 4007 3098 4082 στέργειν
3139 4009 3207 4064 τὰ
3253 4009 3340 4078 σὰ,
3381 4013 3458 4076 ὡς
3497 4015 3588 4068 καὶ
3632 4021 3752 4078 τοῖς
3797 4017 3862 4073 ἐκ

2201 4087 2418 4144 πολλοῦ
2456 4111 2538 4144 σοι
2568 4092 2636 4145 τὰ
2666 4091 2859 4168 φιλικὰ
2891 4095 3257 4168 ξυνημμένοις
3297 4096 3662 4180 ἀμφισϐητεῖν
3703 4102 3859 4180 ἔχειν

2200 4181 2308 4233 τῶν
2342 4178 2491 4236 ἴσων.

445 4275 570 4322 tum
602 4269 702 4323 etsi
753 4267 1088 4324 communia
1137 4269 1458 4322 amicorum
1512 4269 1709 4322 omnia
1738 4283 1884 4334 esse,
1921 4271 2088 4338 quasi
2135 4267 2263 4341 lege
2312 4272 2566 4342 quadam
2599 4273 2825 4328 sanciat
2875 4277 3266 4346 proverbium,
3309 4280 3430 4350 ipse
3464 4281 3860 4343 nihilominus

445 4358 593 4412 hanc
659 4375 760 4428 per
829 4355 1053 4413 litteras
1122 4357 1446 4412 institutam
1521 4358 2111 4415 communicationem
2167 4361 2434 4416 amicitia:
2491 4367 2544 4418 te
2603 4363 2954 4433 praemittere
3028 4367 3196 4436 dicis,
3256 4371 3473 4442 quippe
3531 4391 3658 4445 quae
3723 4392 3859 4433 mox

445 4448 596 4502 haud
648 4448 822 4501 dubie
868 4453 1254 4504 consecutura
1300 4453 1477 4503 esset.
1507 4449 1681 4518 Atqui
1732 4448 1879 4502 scire
1930 4449 2102 4504 debes
2149 4453 2206 4504 te
2245 4451 2540 4520 ignarum,
2577 4468 2684 4508 nec
2733 4453 3067 4523 Opinantem
3101 4459 3422 4516 verissimis
3473 4464 3680 4520 amicis
3731 4466 3858 4522 tuis

447 4537 550 4591 has
579 4536 812 4591 dedisse
857 4535 1102 4604 litteras,
1145 4553 1257 4592 non
1305 4538 1404 4607 qui
1455 4553 1608 4591 nunc
1651 4537 1912 4606 demum,
1952 4542 2016 4592 ut
2056 4537 2373 4606 arbitraris,
2422 4541 2590 4596 amici
2623 4541 2844 4608 flerent,
2877 4545 2976 4599 sed
3028 4546 3130 4617 qui
3166 4547 3518 4618 jamdudum
3551 4553 3802 4610 fuissent
3835 4573 3852 4612 :

445 4643 512 4681 ex
555 4626 681 4681 sola
732 4627 1007 4680 nimirum
1060 4627 1232 4692 fama,
1285 4627 1566 4698 famaeque
1609 4627 1760 4696 telis,
1793 4628 1958 4699 queis
1997 4629 2059 4683 in
2107 4633 2338 4684 tantum
2393 4629 2678 4686 vulnerati
2720 4649 3000 4690 eramus:
3048 4636 3301 4710 adeoque
3343 4643 3441 4696 tua
3487 4643 3686 4698 omnia
3739 4662 3856 4702 nos

445 4717 717 4772 adamare
750 4717 1105 4786 proﬁtemur,
1137 4722 1200 4771 ut
1248 4732 1314 4771 ea
1345 4717 1400 4772 in
1443 4733 1502 4771 re
1536 4716 1681 4772 nihil
1716 4717 1805 4772 his
1854 4719 2087 4774 omnino
2119 4720 2529 4788 concedamus,
2564 4721 2914 4791 quibuscum
2969 4729 3188 4781 veteres
3237 4727 3344 4784 tibi
3389 4731 3858 4792 necessitudines

441 4807 829 4863 intercedunt.
1963 4805 1972 4816 ’

441 4897 538 4952 IX.
597 4897 677 4952 Ad
730 4897 1038 4966 Josephum,
1088 4901 1312 4952 Patrem
1362 4899 1582 4968 angelis
1637 4897 2086 4968 comparandum,

511 4971 776 5038 expositio
805 4985 990 5023 rerum
1011 4983 1136 5037 qua:
1163 4973 1404 5040 tempore
1421 4967 1688 5025 Malorum
1716 4967 1766 5026 et
1793 4973 2087 5026 Persarum

512 5043 813 5096 invasionis
844 5041 1182 5096 acciderunt.

511 5145 662 5201 Dum
697 5143 792 5200 alii
825 5143 1068 5200 aliorum
1103 5147 1270 5216 facta,
1301 5151 1365 5201 ut
1407 5162 1638 5218 aequum
1669 5151 1778 5214 est,
1811 5147 2086 5204 laudibus

440 5237 753 5295 celebrant.
787 5239 846 5290 tu
889 5236 1048 5291 solus
1095 5236 1547 5292 incantamentis
1597 5236 1946 5308 philtrisque
1977 5253 2084 5293 nos

441 5325 777 5381 demulcens
819 5325 876 5379 id
917 5323 1100 5380 efﬁcis
1135 5329 1196 5380 ut
1243 5324 1346 5380 tibi
1381 5325 1488 5380 soli
1522 5325 1784 5382 animum
1818 5327 2085 5382 attenda-

509 5541 588 5613 (1)
611 5541 746 5610 Mai,
799 5541 1057 5598 Biblioth.
1101 5557 1250 5613 nova,
1294 5547 1401 5596 PP.
1462 5545 1604 5598 tom.
1653 5541 1747 5598 νι.
1801 5541 2082 5600 Italorum

441 5612 687 5684 irruptio
719 5613 1093 5684 intelligenda
1123 5613 1192 5668 de
1225 5612 1630 5684 Gatalanorum
1670 5630 1737 5670 ac
1760 5615 2082 5671 Turcorum

443 5697 550 5758 per
575 5683 966 5740 Macedoniam
990 5700 1054 5740 ac
1069 5683 1424 5740 Thessaliam
1454 5685 1810 5756 incursione,
1831 5703 2079 5758 quorum

2199 4901 2423 4990 9._:l‘€'p
2478 4898 2816 4990 ἶσαγγέλῳ
2868 4901 3240 4990 πατρί’-καί
3271 4905 3651 4990 *φιλοσοφέν
3711 4912 3852 4990 Ἰφ-

2267 4971 2422 5060 ξὴγ,
2473 4971 2927 5060 περὶ”τῶν’ὲν
2964 4971 3353 5060 τῆῌξίταλῶν
3409 4981 3516 5034 καὶ
3565 4971 3851 5056 ἸΙέρσῶν

2265 5035 2483 5117 ἐφόδῳ
2521 5035 2985 5118 γεγενημένων

2262 5146 2485 5203 Ἅλλων
2541 5147 2752 5210 ἄλλους
2803 5149 3106 5226 δεξιόντων,
3139 5154 3228 5210 καὶ
3281 5155 3853 5234 μεγαλαυχουμένων,

2193 5235 2374 5312 ὥσπερ
2439 5238 2605 5306 εἰκὸς,
2665 5238 2754 5293 ἐπὶ
2812 5241 3053 5312 τούτοις,
3123 5243 3185 5298 σὺ
3247 5245 3414 5319 μόνος
3469 5251 3618 5322 ἡμᾶς
3687 5257 3856 5310 πᾶσιν

2191 5326 2435 5400 έπῳδαῖσ
2490 5327 2918 5404 ἀναδησάμενος,
2983 5331 3233 5408 φίλτροις
3308 5337 3400 5392 καὶ
3469 5345 3852 5416 καταγοητεύ-

2191 5545 2540 5630 vastationes
2571 5553 2625 5601 et
2653 5545 2970 5630 immanem
3001 5551 3401 5610 crudelitatem
3425 5556 3547 5628 jam
3580 5562 3850 5626 narravit

2190 5619 2248 5670 in
2279 5619 2539 5674 oratione
2579 5633 2682 5692 pro
2712 5619 3078 5679 Cbandreno.
