4154 6216
335 327 456 388 «I33
1838 326 2267 392 EPISTOLE.
3627 331 3744 391 434

335 481 452 528 σας,
482 481 663 533 ταυτῳ
720 459 1018 540 προσέχειν
1065 460 1160 535 μὶν
1208 461 1300 517 τὸν
1330 467 1480 533 νοῦν,
1527 460 1635 537 οὐχ
1681 460 1845 534 ἑτέρῳ
1895 482 1969 538 γε,

2097 481 2228 519 mus
2260 470 2316 520 et
2361 465 2775 522 commercium
2831 471 3000 522 tuum
3051 465 3133 522 vel
3175 467 3395 539 Cinyra
3449 465 3743 522 thesauris

333 550 558 616 πείθεις,
591 551 654 604 τὸ
687 548 746 605 δὲ
796 551 920 624 περὶ
967 551 1024 606 σὶ
1075 545 1372 626 διατρίϐειν
1435 557 1624 625 μεῖζον
1673 553 1781 605 τῶν
1829 552 1969 606 Κινύ-

2098 577 2540 643 anteponamus.
2593 575 2660 628 Et
2718 591 2912 630 revera
2970 591 3139 630 nemo
3200 573 3431 644 negabit
3481 591 3587 629 nos
3638 573 3743 627 tibi

331 660 432 714 ρου
467 640 754 696 ταλάντων
816 643 894 713 (2)
953 638 1179 698 οἳεσθαι.
1213 645 1517 718 Τοιγαροῦν
1565 637 1676 696 οὔτ’
1724 635 1866 695 ἔστιν
1899 641 1988 696 ὅτε

328 734 434 783 τῶν
469 733 578 784 σῶν
635 727 856 808 σχολήν
907 729 1108 803 ἄγομεν
1160 727 1272 784 οὐδ’
1305 729 1392 784 ἐπὶ
1429 731 1641 803 μικρὸν,
1674 729 1736 785 οὑ
1771 727 1986 802 μᾶλλον

328 819 363 888 ἢ
397 820 560 890 ἡμῶν
592 817 776 872 αὐτῶν
815 836 829 851 ⁸
886 815 1006 873 οὔδ’
1038 816 1163 893 ἔχοι
1209 839 1293 879 τις
1345 818 1404 872 ἂν
1459 818 1613 873 ταυτὶ
1670 819 1984 891 ψεύσασθαι.

329 906 436 962 Καὶ
467 903 648 970 οὐδεὶς
695 908 780 976 ὃς,
829 911 965 980 ἡμῖν
998 907 1300 980 ὁμιλήσας,
1333 907 1394 962 οὐ
1425 909 1552 986 πειρὶ
1611 913 1712 962 σοῦ
1769 912 1969 980 πρῶτοι

2101 896 2358 967 minerit,
2412 914 2502 951 me
2567 902 2725 951 tuam
2789 901 2920 950 ante
2968 897 3231 952 omnium
3283 898 3513 952 laudem
3557 896 3745 950 verbis

2099 681 2214 736 fere
2249 683 2526 750 majorem
2563 697 2734 751 quam
2769 681 3100 752 nobisipsis
3121 698 3357 753 operam
3387 679 3746 752 impendere,

2099 795 2153 843 et
2185 790 2521 859 quicunque
2555 789 2860 843 nobiscum
2914 805 3242 845 sermonem
3274 789 3593 854 conseruit,
3621 805 3745 842 me-

327 997 591 1065 ἀκήκοεν,
617 992 802 1052 ἔπειτα
829 994 884 1052 δὲ
915 999 1004 1052 καὶ
1037 998 1112 1051 ὧν
1159 995 1349 1071 ἔξεστι,
1398 1003 1478 1070 τῷ
1527 997 1662 1069 μετά
1711 997 1768 1052 σε
1815 998 1969 1071 λόγοι

2096 1003 2440 1060 celebrasse.
2473 1005 2518 1059 A
2563 1009 2620 1058 te
2677 1020 2933 1075 namque
2966 1020 3157 1058 sermo
3204 1003 3610 1071 inchoandas;
3645 1007 3744 1058 tua

325 1085 650 1160 τυγχάνειν,
703 1086 777 1148 ὡς
827 1082 990 1162 ἔγωγ’
1044 1082 1224 1159 οἶμαι,
1276 1087 1699 1161 κοσμουμένων.
1750 1085 1827 1143 Οὐ
1883 1087 1969 1163 γὰρ

330 1172 396 1192 δ’
577 1175 591 1192 \
672 1176 686 1192 ἢ
837 1177 850 1192 ο
930 1181 956 1192 α
1051 1175 1139 1192 9“
1294 1177 1318 1192 ΙΙ
1524 1178 1538 1192 ὶ
1595 1177 1607 1192 \
1731 1178 1745 1192 9
1814 1183 1837 1192 ο
1876 1179 1899 1192 ἰ

2099 1113 2228 1167 laus
2259 1119 2388 1166 ante
2445 1111 2640 1166 omnia
2674 1111 3034 1182 praedicanda
3070 1116 3126 1166 et
3180 1127 3313 1166 cum
3365 1111 3532 1167 factis
3564 1111 3743 1182 esqui-

328 1172 512 1246 δήπου
534 1175 602 1230 σά
630 1176 725 1250 μὲν
752 1177 860 1249 πρὸ
888 1181 998 1233 τῶν
1044 1175 1234 1234 ἄλλων
1289 1177 1434 1253 ἄγειν
1493 1177 1641 1240 εἷκθς
1693 1178 1962 1252 αἱρεῖσθαι

328 1269 435 1291 -ςν.-.
481 1261 527 1291 ἓν
583 1266 711 1291 3-x-
772 1269 858 1291 _,,-
921 1265 988 1291 Χ]
1041 1290 1044 1291 ,
1183 1269 1344 1291 ,,,!,n
1455 1269 1659 1291 1_r__,,
1725 1269 1937 1291 ,rn,,n,,

2100 1217 2475 1291 ponderanda
2530 1223 2637 1281 est,
2691 1217 2771 1272 ita
2801 1223 2864 1272 ut
2921 1217 3150 1273 auditor
3190 1233 3258 1272 ex
3305 1216 3493 1273 verbis
3543 1232 3736 1272 rerum

325 1269 436 1319 τῶν
478 1261 527 1319 δ’
583 1266 716 1341 ὑπὲρ
766 1269 862 1321 σοῦ
921 1265 1108 1344 λόγων
1171 1269 1402 1342 πρόσθεν
1455 1269 1660 1343 ἑτέροις
1719 1269 1991 1331 τίθεσθαι,
2100 1261 2872 1344 ’ξ

687 1325 696 1341 ,
1009 1325 1020 1344 ,
1216 1325 1224 1342 ,
1543 1325 1552 1343 ,
1647 1325 1657 1330 -

327 1354 421 1409 καὶ
481 1353 720 1428 μὰλιστα
777 1358 996 1412 πάντων
1057 1358 1348 1435 φιλοῦντας
1407 1356 1468 1414 οἱ)
1528 1355 1802 1430 συνῳδοὺς
1861 1365 1969 1421 τοῖς

2098 1329 2392 1397 gestarum
2418 1325 2879 1396 magnitudinem
2911 1325 3170 1378 divinare
3201 1325 3403 1394 possit.

327 1439 509 1518 ἔργοις
561 1442 860 1521 ἐπεισάγειν
915 1447 1043 1510 τους
1105 1447 1329 1524 λόγους.
1390 1446 1567 1504 Ἀλλά
1619 1447 1708 1501 καὶ
1784 1446 1984 1501 τούτου

325 1536 594 1595 τοσοῦτος
649 1535 785 1608 ἡμῖν
835 1535 948 1590 ἐστι
997 1533 1188 1610 λόγος,
1237 1534 1365 1592 ὥστ’
1414 1537 1458 1592 εἰ
1499 1533 1668 1610 μηδὲν
1701 1535 1870 1592 ἐκεῖνό
1901 1558 1984 1598 τις

329 1620 496 1689 οἶδεν,
519 1623 579 1677 ὲκ
606 1622 803 1678 τούτου
832 1629 884 1699 γ’
910 1624 971 1680 ἄν
1005 1624 1197 1681 ἐνεῖναι
1223 1627 1633 1700 μαντεύσασθαι.

402 1707 660 1785 Θορύῦων
696 1713 792 1785 μὶν
851 1713 943 1768 οὖν
1001 1713 1053 1769 ἐν
1114 1715 1410 1790 συλλόγοις
1463 1714 1760 1794 συνέχειαν,
1791 1715 1880 1769 καὶ
1921 1715 1969 1770 τέ

2167 1724 2288 1779 Non
2322 1725 2377 1777 te
2408 1722 2556 1793 fugit
2603 1727 2743 1794 quot
2772 1730 2824 1778 et
2856 1723 3056 1794 quanti
3088 1724 3147 1778 in
3196 1722 3574 1778 concionibus
3630 1739 3740 1794 ap—

326 1799 520 1855 τείνειν
554 1801 843 1876 ἀπνεμστὶ,
890 1805 977 1859 καὶ
1029 1804 1240 1880 κρότων
1290 1802 1628 1879 ὑπερϐολήν,
1678 1805 1766 1860 καὶ
1812 1826 1969 1859 σπου·

333 1885 384 1907 θη
478 1884 528 1907 1'-
775 1889 800 1907 ἢ
839 1891 850 1907 ο
1147 1891 1172 1907 n
1310 1895 1323 1907 ο
1375 1891 1400 1907 κ
1525 1896 1535 1907 1
1801 1895 1813 1907 ο
1853 1895 1866 1907 ι
1929 1898 1952 1907 .-

2087 1829 2354 1900 plausus,
2387 1839 2439 1885 et
2487 1831 2770 1885 clamores
2829 1830 3196 1902 ininterrupti
3245 1847 3415 1885 aures
3474 1835 3603 1885 tuas
3636 1830 3740 1885 ob-

331 1885 429 1950 δάς
477 1885 581 1959 ἔξω
624 1889 1086 1967 παραδείγματος,
1121 1891 1250 1949 οἵων
1303 1895 1331 1949 ὁ
1372 1891 1656 1966 δαιμόνιος
1686 1895 1813 1968 παρ’
1843 1895 1978 1967 ἡμῖν

326 1977 652 2051 ἀπολαύεις,
679 1979 816 2045 ἴσως
861 1981 964 2037 οὐκ
1022 1984 1252 2058 ἀγνοεῖς,
1310 1981 1468 2045 εἰδὼς
1522 1984 1595 2046 ὡς
1673 1985 1775 2040 οὐκ
1835 1981 1978 2044 είκὸς

333 2065 522 2131 ἄλλως
553 2066 699 2145 ἔχειν
725 2071 958 2136 ἀπόντος
984 2074 1112 2134 τοὺς
1145 2072 1298 2146 μόνῳ
1330 2093 1415 2128 σοι
1449 2077 1555 2129 τῶν
1605 2075 1774 2128 ὅντων
1807 2070 1980 2150 φιλο-

333 2163 640 2220 νεικοῦντας
669 2163 1060 2234 προσκεῖσθαι⁶
1097 2159 1224 2218 ἀλλ’
1272 2163 1434 2234 ἡμεῖς
1491 2183 1554 2237 γε
1613 2161 1723 2235 (καὶ
1785 2158 1969 2235 μηδεὶς

2087 2151 2260 2222 (quod
2296 2150 2515 2205 nemini
2546 2150 2889 2218 absurdum,
2937 2151 3052 2206 imo
3086 2151 3302 2206 mirum
3351 2151 3534 2207 videri
3564 2151 3739 2207 debe-

333 2242 644 2323 δυσχεράνῃ
692 2251 793 2318 τὴν
847 2249 1075 2306 ἀτοπίαν
1110 2269 1124 2282 ·
1173 2249 1344 2318 ἀλλὰ,
1376 2252 1527 2306 ταῦθ’
1567 2249 1740 2312 οὕτως
1779 2247 1969 2324 ἔχοντα

2087 2258 2240 2329 ibit),
2273 2275 2424 2329 saape
2456 2257 2798 2314 necessitate
2838 2257 3034 2329 aliqua
3063 2258 3256 2314 nescio
3287 2275 3435 2329 quos
3477 2257 3735 2327 allocuti,

333 2333 721 2411 λογιζόμενος,
772 2341 1095 2412 θαυμαζέτω
1139 2343 1238 2394 τοῦ
1303 2340 1554 2412 πάθους),
1586 2337 1856 2399 πολλάκις
1906 2335 1969 2408 δή

2086 2363 2155 2417 de
2214 2369 2269 2417 te
2339 2380 2452 2434 ρτω
2512 2363 2732 2417 caeteris
2789 2379 3120 2418 sermonem
3184 2363 3544 2418 instituimus
3600 2363 3733 2435 (hoc

331 2447 486 2488 τινος
545 2429 680 2501 ἡμῖν
736 2430 1084 2500 καθεστώσης
1139 2429 1377 2506 ἀνάγκης
1436 2429 1572 2504 πρὸς
1629 2428 1973 2484 οὑστινασοῦν

331 2511 582 2585 διεξιέναι
629 2517 752 2591 περί
806 2539 925 2589 του,
955 2525 1072 2581 τοῖς
1135 2519 1268 2593 ὑπὲρ
1318 2522 1413 2574 σοῦ
1461 2519 1689 2592 πρόσθεν
1740 2514 1976 2580 διδόντες

327 2602 480 2676 (οὐδὲ
528 2607 631 2680 γὰρ
688 2603 799 2662 ἴσθ’
864 2609 896 2662 ἃ
955 2607 1168 2680 μᾶλλον
1228 2607 1637 2685 φροντίζομεν),
1689 2601 1971 2681 διατριϐὴν

329 2694 429 2767 μὶν
462 2694 623 2768 μόνον
668 2697 869 2767 ταύτην
918 2697 1177 2771 ἱστῶμεν,
1210 2697 1275 2752 τὰ
1325 2695 1381 2752 δὲ
1419 2705 1520 2766 τῆς
1571 2696 1763 2775 χρείας
1809 2697 1969 2770 ἀναρ-

2081 2710 2235 2761 mus,
2270 2693 2475 2748 iisdem
2509 2693 2685 2748 rebus
2716 2709 3013 2764 nunquam
3049 2710 3162 2748 non
3222 2709 3462 2762 operam
3504 2690 3728 2747 dantes.

325 2788 509 2856 τῶμεν
540 2783 617 2844 εἷς
669 2784 838 2855 αὖθις,
871 2787 964 2840 καὶ
1012 2794 1112 2855 τῆς
1161 2786 1438 2859 ὑστεραίας
1468 2787 1634 2842 ταυτὸ
1663 2789 1848 2847 τοῦτο,
1883 2785 1969 2840 καὶ

2079 2809 2151 2866 Ut
2181 2809 2334 2864 enim
2388 2811 2578 2864 furore
2625 2808 2818 2866 divino
2867 2809 3114 2876 incitati,
3171 2813 3234 2863 ut
3269 2813 3430 2879 poeta
3455 2807 3728 2879 loquitur,

329 2880 429 2941 τῆς
460 2872 541 2928 ἐπ’
572 2873 747 2948 ἐκείνῃ
796 2871 948 2930 οὐδὲν
992 2873 1196 2947 ἕτερον,
1252 2875 1379 2931 ἀλλ’
1416 2875 1684 2954 ἀτεχνῶς,
1733 2874 1972 2949 καθάπερ

325 2962 380 3017 ἒν
426 2961 682 3034 περιόδου
731 2969 961 3041 προφῆ,
1020 2965 1154 3041 πρὸς
1210 2964 1264 3021 ἓν
1323 2965 1400 3020 ἀεὶ
1456 2965 1697 3038 τείνομεν
1738 2964 1972 3026 καὶτοῖς

2090 1943 2391 2009 strepunt;
2427 1938 2602 2010 probe
2653 1939 2859 1994 novisti
2891 1940 3044 2009 quod
3089 1937 3306 2010 singuli
3337 1939 3420 1994 tui
3450 1944 3553 1994 aut
3593 1956 3736 2008 prae-

2087 2045 2272 2102 sentis
2303 2047 2405 2101 aut
2433 2043 2691 2100 absentis
2722 2061 2922 2100 curam
2955 2049 3131 2115 agunt
3165 2061 3176 2100 :
3214 2061 3318 2100 nos
3359 2044 3471 2116 ipsi
3504 2045 3734 2114 quidem

2085 2472 2242 2527 enim
2285 2470 2480 2524 animo
2503 2474 2732 2525 nostros
2769 2469 2823 2523 in
2862 2469 3064 2540 primis
3087 2470 3457 2540 jucundum),
3492 2475 3728 2525 ceteras

2080 2597 2213 2635 vero
2245 2596 2335 2634 res
2373 2579 2442 2632 ad
2476 2577 2587 2632 alia
2623 2582 2679 2633 et
2708 2577 2820 2634 alia
2877 2576 3150 2645 deinceps
3183 2581 3448 2647 tempora
3480 2576 3730 2632 remitti-

2087 2939 2150 2979 se
2202 2923 2360 2994 ipsos
2401 2925 2699 2978 continere
2753 2940 2866 2977 non
2951 2923 3162 2990 valent,
3240 2922 3341 2978 sed
3400 2922 3729 2977 indesinen-

326 3054 515 3115 αὐτοῖς
576 3055 828 3109 ἑκάστοτε
883 3061 1342 3131 προσχωροῦμεν,
1393 3056 1638 3117 εἰκότως.
1674 3053 1814 3112 Οὔτε
1869 3055 1969 3131 γὰρ

2090 3036 2173 3085 ter
2225 3030 2616 3101 abripiuntur,
2676 3030 2759 3084 sic
2801 3046 2904 3084 nos
2945 3045 3196 3100 quoque,
3233 3028 3312 3082 lui
3363 3028 3734 3083 admiratione

326 3143 381 3196 oi
412 3144 526 3212 θείᾳ
579 3143 744 3215 μανίᾳ
797 3144 1078 3206 σῦναυλοι,
1128 3147 1364 3214 ποιητὴς
1417 3148 1495 3218 (3)
1544 3144 1606 3199 ἃν
1654 3143 1816 3206 εἶπεν,
1867 3143 1969 3199 οἶοί

2087 3138 2331 3208 abrepti,
2383 3154 2497 3192 non
2557 3137 2857 3207 potuimus
2914 3142 3069 3192 tuam
3124 3137 3180 3190 in
3239 3140 3474 3192 ceteros
3531 3152 3733 3192 omnes

323 3231 386 3286 τέ
432 3232 535 3287 εἱσι
589 3239 725 3311 σερᾶς
784 3234 1002 3298 αὐτοὺς,
1061 3232 1277 3290 ἰπειδάν
1351 3237 1643 3305 κινηθῶσι,
1696 3234 1969 3312 κατίχειν,

2081 3253 2538 3310 benevolentiam
2589 3271 2702 3310 non
2756 3255 3066 3326 praedicare
3106 3270 3254 3325 quos
3298 3255 3382 3307 tui
3417 3252 3731 3308 admirato-

327 3319 475 3374 ἀλλά
531 3324 864 3397 συνείρουσιν
911 3323 1212 3379 ἀπνευστί·
1265 3322 1340 3384 ὣς
1390 3321 1448 3378 δὲ
1490 3324 1580 3378 καὶ
1629 3325 1814 3396 ἡμεῖς,
1867 3323 1972 3378 ὑπὸ

323 3413 422 3462 σοῦ
479 3411 649 3464 πάλαι
698 3411 1023 3487 πληγέντες,
1074 3413 1366 3487 ἡσυχάζειν
1419 3412 1522 3466 οὐκ
1567 3407 1791 3486 ἔχομεν,
1823 3409 1971 3466 ἀλλὰ

319 3501 422 3569 τήν
454 3520 511 3554 τε
541 3501 677 3573 πρὸς
707 3499 914 3562 ἄλλους
948 3503 1182 3565 ἅπαντας
1231 3499 1647 3576 μεγαλοψυχίαν
1698 3500 1968 3571 διεξιέναι,

323 3587 460 3659 μετά
488 3588 580 3642 καὶ
610 3587 804 3643 πλλῶν
837 3589 1034 3664 ἓτὲρων
1075 3591 1109 3644 ἄ
1153 3610 1236 3644 σοι
1283 3591 1539 3664 πρόσεστι
1594 3591 1682 3644 καὶ
1717 3591 1790 3644 ὧν
1837 3591 1967 3644 θαυ-

2079 3585 2283 3655 possit.
2315 3583 2463 3648 Quid
2499 3582 2710 3652 plura?
2743 3585 2803 3638 In
2839 3582 3047 3654 vulgus
3098 3587 3232 3637 nota
3280 3583 3461 3637 refero
3504 3583 3729 3652 (omnes

321 3677 532 3749 μαστάς
575 3675 814 3738 ἅπαντας
873 3673 1044 3756 ἔχεις,
1095 3679 1195 3748 τήν
1254 3698 1310 3731 τε
1363 3677 1496 3750 πρὸς
1549 3679 1698 3748 ἡμᾶς
1773 3675 1968 3737 αὐτοὺς

2079 3700 2232 3755 enim
2274 3700 2487 3765 sciunt,
2529 3705 2604 3767 et,
2665 3715 2876 3769 magno
2906 3699 3154 3754 clamore
3201 3698 3599 3764 vociferantes,
3634 3714 3725 3753 me

321 3766 537 3820 εῦνοιαν
569 3767 658 3820 καὶ
689 3763 931 3836 σπουδὴν
961 3765 1230 3836 τοσαύτην
1261 3787 1324 3839 γε
1363 3765 1546 3835 οὖσαν,
1581 3769 1654 3826 ὡς
1703 3767 1791 3820 καὶ
1839 3765 1966 3827 τοὺς

315 3857 707 3929 γεγεννηκότας
759 3855 955 3916 αὐτούς
988 3875 1001 3887 ·
1058 3853 1110 3909 τί
1161 3853 1207 3909 δ’
1258 3853 1320 3909 ἃν
1379 3855 1522 3910 ε’ἰποι
1577 3875 1706 3924 τιςς
1767 3855 1966 3924 Διεξιὲ-

316 3965 406 3997 ναι
436 3947 519 4020 (4)
550 3942 627 4012 δὶ,
654 3943 764 4020 οὺχ
793 3945 822 3999 δ
852 3967 905 4000 τι
934 3945 1073 4000 τισὶν
1106 3946 1368 4020 ἠγνόηται
1399 3948 1540 4018 (πῶς
1579 3946 1682 4020 γάρ
1716 3967 1730 4014 ς
1774 3943 1805 3999 ἃ
1857 3966 1966 4019 μο-

315 4034 479 4088 νονοὺ
509 4038 704 4096 πάντες
762 4034 929 4105 ἴσασι,
973 4036 1062 4090 καὶ
1104 4034 1240 4108 πρὸς
1287 4034 1575 4106 ἀλλήλους
1633 4033 1821 4114 σφόδρ’
1851 4035 1964 4090 ἀντ’

2079 4039 2168 4094 die
2217 4040 2497 4093 honorem
2531 4038 2856 4109 tribuunt);
2902 4054 3034 4092 nam
3078 4053 3182 4107 ego
3214 4043 3271 4091 et
3330 4036 3520 4108 quivis
3578 4037 3722 4091 alius

316 4121 498 4178 ἄλλου
526 4145 624 4178 του
658 4125 794 4197 μετὰ
816 4128 913 4179 τοῦ
955 4125 1250 4195 θαυμάζειν
1314 4126 1505 4193 βοῶσι,
1570 4124 1962 4198 μακαρίζοντες

2079 4162 2134 4202 re
2173 4146 2380 4200 merito
2411 4144 2815 4210 indignaretur
2844 4145 2914 4209 si,
2941 4145 3079 4198 dum
3112 4149 3173 4196 tu
3209 4143 3354 4198 nihil
3398 4161 3536 4212 non,
3567 4144 3721 4214 quod

320 4215 418 4287 μὲν
472 4213 698 4285 ἐμὶ,σοὶ
757 4211 813 4268 δὲ
861 4214 1256 4288 συνευχόμενοι
1303 4214 1371 4268 τὰ
1423 4213 1650 4288 βελτίω,
1699 4221 1796 4283 τῆς
1865 4216 1959 4286 μὲν

311 4306 482 4376 τιμῆς
542 4304 659 4376 ἐμὲ,
718 4303 803 4357 σοὶ
861 4301 917 4357 δὲ
972 4303 1238 4372 τοσαύτην
1314 4305 1582 4376 ὁσημέραι
1650 4305 1960 4378 παρέχειν),

316 4392 444 4449 ἀλλ’
472 4393 556 4447 ὅτι
593 4396 703 4446 τῶν
754 4392 1119 4446 ἀτοπωτάτων
1174 4392 1307 4453 εἶςαι
1354 4393 1585 4465 νομίζω,
1615 4393 1702 4447 καὶ
1745 4399 1848 4455 πᾶς
1877 4413 1960 4454 τις

314 4482 374 4538 ἂν
434 4483 660 4559 νομίσαι
721 4480 968 4550 δικαίως,
1027 4481 1071 4536 εἰ
1147 4481 1212 4536 σὺ
1285 4483 1381 4556 μὲν
1452 4481 1698 4538 ἀπάντων
1759 4483 1958 4559 ὅσαπερ

322 4576 336 4594 ι
399 4579 423 4590 ε’
497 4572 534 4594 κ’
629 4571 701 4594 κη
740 4591 810 4594 _,,
871 4573 964 4594 ,‘r,__
1032 4570 1243 4594 ___',_,,,
1344 4573 1389 4594 ,,
1502 4575 1584 4594 ‘,,,
1692 4579 1714 4589 ε’
1825 4573 1950 4594 ,\\\

2079 4489 2245 4552 atque
2303 4496 2402 4534 ore
2477 4480 2906 4535 conﬁteremur.
2971 4483 3158 4546 Quare
3223 4482 3268 4535 si
3331 4483 3482 4552 quod
3544 4482 3716 4536 debe-

313 4576 452 4645 ἡμῖν
491 4572 568 4636 εἰς
626 4571 812 4640 ὄνησιν
868 4573 968 4639 ἧκε
1026 4570 1277 4642 πράττειν
1335 4573 1435 4627 οὐκ
1489 4575 1762 4639 ἀποκνεῖς,
1812 4573 1959 4628 ἀλλά

2079 4604 2221 4651 mus,
2259 4586 2528 4652 (animus,
2562 4585 2790 4640 laudem
2851 4588 3017 4641 nobis
3075 4587 3367 4643 vindicare
3423 4590 3550 4642 ideo
3601 4605 3714 4642 non

310 4661 399 4715 καὶ
463 4655 807 4734 ὑπερϐαίνεις
866 4653 975 4713 ἔσθ’
1031 4657 1120 4713 ὅτε
1174 4661 1273 4726 τήν
1319 4661 1532 4736 χρείαν,
1566 4662 1726 4715 αὐτοὶ
1771 4659 1817 4716 δ’
1848 4661 1956 4740 οὐχ

312 4753 436 4806 ὅσον
471 4744 675 4824 ἔχομεν
708 4749 888 4825 λέγειν
922 4749 995 4810 ὡς
1027 4747 1110 4818 ἄρ’
1164 4751 1220 4802 εὗ
1267 4749 1605 4822 πεπόνθαμεν
1656 4753 1745 4805 καὶ
1794 4755 1957 4827 χάριν

312 4841 713 4914 ὁμολογοῦντες
763 4839 1040 4918 φαίνεσθαι
1085 4859 1096 4870 ·
1149 4838 1178 4892 ’ὀ
1231 4840 1306 4911 μὴ
1347 4844 1625 4901 ποιοῦντες
1656 4838 1953 4914 ἠδικοῦμεν

430 4932 534 4982 Νῦν
567 4925 623 4983 δὲ
659 4929 724 4982 τὰ
775 4927 956 4981 εἰκότα
998 4924 1256 5002 δρῶττες.
1308 4927 1406 4983 οὐκ
1451 4923 1509 4997 ἃν
1557 4928 1778 4984 ἐπαίνου
1824 4951 1956 5005 τυγ-

2079 4925 2212 4978 Dum
2268 4925 2421 4976 enim
2473 4925 2698 4992 magnis
2758 4925 3054 4979 beneﬁciis
3117 4925 3336 4993 majora
3381 4940 3614 4996 semper
3655 4936 3710 4980 et

314 5020 582 5093 χάνοιμεν
616 5036 627 5050 ·
665 5015 809 5072 ἀλλὰ
838 5017 927 5070 καὶ
956 5016 1154 5071 τούτου
1185 5015 1248 5071 σύ
1277 5019 1322 5092 γ’
1371 5017 1530 5079 αὐτὸς
1582 5016 1792 5081 δίκαιος
1834 5020 1955 5074 ἀτε-

2079 5037 2460 5111 praestantiora
2505 5039 2730 5108 adjicis,
2792 5055 3091 5109 nunquam
3155 5045 3347 5093 tamen
3407 5039 3550 5094 satis
3601 5039 3706 5094 tibi

313 5112 481 5184 χνῶς,
516 5108 544 5162 ὁ
577 5107 673 5170 τάς
695 5105 946 5184 ἀεροδμάς
979 5111 1082 5160 τῶν
1115 5108 1401 5173 τοιούτων,
1437 5105 1511 5160 δι’
1550 5109 1624 5162 ὦν
1673 5109 1748 5170 εἰς
1804 5110 1954 5181 ἡμᾶς

309 5199 563 5253 ἑκάστοτε
640 5197 918 5270 πράττεις,
1003 5197 1444 5270 παρασκευάζων.
1533 5198 1754 5272 Μεγάλα
1851 5200 1952 5273 γάρ

307 5287 392 5343 ἀεὶ
422 5286 812 5364 χαριζόμενος,
856 5287 944 5338 καὶ
976 5291 1093 5347 τοῖς
1142 5283 1410 5360 δευτέροις
1453 5287 1518 5341 τὰ
1566 5271 1804 5363 πρότερα
1850 5271 1952 5343 τὲαέ

2086 5273 2192 5342 psi,
2226 5272 2409 5328 noslri
2441 5287 2638 5325 curam
2679 5271 2850 5340 geris,
2883 5274 2940 5322 et
2988 5271 3240 5324 maximo
3292 5273 3496 5326 ardore
3536 5273 3709 5327 rebus

2079 3379 2167 3418 res
2197 3362 2412 3429 habes;
2458 3377 2591 3416 nam
2626 3367 2726 3416 tua
2756 3377 2892 3433 erga
2942 3378 3044 3416 nos
3085 3377 3316 3432 quoque
3350 3360 3728 3430 magnificen-

2078 3479 2158 3533 tia
2215 3495 2282 3532 ea
2320 3486 2420 3538 est,
2470 3482 2532 3531 ut
2588 3477 2680 3531 vix
2737 3488 2895 3548 pater
2950 3478 3073 3548 ipse
3127 3478 3400 3546 majorem
3459 3475 3728 3530 exhibere

2076 3817 2311 3888 quidem
2343 3815 2577 3871 beatum
2609 3815 2829 3880 dicunt,
2866 3815 2971 3869 tibi
3002 3821 3194 3870 autem
3228 3814 3448 3885 optima
3478 3830 3723 3886 quaeque

2075 3928 2408 3996 precantur,
2439 3928 2495 3978 et
2553 3923 2638 3978 sic
2671 3923 2836 3978 nobis
2871 3923 3156 3978 ambobus
3192 3923 3508 3978 maximum
3531 3923 3719 3993 quoti-

2074 4259 2241 4314 nobis
2282 4256 2426 4313 utile
2455 4273 2580 4313 esse
2613 4256 2784 4328 posit,
2816 4257 2932 4312 imo
2985 4255 3114 4327 plus
3149 4273 3324 4328 quam
3359 4258 3514 4329 quod
3547 4258 3722 4312 debes

2070 4373 2130 4429 in
2164 4391 2270 4429 nos
2291 4374 2540 4434 confers.
2575 4390 2680 4428 nos
2712 4372 2990 4428 beneﬁcia
3037 4379 3134 4427 tua
3184 4391 3299 4428 non
3331 4380 3492 4446 grato
3523 4373 3719 4428 animo

2069 4719 2420 4773 possumus;
2454 4706 2514 4756 tu
2543 4706 2762 4767 autem,
2797 4702 2893 4771 qui
2935 4708 3230 4758 tantorum
3269 4703 3323 4758 in
3360 4721 3462 4758 nos
3495 4703 3711 4758 beneﬁ-

2066 4809 2289 4863 ciorum
2319 4814 2519 4862 auctor
2564 4825 2648 4873 es,
2684 4809 2886 4862 merito
2935 4809 3095 4863 omni
3145 4811 3312 4864 laude
3360 4826 3420 4864 es
3470 4808 3706 4879 dignus.

2062 5157 2267 5212 fecisse
2314 5161 2508 5228 putas,
2567 5158 2665 5210 sed
2719 5156 2980 5210 certatim
3037 5153 3334 5224 majorem,
3377 5173 3552 5226 quam
3604 5175 3706 5212 nos

373 5434 566 5506 (2)”ln
618 5432 981 5506 proverbium
1020 5433 1282 5506 abierant
1321 5434 1544 5506 Cinyra
1576 5435 1768 5506 Cyprii
1800 5436 1950 5491 divi-
2059 5503 2070 5506 _
2128 5434 2210 5504 (4)
2245 5434 2338 5506 Sic
2357 5435 2525 5506 codd.
2564 5435 2747 5488 Locus
2763 5438 2854 5506 est
2879 5431 3139 5506 mutilus.
3164 5434 3386 5506 Sensus
3413 5435 3701 5506 postulat:

333 5451 452 5518 .(Z)
499 5451 566 5517 in
618 5451 981 5515 provermnm
1020 5451 1282 5488 abierant.
1319 5451 1768 5562 ylnyraayﬁpru
1800 5451 1950 5518 alvi-

304 5512 434 5630 :1;
444 5505 889 5630 ἶξῗῗεὲῗῖιῗὲἓὲξῖ
913 5504 1585 5630 ιῗξαῖ.⁶ἕ)ἳὶῗὲ⁹ἓυῗέ⁹⁹¹¹
1664 5510 1952 5564 ‘°"°””°'

2128 5451 2210 5504 (4)
2245 5451 2338 5489 διο
2357 5451 2525 5490 (Σοαοο
2564 5451 2747 5488 Locus
2765 5451 2854 5486 εδει
2879 5451 3139 5488 mumus.
3164 5451 3386 5491 δθιιευε
3413 5451 3701 5505 postutat:

2079 5510 2147 5564 Ως
2178 5504 2268 5558 καὶ
2318 5503 2444 5566 τοὺς
2490 5502 2870 5576 γεγεννηκότας
2913 5501 3108 5565 αὐτοὺς
3141 5504 3213 5575 (τί
3245 5501 3289 5558 δ’
3342 5507 3400 5560 ἂν
3431 5503 3572 5560 ε’ίποι
3618 5527 3703 5568 τις

2079 5579 2249 5630 εεῖζον
2278 5579 2318 5630 :l
2350 5573 2410 5630 οὗ
2445 5575 2612 5630 μείζω
2637 5571 2918 5630 παεέγειν.

301 5594 440 5650 rum,
463 5571 1055 5650 colle‘otiqﬁemttom.
1085 5571 1286 5650 CXLII.
1317 5571 1495 5634 Euri:

2079 5579 2249 5645 εεῖζον
2278 5579 2318 5649 ;)
2350 5573 2410 5630 οὗ
2445 5571 2612 5647 μείζω
2637 5571 2918 5650 παρέχειν.

376 5649 454 5724 (3)
485 5643 804 5721 Sophocles
833 5643 1056 5704 seilicet
1082 5646 1164 5719 Aj.
1196 5647 1322 5703 6H.
