3982 6216
449 285 566 344 435

1752 283 2142 344 THEODULI
2189 281 2546 345 MONAGHI

3731 284 3846 348 436

443 419 659 474 nostris
689 421 910 490 studes,
943 437 1048 477 nos
1080 421 1222 477 nihil
1275 421 1434 478 aliud
1466 436 1638 492 quam
1699 426 1859 494 grato
1893 419 2087 476 animo

2207 418 2356 492 ριὼν,
2418 418 2672 494 ὑστέρων,
2733 421 2912 500 φασὶν,
2969 419 3292 494 ἀμεινόνων,
3339 419 3554 490 οὐδέπω
3601 423 3696 478 καὶ
3757 428 3848 476 νῦν

447 527 992 600 magnanimitatem
1060 533 1218 584 tuam
1269 528 1579 601 praedicare
1635 544 1969 600 possumus.
2028 528 2088 581 Si

444 635 598 690 enim
659 635 934 692 beneﬁcia
992 644 1087 692 tua
1139 638 1349 693 referre
1391 653 1506 692 non
1559 651 1892 706 possumus,
1935 635 2088 690 sicut

443 741 868 812 desideramus,
903 743 1169 816 utrisque
1209 744 1379 800 nobis
1410 743 1744 800 testimonio
1775 749 1885 812 est,
1919 743 2086 798 nobis

444 847 680 920 quidem
709 851 860 920 quod
901 851 1202 907 benefacta
1251 853 1472 924 experti
1502 867 1728 920 sumus,
1761 867 1942 924 eaque
1972 867 2088 906 ma-

441 955 599 1012 xima
681 956 1146 1014 benefactorihus
1231 962 1435 1029 sponte
1492 974 1560 1014 ea
1636 959 2087 1015 conferentibus.

519 1680 630 1737 Sed
661 1683 738 1747 et,
797 1680 891 1737 bis
921 1681 1201 1748 contenti,
1263 1680 1512 1738 libenter
1569 1680 1863 1736 inferiores
1893 1677 2092 1736 haberi

447 1786 716 1858 velimus,
745 1788 881 1842 dum
922 1804 1027 1858 par
1073 1788 1198 1860 pari
1253 1789 1468 1845 referre
1521 1787 1672 1844 haud
1703 1787 1998 1856 valemus;
2029 1788 2090 1844 in
2121 1785 2167 1848 B
2199 1757 2381 1860 Eil‘fe,
2411 1757 2472 1812 ἃν

449 1911 564 1967 quo
596 1895 781 1968 magis
811 1912 1079 1952 amamus
1109 1900 1269 1952 tuam
1299 1896 1596 1966 injuriam,
1635 1913 1812 1967 quam
1849 1896 2090 1953 benevo-

445 2003 685 2059 lentiam
718 2003 989 2076 experiri.
1027 2004 1167 2060 Esse
1207 2005 1362 2059 enim
1396 2005 1453 2060 in
1503 2020 1744 2060 numero
1773 2020 1970 2059 eorum
1990 2004 2092 2075 qui

447 2111 555 2166 abs
592 2113 649 2166 te
687 2109 1070 2176 honorantur,
1101 2115 1158 2166 et
1214 2111 1430 2181 quibus
1490 2116 1552 2166 tu
1601 2111 1744 2166 bene
1803 2111 1965 2180 facis,
1998 2128 2094 2166 sa-

445 2213 564 2272 tius
591 2219 700 2284 est,
732 2215 804 2272 ob
834 2216 947 2271 tela
985 2233 1052 2272 ac
1109 2215 1324 2288 philtra
1371 2220 1491 2284 tua,
1529 2233 1702 2288 quam
1754 2218 1800 2272 si
1849 2234 1953 2272 nos
1982 2216 2094 2288 ipsi

445 2321 688 2382 aliorum
737 2322 1135 2379 benefactores
1193 2321 1546 2378 baberemur
1574 2325 1886 2394 praesrtim
1921 2323 1992 2378 ob
2025 2339 2093 2378 ea

445 2446 568 2502 quas
599 2431 771 2487 modo
794 2429 1064 2498 diximus,
1087 2445 1372 2486 memores
1392 2430 1672 2493 proverbii
1693 2431 1846 2502 quod
1869 2430 2092 2487 similes

449 2538 745 2598 similibus
787 2539 1034 2596 associat
1064 2540 1454 2612 aliquatenus.
1489 2541 1630 2605 Quid
1666 2558 1836 2612 porro
1875 2541 2092 2596 Laertia

446 2646 569 2702 lilio
593 2645 994 2703 honorabilius
1021 2663 1150 2702 esse
1179 2651 1370 2718 potest
1409 2663 1584 2718 quam
1645 2647 1907 2703 Minervas
1941 2649 2094 2702 favor

443 2759 502 2812 et
539 2753 816 2819 amicitia,
857 2759 916 2810 et
957 2771 1131 2827 quam
1179 2755 1301 2826 ipse
1351 2772 1468 2827 pra:
1517 2757 1736 2811 caeteris
1774 2757 2092 2811 divinitati-

446 2861 558 2916 bus
613 2861 769 2932 apud
837 2860 1182 2930 Sophoclem
1241 2861 1354 2917 sibi
1414 2863 1696 2917 faventem
1757 2863 2001 2933 judical,
2059 2881 2092 2918 a

445 2983 561 3036 qua
602 2967 798 3022 omnia
855 2967 1014 3022 omni
1061 2972 1316 3040 tempore
1372 2969 1794 3039 gubernantur,
1829 2968 1980 3023 sicut
2029 2973 2090 3023 tu

447 3074 574 3145 ipse
602 3089 710 3129 nos
755 3073 1032 3142 majorem
1081 3074 1142 3129 in
1174 3075 1408 3129 modum
1441 3077 1608 3144 regis.
1642 3076 1791 3138 Quin
1825 3075 1941 3130 imo
1973 3091 2090 3130 non

449 3195 586 3253 erga
641 3196 754 3238 non
804 3181 911 3236 ista
943 3181 1337 3237 familiaritate
1393 3183 1594 3251 uteris,
1653 3197 1852 3237 curam
1892 3198 2090 3238 eorum
2119 3161 2163 3226 C

449 3287 720 3360 gerendo,
755 3287 854 3343 sed
908 3287 966 3342 in
991 3303 1215 3354 omnes,
1248 3289 1416 3360 quasi
1457 3288 1580 3360 lege
1607 3293 1708 3344 aut
1754 3288 2098 3344 necessitate

449 3392 644 3464 aliqua
672 3408 737 3449 eo
769 3393 1126 3464 perduceris,
1159 3397 1214 3449 te
1271 3395 1680 3450 accommodas
1704 3399 1760 3449 et
1806 3395 2100 3466 exemplar

451 3506 508 3557 te
563 3501 806 3572 praebes,
847 3501 1025 3573 idque
1073 3517 1188 3557 non
1246 3503 1446 3572 paucis
1477 3501 1853 3574 quibusdam.
1913 3501 2098 3573 Magis

453 3609 610 3666 enim
641 3614 699 3665 te
721 3610 887 3679 juvat
903 3609 950 3664 si
981 3609 1087 3665 tibi
1121 3609 1294 3666 datur
1321 3608 1452 3666 aliis
1483 3614 1626 3665 bene
1661 3611 1867 3676 facere,
1919 3626 2095 3678 quam

454 3717 504 3772 si
535 3715 633 3773 alii
665 3716 766 3772 libi
809 3715 1085 3773 beneficia
1132 3718 1480 3785 conferunt;
1513 3733 1650 3772 nam
1691 3718 1921 3788 quando
1969 3717 2094 3785 das,

455 3824 714 3896 accipere
771 3823 967 3898 potius
1025 3823 1131 3878 tibi
1186 3824 1438 3892 videris;
1502 3839 1678 3894 quare
1746 3823 1840 3892 qui
1913 3821 2096 3877 indoli

454 3935 568 3986 tum
605 3947 668 3986 se
696 3929 1159 3996 accommodant,
1191 3927 1509 3997 veneraris;
1566 3927 1662 4000 qui
1695 3928 1888 3982 minus
1917 3927 1972 3980 id
2007 3927 2096 3982 fa—

453 4038 629 4105 ciunt,
662 4043 727 4092 ut
757 4037 1023 4093 inimicos
1067 4036 1477 4108 tergiversaris.
1527 4036 1708 4092 Nemo
1749 4035 1904 4090 enim
1953 4033 2094 4105 peti-

451 4145 627 4201 tionis
659 4145 729 4200 ad
776 4149 831 4200 te
879 4145 1081 4200 delatas
1121 4145 1412 4214 repulsam
1467 4144 1622 4210 tulit,
1683 4143 1802 4198 sive
1857 4143 2092 4213 dignus,

453 4253 572 4308 sive
601 4268 715 4308 non
748 4253 944 4316 fuerit,
992 4251 1282 4322 siquidem
1337 4250 1586 4306 aliorum
1615 4250 1904 4305 desideria
1954 4265 2094 4320 prae-

449 4358 636 4426 venis,
667 4359 800 4415 aliis
856 4357 1002 4415 bene
1031 4357 1278 4414 faciendi
1310 4356 1626 4428 cupiditate
1673 4362 1886 4413 motus.
1922 4357 2094 4412 Recte

451 4465 634 4538 igitur
689 4466 929 4520 dixerim
979 4471 1030 4520 te
1089 4465 1239 4520 notis
1294 4468 1350 4519 et
1403 4463 1620 4536 ignotis
1679 4465 1823 4519 bene
1883 4465 2092 4530 facere,

454 4587 706 4643 quorum
738 4571 834 4628 alii
883 4571 997 4627 tuis
1023 4572 1144 4642 jam
1183 4571 1480 4627 beneﬂciis
1511 4573 1802 4640 fruuntur,
1853 4571 1950 4627 alii
1981 4571 2092 4626 frui

451 4679 732 4752 gestiunt.
795 4679 932 4735 Nam
980 4679 1080 4750 qui
1140 4679 1331 4734 ultimi
1375 4683 1677 4748 venerunt,
1724 4695 1838 4734 non
1899 4681 2094 4734 minus

448 4791 796 4859 acceperunt
827 4787 898 4842 iis
931 4786 1030 4859 qui
1055 4801 1124 4842 ex
1159 4785 1332 4859 longo
1363 4789 1622 4857 tempore
1645 4789 1702 4840 in
1735 4786 2094 4842 consuetudi-

449 4911 580 4952 nem
614 4893 828 4966 recepti
862 4893 1107 4948 luerant.
1140 4895 1347 4964 Quare,
1383 4897 1446 4948 ut
1488 4893 1691 4948 iisdem
1720 4893 1908 4949 verbis
1943 4897 2091 4960 utar,

449 5006 507 5057 et
536 5006 704 5058 notos
734 5007 791 5056 et
820 5001 1046 5071 ignoto
1075 5001 1133 5056 in
1165 5001 1522 5057 consortium
1541 5005 1710 5056 tuum
1728 4998 2021 5072 recepisti.

522 5111 580 5167 Si
611 5127 778 5182 porro
807 5126 898 5165 me
948 5112 1112 5182 iuvat
1144 5109 1282 5166 talia
1333 5109 1404 5164 de
1463 5114 1519 5163 te
1551 5110 1764 5176 dicere,
1802 5108 1916 5165 alia
1947 5125 2092 5180 quaa-

448 5219 581 5276 dam
614 5218 910 5290 aliquanto
944 5219 1140 5272 minus
1166 5217 1470 5272 delectant.

533 5603 594 5660 Si
641 5603 795 5660 enim
827 5607 1055 5662 tantum
1085 5603 1364 5674 temporis
1410 5621 1442 5660 a
1479 5607 1555 5673 te,
1584 5617 1834 5676 quocum
1867 5617 2096 5676 smper

2196 507 2588 584 μεγαλοψυχίᾳ
2616 511 2848 586 γνώμης
2877 505 2978 564 οτίει
3009 531 3061 564 τι
3099 515 3210 564 τῶν
3259 509 3486 566 εἰκότων
3539 511 3848 587 εἰργάσθαι,

2193 596 2309 653 οὐδ’
2369 598 2528 675 ἐγγύς
2563 643 2576 656 .
2629 597 2757 654 ἀλλ’
2797 597 2979 673 ὥσπερ
3021 601 3156 673 πρὸς
3221 601 3380 661 αὐτὸς
3452 603 3646 656 σαυτὸν
3715 603 3847 676 ὑπὲρ

2190 689 2352 759 ἡμῶν
2412 685 2832 762 ἁμιλλώμενος,
2888 690 2980 742 καὶ
3029 688 3244 760 μᾶλλόν
3299 710 3359 766 γε
3406 687 3442 758 ἢ
3495 692 3657 762 ἡμεῖς
3713 691 3844 764 ὑπὲρ

2191 778 2350 848 ἡμῶν
2400 777 2600 846 αὐτῶν,
2631 775 2774 831 οὕτω
2829 779 3154 855 φροντίζεις,
3184 778 3349 848 κόρον
3391 777 3582 833 οὐδένπ
3619 779 3848 834 πώποτε

2193 863 2495 940 δεχόμενος
2566 873 2668 936 τῆς
2731 864 2996 933 σπουδῆς,
3063 866 3129 938 ἣν
3193 869 3358 942 ἡμεῖς
3423 867 3844 942 ἀντεισενεγκεῖν

2191 954 2278 1010 ἐπὶ
2331 961 2445 1017 τοῖς
2503 953 2644 1017 ἴσοις
2698 955 2798 1010 οὐκ
2840 952 3084 1032 ἔχοντες,
3119 955 3290 1025 δῆλον
3341 961 3604 1031 ποιοῦμεν
3637 959 3846 1012 ὁπόσον

2191 1045 2248 1099 εὗ
2297 1045 2584 1120 πάσχομεν
2617 1063 2629 1078 ·
2661 1049 2741 1117 τῷ
2798 1041 2854 1100 δὲ
2907 1043 3052 1118 αὒτῷ
3087 1046 3178 1101 καὶ
3227 1048 3376 1120 ἡμᾶς
3425 1045 3620 1107 αὐτοὺς
3659 1046 3848 1100 καὶτὸ

2189 1134 2326 1188 κατὰ
2381 1135 2439 1190 σε
2495 1130 2672 1204 δήπου
2729 1133 3002 1208 σεμνύνειν
3061 1129 3288 1210 ἔχομεν.
3341 1139 3406 1190 Ἦ
3466 1137 3570 1210 γὰρ
3619 1134 3672 1190 έν
3728 1141 3847 1196 ταῖς

2191 1219 2450 1296 ἀμοιϐαῖς
2501 1223 2704 1296 ἀπορία
2759 1223 2852 1280 καὶ
2908 1226 2971 1280 τὸ
3034 1223 3206 1298 μηδὲν
3265 1217 3413 1299 ἔχειν
3465 1225 3850 1300 ἀποχρώντως

2191 1311 2509 1368 ἐκτετικέναι
2556 1315 2859 1387 τεκμήριον
2921 1312 3009 1369 ἐπὶ
3067 1311 3220 1369 δυοῖν
3306 1319 3421 1368 τοῖν
3498 1312 3849 1385 καλλίστοιν,

2191 1403 2333 1476 ὁμοῦ
2388 1401 2512 1464 τούς
2567 1424 2626 1458 τε
2681 1403 2996 1477 πάσχοντας
3058 1401 3115 1458 εῦ
3173 1403 3300 1466 τούς
3353 1423 3410 1458 τε
3460 1400 3516 1458 εῦ
3546 1408 3841 1466 ποιοῦντας

2194 1490 2460 1563 δεικνῦον,
2491 1493 2619 1556 τοὺς
2668 1493 2761 1566 μὶν
2810 1497 2918 1548 τῶν
2973 1494 3247 1570 μεγίστων
3285 1493 3678 1571 τυγχάνοντας,
3723 1495 3848 1556 τοὺς

2195 1580 2251 1637 δὲ
2278 1587 2506 1638 τοιαῦτα
2536 1583 2958 1658 χαριζομένους.

2265 1669 2336 1724 Οὗ
2371 1671 2479 1742 μὴν
2539 1667 2685 1724 ἀλλά
2732 1671 2823 1725 καὶ
2870 1671 3146 1726 τούτοισιν
3196 1670 3256 1724 ἃν
3307 1669 3700 1746 αὐταρκοῦντες
3737 1669 3850 1726 ἐδε-

2529 1758 2762 1828 έκόντες,
2804 1758 2860 1813 εῦ
2895 1756 3034 1828 τίσθι,
3081 1759 3148 1814 τὰ
3203 1763 3426 1814 τοιαῦτα
3475 1758 3697 1832 μᾶλλον
3755 1763 3852 1829 ἡτο

2196 1849 2384 1902 τᾶσθαι
2435 1843 2647 1923 φέροντι
2695 1851 2774 1918 τῷ
2829 1849 3006 1920 θυμῷ,
3060 1847 3095 1916 ἢ
3157 1847 3426 1921 περαίνειν
3467 1845 3516 1919 ἐξ
3568 1847 3850 1924 ἀναλόγου

2201 1934 2474 2005 δύνασθαι,
2534 1937 2670 1992 ὅπου
2728 1957 2790 2010 γε
2841 1937 2932 1990 καὶ
2987 1939 3088 2006 τήν
3137 1937 3284 2012 παρά
3334 1941 3429 1991 σοῦ
3491 1937 3712 2010 μᾶλλον
3749 1944 3854 2008 ζη-

2203 2025 2328 2099 μίαν
2383 2030 2478 2080 τοῦ
2525 2031 2652 2100 παρ’
2711 2026 3050 2082 ὡντινωνοῦν
3111 2028 3168 2082 εὗ
3227 2026 3566 2084 πεπονθέναι.
3615 2029 3689 2082 Τὸ
3751 2030 3856 2103 γὰρ

2197 2119 2304 2170 τῶν
2349 2116 2452 2170 ὑπὸ
2505 2119 2601 2170 σοῦ
2649 2115 3081 2188 κεκοσμημένων
3125 2115 3372 2190 ὁρᾶσθαι,
3419 2117 3509 2170 καὶ
3549 2117 3607 2171 σέ
3648 2119 3706 2192 γ’
3763 2117 3858 2172 αὖ·

2198 2205 2289 2258 τὸν
2351 2204 2425 2266 εἶς
2476 2203 2760 2282 εὐεργέτας
2821 2203 3133 2284 ἐγγράφειν,
3193 2199 3306 2259 ἔσκι
3369 2205 3462 2276 μὲν
3519 2205 3609 2259 καὶ
3657 2203 3855 2268 άλλως

2202 2291 2292 2348 διά
2319 2293 2386 2348 τὰ
2410 2293 2474 2348 σὰ
2528 2294 2665 2368 βέλη
2699 2293 2792 2350 καὶ
2839 2291 3039 2370 φίλτρα
3089 2293 3345 2357 πλείονος
3401 2294 3569 2368 ἄξιον,
3603 2295 3636 2363 ἢ
3703 2297 3858 2369 ἡμᾶς

2201 2381 2397 2443 αὐτοὺς
2445 2383 2521 2444 είς
2572 2383 2850 2458 εὐεργέτας
2909 2383 3213 2438 ὁτοισινοῦν
3272 2383 3589 2462 γράφεσθαι,
3647 2382 3860 2456 πολλῷ

2202 2468 2258 2524 δὲ
2319 2469 2532 2544 μᾶλλον
2595 2469 2664 2526 δι’
2703 2470 2881 2546 ὦνπερ
2941 2474 3271 2547 ὶμεμνήμην
3319 2475 3535 2547 ἀρτίως,
3567 2472 3766 2536 ἄλλως
3805 2495 3861 2529 τε

2199 2559 2288 2614 καὶ
2315 2562 2412 2630 τήν
2460 2561 2760 2634 παροιμίαν
2811 2559 3045 2632 εἷ’δότας,
3093 2567 3202 2617 τῶν
3235 2568 3354 2625 τοῖς
3402 2563 3640 2635 ἑταίροις
3673 2584 3858 2638 προσ-

2201 2650 2369 2704 όντων
2445 2649 2521 2711 sic
2583 2650 2876 2714 κοινωνοὺς
2954 2656 3275 2715 καθιστᾶσαν
3333 2651 3532 2727 τρόπον
3593 2649 3661 2722 δή
3739 2674 3860 2708 τινα

2200 2743 2400 2808 Μεῖζον
2452 2737 2508 2793 δὲ
2563 2740 2654 2794 καὶ
2711 2743 2790 2811 τῷ
2847 2741 3094 2816 Λαέρτου
3139 2742 3274 2815 πρὸς
3327 2738 3481 2811 δόξαν
3519 2739 3647 2796 ὅτου
3679 2743 3766 2805 τίς
3799 2743 3858 2796 ἂν

2199 2826 2343 2882 ε’ίποι
2391 2829 2586 2890 παντὸς
2642 2830 2676 2898 ἡ
2729 2830 2876 2905 ποιρά
2928 2837 3027 2900 τῆς
3073 2831 3301 2902 Ἀθηνᾶς
3354 2829 3738 2907 φιλανθρωπία
3769 2831 3860 2886 καὶ

2199 2919 2364 2992 χάρις
2394 2919 2484 2972 καὶ
2540 2917 2602 2973 τό
2667 2920 3055 2993 συναιρόμενον
3109 2919 3161 2974 ὲν
3213 2922 3398 2987 παντὶ,
3445 2919 3512 2989 ἣν
3570 2921 3664 2974 καὶ
3727 2920 3862 2999 φιλ-

2199 3006 2364 3078 τάτην
2427 3007 2540 3082 οὐχ
2578 3008 2701 3062 ὅσον
2766 3008 2928 3071 αὐτὸς
2989 3007 3141 3080 αὖτῷ
3199 3005 3565 3086 διαφέρόντως
3617 3014 3732 3064 τῶν
3765 3009 3864 3064 ἆλ-

2201 3095 2311 3152 λων
2337 3097 2471 3151 θεῶν
2504 3096 2651 3171 παρὰ
2697 3096 2972 3172 Σοφοκλεῖ
3032 3103 3314 3172 μαρτυρεῖ,
3373 3097 3518 3154 ἀλλὰ
3563 3099 3656 3154 καὶ
3715 3101 3786 3155 τά
3811 3105 3856 3154 τ’

2205 3185 2296 3240 οῦν
2343 3187 2514 3260 πάρος
2554 3186 2620 3240 τά
2675 3188 2722 3241 τ’
2769 3185 2846 3248 εἷς
2891 3182 3079 3242 ἔπειτα
3133 3187 3236 3242 ὑπὸ
3307 3189 3534 3258 ταυτησί
3601 3183 3862 3266 κυϐερνᾶ-

2207 3277 2318 3346 θαι,
2389 3275 2630 3352 καθάπερ
2687 3277 2849 3348 ἡμεῖς
2927 3274 3030 3331 ὑπὸ
3115 3281 3236 3344 σοῦ,
3323 3276 3415 3330 καὶ
3503 3275 3722 3350 μᾶλλόν
3811 3281 3866 3354 γ’

2205 3369 2388 3440 ἡμεῖς.
2425 3367 2609 3422 Καίτοι
2639 3367 2689 3421 τί
2724 3366 2872 3442 λέγω
2905 3393 2919 3436 ς
2957 3369 3029 3423 Οὐ
3089 3370 3194 3442 γὰρ
3228 3370 3363 3440 ἡμῖν
3424 3367 3610 3430 αὐτοῖς
3669 3371 3860 3442 μόνοις

2205 3455 2376 3518 οὕτως
2409 3455 2622 3518 οἰκείως
2649 3455 2820 3532 ἔχεις,
2856 3453 2968 3511 ουδ’
3018 3455 3108 3512 ἐπὶ
3153 3462 3420 3514 τοσοῦτον
3471 3457 3856 3534 μεμελέτηκας

2205 3547 2464 3621 χρῆσθαι,
2515 3545 2662 3602 ἀλλὰ
2709 3547 2846 3621 πρὸς
2905 3545 3033 3608 τοὺς
3097 3545 3303 3610 ἄλλους
3360 3546 3596 3610 ἅπαντας
3761 3548 3854 3624 ἆρ-

2206 3643 2334 3710 χῆς,
2387 3634 2570 3710 ὥσπερ
2628 3636 2869 3714 ἀνάγκην
2928 3633 3074 3715 ἔχων
3131 3635 3167 3706 ἢ
3222 3637 3393 3710 νόμου
3427 3637 3852 3712 κεκρατηκότδς,

2205 3727 2377 3788 οὕτως
2427 3725 2718 3800 ἐπικαίρως
2765 3727 3028 3799 ἤρμοσαι,
3081 3725 3170 3781 καὶ
3221 3728 3416 3788 πάντες
3461 3727 3548 3782 ἐπὶ
3601 3729 3690 3782 σοὶ
3719 3749 3850 3782 ταυ-

2204 3814 2328 3884 τησῖ
2375 3818 2666 3888 πειρῶνται
2717 3821 2810 3886 τῆ,
2861 3816 3105 3890 γνώμης.
3165 3813 3321 3870 Ἀλλ’
3367 3814 3468 3870 οῦκ
3507 3815 3584 3878 είς
3633 3816 3850 3892 εὐαριθ-

2208 3905 2413 3978 μήτους
2445 3903 2669 3980 ὁρίζεις,
2701 3902 2815 3959 οὐδ’
2845 3903 2924 3984 ἐφ’
2958 3902 3050 3968 οὕς
3081 3905 3195 3977 μὲν,
3244 3903 3326 3977 ἐφ’
3375 3903 3467 3968 οῦς
3518 3903 3565 3960 δ’
3619 3903 3682 3962 οῦ
3719 3927 3732 3938 ·
3769 3909 3855 3970 οἷς

2203 3995 2304 4068 γὰρ
2334 3995 2459 4056 τοὺς
2489 3991 2694 4055 ἄλλους
2727 3994 2782 4048 εὖ
2821 3999 2997 4048 ποιεῖν
3047 3989 3217 4069 ἔχεις,
3263 3994 3481 4056 τούτοις
3511 3995 3678 4057 αὐτὸς
3705 3995 3850 4051 πολὺ

2207 4081 2423 4154 μᾶλλον
2458 4081 2696 4156 πέφυκας
2746 4081 2953 4156 χαίρειν
3011 4082 3199 4156 ὅτιπερ
3261 4083 3318 4138 εῦ
3371 4090 3546 4138 ποιεῖν
3585 4082 3734 4160 ἔχεις
3761 4085 3852 4138 καὶ

2204 4171 2520 4246 χαρίζεσθαι
2548 4169 2786 4244 μᾶλλον,
2809 4171 2842 4240 ἢ
2865 4177 3029 4227 τοῦτο
3057 4171 3340 4248 πάσχοντα
3371 4173 3650 4250 φαίνεσθαι
3677 4195 3690 4209 ’
3717 4173 3856 4246 μᾶλ-

2203 4261 2298 4314 λον
2334 4257 2390 4314 δὲ
2421 4257 2600 4320 διδοὺς
2631 4261 2794 4322 αὐτὸς
2846 4258 2953 4316 θ’ίει
3003 4256 3332 4335 λαμϐάνειν,
3365 4262 3454 4316 καὶ
3501 4261 3630 4324 τοὺς
3689 4263 3850 4336 ἐπαγ-

2201 4347 2572 4424 γελλομένους
2619 4349 2692 4410 ὡς
2751 4348 3137 4412 συντελοῦντας
3191 4354 3260 4425 τῇ
3319 4357 3385 4426 σῇ
3437 4349 3594 4428 φύσει
3633 4351 3852 4407 πολλοῦ

2205 4459 2350 4502 σινος
2411 4439 2630 4510 κρίνεις,
2681 4439 2807 4500 τοὺς
2867 4436 2922 4493 δὲ
2975 4441 3050 4512 μή
3107 4443 3270 4495 τοῦτο
3310 4445 3622 4512 ποιοῦντας,
3653 4447 3852 4496 σαυτοῦ

2127 4529 2169 4593 D
2199 4527 2433 4600 νομίζων
2479 4527 2729 4603 ἐχθροὺς,
2777 4523 3112 4606 ἀποστρέφῃ.
3166 4529 3246 4586 Οὐ
3289 4529 3390 4605 γάρ
3429 4528 3571 4584 ἐστιν
3599 4529 3662 4591 ὃς
3693 4530 3854 4600 αἶτγξ-

2203 4639 2298 4680 σας
2328 4617 2625 4693 ήτύχηκεν,
2658 4617 2746 4671 έάν
2778 4637 2835 4671 τε
2864 4618 3060 4672 τούτου
3081 4621 3132 4693 γ’
3164 4618 3330 4688 ἀξίως
3363 4615 3494 4692 ἔχῃ,
3529 4619 3620 4673 έάν
3651 4641 3708 4674 τε
3761 4621 3854 4674 κκὶ

2209 4709 2283 4780 μή
2320 4725 2334 4738 ·
2395 4704 2540 4761 ἀλλά
2595 4706 2682 4760 καὶ
2743 4707 2955 4783 φθάνεις
3002 4707 3098 4768 τάς
3155 4707 3450 4780 ἐπιθυμίας
3497 4712 3606 4762 τῶν
3665 4707 3718 4762 εὗ
3747 4730 3850 4763 παο

2205 4798 2312 4850 θεῖν
2363 4793 2654 4868 δῖομένων,
2715 4793 2894 4869 ὥσπερ
2955 4793 3107 4850 οὐδὶν
3169 4791 3351 4872 ’ἕτερον
3407 4795 3458 4867 ἐξ
3507 4797 3689 4872 ἀρχῆς
3735 4797 3854 4866 ἣεῦ

2202 4890 2375 4940 ποιεῖν
2439 4883 2846 4958 μεμελετηκώς.
2905 4885 3049 4939 ³Δνθ⁹
3125 4885 3199 4938 ὧν
3279 4882 3462 4940 ’ἔπεστί
3549 4907 3643 4956 μοι
3721 4887 3850 4958 03,5-

2203 4975 2440 5049 ῥοῦντως
2471 4971 2671 5051 λέγειν,
2705 4973 2786 5028 ὅτι
2819 4973 2908 5027 καὶ
2939 4972 3030 5036 οὕς
3063 4975 3220 5029 οἶσθα
3265 4975 3356 5028 καὶ
3405 4973 3500 5036 οῦς
3557 4975 3660 5030 οὐκ
3703 4977 3850 5030 οἶσθα

2201 5069 2380 5125 ποιεῖς
2422 5063 2498 5132 εὗ,
2547 5065 2673 5126 τοὺς
2713 5063 2806 5136 μὲν
2859 5063 2938 5124 οἷς
2969 5083 3076 5118 των
3119 5067 3226 5118 σῶν
3269 5061 3655 5127 ἀπολαύοντας
3685 5063 3848 5140 ἔχεις,

2200 5155 2325 5214 τοὺς
2357 5149 2404 5206 δ’
2433 5151 2558 5206 ὅσον
2587 5152 2693 5208 ἀπὸ
2726 5155 2822 5206 τοῦ
2857 5150 3152 5226 βούλεσθαι
3185 5171 3197 5184 ·
3233 5153 3322 5206 καὶ
3353 5151 3454 5228 γὰρ
3497 5151 3564 5222 δή
3615 5156 3846 5208 κάκεῖνοι

2198 5247 2306 5298 τῶν
2336 5243 2394 5296 ὲκ
2450 5241 2785 5296 παλαιτάτου
2841 5243 3090 5312 συνήθῶν
3151 5241 3250 5296 οὐκ
3307 5241 3367 5297 ἂν
3402 5239 3630 5297 ἔλαττον
3663 5239 3846 5317 ἔσχον,

2201 5333 2244 5387 εἰ
2279 5333 2443 5405 μόνον
2477 5331 2552 5394 εἷς
2601 5335 2787 5406 πεῖραν
2830 5326 3013 5404 ᾔεσαν.
3073 5333 3254 5401 "acts,
3287 5331 3334 5386 εἰ
3383 5327 3468 5386 δεῖ
3515 5337 3635 5394 τοῖς
3667 5331 3845 5393 αὐτοῖς

2199 5422 2284 5474 καὶ
2331 5419 2486 5484 αὖθις
2531 5419 3031 5497 ὀνόμασιχρῇσθαι,
3087 5420 3326 5493 καθάπερ
3377 5418 3431 5474 έν
3483 5419 3644 5497 χορῷ
3693 5439 3840 5490 συνᾳ-

2199 5506 2423 5578 δόντων,
2455 5508 2544 5563 καῖ
2576 5507 2668 5570 οὓς
2697 5507 2852 5563 οἶσθα
2879 5507 2968 5562 καὶ
2999 5507 3105 5569 οὓς
3137 5507 3238 5563 οὐκ
3285 5509 3446 5562 οἶσθα
3473 5510 3748 5580 κέκτησαι.

2271 5599 2414 5674 Ἐγὼ
2471 5595 2530 5652 δὲ
2585 5597 2671 5658 οἷς
2733 5597 2864 5674 ὑπὲρ
2923 5600 3020 5651 σοῦ
3074 5594 3250 5674 λέγων
3331 5593 3562 5673 ἥδομαι,
3633 5595 3842 5656 τούτοις
