4154 6216
295 323 419 384 437

1809 321 2238 387 ΕΡῙΞΤΟΙΛΕ.

3590 317 3708 380 438

297 451 446 514 ὅπως
493 451 598 507 οὐκ
645 449 802 528 ἀλγῶ
834 451 1014 527 λέγειν
1048 451 1150 507 οὐκ
1178 445 1330 527 ἔχω·
1374 450 1443 507 δι’
1474 453 1548 506 ὧν
1583 453 1686 530 γὰρ
1734 454 1792 508 ἂν
1843 461 1949 510 τῶν

2084 474 2180 513 ina
2209 474 2338 514 esse
2371 458 2579 514 melius
2618 465 2758 525 eral,
2791 462 3090 531 separatus
3122 457 3256 528 vixi,
3289 471 3472 514 unum
3511 459 3708 512 tamen

299 541 650 616 ἀτυχούντων
703 541 938 614 ἐμαυτὸν
988 541 1280 616 ἀποφήνω,
1326 542 1524 596 τούτου
1567 547 1821 596 τοσοῦτον
1851 543 1949 617 ἀφ·

300 630 586 702 ιστάμενος
643 629 866 704 χρόνον,
902 629 948 702 ᾧ
1005 626 1094 684 διὰ
1153 630 1352 691 παντὸς
1403 635 1638 684 συνεῖναι
1686 638 1949 704 προσῆκε,

291 721 442 773 ταίτ’
477 719 570 779 ,εἰς
625 719 787 790 μέσον
835 717 1099 793 παρᾶγειν
1151 719 1434 793 αἱροῦμαι,
1485 717 1665 793 ὥσπερ
1717 721 1808 774 ἀπ’
1856 721 1952 774 αὐ-

290 808 384 869 τὸς
429 806 668 880 ἐμαυτοῦ
719 814 819 876 τῆς
867 812 974 861 τῶν
1025 805 1294 862 παιδικῶν
1346 809 1604 869 ἀπουσίας
1654 805 1949 882 λαμϐάνων

290 897 385 952 τὸν
445 893 703 970 ἔλεγχον,
760 896 850 950 καὶ
909 897 1010 964 τήν
1065 894 1306 969 ἐμαυτοῦ
1365 894 1660 971 δυστυχίαν
1705 894 1955 967 ἐπίτηδες

291 986 588 1060 παριστὰς.
623 985 899 1040 Δείκνυται
950 986 1052 1059 γὰρ
1108 983 1171 1040 τὰ
1232 986 1417 1060 περιὸν
1460 993 1560 1056 τῆς
1610 988 1809 1058 ζημίας
1860 988 1951 1042 καὶ

293 1073 428 1129 σ’ίων
512 1073 831 1148 ἐστέρημαι,
878 1076 988 1144 οἷς,
1053 1072 1268 1130 ἐπειδὰν
1325 1075 1641 1149 μέμνωμαι,
1700 1079 1954 1132 πέτεσθαι

288 1165 590 1238 πάρεστιν·
658 1163 824 1240 ἄμφω
885 1164 1040 1219 ταυτί
1103 1158 1356 1238 βεϐαιῶν,
1403 1165 1491 1220 καί
1552 1186 1647 1220 σου
1716 1164 1949 1220 δυσαπο-

292 1258 551 1312 σπάστως
583 1246 753 1326 ἔχειν,
784 1253 875 1306 καὶ
909 1250 993 1306 ὅτι
1021 1256 1119 1307 τοῦ
1150 1255 1352 1316 παντὸς
1384 1251 1529 1324 ἄξιος
1581 1253 1698 1322 ε’ίῃς
1723 1272 1736 1286 ⁸
1771 1275 1950 1329 προσ-

298 1341 420 1410 θείη
455 1339 501 1395 δ’
532 1340 594 1395 ἄν
643 1362 729 1403 τις
781 1342 929 1416 τάχα
993 1344 1084 1397 καὶ
1139 1341 1322 1416 τρίτον
1378 1344 1441 1398 τὸ
1492 1344 1951 1423 παρεμφαίνεσθαι

295 1435 459 1485 πᾶσιν
509 1428 750 1485 ἐντεῦθεν
806 1431 897 1485 τὸν
956 1429 1062 1486 ἀπὸ
1120 1435 1217 1486 τοῦ
1287 1437 1517 1488 συνεῖναι
1577 1432 1950 1508 πυῤῥιχισμὸν

297 1519 393 1574 καὶ
429 1519 716 1594 βακχείαν.

376 1609 603 1684 Ἀμέλει
635 1611 860 1679 καὶτῆς
900 1612 1200 1686 παροιμίας
1250 1611 1412 1688 φίλον
1463 1609 1658 1691 ἔδαφος
1705 1615 1804 1684 τήν
1850 1634 1954 1668 πα-

296 1695 458 1773 τρίδα
531 1699 966 1772 νομοθετούσης,
1025 1700 1114 1754 καὶ
1185 1700 1408 1774 γλύκιον
1487 1700 1639 1757 οὐδὲν
1693 1706 1757 1772 ἧς
1819 1703 1953 1757 εἶναι

301 1785 594 1862 πατρίδος,
627 1786 751 1843 οὐδὲ
787 1789 1010 1857 τοκέων,
1041 1793 1137 1844 τοῦ
1189 1792 1500 1863 Σμυρναίου
1554 1796 1954 1866 μαρτυροῦντος

302 1876 370 1931 αὖ
427 1882 666 1948 ποιητοῦ
723 1879 828 1950 (3),
857 1878 1012 1931 ταυτὶ
1063 1875 1109 1932 δ’
1158 1874 1338 1955 ἔμοιγ’
1372 1879 1464 1933 οὖν
1520 1881 1729 1936 ἅπαντα
1776 1878 1864 1935 διὰ
1904 1881 1960 1935 σὲ

302 1966 439 2040 πρὸς
469 1961 695 2022 ἔλαττον
725 1965 866 2041 ἄγει,
901 1967 989 2020 καὶ
1020 1963 1315 2022 κινδυνεύω
1343 1974 1422 2041 τῷ
1471 1969 1593 2044 περὶ
1644 1971 1702 2024 σέ
1745 1970 1961 2049 φίλτρῳ

305 2056 566 2111 τάναντία
619 2056 742 2129 περὶ
797 2055 1010 2110 τούτων
1086 2054 1347 2130 δοξάζειν,
1399 2058 1700 2134 ἡγούμενος
1776 2059 1961 2135 ἑτέραν

310 2146 517 2216 ταύτης
568 2145 969 2219 προτιμοτέραν
1010 2147 1110 2214 τὴν
1158 2145 1479 2222 ἀλλοτρίαν,
1522 2149 1611 2203 καὶ
1668 2150 1735 2220 ἣν
1795 2151 1959 2212 αὐτὸς

309 2231 460 2308 ἔχεις
520 2241 622 2303 τῆς
674 2232 914 2308 ἒμαυτοῦ
977 2235 1068 2288 καὶ
1126 2235 1351 2297 οἰκείας.
1395 2239 1600 2313 Ὥσπερ
1655 2238 1754 2312 γὰρ
1811 2241 1961 2310 ἡμᾶς

313 2323 546 2395 πρόσθεν
601 2324 788 2398 παρὼν
844 2321 1094 2397 έκόσμεις
1150 2326 1224 2387 ὡς
1279 2325 1522 2393 ἀληθῶς,
1555 2328 1779 2382 καὶτοῦ
1827 2327 1962 2382 κατά

318 2415 375 2467 σὶ
431 2413 623 2474 πάντες
680 2415 817 2484 ἡμῖν
867 2414 1208 2488 ξυνέχαιρον,
1242 2413 1414 2476 οὕτως
1456 2417 1506 2470 οἱ
1537 2421 1628 2470 νῦν
1663 2418 1962 2471 ἀπολαύονο

308 2523 397 2564 τες
455 2501 557 2556 οὐκ
609 2498 787 2570 ἕξουσι
841 2500 1016 2575 λέγειν
1076 2503 1150 2564 ὡς
1199 2503 1262 2558 οὐ
1300 2505 1361 2558 τὸ
1392 2504 1689 2560 κάλλιστον
1719 2503 1961 2580 ἔχουσιν.

306 2598 476 2663 Ἡμῖν
540 2593 634 2664 μέν
695 2590 814 2662 οὖν,
874 2591 920 2647 εἷ
977 2593 1067 2647 καὶ
1126 2597 1228 2658 τῆς
1288 2595 1626 2668 εἱμαρμένης
1704 2595 1960 2668 εὐμενοῦς

311 2682 602 2752 πειρᾶσθαι
660 2686 864 2754 παρῆν,
933 2677 1087 2734 οὐδὲν
1155 2679 1217 2734 ἃν
1275 2680 1341 2748 ἦν
1400 2687 1624 2756 πρᾶγμα
1681 2686 1960 2736 τοσοῦτον.

320 2771 448 2824 ὅσον
504 2790 562 2843 γε
623 2773 717 2823 σοῦ
775 2769 1066 2842 παρόντος,
1099 2769 1314 2841 μαλλον
1369 2767 1426 2825 δὲ
1483 2768 1636 2824 οὐδὲν
1668 2771 1727 2826 ἃν
1785 2772 1851 2839 ἦν
1900 2771 1964 2825 τὸ

312 2859 598 2931 παράπαν,
642 2859 717 2930 μὴ
770 2862 864 2912 σοῦ
911 2858 1199 2931 παρόντος.
1235 2860 1330 2914 Διὰ
1375 2859 1426 2913 τί
1456 2878 1469 2927 ;
1496 2863 1560 2928 ἧς
1592 2859 1653 2914 ἃν
1707 2861 1963 2935 μετείχο-

314 2969 410 3020 μεν
461 2944 693 3016 ἡδονῆς,
725 2946 770 3002 εἰ
816 2949 1067 3021 παρῆσθα
1114 2951 1297 3019 (τοῦτο
1349 2946 1394 3003 δ’
1423 2951 1490 3018 ἧν
1538 2946 1965 3024 συναγωνιζομέ-

307 3058 406 3090 νου
452 3037 566 3109 (5⁹)
604 3038 672 3110 τῇ
721 3035 865 3110 τύχῃ
921 3036 1007 3090 καὶ
1058 3039 1126 3090 τά
1181 3039 1307 3111 παρ’
1357 3037 1564 3110 ἐκείνης
1621 3038 1710 3092 ἐπὶ
1774 3044 1960 3110 μεῖζον

308 3123 613 3198 α’ίροντος),
643 3123 846 3193 ταύτην
908 3125 1006 3179 οὐκ
1061 3123 1121 3179 ἂν
1186 3123 1411 3200 ε’ίχομεν
1468 3129 1827 3201 καρποῦσθαι,
1859 3135 1960 3198 τῆς

306 3221 408 3281 σῆς
439 3213 705 3276 ἀπουσίας
737 3214 828 3269 τὸν
882 3215 1149 3289 λογισμὸν
1208 3216 1602 3286 συνθολούσης,
1626 3220 1700 3279 ὡς
1749 3216 1960 3273 ἒλάττω

307 3309 483 3359 πᾶσαν
549 3304 736 3379 τέρψιν
808 3307 1078 3379 ἡγεῖσθαι.
1138 3310 1248 3361 Νῦν
1320 3303 1399 3374 δέ,
1455 3305 1604 3382 ε’ίπερ
1663 3308 1818 3375 ποτὶ,
1877 3309 1966 3362 καὶ

309 3398 402 3448 νῦν
470 3393 692 3465 μάλισθ’
721 3397 828 3447 τῶν
888 3396 966 3465 (6)
999 3397 1106 3448 σῶν
1165 3393 1370 3468 ίμέρων
1427 3415 1484 3450 τε
1530 3398 1619 3451 καὶ
1668 3396 1968 3473 φαρμάκων

309 3481 402 3537 καὶ
464 3489 568 3551 τῆς
627 3479 714 3536 διὰ
773 3481 986 3536 πάντων
1048 3485 1122 3545 ὼς
1181 3482 1403 3554 ἀληθῶς
1464 3485 1821 3560 ψυχαγωγίας
1878 3485 1970 3540 καὶ

314 3577 612 3643 μουσικῆς,
656 3572 744 3625 ὅτε
785 3572 876 3625 καὶ
931 3571 1160 3647 μέγιστα
1207 3577 1314 3627 τῶν
1367 3576 1590 3629 πώποτε
1635 3595 1970 3648 μνημονευο-

317 3661 497 3734 μένων
549 3661 912 3733 πεπόνθαμεν,
956 3659 1137 3735 ὥσπερ
1191 3667 1290 3716 τοῦ
1339 3660 1626 3737 δαιμονίου
1674 3663 1974 3743 φιλονεικό-

313 3770 480 3824 τερον
528 3751 666 3819 ἡμῖν
715 3748 1207 3822 εἶσκεκωμακότος,
1245 3752 1319 3814 ὡς
1375 3754 1450 3824 μή
1504 3754 1668 3825 μόνον
1703 3753 1755 3824 ἐξ
1783 3752 1973 3827 ίάντιρ-

320 3839 497 3913 ῥόπου
538 3843 620 3910 τῷ
670 3837 930 3913 πρότερον
974 3837 1117 3894 οὕτω
1167 3841 1264 3902 τὰς
1323 3844 1606 3919 συμφορὰς
1654 3842 1973 3913 ἀντιθεῖναι,

320 3928 472 3985 ἀλλά
501 3931 592 3983 καὶ
627 3929 762 4001 μετά
813 3928 1060 4002 μεῖζονος
1105 3937 1208 3999 τῆς
1254 3939 1598 4005 παρασκευῆς
1626 3934 1661 4003 ἢ
1701 3934 1819 3987 καθ’
1851 3931 1976 3987 ὅσον

324 4019 474 4089 ἡμᾶς
503 4015 657 4080 οἵους
687 4038 746 4072 τε
769 4013 926 4080 ὄντας
958 4018 1297 4093 ὑπενεγκεῖν,
1331 4018 1468 4092 ᾤετο
1500 4019 1589 4092 δή.

397 4107 460 4161 Οἱ
519 4107 622 4182 γὰρ
683 4106 769 4162 ἐπὶ
819 4111 960 4181 κακῇ
1033 4109 1201 4185 μοίρᾳ
1254 4111 1568 4183 Ῥωμαίων,
1623 4112 1697 4172 ὡς
1749 4112 1976 4174 ἅπαντες

315 4193 525 4267 ἵσασιν,
566 4195 628 4251 έκ
676 4194 930 4254 Σικελίας
975 4195 1064 4250 ἐπὶ
1116 4199 1442 4277 συμμαχίαν
1509 4200 1683 4261 ἰόντες
1734 4199 1974 4268 Ἰταλική

325 4284 556 4357 δύναμις
595 4287 696 4357 (7),
729 4282 944 4353 ἡλίκως
997 4287 1092 4358 μὲν
1141 4286 1443 4361 ἐχρήσαντο
1473 4287 1655 4362 Θρᾴκῃ
1714 4289 1804 4343 καὶ
1861 4294 1975 4351 τοῖς

324 4373 437 4428 ἐκεῖ
492 4374 803 4448 πράγμασι,
860 4373 950 4427 καὶ
1009 4374 1084 4434 ὡς
1153 4376 1256 4443 τήν
1335 4378 1558 4430 Σκυθῶν
1607 4375 1837 4450 ἐρημίαν
1897 4380 1976 4451 (8)

324 4463 482 4518 ταυτὶ
531 4465 886 4533 πεποίηνται,
916 4463 969 4516 τί
1015 4483 1100 4524 τις
1146 4462 1204 4517 ἂν
1255 4465 1381 4524 τοὺς
1412 4461 1618 4526 εἰδότας
1669 4465 1981 4538 ἀναμιμνή-

326 4573 469 4607 σκων
500 4549 651 4611 αὖθις
680 4551 978 4623 ταράττοις
1013 4553 1047 4605 ἃ
1102 4551 1202 4628 γὰρ
1253 4553 1352 4608 οὐκ
1400 4553 1462 4607 ἃν
1505 4555 1605 4622 τήν
1656 4553 1836 4629 ἀρχὴν
1871 4551 1981 4610 ἔδει
2019 4538 2060 4602 D

326 4647 590 4708 συστῆναι
648 4636 806 4713 (μηδ’
842 4640 918 4702 εἷς
978 4638 1326 4717 παράδειγμά
1371 4662 1505 4698 ποτε
1561 4643 1738 4712 πέσοι,
1801 4645 1902 4716 μὴ,
1935 4646 1981 4698 ὦ

331 4735 542 4804 Σῶτερ,
577 4730 677 4800 μὴ,
729 4730 774 4782 ὦ
822 4726 1130 4803 ἐλευθέριεί
1180 4730 1326 4798 ἀλλ’,
1379 4730 1561 4807 ὥσπερ
1606 4733 1716 4787 έστὶ
1766 4738 1976 4807 πρῶτα,

325 4820 416 4874 καὶ
470 4820 610 4890 μόνα
659 4817 921 4890 λέγοιτο),
951 4824 1121 4874 ταῦτα
1169 4819 1393 4894 κέρδους
1441 4822 1680 4897 γίγνεται
1711 4823 1774 4876 τὸ
1807 4828 1978 4897 σιγᾷν,

401 4907 581 4974 ’Δλλ’,
633 4907 814 4980 ὥσπερ
883 4906 1119 4962 έκεινωνὶ
1176 4912 1542 4987 καταγνόντες,
1601 4913 1692 4966 καὶ
1760 4912 1979 4983 ἀληθῶς

326 4996 694 5070 καταγνόντες,
755 4997 829 5058 ὡς
895 4995 1004 5074 οὐχ
1083 4999 1280 5052 ἱκανῶν
1353 4996 1426 5054 ἔτ’
1484 4995 1652 5055 ὅντων
1738 5001 1983 5076 ἀντέχειν

328 5085 570 5159 (μᾶλλον
601 5083 657 5141 δὲ
687 5084 841 5142 οὐδέν
902 5082 1013 5142 ἔσθ’
1045 5087 1074 5142 ’ὀ
1126 5086 1320 5158 δέξαιτ’
1349 5088 1408 5144 ἂν
1439 5093 1640 5165 φθορὰν
1703 5095 1798 5144 τοῦ
1855 5089 1983 5145 λοι-

328 5179 458 5242 ποῦ,
515 5174 765 5230 ἁπάντων
816 5174 987 5252 ἄρδην
1029 5175 1448 5251 ἀπολωλότων),
1501 5174 1760 5240 λαϐόντες
1795 5181 1984 5254 Ἀχαι-

405 5337 486 5406 (5)
525 5341 758 5393 Homer.
793 5337 888 5394 0d.
927 5339 977 5405 1,
1013 5340 1100 5394 34.

404 5408 509 5482 (5°)
530 5409 1042 5482 Deest‘nonnihil,
1079 5410 1317 5466 forsitan
1368 5412 1695 5469 Chandreni
1749 5430 1983 5482 nomen,

331 5483 423 5538 vel
454 5479 620 5536 ducis
651 5479 822 5535 alius.

407 5553 592 5622 (6)8ic
623 5552 750 5607 cod.
785 5551 963 5607 Elisio
989 5551 1210 5609 lacuna
1242 5557 1330 5609 est
1359 5554 1661 5614 indicium.

409 5626 490 5695 (7)
517 5623 777 5682 Calalani
804 5624 1102 5681 historicis
1133 5625 1478 5698 plerumque
1504 5628 1770 5686 audiunt.

2062 565 2119 619 in
2163 566 2420 621 medium
2475 568 2788 637 proferam,
2819 586 2849 622 ιι
2896 583 2988 622 me
3018 566 3143 639 ipso
3185 567 3479 638 specimen
3513 565 3708 620 infau-

2060 678 2219 728 stum
2283 675 2588 729 sumendo.
2637 675 2826 730 Nimia
2895 675 3049 730 enim
3117 677 3472 730 monstratur
3519 689 3704 745 poena,

2061 786 2118 836 et
2146 781 2194 836 si
2225 782 2493 837 referrem
2526 782 2741 852 quibus
2773 783 2944 837 rebus
2987 783 3194 852 privor,
3231 791 3527 853 stuporem
3571 795 3711 834 sane

2062 889 2406 955 excitarem;
2445 891 2594 943 unde
2653 889 2844 944 videre
2877 893 3036 957 potes
3069 890 3217 960 quod
3259 905 3360 959 ego
3391 887 3705 942 indissolu-

2062 997 2253 1054 biliter
2283 998 2388 1052 tibi
2437 997 2712 1059 inhareo,
2746 1005 2800 1052 et
2847 997 3002 1067 quod
3055 1002 3114 1050 tu
3148 997 3272 1068 ipse
3297 997 3519 1067 optima
3551 1011 3707 1066 qua-

2063 1120 2176 1176 que
2226 1105 2499 1168 mereris;
2543 1103 2749 1159 tertius
2789 1104 3041 1174 denique
3072 1103 3158 1158 vel
3197 1102 3338 1157 illud
3395 1101 3709 1169 addiderit,

2063 1212 2216 1282 quod
2262 1213 2332 1265 ab
2386 1211 2516 1280 ipsa
2563 1211 2776 1265 unione
2827 1209 3212 1281 pyrrichicam
3257 1208 3619 1264 saltationem
3653 1212 3711 1262 et

2066 1315 2440 1372 bacchanalia
2471 1314 2900 1386 producuntur.

2137 1632 2504 1688 Proverbium
2551 1631 2744 1703 ipsum
2804 1632 3002 1702 patria
3048 1631 3240 1686 solum
3300 1629 3543 1684 charum
3576 1643 3704 1683 esse

2068 1740 2352 1812 pradicet,
2401 1744 2458 1794 et
2515 1739 2798 1794 Homerus
2870 1739 2992 1810 ipse
3043 1741 3291 1793 testatur
3337 1735 3481 1790 nihil
3530 1734 3714 1804 patria

2070 1857 2128 1906 et
2178 1849 2517 1920 parentibus
2575 1848 2802 1903 dulcius
2847 1864 2972 1904 esse
3018 1852 3123 1903 :at
3172 1847 3291 1900 hac
3324 1862 3440 1917 pra
3472 1852 3526 1899 te
3558 1843 3710 1898 infe-

2071 1964 2222 2017 riora
2269 1961 2420 2031 apud
2476 1976 2564 2014 me
2615 1963 2750 2015 sunt
2797 1965 2852 2014 et
2912 1974 3116 2028 parum
3179 1958 3344 2012 abest
3392 1954 3533 2026 quin
3585 1952 3710 2008 istis

2069 2068 2362 2126 contraria
2406 2069 2680 2133 sentiam,
2724 2067 2805 2120 tui
2857 2081 3052 2120 amore
3106 2063 3340 2129 ductus,
3391 2066 3446 2117 et
3515 2066 3710 2132 putem

2074 2181 2232 2232 tuam
2271 2176 2517 2246 patriam
2552 2189 2691 2228 mea
2723 2172 2909 2245 ipsius
2942 2172 3353 2243 praferendam
3387 2169 3715 2226 esse.Sicut

2073 2281 2227 2337 enim
2281 2281 2442 2353 prius
2477 2279 2783 2351 praesentia
2822 2284 2914 2332 tua
2948 2278 3114 2332 nobis
3147 2281 3488 2330 ornamento
3529 2273 3713 2339 fuisti,

2073 2394 2223 2443 etut
2263 2405 2465 2445 omnes
2525 2389 2606 2442 tui
2669 2402 2841 2442 causa
2902 2385 3206 2440 nobiscum
3265 2383 3479 2452 gaudio
3526 2381 3714 2435 indul-

2071 2497 2308 2568 gebant,
2359 2496 2442 2550 sic
2492 2496 2592 2566 qui
2647 2510 2805 2549 nunc
2858 2499 2913 2547 te
2973 2492 3293 2563 possident,
3341 2505 3545 2560 negare
3597 2505 3711 2543 non

2075 2610 2370 2674 poterunt,
2400 2603 2678 2674 grandem
2719 2617 2781 2657 se
2811 2600 3150 2655 thesaurum
3186 2596 3504 2668 possidere.
3537 2596 3715 2650 Nobis

2076 2709 2312 2781 quidem
2361 2709 2490 2779 ipsa
2542 2707 2802 2762 secunda
2849 2709 3074 2761 fortuna
3121 2705 3248 2759 sine
3292 2708 3348 2756 te
3386 2703 3584 2757 minus
3623 2717 3714 2756 se-

2074 2814 2266 2871 cunda
2304 2816 2608 2870 videretur.
2642 2817 2826 2880 Quare
2875 2812 3156 2868 tandem?
3193 2814 3329 2882 quia
3357 2807 3713 2880 voluptatem

2074 2939 2190 2994 qua
2247 2929 2304 2978 te
2368 2923 2692 2976 frueremur
2742 2926 3016 2990 prasente
3057 2919 3233 2989 (quod
3293 2933 3426 2971 cum
3487 2916 3714 2969 fortuna

2074 3029 2456 3096 certare,imo
2509 3029 2699 3100 ipsam
2733 3029 2790 3082 in
2842 3029 3033 3097 majus
3069 3025 3271 3080 tollere
3327 3024 3432 3091 est)
3478 3024 3715 3076 absente

2071 3144 2128 3194 te
2160 3155 2272 3193 non
2315 3144 2706 3210 gustaremus,
2740 3136 2878 3208 quia
2935 3137 3064 3206 ipsa
3093 3132 3361 3189 absentia
3401 3137 3496 3186 tua
3530 3129 3722 3184 omni-

2078 3249 2307 3304 modam
2358 3248 2711 3318 voluptatem
2763 3245 3134 3300 diminueret.
3169 3247 3330 3298 Nunc
3370 3245 3558 3294 autem
3603 3253 3718 3291 ma-

2075 3358 2225 3411 xime
2255 3356 2303 3410 si
2333 3370 2593 3425 unquam
2643 3354 2788 3409 alias
2835 3351 3273 3407 incantamenta
3305 3351 3360 3402 et
3402 3345 3716 3418 pharmace

2077 3470 2180 3518 tua
2226 3477 2323 3534 per
2372 3462 2581 3515 anima
2624 3459 2932 3514 illecebras
2977 3462 3034 3512 et
3073 3455 3318 3510 artiﬁcia
3365 3452 3580 3522 experti
3613 3467 3717 3504 su-

2078 3589 2230 3628 mus.
2264 3569 2406 3625 Nam
2462 3570 2648 3624 malus
2697 3571 2920 3623 damon
2966 3583 3072 3622 nos
3117 3565 3440 3637 pracipites
3466 3561 3601 3632 egit,
3633 3560 3716 3614 sic

2081 3679 2392 3751 pristinum
2429 3682 2646 3731 statum
2672 3673 3105 3730 calamitatibus
3153 3684 3527 3739 compensare
3557 3671 3718 3721 sata—

2081 3803 2240 3858 gens,
2284 3791 2342 3839 et
2388 3799 2534 3839 onus
2591 3782 2920 3853 imponens,
2951 3779 3043 3836 cui
3097 3775 3330 3834 ferendo
3379 3791 3492 3830 non
3553 3788 3720 3843 pares

2080 3909 2335 3949 eramus.

2153 4108 2259 4171 Qui
2319 4106 2472 4162 enim
2534 4106 2591 4159 in
2655 4104 3048 4159 Romanorum
3122 4093 3726 4168 perniciemeSicilia

2082 4197 2422 4253 auxiliatum
2460 4193 2699 4266 profecti
2749 4196 2932 4253 erant,
2965 4191 3170 4244 cohors
3215 4186 3409 4242 italica
3441 4185 3678 4255 inquam
3707 4203 3722 4252 ;

2085 4287 2377 4358 quomodo
2426 4285 2674 4339 Thracia
2721 4289 2774 4336 et
2823 4281 2998 4335 rebus
3045 4277 3315 4332 thracicis
3369 4275 3458 4330 usi
3493 4275 3726 4338 fuerint,

2084 4377 2316 4447 qualem
2351 4374 2643 4446 regionem
2676 4371 2921 4441 Scythia
2972 4370 3260 4423 desertam
3312 4364 3639 4429 habuerint,
3672 4364 3726 4418 id

2085 4469 2271 4521 denuo
2319 4466 2529 4518 referre
2578 4463 2758 4531 hujus
2798 4459 2906 4514 loci
2943 4476 3055 4512 non
3103 4463 3206 4512 est.
3243 4458 3376 4522 Qua
3417 4460 3609 4508 autem
3647 4467 3731 4506 re-

2091 4572 2227 4627 gum
2264 4552 2612 4610 constituere
2648 4568 2761 4604 non
2796 4553 3061 4620 poterant
3093 4548 3176 4617 (et
3206 4547 3314 4600 hoc
3338 4561 3447 4600 non
3481 4541 3728 4612 exempli

2093 4660 2229 4715 ergo
2269 4642 2534 4707 dixerim,
2566 4657 2598 4695 o
2631 4645 2891 4696 servator
2920 4647 2972 4692 et
3021 4637 3254 4691 liberale
3285 4639 3480 4705 caput,
3512 4633 3612 4686 sed
3645 4631 3729 4685 si-

2093 4738 2192 4787 cut
2222 4732 2393 4802 priori
2427 4730 2549 4785 loco
2583 4731 2730 4783 facta
2761 4735 2919 4789 sunt,
2941 4727 3024 4781 sic
3045 4727 3197 4779 dicta
3224 4723 3523 4791 sunto),ea
3545 4721 3728 4774 satius

2094 4828 2181 4878 est
2203 4821 2432 4875 silentio
2466 4819 2688 4890 prateri
2701 4833 2777 4872 re.

2163 4911 2292 4966 Jam
2329 4926 2480 4971 vero,
2517 4908 2838 4962 secundum
2883 4921 2988 4959 nos
3021 4901 3220 4973 procul
3253 4901 3430 4955 dubio
3461 4899 3732 4954 resistere

2093 5016 2205 5055 non
2243 5005 2488 5069 possunt
2517 4997 2754 5067 (quippe
2788 4998 2915 5064 ejus
2949 5009 3188 5063 prorsus
3221 5006 3453 5062 pessum
3479 4987 3732 5055 iverunt)

2093 5089 2343 5158 receptis
2375 5089 2436 5141 in
2485 5087 2814 5140 societatem
2865 5081 3294 5138 Achaemenidis
3328 5079 3596 5133 hostibus
3625 5093 3732 5131 an-

2092 5179 2295 5250 tiquis,
2329 5192 2575 5249 quorum
2626 5172 2997 5230 insolentiam
3033 5171 3260 5242 propria
3293 5168 3534 5224 audacia
3563 5180 3733 5220 auxe-

2165 5342 2245 5410 (8)
2267 5339 2644 5395 Proverbium
2694 5342 2783 5410 est
2827 5331 3212 5410 notum._Nic.
3264 5331 3563 5410 Gregoras,
3597 5329 3734 5410 (list.

2096 5415 2151 5481 1,
2171 5399 2239 5480 ’2,
2267 5414 2322 5476 5,
2355 5412 2426 5466 de
2454 5411 2679 5481 Joanne
2735 5409 2947 5481 Assae,
2981 5403 3362 5481 Bulgarorum
3382 5399 3474 5481 “ac
3494 5399 3735 5481 scythe-

2095 5469 2237 5539 rﬁm'
2268 5469 2412 5538 duce
2457 5500 2470 5537 :
2525 5478 2702 5532 Πάντα
2750 5469 2949 5548 ῥᾳδίως
2999 5469 3403 5547 κατέδραμεν...
3456 5470 3652 5548 ὁπόσαΔ
3683 5469 3735 5522 έν

2094 5553 2313 5627 κώμαις
2368 5551 2458 5627 καὶ
2488 5548 2708 5627 ’πόιλεσι
2751 5542 2851 5600 ’καὶ
2915 5542 3197 5627 φρουριοιις
3239 5542 3454 5617 ’μικροῦ
3517 5542 3736 5596 Σκυθῶν

2101 5564 2313 5627 κώμαις
2368 5564 2458 5606 και
2516 5564 2706 5603 ποΛεσι
2765 5567 2851 5600 και
2915 5564 3197 5674 φὶουὲιοις

2101 5626 2196 5700 έρη
2211 5625 2358 5699 μίαν,
2390 5623 2452 5677 τὸ
2485 5619 2549 5690 δὴ
2585 5618 2902 5694 λεγόμενον,
2977 5639 3047 5672 πο
3087 5618 3245 5690 είεας.
