4154 6216
376 339 497 404 «139

1683 343 2078 407 THEODULI
2123 341 2476 408 MONACHI

3587 17 4154 209 τι

3657 343 3782 406 440

371 483 532 545 runt,
563 495 630 534 ac
676 483 902 536 nosmet
930 495 1162 536 summo
1211 497 1344 536 cum
1396 479 1590 537 furore
1633 461 1817 536 adiuti
1871 479 2001 534 nihil

2132 477 2350 550 μενίδας
2381 481 2459 552 (9)
2491 477 2624 542 τοὺς
2675 477 2726 550 ἐξ
2771 478 2952 554 ἀρχῆς
2993 476 3320 552 πολεμίους,
3350 478 3439 533 καὶ
3488 479 3585 548 τὴν
3636 479 3777 536 ἐκεί-

368 585 722 643 intentatum
761 586 1124 658 reliquerunt
1153 592 1218 643 ut
1247 591 1427 644 totam
1472 587 1835 644 Thessaliam
1867 589 2014 644 sub-

366 697 675 758 verterent,
726 708 793 750 ac
836 693 1102 750 funditus
1165 696 1468 766 perderent
1535 695 1863 750 universam
1921 708 2012 748 re-

367 799 623 872 gionem,
680 804 930 869 montes,
999 817 1256 874 campos,
1322 801 1658 874 pracipitia,
1715 801 2008 872 scopulos,

364 925 523 973 saxa,
548 909 669 965 vias
700 909 1040 965 hominibus
1063 910 1411 982 frequentes,
1445 909 1570 966 loca
1599 911 1756 966 edita
1785 924 1852 965 ac
1883 925 2010 980 pro~

361 1015 566 1085 funda,
598 1027 784 1084 antra,
819 1021 1000 1087 prata,
1031 1033 1220 1089 agros,
1244 1017 1442 1086 silvas,
1477 1033 1592 1072 uno
1614 1016 1786 1072 verbo
1813 1015 2010 1072 omnia

361 1127 543 1180 ruunt
581 1128 638 1179 st
685 1127 960 1194 pereunt;
1009 1124 1208 1180 omnia
1258 1123 1628 1180 cadaveribus
1678 1140 1744 1180 ac
1803 1137 2007 1181 cruore

356 1227 614 1286 immane
635 1235 917 1302 quantum
950 1230 1171 1303 repleta
1202 1239 1359 1297 sunt,
1403 1231 1709 1302 sanguinis
1740 1230 1844 1286 rivi
1878 1230 2004 1286 ubi-

360 1351 475 1409 que
505 1337 690 1394 fossas
721 1337 944 1409 replent
964 1341 1022 1393 et
1051 1337 1365 1394 ﬂuviorum
1409 1337 1594 1394 instar
1629 1339 1819 1394 undas
1858 1339 2003 1394 mari

359 1444 630 1512 miscent,
661 1448 719 1500 et
758 1444 1038 1500 cadavera
1095 1444 1350 1516 piscibus
1381 1445 1637 1500 voranda
1667 1444 2001 1514 obvolvunt,

356 1556 624 1614 homines
671 1556 1102 1624 semimortuae,
1132 1556 1302 1629 plane
1349 1564 1607 1613 mortuos
1647 1561 1704 1613 et
1748 1573 1820 1612 ne
1862 1571 2004 1612 sen-

356 1665 568 1722 tientes
595 1664 831 1738 quidem
855 1664 1134 1732 dolorem,

425 2468 810 2541 Spsctaculum
837 2467 1029 2525 amicis
1061 2468 1190 2540 ipsi:
1222 2468 1571 2524 intolirabile
1597 2468 1922 2540 przbenm,

360 2581 424 2634 ut
476 2582 645 2650 poeta
701 2579 960 2652 tragicus
997 2579 1178 2645 dicit;
1228 2577 1379 2634 alius
1428 2578 1584 2634 enim
1628 2578 2002 2641 evisceratus,

359 2681 510 2739 alius
542 2683 883 2751 decollatus,
909 2684 1180 2739 manibus
1206 2681 1522 2756 pedibusve
1553 2681 1852 2749 abscissis,
1884 2682 2002 2738 imo

358 2789 631 2846 omnibus
662 2791 940 2846 membris
973 2790 1228 2860 privatus
1269 2790 1444 2860 jacet.
1477 2787 1621 2844 Nam
1655 2790 1915 2845 certatim
1948 2794 2006 2846 et

358 2899 531 2968 quasi
587 2897 770 2970 pretio
829 2898 1123 2970 proposito
1181 2913 1248 2954 ac
1285 2897 1666 2969 jurejurando
1715 2913 1776 2954 se
1825 2915 2000 2970 quam

360 3004 642 3078 plurimos
671 3005 856 3076 gladio
888 3006 1337 3076 interempturos
1364 3022 1430 3061 ac
1464 3004 1681 3061 nemini
1724 3023 2000 3076 parsuros

361 3114 766 3183 pronuntiant,
796 3118 856 3169 et
885 3113 969 3169 sic
999 3118 1198 3170 sontes
1229 3129 1360 3170 cum
1389 3113 1741 3179 insontibus,
1764 3129 1998 3168 omnem

2121 588 2226 621 νων
2258 563 2410 643 ὕϐριν
2443 572 2523 639 τῷ
2553 567 2699 638 παρὰ
2729 571 2876 645 σφῶν
2913 567 3097 644 θράσει
3145 565 3291 622 πολὺ
3347 567 3560 640 μᾶλλον
3611 567 3780 639 ἐπηυο

2119 655 2361 726 ξηκότες,
2421 661 2739 729 πρηστῆρος
2799 653 2958 726 δίκην
3006 655 3096 710 καὶ
3153 655 3468 727 καθ’ἡμῶν
3527 657 3687 725 ἧκον,
3723 655 3776 710 τί

2124 743 2221 816 μὲν
2253 743 2314 798 ού
2345 745 2670 819 πράττοντες
2698 763 2711 812 ;
2743 744 2792 798 τί
2828 742 2885 800 δὲ
2936 743 3001 799 ού
3056 743 3392 819 βουλόμενοι
3420 762 3434 812 ;
3467 743 3550 819 ἐφ’
3578 747 3625 816 ᾧ
3672 751 3776 800 πᾶα

2119 853 2213 886 σαν
2263 830 2467 888 ἂνελεῖν
2520 831 2835 892 Θετταλίαν.
2889 830 3052 889 Οὐδὲν
3103 837 3233 910 γοῦν
3283 833 3446 888 ἐῶσιν
3477 833 3775 909 ἀπείρατον

2117 927 2220 989 τῆς
2305 919 2636 995 ἐπιδρομῆς,
2698 921 3014 984 ἐλαύνοντες
3097 922 3272 977 πάντα
3347 922 3618 997 κατάκρας
3673 925 3775 978 τὸν

2116 1007 2249 1083 τῇδε
2297 1013 2504 1086 χῶρον,
2554 1009 2653 1066 ούκ
2700 1009 2848 1086 ὄρος,
2884 1010 2945 1066 οὐ
3003 1008 3208 1082 πεδίον,
3249 1011 3310 1066 ού
3361 1011 3662 1089 φάραγγας,
3709 1012 3776 1068 ού

2116 1100 2417 1172 κρημνοὺς,
2451 1100 2512 1154 οὐ
2565 1099 2788 1176 ῥαχίαν,
2823 1099 2884 1155 ού
2934 1097 3273 1178 λεωφόρους,
3316 1100 3425 1176 οὐχ
3473 1101 3772 1177 ὑπωρείας,

2115 1185 2180 1243 οὗ
2228 1189 2422 1260 νάπας,
2452 1187 2515 1244 ού
2579 1188 2802 1267 λόφους,
2837 1189 2898 1244 ού
2959 1187 3262 1267 χαράδρας,
3309 1189 3406 1245 ούκ
3463 1189 3651 1264 ἄντρα,
3705 1192 3769 1247 οὗ

2115 1273 2409 1350 λειμῶνας,
2471 1278 2572 1333 ούκ
2628 1277 2889 1353 ἀρούρας,
2932 1278 3031 1334 ούκ
3091 1275 3255 1351 ἄλση.
3292 1280 3472 1335 Πάντα
3529 1278 3773 1355 οῖχεται,

2113 1365 2282 1421 πάντα
2328 1365 2594 1436 ἐλήλαται
2624 1372 2638 1399 ‘
2689 1368 2865 1422 πάντα
2915 1368 3083 1442 μεστὰ
3128 1373 3332 1442 νεκρῶν
3385 1368 3475 1423 καὶ
3533 1369 3770 1442 πτωμά-

2110 1475 2220 1510 των
2277 1455 2364 1510 καὶ
2428 1455 2593 1532 φόνου
2663 1454 2880 1530 μυρίου,
2937 1457 3028 1511 καὶ
3082 1458 3399 1530 θαυμαστῆς
3454 1477 3602 1519 τινος
3673 1459 3771 1512 καὶ

2112 1541 2426 1622 φρικώδους
2473 1542 2563 1599 διὰ
2611 1544 2822 1600 πάντων
2876 1552 3108 1623 σφαγῆς.
3139 1547 3201 1601 Οἱ
3253 1543 3310 1600 δὲ
3359 1551 3467 1601 τῶν
3521 1547 3774 1620 αἱμάτων

2110 1633 2325 1706 ῥύακες,
2371 1632 2487 1688 ἀντ’
2535 1631 2712 1689 ἄλλου
2757 1635 2906 1696 τινὸς
2974 1633 3162 1708 ῥοθίου
3218 1629 3507 1711 φερόμενοι
3565 1656 3770 1691 παντα-

2115 1721 2272 1800 χόσε,
2306 1723 2630 1796 λιμνάζουσι
2664 1723 2756 1797 μὲν
2786 1721 2838 1778 ἐν
2871 1728 2988 1785 τοῖς
3040 1723 3271 1794 κοίλοις,
3302 1722 3413 1780 ἔστι
3463 1722 3509 1780 δ’
3537 1723 3626 1780 ὅτε
3673 1726 3769 1780 καί

2023 1836 2072 1903 Β
2112 1818 2387 1886 ποταμοῖς
2431 1811 2730 1883 συνιόντες,
2779 1813 2871 1868 καὶ
2927 1813 3224 1890 βάπτοντες
3271 1813 3449 1869 αὐτῶν
3495 1814 3768 1889 κατάκρας

2103 1901 2166 1956 τὸ
2225 1901 2456 1977 ῥεῖθρον,
2491 1897 2951 1959 συνεκϐάλλουσιν
3019 1899 3212 1976 οἷ’μοιί
3272 1904 3410 1977 πρὸς
3466 1903 3764 1975 θάλατταν,

2105 1991 2424 2065 ἀνθρώπους
2477 1990 2697 2066 ἄγοντες
2734 1991 2919 2066 ἰχθύσι
2979 1991 3172 2066 βορὰν,
3219 1993 3345 2054 τοὺς
3399 1993 3492 2065 μὲν
3521 1994 3767 2066 ἡμιθνῆ-

2106 2100 2222 2151 τας,
2253 2081 2382 2142 τοὺς
2431 2077 2478 2135 δ’
2526 2080 2585 2136 ἐκ
2622 2079 2841 2138 πολλοῦ
2892 2083 3210 2149 τεθνεῶτας,
3238 2083 3368 2144 τοὺς
3417 2082 3510 2155 μὶν
3565 2081 3762 2138 διαπε-

2108 2169 2448 2245 πραγμένους
2517 2170 2782 2244 καθάπαξ,
2821 2169 2948 2233 τοὺς
3004 2170 3060 2226 δὲ
3119 2172 3282 2248 μόγις
3337 2169 3764 2246 αἰσθανομένους

2109 2258 2144 2314 ’ὰ
2199 2261 2526 2335 πάσχουσιν,
2588 2259 2732 2315 οὕτω
2792 2258 2966 2316 δεινὸν
3026 2259 3199 2335 θέαμα
3253 2265 3374 2324 τοῖς
3442 2262 3610 2337 ὁρῶσι
3668 2261 3761 2318 καί

2110 2346 2304 2421 ἀηδίαν
2336 2354 2518 2404 κακῶν
2531 2393 2545 2421 ,
2579 2347 2706 2404 ὥστ’

2169 2455 2400 2518 Οὐδεὶς
2439 2455 2508 2511 ἃν
2550 2457 2733 2519 ὅστις
2769 2458 2878 2512 καὶ
2920 2456 3119 2537 φίλος
3159 2457 3360 2528 τλαίη
3407 2456 3700 2534 βλέπειν,

2110 2563 2246 2619 κατᾶ
2300 2565 2399 2633 τὴν
2449 2561 2762 2640 τραγῳδίαν
2822 2567 2971 2638 (10)·
3025 2569 3104 2637 τῷ
3163 2566 3259 2636 μὲν
3306 2565 3545 2640 ἐγκάτων
3585 2566 3765 2622 άπόν-

2109 2673 2236 2724 των,
2289 2657 2369 2724 τῷ
2416 2651 2473 2708 δὶ
2514 2651 2778 2730 κεφαλῆς,
2832 2655 3001 2728 ὲτὲρῳ
3057 2659 3284 2730 χειρῶν,
3334 2652 3495 2728 ἄλλῳ
3551 2652 3764 2725 ποδῶν,

2111 2739 2226 2798 ἔστι
2279 2739 2324 2797 δ’
2356 2743 2442 2805 οἷς
2491 2742 2581 2797 καὶ
2624 2743 2833 2798 τούτων
2883 2744 3162 2815 ἁπάντων,
3195 2743 3373 2816 οἶμαι.
3405 2746 3612 2818 ’Ὠσπερ
3657 2747 3761 2819 γάρ

2112 2830 2314 2901 ἄθλων,
2372 2831 2548 2904 οἶμαι,
2611 2831 2862 2907 μεγάλων
2918 2833 3065 2906 παρᾶ
3119 2836 3219 2887 τοῦ
3276 2837 3425 2899 σφῶν
3483 2830 3761 2908 ἄρχοντος

2110 2921 2508 2996 προκειμένων,
2542 2920 2654 2977 ε’ίτε
2683 2924 2772 2977 καὶ
2819 2923 3290 2996 συνομωμοκότας
3330 2921 3610 2994 ἀλλήλοις
3643 2926 3757 3000 χρή

2112 3011 2286 3088 λέγειν
2356 3010 2486 3086 μηδ’
2541 3015 2668 3068 ὅτου
2743 3013 2803 3068 ἂν
2886 3009 3037 3089 ἔχειν
3109 3011 3300 3090 φειδὼ,
3359 3013 3759 3091 φιλονεικοῦσιν

2110 3101 2358 3168 ἅπαντες,
2417 3101 2492 3162 ὡς
2547 3100 2739 3164 εἰπεῖν,
2796 3099 2947 3163 ὅστις
3007 3101 3069 3155 ἃν
3129 3100 3355 3162 πλείους
3423 3099 3607 3156 ἄνὲλοι
3662 3101 3756 3156 καὶ

361 3221 622 3294 denique
669 3205 952 3292 populum
1000 3219 1349 3276 traditarum
1398 3220 1639 3275 arbitrio
1670 3224 2000 3292 exponunt:

2116 3191 2281 3264 βάψοι
2337 3192 2398 3246 τὸ
2464 3191 2616 3268 ξίφος
2671 3189 2733 3246 ἐκ
2787 3196 3064 3265 περιττοῦ,
3113 3189 3288 3247 δεινὸν
3340 3189 3563 3247 ἕκαστος
3619 3191 3758 3247 εἶναι

363 3344 468 3384 nec
501 3331 732 3384 mirum.
765 3326 912 3382 Nam
957 3325 1058 3398 qui
1106 3327 1293 3382 variae
1324 3326 1396 3382 ob
1441 3342 1651 3382 causas
1682 3330 1868 3381 castra
1900 3342 2005 3397 po-

362 3440 512 3491 nunt
540 3451 607 3491 ac
654 3439 888 3491 movent
937 3449 1172 3492 necesse
1219 3438 1306 3490 est
1337 3434 1537 3490 omnia
1567 3434 1754 3490 facere
1783 3433 2002 3504 quibus

362 3548 421 3599 et
466 3541 580 3614 ipsi
621 3541 734 3598 sibi
784 3542 1102 3598 maximum
1149 3550 1424 3598 terrorem
1476 3541 1604 3598 aliis
1648 3541 1884 3612 injicere
1924 3541 2004 3596 vi-

362 3649 604 3707 deantur
632 3648 996 3707 adversariis.

429 4068 497 4125 Hi
528 4067 685 4125 enim
717 4074 850 4124 ante
899 4084 1100 4125 omnes
1149 4068 1434 4139 sanguine
1473 4072 1531 4124 et
1571 4067 1833 4124 cladibus
1864 4081 2004 4138 gau-

357 4177 531 4246 dent;
584 4177 676 4232 his
723 4177 932 4248 volupe
981 4180 1071 4230 est
1119 4181 1353 4231 ceteros
1401 4174 1594 4246 gladio
1635 4173 1999 4239 interimere;

355 4292 448 4348 his
505 4293 688 4349 otium
730 4293 883 4348 inter
939 4294 1067 4346 vita
1132 4291 1285 4347 mala
1334 4291 1603 4362 ponitur;
1653 4289 1870 4362 quippe
1900 4288 1999 4360 qui

359 4409 870 4467 mansuetudinem
922 4425 1023 4481 pro
1063 4407 1327 4463 vecordia
1358 4406 1593 4463 habent.
1629 4405 1738 4461 Eos
1786 4406 2002 4462 crude-

354 4517 490 4575 litas
517 4522 579 4572 ut
607 4521 843 4573 ceteros
876 4533 1100 4572 morum
1133 4515 1340 4570 lenitas
1365 4517 1566 4585 juvat;
1600 4530 1828 4584 semper
1857 4513 1996 4568 alie-

356 4651 462 4692 nas
494 4651 587 4692 res
639 4635 911 4691 affectant
957 4641 1011 4688 et
1054 4633 1221 4705 quasi
1273 4649 1375 4704 pro
1426 4631 1548 4687 suis
1597 4631 1833 4697 habent,
1881 4630 2000 4685 imo

353 4751 483 4808 vita
533 4751 719 4823 ipsius
779 4748 1099 4822 periculum
1149 4749 1295 4804 inire
1344 4765 1445 4819 pro
1503 4747 1633 4802 istis
1691 4747 1900 4802 audent
1946 4752 2002 4803 et

347 4885 496 4942 aegre
551 4869 748 4924 ferunt
806 4867 980 4922 rebus
1047 4866 1169 4921 suis
1227 4865 1488 4936 spoliari.
1544 4863 1886 4934 Ubicunque
1938 4863 1996 4916 in

351 4982 535 5036 aciem
600 4975 908 5049 prodeunt,
985 4972 1281 5030 victoriam
1345 4980 1634 5043 reportant
1692 4977 1750 5025 et
1805 4970 1999 5042 hydris

353 5098 542 5168 capita
576 5109 766 5166 usque
797 5092 1190 5163 regenerantis
1221 5089 1550 5159 exemplum
1577 5088 1851 5142 referunt.
1873 5087 1994 5143 Non

351 5211 598 5270 membri
621 5210 871 5280 alicujus
911 5207 1235 5278 amputatio
1267 5211 1371 5262 aut
1414 5205 1651 5277 privatio
1677 5219 1876 5260 eorum
1911 5220 1996 5257 ar-

348 5331 546 5386 dorem
581 5326 826 5390 minuit;
863 5325 960 5380 ubi
995 5339 1229 5378 manum
1263 5323 1581 5376 amiserunt
1612 5337 1812 5386 unam,
1849 5319 1997 5374 alte-

349 5437 471 5492 rius
493 5450 598 5506 ope
623 5437 886 5507 pugnant
910 5457 924 5500 ;
945 5431 1232 5488 ambabus
1266 5429 1467 5500 privati
1495 5425 1741 5499 pedibus
1773 5441 1996 5498 grassa-

425 5637 518 5708 (9)7
548 5637 841 5708 Receptis!
861 5652 894 5690 a
931 5632 1222 5708 Catalanis
1242 5631 1504 5708 _soilicet,
1545 5627 1993 5695 Acbaamenidis,

362 5703 461 5763 seu
483 5703 682 5763 'Persis
700 5703 772 5764 'et
798 5705 1026 5776 Turcis,
1048 5706 1108 5760 in
1139 5703 1496 5760 societatem.

2116 3280 2355 3353 νομίζων
2411 3279 2594 3354 ἑτέρου
2650 3279 2717 3335 τὰ
2759 3285 2982 3336 τοιαῦτα
3012 3279 3334 3358 λελεῖφθαι·
3370 3279 3486 3336 ἐπεὶ
3516 3282 3605 3336 καὶ
3662 3281 3759 3335 τὸν

2112 3369 2491 3442 εύαριθμήτων
2552 3368 2870 3444 αὐτόχειρα,
2901 3371 2937 3441 ἢ
2987 3371 3079 3424 καὶ
3135 3371 3236 3439 τήν
3299 3376 3460 3445 χεῖρα
3516 3371 3756 3444 καθαρὸν

2113 3455 2280 3522 ὅλως,
2310 3463 2430 3520 ταῖς
2459 3462 2568 3512 τῶν
2599 3455 2885 3531 προδοτῶν
2927 3459 3190 3534 ὑπάγουσι
3231 3461 3460 3535 ψήφοις,
3493 3459 3568 3520 ὡς
3616 3478 3760 3533 προ-

2113 3543 2330 3601 διδόντα
2359 3548 2421 3602 τὸ
2452 3551 2554 3602 πᾶν
2584 3540 2758 3616 ἔθνος,
2787 3551 2867 3618 τῷ
2912 3549 2990 3620 μὴ
3029 3549 3097 3602 τὰ
3143 3552 3368 3604 τοιαῦτα
3405 3543 3714 3621 ξυμϐαίνειν
3738 3567 3754 3584 ’

2113 3631 2338 3698 εἰκότως
2363 3655 2376 3668 ⁶
2411 3636 2534 3692 οὕτε
2580 3637 2684 3712 γὰρ
2733 3639 2849 3693 οἷόν
2897 3657 2957 3693 τε
2995 3637 3125 3700 τοὺς
3177 3638 3260 3694 ἐπ’
3298 3637 3619 3710 ἀλλοδαπήν
3651 3644 3758 3694 τιν’

2111 3723 2292 3802 ὥσπερ
2338 3724 2564 3790 τούτους
2600 3723 3153 3801 ἐστρατοπεδευκότας
3207 3727 3284 3800 μή
3333 3727 3508 3782 πάντα
3550 3733 3756 3798 ποιεῖν,

2112 3811 2162 3887 ἐξ
2207 3815 2280 3871 ὧν
2327 3815 2386 3870 ἂν
2437 3816 2586 3892 σφίσι
2637 3817 2732 3889 μὶν
2777 3816 2961 3878 αὐτοῖς
3010 3811 3414 3890 φοϐερωτάτοις
3463 3816 3596 3872 εἶναι
3630 3814 3759 3872 δια-

2112 3906 2382 3981 φερόντως
2413 3904 2564 3978 μάλα
2609 3903 2809 3976 δοκεῖν,
2841 3900 3103 3977 ἔκπληξις
3155 3903 3212 3960 δὶ
3249 3906 3340 3961 καὶ
3391 3905 3593 3979 ἀπορία
3639 3912 3760 3971 τοῖς

2110 3995 2382 4069 πάσχουσι
2417 3993 2508 4049 καὶ
2539 3991 2606 4064 δὴ
2634 3995 2930 4070 περιέσται.

2183 4084 2282 4137 Καὶ
2316 4082 2536 4156 μάλισθ’
2565 4084 2813 4138 ἁπάντων
2846 4084 2996 4138 οὗτοι
3049 4083 3349 4158 πεφύκασιν
3405 4082 3605 4158 α’ίμασι
3657 4086 3758 4158 μὲν

2109 4171 2199 4225 καὶ
2250 4177 2476 4248 σφαγαῖς
2526 4171 2783 4227 ἑκάστοτε
2832 4173 3065 4247 χαίρειν,
3113 4174 3204 4228 καὶ
3247 4175 3415 4247 πὲρας
3464 4171 3614 4248 ἄγειν
3659 4174 3762 4230 εὗ-

2111 4257 2397 4333 δαιμονίας
2444 4262 2540 4323 τὰς
2595 4261 2788 4336 ἑτέρων
2845 4263 3068 4339 φθορὰς,
3099 4264 3161 4318 τὸ
3213 4261 3270 4317 δὲ
3299 4260 3467 4336 μηδὲν
3501 4264 3760 4336 πράττειν

2109 4348 2185 4410 sic
2219 4349 2499 4429 συμφοράν
2547 4351 2809 4422 τίθεσθαι,
2831 4350 2922 4405 καὶ
2968 4353 3067 4421 τὴν
3109 4352 3203 4425 μὲν
3253 4351 3543 4406 ἐπιείκειαν
3597 4351 3754 4407 οὐδὲν

2110 4438 2251 4494 ἄλλο
2281 4442 2315 4510 ἢ
2347 4438 2617 4512 μαλακίαν
2649 4440 2901 4515 ἄντικρυς
2948 4443 3174 4515 κρίνειν,
3203 4449 3305 4511 τῆς
3357 4440 3413 4498 δὲ
3459 4442 3754 4516 ὠμότητος

2110 4528 2284 4591 οὕτως
2341 4524 2579 4604 ἔχεσθαι,
2634 4529 2814 4603 ὥσπερ
2879 4529 3167 4594 ἐπιεικείας
3235 4528 3435 4605 ἕτεροι,
3493 4533 3582 4586 καί
3650 4540 3757 4603 τῆς

2114 4620 2207 4692 μὲν
2263 4618 2463 4680 οἰκείας
2509 4621 2582 4682 ὡς
2641 4619 2940 4695 ἀλλοτρίας
3001 4622 3266 4692 ὑπερορᾷν
3335 4621 3597 4693 ἐπιθυμίᾳ
3652 4631 3756 4691 τῆς

2110 4707 2427 4782 ἀλλοτρίας,
2468 4717 2567 4779 τῆς
2626 4709 2672 4764 δ’
2729 4711 2794 4765 αὗ
2850 4709 3154 4784 ἀλλοτρίας
3210 4712 3284 4774 ὡς
3341 4711 3546 4774 οῗκείας
3593 4712 3756 4768 ἀντι-

2109 4799 2404 4868 ποιεῖσθαι,
2465 4797 2677 4872 μᾶλλον
2739 4796 2796 4854 δὲ
2853 4799 2986 4873 ὑπὲρ
3047 4799 3140 4870 μὲν
3199 4803 3306 4853 τῶν
3375 4804 3493 4860 τοῖς
3553 4797 3753 4863 ἄλλοις

2107 4889 2420 4959 προσόντων
2469 4887 2613 4943 οὕτω
2660 4888 2959 4962 προθύμως
3009 4885 3157 4963 ἔχειν
3207 4889 3515 4956 ἀποθανεῖν,
3547 4891 3624 4952 ὡς
3653 4891 3756 4945 ούκ

2107 4975 2208 5030 οἶδ’
2238 4975 2287 5030 ε⁹ί
2319 4998 2403 5038 τις
2437 4978 2568 5051 ὑπὲρ
2595 4977 2838 5043 οἰκείων,
2867 4983 2973 5033 τῶν
3026 4975 3084 5032 δὲ
3135 4977 3401 5054 σφετέρων
3449 4975 3644 5048 μηδενὶ
3689 4981 3753 5034 τὸ

2105 5065 2353 5139 παράπαν
2411 5063 2754 5144 ἀφίστασθαι,
2786 5065 2932 5121 ἀλλὰ
2983 5065 3244 5140 πρότερον
3305 5066 3364 5120 ἂν
3415 5066 3661 5122 τεθνάναι
3715 5070 3751 5138 ἢ

2102 5155 2308 5209 τούτων
2387 5157 2748 5227 στερηθῆναιο
2806 5155 3236 5229 άκαταγώνιστοι
3313 5157 3406 5229 μὶν
3468 5154 3530 5210 ἐκ
3575 5157 3750 5229 μόνης

2104 5241 2253 5304 ὅντες
2283 5247 2384 5311 τῇς
2414 5243 2553 5311 θέας,
2584 5247 2679 5306 τάς
2725 5243 2785 5298 δὲ
2813 5252 2912 5314 τῆς
2959 5243 3120 5318 ὕδρας
3161 5243 3394 5318 ἐκτομὰς
3445 5251 3561 5306 τοῖς
3602 5251 3750 5322 σφῶν

2103 5334 2322 5404 σώμασι
2383 5329 2747 5408 βεϐαιοῦντες.
2779 5334 2853 5390 Ού
2909 5335 3010 5409 γάρ
3062 5335 3522 5408 άκρωτηριασμὸς
3562 5333 3753 5406 ἵστησι

2101 5423 2200 5486 τῆς
2232 5423 2432 5494 ὁρμῆς,
2464 5421 2591 5477 οὐδὲ
2642 5422 2843 5494 μὲλους
2890 5423 3168 5497 στέρησις·
3221 5421 3386 5492 ἄλλά,
3418 5424 3515 5478 κᾶν
3571 5424 3752 5499 τὲμῃς

2171 5623 2286 5696 (10)
2314 5624 2502 5682 Verba
2528 5625 2850 5684 Tecmessa
2881 5591 3033 5699 apud
3066 5626 3336 5700 Sophocl.
3370 5629 3456 5700 Aj.
3487 5627 3622 5686 929.
