4154 6216
313 416 432 476 441

1822 387 2243 449 EPISTOLE.

3604 378 3720 436 442

315 568 418 617 την
446 549 628 621 χεῖρα,
661 546 729 616 τῇ
787 537 1088 610 λειπομένη
1141 534 1459 608 μάχονται·
1501 547 1598 582 καν
1645 524 1812 603 ἄμφω
1850 521 1948 577 ταύ

2094 524 2254 581 ωειάἰ
2291 539 2410 578 rem
2463 521 2707 580 martiali
2753 523 2943 579 furore
2991 526 3221 594 gerunt,
3255 537 3366 577 non
3421 516 3720 574 membro-

313 658 431 707 τας,
470 631 805 710 βακχεύουσι
849 632 966 689 τοῖς
1014 625 1173 680 ποσὶν
1236 620 1505 687 ἐνυάλιον,
1534 617 1640 692 οὐχ
1689 618 1770 679 οἷς
1818 610 1958 690 ἀφή-

314 705 507 799 ρηντάι
539 705 1006 797 δυσχεραίνοντες,
1040 711 1167 770 ἀλλ’
1198 710 1284 767 ὅτι
1309 711 1384 783 μὴ
1419 707 1529 799 οἷοί
1557 708 1614 761 τέ
1659 705 1762 760 εἰσι
1812 709 1960 799 χρῆ-

313 793 436 870 σθαι
480 815 550 886 τῇ
839 803 1010 861 δεινὸν
1059 806 1382 874 ἡγούμενοι,
1430 797 1563 859 ἴσως
1614 793 1960 870 Κυναιγείρου

317 881 664 976 μεμνημένοι
721 881 816 953 τοῦ
863 893 1094 971 πρόσθεν
1155 891 1241 945 καὶ
1290 884 1689 961 Καλλιμάχου,
1733 884 1806 976 ὧν
1858 881 1961 936 ὕπὸ

562 992 590 1046 6
643 991 738 1063 μὲν
793 970 1190 1062 περιτοξευθεὶς
1234 981 1413 1051 ὥσπερ
1462 976 1728 1035 ἀθάνατος
1769 970 1960 1026 ’ἕστατο

311 1062 764 1150 τετελευτηκὼς,
797 1078 826 1132 6
856 1074 1244 1148 Καλλίμαχος,
1285 1071 1313 1124 6
1352 1065 1398 1122 δ’
1439 1067 1556 1138 ἅμα
1593 1063 1780 1143 χερσὶν
1821 1062 1965 1138 ἀφῃ-

317 1171 414 1247 ρέη
471 1173 573 1240 τήν
627 1165 870 1247 κεφαλὴν
930 1165 1131 1240 τριήρη
1199 1161 1322 1217 τινὰ
1398 1155 1739 1247 βουλόμενος
1796 1172 1966 1247 κατα-

317 1240 471 1338 σχεῖν
547 1240 840 1335 Περσικὴν,
899 1256 928 1308 6
992 1249 1355 1327 Κυναίγειρος.
1426 1244 1524 1302 Καὶ
1607 1242 1823 1302 τούτοις
1889 1240 1963 1302 ὡς

317 1329 548 1421 ἀληθῶς
579 1329 658 1411 εἷς
698 1345 981 1424 αἴσχιστον
1029 1340 1214 1396 πίπτει
1261 1338 1325 1393 τὸ
1377 1337 1454 1411 μή
1503 1330 1736 1406 πολέμῳ
1784 1329 1965 1384 τεθνά-

318 1419 428 1506 ναι,
465 1435 608 1512 μηδὲ
634 1419 886 1492 τάκείνου
919 1434 1154 1507 βακχεῖα
1192 1433 1308 1490 τοῖς
1353 1426 1566 1498 σώμασι
1606 1419 1963 1488 τελεσθῆναι·

319 1533 411 1586 καί
443 1507 525 1591 τις
558 1525 667 1596 ἤδη
698 1529 862 1580 τοῦτο
899 1519 1174 1581 πολλάκις
1212 1517 1380 1591 ἑτέρῳ
1419 1514 1495 1577 εἰς
1545 1507 1750 1574 ὄνειδος
1794 1507 1968 1583 προῦ-

322 1639 490 1675 τεινεν
515 1639 529 1651 ·
563 1618 718 1672 Ὅθεν
752 1614 902 1688 ὁρμῇ
937 1606 1244 1685 μαινομίνῃ
1286 1606 1562 1680 χωροῦσιν
1609 1596 1963 1688 ἑκασταχόσε,

329 1705 561 1783 μηδενὸς
621 1687 985 1777 ἀνταίροντος,
1054 1695 1182 1752 ἀλλ’
1255 1693 1436 1769 ὥσπερ
1508 1691 1594 1783 ὑπ’
1645 1687 1969 1783 ’ἐκπλήξεως

323 1774 543 1853 πάντων
573 1794 710 1869 πρὸς
755 1774 929 1866 μόνην
978 1784 1334 1860 ἐξισταμένων
1382 1782 1483 1851 τὴν
1527 1779 1718 1848 ἀκοὴν,
1771 1774 1967 1851 δῃοῦν-

321 1907 435 1952 τες,
502 1865 863 1960 πορθοῦντες,
933 1875 1244 1951 τέμνοντες,
1311 1871 1561 1939 κάοντες,
1641 1865 1966 1960 ληιζόμενοι

322 1954 642 2052 ἀνθρώπους
671 1973 797 2034 τοὺς
843 1971 937 2043 μὲν
977 1964 1479 2042 δουλαγωγοῦντες,
1520 1960 1648 2021 τοὺς
1691 1954 1748 2052 66
1797 1954 1970 2052 cipit:-

321 2085 529 2133 τοντες,
594 2064 800 2137 νεκρῶν
864 2055 1146 2116 κολωνοὺς
1215 2052 1478 2123 ἱστάντες,
1545 2047 1840 2106 τοσούτους
1906 2042 1970 2098 τὸ

322 2131 563 2227 πλῆθος,
623 2131 702 2216 ὡς
762 2147 932 2225 μηδὲν
990 2147 1126 2202 εἶναι
1174 2146 1311 2219 πρὸς
1357 2141 1586 2202 τούτους
1651 2133 1792 2212 μηδὲ
1845 2131 1972 2195 τοὺς

324 2246 672 2322 Κερκυραίων
724 2239 948 2318 νεκροὺς
982 2283 998 2308 ,
1027 2238 1122 2299 οὓς
1179 2234 1262 2314 ἐφ’
1321 2233 1566 2307 ἁμαξῶν,
1644 2229 1720 2322 ὡς
1794 2233 1976 2322 ρυκυ-

325 2311 487 2406 δίέης
507 2311 684 2408 ’φησῖν
713 2311 855 2406 (Ml,
902 2323 1092 2405 ἔφερον
1115 2344 1127 2357 ⁸
1181 2311 1308 2380 ἀλλ’
1358 2322 1613 2408 ἀποχρῆν
1649 2317 1763 2408 ’μὲν
1794 2314 1862 2408 ἂν.
1887 2311 1976 2368 ἐν-

322 2403 629 2480 τεῦθεννκαὶ
675 2403 959 2491 ποταμοὺς
1006 2416 1296 2493 γεφυροῦν,
1354 2409 1408 2466 εἴ
1449 2430 1532 2470 τις
1581 2404 1753 2462 ἐθέλει
1778 2423 1791 2437 °
1837 2403 1978 2456 ἀπο-

324 2520 473 2589 χρῆν
535 2510 582 2568 δ’
629 2508 691 2565 ἂν
750 2507 866 2564 ἀντὶ
920 2509 1186 2582 φραγμῶν
1241 2499 1518 2578 γίγνεσθαι
1573 2500 1691 2558 τοῖς
1767 2493 1977 2569 ἀγροῖς.

325 2585 560 2662 ᾔᾶλλον
591 2597 650 2655 δὲ
679 2599 769 2654 καὶ
816 2597 1045 2657 τούτους
1077 2591 1164 2648 ἐπὶ
1211 2594 1469 2646 τοσοῦτον
1518 2585 1979 2660 στενοχωροῦσιν,

338 2693 417 2752 ὡς
459 2687 601 2766 μηδὲ
651 2685 835 2764 ῥᾴδιον
887 2685 1020 2740 εἶναι
1079 2679 1365 2752 διεξελθεῖν
1424 2676 1512 2733 διὰ
1567 2675 1776 2732 τούτων
1830 2666 1987 2766 βμαδί-

338 2759 538 2852 ζοντταέ
571 2759 701 2834 ἀλλ’
747 2774 952 2851 ἀνάγκη
993 2769 1252 2840 πολλοῖς,
1293 2768 1338 2824 εί
1380 2767 1491 2823 οἶόν
1526 2766 1573 2822 τ’
1614 2764 1802 2830 εἰπεῖν,
1853 2759 1988 2814 ἐπο-

338 2871 618 2944 χούμενον
657 2865 908 2945 φέρεσθαι
933 2883 944 2895 ·
983 2862 1125 2917 οὕτω
1164 2858 1360 2915 πυκνοὶ
1401 2856 1715 2922 πίπτουσιν,
1769 2853 1990 2907 ἑστιῶν-

336 2980 429 3020 τες
464 2960 559 3032 μὲν
613 2954 866 3022 οἰωνοὺς,
911 2954 1191 3012 ἑστιῶντες
1243 2947 1300 3004 δὶ
1332 2950 1526 3022 θῆρας,
1574 2945 1662 3000 καὶ
1703 2945 1765 2999 τὸ
1813 2945 1989 2997 κυνῶν

339 3048 490 3111 ἔθνος
519 3092 531 3104 .
571 3048 634 3103 ἹΙ
677 3045 780 3123 γὰρ
819 3047 928 3098 τῶν
971 3041 1213 3116 ἐχόντων
1266 3036 1458 3098 σπάνις
1508 3033 1620 3090 ἀντὶ
1683 3033 1996 3108 χειροήθων

342 3139 422 3202 εἷς
452 3121 770 3213 ἀνημέρους
818 3133 910 3189 καὶ
955 3130 1183 3191 τούτους
1223 3129 1452 3204 ἤγαγεν,
1504 3121 1993 3196 ἀπαναινομένους,

345 3228 401 3284 εἴ
423 3223 570 3290 τινές
599 3211 704 3280 που
744 3223 954 3278 τούτων
999 3224 1229 3294 φανεῖεν,
1263 3216 1521 3291 φυγόντες
1575 3213 1668 3286 μὶν
1709 3211 1772 3268 τὸ
1817 3211 1991 3286 ξίφος,

348 3317 686 3391 βουλόμενοι
745 3310 801 3367 δέ
847 3332 899 3365 τι
955 3310 1170 3383 νύκτωρ
1221 3311 1344 3391 τῶνΔ
1405 3305 1672 3383 σφετέρων
1729 3300 1988 3375 ἁρπάσαι,

344 3389 428 3485 ἀφ’
569 3425 646 3478 μη
689 3402 843 3476 λιμῷ
877 3400 1240 3470 τεθνήξονται,
1281 3389 1516 3450 ἀϐίωτον
1543 3414 1556 3425 ·
1609 3393 1848 3468 βιοῦντες
1896 3389 1988 3444 τὸν

351 3478 493 3571 βίον,
522 3495 614 3548 καὶ
645 3497 752 3548 τῶν
781 3488 1159 3546 ἀπολωλότων
1188 3485 1448 3541 τοσοῦτον
1480 3482 1843 3562 διαφεροντες,
1875 3478 1988 3551 ὅσῳ

347 3586 484 3659 μετὰ
534 3580 750 3644 πολλάς
805 3599 952 3641 τινας
1000 3577 1308 3656 ἀφορήτους
1358 3573 1596 3649 ἀνάγκας
1645 3571 1778 3627 αὐτὸ
1824 3572 1986 3625 τοῦτο

345 3673 652 3730 πείσονται.

421 3763 618 3836 Καιρὸς
649 3758 706 3816 δὲ
740 3759 830 3814 καὶ
869 3763 986 3822 τοῖς
1026 3755 1281 3831 λῃσταῖς,
1329 3755 1446 3816 οἷος
1493 3746 1646 3808 οὔπω
1698 3749 1986 3825 πρότερον,

347 3853 439 3909 καὶ
472 3853 532 3906 ὃν
580 3848 801 3920 εὕξαιντ’
852 3846 910 3902 ἂν
960 3843 1144 3907 αῧτοῖς
1201 3841 1415 3916 μᾶλλόν
1463 3840 1727 3917 γενέσθαι.
1779 3838 1844 3894 Οἱ
1887 3837 1988 3913 γὰρ

345 3942 444 4004 τὰς
473 3946 584 3996 τῶν
615 3937 898 4010 πολεμίων
939 3931 1428 4010 ἀποδιδράσκοντες
1479 3934 1695 4006 χεῖρας,
1739 3931 1858 3989 ταῖς
1887 3925 1994 3981 αύ-

345 4037 460 4087 τῶν
508 4028 664 4091 εὐθὺς
709 4025 1119 4102 περιπίπτουσι,
1167 4021 1281 4093 καὶ,
1329 4019 1558 4080 τούτους
1605 4016 1812 4080 ἄλλους
1870 4036 1990 4071 τοι·

351 4119 547 4182 ούτους
595 4116 954 4192 εὑρίσκοντες,
999 4110 1060 4168 ἂν
1116 4114 1213 4186 μὲν
1263 4112 1474 4170 ἑκόντες
1528 4107 1840 4182 ἒξιστῶνται
1886 4105 1993 4159 τῶν

349 4207 548 4277 ὄντων,
580 4203 694 4262 οὔδ’
726 4204 868 4261 οὕτω
897 4207 1077 4258 κακῶν
1115 4202 1340 4264 ἀπαθεῖς
1387 4197 1631 4264 ἀπίασιν,
1677 4193 1826 4252 ἄλλὰ
1853 4192 1991 4250 πολ·

352 4295 454 4358 λάς
517 4315 669 4356 τινας
735 4293 998 4367 πρότερον
1065 4287 1379 4360 ἐκπλήξεως
1474 4286 1647 4343 εἵνεκα
1712 4283 1992 4357 δεξάμενοι

350 4386 490 4442 κατά
513 4385 714 4454 νώτου,
742 4386 840 4438 τοῦ
875 4383 950 4456 μὴ
980 4380 1223 4436 τεθνάναι
1267 4398 1428 4455 χάριν
1474 4375 1693 4453 ἔχοντες
1719 4395 1733 4408 ⁸
1788 4372 1994 4449 βουλό-

356 4495 511 4551 μενοι
549 4471 609 4528 δὲ
645 4471 854 4528 τούτων
905 4471 1265 4544 ὑπερμαχεῖν,
1313 4463 1797 4542 προσαπολλύουσι
1839 4466 1995 4539 σφᾶς,

355 4566 390 4620 ἆ
425 4566 518 4639 μὲν
551 4563 781 4638 πρόσθεν
813 4559 1052 4630 ἤλπισαν
1101 4560 1163 4615 ού
1210 4560 1492 4626 παθόντες,
1538 4557 1611 4610 ὧν
1645 4552 1701 4610 δὲ
1731 4554 1794 4609 οὗ
1827 4572 1992 4626 προσ-

354 4614 624 4724 εδιῗκησαζ
697 4650 868 4729 σφίσι,
921 4650 1130 4704 τούτων
1194 4648 1459 4721 κατάκρας
1537 4642 1825 4722 εἰληφότες
1890 4642 1989 4709 τὴν
2027 4614 2075 4682 D

354 4750 543 4818 πεῖραν
571 4763 586 4776 ·
627 4740 1012 4815 παραπλήσιον
1061 4737 1242 4812 ὥσπερ
1285 4736 1345 4792 ἃν
1389 4738 1457 4808 εί,
1499 4735 1588 4792 διὰ
1630 4740 1794 4791 τοῦτο
1840 4731 1999 4788 Σίκε-

356 4834 522 4890 λικοῦ
577 4852 661 4894 τις
718 4828 994 4903 πελάγους
1046 4825 1312 4888 διασώσας
1358 4827 1422 4881 τὸ
1479 4825 1704 4903 σκάφος,
1769 4821 1999 4898 ὑφάλοις

353 4921 495 4976 τισὶν
529 4919 769 4993 ἐνέτυχε,
811 4916 900 4971 καὶ
937 4913 1164 4970 σπιλάσι
1205 4912 1348 4969 πολὺ
1390 4910 1712 4985 δεινοτέραις
1748 4915 1857 4965 τῶν
1902 4916 2002 4979 τῆς

353 5008 618 5080 Σκύλλης
648 5005 925 5086 κεφαλῶν.

428 5095 899 5175 Παραπολὲλαυκε
930 5094 978 5150 δ’
1009 5093 1162 5168 οἷ’μοι
1191 5096 1203 5152 !
1237 5095 1324 5150 καὶ
1357 5096 1536 5156 ’Ἄθως
1567 5099 1666 5162 τῆς
1713 5111 1996 5170 συμφοράς

354 5191 578 5258 καὶτῆς
615 5188 822 5243 ἀτόπου
864 5184 1092 5256 ταυτησὶ
1135 5189 1243 5240 τῶν
1293 5185 1549 5258 κυμάτων
1601 5180 1883 5256 ἐπιρροῆς,
1934 5179 1998 5235 τὸ

359 5279 526 5353 μόνον
583 5277 657 5339 ὡς
710 5274 934 5345 ἀληθῶς
972 5276 1185 5344 ἀπάσης
1229 5280 1329 5343 τῆς
1374 5275 1570 5348 ἀρετῆς
1611 5281 1791 5327 κοινὸν
1842 5270 1997 5344 ἐργα-

355 5371 605 5442 στήριον,
658 5367 686 5421 6
727 5372 826 5434 τῆς
873 5364 1177 5438 ἑκασταχοῦ
1219 5369 1322 5433 τῆς
1370 5361 1698 5435 οἱκοκμένης
1744 5364 1883 5433 (πῶς
1935 5356 1996 5411 ἂν

355 5457 571 5532 εἴποιμι
603 5459 668 5527 ς)
751 5451 1221 5530 ὁμολογουμένως
1305 5451 1671 5528 ἐξειλεγμὲνος
1761 5447 1999 5524 μάλιστα

357 5551 568 5623 χῶρος,
627 5542 806 5617 ὥσπερ
869 5541 972 5596 οὐκ
1013 5540 1425 5620 ἀνασχομένων,
1480 5543 1662 5615 οἶμαι,
1707 5543 1817 5594 τῶν
1871 5539 2001 5609 Μή-

428 5711 546 5787 (11)
575 5707 841 5784 Thucyd.
868 5723 945 5781 tv,
975 5708 1066 5766 48.

2073 649 2203 688 rum
2231 632 2518 704 jacturam
2551 631 2935 703 deplorantes,
2971 631 3069 686 sed
3100 627 3532 703 indignabundi
3563 624 3720 698 quod

2073 740 2372 797 interiores
2404 741 2523 796 sint
2552 739 2833 812 Cynegiro
2881 743 2979 795 aut
3006 737 3378 805 Callimacho,
3411 753 3480 792 ex
3507 734 3724 807 quibus

2076 848 2258 915 hiccc,
2316 848 2617 904 Medorum
2678 845 2810 902 telis
2878 845 3214 900 vulneratus
3284 847 3417 916 post
3483 845 3720 898 mortem

2078 953 2577 1011 immortalitatem
2622 960 2712 1010 est
2755 956 3098 1020 assecutus;
3146 951 3241 1006 ille
3274 968 3406 1007 cum
3457 949 3726 1004 manibus

2076 1069 2253 1138 caput
2308 1080 2537 1137 quoque
2595 1063 2887 1118 abcissum
2939 1060 3164 1128 habuit,
3224 1060 3366 1114 dum
3430 1058 3725 1114 triremem

2076 1171 2368 1227 Persicam
2441 1169 2716 1225 dentibus
2785 1168 3030 1223 retinere
3098 1165 3345 1221 volebat.
3415 1162 3568 1219 Nihil
3638 1163 3730 1218 his

2077 1279 2221 1350 ipsis
2251 1277 2484 1350 turpius
2530 1277 2832 1332 videbatur
2862 1291 3040 1348 quam
3083 1278 3243 1329 extra
3273 1287 3522 1344 pugnam
3552 1269 3731 1325 vitam

2076 1377 2345 1434 amittere
2391 1382 2447 1432 et
2494 1376 2577 1432 sic
2621 1373 2930 1446 opprobrio
2982 1372 3134 1443 apud
3187 1375 3450 1442 posteros
3496 1365 3727 1438 exponi.

2080 1486 2233 1542 Hanc
2259 1485 2332 1540 ob
2376 1500 2613 1540 causam
2645 1496 3088 1554 quoquoversus
3120 1481 3312 1535 furore
3360 1475 3557 1547 agitati
3604 1491 3732 1546 pro-

2078 1599 2276 1662 ruunt,
2311 1611 2376 1650 ac
2422 1594 2650 1650 nemine
2683 1592 3009 1656 resistente,
3045 1605 3149 1646 ceu
3201 1588 3398 1660 fulgur
3441 1602 3500 1641 se
3541 1584 3728 1656 prori-

2079 1701 2247 1774 piunt
2273 1710 2326 1757 et
2355 1700 2555 1757 omnia
2587 1703 2842 1769 vastant,
2875 1701 3096 1765 secant,
3138 1700 3335 1756 urunt,
3371 1693 3728 1766 praedantur,

2079 1810 2140 1864 in
2189 1810 2524 1865 servitutem
2571 1807 2891 1879 abripiunt,
2922 1805 3042 1861 vita
3085 1805 3334 1878 privant,
3386 1802 3733 1858 cadaverum

2012 1927 2059 1992 Β
2091 1935 2330 1976 acervos
2379 1923 2618 1975 struunt
2673 1917 2922 1988 majores
2963 1931 3137 1987 quam
3190 1921 3248 1969 ut
3303 1912 3734 1983 Corcyraeorum

2078 2035 2228 2086 teste
2257 2029 2583 2102 Tucydide,
2641 2027 2701 2083 in
2734 2025 3012 2100 plaustris
3045 2027 3376 2080 avectorum
3405 2041 3419 2089 ;
3452 2019 3739 2075 cadavera

2083 2153 2217 2193 cum
2269 2137 2340 2192 iis
2387 2135 2710 2208 comparari
2766 2133 3031 2206 possint;
3074 2135 3274 2187 tantus
3322 2128 3478 2184 enim
3530 2140 3731 2182 eorum

2086 2245 2193 2302 fuit
2234 2261 2530 2312 numerus,
2584 2247 2649 2298 ut
2687 2241 2931 2298 ﬂumina
2962 2239 3128 2312 quasi
3169 2236 3447 2310 pontibus
3490 2235 3740 2306 jungere

2087 2359 2152 2410 ut
2206 2369 2443 2425 campos
2502 2349 2779 2408 humanis
2837 2350 3148 2421 aggeribus
3212 2346 3445 2418 cingere
3503 2357 3728 2415 posses.

2086 2462 2296 2518 Eorum
2356 2460 2672 2518 multitudo
2729 2459 2871 2516 adeo
2929 2459 3110 2512 densa
3166 2460 3275 2523 est,
3331 2458 3394 2509 ut
3458 2451 3736 2508 euntibus

2090 2568 2392 2626 obstaculo
2437 2569 2556 2624 sint
2584 2576 2637 2622 et
2667 2567 2763 2622 alii
2802 2566 3044 2621 aliorum
3091 2565 3261 2636 quasi
3294 2559 3555 2617 humeris
3595 2558 3740 2614 insi-

2092 2683 2265 2737 deant
2320 2686 2378 2734 et
2424 2679 2646 2745 avibus,
2703 2676 2863 2745 feris,
2912 2675 3154 2731 canibus
3201 2671 3428 2728 facilem
3483 2668 3736 2741 pradam

2095 2790 2357 2846 offerant.
2407 2787 2529 2843 IIuc
2559 2785 2784 2842 accedit
2830 2785 2985 2856 quod
3033 2785 3131 2855 qui
3183 2781 3311 2836 vita:
3355 2777 3741 2835 substantiam

2096 2896 2311 2952 habent
2368 2912 2402 2950 a
2460 2895 2596 2949 feris
2653 2899 2710 2948 et
2767 2892 3108 2948 inhumanis
3173 2890 3378 2943 misere
3426 2889 3746 2957 carpantur

2098 3009 2156 3060 et
2203 3019 2432 3075 semper
2489 3003 2748 3058 hostium
2809 3000 2998 3073 gladio
3054 3002 3439 3070 exponentur,
3491 2993 3539 3048 si
3601 2993 3745 3047 forte

2102 3121 2273 3168 noctu
2327 3111 2522 3168 cibum
2574 3109 2880 3184 quaesituri
2930 3112 3141 3164 exeunt
3189 3121 3260 3161 ne
3307 3105 3456 3159 fame
3490 3103 3745 3174 pereant,

2103 3227 2161 3278 et
2189 3222 2273 3278 sic
2307 3221 2576 3277 miseram
2629 3219 2915 3275 trahentes
2955 3217 3130 3273 vitam
3163 3216 3217 3270 id
3269 3228 3451 3269 unum
3487 3212 3754 3266 metuant

2105 3346 2176 3386 ne
2209 3337 2337 3401 post
2365 3329 2738 3400 gravissimas
2783 3341 3075 3383 aerumnas
3123 3328 3180 3378 et
3207 3322 3321 3394 ipsi
3371 3317 3622 3375 similem
3657 3331 3753 3371 ne-

2097 3454 2219 3494 cem
2256 3443 2555 3508 oppetant.

2170 3749 2278 3804 Sed
2339 3747 2666 3804 latronibus
2725 3759 2959 3816 quoque
3007 3741 3105 3798 illa
3159 3745 3476 3812 tempestas
3533 3738 3755 3811 gratior

2099 3874 2274 3929 quam
2312 3871 2573 3927 unquam
2625 3858 2795 3910 antea
2834 3852 2964 3908 fuit.
3010 3851 3116 3918 Qui
3146 3851 3301 3906 enim
3343 3849 3595 3906 hostium
3628 3867 3754 3907 ma-

2102 3981 2214 4020 nus
2243 3964 2582 4032 effugerant,
2615 3962 2671 4015 in
2704 3960 2936 4016 illorum
2979 3959 3136 4014 illico
3166 3958 3524 4023 incidebant,
3557 3975 3591 4014 a
3620 3958 3748 4028 qui-

2103 4068 2211 4124 bus
2268 4069 2316 4122 si
2374 4083 2486 4122 non
2547 4069 2754 4137 sponte
2819 4079 2940 4134 quis
2998 4063 3392 4136 possidebant,
3446 4062 3754 4132 cedebant,

2102 4175 2244 4231 diris
2302 4173 2632 4230 verberibus
2700 4172 2884 4227 all'ecti
2950 4174 3178 4226 tantum
3248 4186 3359 4224 non
3417 4172 3485 4224 ad
3549 4185 3748 4224 necem

2103 4299 2288 4356 usque
2329 4281 2759 4338 cruciabantur.
2811 4278 2918 4344 Qui
2968 4295 3135 4350 porro
3185 4278 3404 4334 amicos
3454 4277 3760 4332 calamito'

2105 4407 2202 4448 sos
2234 4391 2407 4447 armis
2435 4390 2739 4446 defendere
2772 4386 3044 4443 volebant
3085 4401 3201 4440 una
3229 4401 3362 4440 cum
3396 4383 3508 4440 illis
3540 4385 3598 4439 in
3631 4400 3754 4456 per-

2108 4498 2318 4554 niciem
2354 4497 2600 4552 ruebant
2633 4501 2689 4551 et
2719 4494 3006 4564 supplicia
3051 4491 3367 4548 durissima
3398 4508 3501 4547 nec
3533 4489 3752 4562 Opinati

2110 4605 2500 4679 patiebantur.
2535 4605 2706 4676 plane
2746 4607 2807 4656 ut
2854 4603 2894 4658 ii
2940 4602 3038 4673 qui
3070 4601 3128 4656 in
3180 4600 3326 4655 mari
3376 4599 3569 4655 Siculo
3607 4598 3752 4654 Cha-

2111 4713 2315 4786 rybdin
2365 4712 2642 4779 vitantes,
2693 4709 2752 4764 in
2802 4707 3087 4764 tristiores
3133 4706 3330 4779 Scyllae
3380 4704 3648 4777 copulos
3698 4709 3754 4760 et

2109 4836 2245 4876 saxa
2277 4820 2484 4875 misere
2511 4818 2795 4874 incidunt.

2179 5085 2328 5142 Casu
2363 5083 2618 5156 quodam
2669 5080 2828 5138 fatali
2875 5078 3059 5135 Athos
3105 5091 3353 5149 quoque,
3383 5073 3444 5130 in
3480 5089 3594 5145 quo
3634 5071 3757 5128 solo

2109 5199 2297 5257 virtus
2329 5205 2520 5256 tutum
2573 5199 2748 5255 habet
2797 5194 3185 5262 domicilium,
3216 5193 3313 5263 qui
3348 5191 3507 5247 solus
3539 5189 3758 5260 ubique

2109 5322 2391 5374 terrarum
2426 5319 2483 5372 et
2529 5315 2792 5370 omnium
2842 5327 3125 5367 consensu
3177 5325 3278 5364 vas
3308 5312 3396 5363 est
3434 5305 3756 5372 electionis,

2106 5443 2476 5487 communem
2538 5423 2944 5490 calamitatem,
3006 5429 3071 5477 ut
3129 5423 3185 5475 in
3248 5418 3388 5473 mari
3447 5415 3757 5490 scopuloso

2107 5549 2380 5617 expertus
2437 5547 2544 5612 est,
2604 5541 2739 5597 licet
2794 5554 2898 5596 nec
2957 5555 2990 5594 a
3048 5538 3347 5594 Medorum
3399 5549 3529 5607 rege
3567 5535 3758 5591 Xerxe
