4154 6216
414 283 532 348 443

1717 295 2112 363 THEODULI
2156 297 2507 358 MONACHI

3692 291 3816 354 444

411 421 581 496 plane
631 441 692 480 se
731 423 923 498 subigi
971 441 1176 495 passus
1215 428 1311 494 sit,
1357 432 1457 500 qui
1507 430 1652 486 nihil
1701 432 2052 490 intentatum

2185 428 2276 484 ἴων
2310 431 2418 499 (12)
2458 432 2559 482 τοῦ
2598 427 2875 502 προγόνου
2927 430 3042 500 (13)
3091 427 3270 508 σφίσιν
3319 429 3618 497 ἡττᾶσθαι·
3667 427 3817 501 μᾶλ-

413 530 655 602 reliquit
711 538 772 587 ut
827 532 1019 604 ipsum
1079 534 1474 592 demolirelur.
1533 538 1796 612 Namque
1851 545 2060 596 Xerxes

413 644 672 695 montem
706 640 1029 710 perfossum
1061 656 1264 698 versus
1314 659 1472 699 mare
1519 646 1764 702 navibus
1808 662 2056 717 permea-

411 746 582 802 bilem
636 746 870 804 reddere
917 747 1120 814 voluit,
1170 765 1279 820 quo
1329 751 1490 808 irrito
1535 757 1748 809 conatu
1801 753 2059 810 stultitiae

411 870 534 910 suae
581 859 636 910 et
683 856 863 911 animi
911 858 1149 913 absurdi
1206 870 1650 917 monumentum
1699 863 1955 933 reliquit,
2006 867 2062 919 et

411 961 601 1018 effecit
630 966 694 1018 ut
733 963 947 1034 posteri
979 965 1079 1036 qui
1120 965 1280 1021 stulti
1313 967 1483 1022 istius
1515 969 1833 1025 moliminis
1865 986 2061 1040 poenas

413 1069 577 1130 dant,
606 1069 804 1127 tristes
851 1071 922 1126 ad
974 1072 1185 1127 ocelum
1236 1073 1519 1130 clamores
1566 1075 1796 1142 tollant,
1829 1075 2058 1147 quando

413 1177 488 1232 ob
526 1177 728 1234 oculos
773 1185 1080 1236 versantur
1126 1188 1457 1238 sanctorum
1505 1184 1900 1255 theologorum
1951 1186 2058 1240 do-

414 1284 650 1353 micilia,
702 1286 986 1355 cmnobia,
1037 1289 1275 1362 templa,
1327 1291 1598 1359 sacraria,
1650 1291 1890 1361 cellula,
1937 1309 2064 1363 qua

413 1391 612 1449 omnia
640 1409 872 1450 summa
919 1396 1301 1468 prosperitate
1345 1399 1698 1470 gaudebant,
1731 1416 1887 1455 nunc
1932 1415 2066 1455 vero

413 1498 642 1555 ruinam
705 1500 965 1566 trahunt,
1020 1507 1146 1572 post
1209 1509 1439 1560 sanctos
1512 1505 1731 1562 incolas
1799 1507 2069 1562 atrociter

415 1605 816 1678 interemptos,
880 1609 962 1662 ita
1028 1613 1091 1662 ut
1160 1613 1368 1680 praeter
1431 1626 1595 1682 spem
1661 1612 1765 1666 viri
1833 1613 2066 1683 quidem

416 1729 589 1783 super
634 1714 760 1784 ipso
817 1715 1050 1786 degant,
1109 1718 1605 1774 conversationem
1657 1735 1787 1775 vero
1830 1721 1956 1791 jam
2008 1720 2070 1774 in

416 1819 559 1877 caelo
634 1820 907 1891 habeant,
993 1827 1050 1878 et
1123 1840 1292 1895 quos,
1373 1826 1693 1881 secundum
1771 1826 2066 1883 Plotinum

423 1928 776 2000 (Egyptium,
833 1934 956 1985 tum
1007 1931 1422 2000 adolescentes,
1473 1937 1599 1989 tum
1648 1933 1902 2003 adultos,
1952 1935 2068 1991 imo

421 2054 596 2093 canos
627 2038 743 2109 jam
775 2042 831 2094 et
861 2040 1075 2096 virides
1128 2041 1320 2096 adhuc
1366 2059 1674 2114 corporum
1716 2044 2068 2114 quibuscum

423 2145 644 2212 vivunt,
694 2149 924 2204 taedeat.
988 2148 1051 2203 Id
1097 2165 1275 2205 unum
1327 2150 1480 2205 enim
1533 2167 1734 2206 omnes
1784 2145 2068 2221 spectant,

425 2256 480 2310 id
514 2273 698 2312 unum
741 2259 988 2313 tendunt
1038 2258 1346 2331 foventque
1377 2265 1440 2314 ut
1485 2276 1617 2315 cum
1651 2259 1765 2316 Deo
1794 2261 2067 2316 unionem

424 2368 644 2423 ineant.
667 2367 711 2422 Ο
730 2384 942 2424 manus
967 2385 1260 2441 pugnaces
1285 2368 1297 2424 l
1321 2386 1425 2424 cur
1455 2370 1692 2425 tandem
1723 2387 1840 2426 non
1871 2388 2072 2427 omnes

426 2476 730 2546 stupefacti
762 2474 1148 2532 horruerunt!
1201 2476 1480 2548 Equidem
1533 2477 1604 2532 ab
1635 2477 1816 2534 solam
1869 2495 2070 2534 narra-

429 2583 645 2640 tionem
706 2584 1006 2656 obstupui,
1053 2589 1110 2640 et
1156 2585 1207 2640 si
1261 2585 1603 2651 adfuissem,
1664 2588 1817 2640 sicut
1872 2587 2069 2652 Niobe,

435 2689 557 2744 saxi
585 2690 858 2746 duritiem
909 2691 1256 2748 induissem.
1306 2691 1350 2746 Ο
1398 2691 1676 2764 gladium,
1728 2693 1828 2764 qui
1869 2709 2072 2750 omnes

435 2796 766 2862 transfodit,
814 2800 871 2851 et
932 2798 1096 2866 cujus
1153 2796 1306 2853 acies
1364 2815 1479 2854 non
1541 2815 1654 2869 prm
1709 2797 1928 2869 pudore
1985 2803 2077 2854 est

437 2903 738 2959 hebetata!
773 2903 816 2959 Ο
837 2904 1129 2961 cohortem
1157 2905 1603 2962 Christifidelem
1629 2905 1642 2960 l
1676 2923 1708 2960 ο
1739 2908 2074 2963 concionem

433 3027 682 3082 sacram,
714 3013 828 3068 Deo
876 3013 1132 3084 plenam,
1164 3030 1290 3086 qua
1334 3031 1394 3070 re
1441 3015 1644 3070 audita
1681 3016 1987 3072 confestim
2012 3017 2071 3071 in

433 3135 615 3174 unum
675 3119 962 3187 convenit,
1021 3130 1075 3176 et
1132 3120 1259 3176 laeto
1317 3122 1512 3176 animo
1570 3123 1628 3176 in
1687 3123 1889 3178 eodem
1951 3124 2147 3225 lococ

433 3231 640 3298 sponte
667 3225 1018 3299 permansit!
1053 3228 1194 3284 Cum
1233 3230 1384 3284 enim
1420 3229 1636 3286 misera
1660 3231 1845 3286 vivere
1875 3233 2070 3286 condi-

434 3336 612 3405 tione,
660 3352 828 3408 quam
881 3347 1122 3394 mortem
1174 3339 1364 3396 videre
1411 3339 1670 3408 mallent,
1722 3341 1894 3397 vitam
1943 3340 2073 3415 glo-

434 3446 588 3502 riose
615 3445 856 3516 (inituri,
888 3447 1187 3504 certamini
1236 3453 1478 3505 mortem
1522 3454 1934 3522 congruentem
1965 3450 2077 3506 ad-

421 3533 708 3622 jecsrunt.

503 3997 638 4062 Quis
702 4005 892 4054 autem
951 3998 1056 4052 has
1122 3997 1489 4053 catamitates
1565 3999 1708 4052 satis
1779 3996 2079 4066 deplorare

432 4105 688 4176 poterit?
716 4106 809 4160 cui
839 4109 1080 4160 cunctas
1103 4105 1204 4159 has
1237 4104 1500 4160 miserias
1531 4105 1736 4159 referre
1767 4105 1908 4159 dum
1932 4103 2079 4170 vult,

434 4231 548 4270 non
597 4231 705 4270 vox
754 4214 1019 4270 faucibus
1062 4213 1348 4270 barebit?
1395 4212 1673 4283 Equidem
1735 4229 2076 4283 persuasum

434 4322 618 4379 habeo
649 4321 806 4395 quod
837 4338 940 4378 nec
988 4322 1206 4378 cladem
1255 4337 1427 4394 quam
1476 4320 1858 4377 Athenienses
1902 4336 2081 4393 prope

433 4429 691 4486 Siciliam
733 4430 949 4502 experti
994 4435 1148 4497 sunt,
1191 4444 1297 4485 nec
1343 4429 1658 4485 devastatio
1704 4427 2082 4484 Acharnensi-

2164 517 2256 574 λον
2308 515 2366 572 δὲ
2413 517 2512 571 ούκ
2561 517 2622 572 ἂν
2669 514 2858 580 ἄλλως
2913 517 3166 589 ᾠήθησαν
3223 516 3407 589 ἐκείνῳ
3463 513 3609 587 δόξαι
3670 519 3816 572 κατά

2159 608 2310 683 γένος
2364 608 2681 680 προσήκειν,
2741 606 2785 660 εἰ
2839 608 2914 680 μή
2959 607 3052 662 καὶ
3100 605 3255 662 οὗτοι
3311 611 3430 668 ταῖς
3490 607 3678 682 χερσὶν
3733 592 3822 660 ἐπ’

2161 697 2314 766 αύτῷ
2354 697 2680 770 χρήσονται.
2720 693 2896 750 Πάλαι
2943 696 3047 771 γὰρ
3089 694 3529 770 διορωρυγμένος
3572 696 3676 750 ὑπὸ
3717 697 3822 749 τοῦ

2161 783 2390 859 Ξέρξδυ,
2449 785 2539 838 καὶ
2595 784 2660 838 τὸ
2723 784 2858 857 πρὸς
2910 783 3177 840 θάλατταν
3233 786 3371 840 ἅπαν
3429 784 3822 862 κατασκαφεὶς,

2165 873 2277 948 οὐχ
2306 873 2381 937 ὡς
2416 872 2639 942 ἀληθὼς
2679 877 2795 934 τοῖς
2847 872 2996 926 ναυσὶ
3030 868 3276 928 διάϐασιν
3321 875 3453 928 εἶναι
3506 878 3646 944 (πῶς
3674 873 3821 949 γάρ;

2171 963 2285 1034 ἰξὸν
2334 960 2594 1036 ἑτέρωθεν
2652 959 3056 1034 πεπλευκέναι),
3106 961 3233 1019 ἀλλ’
3279 963 3353 1025 ὡς
3403 962 3630 1032 ἀληθῶς
3680 961 3826 1017 εἶναι

2171 1057 2289 1113 τοῖς
2356 1050 2797 1128 ἐπιγιγνομένοις
2866 1050 3078 1121 στήλης
3163 1053 3382 1125 ἄμεινον
3466 1049 3662 1127 δεῖγμα
3717 1059 3826 1120 τῆς

2171 1140 2431 1202 ἀπονοίας
2483 1138 2691 1195 ἐκείνου
2741 1139 2831 1194 καὶ
2880 1145 2988 1194 τῶν
3047 1139 3261 1195 ἀτόπων
3322 1141 3638 1218 φασμάτων,
3701 1159 3823 1195 τοι-

2167 1235 2303 1286 αῦτα
2358 1230 2624 1305 πρότερον
2678 1228 2985 1301 πεπονθὼς,
3042 1234 3133 1283 νῦν
3192 1230 3295 1285 ὑπὸ
3359 1234 3466 1285 τῶν
3528 1229 3823 1305 ἀπογόνων

2165 1318 2372 1374 ἐκείνου
2429 1319 2632 1380 πάντάς
2689 1317 2945 1381 ἐποίκους
2997 1317 3193 1394 ὀλίγου
3247 1317 3354 1375 δεῖν
3420 1317 3827 1388 ἀπολωλεκὼς,

2169 1407 2246 1470 εἰς
2306 1406 2528 1482 οὐρανὸν
2583 1405 2724 1480 α’ίρει
2771 1407 2834 1462 τὸ
2883 1407 3101 1477 πένθος,
3150 1408 3240 1462 καὶ
3290 1409 3418 1469 τούς
3481 1428 3542 1463 τε
3583 1404 3826 1480 ἰδόντας,

2165 1496 2295 1560 τούς
2344 1517 2401 1552 τε
2445 1496 2772 1568 ἀκηκοότας,
2821 1520 2850 1550 α
2887 1497 3035 1553 Ἰούί
3083 1497 3215 1554 ἱού]
3247 1520 3275 1548 ιι
3327 1497 3457 1572 βοᾷν
3507 1495 3824 1571 ἀναγκάζει,

2173 1581 2557 1658 μεμνημένους
2585 1589 2693 1640 τῶν
2732 1584 2798 1640 τά
2844 1587 2962 1640 θεῖα
3003 1583 3452 1664 φιλοσοφούντων
3499 1586 3648 1658 ἱερᾶς
3697 1605 3824 1639 συν-

2173 1673 2393 1744 αυλίας,
2462 1675 2553 1729 καὶ
2621 1677 3040 1752 φροντιστήρια,
3095 1675 3185 1730 καὶ
3234 1675 3457 1745 σηκούς,
3523 1673 3614 1728 καὶ
3664 1673 3827 1741 νεὼς,

2106 1793 2145 1856 Β
2177 1765 2268 1856 καὶ
2327 1761 2594 1856 καλύϐας,
2652 1765 2761 1856 καὶ,
2798 1764 3101 1856 σωτηρίους
3157 1761 3364 1856 διαίτας
3413 1764 3674 1856 ,χαρίτων
3734 1758 3833 1837 ἔμ-

2183 1853 2392 1922 πλεως,
2451 1853 2508 1919 ἆ,
2563 1855 2680 1909 καθ’
2743 1849 3052 1928 ὑπερϐολὴν
3113 1854 3341 1928 πρόσθεν
3401 1854 3675 1922 ἀνθοῦντα,
3734 1856 3831 1906 νῦν

2182 1943 2378 2018 ἀθρόον
2421 1938 2630 2012 ἀπέσϐη
2690 1943 2933 2013 καθάπαξ
2991 1943 3270 2016 ῥεύσαντα.
3318 1946 3427 1996 τῶν
3477 1940 3832 1996 ἐνοικούντων

2183 2029 2341 2102 δίκην
2371 2031 2584 2106 ἱερείων
2637 2032 3016 2106 ἀπανθρώπως
3064 2031 3421 2106 ἀνῃρημένων
3457 2031 3547 2086 καὶ
3589 2031 3663 2092 ὡς
3707 2027 3832 2084 οὐδ’

2182 2120 2241 2175 ἃν
2290 2123 2363 2182 εἷς
2412 2121 2666 2190 ἤλπισεν,
2710 2119 2920 2196 ἀνδρῶν
2961 2120 3012 2176 έν
3061 2125 3129 2195 γῇ
3185 2121 3277 2193 μὶν
3331 2117 3523 2182 ὄντων,
3572 2120 3624 2174 ἐν
3668 2118 3836 2194 ούρα-

2179 2216 2296 2273 νοῖς
2327 2209 2382 2265 δὲ
2419 2211 2481 2265 τὸ
2532 2212 2844 2284 πολίτευμα
2887 2208 3262 2284 κεκτημένων,
3311 2210 3403 2264 καὶ
3454 2209 3591 2264 κατά
3630 2209 3724 2264 τὸν
3779 2208 3833 2281 ἐξ

2182 2299 2464 2368 Αἰγύπτου
2518 2301 2820 2368 Πλωτῖνον,
2861 2299 2891 2354 ὅ
2933 2322 2988 2355 τι
3035 2300 3305 2372 σωμάτων
3357 2299 3505 2375 σφίσι
3555 2305 3835 2373 προσῆκεν

2182 2388 2616 2464 αἰσχυνομένων,
2664 2395 2771 2444 τῶν
2817 2391 2912 2462 μὲν
2965 2389 3114 2458 νέων,
3165 2409 3273 2442 των
3324 2385 3381 2443 δὲ
3423 2383 3833 2462 πρεσϐυτέρων,

2180 2482 2288 2533 τῶν
2334 2478 2425 2550 μὶν
2477 2476 2649 2550 πολιᾷ
2695 2479 3112 2551 κοσμουμένων,
3164 2483 3272 2532 τῶν
3325 2475 3371 2532 δ’
3420 2479 3576 2533 οὔπω
3623 2477 3833 2547 ταύτης

2183 2566 2526 2639 ἠξιωμένων,
2558 2567 2809 2622 ἀπάντων
2838 2568 2893 2622 ’ἐν
2940 2567 3279 2643 βλεπόντων,
3313 2566 3402 2621 καὶ
3439 2571 3632 2622 τοῦτον
3664 2566 3830 2622 αὐτὸν

2185 2653 2536 2728 ἐνιτταμένων
2581 2655 2781 2731 ἀγῶνα,
2833 2657 2967 2729 μετᾶ
3008 2653 3142 2710 Θεοῦ
3189 2654 3448 2730 τετάχθαι
3497 2659 3831 2730 περιφανῶς.

2185 2744 2253 2798 Ὠ
2292 2748 2494 2818 χειρῶν
2537 2744 2773 2815 ἐκείνων,
2816 2743 2870 2798 α⁹ἱ
2913 2743 3036 2821 ξίφη
3078 2743 3202 2800 τότε
3250 2745 3477 2818 πρόσθεν
3533 2743 3834 2815 έκὶνησανί

2186 2831 2230 2886 ὢ
2254 2837 2362 2887 τῶν
2399 2834 2513 2905 μετ’
2553 2834 2756 2894 αύτάςῐ
2800 2833 2844 2888 ὥ
2883 2836 2990 2888 τῶν
3031 2827 3255 2888 ἕπειταί
3298 2837 3418 2895 πῶς
3459 2829 3558 2887 οὒκ
3597 2831 3838 2908 ὲνάρκη-

2185 2944 2309 2992 σανς
2343 2927 2461 2984 πῶς
2501 2921 2548 2978 δ’
2595 2921 2658 2976 οὐ
2701 2929 2879 2998 παρῆν
2926 2924 2995 2977 τὰ
3040 2926 3137 2977 τοῦ
3183 2925 3450 2998 συναφοῦς
3479 2924 3636 2994 (14);
3683 2923 3836 2997 Ἐγὼ

2189 3014 2281 3086 μὲν
2315 3013 2410 3068 οὖν
2456 3013 2546 3067 καὶ
2590 3012 2726 3085 πρὸς
2779 3013 2950 3085 μόνην
2998 3011 3210 3082 ἐξέστην
3259 3013 3359 3080 τήν
3406 3011 3594 3080 ἀκοὴν,
3644 3011 3735 3065 καὶ
3786 3012 3836 3065 εἰ

2185 3109 2386 3176 παρῆν,
2417 3102 2479 3156 τὸ
2510 3108 2609 3170 τῆς
2659 3095 2866 3170 Νιόϐης
2899 3101 2957 3155 ἃν
3007 3099 3314 3155 ἐπεπόνθειν
3339 3143 3352 3155 .
3402 3102 3470 3153 ’Ὠ
3517 3098 3702 3176 ξίφους
3740 3097 3834 3154 διὰ

2185 3194 2426 3263 πάντων,
2464 3191 2669 3246 τούτων
2716 3191 2886 3265 ὁμόσε
2928 3191 3340 3266 κεχωρηκότος,
3393 3189 3485 3244 καὶ
3538 3191 3614 3262 μή
3655 3209 3835 3245 κεκω-

2185 3305 2256 3362 φη
2271 3282 2430 3355 μένου
2455 3283 2590 3356 πρὸς
2621 3281 2720 3350 τῆν
2753 3278 2891 3334 αἷδώ
2921 3281 2933 3336 ι
2983 3279 3194 3352 μᾶλλον
3229 3277 3308 3350 δὲ,
3341 3277 3387 3332 ὢ
3418 3279 3643 3352 στίφους
3690 3277 3841 3334 ἃκεί-

2184 3394 2277 3427 νου
2317 3372 2643 3449 θεοφιλοῦςί
2689 3368 2734 3425 ὢ
2778 3369 3138 3444 πανηγύρεως
3187 3370 3374 3444 ἱερᾶςῙ
3425 3367 3469 3422 ὣ
3515 3373 3838 3443 συναγωγῆς

2184 3461 2390 3530 ἐνθέου,
2431 3461 2466 3530 ἢ
2515 3460 2639 3516 τότε
2691 3460 2788 3532 μετ
2837 3458 2926 3514 ἐπὶ
2976 3463 3056 3530 τῷ
3107 3457 3416 3534 παραυτίκα
3455 3459 3682 3528 συνέστη
3732 3460 3836 3526 τῆς

2185 3549 2383 3618 ἀκοῆς,
2415 3546 2739 3618 διαλυθῆναι
2780 3546 2827 3602 δ’
2877 3547 3017 3618 ἐξὸν,
3071 3547 3172 3602 οὐκ
3218 3544 3516 3622 ἠνέσχετοο
3573 3546 3836 3620 ἑλόμενοι

2189 3638 2402 3713 μᾶλλον
2440 3643 2539 3694 αοῦ
2581 3641 2676 3712 ζῇν
2715 3635 2962 3708 ἀνηλεῶς
3012 3637 3352 3711 ἐστερῆσθαι,
3384 3636 3419 3706 ἢ
3449 3634 3596 3706 δόξαι
3651 3633 3834 3690 δεδοι-

2185 3727 2332 3783 κέναι
2397 3728 2492 3784 τὸν
2559 3728 2810 3796 θάνατον,
2878 3725 3328 3788 κατακλείσαντες
3399 3725 3603 3801 ἀρίστῳ
3683 3725 3833 3780 τέλει

2184 3819 2280 3881 τὰς
2308 3818 2547 3890 πράξεις,
2597 3817 2688 3871 καὶ
2735 3821 2854 3878 τοῖς
2896 3817 3100 3889 ἀγῶσιν
3149 3814 3250 3871 οὐκ
3296 3811 3486 3888 ἀπῳδά
3531 3816 3598 3870 τὰ
3641 3814 3835 3870 τελευ-

2185 3912 2312 3961 ταῖα
2340 3907 2656 3981 προσθέντες
2683 3907 2696 3961 l

2261 3993 2440 4054 Ἀλλά
2484 3995 2566 4057 τίς
2620 3995 2681 4050 ἂν
2732 3994 3110 4072 ἀποχρώντως
3145 3995 3299 4050 ταυτὶ
3348 3995 3521 4049 πάντα
3563 3994 3830 4064 στενάξαι,

2189 4085 2279 4139 καὶ
2337 4084 2642 4158 παρισώσαι
2691 4086 2884 4158 θρῆνον
2933 4089 3050 4145 ταῖς
3103 4089 3446 4160 συμφοραῖς;
3496 4085 3531 4153 ἢ
3579 4084 3687 4151 τίς,
3740 4082 3833 4137 λέ-

2187 4195 2297 4250 γειν
2328 4173 2709 4252 ἐπιχειρήσας,
2757 4170 2824 4227 οὒ
2873 4171 3176 4246 παραλίποι
3223 4174 3292 4228 τά
3337 4171 3589 4234 πλεῖστα,
3640 4171 3834 4245 οἰόμε-

2189 4285 2282 4324 νος
2328 4265 2421 4335 μὲν
2464 4261 2661 4336 λέγειν,
2722 4261 2897 4338 λέγειν
2951 4261 3008 4317 δὲ
3053 4267 3310 4317 τοσοῦτον
3367 4262 3837 4336 ἀπολειπὸμενος,

2191 4353 2316 4407 ὅσον
2358 4352 2418 4407 ἃν
2468 4351 2514 4406 εἱ
2574 4349 2718 4424 μηδέ
2778 4351 3202 4426 προύτεθύμητο
3255 4350 3476 4429 λέγειν;
3525 4355 3682 4426 οἶμαι
3731 4355 3840 4429 γὰρ

2191 4441 2313 4498 οὔτε
2360 4443 2452 4497 τὸν
2499 4447 2606 4497 τῶν
2655 4443 2961 4511 Ἀθηναίων
3013 4440 3064 4497 ἒν
3115 4441 3340 4513 Σικελίᾳ
3393 4448 3643 4518 χειμῶνα
3691 4447 3840 4515 (15),

435 4538 546 4592 bus
578 4537 651 4592 ab
676 4537 1027 4593 Archidamo
1060 4536 1245 4604 illata,
1270 4551 1373 4591 nec
1403 4537 1735 4592 Thebarum
1767 4542 1866 4590 aut
1895 4535 2073 4605 Trojaa

2189 4531 2305 4588 οὗθ’
2336 4533 2409 4587 ὢν
2450 4534 2570 4606 (16)
2602 4532 2691 4586 ὑπ’
2730 4529 3072 4606 ’Δρχιδάμου
3115 4533 3379 4606 πρότερον
3421 4526 3614 4586 ἔπαθον
3649 4530 3738 4588 ἐπὶ
3769 4536 3842 4605 τῇ

435 4646 726 4703 excidium
786 4661 915 4701 cum
969 4646 1126 4702 hisce
1171 4646 1386 4700 nostris
1439 4645 1716 4701 aerumnis
1759 4644 2084 4718 comparari

439 4760 674 4827 queant.

508 4982 600 5035 Sic
665 4981 920 5035 immane
987 4988 1269 5052 quantum
1329 4980 1692 5034 miseriarum
1751 4979 1822 5033 ob
1886 4977 2086 5034 oculos

439 5071 697 5143 quotidie
756 5069 1058 5125 habemus.
1117 5069 1262 5124 Nam
1311 5082 1601 5139 praecones
1657 5067 1826 5122 nobis
1881 5067 2088 5139 quovis

511 5260 627 5402 £12)
657 5256 808 5314 Medi
840 5271 994 5310 nunc
1022 5271 1123 5380 pro
1154 5252 1346 5309 Persis
1375 5268 1442 5308 ac
1473 5251 1702 5307 Turcis.

539 5332 626 5400 13)
656 5329 866 5402 Xerxis
899 5327 1184 5402 videice‘t:
1263 5392 1277 5402 .
1474 5397 1496 5402 _

539 5327 626 5400 13)
656 5329 866 5386 Xerxis
899 5327 1184 5400 videlicet.

517 5392 627 5472 (14)
677 5401 917 5465 Forsan,
966 5400 1081 5472 πῶς
1133 5392 1284 5472 δ’-ού
1332 5397 1585 5472 παρεῖντο
1623 5393 1729 5472 ’τοὸ
1780 5398 2088 5472 συναφοῦς)

447 5497 474 5524 ‹‹
509 5465 799 5547 quomodo
830 5489 862 5528 a
892 5465 1756 5539 continuatisimpressionibus
1778 5483 1891 5523 non
1925 5465 2092 5524 remi-

444 5568 470 5595 «
506 5543 749 5601 serunt?
778 5564 807 5592 »

521 5616 634 5686 (15)
684 5613 1147 5679 Atheniensium,
1204 5610 1364 5666 Nicia
1411 5609 1577 5673 duce,
1623 5610 1680 5665 in
1730 5608 1926 5666 Sicilia
1971 5610 2091 5668 cla-

2193 4619 2553 4696 δενδροτομίᾳ
2608 4621 2715 4674 τὼν
2781 4621 3063 4694 ’Δχαρνῶν
3121 4624 3257 4693 (17),
3326 4618 3441 4676 οὗθ’
3498 4620 3599 4676 ὅσα
3658 4619 3842 4696 λέγειν

2192 4708 2411 4784 ἔχουσιν
2464 4706 2748 4783 ἄνθρωποε
2793 4709 2917 4782 περί
2948 4729 3003 4762 τε
3059 4705 3258 4778 Θηϐῶν
3306 4711 3395 4763 καὶ
3439 4716 3538 4778 τῆς
3590 4709 3846 4782 Πριάμου

2193 4799 2412 4861 πόλεως
2468 4805 2568 4867 τῆς
2623 4797 2822 4866 καλῆς,
2874 4799 3082 4853 τούτων
3134 4795 3290 4853 οὐδὲν
3351 4797 3544 4868 ἐξεῖναι
3589 4803 3706 4861 τοῖς
3753 4803 3844 4852 νῦν

2197 4887 2486 4951 δυσκόλοις
2515 4881 2872 4959 παραϐαλεῖν,
2907 4883 3019 4941 οὐδ’
3051 4885 3228 4963 ἐγγύς.

2271 4978 2369 5033 Καὶ
2400 4975 2469 5031 τὰ
2501 4975 2597 5048 μὶν
2630 4973 2681 5029 έν
2733 4974 3042 5054 ὀφθαλμοῖς
3091 4980 3324 5031 τοσαῦτα
3381 4977 3476 5049 μὲν
3515 4977 3578 5032 τὸ
3602 4975 3845 5045 πλῆθος,

2197 5068 2503 5138 τηλικαῦτα
2559 5061 2618 5120 δὶ
2672 5065 2761 5118 καὶ
2806 5065 2870 5119 τὸ
2929 5062 3156 5141 μέγεθος
3192 5083 3205 5095 ·
3252 5066 3304 5120 o't
3358 5063 3415 5120 δὲ
3461 5065 3550 5120 καὶ
3599 5065 3842 5140 κήρυκάς

2199 5255 2382 5396 dead)
2415 5323 2632 5396 Forsan
2664 5319 2748 5388 ὃν,
2780 5321 3025 5396 ecilliget
3053 5325 3330 5396 χειμῶνα.

2271 5393 2386 5522 Si?)
2416 5394 2526 5450 Res
2573 5398 2843 5448 narratur
2887 5393 3284 5484 a‘Tbuoydide
3333 5411 3412 5484 11,,
3439 5393 3524 5449 19.
3571 5394 3855 5484 Synesius

2271 5484 2352 5522 .v.
2410 5483 2463 5522 ο.
2512 5465 2582 5520 63
2632 5481 2644 5518 :
2694 5464 2824 5518 Τότε
2871 5461 2962 5522 δη.
3010 5485 3132 5520 τοτε
3194 5461 3553 5522 γαλεπωτερα
3612 5482 3853 5522 πασγειν

2203 5468 2352 5523 Calv.
2408 5483 2463 5536 p.
2512 5468 2582 5520 63
2632 5481 2644 5518 :
2694 5468 2824 5518 Τότε
2871 5468 2962 5534 δὴ,
3010 5468 3132 5520 τότε
3194 5468 3553 5541 χαλεπώτερα
3612 5468 3853 5538 πάσχειν

2203 5535 2362 5666 ξ’)μέλν
2421 5535 2456 5604 ἢ
2509 5530 3014 5666 ῗπ⁸-’Δρέιδάμου
3073 5534 3200 5597 τοὺς
3263 5535 3580 5605 ’Δθηναίους
3634 5535 3724 5590 ἐπὶ
3782 5539 3853 5611 τῇ

2236 5630 2288 5666 εν
2328 5625 2696 5666 octout;th
2798 5627 3037 5666 γαρνων.

2236 5625 2562 5680 ενοροτομιᾳ
2587 5625 2696 5661 των
2735 5625 3037 5684 ’Λχαρνων.
