3982 6216
222 333 321 396 445

1342 330 1632 393 ORATIO
1679 332 1777 392 DE
1827 333 2048 394 REGIS
2092 336 2447 398 OFFlCIIS.

3454 341 3569 401 446

221 489 337 529 τινας
365 469 488 540 ἡμῖν
515 464 882 538 ἐκπέμπουσιν
916 465 1208 540 ὁσημέραι,
1240 465 1304 518 ού
1345 471 1450 539 γῆν
1496 463 1586 519 καί
1638 463 1808 538 ὕδωρ,

1945 466 2015 521 lie
2045 468 2346 540 deputant,
2389 471 2485 542 qui
2522 488 2633 529 non
2666 477 2879 529 terram
2920 477 2976 530 et
3015 492 3251 546 aquam,
3283 474 3565 532 utXerxis

222 557 414 628 καθάπερ
451 557 478 609 ὁ
507 559 603 610 τοῦ
645 558 734 608 νῦν
776 555 986 628 Πέρσου
1031 554 1308 628 πρόγονος
1339 555 1475 626 (18),
1508 551 1655 608 άλλᾶ
1703 552 1819 608 δει-

219 647 375 700 νότατα
424 647 636 699 πάντων
689 642 990 711 αἰτοῦντας,
1029 641 1125 697 κᾶν
1185 645 1261 716 μή
1319 642 1387 698 τὰ
1447 641 1819 718 βουλευόμενα

215 735 349 808 πέρας
394 735 467 794 ὡς
513 733 750 810 τάχιστα
780 737 891 808 σχῇ
939 734 1122 804 (τοῦτο
1167 729 1213 786 δ’
1245 731 1387 786 ἐστὶν
1417 731 1636 793 ἑκόντας
1662 733 1818 794 ὄντας

212 820 607 896 παραδεδωκέναι
667 821 815 894 σφίσι
881 823 980 891 τήν
1041 821 1205 877 πόλιν
1259 823 1374 891 (19)
1404 823 1493 875 καί
1546 823 1679 894 μετὰ
1709 827 1819 876 τῶν

209 913 623 988 ὑποτεταγμὲνων
671 909 970 988 φέρεσθαι),
1020 909 1256 974 ἀτόπους
1323 912 1473 972 τινας
1532 910 1821 966 ἀπειλοῦσι

206 1004 472 1075 πορθήσεις
527 1002 616 1055 καὶ
692 999 1040 1079 κατασκαφάς
1095 1006 1218 1074 γῆς,
1267 1001 1359 1054 καὶ
1419 999 1634 1062 πόλεως
1691 1002 1823 1056 ἀνα-

200 1091 389 1153 στάσεις
439 1089 499 1144 ὲκ
558 1091 800 1165 βάθρων,
852 1090 941 1143 καὶ
997 1092 1108 1145 τῶν
1171 1088 1520 1144 ἐνοικούντων
1572 1089 1821 1163 ὄλεθρον,

196 1181 274 1234 καὶ
333 1177 531 1255 δάκρυα
583 1181 674 1234 καὶ
733 1179 937 1258 σφαγάς
995 1179 1088 1233 καὶ
1145 1180 1283 1252 αἷμα
1335 1180 1424 1234 καὶ
1487 1179 1676 1255 φόνον,
1732 1181 1822 1234 καὶ

203 1269 576 1345 αἰχμαλώτους
629 1269 880 1344 μυρίους,
929 1269 1019 1324 καὶ
1069 1267 1354 1344 τραύματα
1400 1273 1508 1324 τῶν
1567 1269 1826 1325 ἀνθιστα-

203 1359 376 1430 μένων,
406 1361 496 1413 καὶ
525 1356 893 1419 ἀπολωλότας
941 1358 1072 1433 ὑπὲρ
1111 1359 1174 1413 τὸ
1215 1356 1454 1427 πλῆθος,
1483 1359 1572 1412 καὶ
1605 1359 1821 1435 ἀγωγὴν

200 1449 590 1521 σκυλευμάτων,
643 1447 733 1501 καὶ
812 1447 1035 1521 καρπῶν
1124 1447 1375 1501 ἁπάντων
1454 1445 1675 1522 φθορὰν,
1733 1447 1825 1501 καὶ

196 1543 310 1592 νεῶν
365 1538 454 1591 καὶ
514 1534 708 1606 οτίκων,
739 1537 827 1590 καὶ
887 1533 1124 1608 λιμένων
1175 1537 1266 1590 καί
1295 1535 1498 1612 τάφων,
1530 1535 1620 1590 καὶ
1652 1541 1824 1591 στοῶν

197 1626 271 1680 καὶ
300 1625 557 1702 θεάτρων,
588 1626 678 1680 καὶ
710 1627 867 1680 πάνθ’
899 1627 1042 1699 ὁμοῦ
1068 1627 1134 1679 τὰ
1163 1622 1437 1703 φρικώδη.

255 1718 509 1783 Ἔστηκεν
573 1714 665 1770 οῦν
714 1717 850 1787 ἡμῖν
889 1717 924 1783 ἡ
983 1713 1147 1776 πόλις
1195 1713 1246 1768 ἐν
1311 1711 1580 1788 ἂγρυπνίᾳ
1633 1736 1689 1769 τε
1735 1717 1826 1769 καί

197 1806 441 1882 φροντίσι,
473 1805 564 1858 καὶ
625 1803 849 1878 πλήρης
906 1799 1141 1878 θορύϐου
1198 1803 1290 1858 καὶ
1345 1804 1516 1876 μεστὴ
1549 1811 1821 1883 ταραχῆς,

197 1895 261 1964 μή
305 1893 369 1949 τὰ
418 1891 703 1948 δεινότατα
743 1892 910 1948 πάλαι
960 1893 1101 1965 μόνη
1133 1897 1242 1946 τῶν
1306 1893 1392 1960 ὑφ’
1445 1891 1594 1965 ἡλίῳ
1633 1898 1820 1948 πασῶν

194 1983 693 2056 πεπλημμεληκυῖα
721 1986 859 2056 (20),
888 1981 978 2036 καί
1018 1986 1108 2035 νῦν
1139 1979 1291 2036 οὐδὲν
1345 1976 1568 2037 ἔλαττον
1597 1980 1819 2056 ἔχουσα,

196 2069 322 2126 ἆλλᾶ
369 2074 460 2126 καὶ
517 2071 659 2146 πρὸς
721 2069 1014 2148 κολοφῶνα
1086 2075 1196 2124 τῶν
1270 2075 1451 2124 κακῶν
1519 2070 1824 2149 ἀφιγμένη,

196 2167 348 2215 aiam:
379 2166 471 2215 νῦν
515 2161 816 2232 ἐκτίσωμεν
869 2157 1061 2232 οἳμοιί
1095 2161 1193 2227 τήν
1242 2156 1419 2230 δίκην,
1466 2159 1555 2214 καὶ
1605 2160 1824 2234 γένηταί

195 2271 238 2306 τι
275 2255 376 2305 τῶν
418 2251 817 2325 προσηκόντων
866 2253 934 2323 τῇ
984 2247 1184 2323 τοσῇδε
1220 2250 1402 2321 κακίᾳ.
1434 2250 1543 2311 Τὰς
1572 2251 1673 2324 γὰρ
1729 2270 1827 2304 κα-

194 2339 434 2401 κοποιοὺς
466 2340 671 2400 ταύτας
724 2339 815 2393 καὶ
861 2342 1152 2414 συμφορῶν
1201 2336 1518 2408 ἀπλήστους
1571 2337 1827 2412 δυνάμεις

198 2429 556 2498 ὑπηρετούσας
599 2426 762 2499 *ίσμεν
810 2427 1048 2498 καθάπαξ
1096 2431 1165 2501 τῇ
1212 2429 1323 2482 καθ’
1355 2429 1515 2501 ἡμῶν
1557 2431 1654 2482 τοῦ
1684 2428 1830 2483 θείου

198 2517 448 2591 βουλήσει
495 2516 589 2570 καὶ
647 2515 1004 2577 συντελούσας
1052 2518 1121 2589 τῇ
1171 2515 1351 2590 χρείᾳ,
1381 2514 1476 2570 κᾶν
1507 2518 1608 2571 ὦσι
1643 2519 1832 2590 θεομι-

196 2611 324 2667 σεῖς·
352 2607 444 2660 καὶ
478 2609 509 2662 ὁ
540 2611 651 2661 τῶν
683 2605 953 2680 μεγίστων
989 2605 1283 2667 ὑπεύθυνος
1334 2605 1538 2683 ἐφεῖται
1593 2606 1830 2679 μάλιστα

192 2697 442 2764 ταυταισὶ,
493 2695 589 2751 καὶ
655 2699 845 2750 τοῦτον
904 2693 1055 2749 αὗται
1107 2695 1457 2764 κολάζουσιν.
1506 2697 1657 2750 ”Ωστ’
1704 2694 1830 2770 ἐμοὶ

197 2785 280 2854 μὲν
325 2787 474 2840 ταῦθ’
529 2786 748 2857 ὁρῶντι,
793 2785 882 2839 καὶ
929 2781 1134 2838 τούτων
1182 2785 1578 2858 αἰσθανομένῳ,
1625 2789 1732 2838 τῶν
1782 2786 1832 2838 ἐν

192 2873 402 2949 πελάγει
454 2871 883 2949 χειμαζομένων
916 2872 1142 2949 γνώμην
1195 2874 1270 2936 ὡς
1318 2871 1542 2943 άληθῶς
1587 2873 1833 2945 εἴσιέναι,

195 2960 306 3016 ὅταν
350 2964 454 3019 ὑπό
515 2984 683 3018 τινων
746 2966 1000 3032 σκηπτῶν
1055 2961 1090 3031 ἢ
1151 2957 1454 3037 στροϐίλων
1499 2960 1549 3032 ἐξ
1599 2962 1836 3037 ούρανοῦ

193 3052 676 3128 κατενηνεγμὲηων,
709 3053 798 3107 καὶ
853 3052 916 3106 τὸ
986 3052 1078 3124 μὶν
1135 3052 1337 3128 σκάφος
1395 3051 1507 3108 ἄνω
1555 3052 1642 3106 καὶ
1689 3053 1837 3108 κάτω

192 3144 472 3198 κυκώντων
529 3147 650 3204 ταῖς
690 3136 979 3214 ἐμϐολαῖς,
1037 3140 1183 3220 σφίσι
1245 3138 1299 3196 δὲ
1361 3138 1533 3196 δεινὸν
1568 3139 1842 3196 ἆπελούν-

1926 575 2184 647 abnepos
2212 577 2311 648 qui
2337 593 2490 632 nunc
2537 586 2758 652 regnat,
2785 583 2883 636 sed
2912 582 3286 638 acerbissima
3320 599 3567 655 qumque

1926 693 2263 752 exposcunt,
2319 685 2584 754 quamvis
2641 705 2752 742 non
2813 704 3039 760 semper
3097 689 3572 760 promptissimos

1925 781 2240 838 voluntatis
2290 801 2411 840 suae
2471 786 2760 854 operarios
2835 787 3150 842 inveniant.
3203 788 3350 852 Quid
3413 789 3564 844 enim

1926 889 2174 944 volunt?
2229 889 2300 946 Ut
2355 894 2560 961 sponte
2607 892 2746 962 ipsis
2803 894 3002 949 urbem
3062 895 3365 950 tradamus
3423 897 3566 951 etin

1929 996 2297 1052 subditorum
2331 1014 2574 1052 numero
2628 1015 2930 1069 ponamur.
2963 1001 3043 1055 Ad
3100 1002 3221 1058 haec
3271 1003 3570 1058 minantur

1931 1097 2182 1169 regionis
2214 1099 2611 1164 vastationem,
2647 1100 2808 1154 urbis
2838 1102 3216 1169 eversionem,
3241 1103 3566 1160 incolarum

1932 1224 2154 1275 nacem,
2177 1208 2482 1282 lacrymae,
2516 1211 2752 1274 caedem,
2771 1213 3142 1282 sanguinem,
3176 1214 3570 1286 captivitatem

1932 1315 2171 1372 vulnera
2228 1317 2635 1374 resistentibus
2682 1319 3082 1392 impingenda,
3135 1323 3385 1393 predum
3444 1324 3572 1379 abi-

1931 1415 2206 1486 gendam,
2238 1417 2635 1484 auferendam,
2667 1418 2930 1473 omnium
2976 1419 3211 1490 frugum
3253 1422 3574 1492 jacturam,

1934 1524 2188 1590 nevium,
2274 1523 2669 1591 aedificiorum,
2769 1533 3058 1596 portuum,
3151 1527 3574 1598 sepulcrorum,

1933 1633 2285 1703 porticuum,
2316 1631 2668 1687 theatrorum
2704 1633 2901 1688 tristes
2926 1633 3125 1688 ruinas
3153 1635 3570 1692 annuntiando.

2006 1739 2123 1794 Hoc
2147 1755 2336 1794 rerum
2370 1744 2522 1794 statu
2560 1740 2700 1794 urbe
2731 1745 2928 1796 nostra
2959 1743 3114 1796 curis
3145 1749 3197 1797 et
3227 1741 3578 1798 sollicitudi-

1855 1843 1901 1908 B
1934 1847 2109 1902 nibus
2176 1846 2387 1919 agitata
2435 1847 2831 1903 tumultuatur
2888 1852 3152 1904 metuens
3185 1866 3255 1904 ne
3305 1855 3434 1921 post
3463 1851 3576 1906 cri-

1932 1954 2088 2009 mina
2119 1953 2368 2009 nefanda
2407 1955 2472 2008 ad
2520 1970 2908 2011 aerumnarum
2961 1956 3250 2026 fastigium
3300 1958 3574 2028 propulsa

1931 2061 2207 2116 ultionem
2231 2061 2572 2116 acerrimam
2595 2062 2817 2117 subeat.
2853 2067 2974 2118 Non
3025 2064 3178 2119 enim
3228 2064 3567 2136 ignoramus

1930 2169 2081 2240 quod
2142 2173 2451 2240 potestates
2506 2169 2629 2225 istm
2687 2171 3019 2240 perniciosas
3076 2173 3319 2230 consilio
3375 2173 3569 2229 divino

1933 2278 2133 2328 contra
2179 2289 2287 2329 nos
2345 2279 2615 2346 suscepto
2663 2275 2983 2331 inserviunt
3031 2283 3087 2333 et
3135 2279 3431 2350 piaculum
3486 2279 3584 2334 vel

1936 2380 2102 2436 nobis
2133 2380 2328 2436 invitis
2385 2382 2693 2454 imponunt
2725 2402 2738 2438 :
2766 2385 2851 2440 sic
2895 2386 3050 2441 enim
3100 2386 3368 2442 homines
3400 2387 3582 2443 scele-

1936 2488 2183 2543 stissimi
2217 2494 2446 2560 peccata
2476 2507 2580 2545 sua
2610 2493 2865 2561 eXpiant.
2901 2493 3029 2547 Haao
3077 2495 3281 2549 omnia
3331 2505 3585 2550 contem-

1938 2595 2124 2667 planti
2181 2596 2324 2650 mihi
2382 2601 2440 2652 et
2493 2597 2687 2653 animo
2746 2598 2990 2654 volventi
3054 2607 3243 2656 nautae
3299 2602 3356 2656 in
3416 2617 3579 2656 men-

1937 2707 2053 2758 tem
2087 2704 2347 2772 veniunt,
2380 2719 2625 2776 quorum
2677 2707 2972 2779 navigium
3028 2707 3317 2764 imbribus
3347 2724 3588 2780 oppres-

1940 2826 2067 2866 sum
2101 2828 2131 2863 a
2161 2826 2390 2866 summo
2430 2811 2499 2865 ad
2534 2811 2652 2866 ima
2689 2829 3042 2869 concussum
3091 2831 3324 2870 omnem
3375 2815 3582 2872 salutis

1942 2933 2106 2988 spem
2140 2917 2409 2988 perdidit.
2445 2919 2508 2973 In
2541 2919 2648 2973 hac
2680 2920 2836 2975 enim
2884 2921 3289 2992 trepidatione,
3324 2939 3586 2978 summo-

1946 3040 2054 3094 que
2088 3040 2280 3079 rcrum
2312 3024 2644 3080 discrimine
2677 3026 2891 3081 mirum
2944 3043 3056 3082 non
3090 3032 3176 3083 est
3232 3028 3280 3083 si
3348 3029 3420 3085 de
3473 3030 3590 3084 vita

1949 3134 2276 3205 desperant,
2310 3150 2484 3206 quam
2515 3134 2802 3190 levissimo
2850 3142 3142 3191 momento
3190 3137 3454 3192 amittere
3485 3137 3583 3193 de-

191 3249 289 3284 των
333 3231 406 3294 ὡς
476 3228 870 3286 καταδύσεσθαι
933 3231 1048 3303 μετ’
1098 3230 1308 3306 ὀλίγον,
1347 3231 1449 3285 οὐκ
1504 3229 1676 3306 ἔχωσι
1738 3233 1830 3304 μὲν

1945 3241 2076 3296 bere
2125 3241 2410 3297 videntur.
2443 3241 2594 3307 Quid
2649 3243 2804 3298 enim
2862 3243 3007 3315 ipsis
3063 3244 3380 3316 superest?
3437 3246 3585 3318 quod

195 3318 336 3374 οῦδὲν
370 3320 702 3396 ἀντιπράξαι
733 3320 868 3396 πρὸς
900 3320 1002 3388 τὴν
1030 3317 1264 3389 τοσήνδε
1309 3321 1477 3397 φορὰν
1522 3326 1620 3375 τοῦ
1663 3321 1842 3394 κύμα-

195 3428 277 3470 τος
315 3410 451 3486 ύπὶρ
509 3415 757 3486 κορυφῆς
817 3408 1136 3484 αἰρομένου,
1168 3411 1264 3470 τάς
1307 3407 1363 3464 δὲ
1393 3409 1624 3485 ἐσχάτας
1659 3409 1843 3481 ἀπηλ-

191 3497 402 3559 πικότες
455 3498 540 3558 εἰς
589 3497 980 3572 ἀπορωτάτους
1022 3497 1314 3571 πίπτωσιν,
1346 3499 1421 3560 ὡς
1470 3499 1576 3552 ἀπὸ
1617 3497 1843 3572 λεπτοῦ,

193 3586 330 3664 φασὶ,
366 3586 537 3659 μίτου
593 3586 656 3640 τὸ
716 3590 813 3660 ζῇν
869 3587 1053 3649 αὐτοῖς
1109 3587 1439 3662 ἠρτημένον.
1472 3585 1528 3642 Τί
1574 3589 1675 3662 γὰρ
1715 3589 1844 3644 τού-

191 3697 290 3730 των
319 3678 383 3731 τᾶ
416 3675 665 3751 παρόντα
693 3674 934 3732 λείπεται
965 3693 980 3744 ;
1019 3675 1232 3748 μᾶλλον
1279 3676 1337 3732 δὲ
1375 3678 1464 3732 καὶ
1513 3681 1679 3734 ταῦτα
1723 3682 1842 3742 τοῖς

193 3768 449 3838 παροῦσιν
494 3765 744 3833 ἡττᾶται.

257 3854 378 3910 Ἐπὶ
441 3853 667 3915 τούτοις
721 3850 804 3908 δεῖ
863 3854 958 3926 μὲν
1017 3855 1154 3926 ἡμῖν
1211 3851 1478 3925 δήπουθεν
1532 3857 1622 3910 καὶ
1653 3854 1841 3912 ὅπλων

198 3942 276 3996 καὶ
304 3942 622 4018 παρρησίας
668 3943 753 3996 καὶ
798 3940 978 4022 λόχου
1023 3947 1246 4018 συχνοῦ,
1281 3944 1370 3999 καὶ
1420 3945 1702 4021 φάλαγγος
1749 3946 1842 4000 σὺν

195 4029 422 4106 σπουδῇ,
457 4030 554 4086 καὶ
584 4037 685 4101 τῆς
718 4036 822 4087 τῶν
856 4031 1192 4107 γιγνομὲνων
1237 4032 1507 4103 ἁπάντων,
1540 4035 1615 4095 ὡς
1646 4033 1842 4107 εἰπεῖν,

195 4122 529 4191 συντελείας,
560 4123 646 4182 οἷς
695 4122 986 4196 χρώμενος
1036 4121 1095 4176 ἂν
1142 4121 1169 4175 ὀ
1203 4123 1318 4175 νυνί
1369 4125 1676 4198 στρατηγὸς
1709 4127 1840 4198 (21),

194 4209 320 4286 ἀνὴρ
378 4213 442 4267 ’ὸν
509 4207 569 4264 ἂν
631 4207 762 4266 ἰδὼν
793 4213 1044 4286 Ὅμηρος
1098 4209 1200 4288 ἔφη
1260 4210 1463 4284 βουλάς
1509 4233 1567 4267 τε
1597 4211 1842 4288 ἐξάρχειν

192 4300 383 4375 ἀγαθάς
446 4299 698 4372 πόλεμόν
748 4319 806 4353 τε
854 4301 1134 4373 κορύσσειν
1187 4297 1404 4372 μάλισθ’
1435 4301 1685 4356 ἁπάντων
1747 4299 1841 4356 δύ-

192 4389 393 4457 νασθαι,
429 4387 577 4464 μέγα
632 4409 725 4460 μοι
774 4384 925 4442 δοκεῖ
972 4388 1063 4443 καὶ
1111 4389 1348 4443 νεανικὸν
1379 4390 1507 4450 τοὺς
1537 4387 1842 4464 πολεμίους

190 4476 470 4553 εἰργάσθαι
498 4498 510 4509 ·
545 4477 635 4531 καὶ
683 4477 712 4530 ’ὀ
761 4480 851 4530 νῦν
897 4477 1045 4549 ἡμᾶς
1089 4475 1269 4531 οὑτοιὶ
1318 4476 1427 4551 ούχ
1455 4479 1652 4547 ἥκιστα
1683 4477 1758 4551 δὲ,
1793 4479 1840 4534 εί

195 4565 264 4634 μή
297 4566 388 4620 καὶ
427 4562 675 4638 μᾶλλον,
708 4563 854 4619 ε’ίποι
888 4585 971 4626 τις
1004 4563 1088 4634 ἂν,
1119 4563 1232 4636 ὅσῳ
1261 4563 1350 4619 καὶ
1386 4566 1518 4638 μετᾶ
1566 4571 1673 4620 τῶν
1706 4565 1831 4622 δυσα

186 4655 509 4729 τυχούντων
560 4652 720 4724 ἐσμὲν
772 4653 861 4707 καὶ
913 4657 1158 4727 ψυχικῆς
1218 4652 1440 4724 ἐξῆπται
1499 4654 1565 4710 τὰ
1595 4656 1837 4729 παρόντα

187 4745 394 4816 κακίας,
428 4747 534 4808 τῆς
591 4749 690 4811 σῆς
745 4745 1010 4813 συνήθους
1071 4742 1412 4817 χειροτονίας
1443 4744 1580 4820 πρὸς
1614 4744 1839 4818 οὐρανὸν

186 4833 409 4888 καὶτῶν
471 4830 534 4886 ἐκ
579 4838 681 4900 τῆς
719 4829 888 4906 εὕχῆς
939 4828 1215 4905 ἐπῳδιῶν,
1250 4833 1324 4895 ὡς
1385 4830 1724 4906 διαλλάξοις,
1765 4836 1840 4898 ὡς

187 4919 503 4996 ἐπαρήξοις,
536 4921 612 4981 ὡς
657 4919 995 4991 ἆπαλλάξοις
1045 4921 1278 4992 ταυτησὶ
1331 4927 1430 4991 τῆς
1480 4921 1715 5000 ἂχλύος.
1757 4923 1842 4978 Δίς

186 5031 332 5073 καιος
367 5009 419 5066 δ’
451 5008 576 5080 ἐίης
619 5007 676 5063 εὖ
719 5014 893 5064 ποιεῖν
941 5007 1103 5064 πόλιν
1205 5008 1447 5084 μάλιστα
1487 5011 1724 5087 χαίρεις,
1752 5013 1842 5066 καὶ

188 5098 491 5167 ἢπολλᾶς
547 5099 640 5153 καὶ
702 5097 944 5176 μεγάλας
1002 5097 1419 5178 φιλανθρωπίας
1477 5103 1566 5155 καὶ
1624 5103 1842 5176 πράξεις

187 5189 317 5263 πρός
368 5210 432 5245 τε
479 5189 655 5256 αὐτὴν
696 5188 786 5242 καὶ
830 5188 956 5250 τοὺς
1003 5187 1391 5266 ἂστυγείτονας
1440 5191 1586 5266 παρὰ
1626 5194 1722 5245 σοῦ
1750 5211 1839 5267 γε-

187 5279 413 5350 νομένας
471 5272 678 5354 ἔχουσα
732 5275 929 5354 λέγειν,
965 5279 1048 5333 ὅτι
1107 5280 1184 5352 μὴ
1243 5283 1333 5334 νῦν
1368 5276 1487 5349 ε’ίης
1516 5280 1644 5354 παρ’
1672 5280 1836 5354 αὐτῇ,

188 5371 345 5423 τοῦτο
379 5365 432 5422 δ’
465 5368 538 5421 ὧν
571 5367 776 5443 πάσχει
809 5363 1108 5442 δεινότερον
1139 5365 1278 5444 ἄγει.

281 5553 377 5626 ιβ)
410 5549 631 5626 Xeraes
662 5548 902 5620 scilicet,
935 5554 1000 5606 ut
1032 5566 1230 5622 supra.

281 5553 377 5626 18)
410 5553 631 5607 Xerxes
662 5553 902 5620 scilicet,

251 5553 363 5696 (19)
393 5621 723 5695 Philippos,
753 5626 912 5692 puto.

1953 3347 2274 3419 periculum
2300 3366 2411 3406 non
2437 3361 2708 3420 perpetuo
2736 3349 2998 3407 imminet
3018 3352 3046 3406 Ἰ

2022 3877 2144 3933 Ηυο
2201 3878 2422 3934 accedit
2476 3881 2625 3950 quod
2679 3879 2861 3952 copiis
2920 3879 3064 3936 bene
3120 3878 3382 3947 armatis,
3441 3879 3586 3936 bene

1950 3985 2278 4040 exercitatis
2307 3986 2474 4042 nobis
2503 4002 2651 4056 cpus
2681 3991 2771 4042 est
2800 3987 2861 4041 in
2895 3985 3160 4056 presenti
3192 4002 3384 4042 rerum
3404 3991 3583 4058 statu,

1945 4107 2190 4160 quarum
2221 4092 2433 4147 auxilio
2463 4093 2696 4161 adjutus
2724 4093 2775 4148 is
2805 4094 2906 4164 qui
2939 4110 3093 4148 nunc
3123 4094 3398 4164 temporis
3435 4110 3592 4150 exer-

1946 4199 2083 4252 citui
2119 4207 2313 4254 nostro
2346 4204 2578 4271 praeest,
2609 4205 2668 4254 et
2695 4216 2868 4271 quem
2901 4203 3028 4271 ipse
3075 4202 3357 4258 Homerus
3403 4203 3591 4259 virum

1947 4305 2105 4372 pacis
2136 4304 2386 4376 bellique
2419 4307 2643 4362 artibus
2672 4307 3196 4363 instructissimum
3257 4308 3596 4379 pradicaret

1945 4399 2496 4485 adversariis'ipsis
2572 4413 2803 4468 virtutis
2881 4415 3212 4486 exemplum
3271 4415 3585 4471 exhiberet.

1945 4519 2134 4583 Quare
2164 4535 2270 4574 nos
2303 4536 2416 4574 non
2451 4519 2645 4576 minus
2703 4537 2770 4575 ac
2825 4522 3009 4577 caeteri
3067 4539 3289 4588 omnes,
3336 4538 3586 4593 quorum

1947 4625 2178 4679 animus
2211 4627 2574 4695 presentium
2632 4628 3032 4684 calamitatum
3082 4631 3338 4700 pondere
3385 4629 3590 4701 oppri-

1955 4732 2152 4794 mitur.
2172 4733 2444 4788 manibus
2494 4734 2877 4802 precabundis
2925 4736 2994 4790 ad
3054 4735 3261 4792 ccelum
3319 4735 3591 4804 sublatis,

1954 4845 2019 4895 ut
2049 4858 2152 4913 par
2181 4846 2288 4912 est,
2338 4841 2742 4914 supplicamus
2774 4849 2837 4898 ut
2871 4842 3026 4898 hisce
3048 4860 3156 4900 nos
3186 4843 3362 4900 malis
3394 4861 3591 4916 prom-

1954 4954 2047 5018 pte
2064 4963 2254 5019 eruas,
2286 4949 2516 5022 eripias,
2549 4949 2781 5017 liberes,
2807 4965 2872 5004 ac
2930 4949 3179 5020 denique
3227 4951 3432 5005 urbem
3464 4967 3591 5021 quae

1952 5055 2057 5109 tibi
2092 5055 2148 5109 in
2198 5056 2401 5125 primis
2457 5058 2613 5113 cordi
2645 5062 2734 5113 est
2781 5055 3074 5112 beneﬁciis
3131 5055 3427 5122 cumules;
3462 5062 3586 5112 tum

1951 5160 2107 5215 enim
2139 5176 2254 5216 una
2282 5177 2415 5217 cum
2445 5164 2713 5234 gentibus
2745 5162 3012 5218 ﬁnitimis
3042 5178 3142 5234 pro
3191 5162 3590 5219 benevolentia

1951 5270 2055 5322 tua
2085 5272 2138 5323 te
2169 5267 2508 5337 glorificabit
2547 5274 2623 5336 et,
2660 5269 2795 5325 licet
2836 5269 2956 5340 ipse
3004 5269 3215 5325 absens
3245 5267 3328 5325 eis
3386 5285 3591 5324 terum-

1955 5390 2063 5431 nas
2095 5374 2300 5432 fortius
2333 5375 2621 5432 tolerabit.
3266 5359 3268 5361 ’

2162 5554 2372 5632 gaulus
2403 5553 2701 5626 apostolus
2732 5556 3012 5629 Philippis
3033 5557 3140 5614 fuit
3175 5559 3352 5632 virgis
3382 5574 3587 5618 cassus.

2010 5625 2130 5698 (2t)
2154 5625 2556 5698 Ghandrenus,
2589 5632 2748 5699 puto.
