4154 6216
406 327 526 387 447

425 483 2013 515 _...__._________________

1693 343 2101 407 THEODULI
2146 345 2497 410 MONACHI

3692 343 3812 403 “8

1392 697 1514 746 ΤΟΥ
1552 696 1948 750 ΣΟΦΩΤΑΤΟΥ
1990 699 2108 753 ΚΔΙ
2149 701 2563 754 ΛΟΓΙΩΤΔΤΟΥ
2605 701 2816 754 ΚΥΡΟΥ

809 843 1870 986 ΘΕΟΔΟΥΛΟΥ
1969 859 2314 990 ΤΟΥ
2415 860 3420 992 ΜΑΓΙΣΤΡΟΥ

1909 1101 2312 1199 ΛΟΓΟΣ

1273 1300 1695 1428 ΠΕΡΙ
1801 1299 2732 1431 ΒΑΣΙΛΕΙΑΣ
2796 1294 2940 1430 (ί).

1533 1641 1967 1688 SAPIEHTISSIMI
2012 1645 2088 1689 ET
2132 1645 2532 1691 ERUDITISBIMI
2577 1645 2702 1691 VIR!

1053 1801 2085 1969 THEODULI
2197 1803 3179 1970 MAGISTRI

1967 2051 2262 2112 ORATIO
2604 2089 2610 2093 -

1314 2227 1528 2349 DE
1619 2225 2111 2350 REGIS
2207 2227 2897 2350 OFFICIIS

1583 2442 1662 2485 AD
1706 2441 2100 2488 ANDRONICUI
2145 2443 2189 2489 II
2232 2441 2640 2492 PALEOLOGUH

1550 2585 1671 2649 (Mai
1703 2583 1898 2648 Saript.
1931 2586 2033 2633 vel.
2067 2587 2196 2634 tom.
2239 2580 2374 2646 Vill,
2410 2585 2555 2646 parte
2585 2585 2686 2646 ιιι.)

486 2878 528 2931 Ι.
560 2874 756 2930 Talem
789 2880 844 2930 te
870 2873 1094 2946 judico,
1129 2872 1350 2946 optime
1381 2872 1698 2944 imperator
1724 2874 1883 2942 (nam
1919 2869 2064 2926 satis
2094 2872 2120 2938 Α

2253 2889 2304 2924 α.
2339 2867 2463 2925 Οὕτ⁹
2500 2867 2663 2932 αύτός
2721 2889 2816 2941 μοι
2872 2867 3071 2940 δοκεῖς,
3130 2873 3394 2945 κράτιστε
3453 2873 3697 2948 βασιλεῦ,
3758 2875 3838 2937 ὥς

419 2989 474 3038 te
504 2982 798 3054 cognitum
833 2979 1017 3038 habeo
1049 2984 1115 3036 ut
1170 2979 1321 3036 hanc
1389 2978 1673 3035 rationem
1721 2977 1939 3049 ineam)
1970 2976 2070 3048 qui

2185 2977 2248 3030 γε
2277 2956 2519 3054 itm-ceu
2551 2956 2704 3054 μάλα
2726 2957 2904 3054 ,ξυνείς
2955 2957 3087 3031 μάλ’
3113 2954 3230 3036 ἔχω
3280 2959 3614 3036 λογίζεσθαι,
3647 2964 3832 3019 ὁτιοῦν

425 3095 477 3144 et
506 3087 613 3143 tibi
637 3093 694 3144 et
715 3088 964 3144 subditis
981 3086 1086 3142 tibi
1107 3085 1331 3144 civibus
1354 3084 1574 3157 optima
1595 3089 1651 3140 et
1672 3083 2070 3156 pulcherrima

417 3219 665 3275 quaeque
698 3203 913 3274 precari
969 3207 1145 3274 atque
1188 3201 1376 3257 fovere
1417 3199 1613 3256 animo
1645 3198 1870 3254 statuis.
1904 3198 2067 3261 Quod

415 3311 652 3383 quidem
686 3312 838 3367 factu
892 3325 1006 3366 non
1064 3325 1305 3380 prorsus
1360 3306 1598 3363 difﬁcile
1653 3309 1762 3361 est.
1792 3305 1900 3360 Sed
1933 3319 2063 3360 cum

412 3434 510 3474 rex
541 3426 662 3473 tum
696 3418 930 3474 demum
968 3431 1170 3488 reapse
1190 3430 1432 3487 regnare
1449 3413 1778 3469 censendus
1803 3415 2062 3477 est,cum

407 3532 468 3585 et
507 3527 633 3601 ipse
663 3537 717 3583 et
749 3527 849 3600 qui
879 3527 990 3583 sub
1023 3542 1089 3582 eo
1121 3535 1259 3582 sunt
1289 3525 1464 3580 rebus
1522 3521 1792 3578 honestis
1825 3536 2060 3578 manum

411 3636 742 3702 admovent,
802 3638 956 3691 certe
1003 3649 1328 3707 peccarem,
1381 3630 1610 3687 silentio
1666 3629 2060 3699 praetereundo

409 3743 655 3800 virtutes
685 3747 839 3805 tuas,
871 3749 928 3799 et
947 3759 1077 3813 qua
1133 3757 1248 3797 non
1294 3744 1524 3796 tantum
1582 3737 1881 3809 hucusque
1913 3753 2060 3806 prte-

412 3849 566 3906 clare
599 3849 808 3916 fecisti,
848 3850 945 3906 sed
980 3854 1037 3905 et
1067 3866 1196 3921 qua:
1241 3848 1415 3904 facies
1446 3850 1668 3918 postea.
1713 3848 1888 3898 Porro
1920 3843 2056 3914 qui-

413 3957 524 4013 bus
557 3957 732 4013 rebus
764 3957 855 4013 fisi
887 3957 1078 4012 caeteri
1105 3956 1333 4012 laudem
1364 3955 1468 4011 tibi
1498 3954 1715 4026 iugiter
1763 3953 2054 4018 aetruunt,

411 4080 510 4120 eas
541 4081 648 4120 nos
680 4079 914 4136 quoque
943 4061 1378 4135 amplectendas
1411 4075 1736 4117 censemus.
1766 4057 1860 4114 Sic
1899 4056 2054 4112 enim

412 4169 484 4224 de
513 4170 583 4225 iis
612 4169 827 4241 quibus
851 4185 1017 4242 reges
1047 4173 1182 4225 ante
1235 4184 1438 4226 omnes
1494 4183 1642 4237 Opus
1697 4164 1914 4221 habent
1943 4165 2052 4220 dis-

409 4276 657 4332 serendo
691 4276 772 4332 nil
832 4276 962 4331 novi
1025 4276 1126 4330 tibi
1168 4275 1354 4330 facere
1382 4275 1639 4337 videbor,
1680 4273 1730 4326 si
1789 4273 1862 4327 ab
1920 4272 2053 4327 aliis
2083 4245 2130 4311 Β

401 4383 528 4454 jam
563 4382 745 4438 relata
774 4383 900 4453 ipse
929 4384 1118 4438 denuo
1149 4383 1352 4437 refero.
1390 4380 1536 4445 Quid
1593 4378 1800 4449 plura?
1830 4378 1890 4432 Si
1921 4395 2052 4449 per-

411 4504 649 4545 suasum
679 4488 975 4554 haberem,
1008 4487 1271 4544 laudibus
1303 4491 1360 4542 te
1391 4487 1535 4542 meis
1565 4485 1860 4540 meliorem
1887 4485 2051 4540 reddi

413 4612 605 4668 posse,
635 4596 872 4653 virtutes
912 4613 1018 4668 ego
1073 4603 1223 4652 certe
1279 4600 1412 4652 tuas
1470 4593 1707 4651 vocibus
1757 4593 1902 4649 meis
1949 4610 2055 4649 au-

412 4727 609 4783 gerem
642 4711 802 4767 utilis
832 4712 913 4767 sic
934 4711 1038 4768 tibi
1074 4714 1324 4767 futurus.
1373 4710 1481 4766 Sed
1544 4715 1608 4765 ut
1664 4723 1862 4764 verum
1893 4708 2053 4764 dica-

416 4834 550 4873 mus
584 4837 596 4873 :
631 4818 872 4874 laudum
897 4818 1165 4873 nimietas
1195 4823 1252 4872 et
1280 4815 1639 4872 abundantia
1659 4817 1802 4872 adeo
1825 4820 2050 4870 tantum

404 4929 528 4999 jam
560 4925 661 4982 tibi
713 4926 948 4982 taedium
999 4926 1216 4981 creavit
1264 4930 1329 4980 ut
1373 4941 1478 4980 nec
1526 4941 1603 4980 e
1653 4941 1781 4997 qua
1809 4940 1954 4980 vera:
1987 4941 2053 4979 ac

408 5042 674 5100 liberales
713 5048 855 5099 sunt
883 5041 1145 5099 animum
1181 5047 1346 5098 tuum
1380 5042 1586 5113 juvare
1617 5042 1861 5097 valeant.
1911 5041 2053 5106 Quia

408 5151 562 5206 enim
596 5157 651 5207 et
681 5165 774 5206 res
841 5149 1096 5220 pulchre
1151 5155 1209 5205 et
1266 5148 1429 5205 malae
1476 5150 1601 5204 sine
1657 5149 2052 5204 moderamine

409 5257 640 5330 prolatas
670 5263 830 5323 sunt,
861 5257 998 5312 boni
1029 5257 1173 5311 nihil
1231 5257 1492 5312 efﬁciunt
1548 5261 1649 5310 aut
1695 5269 1802 5310 nos
1856 5271 2052 5309 emen-

479 5421 558 5494 (a)
587 5419 849 5494 Siccod.,
879 5424 942 5476 ut
965 5420 1135 5494 infra.
1171 5438 1226 5494 ρ,
1260 5419 1383 5494 16].

481 5487 558 5563 (1)
592 5492 843 5563 Imitatio
873 5497 963 5548 est
994 5487 1282 5548 Isocratis.
1308 5491 1464 5547 Sicut
1486 5488 1757 5563 enimbic
1779 5487 1837 5542 in
1857 5487 2049 5563 priore

411 5558 684 5636 Nicoclea
701 5562 961 5636 oratione
981 5563 1052 5619 de
1072 5563 1225 5636 regis
1239 5577 1477 5618 munere
1493 5560 1708 5636 agit,_in
1734 5558 2051 5636 post—eriere

415 5636 488 5691 de
516 5635 714 5707 populi
772 5633 1028 5691 vicissim
1061 5630 1199 5708 srg'a
1227 5647 1420 5707 regem
1478 5630 1685 5690 ofﬁciis
1705 5630 1836 5702 {ita
1862 5630 2052 5688 Theo-

2179 3047 2304 3102 ποτ’
2326 3045 2467 3102 ἄλλο
2507 3045 2616 3102 τῶν
2665 3047 2902 3117 πάντων,
2934 3049 3020 3104 δτι
3072 3050 3149 3123 μή
3197 3050 3260 3104 τὸ
3309 3048 3580 3106 κάλλιστα
3605 3052 3694 3106 καὶ
3726 3050 3831 3106 λυ-

2180 3135 2527 3190 σιτελέστατα
2569 3134 2660 3190 καὶ
2712 3141 2894 3208 σαυτῷ
2935 3137 3025 3192 καὶ
3068 3143 3185 3199 τοῖς
3235 3140 3570 3214 ἀρχομένοις
3607 3147 3827 3214 κρατεῖν

2179 3224 2296 3285 οἷός
2343 3227 2395 3279 τ’
2429 3225 2583 3293 εἶναι,
2641 3225 2730 3280 καὶ
2775 3227 3092 3300 θαυμαστήν
3139 3248 3258 3282 τινα
3308 3225 3397 3282 διὰ
3446 3229 3662 3284 πάντων
3720 3231 3827 3299 τήν

2177 3312 2323 3385 παρὰ
2378 3314 2592 3368 πάντων
2669 3315 2921 3386 φέρεσθαι
3001 3318 3183 3392 ψῆφον
3242 3315 3296 3369 ἐν
3351 3314 3540 3394 εὐχαῖς
3597 3317 3659 3371 ἃν
3721 3309 3832 3373 πε-

2174 3403 2438 3471 ποιῆσθαι
2464 3421 2476 3433 ⁶
2509 3406 2670 3456 τοῦτο
2701 3399 2758 3458 δὲ
2800 3403 2891 3458 καὶ
2921 3402 3066 3458 πολὺ
3109 3403 3324 3478 μᾶλλον
3353 3406 3389 3474 ἢ
3421 3410 3530 3461 τῶν
3574 3406 3825 3463 ἁπάντων

2173 3492 2389 3546 πάντων
2443 3493 2522 3565 (α)
2584 3490 2708 3546 ἄνευ
2757 3490 2956 3546 τούτου
3014 3499 3270 3568 κρατεῖν·
3330 3491 3446 3550 ἐπεὶ
3487 3491 3546 3549 δὲ
3589 3493 3706 3550 τόθ’
3745 3498 3824 3560 ὡς

2171 3580 2394 3648 ἀληθῶς
2452 3576 2614 3659 ἄρχει
2668 3601 2776 3649 τις,
2836 3581 2963 3636 ὅταν
3023 3581 3185 3646 αὐτὸς
3245 3582 3336 3637 καὶ
3409 3585 3601 3646 πάντες
3676 3586 3823 3658 ὁμοῦ

2169 3677 2287 3734 τοῖς
2336 3670 2532 3733 καλοῖς
2581 3673 2724 3746 χεῖρ’
2774 3667 3087 3746 ἒπιόἀλλῃ’
3133 3670 3245 3747 ἐγώ
3294 3694 3352 3728 τε
3392 3672 3490 3728 οὐκ
3519 3673 3579 3728 ἂν
3634 3674 3820 3732 εἰκότα

2167 3761 2413 3831 ποιοίην,
2446 3760 2493 3814 εἲ
2522 3761 2667 3814 οὕτω
2692 3764 2742 3835 γ’
2768 3759 2994 3835 ἔχοντος
3045 3766 3141 3816 σοῦ
3189 3761 3280 3816 καὶ
3326 3764 3632 3840 πεφυκότος
3676 3766 3817 3838 πρὸς

2166 3850 2384 3924 ἀρετὴν,
2419 3847 2584 3904 ἔπειτ’
2639 3850 2800 3911 αὐτὸς
2856 3853 2889 3904 ἇί
2945 3872 3001 3906 σε
3047 3856 3154 3906 τῶν
3213 3852 3351 3907 πάνυ
3407 3873 3492 3907 τοι
3544 3852 3814 3924 ζηλωτῶν

2167 3940 2268 3994 οὐκ
2320 3941 2375 3994 ἓν
2421 3944 2499 4012 τῷ
2558 3941 2783 4015 παρόντι
2845 3941 3033 4014 μόνον,
3083 3941 3231 3998 ἀλλὰ
3293 3941 3389 3997 κᾶν
3446 3947 3564 4005 τοῖς
3621 3941 3811 3999 ἔπειτα

2167 4024 2347 4098 δείξει,
2404 4031 2571 4084 ταῦτα
2631 4030 2725 4102 μὲν
2785 4028 2959 4105 λέγειν
3014 4025 3158 4106 ἔχων
3208 4029 3468 4103 ἐάσωοέξ
3499 4032 3572 4086 ὧν
3605 4027 3663 4086 δὲ
3719 4053 3810 4087 σοι

2160 4117 2287 4178 τοὺς
2345 4115 2597 4178 ἐπαίνους
2655 4117 2971 4193 συνάγουσιν
3043 4115 3239 4194 ἓτέροι,
3297 4120 3514 4183 τούτοις
3587 4121 3807 4194 ἀξιώσω

2160 4208 2498 4280 κεχρῆσθαι·
2532 4207 2668 4280 πρὸς
2701 4208 2805 4284 γὰρ
2833 4209 2912 4279 τῷ
2955 4206 3122 4282 μηδὲν
3172 4213 3280 4263 τῶν
3331 4209 3671 4288 γιγνομένων
3713 4211 3806 4264 καὶ

2159 4297 2234 4349 ὧν
2290 4295 2510 4368 μάλιστ’
2555 4293 2784 4372 ἄρχουσι
2845 4295 2925 4352 δεῖ
2974 4294 3361 4371 ξύμϐουλεόειν
3406 4298 3644 4369 ἑλέσθαι,
3677 4297 3809 4355 οὐδὲ

2165 4383 2342 4439 καινόν
2392 4384 2474 4439 σοί
2524 4386 2573 4458 γ’
2615 4386 2765 4457 αύτῷ
2828 4388 3144 4460 τοπαράπαν
3206 4386 3348 4458 δόξω
3395 4394 3592 4458 ποιεῖν,
3635 4391 3808 4444 ταυτᾶ

2160 4477 2277 4534 τοῖς
2334 4470 2500 4528 ἄλλοι
2552 4472 2641 4527 καὶ
2691 4475 2813 4548 περὶ
2873 4481 2982 4530 τῶν
3037 4475 3214 4532 αὐτῶν
3273 4477 3402 4547 ὑπὲρ
3471 4481 3566 4531 σοῦ
3623 4473 3804 4532 διιών.

2163 4561 2358 4616 Καίτοι
2412 4561 2461 4615 τί
2523 4560 2786 4638 λέγω;εἰ
2839 4565 2932 4635 μὲν
2977 4566 3080 4638 γὰρ
3123 4564 3332 4639 ἀμείνω
3379 4587 3436 4620 σε
3482 4571 3599 4628 τοῖς
3645 4564 3806 4620 ἐπαί-

2161 4669 2275 4710 νοις
2334 4649 2696 4725 ἰργασόμενος
2742 4647 2916 4724 ᾔδειν,
2965 4654 3057 4708 καὶ
3113 4659 3227 4716 τοῖς
3281 4654 3474 4717 καλοῖς
3522 4657 3604 4717 οἷς
3652 4649 3808 4733 ἔχεις

2166 4738 2314 4810 μάλα
2351 4741 2700 4812 προσθήσων,
2751 4741 2849 4796 οὐκ
2895 4741 2955 4797 ἄν
2999 4743 3119 4797 ποτ’
3149 4741 3206 4797 εὖ
3247 4742 3365 4798 ’ίσθι
3413 4744 3644 4814 ταυτησὶ
3699 4747 3806 4808 τῆς

2162 4827 2414 4906 εἰσφορᾶς
2470 4828 2834 4904 ἀπεσχόμην*
2873 4836 2968 4885 νῦν
3028 4829 3075 4886 δ’
3110 4829 3157 4886 εἳ
3217 4854 3312 4905 μυι
3387 4831 3549 4895 δίδως
3607 4832 3806 4902 εἰπεῖν,

2161 4916 2338 4977 οὕτως
2386 4916 2520 4990 ἄγαν
2581 4918 2736 4989 ὑμεῖς
2787 4918 2889 4973 ὑπὸ
2945 4925 3042 4974 τοῦ
3098 4919 3346 4991 πλήθους
3390 4920 3478 4975 καὶ
3540 4922 3808 4999 μεγέθους

2158 5011 2265 5059 τῶν
2321 5003 2556 5059 ἐπαίνων
2617 5003 2922 5083 διέφθαρθε,
2983 5008 3056 5071 ὡς
3113 5011 3203 5064 καὶ
3261 5014 3323 5065 τὸ
3380 5016 3483 5065 πᾶν
3556 5009 3802 5064 ἕντεῦθεν

2158 5093 2572 5168 κατωρθωκέναι
2604 5091 2889 5158 δοκοῦντες
2931 5097 3083 5171 ὑμῶν
3129 5099 3307 5153 αὐτῶν
3354 5099 3577 5172 ἀμελῶς
3614 5096 3802 5174 ῗσχειν

2157 5183 2247 5237 καὶ
2295 5182 2744 5257 ῥᾳστωνεύεσθας,
2783 5187 2921 5258 μήτε
2967 5190 3064 5242 τοῦ
3111 5186 3285 5242 καλοῦ
3345 5185 3548 5261 μηδένα
3600 5189 3803 5260 μηκὲθί

2157 5272 2473 5346 αἱρούμενοι
2535 5271 2697 5350 λόγον
2758 5278 3051 5347 ποιεῖσθαι,
3115 5278 3245 5351 μήθ’
3299 5277 3333 5332 ἃ
3386 5281 3494 5332 τῶν
3576 5275 3805 5354 φαύλων

2157 5417 2332 5474 dulus
2352 5418 2474 5494 sive
2501 5419 2982 5494 Th9mas_noster
3011 5425 3066 5478 in
3099 5425 3208 5479 hac
3240 5423 3426 5494 priore
3455 5423 3717 5479 oratione
3736 5424 3810 5478 de

2157 5505 2288 5571 rege
2318 5490 2534 5571 optimo
2575 5491 2828 5571 disserit,
2861 5493 2922 5550 in
2964 5490 3280 5566 posteriore
3337 5495 3408 5551 de
3452 5495 3670 5566 optimo
3706 5511 3808 5565 po-

2157 5559 2281 5633 puli
2313 5559 2464 5618 statu
2497 5577 2594 5618 seu
2628 5559 2856 5620 officiis.
