4154 6216
345 367 468 431 ω

1508 365 1800 429 ORATIO
1846 366 1946 430 DE
1993 367 2222 430 REGIS
2264 366 2623 430 OFFICIIS.
3185 400 3209 424 ο

3639 379 3758 442 450

351 504 606 580 πρόσεσθ’
654 502 804 575 ὑμῖν,
848 500 1056 556 τούτων
1109 501 1249 572 ὑμᾶς
1297 499 1496 560 αὐτοὺς
1545 500 1850 578 ἀφιστάναι,
1909 499 1998 553 καὶ

2117 501 2270 554 dant.
2302 500 2360 555 Si
2413 517 2542 557 vero
2590 518 2657 556 ea
2703 519 2830 574 quis
2869 505 3108 574 plurimi
3158 507 3350 564 facitis
3398 509 3531 580 ipsi,
3568 512 3759 581 perni-

357 592 669 667 μεθιστάναι
701 590 835 664 πρὸς
876 588 910 643 ἃ
940 586 1022 644 δεῖ
1054 609 1068 623 ο
1111 589 1156 644 εἰ
1207 585 1252 642 δ’
1285 586 1317 642 ἃ
1345 588 1469 662 περὶ
1518 587 1778 642 πλείστου
1826 593 1998 642 τοιεῖο

352 685 470 750 σθο,
515 682 670 735 ταῦθ’
729 680 854 752 ὑμῖν
915 677 991 741 εἷς
1054 672 1267 752 βλάϐην
1325 676 1665 740 καθίσταται.
1723 683 1842 742 πῶς
1903 678 2000 733 οὐκ

351 771 499 842 ἄξιον
549 771 756 843 ἒτέροις
813 770 1031 838 ἀνιὲναι,
1086 766 1157 822 δι’
1213 771 1279 838 ἧς
1340 767 1816 842 εὐδαιμονέστατοι
1873 769 2002 824 πάν-

351 881 457 915 των
491 859 648 931 ὑμεῖς
697 854 918 925 ἕσεσθες
969 862 1069 912 Ἠν
1097 856 1199 932 γάρ
1251 877 1369 923 σου,
1403 855 1473 910 δι’
1517 857 1592 911 ὧν
1633 858 1694 911 ἃν
1745 857 1854 935 ἐγὼ
1906 858 2001 927 μὲν

355 946 686 1019 ὑποθείμην,
747 946 808 1001 σὺ
861 943 917 1000 δὲ
963 948 1112 1001 ταῦτ’
1164 947 1399 1007 ἀκούσας
1455 945 1532 1007 εἷς
1592 944 1750 1021 ἔργον
1797 945 2001 1022 ἐξενεγ-

349 1042 465 1092 κεῖν
517 1035 829 1107 ἐθελήσαις,
869 1036 960 1090 τὸν
1009 1036 1194 1089 ἅπαντ’
1239 1033 1409 1089 αἰῶνα
1460 1037 1776 1109 θαυμαστήν
1827 1056 2002 1110 παρα-

351 1127 600 1181 σκευάσω
627 1122 872 1200 γενέσθαι
915 1124 1003 1178 καὶ
1053 1125 1151 1191 τήν
1204 1123 1384 1202 ἀρχήν
1419 1131 1536 1186 τοῖς
1586 1124 1824 1187 ἐπαίνοις
1874 1124 2005 1178 ἀθά-

351 1236 533 1282 νατον,
586 1214 889 1289 χαριοῦμαι
919 1233 1003 1266 σοι
1053 1211 1197 1268 πολὺ
1243 1211 1480 1286 μᾶλλον,
1511 1214 1546 1282 ἢ
1598 1213 1644 1268 εἰ
1693 1215 1867 1268 πάντα
1911 1214 2002 1268 τὸν

357 1305 461 1359 ὑπὸ
491 1310 598 1378 γῆν
631 1303 718 1357 καῖ
756 1303 887 1376 ὑπὲρ
917 1309 1021 1377 γῆν
1073 1303 1300 1376 χρυσὸν,
1335 1300 1487 1377 εἷ’περ
1517 1301 1631 1357 οἷόν
1663 1304 1710 1356 τ’
1760 1304 1848 1372 ἦν,
1883 1323 2002 1356 συνο

354 1392 599 1467 ειλοχὼς
661 1391 1022 1468 παρεσχόμην
1060 1412 1074 1425 ο
1134 1393 1402 1466 χρήματα
1461 1392 1555 1464 μὲν
1622 1392 1726 1466 γὰρ
1801 1391 2004 1447 ἄλλοτε

355 1481 548 1543 ἄλλως
605 1479 772 1554 ἴσχει,
831 1480 995 1554 ἀρετὴ
1047 1477 1103 1534 δὲ
1159 1479 1303 1534 οὕτω
1351 1480 1485 1534 κατὰ
1543 1480 1742 1542 παντὸς
1786 1478 2004 1536 ’ίσταται

354 1572 584 1648 χρόνου,
618 1569 747 1626 ὥστ’
795 1570 897 1625 οὐκ
925 1568 1064 1624 ἔστιν
1115 1570 1193 1626 ὅτ’
1225 1571 1405 1626 ούκὲτι
1454 1569 1618 1646 λόγος
1667 1570 1836 1642 αὐτῆς
1870 1591 1884 1605 ·
1936 1574 2002 1641 ἧς

356 1659 520 1735 ἔγωγ’
577 1658 634 1715 t5
692 1658 819 1714 οἶδα
890 1657 1221 1734 δημαγωγὸν
1281 1661 1357 1722 ὡς
1431 1660 1644 1734 τάχιστ’
1719 1660 2005 1738 ἀποφανῶ,

356 1750 552 1806 ὁποῖόν
579 1752 684 1805 τιν’
735 1749 867 1804 εἶναι
917 1745 1000 1802 δεῖ
1027 1748 1117 1802 τὸν
1167 1753 1471 1821 κρατοῦντα
1521 1746 1749 1818 διεξιών,
1781 1749 1870 1804 καί
1920 1770 2003 1804 σοι

357 1838 485 1902 δοὺς
541 1838 816 1918 ἀφορμὰς,
849 1835 920 1892 δι’
968 1837 1040 1891 ὧν
1082 1837 1246 1899 αὐτός
1293 1859 1352 1892 τε
1393 1835 1488 1913 ἔσῃ
1537 1835 1708 1900 καλὸς
1751 1839 2003 1913 κάγαθὸς,

354 1931 448 1985 καὶ
480 1931 599 1991 οἷος
652 1929 714 1983 οὐ
765 1931 863 1984 τοῦ
911 1930 1307 2001 προσρήματος
1359 1929 1544 2002 μόνον,
1571 1926 1715 1983 ἀλλὰ
1763 1928 1853 1983 καὶ
1899 1933 1996 1984 τοῦ

352 2019 718 2093 τετιμηκότος
768 2017 1071 2093 ἀξιόχρεως
1122 2017 1257 2072 εἶναι
1309 2021 1447 2072 Θεοῦ
1481 2038 1494 2051 ο
1542 2016 1671 2080 τούς
1713 2037 1771 2072 τε
1823 2017 1994 2095 ἀρχο-

359 2109 555 2182 μένους
585 2108 872 2170 τοιούτους
903 2105 969 2179 δή
1014 2129 1160 2170 τινας
1188 2105 1341 2177 ἕξεις,
1376 2109 1450 2170 ὡς
1501 2108 1584 2162 σοὶ
1630 2108 1723 2181 μὶν
1771 2107 1997 2168 τούτους

357 2195 448 2254 διὰ
505 2199 723 2252 πάντων
772 2194 1086 2272 ξυμϐαίνειν
1138 2198 1438 2272 πειρᾶσθαι,
1489 2196 1578 2251 καὶ
1638 2196 1774 2252 κατᾶ
1829 2193 1997 2258 πόδας

356 2289 434 2350 ὡς
467 2288 579 2342 οἷόν
629 2307 688 2343 τε
734 2291 964 2361 χωρεῖν,
991 2286 1210 2347 τούτοις
1269 2283 1315 2340 δ’
1369 2286 1433 2340 αὗ
1482 2287 1540 2340 σὲ
1587 2284 1758 2340 καλοῦ
1802 2287 2001 2347 παντὸς

358 2378 498 2432 εἶναι
529 2373 898 2452 παράδειγμα,
933 2377 1007 2438 ὡς
1057 2374 1118 2433 ἂν
1165 2374 1248 2445 ε’ίη
1279 2396 1337 2430 τε
1385 2379 1546 2448 σῶμα
1591 2373 1812 2430 πολλοῦ
1855 2396 2003 2438 τινος

357 2465 505 2536 ἄξιον
534 2465 595 2520 ἐκ
641 2465 886 2544 κεφαλῆς
926 2466 1001 2529 εἰς
1049 2463 1220 2527 πόδας
1271 2469 1446 2534 σῶζον
1496 2465 1558 2518 τὸ
1608 2463 1815 2525 κάλλος
1849 2484 1862 2499 ·
1914 2465 2002 2520 ὅτε

354 2555 540 2612 τοίνυν
618 2554 779 2616 αὐτὸς
841 2555 936 2627 μὲν
993 2552 1213 2630 ἄριστος
1271 2553 1528 2630 γεγονὼς,
1585 2552 2001 2629 παραπλησίους

361 2643 421 2701 δὲ
465 2643 598 2705 τοὺς
649 2641 878 2711 ἄλλους,
927 2643 1129 2704 πάντας
1177 2638 1345 2698 ἔπειτ’
1394 2640 1594 2718 ἐργάσῃ
1628 2661 1640 2675 ·
1689 2641 1896 2697 τούτων
1949 2641 2004 2697 δὲ

361 2733 542 2798 οὕτως
599 2731 917 2808 ἐσχηκότων
975 2733 1062 2788 σοὶ
1113 2733 1229 2787 κατ’
1285 2729 1451 2809 ἄμφω
1506 2735 1673 2786 ταῦτα
1729 2733 2004 2806 περιέσται

361 2825 749 2896 θαυμάζεσθαι,
799 2823 888 2876 καὶ
945 2824 1010 2892 ἧς
1057 2821 1217 2883 αὐτὸς
1259 2817 1411 2896 ’ἑχεις
1458 2821 1856 2895 χρηστότητος,
1915 2823 2005 2876 καὶ

357 2916 430 2982 ἧς
485 2917 602 2973 τοῖς
654 2907 855 2974 ἄλλοις
901 2910 1246 2979 αἰτιώτατος,
1280 2911 1344 2979 εἴ,
1386 2914 1502 2973 πῶς
1553 2909 1650 2964 οὐκ
1699 2911 1894 2985 ἀρετῆς
1927 2911 2009 2967 ἐν-

357 3001 546 3057 τεῦθεν
608 2999 966 3070 ἀντιληπτέον
1026 2993 1135 3054 ἔστ’
1200 2999 1250 3071 ἐξ
1323 2998 1586 3074 ἀνάγκης,
1646 2995 1691 3052 έί
1745 3019 1830 3054 σοι
1908 3005 2005 3056 105

360 3089 728 3162 θαυμάζεσθαι
757 3089 959 3163 τρόπον
992 3088 1051 3143 ’ὸν
1081 3082 1215 3165 ἔφην
1257 3086 1450 3160 μὲλει;
1505 3086 1659 3160 μέλει
1692 3086 1749 3143 δὲ
1797 3087 1853 3143 e5
1885 3087 2008 3144 οἶδα

361 3181 560 3240 παντὸς
612 3177 846 3252 μᾶλλον,
880 3176 1030 3253 ε’ίπερ
1076 3182 1175 3232 τοῦ
1216 3175 1484 3233 κάλλιστα
1524 3177 1614 3232 καὶ
1663 3179 1737 3240 ὡς
1787 3176 2009 3250 ἀληθῶς

362 3268 558 3346 ἄρχειν
595 3267 833 3341 μάλιστα
867 3265 1044 3340 μὲλει.

437 3359 508 3432 β’.
561 3361 786 3429 Πρῶτον
831 3356 924 3428 μὲν
981 3355 1074 3410 οὖν
1137 3355 1388 3410 ἁπάντων
1447 3354 1620 3411 ἐκεῖνο
1679 3353 2009 3412 διανοεῖσθαί

367 3469 422 3502 σε
455 3447 592 3522 χρὴ,
624 3444 708 3500 ὅτι
759 3444 804 3500 εἰ
835 3444 922 3499 καὶ
973 3451 1072 3515 τῆς
1103 3452 1208 3521 γῆς
1255 3443 1456 3518 ἔλαχες
1501 3443 1690 3520 ἄρχειν
1718 3446 1807 3500 καὶ
1861 3447 2012 3521 μέγε-

365 3538 463 3598 θος
511 3536 852 3611 πραγμάτων
900 3538 1236 3609 περικεῖσθαι
1295 3535 1540 3605 τοσόνδε,
1591 3535 1717 3593 ἀλλ’
1775 3535 1878 3608 ἄρα
1919 3536 2010 3589 καὶ

367 3625 567 3700 μοίρας
598 3627 803 3695 θνητῆς
829 3622 1026 3700 ’ἔλαχες
1059 3627 1213 3697 εἶναι,
1240 3627 1331 3682 καὶ
1375 3625 1472 3683 τοῦ
1502 3627 1618 3681 καθ’
1650 3629 1797 3699 ἡμᾶς
1849 3623 2014 3700 πράγ-

366 3735 540 3787 ματος
575 3733 588 3746 ·
623 3714 698 3775 ὡς
750 3716 826 3787 μή
862 3718 1047 3787 μεῖζον
1096 3719 1194 3770 105
1225 3715 1361 3770 εἶναι
1413 3720 1629 3794 φρονεῖν
1669 3711 1845 3793 ἔχειν,
1881 3711 2013 3787 μηδ’

371 3801 507 3875 ὑπὲρ
558 3802 626 3857 τὰ
680 3803 993 3876 ἐσκαμμένα
1047 3807 1147 3869 τῆς
1215 3805 1425 3880 φύσεως
1486 3805 1710 3876 βαίνειν.
1775 3804 1836 3857 Τί
1910 3804 2010 3878 γὰρ

371 3889 591 3964 μᾶλλον
636 3890 875 3965 ἀμείνων
926 3891 977 3944 εἴ
1033 3893 1232 3953 παντὸς
1285 3889 1508 3947 ἰδιώτου
1557 3890 1735 3947 διὰτὸ
1794 3898 2010 3970 σχῆμα,

371 3982 450 4054 μή
499 3982 591 4034 καὶ
644 3977 858 4051 μᾶλλον
905 3980 1151 4054 χρηστὸς
1183 3974 1298 4048 ὥν;
1347 3981 1475 4037 ἀλλ’
1525 3981 1746 4056 ἐπείπερ
1794 3981 1893 4036 οὐκ
1941 3977 2014 4034 ὢν

366 4067 658 4143 ἑγεγόνεις,
704 4068 793 4121 καί
840 4069 940 4137 τήν
1002 4067 1182 4145 ἀρχὴν
1236 4074 1336 4124 105
1391 4072 1582 4145 γὲνους
1637 4069 1711 4130 εἰς
1767 4073 1902 4143 χοῦν
1957 4089 2013 4124 τε

365 4158 460 4212 καὶ
508 4156 570 4210 τὸ
624 4153 790 4228 μηδὲν
841 4155 1142 4233 ἀναφέρων,
1176 4155 1282 4234 οὐχ
1331 4157 1479 4220 ὅπως
1529 4156 1581 4219 ἐς
1632 4159 1771 4213 ἅπαν
1822 4155 2015 4230 διαμε-

365 4250 497 4311 νεῖς,
529 4242 676 4299 ἀλλὰ
719 4246 789 4313 τὴ
841 4245 1010 4314 αὐτήν
1047 4250 1167 4306 τοῖς
1215 4245 1510 4320 προγόνοις
1557 4247 1647 4300 καὶ
1695 4245 1852 4308 αὐτὸς
1892 4244 2016 4318 ἐξα-

365 4334 566 4400 νύσεις,
598 4335 882 4406 πειρᾶσθαι
912 4333 1075 4391 παντὶ
1121 4335 1299 4406 θυμῷ,
1329 4339 1489 4390 τοῦτο
1524 4335 1618 4408 μὶν
1673 4335 2017 4410 μετριώτατα

367 4427 586 4478 πάντων
637 4424 961 4498 κεχρῆσθαι,
993 4422 1082 4478 καὶ
1128 4423 1265 4478 κατᾶ
1314 4425 1526 4496 σαυτὸν,
1571 4423 1697 4480 ἀλλ’
1730 4424 1833 4499 οὐχ
1881 4424 2014 4498 ὑπὲρ

373 4512 591 4575 σαυτὸν,
623 4517 740 4574 τοῖς
773 4509 1082 4586 πράγμασιν
1135 4509 1376 4586 ὁμιλεῖν,
1407 4517 1569 4568 τοῦτο
1596 4511 1654 4567 δὲ
1682 4515 1784 4582 τήν
1833 4514 2014 4588 ἀρχὴν

2107 608 2265 664 ciosa
2320 615 2461 665 sunt
2517 610 2698 678 vobis,
2731 628 2841 682 quo
2897 618 3063 683 pacto
3117 615 3157 669 ii
3214 619 3529 686 spernendi
3587 623 3760 674 erunt

2109 714 2321 786 quibus
2351 732 2644 771 summum
2679 722 2932 772 vestrum
2967 720 3180 775 bonum
3227 721 3395 776 unice
3433 723 3590 778 cordi
3624 724 3758 779 est?

2109 821 2259 890 quod
2291 823 2339 877 si
2380 839 2445 877 ea
2498 840 2621 893 qua;
2675 823 2778 876 tibi
2825 825 3085 879 dederim
3145 825 3386 881 consilia
3442 828 3756 882 observans

2110 937 2162 982 et
2192 929 2476 984 dictorum
2514 946 2773 985 meorum
2817 931 3060 987 audiens
3105 931 3276 1002 fores,
3311 949 3552 1005 regnum
3588 940 3756 990 tuum

2112 1050 2213 1106 per
2241 1052 2413 1090 omne
2443 1041 2676 1108 tempus
2707 1036 2980 1093 laudibus
3011 1038 3085 1094 ad
3125 1039 3335 1094 cmlum
3371 1055 3557 1111 usque
3586 1041 3758 1097 etl'er-

2111 1158 2256 1206 rem,
2287 1148 2462 1212 atque
2492 1143 2567 1197 ita
2601 1144 2833 1214 majoris
2865 1144 2967 1200 tibi
3013 1143 3302 1201 felicitatis
3342 1150 3539 1201 auctor
3569 1161 3755 1203 essem

2112 1266 2288 1320 quam
2334 1250 2382 1304 si
2433 1250 2536 1304 tibi
2569 1251 2852 1322 quidquid
2903 1252 3032 1306 auri
3074 1269 3246 1323 super
3275 1258 3332 1308 et
3362 1253 3514 1308 intra
3545 1262 3753 1310 terram

2113 1352 2311 1425 fulget,
2344 1354 2626 1415 offerrem,
2666 1356 2807 1411 Dum
2844 1357 2998 1412 enim
3049 1373 3186 1428 epes
3237 1358 3402 1413 ﬂuxae
3451 1367 3606 1428 sunt,
3640 1361 3756 1415 vir-

2112 1467 2210 1517 tus
2235 1463 2376 1518 adeo
2422 1464 2684 1518 omnium
2735 1469 3062 1534 temporum
3096 1470 3204 1534 est,
3239 1472 3301 1521 ut
3350 1483 3653 1539 nunquam
3686 1468 3757 1523 ab

2113 1567 2416 1624 hominum
2466 1569 2737 1625 societate
2767 1571 2968 1626 abesse
2999 1572 3204 1643 possit.
3237 1572 3575 1645 Quicunque
3601 1574 3757 1630 enim

2114 1675 2336 1731 caeteris
2387 1675 2675 1748 imperare
2729 1693 2793 1732 ac
2853 1677 3131 1748 populum
3206 1695 3404 1750 regere
3461 1680 3760 1751 presumit

2115 1783 2392 1838 virtutum
2451 1781 2622 1838 laude
2678 1783 3014 1839 cumulatus
3062 1800 3186 1840 esse
3241 1785 3510 1854 debebit;
3544 1787 3760 1859 quibus

2035 1875 2081 1940 Β
2113 1898 2172 1948 tu
2205 1892 2329 1963 ipse
2359 1895 2600 1946 ornatus
2631 1892 2782 1964 apud
2819 1892 3085 1948 homines
3115 1897 3170 1948 et
3200 1893 3392 1965 ipsum
3426 1893 3606 1950 Deum
3641 1894 3757 1950 ho-

2109 2017 2278 2056 nores
2337 1999 2717 2067 naneisceris,
2776 1999 3043 2055 subditos
3114 2005 3307 2057 autem
3381 2000 3624 2057 habebis
3699 2007 3756 2058 te

2109 2107 2318 2178 dignos
2359 2111 2417 2164 et
2445 2107 2546 2179 qui
2576 2107 2704 2162 vitae
2769 2112 2878 2162 tuae
2937 2107 3273 2164 institutum
3331 2107 3532 2164 sedula
3563 2109 3757 2164 imita-

2110 2215 2265 2271 tione
2313 2214 2586 2287 amplecti
2637 2219 2924 2287 satagent,
2959 2221 3016 2270 et
3061 2214 3342 2280 indolem,
3389 2229 3565 2286 quam
3614 2216 3673 2272 in
3707 2223 3760 2272 ts

2110 2324 2494 2389 admirantur,
2557 2322 2880 2378 imitatione
2951 2323 3388 2394 exprimendam
3455 2323 3565 2379 sibi
3625 2340 3756 2395 pro-

2113 2434 2348 2501 ponent.
2384 2429 2526 2484 Hinc
2573 2429 2671 2484 ﬂet
2722 2435 2785 2484 ut
2834 2429 3059 2486 duabus
3103 2445 3170 2485 ex
3212 2431 3408 2486 causis
3456 2435 3512 2486 te
3568 2431 3754 2485 admi-

2113 2543 2334 2605 rentur,
2368 2537 2440 2593 ob
2490 2543 2668 2598 tuam.
2697 2538 2960 2609 inquam,
3003 2537 3351 2611 probitatem
3399 2541 3457 2594 et
3503 2537 3756 2594 assecla-

2115 2662 2241 2701 rum
2293 2645 2504 2700 horum
2555 2645 2964 2715 integritatem.
3016 2645 3163 2710 Quid
3219 2645 3433 2700 mirum
3482 2645 3554 2713 si,
3588 2651 3642 2700 te
3673 2646 3762 2702 in-

2115 2755 2382 2824 stigante,
2414 2753 2647 2808 virtutis
2705 2754 2964 2808 studium
3025 2753 3287 2808 omnium
3347 2752 3558 2808 animis
3606 2754 3766 2823 inge-

2117 2862 2310 2917 ritur?
2342 2861 2452 2927 Tu,
2485 2868 2640 2918 certo
2677 2862 2818 2929 scio,
2852 2861 3157 2930 prreclaros
3205 2859 3336 2915 illos
3383 2859 3614 2916 virtutis
3645 2861 3763 2917 fru-
3841 2881 3845 2890 ι

2117 2976 2245 3027 ctus
2276 2975 2512 3041 gustare
2547 2970 2933 3038 maximopere
2964 2984 3128 3024 amas
3167 2973 3224 3023 et
3253 2967 3386 3022 boni
3424 2968 3574 3039 regis
3605 2965 3761 3023 laudi

2116 3076 2441 3149 anteponis.

2187 3358 2327 3414 2.1d
2358 3367 2488 3414 ante
2541 3356 2836 3413 omniain
2898 3359 3148 3411 mentem
3205 3355 3480 3411 inducere
3527 3354 3763 3411 debebis

2117 3449 2270 3519 quod
2304 3447 2352 3504 si
2387 3448 2546 3519 regni
2581 3446 2725 3502 vasti
2757 3451 2809 3500 et
2848 3443 3045 3517 pepuli
3077 3460 3204 3500 sors
3235 3444 3522 3516 permissa
3549 3452 3653 3510 est,
3674 3444 3766 3500 ni-

2117 3537 2435 3594 hilominus
2459 3538 2518 3592 in
2549 3535 2910 3603 mortalium,
2933 3535 3085 3590 sicut
3116 3549 3222 3588 nos
3243 3532 3378 3604 ipsi,
3401 3549 3462 3588 es
3496 3549 3760 3602 numero,

2117 3642 2295 3698 quare
2352 3626 2500 3681 altos
2557 3640 2785 3680 sumere
2844 3623 3082 3694 spiritus
3141 3627 3481 3694 naturaque
3549 3621 3760 3678 limites

2119 3717 2438 3787 transgredi
2470 3715 2576 3771 tibi
2624 3731 2739 3770 non
2789 3713 3005 3770 licebit.
3037 3712 3182 3776 Quid
3233 3713 3388 3767 enim
3437 3711 3670 3783 prodest
3709 3712 3760 3766 si

2116 3806 2476 3862 extrinsecus
2530 3804 2682 3858 inter
2738 3817 2941 3857 omnes
3009 3799 3264 3869 excellis,
3324 3798 3380 3855 ni
3439 3800 3762 3855 intrinscus

2119 3909 2350 3966 quoque
2379 3891 2612 3948 anteis?
2642 3891 2752 3946 fuit
2783 3905 2977 3944 revera
3006 3893 3241 3959 tempus
3290 3903 3402 3958 quo
3435 3904 3548 3943 non
3582 3886 3765 3943 exsti-

2117 3983 2262 4049 tisti,
2295 3991 2348 4037 et
2378 3981 2607 4054 generis
2638 3979 2723 4035 tui
2752 3979 2921 4034 initis
2965 3976 3170 4047 exigua
3212 3982 3388 4045 sunt;
3421 3981 3483 4032 tu
3531 3992 3765 4049 quoque

2121 4089 2234 4128 non
2265 4074 2320 4127 in
2347 4077 2626 4126 aeternum
2656 4067 2960 4134 manebis;
3009 4065 3116 4120 tibi
3165 4066 3388 4132 eadem,
3421 4081 3550 4136 qua:
3582 4067 3766 4136 majo-

2121 4162 2284 4217 ribus
2315 4159 2454 4229 tuis,
2479 4157 2744 4214 facienda
2773 4161 2828 4212 et
2860 4155 3236 4228 perpetienda
3279 4155 3562 4222 veniunt;
3595 4154 3700 4210 tibi
3733 4171 3768 4211 ι

2120 4250 2393 4320 superbia
2423 4247 2833 4305 abstinendum
2863 4249 2973 4313 est,
3005 4249 3061 4300 et
3090 4245 3138 4299 si
3175 4244 3348 4299 rebus
3399 4259 3501 4316 pro
3531 4243 3764 4314 ingenio

2121 4355 2187 4394 ac
2220 4338 2475 4393 moribus
2507 4335 2624 4392 tuis
2656 4333 2936 4390 inservire
2959 4331 3232 4401 volueris,
3265 4347 3455 4388 rerum
3501 4332 3764 4388 admini-

2120 4426 2386 4482 strationi
2443 4441 2673 4480 summa
2731 4439 2870 4480 cura
2926 4421 3257 4478 adhibenda
3307 4421 3414 4476 tibi
3461 4426 3550 4478 est
3603 4421 3762 4477 haud

2121 4520 2389 4571 contento
2434 4515 2590 4586 quod
2638 4529 2866 4583 regnas,
2899 4512 2998 4568 sed
3054 4510 3424 4566 innitendum
3479 4515 3543 4566 ut
3596 4511 3766 4566 bene-

369 4599 431 4656 εὖ
460 4621 518 4656 τε
563 4601 654 4656 καὶ
702 4601 776 4662 ὡς
807 4600 978 4678 ἐχρῆν
1024 4599 1247 4657 διοικεῖν
1281 4611 1296 4636 ⁶
1331 4603 1422 4658 καὶ
1473 4604 1607 4680 μέγα
1635 4603 1877 4677 νομίζειν
1919 4603 2019 4658 οὐκ

2124 4605 2246 4660 Non
2279 4603 2423 4660 satis
2453 4605 2562 4659 erit
2589 4601 2746 4674 quod
2798 4617 3058 4674 purpura
3089 4617 3154 4656 ac
3191 4605 3418 4673 sceptro
3447 4598 3660 4671 dignus
3689 4599 3771 4654 sis

372 4691 420 4745 si
483 4689 788 4765 βασιλεύεις
837 4691 1049 4757 ἁπλῶς,
1107 4690 1235 4747 ἀλλ’
1307 4691 1352 4746 εἰ
1409 4692 1592 4754 καλῶς
1661 4693 2012 4768 βασιλεύεις⁶

373 4777 490 4834 οὔδ’
537 4779 581 4833 εἰ
630 4782 731 4844 τῆς
776 4777 1101 4854 ἁλουργίδος
1151 4781 1385 4853 ἠξίωσαι
1432 4782 1522 4836 καὶ
1571 4786 1668 4837 105
1711 4783 2012 4856 σκήπτρου,

371 4868 501 4925 ἀλλ’
552 4869 600 4924 εἰ
655 4867 915 4931 κοινωνὸς
964 4865 1060 4943 iam
1118 4875 1226 4925 τῶν
1288 4870 1572 4946 Ὀλύμπου
1630 4873 1965 4948 πραγμάτων
1997 4892 2012 4907 ο

374 4958 494 5014 οὐδ’
545 4958 590 5013 εἷ
641 4959 952 5032 θαυμαστὰς
989 4955 1141 5033 ἔχεις
1186 4961 1532 5038 ἀνθρώπους,
1590 4961 1716 5018 ἀλλ’
1777 4962 1822 5016 εἰ
1883 4960 2017 5036 μετᾶ

371 5046 580 5104 τούτων
611 5045 703 5102 καὶ
749 5048 856 5120 πρὸ
896 5046 1103 5103 τούτων
1145 5048 1429 5122 ἐπαινέτην
1473 5047 1608 5122 ἕξεις
1655 5050 1782 5106 Θεόν
1819 5067 1832 5080 ·
1878 5051 2014 5124 πρὸς

373 5139 433 5192 ’ὀν
482 5137 557 5198 ὡς
605 5135 784 5191 κοινὸν
836 5137 1084 5192 ἁπάντων
1136 5133 1315 5206 δήπου
1365 5135 1643 5206 Δεσπότην
1703 5134 1792 5190 καὶ
1849 5133 2014 5206 κηδε-

377 5229 537 5301 μόνα,
592 5226 859 5295 τοσαύτην
919 5227 1010 5280 καί
1080 5224 1422 5297 τηλικαύτην
1500 5223 1740 5306 ὀφείλεις
1804 5221 2012 5279 εὔνοιαν

368 5317 574 5397 ἳσχειν,
606 5316 738 5387 ὅσην
771 5315 942 5386 ἀξιοῖς
980 5313 1107 5378 τοὺς
1139 5313 1348 5378 ἄλλους
1393 5313 1577 5390 τίσχειν
1620 5315 1756 5390 πρὸς
1787 5313 1843 5369 σέ
1876 5333 1888 5346 ·
1923 5315 2010 5369 καὶ

375 5407 551 5468 οὕτως
602 5403 939 5478 διακείμενος
989 5404 1124 5461 εἶναι
1171 5405 1246 5466 ὡς
1295 5402 1467 5479 μηδὲν
1514 5400 1616 5474 ἔξω
1668 5407 1776 5460 τῶν
1826 5403 2014 5476 ἐκείνῳ

377 5493 678 5550 δοκούντων
706 5494 836 5568 μήτ’
866 5491 956 5549 οὖν
989 5514 1123 5550 ποτε
1173 5492 1324 5570 δρᾷν,
1358 5496 1500 5566 μήτε
1549 5491 1831 5567 βουλεύειν
1864 5491 2012 5553 ὅλως

377 5583 666 5658 αἱρεῖσθαι,
699 5579 826 5638 ἀλλ’
857 5582 908 5638 ἐν
958 5584 1154 5639 ἅπασιν
1204 5583 1453 5660 ἡγεμόνα
1494 5587 1684 5638 τοῦτον
1715 5583 2010 5638 ποιεῖσθαι.

445 5672 516 5755 γ’.
557 5671 782 5730 Ἔπειτα
822 5672 946 5748 πρὶν
999 5672 1036 5744 ἢ
1073 5677 1182 5730 τῶν
1217 5672 1402 5730 ἄλλων
1452 5672 1782 5754 βασιλεύειν,
1829 5669 2012 5746 σαυτῷ

2125 4693 2380 4762 habitus,
2414 4694 2508 4748 sed
2538 4693 2584 4748 it
2611 4691 2905 4764 agendum
2947 4695 3012 4746 ut
3057 4689 3364 4762 Olympicis
3411 4687 3764 4756 honoribus;

2125 4801 2239 4840 non
2296 4791 2360 4840 ut
2408 4784 2562 4855 apud
2615 4788 2851 4838 cuteros
2900 4781 2958 4837 in
3009 4778 3396 4837 admiratione
3436 4778 3539 4843 sis,
3573 4778 3670 4834 sed
3704 4781 3768 4833 ut

2124 4875 2307 4930 Deum
2361 4875 2549 4945 ipsum
2581 4887 2811 4944 mquum
2880 4869 3101 4926 habeas
3143 4869 3427 4939 judioem,
3460 4867 3554 4922 cui
3587 4871 3648 4921 tu
3698 4871 3764 4921 ut

2126 4963 2524 5018 universorum
2557 4962 2792 5017 domino
2825 4976 2890 5016 ac
2939 4957 3285 5015 moderatori
3308 4955 3552 5012 eandem
3585 4955 3763 5010 debes

2124 5051 2527 5108 verecundiam
2561 5067 2734 5122 quam
2767 5050 2892 5121 ipse
2923 5066 2956 5104 a
2985 5047 3206 5103 ceteris
3237 5045 3534 5117 exposcis;
3566 5060 3631 5099 eo
3664 5045 3765 5098 de-

2126 5141 2302 5214 nique
2329 5142 2525 5196 animo
2556 5156 2686 5196 esse
2715 5137 2950 5194 debebis
2983 5143 3043 5192 ut
3073 5136 3218 5191 nihil
3249 5149 3449 5190 eorum
3481 5149 3608 5204 qua
3653 5134 3764 5189 Deo

2123 5230 2432 5302 displicent
2486 5229 2664 5284 facias
2703 5232 2803 5282 aut
2861 5225 3177 5293 mediteris,
3210 5225 3323 5279 imo
3378 5222 3438 5278 in
3492 5220 3764 5278 omnibus

2127 5320 2302 5376 unius
2335 5319 2432 5375 Dei
2458 5323 2602 5374 nutu
2635 5322 2808 5388 atque
2839 5314 3118 5387 auspiciis
3147 5313 3402 5370 incedas.

2191 5672 2244 5728 3.
2277 5671 2455 5745 Igitur
2481 5673 2794 5742 antequam
2842 5668 2902 5725 in
2957 5671 3191 5726 caeteros
3220 5663 3500 5723 dominari
3555 5680 3764 5739 presu-
