4154 6216
275 393 398 457 453

1451 388 1746 455 ORATIO
1788 395 1885 454 DE
1930 393 2158 458 REGIS
2201 391 2553 457 OFFICIIS.

3565 391 3681 459 454

280 531 460 598 σαυτῷ
503 546 563 580 τε
611 524 878 584 κάκείνοις
926 520 1105 587 α’ίτιος
1152 521 1430 598 γεγονέναι
1478 522 1568 576 καὶ
1613 530 1713 593 τῆς
1781 525 1923 579 ἀπα-

2054 529 2264 583 )ossint
2293 531 2420 599 post
2447 532 2531 582 tot
2557 531 2613 582 et
2650 532 2808 582 tanta
2843 527 2899 582 in
2947 543 3044 583 eos
3073 527 3356 584 beneﬁcia
3401 528 3683 584 honorifi-

281 621 390 670 σῶν
455 617 717 688 μεγίστης
769 615 1141 688 προσηγορίας
1217 613 1530 688 τυγχάνεις,
1625 613 1928 678 θεοείκελός

279 725 364 764 τις
393 704 479 756 καὶ
526 699 600 756 ὢν
648 701 737 756 καί
800 701 1105 775 βοώμετος.
1150 700 1251 757 Καὶ
1299 701 1350 755 τί
1407 707 1591 773 μεῖζον
1640 701 1696 756 ἂν
1731 702 1809 764 εἰς
1841 701 1925 757 εῦ-

279 789 566 864 δαιμονίαν
603 792 886 860 ζητήσαις,
1020 789 1147 844 Θεὸν
1200 786 1272 842 δι’
1313 786 1386 842 ὥν
1443 789 1590 844 οὕτω
1637 791 1932 870 φικανθρώ-

277 902 397 942 πως
421 879 608 958 ’ίσχεις
655 877 893 949 ἀκούειν,
934 879 1132 948 θνητὸς
1181 878 1482 954 «ecumbe;
1538 881 1628 933 καὶ
1678 886 1780 949 τῆς
1808 880 1929 934 καθ’

277 976 428 1045 ἡμᾶς
468 973 672 1033 σύσεως
723 971 984 1045 γεγονὼς,
1043 969 1158 1024 εἶτα
1215 968 1500 1042 περιουσίᾳ
1546 971 1930 1046 Χρηστότητος

279 1059 444 1132 δόξης
478 1062 742 1117 ἀθανάτου
773 1061 1141 1136 κληρονομῶν
1180 1078 1195 1126 ;

352 1152 408 1206 ε’.
470 1151 568 1205 Καὶ
638 1150 878 1223 μάλιστα
932 1145 979 1202 εἰ
1047 1168 1131 1201 σοι
1197 1152 1459 1204 τοσοῦτον
1509 1150 1929 1227 μεγαλοψυχίας

277 1241 576 1314 περίεστιν,
612 1239 688 1301 ὡς
721 1235 892 1311 μηδὲν
935 1234 1232 1312 μηδοτιοῦν
1275 1238 1420 1313 παρά
1463 1236 1691 1312 μηδενὸς
1751 1240 1930 1311 ἀξιοῦν

280 1331 607 1405 τοπαράπαν
664 1323 986 1401 λαμϐάνειν,
1048 1323 1189 1400 μηδὲ
1243 1325 1671 1403 δῳροφορεῖσθαι
1729 1326 1816 1384 διὰ
1871 1329 1932 1384 τὸ

281 1426 504 1497 σχῆμα,
564 1419 803 1492 καθάπερ
862 1417 914 1471 ot
971 1418 1230 1492 πρόσθεν,
1287 1417 1414 1472 ἀλλ’
1469 1418 1617 1481 ὅπως
1681 1416 1733 1473 δι
1805 1419 1934 1474 αὐτὸ

276 1509 444 1564 τοῦτο
490 1507 705 1582 μᾶλλον
754 1506 989 1568 ἅπαντας
1050 1508 1288 1568 εὐποιεῖς
1324 1527 1338 1540 ’
1373 1505 1530 1582 εἰπερ
1585 1513 1647 1563 τὸ
1690 1509 1782 1582 μὲν
1832 1511 1930 1582 βα-

277 1597 493 1653 σιλικόν
527 1617 586 1651 τε
641 1597 730 1652 καὶ
785 1594 1200 1670 μεγαλοπρεπὶς
1249 1596 1339 1650 καί
1387 1599 1486 1665 τῆς
1537 1595 1932 1670 ἐπαινουμένης

279 1688 357 1748 ὡς
416 1684 641 1756 ἀληθῶς
701 1683 939 1758 μάλιστα
990 1685 1182 1759 μοίρας
1243 1704 1256 1717 ⁸
1289 1683 1538 1758 ἀγεννοῦς
1571 1683 1626 1740 δὲ
1669 1686 1759 1740 καὶ
1799 1686 1934 1760 φαύ-

280 1775 386 1846 λης
419 1776 509 1830 ναὶ
559 1779 756 1849 μικρᾶς
806 1771 1044 1836 διανοίας
1084 1775 1174 1830 καὶ
1215 1776 1326 1829 οἷον
1376 1774 1769 1845 πλεονεκτικῆς
1817 1797 1934 1838 πως

280 1862 524 1938 ἰχούσης
551 1860 614 1917 τὸ
641 1860 876 1935 μηδενὸς
925 1857 1220 1935 λαμϐάνειν
1269 1863 1566 1938 χρῄζοντα.
1601 1867 1663 1922 Ὁ
1705 1865 1800 1938 μὲν
1831 1864 1933 1940 γὰρ

284 1954 357 2006 ὧν
394 1950 447 2006 ἐν
504 1951 667 2027 χρείᾳ
721 1951 1055 2020 καθίσταται,
1113 1955 1280 2007 ταῦτα
1339 1947 1657 2025 λαμϐάνων,
1712 1953 1935 2016 εἰκότως

285 2039 467 2112 δήπου
499 2035 768 2114 λαμϐάνει
802 2060 815 2074 ⁸
852 2041 878 2094 ὁ
925 2039 970 2095 δ’
1011 2041 1083 2095 ὧν
1141 2041 1385 2117 εὐπόρως
1437 2039 1577 2118 ἔχει,
1629 2047 1798 2098 ταῦτα
1856 2039 1937 2097 δε-

288 2132 532 2205 χόμενος
591 2129 691 2183 οὐκ
748 2129 806 2184 ἂν
869 2126 1135 2202 δυναίμην
1191 2130 1380 2201 εἰπεῖν,
1423 2132 1497 2193 ὡς
1555 2131 1654 2187 οὐκ
1708 2131 1937 2206 ἀκρασίᾳ

287 2221 521 2294 γνώμης
579 2217 665 2273 ἐπὶ
712 2222 880 2274 ταῦτα
918 2225 1186 2292 προῆκται
1222 2237 1234 2250 ·
1282 2217 1358 2275 ἔτι
1409 2220 1587 2275 τοίνυν
1621 2222 1713 2294 μὶν
1745 2219 1938 2285 ἁπλῶς

289 2309 526 2364 εὐποιεῖν
586 2310 835 2382 καθαρῶς
875 2305 1016 2362 ἐστιν
1077 2307 1334 2363 εὐποιεῖν·
1391 2310 1461 2364 Τὸ
1519 2307 1576 2364 δὲ
1621 2311 1754 2382 μετὰ
1835 2313 1936 2365 τοῦ

291 2396 725 2475 δωροφορεῖσθαι
787 2401 950 2452 τοῦτο
1006 2403 1181 2453 ποιεῖν
1242 2398 1340 2454 οὐκ
1414 2398 1650 2454 εὐποιεῖν
1719 2398 1932 2469 μᾶλλον

288 2487 430 2542 ἐστὶν
491 2489 526 2557 ἢ
579 2483 896 2541 ἀποδιδόναι
955 2507 969 2520 ·
1028 2488 1118 2541 καί
1179 2487 1395 2562 προσέτ’
1466 2488 1930 2564 εὐεργετούμενον,

283 2574 360 2630 ’ἶν’
395 2574 572 2636 οὕτως
631 2573 789 2644 εἴπω,
841 2576 934 2630 τὸν
985 2576 1365 2651 εὐεργετοῦντα
1419 2578 1808 2652 παρασκευάζει
1848 2599 1937 2633 νο-

291 2671 495 2738 μίζειν,
554 2664 584 2718 ὅ
644 2662 774 2738 μηδ’
823 2665 883 2718 ἂν
931 2665 1008 2727 εἷς
1057 2664 1259 2741 ἐνέγκοι
1307 2663 1506 2740 ῥᾳδίως
1559 2668 1635 2740 μὴ
1687 2669 1768 2722 δτι
1814 2689 1876 2742 γε
1906 2669 1934 2722 ὁ

290 2751 573 2829 βασιλεὺς,
620 2753 746 2809 ἀλλ’
793 2751 916 2808 οὐδὲ
960 2759 1066 2808 τῶν
1112 2754 1300 2810 ἄλλων
1332 2775 1395 2831 γε
1433 2757 1676 2810 ὃστισοῦν
1713 2776 1725 2788 ·
1760 2758 1936 2831 χωρὶς

287 2840 347 2897 δὲ
395 2843 604 2897 τούτων
656 2842 717 2898 τὸ
751 2843 844 2915 μὶν
903 2842 1139 2898 εὐποιεῖν
1189 2845 1358 2916 μόνου
1379 2844 1591 2906 πάντως
1625 2843 1734 2900 ἐστὶ
1777 2851 1934 2915 Θεοῦ,

289 2933 421 3006 παρ’
450 2931 512 2985 οὗ
563 2937 722 2985 πᾶσιν
779 2933 871 2986 τὸν
919 2933 1125 2987 ἅπαντα
1173 2933 1370 3010 χρόνον
1416 2937 1570 2989 πάντ’
1609 2932 1818 3009 ἐπιρρεῖ
1845 2934 1934 2989 τά-

288 3020 428 3094 γαθά
463 3023 566 3076 ’τὸ
623 3019 669 3075 δ’
717 3021 774 3075 εὖ
831 3028 1005 3077 ποιεῖν
1063 3045 1123 3078 τε
1174 3025 1263 3078 καὶ
1316 3027 1544 3102 πάσχειν
1601 3027 1884 3098 ἀνθρώπου
1916 3042 1930 3056 ⁸

289 3112 357 3166 τὸ
393 3112 487 3182 μὶν
517 3110 651 3166 κατά
706 3111 884 3185 φύσιν,
944 3113 1005 3166 τὸ
1071 3109 1130 3166 δὲ
1182 3115 1319 3168 κατὰ
1371 3115 1620 3188 μίμησιν.
1654 3118 1809 3177 Ὅςον
1843 3117 1934 3170 οῦν

294 3199 588 3275 ἀνθρώπου
656 3201 779 3262 Θιὸς
833 3201 1084 3276 ὑπερέχει
1138 3203 1206 3257 τά
1269 3224 1330 3278 γε
1402 3209 1645 3274 τοιαῦτα,
1703 3209 1934 3260 τοσοῦτο

293 3290 514 3344 πάντων
565 3289 982 3364 αὐτοκρατόρων
1034 3292 1424 3366 βασιλευτατος
1456 3293 1517 3348 ἂν
1559 3293 1642 3364 εἰη
1693 3296 1720 3350 ὁ
1780 3297 1945 3368 μόνον
1975 3292 2018 3358 C
2059 3335 2073 3368 ς

296 3381 364 3434 τὸ
422 3379 482 3433 εὖ
539 3383 712 3432 ποιεῖν
764 3379 1043 3449 ἠσκηκὼς.
1095 3380 1270 3444 Οὗτος
1326 3382 1508 3437 τοίνυν
1560 3382 1719 3446 αυτὸς
1765 3389 1947 3460 γενοῦ,

295 3462 603 3540 λαμϐάνων
659 3469 755 3538 μὲν
807 3466 1114 3545 οὐδαμόφεν
1151 3467 1280 3543 μηδ’
1313 3469 1374 3525 ἃν
1425 3472 1626 3546 ἀνάγκη
1657 3493 1740 3535 τις
1771 3471 1828 3547 ᾖ,
1860 3471 1947 3528 o'i-

293 3559 455 3611 κοθεν
491 3554 547 3611 δὲ
595 3557 685 3610 καὶ
726 3557 870 3628 παρά
927 3563 1125 3613 σαυτοῦ
1174 3564 1304 3614 πᾶσι
1350 3561 1522 3616 πάντα
1599 3559 1802 3634 διδούς,
1859 3563 1948 3617 καὶ

293 3645 467 3700 πλέον
516 3645 590 3698 ὦν
650 3640 870 3708 ἕκαστος
918 3643 1136 3701 δεῖται·
1183 3648 1242 3703 ἃν
1300 3646 1356 3703 δὲ
1410 3650 1500 3704 καὶ
1557 3651 1716 3712 αὐτὸς
1771 3651 1950 3705 ὁτιοῦν

298 3735 452 3809 παρὰ
516 3739 624 3788 τῶν
677 3734 936 3803 ὑπηκόων
989 3735 1255 3811 ἐθελήσῃς
1299 3733 1618 3812 λαμϐάνειν,
1650 3739 1712 3793 σὺ
1772 3737 1949 3794 δὲκαὶ

297 3827 467 3878 τοῦτο
527 3824 660 3896 μετά
717 3822 938 3879 πολλοῦ
994 3830 1091 3880 τοῦ
1148 3828 1461 3900 κρείττονος
1506 3825 1658 3898 ἕξεις,
1709 3828 1819 3882 ἀνθ’
1875 3829 1946 3882 ὧν

300 3909 449 3965 οὕτω
489 3910 636 3989 σφίσι
697 3918 980 3987 παρέχεις,
1031 3913 1342 3978 εὐνοοῦντας
1400 3919 1644 3980 ἅπαντπς
1687 3916 1832 3992 ἔχων
1861 3921 1949 3973 καὶ

300 4000 372 4054 τά
402 4000 468 4054 σά
513 3999 746 4054 πνέοντα
790 4020 803 4032 ·
866 4001 896 4055 ὅ
956 3999 1206 4076 μέγιστον
1255 4005 1473 4058 πάντων
1518 4007 1608 4060 καὶ
1661 4004 1950 4062 λυσιτελέ-

300 4108 500 4142 στατον
545 4087 632 4142 καὶ
692 4088 778 4142 σοί
826 4088 914 4143 καὶ
972 4096 1088 4152 τοῖς
1141 4091 1243 4145 ὑπὸ
1292 4097 1474 4167 χεῖρά,
1505 4094 1595 4149 καί
1641 4093 1788 4158 ὅλως
1833 4102 1951 4158 τοῖς

299 4183 402 4246 τῆς
452 4176 632 4252 ἀρχῆς
682 4179 994 4253 πράγμασιν
1031 4199 1044 4211 ·
1096 4178 1243 4242 ὅπως
1303 4181 1418 4246 οὐν,
1468 4205 1512 4238 ω
1571 4183 1819 4259 βασιλεῦ,
1873 4188 1950 4260 μὴ

299 4269 399 4319 τοῦ
452 4265 507 4318 εὗ
559 4271 732 4320 ποιεῖν
787 4264 1140 4338 μηδεντινοῦν
1181 4267 1306 4343 ὅρον
1335 4273 1548 4347 ἡγήσῃ,
1579 4270 1708 4328 ἀλλ’
1738 4273 1819 4328 ἀεὶ
1861 4275 1951 4328 καὶ

301 4355 442 4429 πρὸς
497 4354 699 4416 πάντας
760 4356 849 4410 καὶ
909 4359 1044 4412 κατὰ
1104 4362 1274 4416 πάντα
1332 4358 1398 4430 δὴ
1448 4383 1567 4418 τινα
1603 4365 1831 4437 τρόπον,
1863 4365 1952 4420 καί

307 4444 442 4516 μετά
489 4441 710 4498 πολλοῦ
765 4449 862 4498 τοῦ
911 4453 1176 4520 περιεῖναι
1231 4450 1299 4505 τά
1371 4456 1596 4507 τοιαῦτα
1673 4453 1950 4528 περαίνῃς,

301 4534 390 4586 καί
453 4533 658 4610 χαίρῃς
711 4534 804 4606 μὲν
860 4533 917 4588 εὗ
960 4557 1132 4591 ποιων
1185 4543 1293 4593 τῶν

303 4624 466 4690 ἦττον
513 4638 531 4656 ο

1352 4539 1407 4594 εὖ
1463 4542 1788 4618 πασχόντων
1847 4543 1956 4619 οὐχ

595 4620 816 4694 μᾶλλον
866 4620 925 4678 δὲ
958 4627 1041 4687 οἷς
1091 4626 1324 4690 ἅπαντας
1372 4629 1427 4683 εὖ
1478 4637 1668 4700 ποιεῖς,
1702 4634 1865 4696 αὐτὸς
1897 4633 1954 4689 εὖ

304 4711 544 4787 πάσχειν
590 4709 843 4786 νομίζῃς,
893 4711 1072 4789 ἀλγῆς
1122 4713 1179 4770 δὲ
1224 4715 1392 4784 αὖθις,
1440 4721 1514 4792 μὴ
1560 4725 1729 4776 ταῦτα
1776 4728 1951 4778 ποιεῖν

306 4797 478 4876 ἔχων,
508 4799 688 4874 ὥσπερ
736 4801 796 4854 ’ἀν
844 4801 893 4856 ε’ί
943 4825 1026 4865 τις
1078 4805 1270 4879 βιαίως
1319 4811 1424 4861 τῶν
1457 4811 1768 4883 προσόντων
1810 4811 1961 4867 ἐκπί-

306 4909 479 4953 πτων,
513 4890 601 4943 καὶ
649 4891 747 4960 τήν
799 4889 1006 4965 ἡμέραν
1051 4891 1262 4965 ἐκείνην
1318 4894 1543 4969 ἰδιώτης
1593 4900 1653 4954 οὐ
1699 4900 1957 4976 βασιλεὺς

307 4978 698 5053 εἷναινομίζῃς
731 4995 746 5010 ⁸
797 4980 1044 5044 εἰκότως.
1095 4986 1191 5046 Οἷς
1242 4985 1345 5060 γὰρ
1388 4991 1494 5042 τῶν
1543 4987 1598 5042 εὖ
1648 4996 1824 5044 ποιεῖν
1864 4987 1958 5046 δυ-

305 5068 558 5140 ναμένων
609 5067 816 5142 ἐγένου,
865 5070 1070 5133 πάντας
1128 5074 1188 5127 εὐ
1239 5081 1416 5130 ποιεῖν
1465 5074 1673 5142 δίκαιος
1719 5079 1837 5133 ὤν’
1873 5081 1959 5142 οῖς

311 5158 407 5229 μὲν
441 5159 680 5221 ἅπαντας
711 5158 767 5212 εὖ
799 5166 993 5231 ποιεῖς,
1027 5165 1135 5216 τῶν
1187 5162 1243 5218 εὖ
1292 5172 1465 5221 ποιεῖν
1507 5165 1819 5242 δυναμένων
1865 5174 1958 5246 βε-

308 5239 490 5310 ϐαιοῖς
515 5247 588 5309 ὡς
618 5246 838 5319 ἀληθῶς
863 5251 1133 5326 γεγονέναι
1167 5271 1181 5286 ·
1223 5257 1304 5318 οἷς
1343 5253 1387 5310 δ’
1420 5257 1452 5312 ἃ
1508 5260 1615 5312 τῶν
1673 5257 1730 5314 εῦ
1778 5266 1954 5317 ποιεῖν

308 5333 622 5410 δυναμένων
656 5335 952 5416 ἔπειδήπερ
984 5339 1186 5418 ἐγένου,
1217 5351 1392 5400 ποιεῖν
1424 5345 1629 5410 δίκαιος
1679 5349 1750 5420 εἰ,
1806 5353 1956 5407 ταῦτ’

306 5427 368 5481 οὐ
400 5431 600 5491 ποιεῖς,
635 5424 751 5482 οὐδ’
800 5427 882 5483 ὅτι
931 5435 1037 5485 τῶν
1089 5433 1145 5487 εὐ
1190 5441 1367 5490 ποιεῖν
1410 5434 1716 5510 δυναμένων
1753 5438 1954 5515 ἐγένου,

308 5515 487 5605 λέγειν
540 5512 752 5605 δίκαιος
808 5519 874 5588 εἰ,
934 5518 1002 5574 δι’
1052 5523 1129 5576 ὧν
1181 5525 1437 5600 πράττεις
1503 5512 1954 5605 ἐξελεγχόμενος,

304 5603 395 5658 καὶ
439 5609 557 5665 τοῖς
607 5602 788 5680 ἔργοις
837 5607 1116 5684 αἰσχύνων
1167 5611 1200 5665 ἃ
1256 5602 1953 5691 προσειρῆσθαιὝνομίζεις.

309 5692 372 5749 Εἰ
417 5694 508 5749 οὗν
554 5695 636 5749 co’
670 5695 826 5770 μέλει
863 5702 962 5753 τοῦ
1017 5700 1153 5756 κατά
1199 5702 1256 5757 σὲ
1298 5706 1637 5780 γιγνομένου,
1687 5706 1774 5762 καὶ
1805 5707 1956 5774 ὅπως

2037 617 2376 672 centissima
2405 621 2462 671 te
2490 615 2871 686 appellatione
2923 616 3256 672 salutabant
3299 619 3409 673 Deo
3465 618 3576 689 ipsi
3627 623 3684 673 te

2037 705 2448 775 comparando.
2483 704 2629 768 Quid
2662 720 2802 758 sane
2835 705 3026 774 majus
3055 705 3125 759 ad
3160 705 3488 761 felicitatem
3523 723 3686 778 quaa-

2037 792 2204 848 sieris
2243 792 2356 847 nisi
2388 793 2566 847 Deum
2599 793 2767 862 cujus
2807 795 2993 863 gratia
3023 800 3136 848 tam
3192 795 3494 866 magnifice
3528 813 3683 852 nunc

2038 882 2228 948 audis,
2263 890 2318 934 tu
2353 883 2452 953 qui
2486 899 2518 936 a
2549 881 2833 952 principio
2883 883 3147 938 mortalis
3179 883 3330 938 sicut
3378 901 3505 950 nos,
3542 902 3682 952 prte-

2038 971 2190 1026 clare
2233 972 2402 1026 factis
2441 972 2511 1026 ad
2570 976 2799 1026 tantum
2857 971 3052 1043 gloriae
3113 974 3404 1046 fastigium
3455 979 3688 1030 evectus

2039 1060 2138 1115 es!

2109 1197 2163 1250 5.
2199 1199 2263 1249 Et
2293 1195 2402 1250 hoc
2433 1195 2670 1267 quidem
2706 1201 2830 1251 tum
2885 1196 3170 1268 pra-cipue
3220 1197 3450 1264 accidit,
3484 1197 3533 1252 si
3565 1203 3685 1253 tam

2043 1318 2254 1372 magno
2285 1306 2340 1356 et
2386 1317 2664 1372 generoso
2707 1318 2771 1357 es
2823 1302 3041 1372 animo,
3075 1309 3141 1358 ut
3189 1303 3332 1358 nihil
3385 1321 3622 1376 prorsus
3655 1322 3689 1361 a

2043 1423 2412 1479 quocumque
2460 1408 2596 1464 doni
2648 1411 2882 1464 nomine
2922 1410 3197 1482 accipias,
3247 1409 3398 1466 sicut
3447 1412 3688 1482 quidam

2043 1512 2164 1582 alii,
2198 1519 2260 1568 ut
2291 1530 2320 1568 e
2352 1515 2642 1571 contrario
2675 1516 2955 1571 beneficia
2988 1517 3045 1572 in
3079 1517 3224 1572 alios
3255 1521 3462 1589 sponte
3505 1519 3698 1574 confe-

2045 1637 2178 1688 ras;
2212 1621 2366 1693 quod
2399 1637 2542 1678 sane
2575 1623 2797 1693 regium
2830 1628 2886 1678 et
2917 1639 3261 1695 generosum
3313 1629 3370 1680 et
3400 1625 3546 1680 citra
3575 1641 3696 1680 om-

2046 1743 2180 1782 nem
2211 1726 2442 1783 laudem
2475 1733 2583 1790 est,
2617 1734 2678 1783 ut
2702 1733 2937 1785 econtra
2991 1730 3204 1786 indolis
3235 1737 3327 1787 est
3361 1731 3609 1787 sordidas
3639 1737 3696 1787 et

2047 1834 2229 1888 animi
2253 1835 2461 1903 abjecti
2495 1835 2724 1900 signum
2757 1837 3036 1909 accipere,
3068 1839 3204 1893 dum
3258 1854 3473 1910 egenus
3523 1838 3694 1910 plane

1971 1917 2015 1980 Β
2048 1957 2162 1995 non
2197 1942 2300 1996 sis.
2334 1940 2440 2004 Qui
2473 1943 2630 1997 enim
2665 1949 2968 2014 acceptum
3028 1945 3205 2001 refert
3265 1947 3321 2001 id
3377 1963 3488 2018 quo
3547 1963 3696 2018 opus

2046 2049 2222 2104 habet
2249 2055 2307 2105 et
2364 2067 2478 2123 quo
2525 2059 2672 2124 eget,
2708 2058 2859 2109 recte
2919 2055 3164 2126 accipit;
3225 2055 3326 2128 qui
3383 2061 3574 2112 autem
3605 2073 3696 2124 ea,

2045 2156 2258 2227 quibus
2280 2157 2530 2229 jamjam
2576 2161 2853 2228 abundat,
2881 2161 3110 2231 accipit,
3143 2161 3193 2216 is
3243 2167 3396 2218 certe
3443 2164 3694 2220 avaritias

2045 2263 2286 2318 sordidae
2334 2264 2508 2337 culpa
2556 2283 2670 2322 non
2718 2272 2901 2323 vacat.
2950 2269 3072 2324 Huc
3110 2270 3327 2324 accedit
3358 2273 3512 2342 quod
3565 2273 3693 2329 sine

2044 2372 2427 2428 ostentatione
2486 2373 2630 2430 bene
2687 2375 2871 2432 facere
2919 2393 3048 2432 vera
3103 2383 3188 2433 est
3224 2379 3608 2435 beneficentia
3635 2384 3694 2436 et

2045 2478 2222 2548 quod,
2245 2494 2378 2534 cum
2413 2495 2658 2536 munera
2687 2482 2793 2537 das
2824 2483 3071 2539 donator
3101 2485 3230 2555 plus
3279 2502 3454 2556 quam
3487 2502 3693 2542 remu-

2047 2588 2276 2639 neratur
2305 2585 2516 2642 videris
2547 2593 2603 2642 et
2647 2589 2799 2659 quod
2833 2589 2917 2645 sic
2951 2590 3281 2647 benefactor
3331 2608 3464 2647 cum
3496 2608 3560 2647 eo
3592 2591 3686 2648 cui

2044 2690 2190 2745 bene
2224 2690 2304 2759 fit,
2335 2693 2730 2762 confunditur,
2755 2710 2881 2767 quae
2912 2712 3002 2752 res
3033 2713 3147 2752 non
3180 2698 3300 2769 regi
3325 2703 3552 2754 tantum
3583 2699 3685 2756 sed

2044 2797 2368 2869 cuicunque
2427 2799 2523 2855 alii
2586 2801 2920 2858 mortalium
2982 2803 3223 2860 minime
3296 2809 3459 2877 grata
3517 2807 3685 2862 foret.

2045 2905 2190 2970 Quid
2225 2903 2436 2976 plura?
2481 2909 2580 2964 Dei
2617 2911 2787 2966 unius
2829 2917 2915 2967 est
2963 2913 3361 2970 benefaciendi
3411 2931 3624 2969 munus
3653 2928 3689 2972 a

2045 3025 2158 3081 quo
2215 3012 2500 3084 quidquid
2578 3017 2794 3073 bonum
2851 3023 2940 3073 est
3016 3035 3246 3092 semper
3303 3021 3696 3092 proﬂcicitur;

2050 3133 2294 3174 munera
2323 3126 2516 3176 autem
2550 3123 2683 3178 dare
2715 3129 2815 3179 aut
2845 3126 3045 3181 datum
3096 3128 3356 3200 accipere
3404 3129 3477 3184 ad
3509 3130 3702 3186 homi-

2050 3239 2177 3279 nem
2212 3232 2475 3297 spectat;
2505 3245 2688 3286 unum
2738 3234 3063 3288 secundum
3119 3245 3406 3304 naturam,
3447 3238 3698 3297 alterum

2050 3337 2219 3405 juxta
2250 3337 2626 3395 imitationem
2676 3345 2783 3397 est.
2831 3344 3120 3408 Quantum
3180 3350 3373 3402 autem
3426 3347 3485 3402 in
3541 3347 3702 3405 hisce

2059 3440 2206 3497 Deus
2239 3443 2458 3500 homini
2493 3449 2902 3518 supereminet,
2937 3455 3162 3506 tantum
3195 3469 3264 3508 ex
3311 3455 3584 3510 omnibus
3616 3455 3702 3511 vi-

2059 3549 2140 3604 ris
2172 3550 2529 3621 principibus
2561 3555 2608 3610 is
2639 3556 3086 3628 pracipuojure
3117 3575 3214 3614 rex
3247 3567 3583 3617 censeretur
3603 3560 3707 3634 qui

2061 3654 2204 3709 nihil
2234 3656 2345 3711 nisi
2375 3657 2521 3714 bene
2571 3660 2783 3716 fecerit.
2817 3661 2972 3718 Talis
3018 3663 3196 3736 igitur
3225 3670 3286 3720 tu
3337 3667 3462 3738 ipse
3510 3668 3638 3735 fias,
3671 3685 3706 3724 a

2061 3762 2290 3818 nemine
2311 3764 2632 3835 quidquam
2658 3768 2768 3822 nisi
2802 3769 3119 3826 necessitas
3139 3771 3311 3841 adsit,
3343 3774 3703 3845 accipiendo,

2059 3887 2273 3942 egenos
2305 3876 2497 3928 autem
2549 3881 2837 3946 quantum
2887 3879 3100 3948 poteris
3158 3880 3307 3936 ultro
3353 3882 3703 3952 adjuvando.

2061 3977 2167 4034 Ubi
2200 3995 2332 4035 vero
2363 3980 2436 4034 ab
2484 3981 2853 4040 inferioribus
2901 3985 3024 4057 ipse
3067 3987 3326 4059 accipere
3376 3990 3706 4061 praesumis,

2061 4103 2194 4141 cum
2227 4089 2533 4143 commodo
2566 4089 2619 4143 id
2658 4091 2756 4145 tuo
2790 4090 2936 4145 feres
2970 4091 3140 4147 talem
3174 4100 3226 4148 te
3255 4109 3391 4166 erga
3420 4111 3518 4151 eos
3550 4113 3707 4168 pras-

2062 4195 2249 4249 bendo
2283 4199 2346 4248 ut
2376 4195 2479 4250 tibi
2529 4196 2816 4268 rebusque
2855 4199 2973 4254 tuis
3027 4199 3249 4255 faveant
3287 4217 3355 4255 ac
3393 4205 3701 4270 studeant;

2059 4301 2139 4355 ita
2176 4301 2332 4356 enim
2365 4306 2419 4357 et
2452 4307 2509 4356 tu
2544 4302 2667 4374 ipse
2715 4312 2767 4359 et
2799 4320 2890 4361 res
2923 4306 3152 4376 publica
3190 4307 3491 4364 ﬂorebitis.
3525 4309 3708 4381 Igitur

2062 4424 2243 4474 orex,
2303 4409 2714 4467 benefaciendo
2770 4412 3086 4468 terminum
3145 4414 3440 4485 imponere
3501 4415 3704 4484 nolito,

2064 4518 2180 4572 imo
2210 4517 2269 4572 in
2299 4519 2602 4574 universos
2632 4520 2964 4576 omnimoda
3007 4522 3272 4578 conferas
3315 4523 3597 4579 beneficia
3637 4524 3709 4580 de

2065 4622 2254 4694 iisque
2284 4641 2396 4679 non
2431 4626 2624 4681 minus
2645 4642 2822 4698 quam
2846 4627 2882 4681 ii
2902 4628 2995 4698 qui
3028 4629 3138 4683 ista
3160 4635 3395 4699 accepta
3427 4632 3705 4701 referunt,

2067 4731 2322 4804 gaudeas
2352 4748 2418 4786 ac
2448 4733 2504 4786 in
2539 4739 2788 4790 mentem
2837 4735 3085 4791 inducas
3124 4745 3178 4792 te
3209 4741 3273 4792 ut
3319 4737 3591 4806 aliorum,
3624 4737 3709 4792 sic

2065 4839 2150 4894 tui
2181 4839 2368 4910 ipsius
2408 4841 2804 4897 benfactorum
2837 4857 2985 4898 esse.
3013 4844 3154 4898 Item
3173 4843 3418 4912 dolebis,
3445 4842 3544 4898 ubi
3569 4843 3713 4898 bene

2067 4951 2314 5007 faciendi
2338 4953 2502 5024 copia
2523 4953 2724 5020 deerit,
2741 4958 2797 5008 et
2819 4959 2873 5009 te
2896 4954 3200 5024 privatum,
3222 4971 3337 5010 non
3369 4969 3559 5026 regem
3593 4970 3712 5026 pu-

2067 5058 2216 5115 tabis
2247 5076 2392 5128 esse,
2425 5059 2598 5131 idque
2632 5066 2804 5116 recte.
2839 5065 2915 5116 Ex
2947 5078 3064 5133 quo
3104 5061 3261 5118 enim
3294 5061 3368 5116 iis
3391 5059 3713 5118 accenseris

2066 5166 2166 5238 qui
2197 5167 2342 5223 bene
2373 5167 2558 5224 facere
2591 5169 3000 5240 possunt,jure
3028 5168 3278 5239 quodam
3310 5172 3410 5224 tuo
3440 5167 3709 5224 omnibus

2067 5277 2212 5332 bene
2246 5277 2430 5332 facere
2461 5282 2622 5348 potes
2653 5282 2710 5334 et
2729 5277 2829 5346 jus
2861 5286 3029 5332 tuum
3061 5277 3121 5334 id
3153 5277 3395 5333 faciendi
3427 5293 3550 5334 vere
3582 5292 3711 5349 pro-

2065 5383 2189 5438 bas.
2221 5384 2382 5448 Quod
2432 5385 2480 5440 si
2539 5385 2707 5440 aliter
2763 5385 2924 5452 facis,
2959 5384 3357 5456 reprobaberis
3387 5394 3440 5442 et
3496 5387 3710 5468 de‘tuis

2065 5492 2188 5562 ipse
2221 5491 2388 5549 factis
2419 5492 2742 5548 erubescas.
2775 5491 2992 5558 Quodsi
3023 5491 3131 5548 tibi
3175 5493 3338 5548 cordi
3384 5496 3473 5548 est
3501 5498 3568 5550 ut
3599 5493 3708 5550 im-

2064 5604 2224 5674 perio
2250 5603 2464 5674 Optime
2513 5619 2576 5658 ac
2603 5601 2927 5674 justissima
2962 5603 3202 5659 functus
3243 5618 3372 5658 esse
3403 5605 3709 5675 reputeris.

2062 5711 2122 5767 id
2155 5727 2255 5783 per
2283 5726 2516 5770 omnem
2550 5713 2728 5768 vitam
2779 5726 2882 5784 age
2914 5714 2974 5768 ut
3029 5727 3144 5770 non
3205 5711 3374 5770 modo
3431 5727 3594 5785 spem
3636 5712 3708 5769 ab
