4154 6216
504 281 621 347 455

1777 283 2173 350 THEODULI
2220 281 2572 348 MONACHI

3837 82 4036 152 —"

3778 285 3904 347 456

499 419 700 492 egenis
729 421 800 476 de
833 429 884 474 le
914 423 1252 492 conceptam
1283 435 1540 492 superes,
1563 435 1697 476 cum
1739 419 1916 484 regali
1941 420 2115 474 libers

2257 419 2354 487 τήν
2385 417 2566 493 ἀρχὴν
2601 417 2677 480 ὡς
2705 413 2972 470 κάλλιστα
3001 415 3091 470 καὶ
3136 413 3452 470 δικαιότατα
3489 417 3702 471 πάντων
3735 413 3910 490 δοκῇς

495 527 660 583 litate
689 535 742 582 et
775 527 924 582 ultra
955 526 1361 584 necessitatem
1393 525 1584 582 dando
1608 525 1782 596 idque
1804 525 2142 596 priusquam

493 635 600 690 ab
629 641 682 690 le
713 639 912 706 petant
966 633 1273 688 auxilium.
1317 631 1410 688 Sic
1453 633 1610 690 enim
1667 632 1884 702 duplici
1931 632 2142 688 frueris

495 741 701 812 gloria,
731 757 862 796 cum
923 739 1221 811 largiendo
1279 755 1540 808 munera,
1573 743 1698 794 tum
1755 737 2000 809 benigne
2029 737 2140 794 hoc

491 849 774 914 faciendo,
811 847 964 902 unde
993 848 1080 902 tui
1112 847 1298 918 ipsius
1330 846 1506 900 simul
1542 847 1876 900 benefactor
1903 845 2134 900 evades.

490 961 635 1012 Dum
669 958 824 1012 enim
859 955 1044 1011 caeteri
1101 961 1226 1010 tuas
1256 953 1576 1024 respiciunt
1635 969 1864 1019 manus,
1895 959 1956 1008 tu
2015 953 2138 1023 ipse

483 1081 620 1124 vero
649 1065 882 1120 divinas
913 1067 1160 1134 spectas,
1197 1076 1335 1118 sane
1367 1065 1453 1116 est
1483 1061 1632 1130 quod
1667 1074 1864 1130 speres
1897 1065 1952 1115 te
1985 1076 2136 1131 qua-

482 1173 558 1228 lis
589 1171 815 1228 civibus
845 1171 966 1226 tuis
994 1185 1121 1226 esse
1149 1167 1389 1236 videris,
1423 1167 1598 1222 talem
1649 1167 1910 1222 numinis
1953 1165 2132 1222 divini

483 1281 668 1338 oculis
702 1281 882 1334 visum
915 1279 1008 1346 iri,
1041 1277 1210 1348 cujus
1241 1275 1618 1332 beneficentia
1664 1281 1720 1329 et
1769 1272 2044 1345 possides,
2077 1275 2134 1327 et

484 1405 614 1460 qua:
653 1387 919 1458 possides
950 1385 1182 1456 elargiri
1217 1388 1401 1455 potes.
1438 1382 1500 1436 ld
1551 1397 1719 1454 porro
1752 1396 1854 1452 pro
1883 1395 2015 1436 vero
2045 1383 2130 1433 te-

483 1500 614 1550 neto
646 1511 772 1565 quae
807 1493 974 1548 nobis
997 1493 1182 1546 donas
1215 1507 1327 1546 non
1353 1495 1474 1556 tua,
1499 1488 1615 1544 imo
1639 1493 1842 1544 nostra
1871 1487 2130 1558 ipsorum

482 1607 623 1659 sunt
653 1618 779 1674 quae
811 1605 872 1656 tu
905 1600 962 1654 in
997 1605 1258 1656 nostram
1310 1603 1366 1652 et
1415 1596 1742 1668 reipublicae
1793 1595 2128 1660 utilitatem,

478 1707 680 1764 eadem
707 1723 822 1778 qua
881 1705 1091 1775 regiam
1151 1707 1514 1776 potestatem,
1555 1703 1600 1757 si
1663 1719 1840 1774 parva
1897 1699 2126 1772 magnis

478 1830 822 1886 componere
853 1813 1006 1881 licet,
1039 1811 1438 1866 administras.

547 2159 602 2215 6.
635 2160 822 2230 Ilujue
853 2158 1045 2228 itaque
1077 2157 1270 2230 magni
1303 2155 1476 2212 ofﬁcii
1499 2156 1650 2226 quod
1676 2154 1782 2212 tibi
1813 2153 2122 2224 incumbit,

473 2283 606 2324 cum
637 2265 982 2337 gravissima
1009 2264 1270 2321 omnium
1331 2263 1679 2318 Moderatori
1723 2263 1828 2318 abs
1885 2268 1940 2318 te
1993 2263 2121 2318 red-

475 2375 666 2430 denda
695 2375 800 2430 erit
833 2375 1000 2444 ratio,
1035 2374 1091 2429 id
1123 2365 1178 2429 te
1209 2379 1344 2430 ante
1370 2373 1570 2430 omnia
1601 2371 1889 2427 monitum
1919 2369 2119 2438 velim,

473 2487 536 2538 ut
568 2499 682 2537 non
710 2481 898 2538 solum
928 2498 1066 2556 erga
1096 2495 1300 2537 omnes
1345 2481 1658 2536 maximam
1691 2479 2117 2534 humanitatem

471 2607 536 2646 ac
566 2590 624 2645 in
657 2589 848 2645 dando
896 2588 1225 2660 largitatem
1277 2586 1580 2652 adhibeas,
1619 2586 1718 2642 sed
1771 2587 1825 2641 id
1877 2602 2012 2658 agas
2059 2590 2121 2641 ut

469 2715 641 2754 nemo
673 2697 730 2752 in
783 2712 1154 2768 quacumque
1187 2712 1244 2751 re
1282 2711 1340 2751 se
1397 2695 1600 2750 lassum
1660 2695 1852 2750 dicere
1907 2695 2114 2765 possit.

465 2803 969 2872 Quemadmodum
1003 2803 1158 2858 enim
1195 2801 1328 2856 urbs
1359 2802 1484 2857 sine
1515 2801 1801 2856 mcenibus
1850 2805 1906 2855 et
1951 2799 2115 2856 vallis

463 2915 523 2968 in
555 2917 682 2968 tuto
713 2917 866 2968 stare
918 2911 1132 2981 nequit,
1164 2911 1250 2964 sic
1297 2925 1404 2965 nec
1452 2924 1696 2980 regnum
1749 2909 1934 2980 ipsum
1986 2909 2115 2964 sine

463 3022 712 3093 iustitia,
744 3023 844 3076 aut
874 3023 937 3074 ut
969 3035 1083 3073 uno
1116 3019 1288 3073 verbo
1319 3018 1530 3082 dicam,
1565 3017 1708 3073 urbs
1738 3019 1967 3089 quidem
1997 3033 2114 3074 non

463 3127 642 3185 stabit
661 3127 767 3184 etsi
809 3125 918 3182 loci
951 3129 1008 3180 et
1039 3124 1434 3180 habitantium
1467 3125 1830 3186 fortitudine.
1863 3141 2106 3198 regnum
2140 3145 2182 3212 ρ

463 3241 686 3303 autem,
717 3233 826 3290 etsi
860 3232 1094 3287 militari
1127 3231 1418 3302 praesidio,
1449 3232 1679 3299 castris,
1711 3233 1890 3288 armis
1933 3238 1991 3288 et
2019 3235 2108 3288 si-

463 3342 702 3398 milibus
735 3341 1080 3414 protegitur,
1115 3339 1230 3394 nisi
1251 3338 1485 3408 justitia
1514 3338 1688 3407 adsit,
1725 3356 1926 3411 parum
1961 3347 2108 3398 tecta

463 3459 730 3524 sartaque
785 3459 891 3518 est,
951 3457 1010 3504 ut
1067 3465 1199 3504 cum
1260 3449 1508 3520 Erupide
1578 3447 1823 3520 loquar;
1885 3450 2108 3520 iustitia

463 3563 696 3614 econtra
729 3565 1004 3628 regnante
1041 3555 1130 3610 vel
1179 3555 1304 3610 sine
1348 3553 1639 3609 mcenibus
1683 3559 1856 3627 atque
1901 3558 2104 3626 armis,

465 3681 555 3722 res
585 3663 967 3720 nihilominus
1024 3661 1194 3717 salvae
1250 3665 1445 3717 erunt.
1476 3664 1752 3728 Quaenam
1803 3663 1978 3734 igitur
2007 3669 2108 3720 tua

467 3777 718 3844 potestas
749 3771 794 3826 si
827 3770 1116 3825 militibus
1147 3769 1394 3840 stipatus
1425 3769 1568 3824 nihil
1606 3775 1808 3826 contra
1837 3769 1991 3842 leges
2019 3771 2105 3826 fa-

467 3882 572 3950 cis,
604 3885 661 3936 et
690 3879 747 3933 in
778 3878 1051 3934 omnibus
1083 3893 1208 3948 quae
1239 3877 1382 3932 dicis
1415 3877 1626 3932 facisve
1667 3879 1910 3948 justitiee
1949 3879 2108 3934 exhi-

465 3986 564 4041 bes
593 3982 924 4054 exemplum
955 3987 1011 4037 et
1040 3981 1350 4051 specimen.
1375 3981 1433 4036 Si
1465 3981 1621 4036 enim
1643 3986 1699 4037 te
1719 3981 1900 4053 geris,
1925 4000 1956 4038 ο
1988 4000 2105 4050 rex,

461 4099 724 4158 etomnia
745 4098 940 4171 legum
957 4097 1338 4152 moderamini
1355 4098 1908 4168 committis,procul
1931 4100 2108 4156 dubio

461 4218 560 4274 ﬁet
590 4225 650 4272 ut
682 4215 782 4288 qui
811 4215 914 4270 tibi
945 4214 1162 4270 subditi
1195 4220 1334 4270 sunt
1357 4213 1509 4270 idem
1544 4230 1666 4286 qua;
1718 4218 1784 4270 tu
1830 4215 2106 4286 sentiant,

457 4339 516 4390 et
553 4331 788 4404 quidem
847 4330 982 4386 boni
1042 4329 1115 4384 ab
1160 4329 1216 4384 id
1276 4330 1469 4401 ipsum
1529 4331 1679 4401 quod
1742 4330 1876 4386 boni
1935 4335 2103 4402 sunt;

457 4441 644 4508 malos
683 4445 902 4506 autem,
937 4446 996 4494 ut
1026 4437 1233 4494 ofﬁciis
1281 4437 1664 4506 satisfaciant,
1699 4443 1886 4494 metus
1935 4439 2108 4496 insti-

454 4557 630 4629 gabit.
665 4557 724 4612 id
755 4554 910 4612 enim
944 4553 1112 4627 plane
1143 4571 1486 4626 persuasum
1511 4553 1690 4612 habeo
1714 4557 1869 4626 quod
1895 4571 2100 4612 omnes

457 4677 717 4734 nolentea
747 4675 1004 4730 volentes
1035 4673 1138 4728 tibi
1169 4677 1331 4743 grato
1361 4689 1430 4730 ex
1485 4673 1682 4730 animo
1727 4673 1917 4729 ofﬁcia
1961 4689 2101 4745 pras-

451 4785 709 4851 stabunt,
742 4789 800 4839 et
829 4787 892 4838 tu
925 4783 1050 4854 ipse
1081 4780 1163 4838 ita
1193 4781 1413 4852 agendo
1445 4781 1564 4836 veri
1596 4779 1750 4853 regis
1784 4785 1976 4851 partes
2006 4795 2098 4837 ex-

452 4901 638 4974 plebis
670 4915 783 4957 non
816 4903 1043 4954 tantum
1087 4897 1350 4954 insontes
1377 4905 1430 4952 et
1459 4901 1688 4952 vexatos
1735 4897 1894 4953 omni
1945 4903 2096 4955 tem-

453 5033 590 5090 pore
618 5025 672 5074 et
702 5017 826 5072 loco
857 5013 1206 5084 adjuvaudo,
1240 5014 1340 5068 sed
1371 5015 1438 5084 et
1490 5029 1699 5068 manus
1749 5013 2095 5087 porrigenda

451 5135 532 5192 ita
561 5137 624 5190 ut
651 5131 866 5202 injuria
895 5129 1092 5201 procul
1126 5133 1418 5185 avertatur
1446 5128 1726 5199 quamdiu
1761 5133 1824 5185 tu
1857 5130 2094 5201 quidem

447 5249 908 5325 gubernaculum
943 5251 1128 5303 tenes.
1163 5243 1528 5317 Quicumque
1572 5245 1727 5301 enim
1772 5249 1858 5302 vel
1907 5263 1938 5302 e
1980 5265 2095 5304 nu-

449 5387 608 5426 mero
657 5367 760 5425 tibi
813 5364 1400 5422 familiarissimorum
1451 5363 1669 5418 crimen
1713 5364 2090 5432 commiserit,

451 5502 648 5558 poenas
681 5483 863 5552 dabit,
899 5497 1003 5538 nec
1034 5481 1340 5552 sanguinis
1372 5479 1765 5536 communitas
1796 5482 1846 5536 ei
1880 5481 2094 5552 prode-

449 5605 543 5662 rit.
578 5601 663 5658 ita
689 5601 786 5657 ﬂet
817 5603 882 5654 ut
913 5599 1132 5654 nemini
1156 5599 1372 5670 injuria
1398 5597 1679 5654 inferatur
1707 5601 1763 5654 et
1791 5601 1854 5654 ut
1873 5601 1934 5654 tu
1966 5599 2092 5672 ipse

2253 507 2566 580 ἀνῃρῆσθαι,
2609 507 2783 577 πειρῶ
2815 501 2903 558 διὰ
2931 503 3132 565 παντὸς
3168 501 3346 573 δήπου
3375 507 3474 558 τοῦ
3523 502 3649 578 βίου
3687 504 3753 558 οὐ
3809 506 3906 577 μό-

2249 616 2338 649 νον
2387 595 2479 656 τὰς
2525 599 2631 650 τῶν
2693 592 2752 648 εὖ
2799 594 2988 648 παθεῖν
3056 590 3332 665 δεομένων
3383 593 3688 666 ὑπεραίρειν
3739 593 3908 649 ἐλπί-

2250 682 2365 751 δας,
2423 689 2502 755 τῷ
2559 682 2772 758 μεγάλα
2827 679 3034 736 διδόναι
3089 682 3178 736 καὶ
3241 679 3542 756 βασιλικῶς
3603 681 3823 755 μᾶλλον
3867 683 3904 753 ἢ

2248 773 2475 849 χρῄζειν
2535 770 2695 827 ἔνεστ’
2749 771 2955 838 αὐτοῖς,
3007 769 3151 826 ἀλλὰ
3209 782 3300 825 και
3343 775 3424 843 τῷ
3483 771 3612 844 πρὶν
3657 770 3908 844 αἷτηθῆ-

2245 883 2356 933 ναι,
2420 861 2810 938 μεγαλοψυχίᾳ
2857 861 2994 932 πρὸς
3050 861 3250 922 πάντας
3294 861 3647 934 κεχρῆσθαι·
3709 863 3783 924 ὼς
3837 861 3900 916 ἂν

2247 950 2553 1026 εὐδοκιμεῖν
2587 954 2916 1027 ἑκατέρωθεν
2961 949 3120 1030 ἔχῃς,
3171 947 3232 1006 ἔκ
3275 971 3334 1006 τε
3381 953 3457 1006 ὧν
3489 951 3547 1006 εὗ
3605 959 3808 1021 ποιεῖς,
3843 953 3904 1009 ἔκ

2241 1062 2301 1096 τε
2342 1040 2414 1096 ὦν
2471 1039 2780 1118 φιλοτίμως
2829 1045 2994 1096 τοῦτο
3041 1045 3218 1102 ποιεῖς
3253 1059 3266 1072 ο
3317 1037 3433 1094 ἐπεὶ
3471 1041 3560 1095 καί
3612 1043 3810 1096 σαυτὸν
3841 1041 3902 1097 εὗ

2243 1135 2419 1185 ποιεῖν
2455 1130 2596 1185 ἐστιν
2627 1130 2890 1185 ἐντεῦθεν.
2925 1129 2986 1184 Ei
3033 1129 3134 1204 γὰρ
3173 1126 3241 1197 δὴ
3299 1129 3506 1192 πάντας
3541 1131 3635 1203 μὲν
3673 1129 3748 1192 εἷς
3797 1132 3899 1194 τὰς

2243 1220 2338 1280 σὰς
2370 1219 2646 1276 Βλέπουσι
2677 1224 2894 1294 χεῖρας,
2935 1217 2997 1272 σὺ
3029 1215 3077 1273 δ’
3125 1217 3286 1282 αὐτὸς
3333 1219 3410 1282 εἷς
3449 1221 3548 1282 τάς
3587 1224 3684 1274 τοῦ
3733 1226 3896 1292 Θεοῦ,

2243 1305 2478 1378 εὑδηλον
2509 1309 2584 1371 ὡς
2616 1309 2808 1370 ὁποῖος
2845 1307 2905 1362 ἄν
2944 1329 3028 1369 τις
3061 1307 3278 1369 τούτοις
3325 1311 3520 1385 φανῇς,
3551 1313 3806 1364 τοιοῦτον
3837 1309 3900 1364 ἄν

2241 1417 2324 1451 σοι
2381 1395 2660 1472 προσδόκα
2715 1398 3028 1473 γεγενῆσθαι
3087 1397 3355 1466 κάκεῖνον,
3408 1397 3537 1470 παρ’
3593 1397 3654 1451 οὗ
3713 1419 3804 1453 σοι
3835 1401 3898 1454 τό

2236 1505 2295 1538 τε
2337 1492 2575 1560 κρατεῖν,
2607 1487 2669 1542 τό
2707 1505 2766 1540 τε
2819 1481 2966 1560 ἔχειν
3005 1486 3072 1540 τὰ
3119 1488 3344 1539 τοιαῦτα
3389 1483 3598 1540 υιδόναι
3631 1504 3644 1517 ο
3695 1487 3901 1542 οὐκοῦν

2237 1569 2452 1647 ἀκριϐεῖ
2511 1573 2666 1652 λόγῳ
2725 1572 2840 1630 οὐδ’
2895 1573 2930 1627 ἃ
2987 1570 3152 1635 δίδως
3209 1576 3367 1645 ἡμῖν,
3403 1572 3552 1647 δῶρα
3603 1575 3669 1628 σά
3699 1571 3896 1646 δίδως,

2237 1659 2354 1732 οὐδ,
2414 1661 2628 1718 οἴκοθεν
2686 1663 2776 1718 καὶ
2826 1662 2970 1738 παρᾶ
3019 1665 3215 1716 σαυτοῦ
3279 1667 3566 1737 χορηγεῖς,
3617 1660 3768 1718 ἀλλὰ
3833 1667 3902 1718 τὰ

2159 1783 2206 1847 Β
2235 1751 2462 1826 ἡμέτερ’
2499 1752 2676 1806 αὐτῶν
2735 1753 2872 1826 ἡμῖν
2927 1748 3224 1847 ἀποδίδως,
3275 1749 3366 1805 καὶ
3412 1751 3488 1804 ὧν
3551 1748 3678 1824 ἓνεχ
3721 1753 3896 1824 ἡμῶν

2235 1840 2324 1894 καὶ
2356 1847 2454 1910 τῆς
2487 1847 2677 1911 κοινῆς
2727 1840 3001 1916 σωτηρίας
3029 1837 3380 1916 δημαγωγεῖς
3411 1841 3576 1904 αὐτὸς
3605 1862 3694 1896 και
3745 1862 3896 1916 προ-

2235 1931 2455 2000 στάτης,
2491 1931 2671 2004 ὥσπερ
2729 1929 2782 1986 ἐν
2845 1928 3069 2006 μεγάλῳ
3125 1928 3290 2003 δήμῳ
3346 1935 3426 2003 τῷ
3485 1931 3592 2005 βίῳ
3639 1933 3740 2000 τήν
3789 1939 3896 2002 τῆς

2235 2019 2570 2092 οἰκουμένης
2600 2017 2882 2074 πολιτείαν
2901 2019 3354 2092 πολιτευόμενος.

2303 2115 2366 2171 ς“.
2401 2108 2489 2170 Ὠς
2548 2106 2639 2163 οὗν
2685 2114 2786 2178 τῆς
2848 2107 3097 2186 μεγάλης
3145 2109 3236 2163 καὶ
3285 2109 3606 2180 θαυμαστῆς
3651 2109 3896 2180 ταυτησὶ

2231 2197 2605 2276 δημαγωγίας,
2640 2199 2684 2254 ὦ
2735 2200 2984 2275 βασιλεῦ,
3037 2199 3282 2275 μεγάλας
3331 2201 3425 2256 καὶ
3473 2201 3570 2264 τάς
3619 2205 3672 2277 γ’
3721 2203 3894 2258 εὐθύ-

2229 2309 2322 2350 νας
2381 2287 2606 2365 ὑφέξων,
2664 2289 2754 2344 καὶ
2813 2291 3030 2344 πάντων
3097 2289 3644 2364 εἷσπραχθησόμενος
3715 2290 3892 2366 λόγον

2227 2381 2306 2449 τῷ
2363 2378 2579 2432 πάντων
2628 2379 2908 2452 πρυτάνει,
2965 2378 3028 2433 σὺ
3087 2375 3132 2432 δ’
3191 2377 3336 2434 οὕτω
3371 2383 3491 2440 τοῖς
3538 2385 3778 2454 παροῦσι
3801 2401 3892 2436 κε-

2225 2469 2487 2541 χρῆσθαι,
2545 2468 2634 2522 καὶ
2699 2469 2772 2540 μή
2825 2468 2986 2540 μόνον
3059 2466 3484 2544 φιλανθρώπως,
3563 2469 3640 2532 ὡς
3721 2465 3890 2550 ἔφην,

2226 2557 2360 2630 πρὸς
2415 2557 2615 2619 πάντας
2673 2555 2845 2632 ἔχειν,
2878 2558 2967 2612 καί
3033 2557 3172 2630 μετά
3228 2556 3445 2612 πολλοῦ
3475 2562 3569 2614 τοῦ
3599 2561 3888 2632 περιόντος

2225 2649 2322 2710 τὰς
2373 2647 2673 2725 εὐεργεσίας
2723 2651 3012 2717 ποιεῖσθαι,
3043 2647 3189 2705 ἀλλά
3235 2647 3326 2704 καὶ
3376 2649 3527 2713 ὅπως
3582 2647 3887 2724 μηδεισοῦν

2227 2735 2539 2809 ἀδικήσεται
2595 2743 2702 2793 τῶν
2763 2739 3035 2806 ἁπάντων,
3085 2739 3208 2813 περὶ
3267 2738 3525 2794 πλείστου
3577 2743 3884 2815 ποιεῖσθαι,

2224 2825 2313 2886 Ὠς
2361 2826 2462 2900 γὰρ
2534 2827 2644 2902 οὐχ
2703 2827 2818 2882 οἱόν
2859 2849 2918 2882 τε
2973 2825 3136 2884 πόλιν
3186 2833 3390 2903 τειχῶν
3427 2827 3550 2884 ἄνευ
3595 2829 3684 2884 καὶ
3736 2851 3884 2904 προ-

2227 2911 2531 2989 ϐλημάτων
2582 2917 2868 2988 σεσῶσθαι,
2893 2917 2967 2978 ὡς
3017 2914 3075 2972 δὲ
3115 2916 3204 2972 καὶ
3241 2916 3523 2990 βασιλείαν
3564 2917 3764 2989 αὐτὴν,
3803 2921 3882 2992 μή

2229 3001 2580 3076 δικαιοσύνης
2637 3005 2966 3079 κρατούσης,
3028 3004 3244 3079 μᾶλλον
3303 3003 3361 3061 δὲ
3421 3007 3510 3061 καὶ
3600 3008 3886 3081 βασιλείαν

2223 3095 2314 3149 καὶ
2375 3092 2559 3163 πόλιν,
2617 3097 2717 3164 τήν
2782 3096 2864 3156 οἷς
2913 3093 3046 3172 ἔφην
3097 3095 3504 3171 ὠχυρωμένην,
3557 3097 3646 3151 καί
3701 3119 3882 3172 προσ-

2223 3187 2301 3240 ἑτι
2349 3187 2674 3258 θαυμαστῶν
2743 3187 3075 3260 οἰκητόρῶν,
3125 3185 3216 3240 καί
3263 3186 3463 3248 θέσεως
3522 3186 3882 3266 ὑπσρηφάνοὺ

2219 3271 2523 3348 λαχοῦσαν,
2575 3275 2673 3342 τήν
2726 3272 2784 3328 δὲ
2837 3271 3164 3354 δορυφόροις
3213 3274 3302 3329 καὶ
3354 3273 3754 3348 στρατοπέδοις
3791 3276 3882 3332 καὶ

2217 3362 2412 3425 ὅπλοις
2445 3363 2530 3418 καὶ
2577 3369 2710 3418 πᾶσι
2757 3361 2975 3426 τούτοις
3032 3363 3456 3438 κρατυνομένην,
3489 3365 3536 3418 εἰ
3583 3367 3658 3437 μή
3707 3369 3880 3440 πάρε-

2217 3473 2332 3507 στιν
2373 3451 2619 3522 αὕτη,τά
2647 3454 2698 3528 γ’
2730 3450 2857 3508 ἄλλ’
2901 3450 2986 3507 ἐπ’
3037 3453 3298 3515 ἀσθενοῦς
3350 3453 3544 3527 ῥώμης
3599 3456 3876 3530 ὀχεῖσθαι,

2215 3545 2381 3596 ταῦτα
2427 3543 2541 3596 κατ’
2593 3539 2897 3616 Εὐριπίδην
2943 3537 3228 3616 συμϐαίνει
3263 3559 3276 3574 ⁸
3325 3541 3505 3616 ὥσπερ
3574 3543 3638 3598 αὗ
3703 3543 3876 3599 τούν-

2217 3630 2395 3684 αντίον
2444 3631 2724 3704 παρούσης
2777 3631 2872 3702 μὶν
2923 3631 3152 3701 ταύτης,
3207 3631 3424 3687 ἐκείνων
3472 3629 3520 3686 δ’
3589 3633 3869 3704 ἀπόντων,

2218 3718 2474 3796 ἀσφαλεῖς
2505 3721 2594 3774 καὶ
2637 3715 2857 3794 βεϐαίας
2905 3721 3239 3775 παντάπασιν
3285 3721 3444 3776 εἶναι.
3505 3721 3734 3777 Ἦλίκον
3781 3723 3874 3778 οὖν

2218 3803 2366 3863 ἔσται
2399 3829 2483 3863 σοι
2531 3809 2752 3882 κράτος,
2786 3808 2832 3862 εἰ
2884 3809 3018 3879 μετᾶ
3073 3813 3170 3864 τοῦ
3221 3808 3612 3884 στρατοπέδοις
3655 3819 3870 3886 κεχρῆ-

2221 3898 2342 3950 σθαι
2394 3896 2485 3950 καὶ
2547 3893 2716 3968 μηδὲν
2766 3897 2945 3950 ὁτιοῦν
3001 3893 3102 3968 ἔξω
3157 3901 3264 3951 τῶν
3334 3898 3516 3969 νόμων
3577 3898 3868 3970 πράττειν-

2220 3983 2538 4054 σπουδάζεις
2573 4003 2587 4018 '
2620 3988 2838 4059 πρῶτος
2867 3981 2914 4038 δ’
2943 3983 3106 4048 αὒτὸς
3141 3983 3210 4039 δι’
3241 3987 3317 4040 ὧν
3351 3985 3529 4060 λὲγεις
3577 3987 3666 4040 καὶ
3699 3989 3868 4062 πράτ.

2218 4095 2326 4136 τεις
2373 4076 2589 4130 τουτοσί
2644 4067 2903 4147 βεϐαιῶν,
2953 4073 3299 4150 παράδειγμα
3366 4073 3720 4148 δίκαιοσύνης
3777 4079 3866 4133 καί

2216 4163 2312 4220 τοῦ
2357 4163 2410 4218 τί
2459 4161 2541 4218 δεῖ
2589 4169 2768 4219 ποιεῖν
2807 4165 2999 4218 ἅπασιν
3047 4165 3178 4219 εἶναι
3215 4185 3228 4198 ·
3281 4165 3344 4219 οὐ
3401 4165 3504 4241 γὰρ
3549 4161 3714 4234 ἔστιν,
3769 4168 3868 4222 οὐκ

2219 4249 2384 4324 ἔστιν,
2443 4254 2488 4308 ὦ
2539 4253 2786 4328 βασιλεῦ,
2842 4257 2942 4308 σοῦ
2989 4251 3157 4328 ταύτῃ
3202 4251 3570 4326 διακειμὲκου,
3617 4255 3709 4309 καὶ
3741 4254 3864 4330 περὶ

2216 4343 2344 4406 τοὺς
2389 4343 2593 4414 νόμους
2639 4342 2706 4396 τὰ
2758 4343 3047 4418 γιγνόμενα
3105 4343 3400 4412 σώζοντος,
3465 4345 3540 4416 μή
3592 4343 3722 4418 οὐχὶ
3777 4343 3866 4398 καὶ

2217 4429 2420 4493 πάντας
2451 4427 2508 4484 ἂν
2543 4429 2668 4492 τοὺς
2701 4433 2754 4507 γ’
2803 4431 2907 4486 ὑπὸ
2947 4437 3108 4507 χεῖρα
3163 4435 3330 4487 ταῦτα
3373 4437 3588 4509 φρονεῖν
3637 4433 3866 4509 προελε-

2133 4519 2176 4584 D
2209 4525 2328 4578 σθαι
2364 4539 2378 4554 ⁶
2411 4523 2538 4586 τοὺς
2575 4525 2667 4596 μὲν
2708 4523 3058 4598 εὐγνώμονας
3102 4521 3171 4578 δι’
3220 4524 3354 4579 αὐτὸ
3403 4527 3564 4579 τοῦτο
3597 4546 3609 4560 ·
3655 4531 3777 4588 τοῖς
3807 4523 3863 4580 δὲ

2213 4614 2626 4688 πονηροτάτοις,
2692 4613 2828 4688 πρὸς
2885 4613 2947 4667 τὸ
3001 4613 3071 4668 τὰ
3127 4609 3315 4667 δέοντα
3369 4619 3571 4682 ποιεῖν,
3611 4615 3639 4668 ὁ
3689 4610 3862 4694 φόϐος

2213 4703 2420 4775 ἀρκέσει
2456 4723 2468 4735 ·
2527 4699 2685 4776 κοινῇ
2741 4699 2799 4757 δὲ
2847 4701 3038 4764 πάντες
3097 4699 3152 4757 εὖ
3203 4701 3326 4757 οἶδα
3373 4703 3464 4757 καὶ
3513 4703 3724 4766 ἑκόντες
3771 4706 3860 4760 καὶ

2207 4791 2431 4853 ἄκοντες
2487 4791 2637 4852 ὅπως
2694 4785 2906 4846 ἔσονταί
2957 4811 3040 4846 σοι
3115 4794 3523 4866 κεχαριςμὲνοι,
3579 4793 3719 4848 πάνυ
3775 4815 3860 4849 τοι

2207 4885 2550 4960 φροντιοῦσιν
2585 4900 2599 4913 ·
2651 4879 2844 4935 οὐκοῦν
2885 4880 3144 4942 κάκείνως
3195 4880 3256 4936 ἂν
3307 4881 3676 4956 εἰργασμένος,
3711 4903 3856 4958 χρη.

2206 4975 2333 5025 στοῢ
2367 4969 2635 5046 βασιλέως
2665 4971 2739 5032 ὡς
2771 4967 2992 5040 ἀληθῶς
3025 4967 3252 5045 ἐργάσῃ,
3293 4969 3382 5024 καὶ
3431 4969 3546 5025 οἷον
3603 4973 3632 5026 ὁ
3689 4971 3854 5046 λογος

2208 5058 2489 5134 βούλεται,
2546 5063 2643 5114 τοῦ
2701 5060 2777 5133 μὴ
2842 5058 3006 5132 μόνον
3059 5063 3223 5114 πᾶσιν
3267 5056 3644 5133 ἀδικουμένυις
3691 5061 3850 5124 αὐτὸς

2205 5149 2294 5204 καὶ
2323 5149 2460 5204 κατὰ
2505 5149 2679 5203 πάντα
2726 5147 2925 5223 χρόνον
2975 5146 3380 5219 ἐκκεῖσθαι,καὶ
3429 5147 3576 5204 οὕτω
3631 5151 3846 5226 τάχιστ’

2203 5241 2391 5303 αὐτοῖς
2448 5243 2608 5315 χεῖρα
2663 5237 2896 5315 ἀρέγειν,
2957 5238 3032 5300 ὡς
3083 5239 3146 5293 τὸ
3205 5237 3494 5312 λεγόμενον
3551 5238 3618 5310 δὴ
3665 5245 3848 5310 τοῦτο,

2204 5323 2298 5402 ἅμ’
2345 5323 2473 5390 ἔπος
2533 5325 2625 5400 ἅμ’
2666 5322 2820 5403 ἔργον
2873 5327 3031 5398 εἶναι,
3080 5324 3232 5382 ἀλλὰ
3277 5327 3368 5382 καὶ
3423 5334 3544 5394 τοῖς
3609 5329 3842 5386 ἑκάστων

2201 5416 2330 5478 πάσι
2383 5416 2610 5492 κηρύξαι
2669 5415 2908 5493 θαῤῥεῖν,
2969 5417 3042 5478 ὡς
3099 5413 3278 5480 οὐδεὶς
3341 5421 3664 5494 τοπαράπαν
3725 5416 3842 5474 ἀδι-

2201 5508 2465 5582 κούμενος
2515 5503 2684 5576 ἔσται,
2731 5503 2836 5570 ςἕως
2885 5505 2945 5560 ἂν
3004 5505 3306 5582 βασιλεύων
3353 5507 3514 5570 αὐτὸς
3559 5508 3624 5584 ᾖς
3659 5531 3672 5543 ·
3703 5507 3840 5565 ἀλλὰ

2199 5595 2298 5654 κᾶν
2344 5601 2449 5651 τῶν
2503 5593 2708 5678 σφόδρα
2779 5617 2860 5650 σοι
2927 5596 3258 5673 γιγνομένων
3327 5597 3445 5652 καθ’
3515 5599 3654 5672 αἷμα
3713 5619 3834 5685 τυγ-

4053 4473 4061 4717 γ
