4154 6216
280 344 386 406 157

1398 338 1689 403 ORATIO
1731 338 1831 400 DE
1880 335 2102 399 REGIS
2145 336 2494 402 OFFICIIS.

3534 343 3652 404 458

285 479 413 552 χάνῃ
463 494 539 535 τις
574 471 802 541 ἀδικῶν,
844 473 932 528 καὶ
980 472 1140 533 οὗτος
1187 470 1401 533 πάντως
1432 469 1659 527 δώσεται
1718 468 1885 540 δίκην,

2010 470 2233 542 legibus
2264 472 2544 544 majorem
2577 488 2753 545 quam
2787 474 2896 532 tibi
2927 475 3039 549 ipsi
3064 475 3183 532 vim
3224 474 3508 533 attribuas
3539 492 3555 533 :
3587 478 3653 532 ut

283 565 362 620 καί
404 560 546 617 οὐδὲν
587 562 651 616 τὸ
699 561 856 635 γένος
913 563 1312 637 προστήσεταιο
1365 558 1510 615 οὕτω
1540 562 1644 635 γὰρ
1690 556 1808 613 οὔτ’
1838 555 1897 612 ἂν

283 651 440 715 ούδείς
474 649 544 706 ἔτ’
584 647 937 721 ἀδικούμενος
970 648 1080 721 εἴη,
1122 649 1184 703 σύ
1215 670 1273 704 τε
1312 650 1434 723 περὶ
1486 647 1738 710 πλείονος
1770 667 1901 701 σαυ-

280 746 366 796 τοῦ
390 740 510 804 τοὺς
536 740 740 814 νόμους
773 735 945 809 δὸξεις
970 740 1243 794 ποιεῖσθαι
1268 756 1281 770 ⁸
1314 737 1443 801 τούς
1493 758 1551 792 τε
1580 735 1899 799 ἀδικοῦντας

278 830 456 892 αὐτοὺς
520 828 579 885 εὗ
635 830 910 899 ποιήσεις,
969 826 1210 891 δικαίους
1269 828 1403 883 εἶναι
1468 828 1898 900 παρασκευάσας,

275 923 352 974 καί
399 921 472 992 μὴ
520 920 624 989 τήν
673 923 821 997 σφῶν
869 917 1046 974 αύτῶν
1095 922 1383 991 μισοῦντας
1439 918 1624 991 ψυχὴν
1660 921 1742 989 τῷ
1794 917 1896 986 τήν

272 1008 484 1079 ἀδικίαν,
514 1008 591 1071 ὡς
622 1007 816 1082 λόγος,
849 1007 1027 1084 φιλεῖν
1053 1024 1068 1038 ⁶
1103 1008 1263 1063 τοῦτό
1295 1027 1379 1061 σοι
1408 1007 1472 1061 τὸ
1501 1009 1759 1086 ψήφισμα
1788 1011 1896 1061 τῶν

272 1100 349 1174 ὑφ’
400 1096 545 1170 ἡλίῳ
603 1100 818 1153 πάντων
899 1094 1199 1153 κάλλιπον
1275 1097 1363 1151 καὶ
1454 1093 1896 1151 λυσιτελέστατον

265 1184 418 1257 ἔσται,
452 1189 587 1260 μήτι
642 1208 703 1265 γε
761 1185 853 1249 οὓς
908 1187 1035 1258 περὶ
1088 1189 1186 1241 τοῦ
1237 1182 1448 1241 δικαίου
1480 1183 1712 1241 Πλάτων
1734 1182 1896 1256 ἔθηκε

266 1276 473 1354 λόγους.

328 1367 386 1434 ζ’.
420 1364 516 1421 Καὶ
580 1366 689 1439 μὴν
735 1364 835 1421 οὐκ
880 1363 933 1420 ἐν
985 1365 1171 1439 εἰρήνῃ
1202 1363 1389 1437 μόνον,
1423 1361 1550 1419 οὐδὲ
1575 1368 1683 1419 τῶν
1716 1382 1895 1439 πραγ-

266 1454 433 1528 μάτων
490 1452 550 1509 εὖ
614 1455 995 1521 καθεστώτων,
1053 1451 1409 1523 δικαιοσύνης
1466 1474 1550 1508 σοι
1596 1450 1699 1521 δεῖ,
1747 1451 1893 1508 ἀλλά

261 1544 348 1600 κάν
398 1550 513 1606 ταῖς
577 1544 786 1620 μάχαις
826 1543 1048 1617 μάλιστ’
1076 1542 1262 1606 αὐταῖς
1324 1546 1574 1598 τοιοῦσον
1618 1542 1779 1597 αὐτὸν
1810 1541 1893 1597 εί-

262 1633 338 1689 ναί
391 1654 446 1689 σε
503 1631 626 1688 δεῖ·
686 1632 904 1709 ἐπείπερ
965 1633 1122 1688 αὗται
1183 1634 1259 1706 μή
1323 1632 1457 1705 μετά
1523 1635 1621 1687 τοῦ
1678 1629 1892 1688 δικαίου

260 1721 519 1786 πολλάκις
578 1723 891 1799 γιγνόμεναι
963 1723 1133 1795 μείζω
1187 1721 1692 1797 παρασκευάζουσαι
1744 1721 1891 1796 βλά-

258 1809 370 1884 ϐην,
395 1812 429 1882 ἢ
483 1815 642 1869 τοῦτ’
699 1811 834 1868 ἰδεῖν
886 1810 1025 1868 ἔστιν
1076 1811 1129 1869 ἐν
1186 1811 1375 1886 εἰρήνῃ
1400 1830 1415 1844 ⁸
1450 1812 1513 1875 ἃς
1549 1809 1800 1867 κάλλιστ’
1830 1811 1892 1866 ἃν

256 1904 388 1957 οὕτω
442 1902 533 1957 καί
594 1900 895 1964 λυσιτελῶς
954 1900 1260 1978 διενέγκηῃ,
1311 1899 1400 1956 ἰάν
1472 1902 1603 1973 μήθ’
1635 1900 1737 1956 ὑπὸ
1793 1901 1891 1956 τοῦ

253 1991 582 2046 πλεονεκτεῖν
642 1991 847 2047 ἐθέλειν
904 1991 1086 2059 αὐτὸς,
1120 1989 1312 2046 ἀδίκου
1374 1990 1561 2064 μάχης
1613 1990 1890 2066 ἑνιάρχῃς,

253 2012 582 2046 πΑεονεκτειν
642 2012 847 2047 ευεΑειν
904 2012 1086 2059 αυτος,
1120 2012 1312 2046 αοικου
1374 2012 1561 2064 μαχης
1613 2012 1621 2024 ο
1688 2012 1890 2066 αρχῃς,

252 2079 368 2135 ἀλλ’
413 2082 487 2143 ώς
547 2080 779 2156 πρόσθεν
810 2078 1166 2152 ἠδικημένος,
1206 2074 1375 2135 ἔπειτ⁹
1404 2078 1454 2151 ἐξ
1486 2012 1727 2181 dﬂigi:
1775 2084 1893 2144 τσῖς

248 2172 556 2246 πράγμασιν
624 2172 885 2241 ἀπαντᾷς,
938 2170 1031 2225 καὶ
1087 2169 1214 2231 τοὺς
1275 2168 1608 2243 ὑπάρξαντας
1686 2168 1892 2241 ἀμυνό-

252 2280 398 2332 μενος
444 2258 510 2333 ﬁ:
566 2260 703 2314 κατά
744 2260 807 2314 τὸ
855 2263 951 2315 τοῦ
998 2261 1174 2332 νόμου
1224 2257 1511 2333 παρέχον·
1550 2259 1680 2331 μήθ’
1710 2258 1739 2313 ’ὀ
1767 2258 1890 2313 τού-

250 2370 335 2404 του
388 2354 660 2423 κρεῖττον,
714 2350 812 2410 τὰς
876 2350 1013 2423 πρὸς
1092 2348 1442 2404 οὑστινασοῦν
1497 2342 1892 2419 ξυμϐαινούσας

256 2438 504 2512 διαφορὰς
566 2436 716 2493 λύειν
776 2436 963 2514 λόγοις
1022 2437 1162 2508 ἐξὸν,
1194 2436 1257 2493 σὺ
1315 2436 1372 2493 δὲ
1421 2437 1717 2510 θρασύτητι
1746 2437 1893 2513 γνώ-

259 2550 358 2600 μης
399 2525 557 2590 εὐθὺς
607 2526 684 2587 εἰς
734 2525 881 2581 ὅπλα
927 2528 1216 2605 χωρήσῃς,
1248 2525 1281 2580 ἃ
1309 2527 1514 2601 μήποτ’
1545 2524 1724 2603 ὤφελε
1774 2529 1891 2582 κατ’

256 2616 568 2689 ἀνθρώπους
625 2615 688 2671 τό
746 2617 797 2691 γ’
853 2613 904 2689 ἐξ
960 2615 1142 2691 ἀρχῆς
1197 2618 1538 2691 γεγενῆσθαι,
1602 2612 1744 2689 μηδὲ
1784 2636 1889 2673 πα-

253 2702 453 2778 ρελθεῖν
518 2701 946 2777 μηδοπωστιοῦν
1002 2703 1079 2767 εἰς
1135 2705 1227 2760 τὸν
1276 2705 1419 2779 βίον,
1450 2703 1485 2773 ἢ
1516 2706 1756 2782 γεγονότ’
1788 2704 1892 2760 αύ-

250 2797 366 2848 τίκα
438 2795 767 2863 πεπαῦσθαι,
826 2794 902 2855 ὼς
979 2791 1184 2870 ὄργανα
1248 2792 1578 2864 πλεονεξίας,
1638 2793 1727 2849 καί
1790 2798 1888 2850 τοῦ

249 2888 414 2945 κακῶς
445 2883 646 2953 ἐξεῖναι
684 2888 859 2938 ποιεῖν
885 2903 898 2916 ο
932 2882 1085 2960 φύσει
1148 2883 1242 2955 μὶν
1297 2883 1361 2939 τὸ
1412 2884 1548 2958 πρὸς
1600 2882 1886 2955 ἀλλήλους

246 2970 596 3046 κηδεμονικὸν
685 2972 1045 3045 κεκτημένοις
1102 2972 1193 3027 καὶ
1260 2973 1553 3049 πεφυκόσιν
1606 2972 1663 3027 ’ἐν
1724 2973 1885 3046 εἶναι,

246 3062 323 3115 καὶ
354 3064 522 3118 ταυτὰ
553 3060 646 3117 διά
674 3065 892 3117 πάντων
932 3067 1168 3140 φρονεῖν,
1202 3062 1307 3117 ὑπὸ
1357 3059 1414 3117 δὲ
1464 3066 1562 3118 τοῦ
1609 3060 1882 3118 πλειόνων

243 3148 520 3225 ἐπιθυμεῖν
578 3152 671 3207 καὶ
728 3150 941 3229 χαίρειν
995 3150 1226 3214 ἒθὲλειν,
1288 3152 1366 3214 οίς
1418 3151 1615 3221 ⁴ἥκιστα
1662 3153 1879 3207 πάντων

246 3238 441 3314 χαίρειν
494 3238 698 3315 ἐχρῆν,
752 3241 928 3303 οὕτως
983 3242 1133 3314 ἡμᾶς
1190 3239 1384 3302 αὐτοὺς
1440 3241 1749 3316 ἀγνοοῦσιν,
1803 3242 1878 3304 ὡς

243 3327 323 3381 καὶ
377 3328 647 3403 πολεμεῖν
698 3331 847 3405 παρά
901 3329 1059 3404 φύσιν
1115 3327 1389 3401 ἀλλήλοις
1448 3330 1522 3393 ὡς
1553 3329 1877 3406 ἀλλοτρίοις

243 3420 537 3491 πειρᾶσθαι,
579 3419 671 3473 καί
700 3423 862 3475 τοῦτο
893 3418 1110 3476 πολλοῦ
1138 3440 1287 3481 τινος
1327 3417 1502 3495 ἄγειν.
1536 3421 1654 3475 Εἶεν
1679 3439 1693 3453 ⁵

307 3511 379 3577 η’.
412 3510 489 3562 Σὺ
550 3508 600 3563 δ’
632 3508 677 3563 εἰ
730 3509 828 3582 μὶν
885 3508 1179 3565 ἀπολαύειν
1235 3508 1456 3585 εἰρήνης
1505 3508 1590 3565 ὅτι
1640 3509 1879 3583 μάλιστα

248 3595 448 3668 βούλει,
488 3597 699 3673 ἀνάγκη
763 3597 1002 3671 μάλιστα
1048 3600 1262 3653 πάντων
1312 3596 1692 3674 φιλοπόλεμον
1723 3599 1876 3669 εἶναι,

310 3685 324 3705 \
407 3686 434 3720 τ’
775 3687 788 3706 1
960 3688 973 3705 9
1149 3687 1163 3707 Ι
1361 3686 1373 3704 Ι
1521 3708 1532 3719 .
1817 3689 1830 3705 ε

243 3704 325 3739 και
370 3707 520 3742 ουτω
564 3707 649 3741 σοι
695 3708 895 3759 ταύτης
949 3687 1247 3743 απολαυειν
1295 3685 1495 3757 ἐξεσται
1566 3689 1628 3742 τό
1672 3708 1730 3743 τε
1776 3707 1878 3763 γαρ

243 3772 519 3850 ἄπραγμον
568 3775 633 3831 οὐ
685 3777 936 3846 σώζεται,
968 3777 1126 3853 φασίν
1173 3777 1224 3830 o':
1273 3775 1455 3850 σοιροί,
1492 3778 1567 3848 μή
1618 3778 1751 3849 μετά
1779 3780 1877 3833 τοῦ

244 3860 566 3939 δραστηρίου
613 3864 981 3939 τεταγμένον·
1035 3865 1259 3940 εἰρήνης
1309 3886 1366 3921 τε
1420 3864 1717 3921 ἀπολαύειν
1769 3866 1877 3942 οὐχ

242 3954 351 4008 οἷόν
380 3975 460 4017 τε,
492 3957 571 4026 μή
606 3954 982 4033 φιλοπόκεμον
1007 3975 1020 3990 ·
1056 3950 1180 4009 ὄντα
1207 3975 1221 3988 ·
1255 3953 1436 4030 ὥσπερ
1467 3953 1591 4010 οὐδὲ
1639 3955 1878 4031 φιλοπό-

240 4037 397 4115 λεμον
428 4039 583 4111 ὄντα,
612 4044 840 4113 ταυτησὶ
898 4045 972 4116 μὴ
1024 4042 1272 4119 μετέχειν
1306 4062 1319 4075 ·
1363 4044 1612 4107 εἰκότως.
1646 4046 1744 4099 Τὸν
1774 4045 1877 4120 γὰρ

238 4133 499 4201 μάχεσθαι
593 4132 1004 4205 μεμελετηκότα
1076 4133 1166 4187 καὶ
1232 4130 1497 4205 πολεμεῖν
1564 4134 1875 4206 ἠσκημένον

234 4224 329 4282 πᾶς
374 4222 627 4275 ὁστισοῦν
679 4220 1016 4295 ὑπέπτηχεν,
1066 4222 1242 4295 οἶμαι.
1282 4222 1495 4278 Οὐκοῦν
1548 4221 1594 4276 εἰ
1656 4223 1749 4295 μὲν
1796 4221 1875 4277 εἷ-

236 4312 397 4382 ρήνης
443 4310 728 4383 ἀντιποιῇ,
776 4310 866 4364 καὶ
914 4310 1175 4383 πολέμων
1225 4309 1619 4366 ἀντιποιεῖσθαι
1669 4309 1874 4374 δίκαιος

238 4397 281 4451 εἶ
301 4416 314 4429 '
346 4399 389 4453 εἰ
425 4396 483 4454 δὲ
513 4402 616 4455 τοῦ
646 4398 739 4471 μὶν
771 4396 984 4454 ἐλάττω
1014 4398 1177 4475 λόγον
1208 4403 1366 4474 ποιῇ,
1400 4400 1514 4475 οὐχ
1549 4399 1698 4464 ὅπως
1744 4401 1874 4456 ταύ-

236 4507 327 4558 της
404 4485 814 4543 οὐδοπωστιοῦν
867 4487 1174 4562 ἀπολαύσῃ,
1222 4486 1369 4544 ἀλλά
1424 4489 1514 4544 καὶ
1571 4489 1874 4563 πολεμίους

2011 579 2067 633 in
2100 584 2303 636 sontes
2333 580 2489 653 ipsos
2518 582 2863 640 beneﬁcium
2897 588 2952 640 te
2981 585 3262 656 praebeas,
3283 584 3523 656 justitias
3555 599 3655 639 re-

2008 686 2147 757 gula
2183 703 2283 743 eos
2314 687 2651 758 imbuendo,
2679 692 2760 747 ita
2782 694 2847 746 ut
2875 690 3092 762 injuste
3114 691 3377 748 faciendo
3393 690 3651 748 animam

2007 808 2174 849 suam
2205 794 2400 852 odisse
2428 800 2677 853 cessent.
2712 800 2848 855 Haec
2872 797 2943 855 de
2971 801 3029 855 te
3059 798 3323 855 omnium
3368 797 3649 856 honoriﬁ-

2007 901 2345 959 centissima
2372 906 2430 959 et
2447 903 2903 975 preclarissima
2923 906 3210 963 sententia
3230 908 3359 979 erit,
3401 923 3505 964 nec
3527 908 3651 979 ipse

2004 1007 2167 1065 Plato
2196 1009 2265 1065 de
2294 1009 2523 1081 iustitia
2563 1010 2775 1069 melius
2805 1012 3073 1071 senserit.

2071 1372 2127 1428 7.
2157 1374 2266 1429 Sed
2300 1390 2416 1431 non
2446 1376 2604 1448 pacis
2635 1381 2855 1434 tantum
2888 1383 3153 1452 tempore
3183 1383 3245 1437 et
3273 1382 3501 1451 quando
3556 1395 3650 1439 res

2003 1477 2170 1535 salvas
2203 1488 2359 1543 sunt.
2394 1484 2493 1538 sed
2528 1482 2680 1540 inter
2710 1485 2836 1556 ipsa
2866 1486 3002 1542 belli
3054 1487 3368 1544 certamina
3423 1489 3651 1560 iustum

2002 1589 2057 1642 ts
2083 1603 2207 1643 esse
2239 1590 2818 1662 oportet;siquidem
2874 1608 3027 1665 saepe
3076 1609 3179 1665 per
3225 1594 3385 1652 nefas
3440 1598 3652 1653 certata

2000 1694 2192 1765 magis
2221 1695 2392 1753 noxia
2421 1702 2562 1754 sunt
2581 1714 2760 1770 quam
2783 1715 2909 1771 quis
2936 1703 2998 1757 in
3019 1701 3651 1774 rerumtranquillitate

1922 1846 1970 1912 Β
1999 1801 2332 1859 obveniunt.
2368 1804 2596 1875 Optime
2626 1811 2819 1863 autem
2838 1824 2904 1864 ac
2925 1807 3262 1865 sinelabore
3292 1809 3492 1866 isthasc
3521 1825 3649 1866 om-

2003 1906 2100 1963 nia
2129 1909 2336 1973 obibis.
2364 1912 2466 1967 ubi
2497 1914 2623 1969 sine
2652 1914 2962 1972 ambitione
3009 1932 3126 1972 non
3174 1916 3355 1974 armis
3410 1917 3649 1989 injustis

2002 2030 2253 2087 pugnas,
2284 2018 2385 2074 sed
2417 2020 2582 2091 prius
2622 2021 2841 2093 iniusta
2897 2039 3105 2095 passus
3155 2039 3259 2095 pro
3300 2024 3647 2081 necessitate

2002 2123 2176 2180 rebus
2208 2125 2456 2183 inservis
2484 2133 2541 2185 et
2568 2144 2667 2185 eos
2714 2130 2817 2202 qui
2859 2131 3204 2201 superstites
3254 2135 3393 2188 sunt
3420 2133 3599 2189 tueris
3629 2148 3644 2189 :

2003 2231 2104 2287 ubi
2134 2232 2207 2288 ad
2237 2232 2367 2290 lites
2395 2239 2453 2291 et
2481 2236 2729 2293 dissidia
2772 2236 3045 2293 evitanda
3091 2237 3305 2306 verbis,
3355 2254 3471 2295 non
3518 2237 3648 2295 telis

2001 2354 2202 2409 pacem
2218 2341 2513 2398 concilias.
2530 2343 2843 2415 Nunquam
2868 2343 3015 2400 enim
3032 2344 3183 2401 bella
3204 2344 3357 2403 inter
3377 2345 3647 2403 homines

2002 2444 2077 2501 ad
2096 2445 2547 2519 internecionem
2578 2450 2701 2506 ﬁeri
2723 2450 3086 2519 debuissent,
3100 2456 3157 2508 et
3179 2452 3280 2508 ubi
3300 2453 3643 2510 eorumdem

2001 2570 2192 2611 cauam
2224 2556 2597 2626 exsistebant,
2622 2573 2920 2631 nunquam
2953 2559 3232 2615 diuturna
3252 2576 3377 2617 esse
3400 2560 3640 2617 decebat
3687 2584 3691 2591 ’

2001 2665 2061 2716 ut
2092 2662 2341 2717 avaritia
2372 2669 2426 2719 et
2457 2664 2839 2737 malignitatis
2869 2666 3276 2724 instrumenta.
3323 2667 3429 2733 Qui
3484 2667 3643 2724 enim

1998 2771 2209 2824 natura
2236 2770 2434 2825 eadem
2466 2770 2727 2827 sentiunt
2756 2788 2822 2828 ac
2852 2777 3059 2829 curant
3087 2777 3144 2829 et
3177 2773 3637 2840 meditantur,ab

1996 2874 2236 2931 avaritia
2265 2874 2432 2949 longe
2460 2877 2666 2933 remoti
2697 2894 2822 2934 esse
2846 2879 3060 2935 debent
3087 2885 3145 2936 et
3173 2881 3246 2936 ad
3279 2896 3347 2937 ea
3375 2880 3639 2952 aspirare

1997 2997 2119 3051 quas
2151 2982 2295 3053 ipsis
2326 2982 2961 3057 minimeconveniunt,
2984 2992 3050 3043 ut
3081 3003 3198 3043 uno
3228 2988 3399 3044 verbo
3422 2986 3638 3058 dicam,

1994 3086 2214 3145 bellum
2250 3106 2361 3146 non
2397 3090 2505 3146 nisi
2539 3091 2598 3147 in
2631 3100 2884 3149 extremo
2916 3110 3105 3150 rerum
3159 3094 3500 3151 discrimine
3546 3095 3637 3151 in-

1911 3221 1954 3290 C
1994 3195 2140 3252 ferre
2186 3196 2498 3254 debebunt.

2056 3502 2111 3558 8.
2151 3504 2431 3569 Quocirca
2468 3504 2517 3560 si
2551 3522 2690 3578 pace
2719 3505 2829 3562 frui
2861 3506 2967 3561 tibi
3001 3505 3059 3561 in
3086 3504 3280 3562 animo
3337 3512 3444 3574 est,
3477 3504 3627 3562 bello

1988 3625 2216 3679 operam
2246 3613 2383 3668 dare
2411 3612 2621 3681 debes;
2646 3614 2729 3670 sic
2758 3613 2915 3669 enim
2962 3613 3073 3669 ista
3118 3612 3259 3669 fruit
3285 3611 3497 3668 licebit.
3529 3612 3629 3669 In-

1988 3716 2244 3775 dolentia
2272 3720 2448 3790 enim,
2464 3720 2744 3777 utdicunt
2770 3720 3122 3793 philosophi,
3142 3736 3349 3792 parum
3368 3721 3625 3792 prodest,

1987 3827 2100 3883 nisi
2123 3828 2285 3884 simul
2307 3828 2585 3899 operaris.
2612 3828 2673 3884 Id
2695 3832 2847 3885 certe
2871 3833 3115 3896 constat,
3140 3844 3272 3884 eum
3306 3827 3405 3899 qui
3428 3843 3626 3899 pacem

1989 3933 2128 4003 vult,
2159 3933 2377 3990 bellum
2407 3935 2676 4006 amplecti
2709 3935 2940 4003 debere,
2960 3935 3185 4006 etquod
3220 3934 3269 3990 is
3299 3933 3401 4005 qui
3424 3950 3456 3989 a
3477 3933 3626 3991 bello

1986 4041 2101 4094 stat
2127 4040 2281 4110 pacis
2311 4042 2546 4097 tandem
2570 4041 2876 4097 commoda
2906 4044 3246 4111 assequetur
3268 4059 3283 4109 ;
3308 4055 3424 4112 quo
3480 4039 3626 4095 nihil

1985 4149 2197 4204 verius.
2231 4148 2321 4204 Me
2347 4148 2579 4220 quidem
2612 4149 2854 4216 arbitro,
2885 4163 3021 4205 eum
3053 4149 3154 4220 qui
3184 4152 3369 4203 artem
3408 4145 3626 4202 milita-

1986 4271 2109 4310 rem
2149 4253 2317 4311 callet
2359 4259 2416 4317 et
2452 4260 2696 4321 exercet,
2743 4270 2949 4311 omnes
2998 4257 3289 4309 metuunt.
3335 4252 3525 4317 Quare
3577 4251 3627 4308 si

1985 4376 2184 4432 pacem
2218 4367 2473 4435 spectas,
2488 4361 2639 4419 bella
2654 4361 2906 4435 effugere
2924 4378 3036 4417 non
3053 4362 3266 4431 poteris
3291 4374 3627 4431 ;nuuquam

1985 4470 2141 4524 enim
2169 4468 2326 4525 illam
2359 4469 2482 4526 sine
2512 4469 2603 4527 his
2633 4468 3049 4541 consequeris;
3099 4468 3217 4524 imo
3247 4467 3319 4524 ob
3369 4466 3627 4537 idipsum

239 4577 525 4639 τοσούτους
577 4573 667 4630 διά
710 4575 912 4646 ταύτην
964 4578 1307 4652 προσ-κτήσῃ,
1351 4577 1425 4639 ὡς
1478 4576 1877 4652 ἀναγκασθῆναι

1998 4574 2249 4632 hostium
2282 4591 2592 4633 numerum
2623 4576 2884 4649 augebis,
2916 4580 2974 4632 et
3001 4574 3219 4631 invitus
3249 4590 3404 4630 arma
3424 4588 3630 4644 capes-

236 4665 318 4718 καί
349 4665 495 4721 ἄκων
528 4663 911 4740 φιλοπόλεμος
940 4665 1103 4735 εἶναι,
1135 4664 1285 4741 εἴπερ
1319 4666 1393 4727 ὡς
1443 4665 1667 4737 ἀληθῶς
1715 4666 1879 4743 εἰρή-

236 4776 330 4825 νης
384 4775 470 4809 σοι
536 4754 711 4828 μέλει.
746 4756 807 4811 Εἰ
847 4751 893 4809 δ’
923 4752 984 4809 ἐκ
1016 4755 1110 4826 μὲν
1141 4758 1237 4810 τοῦ
1265 4761 1368 4823 τῆς
1406 4754 1631 4828 εἰρήνης
1662 4756 1877 4831 ἔχεσθαι

241 4845 428 4916 μόνης,
480 4843 845 4919 πολεμεῖσθαι
896 4839 1202 4917 συμϐαίνει,
1252 4845 1315 4899 τὸ
1360 4841 1418 4899 δὲ
1448 4845 1582 4919 πρὸς
1620 4844 1716 4908 τὰς
1773 4846 1876 4920 μά-

234 4951 332 5007 χας
386 4932 617 5006 ἕτοιμον
678 4934 816 4987 εἶναι
873 4932 962 4987 καί
1022 4933 1448 5006 παρεσκευάσθαι
1502 4938 1618 4996 τοῖς
1678 4932 1876 4999 ὅπλοις

236 5026 471 5095 χορηγεῖ
518 5023 619 5090 τὴν
658 5020 902 5093 εἰρήνην,
934 5021 1002 5089 ἧς
1054 5018 1210 5075 οῦδὲν
1259 5025 1376 5081 τοῖς
1424 5026 1679 5095 κρατοῦσι
1722 5020 1879 5077 λυσι-

229 5108 567 5185 τελέστερον,
600 5109 730 5165 ἑλοῦ
786 5108 1003 5183 μᾶλλον
1065 5110 1198 5183 ὑπὲρ
1253 5117 1353 5179 τῆς
1412 5109 1609 5165 έσάπαν
1653 5110 1877 5183 εἰρήνης

232 5197 615 5275 φιλοπόλεμος
661 5200 816 5264 εἶναι,
867 5200 901 5269 ἢ
960 5201 1182 5269 ταυτηνὶ
1237 5201 1408 5273 μόνην
1455 5198 1694 5270 διώκων,
1740 5203 1879 5274 μήτε

228 5290 424 5358 ταύτης
491 5288 765 5363 μετέχειν,
825 5290 916 5343 καὶ
991 5286 1212 5363 προσέτι
1292 5290 1565 5365 πράγματ’
1620 5285 1769 5363 ἔχειν
1820 5288 1880 5347 ἒκ

232 5377 541 5452 πολεμίων.
598 5377 747 5432 Ἐπεὶ
828 5374 884 5432 δὲ
958 5378 1052 5432 τὸν
1137 5376 1281 5433 οὕτω
1366 5376 1880 5455 παρεσκευασμένων

239 5466 438 5541 ἀνάγκη
494 5470 640 5522 πᾶσα
694 5465 784 5522 καὶ
841 5464 915 5521 ὧν
972 5467 1396 5541 παρεσκεύαστο,
1425 5467 1632 5523 τούτων
1678 5470 1879 5544 πρότε-

242 5575 330 5627 ρον
404 5555 725 5632 ἱπιστήμην
792 5558 1105 5629 κεκτῆσθαι,
1164 5558 1221 5612 σε
1278 5555 1325 5611 δ’
1383 5558 1512 5613 εἶναι
1579 5557 1881 5633 πολεμικὸν

238 5648 395 5721 ἡμεῖς
451 5647 733 5722 ἀξιοῦμεν,
796 5645 869 5703 ’ίν’
928 5646 1045 5720 εἴης
1104 5647 1399 5723 εἰρηνικὸς,
1461 5648 1766 5723 πολεμικὸς
1823 5648 1881 5706 δὲ

560 5751 814 5813 ΡΑτιιοι..
860 5751 969 5815 Gs.
1015 5750 1244 5817 CXLV.

1988 4695 2117 4736 sere
2146 4681 2408 4751 debebis,
2440 4683 2490 4738 si
2521 4699 2635 4755 pax
2664 4683 2771 4738 tibi
2806 4681 2960 4739 cordi
2991 4686 3101 4739 est.
3134 4680 3315 4752 Igitur
3342 4678 3394 4733 si
3411 4675 3630 4731 bellum

1988 4787 2246 4857 gerimus
2278 4794 2344 4845 ut
2375 4806 2573 4862 pacem
2605 4790 2968 4858 habeamus;
3018 4789 3070 4844 si
3099 4788 3172 4845 ob
3223 4800 3351 4843 eam
3392 4797 3631 4839 causam

1988 4895 2199 4966 quovis
2231 4908 2529 4954 momento
2560 4915 2725 4954 arma
2753 4913 3056 4971 capessere
3088 4894 3273 4968 parati
3297 4908 3527 4962 sumus,
3552 4889 3635 4947 si-

1989 5006 2229 5077 quidem
2260 5009 2410 5065 nihil
2443 5027 2584 5082 pace
2608 5010 2808 5067 utilius
2840 5014 2948 5078 est,
2993 5006 3209 5064 bellum
3257 5003 3452 5077 potius
3502 5017 3633 5059 am-

1989 5114 2241 5185 plectere
2270 5134 2283 5185 ;
2314 5117 2397 5173 sic
2430 5118 2583 5175 enim
2616 5119 2716 5175 (iet
2746 5123 2809 5174 ut
2840 5132 2982 5190 pace
3024 5132 3140 5172 non
3189 5111 3486 5169 frustraris
3530 5123 3637 5166 nec

1987 5220 2184 5279 hostes
2214 5228 2271 5279 te
2299 5225 2476 5282 nimis
2509 5226 2813 5283 lacessant.
2844 5224 2953 5279 Sed
2986 5238 3115 5278 cum
3149 5236 3386 5278 necesse
3432 5220 3506 5274 sit
3567 5221 3631 5273 ut

1990 5328 2040 5383 is
2070 5330 2163 5400 qui
2195 5331 2451 5388 animum
2483 5333 2552 5388 ad
2603 5332 2795 5389 simile
2843 5330 2979 5402 quid
3038 5330 3183 5385 bene
3241 5330 3634 5399 praeparatum

1990 5436 2164 5494 habet
2194 5439 2342 5496 bene
2374 5440 2656 5512 fungendi
2687 5439 2881 5496 ofﬁcio
2911 5441 3093 5494 artem
3132 5436 3299 5502 sciat,
3331 5438 3390 5491 et
3418 5448 3552 5490 cum
3585 5437 3640 5490 te

1991 5544 2334 5606 bellicosum
2366 5566 2493 5606 esse
2521 5548 2692 5605 velim
2726 5552 2790 5604 ut
2818 5563 2958 5621 pace
2987 5546 3225 5613 fruaris,
3257 5548 3316 5600 et
3356 5559 3493 5599 cum
3519 5541 3642 5599 bel-

1991 5656 2210 5714 licosus
2238 5671 2368 5715 esse
2401 5672 2569 5714 nemo
2602 5655 2793 5729 possit
2823 5655 2920 5728 qui
2956 5671 3072 5711 non
3104 5654 3164 5710 in
3204 5666 3500 5710 armorum
3530 5665 3641 5708 usu
