4154 6216
453 343 573 404 459

1757 343 2156 406 TBEODULI
2200 343 2548 406 MONACHI

3727 353 3840 418 460

453 495 517 536 se
535 479 878 546 exercuerit,
899 477 1076 534 idtibi
1095 478 1380 549 praecipio,
1401 481 1466 534 ut
1503 479 1762 534 animum
1808 493 2057 550 accorpu

2168 535 2176 545 _
2207 475 2306 530 οὐκ
2333 475 2394 530 ἃν
2429 476 2574 540 ὅλως
2631 477 2739 549 εἴη,
2776 481 2850 552 μῆ
2911 479 3182 556 μάχεσθαι
3239 483 3654 556 μεμελετηκως,
3685 486 3840 557 ἀσκη-

453 588 740 644 exercitiis
771 586 1128 642 militaribus
1153 585 1374 658 jugiter
1421 585 1646 658 tatiges,
1702 601 1892 650 ursus,
1927 602 2098 657 apros

449 694 712 752 venando
745 694 843 749 ubi
875 693 1243 765 copiadatur,
1273 697 1376 748 aut
1407 709 1538 748 cum
1575 691 1710 748 viris
1733 692 1882 748 bello
1903 709 2094 748 assue-

449 803 528 858 tis
567 817 776 858 manus
806 801 1180 856 conserendo.
1213 800 1324 856 Sed
1367 801 1630 856 animum
1664 816 1894 873 quoque
1919 816 2090 871 gene-

447 925 648 964 rosum
680 925 747 965 ac
779 909 1032 965 nobilem
1067 910 1282 967 creabis
1313 914 1370 966 et
1417 927 1630 984 magna
1679 912 2016 984 spirantem,
2041 910 2090 966 si

445 1032 580 1072 eum
612 1017 875 1088 quotidie
906 1018 976 1074 ad
1010 1018 1384 1088 antiquorum
1412 1017 1746 1090 exemplum
1795 1017 2086 1084 eti'ormas,

445 1124 546 1196 qui
579 1125 1058 1197 magnanimitate
1088 1130 1145 1181 et
1175 1125 1446 1196 praeclare
1496 1125 1664 1182 factis
1685 1126 2082 1192 eminuerunt,

441 1237 500 1289 et
529 1234 580 1289 si
611 1233 987 1290 concionibus
1009 1234 1292 1290 interesse
1317 1249 1498 1303 amas,
1523 1233 1802 1304 ubijustaa
1823 1234 2084 1304 ipsorum

438 1339 643 1396 laudes
692 1339 1068 1396 celebrantur.
1137 1341 1526 1397 Alexandrum
1594 1339 1846 1413 Philippi
1895 1340 2082 1396 ﬁlium

439 1449 728 1502 memento
760 1446 1074 1502 Homerum
1105 1445 1358 1502 cubiculi
1411 1450 1740 1502 consortem
1789 1447 2081 1502 habuisse.

439 1553 565 1610 Haec
585 1553 804 1610 ratione
822 1553 1032 1624 hisque
1050 1555 1273 1610 artibus
1289 1555 1444 1610 circa
1465 1553 1662 1610 omnia
1683 1555 1828 1610 bene
1843 1553 2080 1624 valebis,

433 1661 518 1717 rei
549 1661 816 1716 militaris
845 1661 1104 1732 apprime
1118 1677 1334 1730 gnarus
1357 1677 1460 1716 nec
1479 1661 1676 1716 minus
1699 1661 1887 1717 bonus
1911 1660 2080 1716 miles

435 1784 610 1839 quam
641 1768 680 1822 ii
713 1769 812 1840 qui
833 1769 892 1824 in
923 1768 1129 1826 castris
1148 1776 1487 1824 senuerunt.
1507 1769 1616 1826 Sed
1644 1785 1758 1824 non
1783 1770 1842 1824 in
1867 1761 2076 1840 pugnis

433 1875 624 1932 solum
655 1875 1051 1944 terrestribus,
1083 1876 1186 1932 sed
1218 1875 1522 1932 navalibus
1563 1892 1796 1948 quoque
1845 1879 1970 1931 arte
2011 1893 2075 1932 ac

431 1983 664 2039 solertia
703 1983 1046 2056 praestabis;
1099 1981 1313 2056 quibus
1360 1983 1634 2038 omnibus
1688 1982 1870 2040 animi
1915 1982 2076 2052 vigor

431 2091 639 2147 mirum
673 2091 731 2146 in
765 2091 1002 2147 modum
1031 2094 1298 2164 augetur.
1331 2090 1475 2146 Nam
1508 2090 1558 2146 si
1583 2098 1742 2146 terrae
1767 2090 2074 2146 continen-

429 2199 506 2254 tis
526 2197 730 2267 solius,
761 2203 862 2254 aut
882 2198 1066 2254 solius
1098 2197 1278 2254 maris
1299 2213 1541 2270 regnum
1561 2201 1809 2266 teneres,
1832 2197 2071 2253 alterius

427 2306 725 2376 utriusque
737 2309 968 2360 tantum
990 2321 1190 2360 curam
1215 2304 1458 2361 haberes
1484 2320 1497 2372 ;
1517 2305 1617 2360 sed
1641 2304 1739 2360 ubi
1761 2305 1818 2359 in
1835 2310 2071 2360 utrum-

427 2429 538 2486 que
567 2411 900 2480 dominaris,
934 2413 990 2467 id
1022 2413 1128 2467 tibi
1160 2412 1490 2468 faciendum
1521 2413 1630 2469 erit
1671 2415 1735 2467 ut
1765 2411 2069 2483 utriusque

427 2505 754 2559 moderator
791 2517 918 2558 esse
967 2501 1240 2557 videaris.
1290 2501 1433 2557 Nam
1475 2501 1524 2558 si
1577 2517 1761 2556 unum
1810 2501 2068 2557 curando

425 2611 674 2666 alterum
715 2609 978 2681 negligis,
1013 2609 1236 2664 medico
1270 2609 1484 2664 similis
1513 2625 1574 2663 es
1617 2608 1792 2664 unius
1824 2611 2069 2664 tantum-

423 2718 594 2772 modo
626 2716 879 2788 corporis
905 2731 1106 2771 curam
1137 2717 1372 2786 gerenti.
1405 2718 1530 2771 Imo
1561 2731 1718 2783 eum,
1765 2731 1938 2786 quem
1971 2715 2068 2770 ni-

423 2825 505 2881 hil
535 2841 729 2895 curas,
753 2824 1014 2894 subigere
1037 2821 1180 2879 velle
1201 2823 1487 2878 videberis
1511 2841 1524 2892 ;
1581 2829 1638 2879 at
1661 2828 1725 2878 tu
1749 2828 2064 2896 utrumque

422 2933 528 2989 sub
561 2940 612 2988 te
641 2931 854 2987 habere
877 2931 1085 2986 tendis.
1119 2930 1397 3002 Equidem
1439 2935 1494 2986 te
1541 2931 1860 2987 absurdum
1904 2933 2068 2988 dice-

421 3057 541 3096 rem
575 3040 645 3110 si,
681 3045 742 3095 ut
765 3037 1037 3095 utriusvis
1057 3039 1330 3094 dominus
1355 3039 1482 3104 ﬁas,
1515 3040 1610 3110 qui
1636 3056 1792 3095 nunc
1822 3040 2060 3111 quidem

419 3148 678 3204 nondum
727 3163 810 3215 es,
871 3161 1168 3202 summum
1228 3146 1530 3202 adhiberes
1579 3147 1866 3216 studium,
1911 3153 1966 3204 et
2012 3148 2062 3204 si

2201 569 2322 620 τέον
2355 567 2414 622 ἂν
2445 566 2529 638 εἴη
2563 589 2646 625 σοι
2681 569 2917 642 μάλιστα
2966 567 3054 624 διὰ
3091 576 3260 627 ταῦτα
3304 575 3403 644 τήν
3458 595 3516 628 τε
3545 578 3728 650 ψυχὴν
3779 579 3837 633 τό

2201 675 2260 710 τε
2317 660 2498 730 σῶμα,
2553 657 2616 712 τὸ
2678 659 2772 731 μὲν
2825 659 3074 734 συνεχέσι
3133 662 3320 722 πόνοις
3377 664 3468 717 καὶ
3523 667 3838 738 γυμνασίοις

2199 743 2546 816 πολεμικοῖς,
2605 750 2695 800 νῦν
2771 749 2864 820 μὲν
2930 747 3018 804 ἐπὶ
3073 752 3244 827 θήρας
3313 751 3505 821 ἐξίοντι
3554 755 3645 808 καὶ
3703 777 3838 828 συμ-

2199 829 2409 893 πλοκὰς
2471 829 2679 905 ἄρκτων
2729 853 2786 888 τε
2843 834 2934 889 καὶ
2985 839 3126 890 συῶν
3163 837 3254 891 καὶ
3284 837 3362 890 ὧν
3391 836 3597 908 ἔξεστι·
3631 845 3722 894 νῦν
3783 839 3837 897 δὲ

2201 921 2318 992 μετ’
2349 917 2555 994 ἀνδρῶν
2597 920 2654 974 εὖ
2685 920 2908 976 εἰδότων
2953 924 3163 997 μάχης,
3194 925 3283 978 καὶ
3313 925 3594 988 τοιούτους
3637 925 3702 998 δή
3753 948 3834 983 τι-

2195 1030 2288 1072 νας
2335 1009 2426 1064 καὶ
2473 1010 2600 1074 τοὺς
2645 1009 2853 1074 ἄλλους
2901 1010 2957 1066 εὗ
3009 1012 3158 1085 μάλα
3185 1019 3361 1068 ποιεῖν
3403 1012 3738 1088 δυναμένων,
3771 1018 3836 1072 τὰ

2195 1098 2421 1152 τακτικᾶ
2471 1097 2804 1170 μελετῶντι·
2855 1099 3002 1156 ἀλλά
3053 1101 3148 1174 μὲν
3195 1103 3284 1156 καὶ
3339 1105 3440 1172 τήν
3497 1107 3680 1180 ψυχὴν
3737 1106 3838 1178 μά-

2197 1185 2338 1242 λιστ’
2369 1185 2428 1240 ἂν
2457 1187 2707 1264 ἐργάσαιο
2737 1188 2912 1258 καλήν
2953 1190 3044 1244 καὶ
3091 1191 3356 1266 γενναίαν,
3387 1194 3475 1248 καὶ
3525 1196 3671 1249 ταῦτ’
3701 1195 3835 1251 αὖτό

2198 1275 2356 1347 μένος
2413 1278 2694 1332 πνείουσαν
2751 1279 2841 1332 καὶ
2895 1277 3042 1342 ὅλως
3082 1281 3350 1354 ἡρωϊκὴν,
3385 1281 3472 1336 ἐὰν
3517 1282 3608 1345 οὓς
3639 1281 3727 1338 ἔπ’
3757 1283 3836 1339 εύ-

2192 1363 2367 1439 ψυχίᾳ
2415 1365 2506 1420 καὶ
2553 1360 2737 1442 ἔργοις
2785 1367 3023 1442 ἀρίστοις
3072 1389 3131 1422 τε
3180 1369 3272 1424 καὶ
3309 1371 3583 1445 μεγίστοις
3613 1374 3834 1446 θαυμά-

2195 1459 2299 1523 ζειν
2359 1453 2560 1528 ἔχομεν
2613 1461 2722 1510 τῶν
2781 1455 3052 1532 ἀρχαίων,
3117 1457 3258 1534 πρὸς
3327 1459 3555 1522 τούτους
3641 1464 3832 1518 σαυτὸν

2189 1544 2492 1618 ἀπευθύνῃς
2543 1550 2612 1619 τῇ
2659 1547 2968 1618 καθημέραν
3017 1545 3244 1622 μελέτῃ,
3275 1549 3362 1603 καὶ
3415 1547 3495 1621 τῷ
3540 1556 3657 1614 τοῖς
3699 1553 3833 1628 ὑπὲρ

2187 1635 2364 1689 αὐτῶν
2413 1632 2602 1708 λόγοις
2652 1632 2829 1703 ἡδέως
2878 1639 3106 1690 συνεῖναί
3161 1659 3220 1691 τε
3271 1639 3364 1692 καὶ
3413 1645 3616 1714 συζῇν·
3670 1641 3832 1697 Ἀλέο

2185 1720 2402 1798 ξανδρον
2429 1728 2559 1799 γοῦν
2593 1723 2877 1780 Φιλίππου
2907 1727 2998 1779 καὶ
3043 1724 3420 1800 συγκαθεύδειν
3468 1735 3584 1792 τοῖς
3643 1727 3830 1786 ἔπεσιν

2186 1817 2429 1886 Ὁμήρου
2495 1836 2672 1889 φασιν.
2706 1815 2859 1870 Οὕτω
2909 1815 3012 1890 γὰρ
3071 1815 3130 1870 ἃν
3187 1814 3276 1870 διὰ
3327 1820 3542 1873 πάντων
3591 1821 3830 1892 τούτων,

2186 1905 2326 1976 ὁμοῦ
2389 1905 2482 1975 μὲν
2531 1902 2839 1980 ἐρῥωμένος
2889 1903 3010 1975 ε’ίης
3059 1905 3149 1960 καὶ
3197 1912 3312 1968 τοῖς
3362 1906 3514 1969 ὅλοις
3566 1908 3624 1963 εὖ
3654 1907 3827 1985 ἔχων,

2185 1995 2324 2066 ὁμοῦ
2374 1991 2561 2048 δὲκαὶ
2621 1998 2729 2048 τῶν
2785 1994 3104 2066 πολεμικῶν
3163 1995 3343 2070 ἄκρως
3407 1999 3684 2073 τεχνίτης,
3739 2003 3830 2055 καὶ

2187 2080 2356 2156 μηδὲν
2409 2077 2636 2138 ἔλαττον
2693 2079 2840 2160 ἔχων
2893 2088 3002 2138 τῶν
3063 2084 3451 2160 γεγηρακότων
3493 2086 3546 2142 ἐν
3580 2089 3828 2163 μάχαις·

2183 2169 2520 2246 στρατόπεδα
2569 2170 2626 2226 δὲ
2677 2174 2766 2226 καί
2811 2172 2950 2228 κατᾶ
2996 2173 3262 2229 θάλατταν
3313 2174 3542 2231 πλεῖστα
3591 2177 3690 2250 μέν
3743 2199 3830 2234 σοι

2181 2260 2270 2314 καὶ
2328 2259 2598 2316 κάλλιστα
2653 2259 2814 2330 ἔστω,
2877 2261 2968 2315 καὶ
3025 2261 3338 2334 πολεμικῆς
3407 2265 3480 2326 ὡς
3540 2264 3715 2321 εἰπεῖν
3775 2265 3833 2322 εὗ

2179 2351 2385 2420 ἥκοντα
2441 2350 2640 2425 τέχνης
2697 2351 2788 2406 καὶ
2831 2350 3018 2426 πείρας
3045 2369 3058 2384 ·
3099 2350 3151 2406 ἐν
3211 2353 3389 2426 τούτῳ
3447 2354 3550 2429 γάρ
3581 2353 3695 2411 ἐστι
3735 2359 3827 2412 καὶ

2181 2440 2238 2494 τὸ
2295 2441 2430 2514 πρὸς
2497 2440 2764 2514 εὐψυχίαν
2819 2439 2894 2502 ὡς
2957 2439 3193 2514 μάλιστα
3234 2439 3552 2503 διακεῖσθαι.
3607 2445 3670 2499 Εἴ
3729 2447 3826 2519 μὲν

2176 2531 2278 2606 γὰρ
2313 2533 2483 2604 μόνης
2515 2537 2619 2607 γῆς
2659 2531 2694 2600 ἢ
2729 2531 3002 2604 Θαλάττης
3049 2533 3244 2608 ἦρχες,
3281 2533 3454 2606 μόνης
3508 2533 3568 2588 ἂν
3617 2535 3828 2607 ταύτης

2177 2618 2516 2697 ἐφρόντιζες·
2547 2618 2734 2694 ἅρχων
2791 2617 2848 2674 δὲ
2894 2621 3179 2694 ἑκατέρων,
3213 2619 3424 2684 δίκειος
3471 2623 3530 2678 ἂν
3583 2621 3828 2695 ε’ίης,ὡς

2177 2707 2236 2764 ἂν
2281 2712 2368 2764 καὶ
2422 2711 2610 2783 ἄρχειν
2657 2709 2924 2786 ἑκατέρων
2971 2707 3157 2784 δοκῇς.
3189 2709 3256 2766 Εἴ
3286 2707 3343 2764 δὲ
3389 2716 3486 2766 τοῦ
3522 2713 3617 2786 μὲν
3649 2735 3826 2790 φρον-

2175 2801 2362 2872 τίζεις,
2401 2805 2500 2855 τοῦ
2541 2798 2596 2854 δὲ
2657 2802 2758 2872 μὴ,
2809 2805 2998 2875 πρῶτα
3049 2799 3165 2872 μὲν,
3225 2801 3269 2854 ὧ
3330 2800 3576 2874 βασιλεῦ,
3633 2798 3825 2868 ἔοικας

2177 2889 2346 2964 ἰατρῷ
2404 2889 2516 2952 ἑνός
2563 2911 2706 2951 τινος
2757 2890 3032 2962 σώματος,
3061 2890 3124 2944 τὸ
3175 2889 3272 2962 μὲν
3325 2889 3475 2954 ὅπως
3512 2893 3644 2947 αὐτὸ
3673 2894 3820 2949 καλ-

2177 2976 2338 3034 λιστα
2391 2975 2494 3050 ἕξει
2552 2977 2726 3034 πάντα
2781 2983 3052 3048 ποιοῦντι,
3085 2978 3310 3052 θατέρου
3371 2975 3428 3034 δὲ
3491 2979 3822 3054 μηδοντινσ-

2179 3071 2302 3121 σοῦν
2358 3068 2672 3142 τοπαράπαν
2723 3065 2902 3141 ἔχοντι
2966 3065 3167 3140 λόγον·
3229 3064 3412 3123 ἔπειτα
3467 3071 3558 3124 καὶ
3615 3069 3824 3145 δόξεις,

2179 3155 2240 3211 οὗ
2288 3157 2381 3232 μὲν
2429 3159 2754 3234 φροντίζεις,
2783 3155 2980 3211 τούτου
3025 3155 3117 3210 καὶ
3147 3155 3342 3231 ἄρχειν
3374 3156 3576 3214 ἐθέλειν
3603 3180 3616 3193 ·
3659 3162 3730 3216 οὗ
3765 3161 3826 3218 δὲ

417 3255 720 3314 amborum
754 3253 1028 3309 dominus
1059 3269 1140 3322 es,
1175 3254 1350 3309 unius
1381 3257 1610 3310 tantum
1645 3271 1845 3310 curam
1895 3271 2052 3326 gere-

2171 3249 2272 3320 μή,
2322 3246 2517 3302 τούτου
2570 3245 2700 3320 μηδ’
2748 3244 2976 3326 ἄρχειν·
3029 3249 3091 3304 σὺ
3150 3247 3208 3304 δὲ
3255 3245 3574 3323 ἀμφοτέρων
3621 3249 3826 3325 ἄρχειν

415 3381 527 3432 res,
559 3363 698 3419 dum
731 3363 932 3420 ambos
963 3364 1162 3420 eadem
1229 3363 1532 3436 diligentia
1578 3365 1846 3436 amplecti
1892 3373 2050 3421 tuum

413 3476 518 3530 est.

469 3961 524 4017 9.
559 3961 776 4018 Idcirco
807 3961 1106 4034 cepiarum
1139 3964 1194 4016 et
1235 3959 1592 4033 pedestrium
1643 3963 1699 4015 et
1749 3959 2039 4016 navalium

398 4081 631 4122 summa
660 4065 806 4122 ratio
838 4071 926 4122 est
947 4065 1282 4121 habendaet
1303 4065 1360 4120 id
1391 4066 1704 4136 agendum,
1732 4069 1795 4119 ut
1827 4071 2038 4122 nostris

396 4172 629 4242 quidem
652 4189 782 4229 cum
795 4173 1018 4229 viribus
1045 4173 1261 4228 nostris
1285 4177 1340 4228 et
1362 4171 1644 4243 dignitate
1667 4179 1763 4226 tua
1794 4187 2038 4228 concor-

396 4279 556 4346 dent,
589 4279 670 4335 ita
701 4285 894 4335 tamen
927 4283 988 4334 ut
1018 4283 1347 4336 exterarum
1381 4281 1436 4334 et
1461 4277 1809 4333 continentis
1859 4293 1888 4334 e
1949 4295 2040 4335 re-

389 4385 558 4455 gione
579 4385 719 4442 ratio
743 4385 901 4442 nulla
926 4385 1226 4456 habeatur,
1271 4386 1447 4456 idque
1512 4401 1626 4440 non
1670 4384 1860 4441 solum
1900 4385 2036 4457 quia

385 4491 676 4547 exercitus
697 4508 786 4547 res
819 4491 1212 4563 pulcherrima
1253 4496 1311 4548 et
1369 4490 1697 4554 utilissima,
1753 4499 1814 4546 ut
1871 4493 2033 4548 brevi

2162 3335 2406 3400 ἐθέλεις·
2455 3335 2656 3392 ἄτοπον
2707 3336 2764 3392 δέ
2818 3359 2912 3411 μοι
2964 3336 3114 3396 δοκεῖ
3173 3341 3261 3396 καὶ
3314 3339 3538 3416 ἀλογίας
3589 3342 3820 3413 μεστὸν,

2164 3426 2389 3500 θατέρου
2441 3425 2534 3498 μὲν
2589 3423 2738 3500 ε’ίπερ
2815 3426 2914 3481 οὐκ
2969 3427 3116 3496 ἦσθα
3171 3431 3384 3504 κύριος,
3440 3435 3614 3484 πᾶσαν
3673 3431 3817 3504 ὑπὲρ

2157 3519 2256 3570 τοῦ
2313 3515 2554 3590 γενέσθαι
2617 3515 2802 3590 κύριον
2860 3515 3060 3572 θ’ίεσθαι
3141 3516 3250 3573 δεῖν
3305 3517 3565 3597 εἷσερέρειν
3639 3541 3817 3574 σπου-

2161 3603 2281 3673 δήν,
2333 3602 2573 3680 ἄρχοντα
2621 3603 2679 3660 δὲ
2725 3605 3066 3684 ἀμφοτέρων,
3100 3607 3325 3684 θατέρου
3370 3609 3533 3681 μόνον
3579 3610 3671 3666 καὶ
3725 3612 3806 3682 μή

2159 3695 2478 3770 ἀμφοτέρων
2531 3695 2765 3750 τίθεσθαι
2825 3693 3017 3772 λόγον,
3047 3696 3136 3752 καὶ
3192 3699 3292 3767 τήν
3341 3697 3467 3771 περὶ
3513 3701 3620 3752 τῶν
3649 3697 3810 3754 ὅλων

2156 3785 2341 3860 σκέψιν
2399 3785 2450 3840 ἒν
2507 3785 2685 3860 τούτῳ
2740 3785 2890 3860 μόνῳ
2937 3787 3206 3863 χωλεύειν
3261 3787 3372 3861 ὲᾷν,
3432 3789 3520 3843 καὶ
3573 3791 3643 3844 τὰ
3701 3793 3808 3860 τῆς

2153 3877 2412 3951 προνοίας
2445 3875 2494 3948 ἐξ
2525 3876 2779 3950 ἡμισείας
2811 3873 2988 3933 δοκεῖν
3020 3878 3322 3953 γίγνεσθαι.

2223 3967 2286 4023 θ’.
2318 3968 2554 4042 Ἀναγκη
2599 3965 2776 4020 τοίνυν
2845 3967 2934 4020 καὶ
2977 3970 3146 4036 πεζῆς
3195 3967 3285 4022 καὶ
3334 3975 3592 4039 ναυτικῆς
3639 3966 3808 4026 δυνά-

2153 4077 2298 4129 μεως
2343 4057 2512 4110 πάντα
2561 4057 2860 4110 ποιεῖεσθαι
2909 4055 3074 4132 λόγον
3101 4077 3116 4090 ·
3163 4057 3366 4120 οίκείας
3430 4060 3615 4132 μέντοι
3661 4061 3800 4116 ταύ-

2147 4169 2247 4218 της
2295 4147 2512 4202 καὶτοῦ
2541 4148 2658 4200 καθ’
2688 4149 2840 4221 ἡμᾶς
2886 4145 3216 4223 καταλόγου,
3247 4149 3337 4203 καὶ
3385 4149 3530 4211 ὅλως
3577 4155 3658 4221 τῷ
3718 4157 3804 4226 σῷ

2145 4238 2329 4311 κράτει
2391 4235 2628 4308 μάλιστα
2698 4237 3130 4310 προσηκούσης·
3173 4239 3382 4310 ξενικῆς
3429 4236 3486 4294 δὲ
3535 4237 3802 4310 οὖδηστι-

2145 4330 2336 4380 νοσοῦν
2381 4324 2499 4380 οὐδ’
2531 4325 2590 4380 ἐκ
2637 4331 2736 4395 τῆς
2787 4323 3074 4400 ἀντιπέρας
3111 4329 3340 4402 ἡπειρου
3366 4346 3380 4360 ·
3413 4328 3475 4382 οὗ
3511 4329 3672 4402 μόνον
3705 4331 3800 4387 ὅτι

2143 4417 2205 4470 τὸ
2252 4423 2352 4485 τῆς
2399 4419 2646 4490 στρατιᾶς
2695 4412 2962 4486 δήπουθεν
3013 4423 3208 4491 χρῆμα
3239 4415 3539 4474 κάλλιστον
3569 4421 3657 4474 καὶ
3699 4420 3798 4476 λυ-

2140 4509 2512 4564 σιτελέστατον
2554 4511 2643 4563 καὶ
2673 4507 3025 4587 κοινωφελές,
3059 4509 3106 4564 εἱ
3148 4507 3230 4566 δεῖ
3271 4511 3428 4588 φάναι
3481 4513 3798 4587 συντόμως,

388 4599 601 4667 dicam,
625 4600 847 4670 optima
878 4617 1008 4655 cum
1041 4600 1116 4657 sit
1165 4615 1456 4654 summam
1499 4615 1698 4654 curam
1728 4599 1899 4672 exigit
1940 4603 2030 4657 ut-

2168 4621 2205 4653 ιν
2263 4601 2398 4672 ἡμῖν
2443 4599 2666 4676 ἀγαθὸν,
2701 4598 2960 4673 μεγίστης
3009 4598 3096 4654 ὅτι
3147 4599 3384 4672 μάλιστα
3413 4601 3632 4670 καὶτῆς
3659 4607 3800 4678 παρ’

389 4709 521 4776 pote
545 4705 646 4776 qui
677 4705 1029 4761 nostralibus
1058 4723 1124 4760 ac
1157 4707 1227 4762 iis
1259 4707 1358 4776 qui
1391 4705 1564 4761 rebus
1597 4705 1812 4761 nostris
1845 4707 2035 4762 favent

383 4811 688 4878 consistit;
724 4813 824 4868 sed
853 4812 1026 4868 etiam
1063 4813 1218 4884 quod
1249 4813 1384 4868 socii
1416 4828 1482 4868 ac
1515 4813 1851 4867 mercenarii
1884 4829 2031 4884 quos

378 4918 438 4974 in
471 4919 789 4976 exercitum
823 4925 1088 4977 nostrum
1123 4921 1458 4991 recipimus,
1491 4920 1626 4990 quia
1683 4919 2026 4975 fortitudine

377 5023 594 5094 pollere
615 5025 900 5092 videntur,
927 5043 1040 5082 non
1067 5027 1268 5098 utique
1293 5031 1430 5082 sunt
1461 5024 1560 5097 qui
1591 5041 1716 5081 esse
1735 5025 2026 5096 videntur,

377 5131 592 5186 nedum
621 5132 761 5187 satis
793 5133 956 5188 bona:
991 5131 1122 5188 ﬁdei
1157 5136 1296 5188 sunt
1325 5147 1460 5203 erga
1491 5147 1618 5196 nos,
1667 5135 1732 5185 ut
1779 5131 2022 5186 fortuna

373 5240 588 5292 nostrae
619 5237 843 5294 sincere
875 5238 1188 5311 participes
1219 5253 1346 5293 esse
1369 5237 1571 5305 velint,
1597 5237 1736 5304 imo,
1757 5239 2024 5306 quamvis

372 5358 464 5398 res
495 5347 727 5398 nostras
760 5344 1064 5415 adjuturos
1096 5361 1224 5400 sese
1253 5344 1642 5416 polliceantur
1681 5343 1854 5413 idque
1877 5359 2021 5414 gra-

369 5449 628 5506 vissimis
658 5451 950 5508 afﬁrmare
979 5453 1282 5507 videantur
1301 5451 1666 5522 iuramentis,
1691 5449 1873 5505 nihilo
1897 5467 2019 5506 ma-

371 5555 459 5626 gis
509 5557 582 5612 iis
643 5559 1054 5614 conﬁdendum
1127 5560 1258 5614 erit.
1302 5559 1444 5612 Cum
1507 5557 1662 5612 enim
1709 5555 1853 5611 nihil
1903 5558 2015 5613 nisi

369 5663 670 5734 proprium
710 5667 1080 5724 commodum
1112 5666 1186 5723 ob
1215 5665 1416 5723 oculos
1473 5664 1710 5734 habent,
1753 5665 2012 5738 quandiu

2142 4689 2300 4760 ἡμῶν
2351 4683 2522 4740 δεῖται
2573 4687 2855 4760 προνοίας,
2889 4687 2964 4748 ὡς
3014 4685 3062 4756 ἔξ
3107 4687 3388 4764 ἡμετέρων
3419 4710 3476 4744 τε
3507 4691 3594 4745 καί
3627 4693 3802 4762 συνή-

2142 4775 2247 4830 θων
2277 4776 2363 4830 καὶ
2399 4773 2534 4829 οτίων
2565 4773 2698 4848 ὑπὲρ
2729 4779 2836 4830 τῶν
2877 4777 3011 4848 ἡμῖν
3067 4776 3447 4852 συμφερόντων
3479 4777 3600 4833 ὅσαι
3647 4781 3800 4854 ὧραι

2139 4863 2441 4944 φροντίζειν
2485 4864 2712 4934 ταυτηνὶ
2770 4863 3110 4937 καθεστάναι,
3158 4863 3285 4920 ἀλλ’
3337 4867 3420 4921 ὅτι
3467 4867 3556 4922 καὶ
3601 4867 3698 4930 οὓς
3745 4868 3804 4924 ἐν

2135 4959 2251 5014 τοῖς
2310 4954 2600 5027 ἡμετέροις
2663 4951 3025 5028 στρατεύμασι
3102 4950 3548 5028 προσλαμϐάνειν
3595 4957 3802 5014 εἰώθα-

2140 5064 2233 5116 μεν
2283 5041 2460 5113 ξένους
2511 5039 2600 5096 ἐπὶ
2647 5047 2726 5112 τῷ
2763 5043 2931 5116 μείζω
2975 5040 3149 5098 δοκεῖν
3181 5042 3326 5119 ἔχειν
3357 5043 3600 5119 δύναμιν,
3633 5046 3798 5104 οὗτοι

2135 5133 2330 5194 πάντες
2379 5132 2486 5206 οὐχ
2538 5131 2566 5186 ’ὀ
2615 5131 2868 5206 λέγονται
2920 5130 3247 5202 δείκνυνται,
3279 5131 3404 5190 οὐδὲ
3441 5141 3558 5197 τοῖς
3589 5136 3798 5210 ἑλομέο

2134 5243 2247 5284 νοις
2299 5221 2560 5300 ἀσφαλεῖς
2619 5221 2752 5276 εἰσιν
2811 5219 2976 5292 εὖνοι,
3011 5223 3085 5284 ὡς
3135 5225 3226 5278 καὶ
3283 5229 3392 5279 τῶν
3444 5225 3526 5304 ἐφ’
3555 5225 3799 5301 ἑκάτερα

2135 5309 2455 5387 μεταϐολῶν
2505 5317 2781 5368 κοινωνεῖν
2819 5310 3033 5376 τούτοις
3081 5311 3307 5384 ἐθελειν,
3341 5313 3488 5370 ἀλλὰ
3541 5313 3637 5370 κᾶν
3675 5338 3790 5389 μυο

2131 5409 2308 5484 ριοίκις
2357 5407 2425 5461 τά
2479 5408 2526 5480 γ’
2586 5405 2826 5480 ἡμέτερα
2883 5410 3024 5486 φῶσι
3109 5403 3445 5482 πρεσϐεύειν,
3504 5407 3599 5464 κᾶν
3659 5416 3790 5474 τοῖς

2127 5495 2586 5578 φρικωδεστάτοις
2617 5501 2725 5550 τῶν
2760 5497 2936 5570 ὅρκων
2969 5498 3309 5572 χρήσωνται,
3343 5495 3496 5552 οὐδὲν
3553 5497 3788 5572 μᾶλλον

2125 5586 2231 5642 ἔστ’
2263 5587 2450 5648 αὐτοῖς
2484 5584 2832 5660 προσεκτέον,
2859 5587 3029 5640 πάντα
3073 5583 3287 5660 μᾶλλον
3322 5584 3469 5644 οὖσιν
3503 5587 3540 5658 ἢ
3581 5593 3778 5648 τοῦτο.

2125 5677 2267 5750 Πρὸς
2327 5674 2431 5753 γὰρ
2491 5675 2554 5730 τὸ
2621 5674 2796 5758 σφίσιν
2871 5673 3059 5739 αὐτοῖς
3131 5673 3449 5734 λυσιτελοῦν
3523 5677 3778 5753 καθάπαξ
