4154 6216
298 350 395 409 461

1406 342 1699 405 ORATIO
1742 340 1844 402 DE
1890 340 2112 405 REGIS
2154 342 2512 406 OFFICIIS.

3540 349 3661 411 462

304 483 607 549 σκοποῦντες,
644 477 752 542 ἕως
813 482 906 554 μὲν
961 475 1022 532 ἂν
1081 479 1230 549 ἡμᾶς
1292 478 1351 531 εὖ
1417 478 1751 550 πράττοντας
1809 474 1901 529 καὶ

2018 493 2110 535 res
2130 484 2359 535 nostras
2382 479 2593 549 salvas,
2610 481 3006 553 nosqueipsos
3030 480 3299 540 hostibus
3333 485 3661 556 superiores

300 579 387 629 τῶν
410 569 677 642 πολεμίων
724 568 1003 644 κρείττους
1046 568 1240 641 ὁρῶσι,
1288 568 1389 635 τήν
1444 565 1772 640 γιγνομένην
1820 564 1912 619 καὶ

302 662 424 717 οὗτοι
465 661 696 729 σώζουσι
740 658 909 731 τάξιν.
954 658 1119 713 Ἐπὰν
1162 653 1221 711 δέ
1266 676 1401 710 ποτε
1439 655 1585 731 τύχῃ
1631 653 1738 709 τινὶ
1779 674 1915 733 σφα-

302 749 479 822 λῶμεν,
528 750 620 804 καὶ
676 747 940 803 τάκείνων
1003 746 1277 820 ὑπέρσχῃ,
1344 744 1500 806 εὐθὺς
1561 741 1741 815 ὥσπερ
1797 744 1917 798 τινὰ

298 839 624 915 κρουσάμενοι
699 839 974 912 πρύμναν,
1047 833 1451 907 αὐτομολοῦσιν
1548 832 1740 902 ἐκεῖσε,
1824 832 1915 886 καὶ

298 929 418 1002 πρὸς
470 925 562 989 οῦς
625 927 743 1001 μεθ’
797 928 961 997 ἡμῶν
1019 922 1437 998 παρετάττοντο,
1509 922 1642 994 μετά
1706 921 1912 975 τούτων

296 1021 413 1090 ἡμῖν
464 1016 695 1087 ἐπίασιν,
755 1017 897 1089 ὁμοῦ
970 1015 1065 1089 μὶν
1133 1013 1491 1087 θρασυτέρους
1546 1010 1782 1073 ἐκείνους
1833 1010 1917 1066 ἐν-

294 1108 452 1161 τεῦθεν
515 1107 1015 1181 παρασκευάζοντες
1084 1104 1199 1158 καθ’
1234 1104 1440 1181 ἡμῶν,
1500 1102 1641 1173 ὁμοῦ
1712 1098 1770 1155 δὲ
1823 1101 1915 1156 καὶ

290 1200 392 1258 τοῖς
436 1194 727 1270 ἡμετέροις
776 1192 982 1249 δειλίαν
1030 1191 1258 1256 ἒνιέντες
1304 1192 1394 1246 καὶ
1446 1185 1638 1268 φόϐον,
1685 1189 1775 1245 καὶ
1827 1188 1918 1244 ⁶ίνα

293 1287 360 1357 μή
390 1284 548 1359 λέγω,
594 1282 869 1346 πολλάκις
908 1283 999 1338 καὶ
1037 1280 1283 1338 κίνδυνον
1306 1286 1324 1313 ⁴
1374 1278 1615 1350 ἐπίδοξοί
1663 1299 1805 1340 τινες
1835 1278 1919 1334 ὄν-

286 1395 363 1436 τες
410 1374 506 1429 οῦκ
569 1372 819 1448 ὀλιγάκις
868 1372 929 1428 ἂν
970 1373 1120 1428 ταῦτ’
1167 1369 1445 1447 εἷργάσθαι
1492 1369 1628 1424 κατᾶ
1671 1370 1735 1424 τὸ
1783 1369 1917 1443 ξυμ-

297 1457 463 1516 ϐαῖνον
518 1470 623 1533 τῆς
684 1462 864 1541 τύχης
902 1481 916 1496 ’
973 1460 1148 1524 οὕτως
1221 1458 1471 1521 ἀπιστίας
1527 1458 1617 1513 καὶ
1682 1459 1915 1520 πίστεως

285 1548 505 1630 ἔχοντες,
567 1556 688 1614 πῶς
734 1553 836 1621 τήν
907 1550 1175 1625 ἡμετὲραν
1253 1549 1506 1625 στρατιὰν
1566 1548 1626 1604 ἐκ
1681 1548 1914 1610 τούτων,

284 1641 398 1698 ἀλλ’
427 1640 522 1697 οίικ
565 1640 617 1715 ἐξ
668 1640 741 1697 ὧν
786 1638 919 1719 ἔφην
972 1640 1118 1701 εἰκὸς
1176 1639 1624 1715 συγκροτεῖσθαι;
1674 1637 1774 1692 Καὶ
1808 1639 1918 1711 μὴν

284 1730 324 1785 εἰ
351 1730 714 1809 πολυχειρίαν
747 1732 841 1805 μὲν
880 1729 1146 1804 εὐψυχίας
1190 1727 1433 1795 ἀκούσης
1473 1727 1582 1802 οὐχ
1621 1726 1770 1789 ὅπως
1817 1726 1917 1781 οὖ-

284 1820 443 1896 δαμοῦ
506 1824 739 1879 πώποτε
803 1820 1235 1899 περιγενομένην
1306 1817 1421 1875 ούὸ’
1487 1819 1547 1873 ἂν
1614 1821 1691 1880 εἷς
1744 1817 1914 1874 εἰπεῖν
1947 1841 1993 1907 Β

277 1908 409 1987 ἔχοι,
458 1911 608 1968 ἀλλᾶ
652 1912 743 1967 καὶ
787 1918 891 1967 πᾶν
937 1909 1248 1967 τούναντίον
1304 1907 1616 1983 ἐπασταχοῦ
1673 1906 1913 1980 νικωμέ-

276 2024 361 2071 νην
389 2022 401 2035 ο
432 2001 723 2077 ξεύψυχίας
775 1999 855 2069 δὲ,
902 2000 1130 2065 καὶτῆς
1179 1998 1378 2054 ἐκεῖθεν
1430 1995 1750 2072 συμμαχίας
1798 2016 1912 2071 χω-

276 2091 388 2166 ρίςσ
432 2088 898 2165 παραδειγμάτων
948 2090 1086 2160 ἅπαξ
1118 2089 1146 2143 ὁ
1197 2089 1321 2163 βίος
1373 2086 1604 2161 μεστός·
1656 2083 1781 2141 οὐδὲ
1821 2085 1911 2142 σοί

277 2180 322 2255 γ’
356 2178 518 2251 αύτῷ,
572 2177 823 2251 βασιλεῦ,
872 2178 1009 2251 πρὸς
1059 2176 1142 2240 οἷς
1194 2172 1340 2252 ἔχεις
1383 2176 1767 2252 στρατεύμασι,
1816 2174 1908 2229 καὶ

275 2271 469 2341 ξενικοῦ
522 2289 677 2330 τινος
731 2268 919 2342 ἑτέρου
974 2263 1200 2342 προσδεῖ
1233 2284 1249 2298 ⁸
1309 2265 1631 2340 ἀποχρῶσιν
1689 2263 1746 2320 εὖ
1786 2259 1907 2319 όῖδα

274 2358 476 2419 τούτοις
550 2358 642 2411 καὶ
705 2357 955 2427 πλήθους
1021 2353 1198 2410 ε’ίνεκα
1259 2355 1350 2409 καὶ
1414 2358 1762 2429 παρασκευῆς
1815 2352 1906 2407 καὶ

273 2452 362 2517 τῆς
390 2447 512 2521 περὶ
547 2447 646 2510 τὰς
678 2444 859 2520 μάχας
887 2443 1150 2519 εὐψυχίας
1184 2444 1275 2499 καὶ
1307 2441 1526 2517 τόλμης
1563 2441 1689 2499 τοὺς
1737 2440 1906 2498 πολε-

277 2537 424 2611 μίους
452 2534 786 2608 ἐκπλήττειν
812 2557 870 2592 τε
898 2535 989 2592 καὶ
1021 2530 1232 2613 φοϐεῖν.

341 2717 388 2775 ι’.
419 2718 519 2773 Καὶ
566 2715 792 2791 μάλιστ’
831 2717 955 2772 ὅταν
1002 2714 1063 2771 ἐκ
1104 2713 1418 2790 περιουσίας
1469 2713 1697 2777 τούτους
1746 2712 1907 2779 αὐτὸς

273 2804 325 2859 εὖ
352 2810 520 2861 ποιῶν
551 2805 659 2882 ᾖς’
714 2805 857 2861 οὕτω
902 2806 1002 2880 γὰρ
1051 2802 1111 2859 ἃν
1156 2805 1601 2879 προθυμοτέρους
1650 2803 1905 2880 ἐργάσαιο

269 2895 383 2971 περὶ
417 2897 609 2972 μάχας
637 2895 728 2952 καὶ
751 2898 990 2972 χρῆσθαι
1039 2892 1303 2957 καλλίους
1330 2914 1343 2929 σ
1396 2894 1487 2958 οὓς
1520 2898 1664 2974 χρῆν
1703 2896 1757 2949 ἐν
1809 2896 1903 2968 μὲν

270 2982 445 3060 εἰρήνῃ
501 2988 580 3059 μὴ
637 2990 772 3063 σφᾶς
821 2984 1018 3049 αὐτοὺς
1069 2985 1308 3063 ἀγνοεῖν,
1360 2982 1489 3058 μηδ’
1535 2982 1762 3058 ἀμελεῖν
1808 2987 1906 3038 τοῦ

262 3078 676 3151 προσρήματος,
726 3075 810 3152 ἐφ’
857 3072 890 3131 ἆ
939 3078 1013 3149 μὴ
1063 3082 1308 3151 προσῆκε
1360 3079 1679 3153 χωροῦντας
1712 3093 1727 3109 ⁸
1779 3073 1907 3130 ἀλλ’

265 3164 385 3239 ὅπερ
417 3165 553 3220 εἷο-ἰν
609 3165 938 3236 ἐννοοῦντας,
996 3166 1251 3241 πράττειν
1299 3163 1501 3220 ἐθέλειν
1544 3162 1738 3226 αὐτοὺς
1785 3185 1904 3219 τοι-

2021 584 2320 655 videbunt,
2339 592 2531 659 partes
2560 591 2792 644 nostras
2824 592 3014 661 agent.
3040 588 3146 644 Ubi
3170 588 3426 661 primum
3464 594 3661 647 autem

2024 691 2267 750 adversa
2296 701 2526 751 utemur
2555 696 2804 765 fortuna,
2836 695 3154 768 hostesque
3190 696 3440 754 victores
3469 704 3661 769 erunt,

2024 801 2177 858 illico
2208 818 2437 874 proram
2470 808 2696 860 vertent
2726 807 2783 858 et
2814 803 2887 860 ad
2916 819 3016 861 eos
3034 804 3665 877 transfugient,contra

2024 921 2171 978 quos
2204 907 2376 979 paulo
2405 912 2575 965 antea
2606 912 3030 982 pugnaverant,
3056 913 3254 966 contra
3285 927 3393 967 nos
3418 911 3559 983 jamj
3570 927 3663 968 am

2025 1016 2359 1087 pugnaturi.
2394 1015 2486 1073 Sic
2510 1017 2667 1073 enim
2699 1018 2799 1073 ﬁet
2832 1021 2895 1073 ut
2925 1021 2983 1073 et
3009 1016 3126 1073 illis
3157 1018 3383 1074 animos
3414 1022 3664 1089 augeant

2026 1136 2092 1178 ac
2123 1124 2338 1180 nostris
2382 1128 2603 1180 metum
2637 1139 2703 1180 ac
2750 1140 3021 1197 pavorem
3071 1124 3340 1197 injiciant
3379 1125 3663 1199 nobisque

2025 1229 2284 1301 pericula
2329 1231 2669 1304 gravissima
2716 1236 2933 1288 creent.
2966 1231 3112 1288 Hinc
3140 1232 3298 1289 enim
3336 1246 3471 1290 cum
3512 1241 3663 1291 recte

2025 1337 2314 1409 auspicari
2346 1339 2538 1410 possis
2569 1354 2669 1395 eos
2701 1344 2903 1411 postea
2925 1354 3158 1411 quoque
3187 1338 3273 1396 sic
3303 1340 3664 1412 temporibus

2024 1444 2178 1500 bona
2207 1444 2431 1502 malave
2479 1445 2595 1502 ﬁde
2652 1445 3030 1502 inservituros
3077 1461 3208 1504 esse
3240 1462 3255 1502 :
3290 1448 3410 1519 qui,
3443 1463 3662 1519 quaeso,

2024 1550 2364 1621 hujusmodi
2424 1552 2760 1609 hominibus
2807 1553 3125 1610 exercitum
3162 1559 3430 1611 constare
3458 1553 3664 1612 voles?

2024 1659 2158 1724 Quae
2189 1676 2323 1716 cum
2354 1661 2438 1717 ita
2466 1663 2606 1730 sint,
2629 1678 2801 1719 nemo
2823 1679 2964 1720 sane
2997 1661 3434 1720 multitudinem
3457 1663 3663 1722 imbel-

2023 1763 2136 1821 lem
2183 1767 2479 1824 victricem
2534 1769 2890 1842 przedicabit,
2923 1771 3042 1827 imo
3100 1788 3284 1843 usque
3328 1774 3663 1844 superatam

2020 1874 2426 1945 confitebitur;
2458 1878 2627 1949 cujus
2648 1877 2731 1934 rei
2762 1877 2876 1935 vita
2897 1878 3088 1935 omnis
3113 1878 3369 1935 humana
3398 1879 3665 1952 exempla

2022 1978 2258 2038 exhibet
2287 1966 2616 2039 innumera.
2651 1983 2738 2040 Tu
2789 1984 3052 2056 quidem,
3082 2001 3203 2056 rex,
3234 2002 3350 2041 non
3391 1990 3477 2043 est
3510 1982 3662 2059 quod

2026 2087 2100 2144 ad
2156 2088 2348 2160 copias
2406 2107 2554 2164 quas
2612 2092 2900 2163 possides,
2933 2092 3320 2150 merccnarios
3380 2094 3665 2165 adjicias;

2026 2194 2169 2251 satis
2197 2196 2351 2252 enim
2382 2212 2705 2255 numerosa
2728 2216 2794 2256 ac
2825 2207 2973 2255 bene
3004 2192 3308 2257 instructa:
3327 2206 3487 2270 sunt,
3518 2206 3576 2257 et
3601 2202 3661 2258 in

2025 2303 2342 2374 pugnando
2381 2304 2523 2362 satis
2564 2305 2737 2363 fortes
2785 2310 2959 2377 atque
2988 2307 3258 2377 audaces,
3300 2312 3367 2364 ut
3394 2299 3663 2366 hostibus

2024 2410 2299 2465 terrorem
2325 2424 2391 2468 ac
2420 2415 2640 2467 metum
2672 2410 2959 2483 injiciant.

2093 2712 2181 2771 10.
2212 2712 2374 2777 Quod
2404 2712 2639 2783 quidem
2669 2713 2986 2784 praesertim
3008 2714 3328 2787 continget,
3360 2715 3409 2771 si
3440 2716 3511 2772 de
3550 2732 3660 2772 su-

2022 2819 2241 2890 perﬂuo
2270 2823 2372 2875 tuo
2419 2819 2699 2876 beneﬁcia
2746 2820 2807 2875 in
2846 2819 3001 2892 ipsos
3039 2820 3289 2890 confers,
3321 2837 3501 2895 coque
3533 2824 3660 2879 ani-

2021 2926 2304 2982 mosiores
2351 2926 2509 2999 ipsos
2537 2941 2604 2984 ac
2651 2943 2829 2983 manu
2870 2927 3135 2985 fortiores
3173 2930 3240 2984 ad
3271 2931 3660 3001 pugnandum

2020 3030 2237 3089 reddis.
2268 3030 2372 3088 Hic
2403 3035 2555 3088 certe
2577 3032 2635 3088 in
2668 3048 2808 3103 pace
2837 3033 2886 3088 si
2917 3049 2979 3089 se
3009 3032 3267 3106 cognitos
3288 3033 3658 3103 habuissent,

2017 3157 2115 3197 eos
2145 3157 2261 3197 non
2283 3139 2612 3198 audiissent
2641 3141 2739 3213 qui
2773 3156 2886 3213 quo
2917 3157 3033 3198 non
3064 3141 3369 3214 oportebat
3390 3145 3657 3215 progredi

263 3254 443 3318 ούτους
498 3254 674 3327 εἰκὸς,
721 3253 1044 3327 πολεμικῶς
1093 3251 1482 3328 ἀσκουμένους,
1533 3256 1620 3309 καὶ
1681 3255 1905 3327 μετιόν-

2018 3246 2418 3304 hortabantur.
2446 3249 2567 3305 lmo
2607 3249 2649 3305 ii
2678 3248 2791 3321 ipsi
2818 3248 2955 3321 quid
2988 3249 3217 3306 valeant
3246 3249 3477 3307 humeri
3499 3250 3658 3308 haud

260 3363 348 3404 τας
400 3344 468 3399 τὰ
525 3345 760 3400 τακτικά
794 3364 807 3377 ·
865 3346 958 3399 καὶ
1010 3345 1074 3399 τὸ
1134 3345 1349 3416 σύμπαν
1407 3344 1598 3415 εἰπεῖν,
1659 3340 1748 3398 ’διὰ
1799 3350 1901 3413 τῆς

261 3437 511 3508 συνεχοῦς
540 3433 683 3507 πρὸς
732 3432 1017 3504 ἀλλήλους
1064 3432 1335 3506 ἁμίλλης,
1384 3434 1445 3487 τὸ
1494 3432 1724 3506 θυμικὸν
1773 3432 1903 3487 ἀνά-

260 3543 480 3585 πτοντας
530 3524 706 3604 σφίσι,
755 3524 849 3578 καὶ
898 3523 1063 3579 οἱονεὶ
1106 3524 1241 3598 πρὸς
1290 3522 1619 3597 συμπλοκὰς
1667 3521 1904 3595 ἒτοίμως

264 3607 401 3688 ἔχειν
462 3612 835 3674 διανιστάντας
862 3631 876 3646 ·
926 3610 1129 3669 ὅτανδ’
1167 3611 1233 3668 αὖ
1276 3611 1523 3685 πόλεμος
1570 3611 1763 3686 ἐπιστῇ
1813 3611 1903 3667 καὶ

268 3704 535 3780 μάχεσθαι
577 3699 699 3777 δὲῃ,
744 3700 886 3757 οὕτω
935 3709 1280 3778 παρασκευῆς
1328 3702 1417 3757 καὶ
1472 3703 1703 3779 γνώμης
1746 3700 1905 3777 ἐχόν-

261 3810 382 3859 των,
440 3793 519 3854 ὡς
569 3797 763 3866 πρῶτα
821 3792 913 3864 μὲν
972 3788 1104 3865 μηδ’
1134 3791 1194 3845 ἃν
1224 3790 1277 3846 εἷ’
1301 3812 1354 3846 τι
1393 3791 1482 3846 καὶ
1532 3792 1755 3846 πάθοιεν
1800 3792 1901 3861 τήν

259 3880 396 3950 τάξιν
428 3878 622 3936 λιπεῖν
664 3878 946 3949 ἐθελῆσαι,
980 3878 1126 3934 ἀλλὰ
1163 3881 1253 3935 καὶ
1292 3878 1562 3941 πολλάκις
1601 3879 1650 3934 εἲ
1689 3880 1800 3934 οἶόν
1845 3899 1904 3935 τε

260 3967 481 4039 καὶτῆς
528 3973 735 4044 ’ψυχῆς
792 3969 965 4039 αὐτῆς
1020 3967 1260 4024 ἐκπεσεῖν
1320 3966 1451 4043 μηδ’
1510 3970 1568 4024 ἂν
1626 3971 1906 4044 παραιτή-

258 4061 484 4114 σασθαιο
541 4058 731 4115 ἔπειτα
780 4059 849 4114 τὰ
895 4058 992 4132 μὲν
1040 4064 1151 4114 τῶν
1195 4058 1482 4132 πολεμίων
1533 4058 1705 4114 οἰκεῖα
1754 4059 1903 4135 σφίσι

254 4149 518 4221 νομίζειν,
555 4149 592 4203 ’ἁ
632 4146 687 4202 δὲ
720 4147 970 4222 πρόσεστ’
1008 4147 1213 4217 αὐτοῖς,
1278 4145 1484 4221 μηδένα
1532 4149 1738 4204 τούτων
1780 4169 1904 4204 ποι-

254 4239 420 4292 εῖσθαι
482 4235 695 4312 λόγον·
746 4238 821 4300 ὡς
870 4236 931 4292 ἂν
986 4240 1126 4311 μήτε
1173 4234 1261 4292 διὰ
1301 4242 1468 4293 ταῦτα
1516 4237 1899 4317 φιλοψυχῶσι,

252 4325 513 4382 κάκείνων
549 4325 703 4389 ὅπως
733 4323 975 4402 γένοιντο
1005 4327 1210 4403 κύριοι,
1239 4333 1355 4388 τοῖς
1386 4325 1683 4400 πολεμίοις
1736 4327 1905 4402 ὁμόσε

253 4419 562 4492 χωροῦσιν,
599 4415 662 4472 οὐ
717 4417 1020 4493 φρονήματι
1058 4416 1245 4489 μόνον,
1296 4415 1443 4471 ἀλλὰ
1490 4416 1580 4471 καὶ
1627 4437 1903 4494 καταφρο-

251 4507 451 4576 νήματι
489 4525 505 4540 ο
538 4505 827 4569 τοιούτους
868 4502 926 4560 δὲ
966 4526 1112 4567 τινας
1161 4504 1388 4567 τούτους
1440 4504 1576 4575 ’ἔξεις
1624 4505 1713 4560 καὶ
1762 4504 1904 4561 πολ-

254 4593 350 4649 λοῦ
390 4616 456 4671 γε
508 4594 788 4657 καλλίους
838 4594 928 4650 ἐὰν
979 4595 1036 4649 εὗ
1085 4592 1323 4661 εἰδῶσιν,
1376 4595 1450 4658 ὡς
1480 4594 1514 4649 ’ὰ
1548 4595 1641 4668 μὲν
1694 4590 1906 4650 ἀποϐα-

251 4680 439 4739 λοῦσιν
471 4685 528 4740 ἐν
558 4689 641 4757 τῷ
669 4684 926 4758 πολέμῳ,
970 4688 1138 4739 ταῦτα
1179 4682 1338 4746 αὐτὸς
1386 4684 1493 4739 ἀπὸ
1542 4684 1760 4740 πολλοῦ
1808 4690 1906 4740 τοῦ

251 4772 563 4847 κρείττονος
612 4773 1086 4843 ἀντικαταστήσεις
1146 4772 1353 4835 αὐτοῖς.
1406 4772 1467 4829 Εἰ
1519 4770 1576 4828 δὲ
1644 4776 1734 4830 καὶ
1774 4776 1907 4831 τού-

250 4882 365 4925 τοις
411 4867 603 4918 πεσεῖν
664 4861 894 4917 ἐνταῦθα
939 4857 1298 4934 ξυμϐήσεται,
1350 4862 1411 4916 σὺ
1461 4859 1518 4917 δὲ
1564 4868 1755 4937 πρῶτα
1811 4864 1904 4937 μὶν

251 4951 483 5014 τούτους
516 4952 600 5016 ὡς
625 4971 851 5020 νικητας
888 4955 1122 5024 νομιεῖς,
1172 4950 1316 5006 οὕτω
1373 4952 1604 5028 γνώμης
1653 4948 1903 5028 ἔχοντας,

246 5041 333 5097 καὶ
387 5043 546 5097 οὕτω
601 5040 1158 5115 παρεσκευασμένους,
1216 5044 1285 5115 τῇ
1329 5042 1483 5118 φύσει
1536 5039 1594 5097 δὲ
1641 5043 1716 5108 ὡς
1762 5044 1906 5106 εἰκὸς

248 5130 493 5203 εἴξαντας
521 5148 537 5162 ⁶
599 5125 763 5186 ἔπειτ’
809 5128 887 5191 εἷς
932 5127 1060 5191 τοὺς
1109 5128 1284 5184 αὐτῶν
1332 5128 1529 5194 παῖδας
1576 5130 1906 5206 ἀπομνημο-

244 5220 449 5282 νεύσεις
512 5220 620 5288 τήν
673 5222 858 5294 χάριν,
922 5218 1015 5273 καὶ
1070 5217 1276 5275 τούτων
1333 5220 1408 5283 ὡς
1470 5219 1683 5277 οἰκείων
1758 5221 1904 5278 ἀντι-

245 5311 483 5383 ποιήσῃ,
522 5305 586 5363 εὖ
612 5313 788 5363 ποιῶν
818 5309 887 5363 τά
912 5327 970 5363 τε
995 5306 1143 5363 ἄλλα
1169 5308 1259 5364 καὶ
1298 5312 1398 5378 τὴν
1445 5310 1699 5386 πατρῴαν
1750 5311 1906 5384 τάξιν

242 5396 555 5458 ἀποδιδούς
604 5415 618 5430 ’
677 5398 917 5473 καθάπερ
974 5398 1231 5468 Ἀθήναις
1284 5403 1392 5454 τῶν
1453 5398 1505 5455 ὲν
1552 5405 1631 5472 τῷ
1677 5397 1907 5474 πολέπῳ

243 5487 730 5558 τετελευτηκότων
780 5486 909 5550 τοὺς
957 5484 1156 5551 παῖδας
1201 5487 1442 5557 ἐποίουν,
1495 5487 1736 5564 δημοσίᾳ
1782 5490 1903 5566 τρέ-

243 5598 438 5656 φοντες
501 5575 675 5652 ἄχρις
727 5571 898 5649 ἥϐης,
952 5578 1040 5632 καὶ
1088 5578 1201 5632 τότ’
1261 5575 1435 5633 οἴκαδ’
1486 5578 1910 5654 ἀποπέμποντες

250 5668 387 5742 μετᾶ
419 5669 539 5723 τῶν
572 5665 891 5723 πανοπλιῶν
919 5684 932 5699 °
964 5664 1055 5722 καὶ
1083 5664 1166 5730 τίς
1216 5666 1317 5722 οὐκ
1362 5663 1423 5724 ἂν
1472 5665 1781 5744 ἆφειδήσειε
1805 5675 1908 5742 τῆς

2011 3353 2346 3427 ignorantes
2378 3372 2481 3428 pro
2533 3355 2771 3413 militari
2810 3373 2927 3427 qua
2974 3357 3267 3428 pollebant
3304 3359 3656 3431 experientia

2012 3464 2224 3537 pugnis
2271 3479 2331 3519 se
2389 3479 2455 3520 ac
2496 3463 2909 3520 certaminibus
2939 3463 3183 3520 miscere
3225 3465 3558 3534 debebunt;
3593 3470 3659 3522 ut

2013 3571 2215 3643 paucis
2271 3570 2484 3639 dicam,
2544 3571 2840 3628 continuis
2906 3571 3151 3628 invicem
3236 3573 3654 3630 certaminibus

2012 3675 2244 3732 animus
2274 3674 2347 3730 iis
2370 3679 2655 3746 augescet,
2688 3684 2743 3731 et
2774 3692 2984 3732 manus
3013 3691 3321 3733 conserere
3352 3694 3653 3749 nunquam

2013 3799 2128 3839 non
2159 3783 2340 3854 parati
2361 3788 2551 3838 erunt.
2584 3783 2729 3839 Dein
2774 3784 2877 3840 ubi
2932 3782 3084 3840 bello
3115 3789 3311 3841 exorto
3351 3785 3649 3858 pugnandi

2010 3889 2324 3948 necessitas
2352 3890 2652 3958 aderit,ita
2675 3891 2918 3948 animati
2942 3897 3116 3947 erunt
3138 3895 3203 3947 ut
3221 3907 3324 3947 nec
3340 3891 3399 3947 in
3422 3908 3650 3949 summo

2010 4014 2206 4055 rerum
2240 3998 2574 4055 discrimine
2603 4002 2797 4054 castra
2826 3999 3121 4066 deserant,
3154 3998 3273 4055 imo
3304 3999 3483 4055 vitam
3517 4016 3653 4056 cum

2012 4105 2297 4179 sanguine
2326 4104 2522 4162 efflare
2576 4105 2776 4161 velint.
2809 4108 2934 4161 Huc
2986 4105 3205 4161 accedit
3248 4106 3401 4178 quod
3427 4121 3520 4163 res
3547 4105 3653 4164 bo-

2012 4215 2188 4271 stium
2220 4230 2359 4270 suas
2405 4228 2533 4270 esse
2563 4219 2822 4279 censent,
2880 4228 3123 4269 suarum
3181 4217 3369 4270 autem
3429 4213 3654 4271 nullam

2014 4322 2295 4378 rationem
2339 4320 2617 4376 habeant.
2647 4319 2849 4390 Neque
2898 4336 2965 4376 eo
2999 4319 3188 4392 magis
3219 4320 3398 4377 vitam
3432 4326 3655 4389 amant,

2013 4429 2113 4484 sed
2146 4428 2342 4483 hostes
2390 4431 2455 4482 ut
2510 4427 2786 4498 subigant
2832 4427 3283 4500 aggrediuntur,
3315 4433 3561 4486 mortem
3592 4446 3659 4484 ac

2013 4535 2189 4589 vitam
2212 4534 2377 4605 juxta
2407 4534 2707 4590 habentes.
2741 4533 2912 4590 Tales
2944 4550 3041 4591 eos
3083 4542 3137 4591 et
3168 4534 3355 4591 multo
3388 4535 3656 4593 meliores

1936 4600 2278 4709 Dhabebis,
2325 4639 2425 4696 ubi
2485 4641 2741 4712 primum
2799 4656 3152 4713 persuasum
3210 4642 3283 4698 iis
3338 4642 3450 4699 erit
3502 4644 3657 4715 quod

2014 4747 2073 4802 in
2102 4746 2252 4803 bello
2274 4748 2671 4819 perdiderunt,
2694 4752 2796 4804 tua
2826 4764 2998 4819 opera
3043 4748 3189 4821 ipsis
3220 4749 3277 4805 in
3321 4749 3534 4807 melius
3566 4767 3657 4808 re-

2015 4854 2284 4910 stitutum
2316 4853 2408 4911 iri.
2431 4852 2650 4918 Quodsi
2672 4871 2811 4911 casu
2848 4856 3005 4911 fatali
3028 4860 3403 4929 superantur,
3434 4863 3496 4915 tu
3530 4859 3658 4930 qui-

2013 4961 2144 5017 dem
2168 4977 2263 5017 eos
2312 4977 2427 5018 non
2471 4960 2667 5017 minus
2699 4979 2798 5034 pro
2846 4962 3168 5019 victoribus
3198 4963 3463 5037 habebis,
3494 4966 3656 5022 forti-

2012 5068 2237 5125 tudinis
2289 5083 2487 5124 eorum
2538 5069 2764 5124 ratione
2801 5068 3019 5136 habita,
3053 5085 3392 5143 quanquam
3431 5071 3491 5127 in
3525 5072 3660 5129 fatis

2015 5174 2183 5232 aliter
2212 5175 2343 5245 fuit,
2375 5180 2431 5231 et
2460 5176 2775 5232 liberorum
2799 5175 2871 5231 ab
2903 5175 3050 5247 ipsis
3080 5176 3413 5234 relictorum
3438 5194 3661 5236 memor

2015 5291 2114 5332 eos
2159 5278 2225 5330 ut
2268 5279 2404 5332 tuos
2452 5274 2756 5347 adeptabis
2804 5279 2860 5329 et
2908 5278 3156 5332 honores
3204 5277 3416 5347 quibus
3466 5282 3661 5350 patres

2016 5373 2177 5430 fruiti
2228 5374 2477 5442 fuerant,
2506 5374 2567 5428 in
2596 5389 2696 5429 eos
2747 5372 3028 5442 conteres,
3062 5373 3213 5430 sicut
3256 5374 3658 5443 Athenienses,

2017 5470 2120 5542 qui
2149 5471 2208 5526 in
2260 5469 2411 5528 bello
2449 5485 2729 5526 caesorum
2770 5472 2943 5527 natos
2972 5471 3044 5526 ad
3076 5471 3439 5542 pubertatem
3473 5490 3664 5548 usque

2018 5568 2267 5642 publicis
2315 5568 2597 5641 impensis
2652 5567 2952 5638 educatos,
2983 5573 3272 5642 postremo
3327 5571 3506 5628 armis
3566 5573 3663 5632 in-

2019 5671 2275 5728 structos
2324 5669 2395 5725 ad
2452 5683 2589 5725 suos
2636 5666 3033 5725 remittebant.
3075 5668 3216 5736 Quis
3272 5670 3505 5728 tandem
3545 5687 3663 5730 non
