4154 6216
1837 0 1844 2 -
1871 0 1880 3 -
2359 0 3010 36 *νη-π
2503 9 2560 33 ε...
2697 33 2718 40 ι,
2861 11 2882 22 ι-
3019 0 3084 10 τ
3157 0 3250 34 μ’

1559 29 2286 94 \J“
2638 77 2892 114 ἕρμ’-ἒ,
3155 55 3266 98 /

463 365 582 425 463

1771 376 2163 440 THEODULI
2212 376 2562 438 MONACHI

3743 378 3848 439 464

461 499 646 555 vitam
678 503 1027 570 contemnet,
1059 502 1228 572 cujus
1257 503 1490 560 animus
1519 507 1590 562 de
1621 507 1836 564 talibus
1868 527 2107 582 persua-

2188 511 2404 585 ,ψυχῆς
2449 509 2580 581 μετὰ
2635 507 2896 564 τοιούτων
2947 508 3418 584 παραταττόμενος
3473 508 3712 582 μάλιστα
3756 507 3850 564 λο-

464 603 596 644 sum
629 589 850 646 habet?

535 717 620 771 11.
650 715 795 780 Quid
845 716 1052 786 plura?
1105 717 1218 776 Hos
1269 729 1324 776 et
1354 727 1592 778 caeteros
1632 739 1838 780 omnes
1870 726 2103 782 univer-

460 823 573 878 sim
605 831 659 878 et
689 823 984 894 eigillatim
1011 827 1205 899 magni
1229 829 1515 886 matimare
1538 847 1641 887 nec
1663 831 1906 888 minoris
1927 849 2104 904 quam

457 932 516 987 te
553 929 744 1002 ipsum
779 931 990 1001 facere,
1023 949 1128 1004 pro
1177 933 1454 1006 dignitate
1486 911 1884 1004 cohonestare,
1920 938 2106 1010 iisque

459 1053 571 1094 non
623 1039 688 1092 ut
717 1037 972 1095 subditis
1003 1041 1100 1096 sed
1153 1045 1217 1096 ut
1263 1042 1536 1099 afﬁnibus
1575 1044 1683 1110 uti,
1709 1045 1978 1118 benignis
2007 1063 2105 1103 eos

459 1150 829 1207 sermonibus
872 1150 1084 1223 alloqui
1135 1157 1192 1208 et
1241 1154 1559 1226 benignum
1611 1161 1786 1212 temet
1833 1155 1894 1212 in
1942 1157 2101 1228 ipsos

453 1264 742 1330 praestare,
776 1261 947 1332 plane
977 1265 1144 1316 tuum
1189 1262 1318 1318 erit.
1342 1263 1435 1319 Sic
1476 1281 1616 1320 sane
1649 1265 1794 1322 bene
1837 1265 2098 1321 faciendo

453 1381 587 1421 eum
619 1367 902 1438 dignitate
941 1372 997 1422 et
1045 1369 1264 1440 gravite
1294 1369 1354 1424 id
1386 1370 1606 1426 efﬁcies
1639 1375 1704 1426 ut
1748 1375 1804 1426 te
1845 1389 1959 1428 non
1993 1371 2100 1427 mi-

455 1490 566 1529 nus
597 1489 772 1545 quam
804 1479 988 1531 semet
1017 1475 1180 1547 ipsos
1211 1475 1480 1548 diligant,
1513 1487 1575 1534 ut
1613 1479 1722 1534 tibi
1752 1497 1866 1536 non
1902 1480 2098 1537 minus

451 1597 630 1651 quam
661 1581 768 1638 sibi
799 1581 943 1653 ipsis
971 1583 1167 1639 omnia
1201 1584 1390 1640 fausta
1439 1589 1766 1657 precentur.
1799 1587 2096 1644 Subditios

451 1705 706 1761 namque
749 1691 1203 1760 gubernantium
1265 1693 1550 1749 felicitatis
1613 1695 1922 1767 participes
1967 1711 2096 1752 esse

447 1800 694 1868 oportet.
723 1797 829 1852 Tui
859 1797 1036 1869 igitur
1066 1803 1121 1854 te
1140 1815 1254 1853 non
1277 1804 1396 1854 tam
1431 1805 1494 1855 ut
1524 1816 1742 1872 regem,
1775 1803 1872 1856 sed
1905 1806 1970 1857 ut
1997 1819 2093 1874 pa-

449 1906 595 1958 trem
641 1904 968 1960 amicumve
1017 1905 1404 1976 honorabant,
1439 1912 1608 1978 atque
1640 1908 1720 1962 ita
1779 1913 1843 1964 ut
1891 1925 1991 1980 pro
2037 1913 2094 1967 te

445 2009 638 2067 latius
667 2027 846 2083 quam
887 2027 990 2084 pro
1030 2028 1091 2068 se
1121 2011 1266 2084 ipsis
1309 2019 1556 2070 mortem
1591 2019 1860 2086 oppetere
1889 2015 2088 2072 velint.

445 2115 672 2174 Interea
703 2123 898 2174 autem
929 2135 1046 2175 non
1070 2119 1288 2175 sufﬁcit
1318 2125 1382 2175 ut
1403 2121 1482 2176 sis
1515 2123 1810 2192 paciﬁcus,
1845 2128 1946 2178 aut
1974 2123 2088 2179 bel—

441 2225 568 2281 lum
611 2225 746 2296 alio,
778 2243 955 2298 quam
1002 2243 1120 2298 quo
1171 2227 1310 2296 dixi,
1341 2229 1514 2284 modo
1554 2233 1822 2301 geras,et
1869 2231 2088 2287 casteria

443 2333 690 2390 excellas
727 2335 1089 2402 .virtutibus;
1141 2336 1244 2392 sed
1293 2336 1346 2391 id
1376 2336 1482 2392 tibi
1538 2338 1830 2408 agendum
1891 2341 1982 2393 est
2027 2341 2088 2394 ut

441 2441 717 2498 omnibus
757 2447 958 2514 gratus
997 2447 1055 2498 et
1098 2448 1372 2515 acceptus
1418 2443 1620 2515 populi
1661 2443 1908 2516 gratiam
1942 2446 2085 2501 adeo

441 2555 660 2622 captes,
693 2555 760 2606 ut
818 2551 876 2605 in
927 2550 1192 2606 omnium
1245 2552 1474 2607 animas
1524 2551 1844 2608 domineris
1892 2553 2084 2624 potius

435 2674 615 2729 quam
668 2673 941 2728 corpore;
987 2658 1142 2712 unde
1187 2657 1284 2712 ﬁet
1323 2663 1387 2712 ut
1430 2662 1485 2712 te
1517 2658 1710 2729 ipsum
1743 2657 1875 2730 plus
1905 2675 2082 2730 quam

437 2779 539 2834 pro
571 2768 628 2819 te
651 2767 898 2819 metuas.
923 2763 1230 2834 Delegatos
1257 2781 1428 2835 porro
1459 2780 1606 2835 quos
1637 2770 1738 2820 aut
1773 2765 1894 2836 ipse
1915 2763 2084 2820 alior-

435 2887 566 2925 sum
601 2871 786 2925 mittis
819 2874 922 2924 aut
963 2887 1108 2942 quos
1141 2871 1212 2926 ab
1244 2872 1452 2927 exteris
1483 2872 1758 2943 gentibus
1793 2873 1860 2926 ad
1899 2881 1950 2927 te
1982 2887 2077 2927 ve-

435 2977 660 3032 nientes
711 2977 947 3048 excipis,
983 2993 1242 3048 unquam
1280 2977 1374 3033 diu
1409 2977 1560 3034 circa
1603 2982 1659 3034 te
1715 2977 1930 3034 habeas
1960 2978 2077 3034 imo

433 3087 778 3157 quantocius
816 3087 1095 3142 dimittas.
1133 3085 1237 3141 Alii
1270 3087 1428 3141 enim
1479 3087 1723 3141 consilia
1756 3091 1856 3141 tua
1887 3085 2075 3140 divul-

429 3195 688 3265 gabunt;
741 3194 838 3249 alii
883 3195 1036 3266 quod
1077 3193 1186 3249 sibi
1231 3199 1580 3266 proponunt,
1614 3195 1921 3263 attingent,
1956 3209 2071 3265 quo

2217 604 2432 673 γισμῶν
2453 599 2542 653 καὶ
2573 602 2668 654 τοῦ
2693 598 2832 653 πάνυ
2861 600 3145 653 πεπεῖσθαι
3173 618 3186 669 ;

2291 693 2382 742 ια’.
2441 688 2627 745 Καίτοι
2683 689 2736 743 τί
2785 687 2932 763 λέγω
2973 707 2988 758 ;
3039 689 3129 742 καὶ
3175 687 3408 750 τούτους
3457 689 3558 762 γὰρ
3607 687 3696 742 καὶ
3757 689 3850 742 πά-

2213 797 2306 837 τας
2337 776 2462 838 τοὺς
2493 775 2700 839 ἄλλους
2741 777 2832 832 καὶ
2870 781 3033 852 κοινῇ
3072 777 3161 831 καὶ
3201 778 3319 831 καθ’
3357 775 3450 831 ἕνα
3489 778 3610 851 περὶ
3661 777 3848 831 τοσού-

2211 887 2308 920 του
2339 868 2607 920 ποιεῖσθαι
2648 863 2854 928 δίκαιος
2897 865 2956 920 ἂν
2995 864 3137 937 εἷής,
3179 867 3253 928 ὡς
3293 865 3383 922 xui
3433 869 3627 920 σαυτοῦ
3685 863 3849 939 μηδὲν

2211 957 2374 1024 ἦττον
2414 955 2642 1017 τούτους
2690 955 2894 1032 φιλεῖν,
2939 956 3030 1010 xui
3081 962 3184 1025 τῆς
3239 956 3569 1031 γιγνομένης
3623 951 3845 1009 ἕκαστον

2209 1051 2378 1117 τιμῆς
2427 1045 2630 1117 ἀξιοῦν,
2669 1044 2759 1100 καὶ
2799 1044 2947 1108 ὅλως
2985 1045 3098 1118 οὐχ
3135 1045 3209 1107 ὡς
3251 1045 3517 1116 ὑπηκόοις
3567 1042 3783 1117 μᾶλλον
3812 1046 3846 1116 ἢ

2213 1136 2285 1195 ὡς
2313 1135 2707 1212 γνησιωτάτοις
2755 1137 3080 1213 κεχρῆσθαι,
3129 1134 3220 1206 καὶ
3269 1135 3336 1189 τὰ
3383 1134 3566 1190 εἰκότα
3613 1139 3847 1190 συνεῖναι

2210 1224 2298 1278 καὶ
2339 1221 2701 1298 διαλέγεσθαι,
2750 1223 2840 1278 καὶ
2881 1221 2970 1278 διὰ
3013 1223 3228 1280 πάντων
3274 1223 3480 1278 τούτων
3527 1221 3584 1278 εῦ
3631 1229 3844 1279 ποιεῖν·

2213 1312 2424 1386 μᾶλλον
2474 1311 2531 1369 δὲ
2583 1317 2716 1387 μετά
2761 1313 2975 1368 πάντων
3020 1313 3228 1368 τούτων
3270 1313 3361 1368 καὶ
3408 1318 3582 1368 ποιεῖν
3631 1311 3710 1380 εὖ,
3761 1314 3846 1367 καὶ

2206 1404 2268 1460 τὸ
2297 1403 2488 1476 σεμνὸν
2517 1409 2618 1472 τῆς
2649 1403 2827 1478 ἀρχῆς
2869 1399 3178 1472 διασώζων,
3214 1400 3391 1474 δῆμον
3435 1403 3564 1457 εἶναι
3597 1405 3667 1475 τῇ
3699 1403 3850 1477 γνώ-

2210 1514 2284 1565 μῃ
2313 1491 2512 1566 καὶτῷ
2557 1493 2893 1566 προσίεσθαι,
2940 1490 3032 1546 ’ἱνα
3070 1493 3160 1547 καὶ
3205 1491 3354 1547 οὗτοί
3387 1513 3444 1546 σε
3484 1495 3630 1571 σφῶν
3672 1489 3848 1546 αὐτῶν

2209 1581 2423 1655 μᾶλλον
2466 1581 2644 1658 φιλεῖν
2692 1581 2885 1656 ἔχωσι,
2935 1581 3024 1636 καί
3069 1602 3153 1636 σοι
3205 1583 3272 1636 τὰ
3305 1581 3543 1656 βέλτιστ’
3591 1580 3671 1634 ἀεὶ
3729 1601 3846 1634 συν-

2205 1673 2473 1746 εύχωνται
2517 1669 2684 1726 πλέον
2735 1671 2770 1740 ἢ
2805 1673 2984 1745 σφίσιν
3037 1671 3222 1731 αὐτοῖς
3249 1689 3261 1701 ·
3319 1667 3535 1742 μᾶλλον
3587 1667 3633 1722 δ’
3673 1669 3729 1724 ἐν
3769 1673 3846 1740 τῷ

2204 1765 2288 1818 σοὶ
2355 1769 2521 1819 ταῦτα
2589 1761 2962 1838 συνεύχεσθαι,
3027 1763 3117 1816 καὶ
3189 1762 3367 1838 σφίσιν
3437 1760 3624 1820 αὐτοῖς
3691 1757 3845 1814 οῦδὲν

2123 1891 2170 1958 Β
2200 1853 2369 1922 ἦττον
2411 1857 2576 1907 ταῦτα
2617 1852 3005 1926 συνεύχονται·
3046 1857 3154 1915 Τῆς
3195 1852 3299 1925 cup
3343 1856 3450 1904 τῶν
3501 1848 3843 1925 κρατούντων

2239 1940 2292 1958 ,σε
2470 1943 2479 1958 .
2842 1946 2866 1956 ..
2975 1942 2985 1958 .
3044 1941 3054 1957 ι
3337 1937 3350 1956 ι
3475 1939 3487 1958 ρ
3549 1940 3561 1954 .
3713 1944 3736 1954 -

2202 1940 2548 2015 εὐδαιμονίας
2611 1946 2891 1996 κοινωνεῖν
2961 1941 3168 2018 ἀνάγκη
3271 1937 3396 2002 τοὺς
3469 1939 3572 1994 ὑπὸ
3638 1944 3841 2014 χεῖρα·

2203 2030 2344 2086 οὕτω
2377 2029 2423 2086 δ’
2450 2029 2689 2108 ἔχοντες,
2731 2033 2820 2086 καί
2861 2051 2919 2086 σε
2965 2031 3040 2102 μή
3095 2031 3259 2102 μόνον
3309 2029 3383 2091 ὡς
3421 2026 3659 2103 ἄρχοντα
3688 2032 3840 2104 σφῶν

2200 2125 2465 2193 τιμῶντες
2521 2118 2670 2176 ἀλλὰ
2716 2120 2808 2174 καὶ
2847 2119 3052 2193 πατέρα
3089 2119 3224 2173 κατά
3259 2119 3321 2171 τὸ
3361 2115 3492 2178 ἔπος
3531 2118 3606 2177 ὡς
3649 2119 3842 2186 ἤπιον,

2197 2209 2286 2264 xui
2319 2210 2493 2264 θανεῖν
2523 2208 2727 2264 ἓλοιντ⁹
2761 2209 2820 2262 ἂν
2866 2209 2996 2282 ὑπὲρ
3051 2211 3147 2262 σοῦ
3201 2206 3412 2279 μᾶλλον
3445 2205 3480 2276 ἢ
3516 2207 3646 2282 ὑπὲρ
3687 2211 3840 2283 σφῶν

2198 2297 2392 2356 αὐτῶν.
2447 2299 2632 2360 Οὕτως
2683 2299 2782 2352 οὐκ
2837 2297 3059 2372 ἀπόχρη
3124 2297 3296 2369 μόνοκ
3351 2296 3623 2370 εἰρηνικὸν
3675 2297 3842 2368 εἶναι,

2195 2389 2284 2443 καὶ
2336 2389 2421 2450 οἷς
2471 2387 2604 2466 ἔφην
2650 2387 3011 2462 στρατεύμασι
3060 2388 3324 2462 χρῆσθαι,
3373 2386 3462 2440 καὶ
3505 2387 3642 2460 πρός
3673 2387 3732 2460 γ’
3765 2383 3841 2440 ἔτι

2195 2483 2322 2533 πᾶσι
2363 2483 2478 2539 τοῖς
2527 2475 2723 2539 ἄλλοις
2773 2477 3117 2548 κοσμεῖσθαι,
3167 2475 3292 2531 ἀλλ’
3343 2475 3490 2536 ὅπως
3541 2493 3840 2550 συγκεκρο-

2191 2567 2428 2640 τημένος
2495 2568 2754 2621 πάντοθεν
2818 2563 2910 2639 ἔσῃ
2983 2565 3074 2619 καὶ
3143 2561 3458 2638 μηδαμόθεν
3514 2565 3840 2638 τοπαράπαν

2194 2655 2556 2724 ἐλλελοιπὼς,
2619 2653 2701 2710 δεῖ
2742 2656 2876 2725 πρὸς
2923 2655 3103 2726 τούτῳ
3147 2653 3236 2708 καὶ
3291 2651 3588 2728 δημοτικὸν
3631 2655 3839 2715 παντὸς

2195 2746 2407 2819 μᾶλλον
2439 2745 2528 2800 καὶ
2577 2751 2693 2807 τοῖς
2737 2749 2868 2800 πᾶσι
2919 2744 3234 2799 κοινότατον
3282 2743 3432 2798 εἶναι.
3475 2741 3556 2819 ἐφ’
3585 2743 3632 2815 ᾦ
3673 2745 3839 2817 βασι-

2193 2833 2365 2890 λεύειν
2403 2831 2550 2910 ἔχειν
2592 2834 2644 2889 ἐν
2681 2839 2800 2896 ταῖς
2851 2833 3100 2888 ἁπάντων
3151 2836 3378 2907 ψυχαῖς,
3427 2833 3518 2886 καί
3568 2833 3673 2906 πρὸ
3727 2837 3835 2886 τῶν

2190 2926 2457 2998 σωμάτων
2512 2925 2606 2986 τὰς
2657 2925 2877 2997 γνώμας
2934 2923 3272 2997 χειροῦσθαι,
3349 2921 3438 2976 καὶ
3493 2924 3838 2996 παρασκευά-

2191 3020 2296 3084 ζειν
2333 3015 2409 3075 ὡς
2439 3013 2662 3082 ἀληθῶς
2697 3014 2772 3086 μή
2825 3014 2882 3066 σὲ
2933 3010 3148 3084 μαλλον
3251 3011 3382 3085 ὑπὲρ
3415 3014 3512 3065 σοῦ
3561 3007 3792 3066 δεδιέναι
3817 3029 3834 3044 ⁹

2185 3099 2436 3178 πρέσϐεις
2487 3103 2667 3176 μέντοι
2719 3101 2810 3156 xui
2857 3101 2948 3164 οὓς
3015 3101 3176 3162 αὐτὸς
3224 3099 3462 3156 ἑκάστοτ’
3507 3099 3836 3173 ἐκπέμπεις,

2184 3195 2277 3249 καὶ
2309 3195 2402 3255 οὓς
2448 3194 2574 3268 παρ’
2623 3192 2808 3248 ἄλλων
2854 3193 3085 3262 ἣκοντας
3135 3189 3291 3266 δέχῃ,
3347 3193 3423 3265 μή
3477 3190 3650 3246 πολύν
3709 3213 3834 3246 τινα

431 3301 491 3356 in
524 3301 860 3358 discrimine
894 3301 1274 3357 metuendum
1307 3307 1396 3357 est
1435 3319 1504 3358 ne
1525 3301 1703 3358 nostri
1730 3301 1920 3358 ofﬁcio
1953 3301 2069 3356 mi—
2103 3281 2107 3316 ¹

2188 3283 2384 3362 χρόνον
2441 3283 2582 3355 παρὰ
2634 3286 2816 3354 σαυτῷ
2870 3281 3147 3360 κατέχειν,
3215 3278 3342 3336 ἀλλ’
3399 3279 3547 3342 ὅπως
3591 3280 3833 3336 ἀπίωσιν

433 3425 546 3466 nus
576 3409 976 3478 satisfaciant;
1018 3410 1228 3478 caeteri,
1261 3426 1333 3467 ne
1363 3409 1540 3465 rebus
1588 3409 1803 3466 nostris
1835 3409 2072 3480 petituri

425 3517 586 3588 justo
630 3517 761 3588 plus
803 3516 1150 3588 investigent
1196 3524 1249 3572 et
1279 3515 1365 3574 sic
1404 3517 1708 3573 commodo
1747 3533 1854 3572 suo
1884 3517 2070 3572 inser-

425 3624 606 3682 viant.
641 3625 786 3680 Nam
813 3625 862 3680 si
886 3639 1249 3696 quaecunque
1279 3624 1432 3680 infra
1471 3623 1650 3680 solem
1701 3628 1865 3694 sunt,
1896 3640 2068 3680 occu-

426 3745 563 3802 pare
619 3729 791 3800 idque
826 3729 1059 3785 nemine
1101 3729 1429 3798 resistente,
1452 3729 1560 3784 tibi
1611 3729 1939 3800 contigerit,
1965 3745 2069 3785 nec

424 3835 703 3907 delegatis
751 3853 855 3892 nec
903 3836 1305 3892 defensoribus
1337 3835 1438 3892 tibi
1468 3851 1615 3907 opus
1645 3841 1798 3891 esset
1829 3851 1842 3890 :
1877 3836 1923 3890 si
1964 3852 2067 3891 au-

423 3948 540 3998 tem
577 3941 772 3998 hostes
803 3943 858 3998 in
883 3947 940 3998 te
971 3944 1357 4015 insurgerent,
1391 3959 1523 3998 cum
1572 3943 1730 3998 omni
1789 3958 2065 3998 aerumna-

422 4064 552 4106 rum
582 4065 788 4119 genere
810 4049 915 4104 tibi
941 4049 1373 4121 conﬂigendum
1405 4051 1570 4106 foret.

491 4457 576 4511 12.
607 4455 666 4510 Si
693 4454 823 4510 dein
859 4454 1022 4526 probi
1051 4453 1204 4526 regis
1235 4453 1624 4523 industriique
1651 4455 1741 4507 est
1771 4455 1834 4506 ut
1862 4465 2058 4506 omnes

417 4561 466 4618 ei
489 4561 765 4631 subjecta:
799 4561 1060 4616 civitates
1091 4575 1268 4632 quam
1303 4558 1520 4630 optime
1549 4556 2052 4624 administrentur,

416 4668 560 4724 scito
591 4668 698 4723 hoc
728 4667 850 4722 ﬁeri
874 4684 990 4722 non
1017 4683 1206 4738 posse,
1235 4666 1346 4720 nisi
1375 4666 1754 4736 magistratus
1775 4663 2058 4718 omnivir-
2091 4641 2134 4701 ί)

414 4779 601 4832 tutum
627 4791 834 4846 genere
847 4775 1170 4842 emineant;
1192 4773 1358 4829 aliter
1371 4774 1528 4828 enim
1557 4773 1678 4828 istas
1699 4772 2060 4828 florerenun-

413 4899 588 4954 quam
612 4887 898 4954 poterunt,
923 4881 1052 4936 licet
1085 4897 1182 4936 rex
1203 4883 1278 4938 sit
1301 4881 1538 4950 optimas
1570 4879 1811 4935 indolis.
1839 4878 2056 4934 Idcirco

413 4989 826 5060 magistrtuum
845 4987 1158 5043 electiones
1183 5003 1314 5042 cum
1341 5003 1574 5042 summa
1597 5003 1728 5042 cura
1752 4986 2054 5042 instituen-

410 5097 496 5152 das
527 5101 684 5164 sunt,
719 5096 933 5168 quippe
962 5113 996 5150 a
1025 5095 1242 5166 quibus
1273 5111 1365 5149 res
1387 5095 1656 5149 ecundae
1677 5099 1779 5150 aut
1801 5095 2053 5151 adversm

409 5205 681 5274 pendent.
715 5203 1030 5274 Nunquam
1070 5203 1248 5273 igitur
1279 5201 1485 5257 afﬁnes
1519 5205 1649 5256 tuos
1680 5201 1892 5256 illustri
1925 5199 2051 5256 loco

412 5321 595 5377 natos,
627 5311 728 5366 sed
769 5325 868 5364 eos
901 5309 1278 5379 potissimum
1312 5307 1507 5379 eliges,
1543 5323 1794 5378 quorum
1825 5305 2050 5362 indoles

407 5421 463 5472 et
493 5432 682 5472 mores
710 5431 902 5470 veram
933 5415 1276 5487 dignitatem
1327 5415 1715 5471 constituunt.
1747 5415 1863 5469 Hos
1912 5429 2048 5486 ergo

407 5525 579 5581 rebus
611 5525 1094 5582 administrandis
1125 5523 1421 5596 praeficies,
1445 5537 1498 5580 et
1531 5524 1614 5580 sic
1645 5522 1905 5579 felicibus
1933 5521 2049 5579 tuis

473 5709 552 5780 (a)
581 5705 720 5764 God.
750 5709 888 5768 τοῖς.

2185 3369 2390 3427 ἐνθένδε
2445 3373 2544 3440 τήν
2595 3371 2863 3448 ταχίστην
2928 3370 3348 3444 παρασκευάζειν
3389 3390 3402 3402 ο
3452 3370 3502 3423 οἱ
3555 3370 3650 3442 μὲν
3701 3370 3832 3442 περί

2181 3463 2253 3515 ὼν
2283 3461 2445 3522 αὐτὸς
2485 3455 2651 3536 ἔγνως
2698 3457 3152 3535 ἀπαγγελοῦντες,
3193 3459 3244 3512 οἳ
3277 3455 3324 3512 δ’
3363 3458 3436 3512 ὧν
3483 3455 3646 3532 ε’ίνεχ’
3685 3459 3830 3529 ἧκον

2175 3555 2344 3604 ταῦτα
2402 3548 2822 3624 διαπραξάμενοί
2867 3569 2948 3616 τε,
2993 3547 3082 3602 καὶ
3131 3548 3231 3620 μή,
3273 3546 3346 3608 ὡς
3405 3541 3517 3601 ἔστι
3567 3543 3688 3608 δέος
3747 3548 3828 3619 μὴ

2179 3633 2463 3714 διατριϐῆς
2512 3638 2714 3716 ἀμφοῖν
2760 3636 3114 3713 γιγνομένης,
3165 3636 3217 3690 oi
3269 3637 3365 3708 μὲν
3413 3636 3668 3710 ἡμέτεροι
3725 3635 3826 3690 τοῦ

2177 3725 2392 3789 δέοντος
2438 3729 2827 3801 ὑστερήσωσιν,
2872 3727 2924 3780 οἱ
2963 3723 3008 3779 δ’
3050 3725 3202 3786 ὅπως
3240 3719 3420 3800 ἔχοιεν
3466 3727 3534 3780 τὰ
3576 3724 3828 3799 ἡμέτερα

2175 3819 2683 3894 περιεργασάμενοι,
2765 3814 3121 3889 καταμάθωσί
3176 3835 3234 3870 τε
3281 3809 3315 3868 ἀ
3363 3815 3438 3887 μὴ
3499 3815 3678 3887 θέμις,
3727 3815 3820 3869 xui

2173 3906 2389 3980 προσέτ’
2456 3905 2488 3960 ἂ
2545 3927 2724 3981 σφισιν
2782 3903 2918 3966 ’ίσως
2978 3901 3260 3964 λυσιτελὲς
3331 3903 3772 3957 συσκευάσωνται
3805 3919 3821 3937 ·

2173 3996 2219 4051 εί
2281 3995 2374 4068 μὲν
2429 3995 2531 4072 γάρ
2579 4001 2679 4064 τῆς
2719 3995 2798 4067 (α)
2848 3994 2932 4071 ὑφ’
2982 3992 3132 4065 ἡλίῳ
3187 3992 3364 4062 πάσης
3411 3989 3673 4065 ἐκράτεις,
3725 3993 3820 4047 καὶ

2173 4082 2512 4140 ούδοντινοῦν
2573 4085 2666 4139 τὸν
2727 4081 3135 4156 ἐναντιούμενον
3194 4081 3364 4155 εἶχες.
3443 4080 3557 4136 οὔτ’
3613 4079 3671 4134 ἂν
3727 4101 3819 4136 σοι

2170 4170 2469 4250 πρεσϐειῶν
2524 4167 2654 4244 ἔδει,
2715 4170 2839 4228 οῦτε
2887 4174 2988 4241 τῆς
3045 4170 3170 4246 περὶ
3238 4175 3405 4226 ταῦτα
3463 4169 3766 4248 ἀσφαλείας
3799 4188 3816 4202 ·

2167 4267 2315 4338 ἒχων
2349 4261 2406 4319 δὲ
2451 4262 2773 4336 πολεμίους,
2817 4263 2878 4316 σὺ
2922 4259 2979 4317 δὲ
3025 4261 3115 4316 xui
3160 4261 3232 4314 ὧν
3281 4257 3437 4337 ἔφην,
3481 4258 3530 4329 ἐξ
3564 4259 3818 4336 ἀνάγκης

2165 4352 2353 4429 ’ίσχεισ
2381 4353 2633 4428 ἀνάγκην.

2242 4445 2329 4518 ιβ’.
2391 4443 2488 4498 Καὶ
2543 4443 2650 4516 μὴν
2697 4440 2742 4495 εἰ
2786 4443 3032 4516 χρηστοῦ
3080 4440 3173 4512 μὲν
3213 4435 3323 4493 ἔστι
3387 4435 3660 4514 βασιλέως
3719 4437 3818 4494 καὶ

2171 4529 2302 4606 μάλ’
2349 4529 2621 4601 ἀπόδειξις
2669 4527 2902 4605 ἐναργής
2958 4529 3020 4582 τὸ
3077 4529 3250 4588 πάσας
3297 4525 3490 4589 πόλεις
3548 4527 3622 4588 ὡς
3680 4525 3820 4582 κάλ·

2213 4643 2328 4678 ιστα
2368 4619 2710 4688 διοικεῖσθαι,
2751 4622 2910 4674 τοῦτο
2954 4615 3010 4672 δὲ
3048 4615 3146 4672 οὐκ
3181 4614 3242 4670 ἂν
3283 4614 3394 4686 ε’ίη,
3437 4617 3513 4689 μή
3551 4619 3663 4670 τῶν
3707 4617 3818 4690 ἄρ-

2169 4732 2284 4788 χειν
2327 4711 2610 4790 λαχόντων
2650 4709 2784 4783 πρὸς
2821 4707 3016 4783 ἀρετήν
3055 4704 3111 4760 εὖ
3151 4703 3510 4778 ἡρμοσμένων
3539 4717 3552 4736 ⁶
3595 4705 3679 4790 ὡςΔ
3705 4703 3818 4761 ἆλ-

2167 4787 2279 4864 λίως
2321 4787 2688 4876 γε’έχόντων,
2727 4795 2852 4852 οὐδὲ
2887 4794 3081 4856 ταύτας
3123 4791 3531 4850 ούδοπωστιοῦν
3565 4793 3621 4848 εὖ
3651 4787 3814 4869 ἔχειν

2167 4889 2280 4945 οἶόν
2311 4911 2388 4959 τε,
2420 4887 2514 4944 κᾶν
2546 4890 2573 4942 ὃ
2619 4886 2921 4962 βασιλεύων
2964 4885 3120 4940 πάντ’
3167 4881 3382 4957 ἄριστος
3540 4885 3675 4955 μετὰ
3719 4905 3818 4940 το-

2161 4980 2358 5048 σαύτης
2409 4973 2686 5052 ἀκριϐείας
2733 4975 2827 5038 τὰς
2877 4973 3229 5049 ἀρχαιρεσίας
3279 4973 3548 5028 ποιεῖσθαι
3603 4969 3712 5040 δεῖ,
3759 4974 3816 5028 ἓν

2160 5070 2247 5132 αῖς
2289 5068 2349 5123 τό
2397 5089 2453 5122 τε
2499 5072 2706 5142 χεῖρον,
2765 5066 2826 5120 τό
2883 5065 2930 5118 τ’
2985 5065 3205 5136 ἄμεινον
3261 5059 3658 5116 κινδυνεύεται’
3729 5063 3813 5124 ὡς

2162 5161 2237 5230 μή
2271 5157 2353 5212 ὅτι
2397 5156 2523 5218 τοὺς
2574 5155 2711 5210 κατὰ
2739 5153 2894 5230 γένος
2940 5173 3022 5208 σοι
3075 5149 3450 5231 διαφέροντας,
3501 5147 3626 5206 οὐδὲ
3673 5152 3816 5214 τοῦς

2157 5249 2262 5302 ἀπὸ
2314 5247 2567 5320 μεγάλων
2620 5243 2951 5318 τιμημάτων
3009 5242 3098 5298 καὶ
3157 5241 3362 5317 βαθέων
3409 5239 3594 5308 οῖκων,
3653 5241 3818 5297 ἀλλᾶ

2155 5337 2284 5400 τοὺς
2320 5335 2746 5396 ἐπιεικεστάτους
2792 5333 2886 5396 τάς
2939 5331 3147 5408 φύσεις,
3196 5331 3286 5386 καὶ
3329 5335 3426 5386 τοῦ
3481 5329 3654 5386 καλοῦ
3717 5330 3815 5387 διὰ

2153 5427 2332 5496 πάσης
2375 5423 2518 5486 ἰδέας
2560 5425 2791 5494 ἣκοντας
2839 5421 2887 5492 ἐξ
2936 5419 3172 5496 ἀνάγκης
3211 5421 3499 5496 αἱρεῖσθαι,
3540 5419 3630 5474 καὶ
3671 5419 3818 5476 τού-

2150 5539 2277 5580 τους
2307 5523 2424 5582 τοῖς
2466 5519 2780 5595 πράγμασιν
2819 5512 3121 5596 ἐφιστάναι,
3163 5512 3238 5578 ὡς
3275 5510 3334 5568 ἂν
3382 5509 3473 5567 καὶ
3511 5511 3575 5566 τὸ
3613 5511 3815 5588 γιγνό-
