4154 6216
291 393 405 456 ωδ

1439 385 1734 450 ORATIO
1779 384 1880 448 DE
1925 385 2159 448 REGIS
2203 385 2554 448 OFFICIIS.

3581 388 3703 449 466

299 545 454 597 μενον
489 519 580 577 διὰ
626 521 838 578 πάντων
871 521 1137 592 σώκηται,
1172 524 1266 576 σοῦ
1312 541 1370 576 τε
1419 517 1572 583 ὄντος
1623 520 1932 595 βελτίστου,

2047 519 2325 592 auspiciis
2375 534 2466 576 res
2515 517 2684 574 salvaa
2734 521 2924 585 erunt,
2964 519 3141 575 urbes
3190 522 3248 576 et
3304 523 3506 593 gentes
3539 521 3707 579 bonis

293 612 552 667 κάκείνων
604 611 690 666 ἐπὶ
720 616 801 682 τῷ
848 611 1112 680 σώζεσθαι
1145 611 1235 664 καὶ
1285 607 1474 672 πόλεις
1523 611 1612 665 καὶ
1661 606 1812 679 ἔθνη,
1842 608 1932 663 καὶ

291 707 390 770 τῆς
433 701 642 774 ἀγαθῆς
697 700 771 762 ὡς
821 699 988 754 εἰπεῖν
1038 698 1217 772 τύχης
1251 698 1384 772 μετά
1435 697 1648 754 πολλοῦ
1694 703 1790 754 τοῦ
1833 719 1935 752 πε-

293 790 506 864 ριόντος
559 794 692 844 πᾶσι
753 794 1013 862 μετεῖναι.
1068 791 1227 843 Ὅταν
1285 786 1342 842 δὲ
1402 787 1465 842 σὺ
1518 789 1615 861 μὶν
1669 792 1748 858 τῷ
1819 785 1933 841 ὄντι

293 878 580 953 βέλτιστος
637 880 725 950 ᾖς,
783 879 835 933 ὁὶ
902 875 959 932 δὲ
1014 883 1117 932 πᾶν
1188 876 1522 947 τούναντίον,
1589 884 1763 932 νοσεῖν
1843 878 1936 950 μὲν

289 966 498 1038 ἀνάγκη
531 968 628 1028 τὰς
679 965 871 1026 πόλεις
919 965 1176 1039 καὶπρὸς
1221 966 1284 1020 τὸ
1333 963 1501 1039 μηδὲν
1545 964 1654 1035 ἤδη
1706 971 1932 1042 χωρεῖν,

291 1059 347 1112 ai
377 1055 437 1110 δὲ
487 1055 563 1117 εἷς
594 1054 823 1130 α’ίνιγμα
869 1053 1103 1121 πίπτειν,
1153 1051 1244 1108 διὰ
1274 1055 1370 1126 μὶν
1426 1055 1618 1110 σαυτὸν
1668 1054 1757 1109 καὶ
1805 1053 1934 1110 ὄντα

295 1145 581 1221 βέλτιστον
609 1146 696 1200 καὶ
743 1144 1060 1220 λεγόμενον,
1093 1141 1182 1199 διὰ
1233 1141 1290 1199 δὲ
1325 1143 1453 1207 τοὺς
1484 1146 1549 1200 οὐ
1596 1143 1782 1207 καλῶς
1822 1150 1930 1199 τῶν

289 1237 630 1311 πραγμάτων
692 1232 1132 1305 ἐπιστατοῦντας,
1183 1233 1216 1287 ἃ
1283 1235 1360 1306 μὴ
1413 1241 1656 1308 προσῆκε
1711 1234 1936 1306 νομιζόο

296 1341 459 1400 μενον
493 1325 581 1380 καὶ
629 1323 948 1399 λεγόμενον.
987 1324 1044 1379 Εἰ
1098 1324 1193 1397 μὲν
1227 1323 1331 1400 γὰρ
1376 1324 1496 1378 οἷόν
1547 1325 1594 1378 τ’
1638 1325 1705 1392 ἦν
1753 1321 1936 1398 ὥσπερ

294 1413 597 1487 ὑπόπτερον
651 1413 983 1487 ἑκασταχόσε
1031 1417 1260 1490 χωρεῖν,
1312 1412 1400 1466 καὶ
1459 1409 1546 1467 διὰ
1599 1419 1700 1488 γῆς
1755 1413 1934 1481 πάσης

293 1502 431 1559 ἰέναι
461 1501 614 1565 οἵους
661 1501 789 1564 τοὺς
839 1501 1247 1574 Τριπτολέμους
1297 1499 1552 1563 διαύλους
1595 1501 1723 1578 φασὶ
1771 1522 1934 1573 ποιη-

361 1593 377 1614 ,
495 1591 573 1628 μ.
681 1592 706 1614 ,ι
997 1597 1022 1607 ..
1237 1590 1251 1612 ,
1340 1593 1352 1607 .
1418 1591 1442 1607 η
1583 1592 1596 1611 ,
1808 1597 1832 1607 ,.

289 1614 402 1662 ται,
461 1611 614 1648 οοοεν
678 1615 738 1646 αν
798 1593 863 1661 ἧν
919 1611 1165 1668 πραγμα,
1226 1589 1333 1646 αλλ
1409 1611 1579 1646 απαντ
1654 1591 1712 1646 ἂν
1769 1590 1936 1667 ρᾳστα

289 1682 382 1736 καὶ
435 1682 570 1752 μετά
620 1682 821 1743 παντὸς
885 1684 982 1735 τοῦ
1030 1679 1356 1756 γιγνομένου
1406 1676 1474 1734 δι’
1524 1679 1688 1735 αὐτὸν
1744 1683 1934 1736 σαυτὸν

291 1773 675 1848 ωτειργάζου,
730 1772 819 1826 καὶ
871 1767 1222 1842 μηδεντινοὸν
1267 1773 1338 1842 τῇ
1392 1770 1556 1840 κακίᾳ
1610 1771 1796 1844 χώραν
1838 1793 1937 1826 πα-

293 1866 499 1935 ρεῖχες,
530 1859 678 1915 ἀλλὰ
726 1861 860 1933 πρὸς
911 1863 989 1928 τῷ
1039 1858 1195 1912 πάνθ’
1248 1856 1281 1911 ἆ
1326 1865 1574 1932 προσῆκε
1621 1863 1815 1925 ποιεῖν,
1845 1859 1933 1914 καὶ
1969 1893 2016 1957 Β

291 1951 488 2006 σαυτὸν
525 1956 644 2013 τοῖς
699 1950 800 2005 οὐκ
847 1946 1044 2004 εἰδόσιν
1075 1945 1336 2020 ἐδείκνυς,
1368 1947 1474 2002 ἀπὸ
1508 1947 1676 2019 μόνου
1724 1953 1814 2003 νῦν
1843 1953 1938 2004 τοῦ

288 2041 685 2116 προσρήματος
749 2039 1212 2114 γιγνωσκόμενος,
1289 2041 1586 2106 τηνικαῦτα
1656 2035 1699 2090 δ’
1776 2036 1938 2101 αὐτὸς

293 2130 574 2205 ὁρώμενος
609 2147 622 2161 ⁸
667 2129 755 2185 ὅτε
807 2127 864 2184 δὲ
891 2131 1053 2183 τοῦτο
1103 2127 1202 2182 οὐκ
1247 2123 1348 2194 ἔνι,
1399 2125 1678 2200 ἀρχόντων
1721 2124 1804 2182 δεῖ
1852 2149 1936 2182 σοι

290 2226 576 2296 χρηστῶν,
607 2220 698 2276 καὶ
751 2222 827 2293 μή
857 2217 1200 2294 ψευδομένων
1247 2216 1512 2292 τοῦνομα,
1549 2215 1678 2290 μηδ’
1726 2219 1813 2281 οἷς
1852 2219 1938 2272 ἂν-

290 2313 529 2384 θρώπων
562 2308 752 2384 ἄρχειν
804 2307 1076 2378 δοκοῦσιν,
1109 2310 1288 2364 αὐτῶν
1339 2310 1440 2364 ὑπὸ
1484 2308 1794 2380 λημμάτων
1843 2306 1936 2361 καὶ

289 2399 355 2455 ού
405 2399 592 2456 καλῶν
643 2399 946 2472 ἐπιθυμιῶν
1007 2398 1256 2460 ἐλεεινῶς
1313 2397 1664 2476 ἀρχομένων,
1717 2394 1809 2450 ’ἱνα
1865 2393 1935 2449 δι’

286 2489 468 2546 αὐτῶν
507 2490 690 2564 ὥσπερ
738 2493 902 2544 τινῶν
950 2490 1215 2562 ὀμμάτων
1267 2487 1414 2544 οἶκοι
1461 2490 1792 2560 καθήμενος,
1841 2487 1933 2541 καὶ

281 2582 352 2638 τὰ
378 2584 517 2637 πάνυ
545 2603 630 2636 τοι
680 2579 872 2656 πόρῥω
901 2581 1075 2634 πάντα
1125 2577 1360 2654 διορώῃς
1399 2600 1476 2648 τε,
1525 2579 1616 2634 καὶ
1663 2576 1934 2649 κοσμοίης

283 2672 524 2727 ὶπαίνων
554 2673 765 2741 ἀξίους,
796 2670 885 2725 καὶ
935 2670 1012 2732 ὡς
1040 2671 1100 2724 ἄν
1147 2690 1230 2731 τις
1259 2669 1445 2744 παρὼν
1474 2668 1565 2723 καὶ
1608 2672 1714 2722 τῶν
1747 2688 1934 2742 γιγνο-

286 2763 470 2834 μὲνων
498 2758 697 2816 ἕκαστα
732 2757 950 2833 βλέπων
985 2777 998 2789 ·
1037 2757 1098 2812 ού
1133 2759 1240 2830 μὴν
1276 2757 1491 2818 τούτοις
1538 2755 1931 2834 ἐπιτετραφότα

279 2851 346 2906 τὸ
405 2853 534 2916 πᾶν,
595 2847 968 2924 ῥᾳθυμότερόν
1022 2866 1138 2906 πως
1205 2844 1365 2900 αὐτὸν
1438 2848 1549 2920 χρὴ
1610 2842 1931 2912 διακεῖσθαι,

283 2937 402 2995 οὐδ’
448 2938 627 3000 οὕτως
680 2935 1199 3014 έρῥᾳστωνευμένως
1251 2932 1320 2989 δι’
1349 2934 1545 2996 αὐτοὺς
1601 2938 1714 2995 τοῖς
1765 2934 1934 3008 πράγ-

285 3048 422 3100 μασι
451 3027 717 3101 χρῆσθαι,
759 3026 835 3086 ὡς
868 3027 1010 3097 μήτε
1041 3024 1234 3098 λόγοις
1277 3025 1405 3096 μήτ’
1436 3023 1616 3098 ἔργοις
1653 3021 1780 3097 μηδ’
1815 3025 1930 3077 οἷσ-

277 3137 424 3174 τισιν
485 3114 800 3191 τοπαράπαν
862 3114 999 3188 πρὸς
1054 3115 1248 3181 ἀρετὴν
1318 3111 1523 3168 ἐθέλειν
1579 3114 1674 3174 τὰς
1738 3113 1928 3175 πόλεις

275 3204 632 3279 προτρέπειν,
663 3201 793 3257 ἀλλ’
839 3201 1020 3275 ὥσπερ
1061 3201 1124 3260 ἃν
1174 3202 1218 3256 εἰ
1273 3203 1348 3274 μὴ
1392 3202 1602 3256 τούτων
1651 3201 1929 3275 παρόντων

278 3295 526 3367 ἀνάγκην
577 3290 732 3368 ἔσχες
772 3290 956 3360 αὐτὸς,
989 3291 1170 3366 ὥσπερ
1218 3289 1309 3345 οῦν
1351 3291 1440 3345 καὶ
1485 3295 1574 3345 νῦν
1623 3289 1792 3366 ἓχεις,
1836 3292 1928 3346 ἅτε

274 3382 482 3443 κοινῶς
528 3383 782 3436 ἁπάντων
833 3377 1145 3452 μελεδωνός
1202 3380 1292 3434 καὶ
1349 3382 1659 3451 προστάτης
1707 3380 1924 3443 ταύταις

276 3473 620 3550 εἰσηγεῖσθαι
650 3474 712 3528 τὸ
764 3469 882 3527 δέον
935 3471 1025 3526 καὶ
1056 3471 1230 3526 πάντα
1276 3471 1478 3545 τρόπον
1521 3477 1682 3546 χεῖρα
1726 3473 1929 3541 σώζου-

275 3585 373 3618 σαν
434 3561 767 3638 ὁπερίσχειν.
827 3559 986 3618 Οὕτω
1047 3562 1334 3633 παρόντων
1389 3559 1480 3614 καὶ
1543 3560 1673 3632 μαλ’
1736 3559 1927 3638 ἄρχειν

277 3649 532 3719 εἰδότων,
587 3650 676 3704 καὶ
734 3649 892 3705 αὐτὸν
956 3648 1024 3704 τὰ
1076 3651 1225 3724 παρά
1293 3653 1492 3704 σαυτοῦ
1566 3649 1925 3727 συνεισφέρειν

275 3743 368 3796 καὶ
425 3739 841 3817 συμφροντίζειν
898 3737 1079 3814 ὥσπερ
1129 3738 1294 3808 εἷ’κὸς,
1352 3741 1442 3792 νῦν
1505 3739 1600 3810 μὲν
1657 3743 1775 3799 ταῖς
1833 3740 1929 3792 πό-

279 3831 404 3888 λεσι
461 3827 533 3884 δι’
586 3828 890 3884 ἐπιστολῶν
951 3829 1204 3901 ὁμονοεῖν
1245 3827 1778 3904 παρακελευόμενον,
1837 3831 1927 3882 καί

286 3926 409 3982 τοῖς
461 3919 882 3994 προϊσταμένοις
932 3918 1006 3980 ὡς
1071 3915 1290 3990 μάλιστ’
1341 3917 1595 3985 ὑπείκειν,
1644 3918 1732 3973 καὶ
1781 3917 1928 3979 ὅλως

287 4011 365 4064 ὧν
400 4010 495 4081 μὲν
539 4005 762 4082 ’ἔχεσθαι
807 4008 944 4082 χρὴ,
993 4008 1066 4062 ὧν
1113 4003 1159 4060 δ’
1207 4007 1523 4080 ἀπέχεσθαι,
1551 4011 1641 4060 νῦν
1675 4004 1732 4061 δὲ
1772 4007 1926 4061 σπεύ-

285 4096 472 4160 δοντας
502 4098 594 4152 καὶ
629 4097 824 4159 αὐτοὺς
866 4097 1002 4151 κατὰ
1031 4096 1093 4151 τὸ
1139 4093 1270 4157 έπος
1310 4095 1628 4169 ὀτρύνοντα,
1657 4095 1746 4150 καὶ
1787 4115 1930 4169 προ-

285 4187 621 4261 θυμοτέρους
669 4190 815 4264 σφῶν
869 4185 1044 4240 αὐτῶν
1094 4184 1417 4239 καθιστάντα
1449 4201 1463 4214 ⁸
1523 4185 1637 4240 ἐπεὶ
1699 4183 1756 4240 δὲ
1801 4185 1927 4246 τοὺς

280 4277 554 4354 ἡνιόχους
604 4277 816 4348 ὁρῶμεν
850 4275 915 4330 ού
964 4279 1086 4336 ταῖς
1116 4278 1222 4328 τῶν
1263 4272 1452 4328 ἵππων
1497 4274 1709 4348 ἀρεταῖ>
1763 4275 1926 4346 μόνον

281 4367 634 4441 χρωμένους,
666 4361 813 4418 ἀλλὰ
841 4364 932 4418 καὶ
964 4362 1114 4438 λόγῳ
1161 4362 1252 4417 καὶ
1282 4359 1425 4437 ἓργῳ
1455 4363 1524 4417 τὰ
1567 4365 1692 4436 παρ’
1726 4364 1926 4418 ἑαυτῶν

283 4455 700 4529 προστιθέντας.
741 4452 839 4506 Καὶ
870 4456 1030 4507 τοῦτο
1067 4454 1161 4524 μὲν
1195 4449 1263 4520 δή
1290 4457 1563 4508 τοιοῦτον.

360 4547 452 4622 ιγ’.
510 4544 820 4616 Χρημάτων
867 4541 926 4596 δὲ
967 4542 1090 4617 πέρι
1139 4545 1256 4603 πῶς
1303 4539 1363 4599 ἂν
1410 4539 1555 4617 ’ἐχειν
1615 4543 1819 4618 χρῆναί
1873 4565 1929 4599 σε

2047 627 2322 682 omnibus
2367 625 2914 682 circumﬂuentibus
2963 625 3290 682 ﬂorebunt.
3325 628 3543 693 Quodsi
3571 644 3706 687 vero

2050 737 2111 789 tu
2144 735 2379 805 quidem
2427 733 2685 806 optimus
2715 749 2798 796 es,
2830 731 2985 788 cives
3015 737 3208 788 autem
3250 751 3280 790 e
3311 741 3510 792 contra
3539 735 3703 808 pravi

2049 849 2210 912 sunt,
2238 843 2497 898 civitates
2547 841 2812 897 labantes
2855 840 2915 897 in
2967 840 3209 897 exitium
3242 847 3448 910 ruent;
3481 852 3542 899 tu
3573 844 3701 916 ipse

2050 955 2242 1006 autem
2276 967 2376 1022 per
2407 949 2711 1006 hominum
2743 966 2845 1005 ora
2867 949 2978 1005 ibis
3001 949 3387 1007 dicentiumte
3409 953 3697 1023 optimum

2051 1057 2285 1130 quidem
2315 1057 2505 1114 virum
2537 1055 2918 1112 inﬁrmiorem
2951 1073 3077 1112 esse
3109 1074 3285 1128 quam
3315 1062 3379 1114 ut
3397 1060 3698 1132 magistra-

2050 1169 2146 1221 tus
2175 1183 2208 1220 a
2256 1165 2686 1236 praevaricando
2729 1163 3035 1235 impedias.
3070 1163 3126 1219 Si
3159 1164 3315 1220 enim
3350 1165 3471 1220 fieri
3502 1170 3698 1237 posset

2051 1279 2115 1328 ut
2142 1272 2369 1328 semita:
2389 1287 2533 1344 quas
2563 1275 2745 1344 poetae
2775 1270 3126 1342 Triptolemi
3161 1272 3394 1328 nomine
3423 1273 3700 1330 decorant

2048 1383 2230 1436 totam
2264 1383 2476 1434 terram
2509 1378 2908 1450 pervaderent,
2941 1377 3104 1434 nulla
3127 1379 3251 1449 jam
3272 1355 3591 1436 difficultas
3611 1397 3698 1436 es-

2049 1491 2157 1553 set,
2189 1487 2287 1541 sed
2342 1485 2540 1542 omnia
2589 1486 2835 1558 pedibus
2868 1485 3148 1542 subderes
3180 1487 3320 1554 tuis,
3351 1486 3695 1560 nullumque

2051 1591 2254 1649 sceleri
2284 1591 2475 1648 locum
2507 1593 2696 1660 dares,
2731 1593 2885 1647 sicut
2916 1598 3088 1648 antea
3117 1591 3406 1647 bonarum
3438 1596 3494 1647 te
3522 1593 3697 1648 actio-

2051 1717 2190 1756 num
2221 1699 2514 1772 exemplar
2543 1699 2875 1757 exhibuisti.
2904 1699 3016 1755 Sed
3039 1715 3170 1754 cum
3194 1699 3252 1754 id
3285 1699 3406 1755 fieri
3432 1699 3556 1769 jam
3577 1717 3690 1757 non

2049 1809 2250 1880 possit,
2278 1807 2445 1864 bonis
2475 1809 2580 1864 tibi
2615 1825 2694 1874 re,
2717 1825 2833 1864 non
2861 1807 3098 1863 nomine
3127 1813 3353 1862 tantum
3385 1807 3691 1879 magistra-

2048 1913 2203 1968 tibus
2250 1929 2398 1982 opus
2441 1920 2550 1980 est,
2583 1925 2634 1969 ei
2682 1913 2781 1985 qui
2816 1912 3082 1969 homines
3112 1914 3438 1984 gubernare
3468 1929 3692 1984 praasu-

2048 2027 2236 2090 munt,
2270 2022 2410 2078 dum
2442 2023 2554 2093 ipsi
2587 2024 2780 2095 pravis
2811 2023 3234 2094 cupiditatibus
3265 2022 3474 2080 misere
3505 2021 3689 2080 laces-

2046 2135 2277 2196 suntur,
2305 2132 2438 2186 dum
2495 2134 2557 2184 tu
2607 2131 2731 2202 ipse
2760 2131 2944 2186 bonos
2975 2131 3160 2202 aequis
3192 2129 3378 2186 oculis
3409 2129 3694 2186 discernis

2046 2243 2104 2294 et
2149 2237 2418 2294 laudibus
2468 2238 2655 2294 eil'ers.
2707 2239 2832 2294 Non
2882 2237 3041 2293 enim
3099 2238 3432 2294 committes
3479 2243 3546 2293 ut
3593 2255 3685 2294 res

2046 2344 2200 2399 male
2248 2360 2311 2400 se
2357 2343 2630 2412 habeant,
2664 2359 3012 2415 semperque
3061 2343 3118 2398 id
3167 2358 3304 2415 ages
3338 2347 3402 2398 ut
3429 2343 3691 2401 civitates

2045 2466 2180 2506 voce
2228 2455 2284 2506 et
2330 2449 2591 2521 exemplo
2639 2452 2710 2506 ad
2741 2450 2974 2506 virtutis
3001 2448 3340 2505 exercitium
3375 2449 3686 2521 propellas,

2044 2573 2391 2630 persuasum
2423 2557 2644 2614 habens
2675 2558 2848 2630 quod,
2878 2557 2928 2612 si
2959 2557 3316 2613 contrarium
3347 2557 3580 2624 accidit,
3603 2575 3688 2614 re-

2043 2680 2173 2719 rum
2199 2664 2494 2736 angustiis
2516 2663 2882 2736 premereris,
2898 2667 3128 2719 utnunc
3143 2663 3375 2733 quidem
3392 2679 3406 2730 ;
3422 2663 3689 2720 omnium

2041 2769 2197 2825 enim
2231 2775 2295 2825 tu
2327 2774 2614 2841 protector
2641 2786 2708 2826 ac
2739 2775 2932 2825 custos
2963 2785 3168 2825 omnes
3198 2768 3337 2840 quid
3360 2769 3571 2840 cuique
3602 2770 3685 2825 fa-

2042 2875 2315 2931 ciendum
2349 2878 2423 2932 sit
2461 2876 2697 2932 docebis
2729 2892 3092 2949 manumque
3132 2875 3468 2932 auxiliarem
3499 2878 3687 2948 porri-

2040 3000 2163 3056 ges.
2199 2986 2361 3052 Quod
2414 2986 2463 3041 si
2512 3003 2606 3042 res
2653 2986 2734 3041 ita
2763 3002 2827 3042 se
2873 2985 3110 3053 habent,
3145 2995 3202 3042 tu
3235 3001 3354 3042 rem
3390 2985 3680 3058 publicam

2040 3106 2142 3162 pro
2171 3091 2322 3147 virili
2355 3097 2515 3164 parte
2535 3091 2995 3160 administrabis,
3018 3092 3169 3148 cives
3189 3091 3427 3164 quidem
3451 3092 3522 3147 ad
3546 3108 3687 3148 con-

2040 3197 2298 3255 cordiam
2347 3208 2400 3254 et
2445 3199 2515 3255 ad
2548 3199 2894 3270 obsequium
2925 3215 3024 3270 per
3055 3199 3273 3256 litteras
3301 3197 3687 3260 exhortando,

2038 3311 2096 3363 et
2145 3323 2271 3378 qua
2311 3308 2692 3375 observanda,
2725 3323 2856 3379 quas
2898 3307 3166 3363 evitanda
3215 3307 3454 3363 veniunt
3495 3315 3688 3362 osten-

2038 3413 2252 3482 dendo,
2283 3429 2440 3469 nunc
2488 3412 2870 3482 stimulando,
2900 3419 2960 3468 et
2995 3414 3261 3468 animum
3291 3412 3366 3469 iis
3395 3413 3686 3484 augendo,

2039 3523 2330 3594 siquidem
2344 3540 2414 3578 au
2424 3523 2581 3594 rigas
2595 3539 2828 3594 quoque
2844 3540 2956 3578 non
2972 3529 3198 3579 tantum
3213 3539 3431 3594 equoru
3443 3540 3495 3579 m
3511 3523 3689 3578 virtu-

2037 3631 2193 3687 tibus
2229 3632 2308 3686 uti
2339 3631 2627 3696 videmus,
2651 3631 2862 3702 quippe
2893 3630 2994 3703 qui
3026 3630 3196 3687 verbo
3227 3647 3295 3688 ac
3326 3647 3388 3688 re
3419 3629 3683 3686 adhibita

2038 3738 2378 3808 procedunt.
2411 3739 2519 3795 Sed
2552 3737 2675 3794 haec
2704 3737 3010 3794 hactenus.

2110 4545 2198 4599 13.
2227 4547 2359 4598 Jam
2392 4540 2704 4596 dicendum
2737 4541 2827 4593 est
2857 4535 3084 4608 qualern
3109 4539 3164 4590 te
3194 4534 3344 4590 circa
3374 4532 3680 4606 pecuniam

283 4640 504 4714 φῶμεν,
535 4633 571 4702 ἢ
605 4631 865 4703 δηλονότι
917 4632 1219 4704 βασιλικῶς
1248 4652 1307 4686 τε
1353 4633 1442 4686 καὶ
1495 4632 1931 4708 μεγαλοπρεπῶς

2045 4652 2310 4708 διεδίδετο
2340 4648 2552 4704 debeas
2578 4663 2592 4700 :
2627 4645 2844 4716 regium
2873 4643 3094 4699 scilicet
3124 4649 3181 4698 et
3211 4641 3586 4714 magnificum
3620 4643 3684 4693 ut

281 4726 373 4780 καὶ
405 4724 481 4785 ὡς
532 4722 675 4784 εἰκὸς
725 4723 967 4800 ἄρχοντα
1014 4721 1208 4796 ἀγαθὸν
1253 4721 1344 4776 καὶ
1387 4723 1614 4796 γνώμης
1660 4723 1739 4800 ἐφ’
1784 4724 1927 4778 οὕτω

280 4836 370 4870 τοι
401 4812 492 4869 καὶ
526 4808 769 4876 σπουδῆς
819 4811 1049 4880 ⁴ἥκοντα,
1082 4811 1156 4873 ὡς
1187 4816 1345 4864 πᾶσιν
1395 4811 1616 4886 ἀγαθοῖς
1666 4813 1822 4868 αὐτόν
1870 4835 1929 4867 τε

285 4904 678 4976 κεκνσμῆσθαι,
708 4907 827 4964 τοῖς
855 4921 912 4956 τε
960 4898 1154 4962 ἄλλοις
1183 4901 1273 4955 καὶ
1307 4906 1423 4963 τοῖς
1463 4906 1724 4976 παροῦσιν
1781 4901 1928 4976 λέγω

283 4995 374 5049 καὶ
438 4997 556 5055 τοῖς
615 4990 1048 5066 ἐπιγιγνομένοις
1101 4989 1273 5045 καλοῦ
1330 4992 1525 5052 παντὸς
1582 4991 1640 5045 ἃν
1691 4993 1930 5064 γενέσθαι

281 5080 668 5156 παράδειγμα;
726 5081 973 5135 τουτέστι
1027 5081 1104 5154 μή
1163 5080 1240 5144 εἷς
1294 5079 1607 5152 πλεονεξίας
1667 5081 1756 5136 καὶ
1807 5102 1930 5155 τρυ-

283 5173 387 5250 φὰς
417 5172 510 5227 καὶ
538 5172 634 5232 τὰς
665 5171 770 5224 οὐκ
813 5169 1208 5243 ἐπαινουμένας
1247 5167 1452 5236 ἡδονάς
1504 5173 1766 5245 χρήματα
1797 5170 1930 5226 διώ-

282 5283 396 5318 κειν
450 5262 746 5335 αἱρεῖσθαι,
778 5261 868 5314 καὶ
922 5260 1037 5334 βίον
1070 5265 1167 5331 ζῇν
1215 5261 1374 5335 ὑγρόν
1423 5281 1481 5316 τε
1522 5262 1611 5315 καὶ
1659 5261 1929 5333 ἀνειμένον

280 5352 371 5407 καὶ
418 5355 638 5426 χαμᾶζε
681 5355 912 5425 φέροντα
946 5370 956 5382 ·
1007 5349 1134 5406 ἀλλ’
1179 5349 1318 5405 ὥστε
1350 5347 1423 5405 δι’
1471 5350 1645 5405 αὐτῶν
1693 5353 1927 5412 ἅπαντας

280 5443 340 5498 εὖ
395 5447 572 5497 ποιεῖν
626 5438 776 5516 ἔχειν
841 5443 1157 5514 θαυμαστῆς
1231 5439 1538 5515 ἐλευθερίας
1595 5444 1683 5496 καὶ
1762 5464 1926 5518 μεγα-

279 5528 559 5604 λοψυχίας
603 5526 820 5603 ἐφόδιον
874 5527 1202 5602 ποιούμενον
1250 5534 1440 5599 ταῦτα,
1489 5529 1581 5585 καὶ
1639 5532 1925 5606 ’χρώμενον

277 5622 416 5696 πρὸς
449 5620 484 5675 ἃ
513 5617 615 5678 δεῖ.
651 5618 712 5674 Εἰ
762 5619 857 5691 μὲν
890 5617 990 5674 οῦν
1045 5619 1353 5695 χρημάτων
1385 5618 1528 5674 οὕτω
1577 5617 1737 5693 λόγον
1769 5625 1927 5694 ποιῇ,

285 5710 349 5766 ού
415 5711 582 5784 μόνον
640 5708 855 5782 ἄγαθῶν
912 5709 1159 5765 ἁπάντων
1218 5709 1570 5784 ἆντιποιήσῃ,
1630 5708 1777 5766 ἀλλὰ
1829 5711 1925 5766 κάν

2037 4759 2286 4830 probum
2336 4771 2530 4826 regem
2581 4756 2856 4810 condecet
2902 4752 3000 4821 qui
3039 4767 3107 4805 ea
3136 4751 3370 4816 sentire,
3404 4748 3476 4802 iis
3507 4746 3684 4801 rebus

2040 4869 2269 4922 eludere
2301 4866 2470 4920 debet
2500 4879 2626 4935 quas
2660 4863 2852 4932 ipsum
2885 4864 3167 4915 exornant
3195 4861 3252 4913 et
3275 4856 3492 4928 quibus
3521 4857 3685 4908 caete-

2039 4979 2119 5035 ris
2170 4971 2514 5044 exemplaris
2561 4973 2682 5026 loco
2730 4969 2858 5026 erit.
2892 4968 2950 5024 Id
3002 4967 3118 5033 fiet,
3153 4966 3203 5020 si
3250 4965 3321 5020 ab
3353 4963 3594 5020 avaritia
3623 4967 3680 5018 et

2036 5083 2268 5138 luxurie
2297 5095 2460 5150 aeque
2491 5085 2747 5132 remotus
2780 5075 2970 5147 pravis
3005 5071 3398 5143 voluptatibus
3442 5085 3556 5124 non
3587 5068 3680 5122 in-

2040 5189 2266 5260 dulges,
2289 5203 2412 5258 quae
2444 5190 2708 5240 naturam
2733 5181 3048 5236 humanam
3083 5180 3388 5249 depravant
3418 5193 3483 5230 ac
3515 5175 3680 5230 humi

2039 5305 2328 5362 sternunt,
2359 5295 2476 5349 imo
2526 5292 2586 5346 in
2619 5288 2898 5346 omnibus
2928 5285 3245 5342 liberaliter
3275 5300 3339 5340 ac
3369 5283 3678 5354 magnani-

2038 5406 2208 5462 miter
2237 5403 2528 5474 agendum
2561 5403 2650 5456 est
2678 5403 2734 5453 et
2756 5402 2820 5453 ut
2839 5412 2984 5452 sana
3013 5394 3156 5451 ratio
3189 5393 3465 5466 praecipit.
3488 5391 3544 5447 Si
3570 5390 3680 5447 hoc

2038 5505 2210 5562 modo
2242 5518 2364 5558 rem
2397 5497 2794 5571 pecuniariam
2826 5495 3120 5561 tractabis,
3145 5510 3259 5548 non
3292 5491 3460 5547 modo
3483 5489 3681 5546 omnia

2036 5605 2188 5661 bona
2218 5599 2615 5672 consequeris,
2648 5595 2746 5651 sed
2786 5593 2962 5650 etiam
2995 5592 3054 5648 in
3085 5591 3380 5664 exigendis
3413 5588 3483 5644 ab
3515 5588 3681 5645 urbi-

2036 5713 2149 5770 bus
2180 5705 2564 5782 vectigalibus
2594 5703 2925 5760 humanum
2958 5705 3015 5758 te
3041 5697 3321 5772 praebebis
3352 5701 3407 5754 et
3442 5696 3682 5752 minime
