3982 6216
325 323 445 390 467

1635 329 2035 396 THEODULI
2078 332 2134 396 Μ
2140 334 2432 399 ONACHI

3621 347 3745 408 468

329 479 622 525 severum.
654 464 717 523 Si
764 479 900 521 vero
949 463 1182 522 animus
1228 467 1363 522 tuus
1411 464 1750 538 possidendi
1790 467 1984 525 studio

2128 474 2212 531 αῖς
2256 474 2363 526 τῶν
2415 468 2704 545 δημοσίων
2765 472 3070 549 εἰσπράξεσι
3124 474 3217 531 καὶ
3274 475 3490 534 πόλεων
3552 478 3751 557 εἰσφο-

332 574 521 646 magis
568 590 746 647 quam
798 589 905 647 par
950 577 1039 631 est
1085 577 1338 645 tenetur,
1394 577 1527 631 ante
1566 576 1759 632 omnia
1806 576 1984 633 miror

333 699 450 756 quo
521 686 690 755 pacto
759 697 895 739 cum
963 681 1218 754 pecunias
1286 681 1371 738 sis
1438 698 1659 751 servus,
1719 682 1984 740 homines

333 791 662 864 gubernare
712 805 1062 861 praesumere
1119 788 1357 845 audeas.
1409 788 1504 846 Sic
1561 789 1719 845 enim
1776 790 1873 847 ﬁet
1921 797 1988 848 ut

337 897 654 971 proborum
725 894 973 964 nullam,
1041 895 1444 968 improborum
1512 912 1746 953 omnem
1800 898 1987 956 ratio-

337 1021 472 1062 nem
520 1003 777 1072 habeas;
827 1019 899 1059 ne
963 1002 1153 1059 dicam
1201 1003 1352 1074 quod
1403 1002 1681 1075 pecunias
1729 1004 1988 1061 tributa-

339 1113 450 1171 rias
505 1126 637 1169 cum
695 1110 910 1168 duritia
967 1109 1183 1183 exiges,
1237 1110 1391 1181 quod
1448 1111 1784 1182 corruptelae
1842 1113 1987 1169 sub-

335 1219 558 1291 jectum
617 1222 671 1272 te
716 1214 1073 1272 monstrabis
1117 1219 1174 1272 et
1222 1215 1294 1272 ad
1350 1213 1533 1271 malas
1583 1224 1736 1273 artes
1782 1218 1989 1274 confu-

340 1325 513 1399 gies:
556 1340 684 1395 quae
732 1322 930 1380 omnia
972 1338 1090 1380 non
1137 1321 1344 1380 decent
1394 1338 1589 1395 regem
1639 1338 1990 1396 generosum

344 1432 442 1505 qui
492 1432 550 1488 in
596 1431 871 1488 omnibus
920 1431 1138 1502 primas
1164 1434 1384 1497 tenere,
1417 1430 1518 1502 qui
1558 1431 1621 1487 in
1651 1447 1855 1488 omnes
1886 1434 1994 1488 d0-

344 1540 558 1598 minari
610 1545 670 1595 ut
713 1537 1037 1596 imbecilles
1078 1538 1262 1595 animi
1292 1538 1612 1610 praesumit.
1647 1539 1772 1596 Imo
1801 1556 1836 1594 a
1864 1556 1994 1597 ma-

345 1647 731 1722 gnanimitate
762 1662 887 1719 quae
916 1647 1076 1720 regia
1102 1646 1289 1703 virtus
1321 1645 1567 1704 habetur
1597 1647 1741 1705 adea
1769 1653 1993 1707 remota

347 1762 506 1827 sunt,
530 1761 596 1813 ut
615 1771 1023 1829 quemcunque
1050 1755 1166 1812 ista
1190 1755 1499 1814 facientem
1525 1755 1990 1829 deprehendunt,

347 1868 583 1924 summo
643 1864 777 1921 odio
824 1866 1258 1936 prosequantur
1308 1879 1373 1920 ac
1430 1863 1547 1920 tale
1594 1879 1839 1936 regnum
1890 1881 1994 1938 pro
2025 1854 2072 1920 B

348 1972 782 2032 abominatione
805 1970 1040 2029 habent.
1063 1970 1212 2038 Quid
1239 1969 1397 2028 enim
1412 1971 1441 2026 ‘2
1463 1970 1567 2043 qui
1597 1970 1669 2027 ob
1689 1971 1996 2043 pecuniam

349 2081 498 2139 altos
518 2079 761 2152 spiritus
783 2078 985 2151 sumit,
1000 2077 1147 2134 nihil
1170 2082 1377 2151 preter
1398 2077 1778 2137 ambitionem
1801 2080 1994 2136 studio

352 2189 599 2262 dignum
631 2187 912 2258 censebit,
942 2188 999 2244 et
1027 2187 1114 2244 sic
1142 2186 1217 2242 ob
1245 2202 1550 2258 pravarum
1580 2187 1797 2244 artium
1822 2203 1997 2244 usum

353 2296 621 2354 omnium
653 2295 855 2352 odium
886 2311 953 2352 ac
984 2297 1383 2366 contemptum
1413 2294 1693 2354 incurret.
1722 2296 1910 2360 Quare
1933 2298 1998 2352 tu

352 2404 584 2478 quidem
639 2404 886 2460 conatus
941 2401 1359 2475 gloriabundos
1415 2410 1635 2459 sectare
1691 2407 1748 2459 et
1802 2402 2000 2459 inania

352 2512 614 2570 encomia
641 2527 952 2584 aspernare
976 2528 990 2579 ;
1016 2527 1140 2583 quas
1170 2511 1350 2582 proba
1378 2514 1517 2567 sunt
1545 2510 1914 2582 amplectere,
1945 2517 2001 2566 et

353 2618 1001 2693 humilisnegotiatoris
1020 2619 1203 2676 instar
1225 2635 1317 2675 res
1339 2618 1584 2675 abdorre
1614 2619 1997 2691 spernendae,

358 2744 507 2801 quas
551 2743 658 2784 nec
706 2727 960 2784 maximo
1009 2725 1247 2783 inimico
1298 2726 1518 2799 precari
1564 2725 1836 2784 volueris.
1870 2725 2001 2782 Tibi

361 2834 624 2907 quidem,
654 2850 774 2901 rex,
806 2833 995 2891 satius
1024 2833 1155 2902 erit,
1177 2834 1303 2890 auri
1336 2833 1675 2906 argentique
1696 2834 2003 2891 thesauros

362 2943 604 3016 perdere
654 2958 832 3013 quam
863 2942 1030 2998 Midas
1061 2941 1291 2999 divitias
1319 2957 1592 3013 superare
1621 2941 1750 2998 sine
1777 2942 2005 2999 decore.

360 3048 605 3106 Interim
651 3051 879 3106 tantum
936 3048 1103 3106 abest
1149 3056 1211 3104 ut
1261 3049 1451 3106 dicam
1499 3053 1557 3104 te
1612 3048 1858 3119 pecunia
1912 3065 2006 3105 ca-

360 3171 486 3213 rere
536 3172 726 3228 posse.
758 3154 1020 3226 Minime,
1065 3156 1183 3213 imo
1230 3172 1346 3213 non
1393 3172 1571 3227 parva
1621 3156 1727 3212 tibi
1773 3172 2009 3213 summa

2097 564 2215 632 ραῖς
2263 559 2648 638 φιλάνθρωπος
2693 559 2827 637 ἄγαν
2877 558 2996 640 ἔσῃ,
3050 564 3142 621 καὶ
3184 566 3332 623 πολὺ
3383 573 3479 624 τοῦ
3528 567 3753 631 δέοντος

2098 649 2270 728 ὑφιείς
2296 671 2310 686 ⁸
2344 653 2389 706 εἰ
2425 650 2482 708 δὲ
2521 650 2720 716 δοῦλος
2759 656 2812 710 εἴ
2850 656 3084 727 τούτων,
3126 658 3219 712 καί
3269 679 3367 714 σου
3413 663 3751 736 κατέχουσιν

2093 746 2194 810 τὴν
2251 743 2462 821 ψυχὴν,
2498 748 2715 816 πρῶτον
2759 745 2853 818 μὲν
2896 746 3232 821 θαυμάσαιμ’
3271 748 3333 803 ἂν
3381 748 3428 803 εἱ
3460 748 3612 811 ὅλως
3651 750 3751 803 ἀν-

2098 830 2331 903 θρώπων
2388 838 2600 905 κρατεῖν
2654 834 2930 904 ἀξιώσαις,
2977 835 3285 911 χρημάτων
3317 860 3379 915 γε
3412 834 3610 901 δοῦλος
3642 839 3749 893 αύ-

2096 919 2189 980 τὸς
2220 917 2292 974 ὢν
2318 937 2330 949 ·
2364 918 2547 976 ἔπειτα
2596 919 2765 993 δόξεις
2815 924 3018 1002 ἀγαθοῦ
3060 927 3153 999 μὲν
3191 925 3519 983 ούδοτουοῦν
3569 948 3750 983 τοπα-

2103 1007 2293 1083 ράπαν,
2340 1010 2554 1084 μᾶλλον
2596 1009 2655 1067 δὲ
2690 1012 2906 1068 πάντων
2944 1015 3019 1077 ὡς
3067 1016 3237 1071 εἰπεῖν
3284 1021 3393 1072 τῶν
3439 1017 3749 1091 αἰσχίστων

2103 1099 2271 1173 λόγον
2330 1102 2602 1157 ποιεῖσθαι
2654 1102 3055 1179 φορολογήσεις
3098 1103 3157 1163 δὲ
3204 1106 3438 1182 ἀγεννῶς
3491 1106 3584 1162 καί
3647 1104 3753 1162 δώ-

2104 1207 2212 1263 ρων
2260 1187 2619 1262 ἐπιθυμήσεις
2660 1190 2751 1246 καὶ
2790 1191 2909 1247 ὅθεν
2958 1192 3020 1248 ού
3061 1191 3145 1249 δεῖ
3200 1193 3440 1267 μάλιστα
3472 1196 3630 1271 λήψῃ
3659 1213 3674 1227 ⁸
3716 1196 3753 1251 ’ἀ

2105 1279 2181 1351 μή
2216 1280 2301 1334 ὅτι
2350 1301 2412 1355 γε
2460 1281 2773 1354 θαυμαστοῦ
2826 1278 3098 1356 βασιλέως
3146 1283 3258 1340 ἐστὶ
3305 1284 3396 1341 καὶ
3446 1284 3565 1340 ο²ίου
3617 1285 3755 1340 πάν-

2097 1388 2205 1422 των
2277 1369 2372 1441 μὲν
2440 1369 2492 1424 ἐν
2562 1371 2728 1426 ἅπασι
2791 1371 3033 1445 κρατέειν
3102 1370 3303 1429 ἐθέλειν
3369 1376 3625 1430 πάντεσσι
3704 1371 3757 1429 δ’

2099 1456 2364 1527 ἀνάσσειν,
2420 1457 2547 1514 ἀλλ’
2595 1456 2721 1515 οὐδὲ
2764 1465 2872 1515 τῶν
2921 1460 3250 1540 ἀρχομένων
3308 1484 3456 1525 τινος
3507 1462 3565 1519 εῦ
3615 1483 3755 1540 φρο-

2100 1550 2208 1602 νεῖν
2268 1546 2543 1621 ἀξιοῦντος
2575 1566 2590 1580 ·
2653 1548 2866 1622 μᾶλλον
2917 1546 2964 1605 δ’
3022 1549 3166 1606 οὕτω
3220 1557 3390 1608 ταῦτα
3452 1552 3756 1628 βασιλικῆς

2105 1636 2594 1713 μεγαλοπρεπείας
2622 1638 2913 1714 ἀλλότρια,
2945 1637 3086 1697 ὥστε
3104 1643 3194 1697 καὶ
3228 1642 3354 1699 ὅταν
3383 1664 3465 1706 τις
3493 1647 3605 1699 τῶν
3641 1642 3753 1698 ὑπὸ

2101 1731 2265 1801 χεῖρα
2295 1730 2462 1784 ταῦτα
2491 1728 2741 1801 πράττων
2770 1731 2911 1804 ἀλῷ,
2940 1736 3133 1790 τοῦτον
3173 1733 3598 1812 ἀποστρέφονται
3653 1732 3753 1787 καὶ

2105 1820 2347 1889 μισοῦσι,
2377 1815 2468 1871 καὶ
2494 1824 2594 1887 τῆς
2621 1817 2803 1898 ἀρχῆς
2834 1819 3014 1896 ὥσπερ
3045 1819 3174 1897 ἄγος
3199 1818 3315 1879 οὐδ’
3348 1823 3474 1896 ὂρᾷν
3526 1819 3752 1878 οἷόντπι

2106 1901 2255 1960 δεῖν’
2306 1910 2568 1962 τοσοῦτον
2627 1907 2812 1973 αὐτοῖς
2867 1908 3214 1988 φαυλότητος
3276 1912 3517 1985 μέτεστιν
3553 1928 3569 1943 '
3630 1912 3756 1966 εἶτα

2105 1996 2276 2065 παρὸν
2306 1993 2394 2051 διὰ
2427 1997 2522 2070 μὲν
2548 2001 2657 2053 τοῦ·
2677 2001 3007 2076 χρημάτων,
3036 2002 3112 2064 ὡς
3157 1998 3313 2079 ἔφην,
3366 2001 3755 2079 ὑπερφρονεῖν,

2106 2086 2266 2157 πάντ,
2308 2084 2526 2160 ἄριστον
2573 2088 2710 2142 εἶναι
2749 2088 2840 2143 καὶ
2877 2094 2995 2152 τοῖς
3044 2095 3175 2145 πᾶσι
3218 2088 3542 2161 ζηλοῦσθαι,
3573 2087 3670 2145 διὰ
3699 2087 3761 2145 δὲ

2107 2178 2207 2231 τοῦ
2243 2179 2411 2231 ταῦτα
2457 2177 2580 2251 περὶ
2631 2176 2894 2241 πλείονος
2945 2178 3094 2253 ἄγειν
3143 2180 3232 2234 καὶ
3276 2178 3493 2243 τούτοις
3552 2178 3761 2259 διαφε-

2112 2264 2316 2339 ρόντως
2369 2267 2652 2336 ἡττᾶσθαι,
2701 2272 2885 2331 κακῶς
2928 2266 3143 2323 ἀκούειν
3193 2268 3285 2323 καὶ
3335 2273 3491 2340 μῖσος
3528 2266 3583 2323 ἐν
3617 2270 3766 2324 ἅπα-

2109 2376 2191 2410 σιν
2239 2350 2388 2433 ἔχειν
2416 2373 2430 2388 ·
2465 2354 2529 2409 σὺ
2555 2353 2600 2410 δ’
2629 2357 2657 2411 ’ὀ
2701 2358 2797 2431 μὲν
2845 2359 2982 2412 κατά
3012 2362 3108 2413 σοῦ
3155 2359 3248 2412 καί
3290 2364 3391 2427 τῆς
3441 2364 3541 2427 σῆς
3589 2355 3762 2428 δόξης

2112 2445 2246 2515 ἐστὶ,
2277 2446 2426 2500 τοῦθ’
2456 2447 2802 2523 ἡγησάμενος
2851 2451 2961 2503 τῶν
3010 2444 3216 2524 σφόδρα
3263 2444 3597 2515 λυσιτελῶν,
3629 2447 3662 2502 ’ὁ
3701 2446 3765 2503 δὲ

2114 2555 2199 2589 σοι
2270 2535 2541 2611 μεγίστων
2605 2536 2694 2591 καὶ
2760 2537 3084 2610 θαυμαστῶν
3140 2536 3428 2613 ἐγκωμίων
3497 2535 3766 2598 ὑπόθεσις

2113 2618 2281 2696 ἔσται,
2311 2627 2473 2678 τοῦτο
2505 2627 2601 2679 τοῦ
2654 2622 2888 2698 μηδενὸς
2926 2623 3075 2696 ἄξιον
3119 2627 3357 2701 χρῆσθαι
3396 2626 3652 2698 νομίσας,
3694 2626 3764 2681 τὸ

2118 2712 2212 2785 μὲν
2288 2711 2565 2784 ἐθελήσεις
2643 2711 2924 2788 προέσθαι,
2981 2714 3046 2769 τὸ
3103 2711 3162 2769 δὲ
3217 2714 3455 2787 καθάπαξ
3513 2712 3760 2785 ἑλέσθαι,

2116 2802 2206 2858 καὶ
2256 2802 2638 2876 χρηματιστὴς
2680 2804 2902 2880 ἀγεννής
2947 2804 3172 2859 ἀκοῦσαι
3213 2801 3450 2878 μᾶλλον,
3481 2805 3516 2873 ἢ
3548 2804 3766 2859 τούτων

2117 2892 2296 2947 αὐτῶν
2357 2892 2689 2964 ὑπερόπτης,
2741 2894 2770 2948 ’ὀ
2826 2891 2958 2966 μηδ’
3006 2892 3068 2948 ἂν
3117 2895 3196 2954 εἷς
3241 2897 3349 2948 τῶν
3395 2892 3610 2969 ὶχθρῶν
3661 2898 3766 2947 σοῦ

2117 3003 2180 3058 γε
2214 2983 2567 3055 κατεὺξαιτο;
2610 2985 2698 3052 Μή
2742 2983 2805 3038 σύ
2844 3004 2945 3058 γε’
2996 2981 3143 3039 ἀλλά
3193 2982 3398 3060 βούλου
3440 2980 3683 3056 μᾶλλον,
3716 2981 3766 3037 ὦ

2123 3072 2369 3146 βασιλεῦ,
2427 3073 2614 3134 κενοὺς
2671 3072 2717 3128 εἶ
2766 3072 2881 3128 οἷόν
2926 3094 2985 3128 τε
3040 3071 3322 3129 ταλάντων
3390 3071 3571 3151 ἴσχειν
3631 3070 3766 3135 τοῦς

2120 3159 2450 3235 θησαυροὺς,
2509 3161 2547 3231 ἢ
2595 3162 2882 3237 παρελθεῖν
2922 3160 3286 3239 ἀνελευθέρως
3325 3161 3611 3238 περιουσίᾳ
3673 3162 3771 3216 τὸν

362 3280 514 3338 opus
544 3268 655 3336 est,
673 3280 788 3323 non
809 3268 1038 3321 tantum
1065 3263 1205 3337 quia
1233 3279 1607 3336 nequaquam
1638 3267 1805 3321 nocet
1831 3264 1884 3321 ei
1907 3264 2009 3337 qui

2125 3248 2321 3319 Μίδαν,
2380 3249 2496 3306 ἐπεὶ
2551 3250 2641 3306 καὶ
2685 3251 2849 3315 αύτὸς
2884 3251 2987 3308 οὐκ
3044 3251 3341 3326 ἀπέχεσθαί
3394 3271 3454 3307 σε
3516 3251 3769 3321 καθάπαξ

365 3376 522 3431 recte
571 3390 640 3431 ea
670 3372 753 3429 uti
782 3372 962 3441 novit,
995 3378 1051 3429 et
1080 3371 1238 3444 quod
1266 3372 1395 3443 ejus
1425 3371 1706 3428 beneﬁcio
1735 3388 1828 3429 res
1857 3389 2014 3444 pree-

366 3481 531 3539 clare
562 3484 621 3538 et
667 3480 846 3538 utiles
874 3480 1025 3537 efﬁci
1058 3487 1306 3552 queunt;
1342 3483 1403 3535 tu
1436 3486 1628 3536 autem
1667 3480 1740 3536 ad
1769 3496 2012 3551 regnum

369 3580 902 3646 administrandum
951 3586 1179 3659 magnis
1224 3586 1434 3658 opibus
1482 3586 1733 3659 indiges,
1764 3587 1868 3643 sed
1914 3588 2012 3659 ita,

369 3707 434 3755 ut
471 3715 587 3755 non
636 3698 697 3754 in
746 3698 953 3754 decore
991 3696 1243 3759 tenearis
1273 3696 1468 3769 potius
1498 3712 1677 3767 quam
1706 3701 1927 3764 teneas,
1959 3701 2017 3753 et

371 3809 438 3861 ut
459 3821 574 3860 non
598 3803 854 3875 privatae,
878 3802 980 3858 sed
1004 3801 1249 3874 publica:
1279 3801 1515 3857 utilitati
1541 3800 1838 3873 adhibeas,
1865 3801 2017 3857 sicut

369 3910 675 3979 Aristides,
706 3908 1037 3983 Lysimachi
1083 3908 1260 3977 ﬁlius,
1298 3917 1361 3964 ut
1398 3907 1649 3965 Pericles
1678 3906 2015 3980 Xanthippi,

374 4018 477 4092 qui
507 4018 771 4090 quidem,
795 4016 1128 4089 Thucydide
1148 4020 1319 4085 teste,
1342 4017 1481 4073 adeo
1506 4016 1733 4088 integer
1760 4015 2021 4071 incorru-

376 4130 631 4199 ptusque
664 4124 794 4191 fuit,
826 4128 892 4179 ut
937 4124 1207 4197 proprios
1238 4140 1404 4195 agros
1436 4122 1765 4194 reipublicae
1795 4123 2025 4179 cederet

380 4249 497 4289 non
539 4236 661 4289 tam
711 4231 1069 4289 calumniam
1116 4230 1370 4288 evitandi
1423 4230 1631 4301 gratia,
1658 4230 1758 4286 sed
1807 4244 1877 4286 ne
1923 4246 2022 4286 eos

378 4340 683 4398 retinendo
731 4337 955 4396 caeteris
1004 4339 1283 4409 prodesse
1332 4337 1485 4394 nolle
1534 4337 1843 4393 videretur.
1890 4336 2022 4392 Ari-

380 4450 561 4508 stides
592 4450 698 4523 qui
728 4447 1002 4505 omnibus
1030 4447 1201 4503 bonis
1231 4446 1527 4503 abundare
1551 4447 1857 4518 potuisset,
1884 4446 2025 4502 adeo

382 4574 606 4633 pauper
626 4556 736 4614 fuit
766 4564 825 4613 ut
856 4556 1007 4613 ﬁlias
1030 4556 1229 4612 dotare
1259 4555 1545 4627 nequiret,
1571 4556 1652 4610 ita
1685 4560 1745 4609 ut
1770 4553 2025 4610 Athena-

384 4682 514 4722 rum
535 4665 736 4721 civitas
758 4679 959 4720 earum
984 4662 1206 4735 nuptiis
1242 4661 1489 4734 pecunia
1506 4661 1642 4717 data
1665 4660 1723 4716 in
1748 4660 2024 4716 honorem

382 4774 565 4849 patris
620 4772 978 4830 nobilissimi
1034 4770 1408 4844 prospexerit.
1461 4770 1554 4826 Sic
1610 4786 1725 4826 non
1783 4769 2028 4839 simplex

388 4882 649 4956 pecunias
697 4897 859 4948 usus,
890 4884 955 4936 ut
1001 4879 1129 4953 ipsa
1174 4896 1283 4936 vox
1333 4883 1530 4951 χρῆμα
1558 4876 1799 4944 indicat,
1831 4893 2025 4947 repre-

390 4991 565 5048 hendi
597 4993 806 5063 potest,
830 4988 931 5045 sed
964 5003 1108 5044 usus
1136 4985 1438 5042 illiberalis
1469 4992 1522 5041 et
1548 4982 1649 5055 qui
1679 5000 1793 5040 non
1821 4984 1890 5040 ad
1923 4983 2028 5040 ho-

390 5099 619 5155 minum
650 5095 961 5155 utilitatem
994 5096 1239 5168 spectat.

467 5403 553 5459 il.
586 5402 731 5468 Quid
782 5405 978 5458 autem
1029 5401 1101 5456 de
1159 5398 1405 5473 pecunia
1457 5399 1679 5453 tantum
1711 5392 1880 5450 nobis
1906 5407 2037 5451 ser-

396 5492 540 5548 mo?
575 5491 969 5562 Quodcunque
1016 5507 1115 5546 rex
1144 5491 1290 5546 citra
1321 5502 1692 5544 communem
1729 5484 2035 5540 utilitatem

395 5580 553 5652 facit,
605 5589 668 5637 ut
710 5582 990 5653 privatus,
1039 5597 1154 5636 non
1205 5596 1321 5650 qua
1368 5594 1467 5634 rex
1508 5575 1685 5643 facit;
1738 5574 1833 5629 hic
1878 5573 2036 5630 enim

397 5670 598 5728 omnia
626 5686 832 5728 curare
869 5669 1060 5738 debet,
1090 5667 1188 5725 ille
1222 5682 1395 5725 suum
1428 5666 1707 5723 duntaxat
1734 5666 1870 5723 ante
1898 5676 2038 5719 ocu-

2125 3341 2429 3416 χρημάτων
2458 3340 2622 3416 φημί.
2657 3341 2864 3412 Πόθενς
2901 3340 3120 3397 πολλοῦ
3156 3362 3220 3415 γε
3260 3342 3349 3396 καὶ
3393 3338 3476 3396 δεῖ
3499 3358 3513 3373 ο
3547 3341 3611 3395 ού
3667 3342 3774 3412 μό-

2122 3451 2213 3484 νον
2246 3431 2329 3483 δτι
2361 3439 2530 3486 ταότα
2569 3436 2687 3493 τοῖς
2740 3430 2918 3505 ὀρθῶς
2967 3431 3284 3510 χρωμένοις
3331 3429 3616 3486 ούδοτιοῦν
3660 3428 3774 3484 λυ,

2127 3519 2405 3594 μαίνεσθαι
2455 3520 2680 3596 πέφυκε,
2736 3519 2952 3594 μᾶλλον
2989 3518 3048 3575 δὲ
3085 3523 3178 3575 καί
3224 3518 3496 3575 πλείστων
3545 3520 3774 3593 ἀγαθῶν

2123 3610 2397 3671 πολλάκις
2456 3608 2612 3665 α’ίτια
2664 3610 2957 3687 γίγνεσθαι,
3009 3607 3139 3666 ἀλλ’
3168 3609 3251 3665 ὅτι
3299 3613 3428 3664 πᾶσι
3457 3609 3552 3683 μὶν
3582 3609 3663 3669 ὡς
3696 3607 3780 3663 εἲ-

2123 3704 2267 3769 πεῖν,
2305 3700 2522 3755 πάντων
2548 3697 2605 3755 δὲ
2648 3700 2885 3773 μάλιστα
2923 3701 3009 3756 σοὶ
3051 3697 3140 3755 διὰ
3178 3703 3279 3769 τήν
3320 3698 3501 3777 ἀρχὴν
3544 3697 3639 3753 καὶ
3679 3697 3778 3759 τάς

2124 3789 2363 3845 ἐντεῦθεν
2423 3790 2678 3865 ἀνάγκας,
2737 3790 2946 3846 τούτων
2992 3790 3167 3846 αὐτῶν
3234 3788 3317 3845 δεῖ
3348 3809 3362 3825 ’
3423 3787 3553 3845 ἀλλ’
3597 3789 3781 3851 οὕτως

2126 3872 2346 3952 ἔχεσθαι
2397 3876 2624 3948 τούτων,
2675 3880 2750 3943 ὡς
2791 3882 2866 3953 μή
2914 3879 3214 3955 ἐνέχεσθαι,
3264 3876 3398 3952 μηδ’
3448 3876 3614 3934 εἴκειν
3664 3878 3784 3933 αἶ”σ‹⁵

2126 3973 2301 4043 χρῶς,
2358 3965 2498 4039 μηδὲ
2527 3973 2724 4024 σαυτοῦ
2768 3973 2955 4044 χάριν,
3005 3968 3151 4025 ἀλλά
3197 3973 3296 4025 τοῦ
3344 3972 3503 4043 κοινῇ
3555 3966 3783 4024 λυσιτε-

2128 4053 2356 4119 λοῦντος
2414 4061 2581 4113 ταῦτα
2635 4060 2963 4128 κεκτῆσθαι·
3021 4059 3262 4134 καθάπερ
3340 4054 3693 4134 Ἀριστείδης
3753 4058 3780 4111 ὁ

2129 4144 2477 4220 Λυσιμάχου,
2537 4146 2627 4201 καὶ
2678 4145 2953 4220 Περικλῆς
2981 4148 3010 4202 ὁ
3038 4147 3384 4217 Ξανθίππου,
3426 4147 3454 4201 ὁ
3492 4148 3589 4218 μὶν
3637 4145 3786 4201 οὕτω

2132 4234 2441 4310 χρημάτων
2472 4232 2770 4314 διαφανῶς,
2804 4237 2878 4298 ὡς
2911 4234 3251 4306 Θουκυδίδης
3281 4234 3467 4311 φησὶν,
3500 4232 3789 4310 ἀδωρότα-

2130 4346 2222 4387 τος
2253 4324 2513 4398 γεγονὼς,
2558 4325 2696 4381 ὥστε
2728 4326 2818 4380 καὶ
2864 4324 2995 4387 τοὺς
3035 4325 3232 4401 ἀγροὺς
3277 4324 3427 4400 ἠφίει
3476 4328 3545 4398 τῇ
3599 4325 3785 4394 πόλει,

2135 4415 2198 4470 ού
2250 4409 2405 4491 φόϐῳ
2454 4409 2744 4484 διαϐολῆς,
2787 4414 2935 4471 ἀλλά
2966 4419 3047 4487 τῷ
3091 4417 3166 4488 μή
3219 4415 3436 4476 τούτοις
3476 4416 3781 4484 ἡττᾶσθαι·

2135 4502 2251 4559 ἐπεὶ
2287 4502 2611 4579 βουλομένῳ
2647 4506 2924 4579 κατέχειν,
2968 4502 3087 4560 οὐδ’
3120 4503 3178 4560 ἂν
3221 4506 3324 4571 εἷς,
3366 4507 3547 4577 οἶμαι,
3586 4503 3788 4578 προσέ-

2058 4613 2103 4677 D
2135 4613 2232 4662 στη
2264 4612 2276 4625 ·
2310 4589 2654 4665 Ἀριστείδης
2685 4590 2742 4647 δὲ
2791 4593 2895 4648 ὑπὸ
2934 4597 3034 4648 τοῦ
3077 4591 3246 4667 μηδὲν
3283 4588 3454 4669 ἔχειν,
3496 4590 3647 4671 ἔχων
3694 4593 3786 4647 καὶ

2133 4682 2285 4736 ταῦθ’
2315 4680 2399 4735 ὅτι
2450 4678 2731 4744 πλείστοις
2780 4681 2931 4759 εἴπερ
2978 4678 3241 4738 ἐϐούλετο
3291 4684 3550 4758 χρήμασι
3590 4682 3791 4759 περιρ-

2138 4770 2369 4844 ῥεῖσθαι,
2410 4769 2438 4823 ὁ
2490 4766 2537 4823 δ’
2587 4769 2712 4825 οὐδὲ
2749 4772 2844 4833 τὰς
2876 4768 3169 4847 θυγατέρας
3214 4772 3332 4833 οἶτς
3372 4792 3431 4826 τε
3463 4769 3539 4825 ὢν
3583 4768 3789 4845 ἀνδρά-

2138 4880 2219 4914 σιν
2276 4855 2550 4925 ἐκδοῦναι,
2600 4856 2749 4914 ἀλλά
2797 4858 3060 4930 ταύταςὴ
3103 4857 3271 4922 πόλις
3324 4864 3432 4915 τῶν
3481 4861 3787 4929 ’Δθηναίων

2142 4946 2276 5021 μετά
2322 4946 2423 5014 τήν
2479 4943 2686 5002 ἐκείνου
2744 4946 3003 5017 υελευτήν
3058 4950 3379 5023 θαυμαστῶν
3430 4947 3633 5021 ἠξίωσε
3679 4948 3790 5021 γά-

2144 5058 2260 5110 μων
2293 5033 2381 5090 διὰ
2409 5037 2506 5106 τήν
2540 5041 2638 5091 τοῦ
2677 5037 2883 5110 πατρὸς
2926 5040 3146 5114 ἀρετήν,
3192 5040 3379 5102 Οὕτως
3417 5038 3479 5093 ού
3523 5039 3589 5093 τὸ
3643 5039 3791 5112 χρή-

2146 5147 2326 5200 μασιν,
2376 5125 2451 5179 ἵν’
2508 5125 2684 5189 οὕτως
2739 5127 2900 5199 εἷ’πω,
2987 5130 3290 5204 κεχρῆσθαι
3362 5127 3538 5184 δεινὸν
3608 5131 3792 5201 (τοῦτο

2140 5219 2242 5289 γὰρ
2287 5216 2373 5270 καὶ
2432 5212 2674 5288 τοῦνομα
2724 5217 3030 5293 βούλεται),
3081 5220 3142 5275 τὸ
3192 5216 3250 5273 δὲ
3295 5219 3513 5279 τούτοις
3570 5216 3798 5272 ἀνελευ-

2144 5301 2313 5379 θὲρως
2355 5306 2684 5379 κεχρῆσθαι,
2743 5307 2834 5361 καὶ
2897 5310 2974 5381 μή
3034 5308 3171 5383 πρὸς
3226 5307 3525 5382 ἀνθρώπων
3585 5301 3796 5376 ὄνησιν.

2220 5391 2305 5448 ιδ’.
2360 5394 2463 5449 Καὶ
2502 5393 2554 5448 τί
2604 5391 2757 5471 λέγω
2806 5397 3159 5471 χρημάτωνς
3205 5400 3309 5450 πᾶν
3360 5396 3462 5471 γὰρ
3496 5396 3528 5451 ὅ
3572 5417 3627 5450 τι
3677 5394 3804 5451 ποτ’

2146 5483 2205 5538 ἂν
2260 5481 2361 5554 ἔξω
2418 5488 2519 5552 τῆς
2574 5490 2765 5553 κοινῆς
2825 5484 3091 5564 ὡφελείας
3145 5484 3444 5560 ἐργάσηται
3517 5483 3797 5559 βασιλεὺς,

2145 5574 2219 5634 ὡς
2270 5569 2520 5643 ἰδιώτης,
2582 5571 2690 5647 οὐχ
2741 5574 2815 5636 ὡς
2875 5576 3137 5650 βασιλεὺς
3197 5574 3521 5651 ἐργάσεται*
3572 5572 3724 5649 ε’ίπερ
3769 5578 3796 5630 ὁ

2150 5664 2244 5738 μὶν
2304 5662 2542 5738 ἀνάγκην
2598 5661 2755 5743 ’ίσχει
2801 5666 3019 5723 πάντων
3070 5665 3393 5743 φροντίζειν,
3424 5665 3455 5720 ὁ
3485 5663 3545 5720 δὲ
3593 5686 3659 5741 γε
3702 5668 3798 5721 τοῦ
