4154 6216
293 393 410 454 469

1443 393 1734 456 ORATIO
1778 394 1880 454 DE
1923 394 2152 457 REGIS
2196 391 2550 456 OFFlCIlS.

3587 383 3706 444 470

293 526 412 580 καθ’
460 525 617 581 αὐτόν
645 546 660 562 ο
693 527 782 582 καὶ
835 528 862 582 6
914 528 1007 601 μὲν
1055 526 1152 583 οὐκ
1198 526 1258 582 ἃν
1308 525 1383 589 εἰς
1422 525 1648 598 εὐθύνην
1676 526 1827 596 ἥκοι,
1857 530 1918 598 τῖι

2052 545 2140 602 ios
2169 544 2365 602 habet.
2399 544 2538 610 Rex,
2562 557 2674 612 qua
2703 555 2826 606 rex,
2858 538 3141 594 rationem
3165 534 3700 593 administrationis

295 612 344 669 δ’
397 614 510 670 ἐπεὶ
570 617 783 671 πάντων
834 615 1182 691 προΐσταται,
1241 618 1331 672 καὶ
1397 618 1589 678 πάντες
1649 616 1724 679 εἰς
1777 615 1936 672 αὐτὸν

290 705 561 779 ἀφορῶσι,
594 709 696 767 πᾶς
728 728 811 771 τις
840 707 900 762 ἂν
947 706 1235 782 ἐγκαλέσαι
1277 704 1520 774 δικαίως,
1554 706 1637 761 ὅτι
1687 706 1748 760 τὸ
1799 707 1937 761 πάν-

287 815 395 849 των
424 795 729 871 φροντίζειν
764 794 939 873 ἀφεὶς,
973 797 1001 850 ὁ
1034 795 1090 853 δὶ
1118 802 1228 852 τῶν
1260 797 1431 852 αὐτοῦ
1463 795 1623 872 λόγον
1657 800 1934 852 ποιεῖται·

287 881 378 936 καὶ
407 885 510 950 τὴν
541 885 730 953 κοινὴν
764 884 1012 941 ἁπάντων
1055 887 1313 960 πρόνοιαν
1367 883 1692 960 ἀπορρίψας,
1725 888 1809 946 οἷς
1849 885 1936 940 ἀν-

287 973 522 1052 τέχηται
553 979 660 1030 τῶν
695 974 937 1044 οἰκείων,
967 975 1208 1051 ἀρνεῖται
1237 972 1480 1050 τοῦνομα
1503 997 1516 1009 '
1537 975 1818 1032 καλεῖσθαι
1839 977 1934 1050 μὲν

293 1062 550 1137 βασιλεὺς
580 1065 764 1137 ἀξιῶν,
795 1065 1045 1139 πράττων
1075 1062 1184 1121 δὲᾶ
1218 1068 1293 1139 μὴ
1327 1066 1418 1120 τὸν
1462 1069 1713 1121 τοιοῦτον
1747 1065 1890 1126 εἰκός
1914 1084 1927 1097 ·

289 1150 412 1208 οὐδὲ
443 1153 550 1226 γὰρ
581 1151 707 1209 οὐδὲ
735 1155 827 1210 τὸν
860 1150 1196 1229 κυϐερνήτην
1241 1155 1375 1227 μετά
1420 1157 1548 1216 τοὺς
1606 1152 1791 1217 οἰάκας
1839 1156 1930 1210 καὶ

281 1241 346 1295 τὸ
377 1243 622 1315 χρῆσθηι
671 1246 740 1316 τῇ
791 1241 985 1322 τέχνῃ,
1014 1245 1162 1298 τοῦτ’
1195 1244 1328 1300 αὐτὸ
1374 1245 1621 1323 φήσομεν
1664 1243 1829 1299 εἶναι·
1867 1242 1929 1298 o6

287 1329 505 1402 μᾶλλον
536 1351 601 1405 γε
703 1333 779 1403 μή
808 1331 1078 1408 τρέχοντα
1106 1333 1198 1388 τὸν
1238 1329 1444 1407 δρομέα
1473 1351 1486 1364 °
1520 1330 1648 1388 ἄλλ’
1676 1330 1780 1394 ἓως
1831 1333 1927 1406 μὲν

282 1415 344 1472 ἂν
376 1420 465 1474 καὶ
503 1420 662 1482 οὗτος
708 1420 953 1485 κάκεῖνος
999 1423 1153 1491 ὦσιν,
1186 1423 1214 1477 6
1247 1423 1342 1496 μὲν
1390 1423 1625 1498 τρέχων,
1656 1425 1684 1477 ὁ
1716 1420 1762 1477 δ’
1793 1421 1928 1497 ἐχό-

287 1527 449 1578 μενος
496 1513 608 1563 τῶν
658 1508 881 1578 οἰάκων,
926 1511 1014 1565 καὶ
1056 1507 1393 1586 κυϐερνήτην
1429 1511 1519 1565 καὶ
1561 1508 1765 1586 δρομέα
1796 1533 1926 1567 τυυ-

277 1597 434 1650 τουσί
494 1602 888 1672 προσεροῦμεν.
957 1600 1121 1655 Ἐπὰν
1179 1598 1235 1656 δὲ
1288 1604 1386 1656 τοῦ
1442 1603 1610 1656 ταῦτα
1672 1599 1924 1674 πράττειν

277 1683 532 1758 ἐκστῶσι,
589 1687 678 1742 καὶ
735 1692 830 1742 τοῦ
883 1691 1031 1745 ταῦτ’
1069 1685 1217 1764 ἔχειν
1275 1688 1488 1744 ἀκούειν
1547 1689 1926 1764 προσεξίσταν-

275 1795 368 1831 ται
419 1773 630 1847 δήπου’
666 1779 751 1832 καὶ
808 1779 1063 1852 βασιλεὺς
1116 1780 1294 1835 τοίνυν
1340 1777 1489 1836 οὐδὲν
1537 1778 1678 1837 ἄλλο
1712 1781 1925 1855 συγχά-

274 1885 355 1920 νει
388 1887 451 1941 γε
482 1865 557 1921 ὢν
590 1868 624 1937 ἢ
658 1870 876 1924 πάντων
908 1869 1203 1944 ἀνθρώπων
1254 1872 1328 1924 ὧν
1375 1869 1570 1946 ἔλαχεν
1613 1870 1918 1945 προστάτης

273 1955 365 2009 καὶ
407 1959 734 2031 φροντιστής
787 1956 952 2027 ἐσαεὶ,
983 1960 1226 2033 καθάπερ
1275 1961 1327 2014 οἱ
1373 1965 1482 2016 τῶν
1519 1962 1639 2015 καθ’
1666 1957 1760 2014 ἕνα
1807 1959 1916 2015 πό-

272 2042 417 2100 λεων
451 2046 604 2101 οὗτοι
637 2044 1000 2124 δημαγωγοί·
1033 2049 1148 2104 οὔτ’
1177 2049 1268 2105 οῦν
1308 2052 1434 2113 τοὺς
1487 2051 1562 2122 μή
1595 2051 1750 2105 πάνθ’
1785 2049 1918 2124 ὑπὲρ

270 2138 369 2190 τοῦ
403 2131 586 2208 δήμου
614 2138 706 2192 τὸν
736 2137 816 2193 ἀεὶ
867 2137 1066 2212 χρόνον
1117 2139 1206 2194 καὶ
1257 2137 1432 2213 λέγειν
1477 2140 1566 2194 καὶ
1614 2145 1788 2195 ποιεῖν
1827 2139 1918 2194 αἰ-

270 2224 571 2296 ρουμένους
629 2227 705 2289 εἰς
765 2224 1131 2305 δημαγωγοὺς
1205 2228 1359 2302 οἶμαι
1425 2227 1626 2297 θετέον,
1684 2226 1798 2284 061’
1855 2229 1912 2283 ἃν

266 2314 350 2384 εἴη
409 2314 734 2386 κεκλῆσθαι,
785 2319 830 2390 ᾦ
883 2321 957 2390 μὴ
1005 2323 1102 2374 τοῦ
1161 2322 1320 2392 κοινῇ
1387 2321 1726 2382 συνοίσοντος
1787 2321 1912 2375 ἑκά-

267 2426 425 2461 στοτε
470 2405 624 2478 μέλει
651 2423 666 2438 ⁶
698 2409 787 2463 καὶ
814 2412 1064 2482 Ὄμηρος
1097 2411 1208 2486 οὐχ
1237 2409 1426 2473 άπλῶς
1466 2411 1731 2484 ποιμένας
1764 2410 1910 2467 λαῶν

265 2493 414 2568 λέγει
443 2495 571 2551 τοὺς
606 2497 884 2572 βασιλέας,
915 2498 1046 2554 ἀλλ’
1074 2498 1214 2556 ὥστε
1243 2501 1305 2554 τὸ
1354 2496 1625 2577 ἄγρυπνον
1669 2500 1758 2556 καὶ
1810 2522 1908 2571 κη-

265 2578 555 2654 δεμονικὸν
582 2585 757 2640 αὐτῶν
790 2584 1146 2664 ἐνδεδεῖχθαι,
1176 2588 1267 2642 καὶ
1299 2589 1424 2643 ὅσον
1468 2589 1598 2662 ὑπὲρ
1648 2590 1720 2642 ὧν
1771 2609 1907 2664 προ-

265 2677 555 2729 στατοῦσιν
615 2673 926 2752 ὀφείλουσιν
985 2670 1156 2756 ἔχειν.
1190 2679 1287 2734 Καὶ
1347 2677 1400 2734 τί
1464 2681 1606 2755 χρῆν
1665 2681 1908 2753 Ὀμήρου

263 2786 326 2820 τε
379 2766 467 2818 καί
517 2764 764 2833 εἰκόνων,
798 2765 912 2836 ἐξὸν
945 2771 1042 2822 106
1091 2767 1333 2842 μεγάλου
1385 2767 1654 2842 βασιλέως
1703 2775 1912 2841 μεμνῆ-

267 2855 417 2924 σθαι,
450 2854 545 2918 ὅς’
598 2852 668 2909 δι’
717 2856 969 2911 ἑκάστοτε
1025 2857 1240 2912 πάντων
1289 2859 1388 2927 τήν
1429 2857 1597 2927 αὐτὴν
1656 2857 1909 2931 πρόνοιαν

265 2942 456 3019 ἴσχεις
506 2943 851 3019 δεικνύμενος
902 2946 1138 3002 ἐννεῦθεν
1197 2945 1538 3024 δημιουργὸς
1599 2949 1688 3003 καὶ
1751 2946 1910 3018 κηδε-

264 3035 391 3106 μὼν
426 3030 539 3107 ἅμα
569 3035 659 3089 καὶ
693 3035 973 3110 βασιλεὺς,
1006 3034 1158 3112 ε’ίπερ
1187 3039 1270 3098 οἷς
1310 3035 1487 3100 α’ίτιος
1521 3045 1621 3108 τῆς
1668 3037 1746 3100 εἷς
1796 3043 1909 3115 φῶς

259 3121 511 3197 προόδου
552 3125 808 3196 κατέστη,
847 3125 1053 3181 τούτων
1108 3128 1224 3198 μεθ’
1277 3125 1404 3182 ὅσου
1461 3128 1550 3181 καὶ
1609 3127 1910 3204 ὑπερφυοῦς

262 3211 541 3286 φροντίζει
599 3216 696 3268 τοῦ
747 3213 997 3288 κράτους.
1057 3216 1157 3270 Διά
1199 3219 1364 3270 τοῦτο
1423 3215 1513 3270 καὶ
1567 3215 1766 3278 πάντας
1819 3216 1912 3278 οὓς

260 3300 496 3371 ἠξίωσεν
543 3301 758 3381 ἄρχειν,
789 3303 865 3365 εἰς
907 3303 1075 3373 ζῆλον
1125 3312 1226 3374 τῆς
1276 3305 1445 3359 αὐτοῦ
1493 3305 1754 3379 προνοίας
1804 3303 1916 3359 ἐνά-
1950 3295 1994 3362 C

260 3411 368 3468 γει.
405 3393 560 3465 Ὁρᾷς
619 3391 768 3454 ὅπως
829 3413 885 3447 σε
941 3394 1003 3448 τὸ
1054 3394 1149 3466 μὲν
1205 3398 1313 3448 τῶν
1363 3392 1515 3449 ἰδίων
1556 3417 1613 3450 τε
1659 3395 1745 3449 καὶ
1781 3415 1912 3448 σαυ-

261 3485 366 3536 τοῦ
419 3481 717 3559 φροντίζειν
778 3480 1000 3553 ἐθέλειν,
1057 3483 1146 3538 καὶ
1205 3483 1312 3558 οὐχ
1365 3487 1500 3558 ἅπερ
1558 3485 1633 3545 ὡς
1690 3482 1915 3554 ἀληθῶς

267 3569 386 3624 ἐστι
416 3577 514 3639 τῆς
544 3569 1008 3645 ἀρχῆς,ἐξίστησι
1053 3579 1153 3642 τῆς
1182 3573 1386 3648 ἀρχῆς,
1418 3573 1480 3628 τὸ
1525 3570 1570 3628 δ’
1618 3573 1651 3627 ἃ
1697 3569 1915 3627 δίδωσιν

267 3659 432 3731 αὕτη,
464 3662 614 3716 ταῦτ’
646 3660 706 3716 ἐκ
751 3663 952 3724 παντὸς
1000 3664 1206 3736 τρόπου
1253 3664 1591 3733 σκοπεῖσθαι,
1625 3664 1689 3718 06
1752 3662 1914 3736 μόνον

271 3770 360 3804 σοι
419 3748 695 3820 συνίστητι
743 3750 965 3822 ταύτην,
1000 3749 1146 3806 ἀλλά
1199 3753 1290 3806 καὶ
1352 3753 1599 3826 μιμητὴν
1634 3751 1915 3826 ἀποφαίνει

272 3843 411 3895 Θεοῦ
436 3859 450 3908 ;

351 3933 434 3984 ιε’.
471 3931 571 3984 Καὶ
634 3929 741 4001 μὴν
797 3929 889 3984 καὶ
947 3931 1097 3986 τοῦθ’
1126 3932 1155 3985 ’ὁ
1199 3928 1392 4004 μέλλω
1425 3931 1621 4005 λέγειν,
1654 3929 1716 3985 o6
1751 3931 1915 4003 μόνον

271 4018 425 4094 εἴπερ
481 4040 537 4074 τι
594 4022 703 4073 τῶν
758 4020 993 4090 πάντων,
1025 4017 1172 4075 ἀλλά
1227 4021 1317 4075 καὶ
1368 4021 1441 4083 ὡς
1492 4017 1644 4074 οὐδέν
1705 4041 1756 4075 τι
1812 4022 1919 4073 τῶν

269 4111 518 4179 πάντων,
570 4108 790 4182 βασιλεῖ
847 4106 1251 4165 σπουδαστέον·
1317 4108 1530 4183 μᾶλλον
1605 4107 1662 4164 δὲ
1729 4107 1916 4178 ἐπειδὴ

269 4205 436 4254 τοῦτο
487 4201 654 4273 μόνον
699 4205 806 4254 τῶν
855 4203 1070 4255 πάντων
1120 4201 1326 4256 ἅπαντα
1366 4200 1546 4271 σώζει,
1581 4200 1665 4254 σοὶ
1715 4197 1772 4255 δὲ
1814 4201 1917 4273 μό-

267 4312 345 4363 νῳ
384 4295 496 4346 τῶν
551 4289 764 4346 πάντων
826 4293 910 4355 οἷς
955 4289 1143 4367 ἄρχειν
1183 4289 1354 4366 ἔχεις,
1383 4289 1566 4364 μέλειν
1605 4291 1653 4360 ἐξ
1685 4291 1919 4367 ἀνάγκης

269 4375 415 4436 ἔστιν
466 4379 714 4434 ἁπάντων
739 4397 751 4409 ·
793 4378 876 4435 δεῖ
922 4381 1012 4435 καὶ
1061 4382 1118 4435 σὶ
1156 4381 1279 4455 περὶ
1318 4379 1571 4441 πλείονος
1601 4385 1762 4435 τοῦτο
1792 4381 1919 4435 πάν-

267 4490 378 4525 των
429 4471 721 4537 ποιεῖσθαι,
771 4469 860 4524 καὶ
908 4467 1056 4532 ὅπως
1099 4469 1159 4526 ἄν
1203 4491 1288 4524 σοι
1318 4467 1590 4526 κάλλιστα
1628 4471 1713 4524 καὶ
1749 4471 1917 4545 ἀσφα-

267 4556 506 4614 λέστατα
551 4558 642 4613 καὶ
675 4559 749 4620 ὡς
781 4557 880 4614 06x
917 4556 977 4613 ἃν
1019 4557 1208 4622 ἄλλως
1247 4559 1389 4620 εἰκὸς
1420 4561 1484 4628 ἦν
1524 4559 1578 4613 αἱ
1627 4560 1750 4634 περί
1809 4563 1913 4613 τῶν

2045 652 2284 707 reddere
2316 667 2430 706 non
2453 649 2654 716 debet;
2682 647 2782 702 sed
2811 645 2951 718 quia
2981 660 3174 699 rerum
3199 658 3496 698 summam
3529 641 3699 711 regit,

2043 758 2304 814 omnium
2344 756 2496 813 oculi
2526 755 2591 811 in
2626 769 2760 810 eum
2783 752 2988 809 directi
3017 755 3173 818 sunt,
3199 757 3252 806 et
3283 748 3698 820 unusquisque

2034 867 2169 937 jure
2200 883 2331 923 eum
2390 863 2746 937 objurgabit,
2793 863 2842 918 si
2893 878 2953 917 re
3001 859 3228 932 publica
3283 858 3542 929 neglecta
3571 874 3693 915 rem

2041 974 2392 1046 peculiarem
2425 977 2656 1028 tantum
2681 968 3052 1026 administrat
3078 967 3228 1035 ;imo
3259 967 3412 1039 quod
3444 982 3576 1022 cum
3611 966 3692 1022 rei

2041 1080 2290 1153 publicae
2320 1079 2666 1136 detrimento
2715 1077 2840 1133 suis
2882 1075 3052 1132 unice
3099 1075 3270 1131 rebus
3311 1074 3529 1140 studet,
3580 1089 3692 1129 no-

2041 1203 2174 1243 men
2218 1189 2341 1258 jam
2365 1204 2480 1242 non
2531 1201 2707 1241 suum
2740 1185 3041 1253 mentitur,
3074 1181 3226 1252 regis
3263 1197 3473 1237 nomen
3514 1197 3690 1236 usur-

2038 1294 2231 1365 pando
2253 1297 2309 1348 et
2338 1309 2452 1348 non
2475 1293 2633 1363 regio
2667 1289 2902 1347 nomine
2932 1289 3108 1361 digna
3140 1287 3426 1344 faciendo.
3459 1285 3552 1342 Sic
3584 1303 3687 1342 na-

2034 1400 2122 1456 vis
2178 1400 2625 1471 gubernatorem
2671 1399 2798 1454 sino
2845 1394 3246 1469 gubernaculo
3309 1398 3367 1449 et
3423 1397 3685 1464 tempore

2037 1523 2150 1579 quo
2181 1511 2365 1564 artem
2389 1523 2557 1563 suam
2586 1509 2832 1573 exercet,
2853 1505 3057 1560 eodem
3082 1503 3313 1558 nomine
3331 1500 3685 1571 salutamus,

2036 1623 2097 1670 ut
2126 1629 2232 1671 nec
2263 1629 2556 1670 cursorrm
2589 1631 2722 1670 eum
2755 1611 2857 1686 qui
2886 1628 3004 1667 non
3035 1609 3239 1678 currit,
3273 1609 3375 1665 sed
3399 1609 3459 1664 in
3490 1623 3682 1680 quan-

2031 1725 2158 1778 tum
2209 1726 2449 1793 uterque
2504 1737 2746 1777 munere
2797 1737 2903 1777 suo
2953 1719 3230 1790 fungitur,
3280 1715 3538 1773 naucleri
3579 1720 3680 1771 aut

2029 1831 2283 1888 curroris
2313 1845 2525 1886 nomen
2547 1831 2837 1886 dabimus.
2886 1829 3128 1896 Quando
3177 1831 3372 1883 autem
3404 1825 3557 1881 istud
3588 1826 3675 1882 of-

2029 1937 2144 1994 ficii
2176 1954 2449 2010 peragere
2496 1942 2749 2008 cessant,
2799 1952 3007 1993 nomen
3030 1936 3226 2008 ipsum
3271 1934 3675 2001 amittunt;et

2028 2062 2128 2102 rex
2167 2047 2294 2118 jam
2341 2063 2456 2104 non
2487 2056 2575 2104 est
2623 2046 2733 2104 nisi
2775 2049 3006 2104 curator
3039 2045 3365 2112 hominum,
3417 2043 3572 2100 sicut
3619 2047 3676 2099 et

2025 2153 2390 2227 singularum
2423 2155 2654 2210 urbium
2712 2154 3042 2227 agitatores.
3076 2152 3192 2211 Nec
3239 2160 3429 2208 tamen
3474 2152 3671 2206 dema-

2024 2261 2190 2332 gogis
2223 2277 2524 2318 accensere
2563 2261 2758 2316 ausim
2804 2261 2914 2317 nisi
2967 2276 3065 2316 eos
3094 2259 3195 2331 qui
3227 2258 3670 2331 omnitempore

2023 2385 2128 2441 pro
2152 2369 2317 2440 plebe
2345 2385 2515 2440 agere
2535 2374 2591 2424 et
2619 2369 2794 2424 verba
2824 2367 3008 2424 facere
3039 2371 3333 2438 satagunt,
3366 2370 3424 2423 et
3453 2365 3671 2439 quibus

2024 2492 2116 2532 res
2149 2477 2347 2548 populi
2379 2477 2537 2534 cordi
2570 2481 2678 2534 est.
2711 2478 2897 2542 Quare
2927 2481 2983 2532 et
3033 2475 3315 2532 Homerus
3345 2490 3508 2545 reges
3538 2490 3670 2544 pas-

2023 2591 2173 2640 tores
2215 2583 2560 2656 populorum
2620 2585 2901 2653 nominat,
2944 2588 3007 2638 ut
3053 2584 3233 2639 vitam
3264 2598 3465 2639 eorum
3510 2581 3667 2637 curis

2019 2707 2156 2760 erga
2187 2691 2452 2747 subditos
2475 2690 2755 2763 repletam
2778 2689 3061 2762 designet.
3096 2689 3241 2753 Quid
3265 2704 3396 2745 vero
3420 2692 3667 2744 Homero

2020 2804 2078 2855 et
2133 2798 2410 2871 exemplis
2442 2815 2592 2870 Opus
2649 2798 2954 2864 habemus,
2985 2798 3085 2853 ubi
3136 2811 3417 2868 magnum
3450 2811 3668 2867 regem,

2020 2907 2121 2978 qui
2146 2906 2402 2962 omnium
2435 2922 2664 2978 semper
2693 2921 2892 2961 curam
2917 2903 3056 2976 agit,
3089 2913 3218 2960 ante
3240 2901 3436 2959 oculos
3458 2919 3672 2974 ponere

2017 3012 2204 3069 licet?
2244 3014 2343 3086 qui
2376 3029 2510 3068 cum
2569 3029 2762 3069 rerum
2806 3011 3196 3069 moderamine
3236 3012 3454 3082 regiam
3485 3009 3673 3081 digni-

2019 3123 2196 3175 tatem
2251 3121 2527 3188 ostendit,
2585 3121 2686 3192 qui
2743 3137 2841 3177 eos
2890 3137 3029 3193 quos
3089 3120 3160 3175 ad
3215 3118 3403 3175 lucem
3453 3118 3673 3190 produ-

2019 3226 2118 3294 cit,
2166 3231 2451 3298 potestate
2491 3246 2600 3285 sua
2643 3229 2936 3301 protegit?
2967 3228 3127 3285 Hanc
3159 3227 3232 3283 ob
3277 3242 3509 3283 causam
3545 3241 3670 3282 om-

2031 3351 2135 3391 nes
2169 3336 2434 3392 subditos
2480 3337 2538 3392 in
2573 3336 2664 3392 sui
2715 3336 3060 3409 obsequium
3100 3336 3273 3408 rapit.
3316 3335 3492 3390 Vides
3523 3349 3669 3406 quo-

2027 3441 2195 3498 modo
2229 3450 2279 3498 te
2316 3446 2414 3497 tua
2443 3458 2644 3499 curare
2666 3443 2810 3511 vult,
2846 3441 3444 3500 administrandarum
3474 3457 3670 3497 rerum

2028 3562 2261 3619 semper
2280 3547 2480 3606 habita
2510 3549 2752 3619 ratione,
2783 3551 2947 3623 regni
2975 3567 3118 3607 cura
3155 3549 3239 3605 sic
3278 3548 3582 3604 commissa
3613 3554 3674 3603 ut

2027 3656 2129 3713 Dei
2160 3656 2476 3728 imaginem
2508 3658 2744 3715 referas.

2099 3917 2185 3971 15.
2219 3917 2380 3983 Quod
2439 3916 2709 3988 deinceps
2741 3917 3006 3974 dicturus
3036 3933 3191 3985 sum,
3232 3932 3332 3974 rex
3363 3917 3576 3973 mirum
3611 3916 3672 3972 in

2027 4025 2268 4081 modum
2300 4028 2496 4082 mente
2526 4025 2814 4083 revolvere
2831 4026 3059 4082 debebit
3083 4043 3095 4080 :
3121 4029 3210 4081 est
3239 4024 3397 4082 enim
3439 4042 3531 4082 res
3574 4025 3672 4082 mi-

2027 4133 2184 4187 nime
2217 4131 2500 4205 vulgaris,
2529 4140 2582 4188 et
2619 4133 2878 4204 apprime
2917 4132 3210 4198 salutaris,
3244 4140 3298 4188 et
3346 4150 3462 4205 qua
3513 4138 3572 4189 tu
3612 4133 3673 4188 in

2027 4238 2233 4312 primis
2269 4239 2361 4294 vix
2385 4255 2576 4295 carere
2599 4239 2814 4312 possis,
2852 4243 3050 4311 utpote
3081 4241 3151 4296 ad
3184 4240 3552 4311 regnandum
3581 4257 3671 4297 vo-

2027 4349 2208 4403 catus.
2269 4348 2330 4402 In
2390 4346 2497 4402 hoc
2552 4362 2748 4403 rerum
2814 4350 2971 4403 statu
3031 4363 3393 4419 quaecunque
3431 4347 3676 4403 consilia

2027 4452 2246 4519 inieris,
2281 4469 2584 4524 nunquam
2635 4454 2770 4509 huic
2819 4455 3073 4510 cautioni
3149 4453 3577 4526 supersedebis,
3621 4461 3676 4510 et

2028 4559 2367 4632 priusquam
2417 4576 2578 4633 agas,
2631 4561 2884 4633 optimos
2943 4561 3305 4619 consiliarios
3349 4562 3673 4629 adhibebis,

271 4647 421 4704 ὅλων
472 4649 727 4703 ἑκάστοτε
771 4647 1038 4724 γίγνοιντο
1086 4647 1286 4723 βουλαί
1331 4669 1388 4702 τε
1425 4648 1515 4703 καὶ
1565 4648 1798 4720 σκέψεις,
1831 4649 1918 4702 καὶ

2034 4683 2277 4738 quorum
2334 4677 2471 4725 aetas
2521 4674 2693 4742 atque
2741 4670 3094 4742 experientia
3149 4670 3254 4726 tibi
3335 4669 3671 4742 proderunt.

275 4735 579 4811 μηδοτιοῦν
627 4741 732 4792 τῶν
791 4738 1042 4792 ἁπάντων
1097 4735 1222 4792 ἄνευ
1272 4738 1499 4807 ταυτησὶ
1528 4744 1628 4806 τῆς
1659 4739 1922 4810 προνοίας

272 4827 351 4888 εἷς
410 4825 564 4901 ἔργον
623 4824 831 4899 ἐξάγοις
893 4825 1258 4903 διαφερόντως
1305 4826 1630 4904 φροντίζειν,
1675 4823 1918 4899 συμϐού-

270 4915 396 4977 λοις
445 4915 541 4987 μὲν
589 4915 878 4994 χρώμενον
929 4921 1044 4978 τοῖς
1085 4915 1349 4992 ἀρίστοις,
1381 4916 1500 4978 καὶς
1541 4918 1626 4979 οἷς
1669 4914 1756 4970 καὶ
1799 4936 1919 4969 συν-

272 5005 437 5066 ἐσεως
495 5002 678 5059 ε’ίνεκα
734 5002 879 5080 λέγω
932 5005 1020 5061 καὶ
1062 5008 1266 5085 χρόνου
1312 5007 1403 5062 καὶ
1460 5005 1645 5081 πείρας
1677 5005 1920 5076 ξύνοισθά

268 5095 337 5150 τά
395 5097 621 5151 τοιαῦτα
667 5097 982 5169 τεχνίταις·
1043 5097 1352 5176 εἰσφέροντα
1401 5094 1458 5151 δὲ
1514 5097 1603 5150 καὶ
1653 5092 1814 5149 αὐτὰν
1851 5094 1918 5148 τὰ

271 5185 421 5260 παρά
468 5187 705 5239 σαυτοῦ·
737 5184 845 5260 οὐχ
901 5185 976 5248 ὡς
1025 5185 1378 5242 ἐπιτάττοντα
1424 5183 1623 5257 δήπου⁷
1655 5184 1782 5240 ἀλλ’
1843 5184 1916 5246 ὡς

268 5276 333 5331 τὸ
377 5277 532 5348 κοινῇ
573 5278 839 5348 συνοῖσον,
875 5276 1010 5350 μετά
1055 5281 1162 5332 τῶν
1211 5273 1398 5332 ἄλλων
1450 5279 1772 5343 σκοποῦντα,
1828 5273 1918 5328 καὶ

270 5365 530 5420 πάντοθεν
583 5361 875 5438 ἐκλέγοντα
928 5369 1113 5436 τοῦτο,
1145 5364 1232 5420 ἐάν
1292 5387 1350 5422 τε
1402 5366 1464 5420 σύ
1521 5366 1570 5440 γ’
1619 5362 1800 5432 αὐτὸς,
1828 5361 1917 5416 ἐάν

273 5455 323 5509 θ’
352 5454 601 5508 δστισοῦν
653 5447 826 5515 ἄλλος
875 5453 1077 5529 ἐξεύρῃ,
1112 5454 1184 5510 O6
1235 5455 1338 5531 γὰρ
1387 5455 1448 5509 τὸ
1478 5459 1595 5517 τοῖς
1627 5454 1714 5508 ὑπ’
1745 5450 1920 5507 ἄλλου

271 5543 559 5619 γνωσθεῖσι
582 5544 886 5615 πεπεῖσθαι,
906 5543 1067 5599 τοῦτό
1107 5546 1160 5620 γ’
1189 5544 1438 5619 αἰσχρὸν,
1470 5542 1615 5599 ἀλλὰ

273 5650 504 5726 Οὗτος
535 5650 649 5726 μὶξν
690 5652 1200 5726 πανάριστοςῷς
1228 5650 1403 5726 αιδτῷ
1441 5651 1650 5726 πάντα
1676 5651 1916 5726 νοήσῃ.

274 5719 560 5785 Ἐσθλὸς
591 5719 743 5778 δἀὗ
775 5719 1187 5794 κάκεῖνοςὸς
1221 5722 1285 5799 εςῦ
1317 5719 1586 5779 εἶ’πὸντα
1614 5723 1911 5793 πίθηται*

2031 4775 2153 4832 Ηιιο
2183 4779 2415 4833 accedet
2445 4785 2543 4833 tua
2589 4777 2775 4850 ipsius
2819 4777 3193 4850 experientia,
3228 4793 3353 4849 quae
3390 4777 3538 4834 bono
3571 4793 3674 4849 pu-

2029 4885 2178 4940 blico
2211 4900 2528 4956 numquam
2561 4902 2673 4942 non
2706 4886 2964 4942 studebit
2992 4893 3046 4940 et
3066 4885 3288 4956 optima
3312 4900 3545 4956 semper
3572 4903 3670 4941 ex-

2029 4995 2316 5065 sequitur,
2349 4993 2616 5065 siveipse
2647 4996 2766 5050 sive
2783 4993 2934 5050 alius
2958 4995 3258 5051 invenerit.
3283 4994 3427 5050 Nam
3452 4993 3523 5049 iis
3555 5011 3669 5048 non

2027 5102 2198 5158 ﬁdem
2231 5101 2446 5157 habere
2473 5118 2597 5172 quas
2622 5103 2692 5158 ab
2725 5101 2855 5158 aliis
2912 5101 3230 5174 excogitata
3267 5106 3425 5168 sunt,
3471 5103 3669 5157 absur-

2027 5207 2169 5266 dum
2199 5211 2285 5264 est
2306 5208 2464 5280 quia.

2103 5658 2418 5732 Praeclarus
2473 5665 2552 5713 est
2585 5657 2682 5730 qui
2714 5661 2955 5732 proprio
3005 5665 3180 5717 marte
3229 5677 3315 5717 res
3359 5664 3668 5732 cognoscit;

2033 5728 2138 5788 Sed
2219 5732 2268 5786 is
2323 5746 2531 5804 quoque
2582 5728 2941 5804 prudcm'cst
3012 5733 3109 5806 qui
3161 5734 3294 5793 bona
3349 5728 3667 5795 consiliario
