4154 6216
1906 2 1977 13 ⁷⁷“’·
1996 0 2195 19 *π
2214 0 2277 11 ίῗῖ
2314 0 2453 17 τυ
2502 0 2627 21 τί*

1830 78 2605 95 -ῇ--ο--Ἧθα-Ή-ιο-

413 377 527 439 471

1717 392 1820 452 ΤΗ
1832 389 2114 455 EODULI
2161 388 2520 452 MUNACHI

3697 393 3823 454 472

415 512 619 571 obedit.
780 515 884 598 qui
936 532 1127 598 per_:e
1177 536 1378 598 parum
1410 524 1858 598 __zfntelligit,nec
1913 526 2060 584 alte-

2188 528 2280 586 ’ος
2314 520 2369 598 δ’
2409 521 2483 577 αῦ
2525 524 2885 598 μήθ’ᾃαύτῷ
2912 524 3067 598 νοέῃ
3105 526 3263 597 μήτ’
3296 523 3505 598 ἄλλον
3536 525 3828 592 ἀκούων,

412 601 539 641 rum
566 586 742 654 audit,
774 590 821 641 is
838 586 973 644 sane
1002 589 1093 645 vir
1112 586 1194 646 est
1220 594 1544 651 imbecillus.

492 695 556 752 In
588 696 928 754 universum
961 715 1227 772 sempere
1252 702 1425 760 bonis
1447 705 1710 763 consiliis
1728 707 1951 765 utilitas
1963 708 2065 766 ali-

417 818 528 873 qua
547 802 608 860 in
638 803 875 875 negotia
904 803 1217 877 redundat,
1265 809 1409 865 dum
1468 827 1500 866 e
1545 812 1707 870 falsis
1743 815 2061 873 ratiociniis

414 908 612 966 omnia
643 912 969 968 necessario
1013 914 1304 984 perditum
1335 921 1491 974 eunt.
1539 919 1633 976 Sic
1664 921 1920 979 militum
1951 924 2062 979 du-

415 1033 532 1085 ces,
565 1017 649 1073 sic
678 1019 843 1076 navis
880 1023 1155 1091 rectores,
1194 1024 1279 1078 sic
1308 1024 1647 1098 quicunque
1699 1027 1870 1098 alius,
1900 1039 2065 1087 ante—

418 1139 597 1196 quam
629 1140 778 1196 opus
798 1126 1239 1199 aggrediuntur,
1263 1130 1604 1199 deliberant,
1625 1132 1760 1190 licet
1779 1136 1850 1192 de
1872 1138 2065 1209 parvis

418 1246 573 1303 saepe
600 1231 794 1305 agitur
825 1249 840 1287 :
872 1234 977 1289 tibi
1006 1238 1200 1291 autem
1220 1236 1401 1294 totius
1416 1239 1575 1296 orbis
1596 1257 1735 1298 cura
1754 1243 2063 1302 incumbit.

419 1338 508 1394 Tu
548 1338 725 1395 urbes
753 1355 821 1396 ae
858 1340 1106 1413 populos
1152 1358 1219 1399 ac
1269 1343 1577 1403 thesauros
1598 1348 1736 1419 jure
1766 1351 2065 1422 subjectos

420 1444 527 1502 tibi
550 1445 732 1504 habes
759 1463 773 1514 ;
803 1462 982 1520 quare
1009 1457 1198 1507 tecum
1222 1451 1496 1522 delibera,
1526 1471 1630 1512 nec
1647 1473 1907 1530 unquam
1930 1477 2065 1518 cum

418 1552 592 1609 bonis
619 1553 761 1609 viris
790 1557 1118 1613 conversari
1148 1557 1385 1629 desiste,
1409 1565 1468 1616 et
1496 1577 1598 1631 pro
1622 1567 1724 1619 tua
1752 1570 1916 1636 parte
1935 1583 2069 1638 ope-

421 1675 550 1717 ram
579 1661 654 1716 da
685 1665 749 1717 ut
777 1676 1019 1733 scopum
1051 1662 1305 1737 attingas
1336 1668 1724 1738 propositum,
1757 1677 1810 1728 te
1839 1672 1899 1728 in
1938 1673 2064 1745 pri-

423 1767 537 1823 mis
566 1765 765 1840 ipsum
820 1767 1128 1827 vincendo.
1176 1772 1288 1828 Sed
1320 1771 1642 1834 deliberare
1678 1777 1749 1834 de
1799 1779 2070 1851 gravissi-

2175 596 2280 652 ’Ev
2322 594 2913 670 θυμῷβάλληταί,
2953 598 2983 652 ὃ
3023 594 3078 653 δ’
3106 594 3262 653 αὖτ’
3300 597 3594 672 ἀχρήϊος
3632 600 3827 669 ἀνήρ.

2171 701 2353 776 Χωρίς
2391 699 2449 757 δὲ
2484 702 2710 775 τούτων,
2744 702 2795 759 έν
2836 706 2931 778 μὲν
2961 709 3043 777 τῷ
3082 702 3354 760 κάλλιστα
3389 703 3480 759 καὶ
3529 705 3603 765 ὡς
3646 704 3831 782 έχρῆν

2177 787 2564 867 βεϐουλεῦσθαι
2614 793 2843 869 μεγίστη
2902 792 2985 856 τίς
3041 791 3153 848 ἔστι
3209 798 3326 855 τοῖς
3383 793 3663 868 πράγμασι
3721 815 3836 848 σω-

2170 879 2373 956 τηρία·
2406 881 2458 935 έν
2507 878 2566 936 δὲ
2609 887 2693 954 τῷ
2739 881 2868 945 τοὺς
2916 882 3222 959 λογισμοὺς
3272 884 3627 957 ἡμαρτῆσθαι
3666 882 3837 937 πάντ’

2174 967 2223 1039 ἐξ
2282 970 2518 1043 ἀνάγκης
2564 969 2821 1050 ἐφθάρθαι
2848 988 2862 1003 ⁸
2907 970 3051 1027 οὕτω
3112 971 3204 1027 καί
3252 972 3550 1046 στρατήγοί
3596 971 3687 1026 καὶ
3736 992 3835 1026 κυ-

2173 1059 2430 1137 ϐερνῆται
2488 1067 2705 1118 ποιοῦσι
2760 1064 2852 1118 καὶ
2907 1066 3011 1125 πᾶς
3065 1084 3150 1128 τις
3175 1060 3395 1138 ἕτεροςο
3437 1062 3644 1118 τούτων
3697 1060 3833 1119 ’ἐκα-

2172 1171 2297 1213 στος
2347 1150 2408 1206 οὗ
2452 1151 2577 1226 πρὶν
2634 1153 2814 1207 ὁτιοῦν
2863 1153 3101 1222 ἀξιοῦσιν
3148 1151 3422 1228 εἰργάσθαι
3466 1152 3594 1227 πρὶν
3634 1154 3669 1221 ἢ
3723 1174 3826 1207 κιε-

2174 1238 2291 1303 λῶς
2338 1235 2767 1315 βεϐουλεῦσθαι⁶
2816 1241 2991 1297 καίτοι
3039 1242 3094 1296 οἱ
3142 1243 3237 1315 μὶν
3278 1240 3410 1316 ὑπὲρ
3460 1246 3710 1317 σμικρῶν
3753 1238 3828 1312 δή

2173 1350 2335 1384 τινων
2366 1330 2455 1385 καὶ
2484 1334 2593 1385 τῶν
2625 1328 2679 1384 ἐν
2722 1330 2870 1404 μέρει
2918 1332 3280 1405 πραγμάτων,
3315 1331 3400 1386 σοὶ
3448 1328 3505 1386 δὲ
3546 1332 3622 1394 εἷς
3684 1331 3827 1405 ὑπὲρ

2175 1419 2387 1488 ἁπάσης
2441 1426 2540 1489 τῆς
2600 1419 2925 1493 οἰκουμένης
2989 1416 3237 1496 ἔῤῥιπται
3319 1417 3526 1482 κύϐος’
3585 1420 3663 1482 ὡς
3733 1417 3834 1474 οῦν

2174 1509 2363 1582 κύριος
2386 1505 2459 1562 ὢν
2489 1506 2545 1563 εῦ
2582 1528 2640 1563 τε
2673 1507 2761 1562 καί
2795 1508 2869 1570 ὡς
2901 1508 3096 1584 ἑτέρως
3134 1509 3224 1563 καὶ
3272 1508 3463 1571 πόλεις
3502 1507 3686 1583 ’ίσχειν
3734 1507 3835 1564 καὶ

2175 1591 2299 1667 ἔθνη
2358 1597 2448 1652 καὶ
2505 1597 2679 1653 πάντα
2734 1599 3019 1674 χρήματα,
3051 1599 3224 1653 πάντα
3279 1597 3347 1654 τὰ
3394 1597 3632 1672 βέλτιστ’
3661 1597 3835 1660 αὐτὸς

2174 1686 2265 1741 καὶ
2312 1684 2580 1761 βουλεύου
2637 1686 2727 1741 καὶ
2803 1692 3023 1762 πρᾶττε,
3081 1688 3169 1742 καὶ
3232 1690 3371 1760 μήτε
3426 1692 3543 1748 τοῖς
3599 1687 3834 1763 ἀγαθοῖς

2174 1773 2397 1852 ἀνδράσι
2462 1777 2642 1851 παύσῃ
2703 1775 2893 1847 ξυνὼν,
2956 1777 3085 1850 μήτ’
3144 1774 3357 1831 θ’ίκοθεν
3434 1777 3595 1838 αὐτὸς
3671 1777 3836 1832 ἀνευ-

424 1874 540 1931 mis
569 1873 746 1930 rebus
777 1891 893 1931 non
923 1876 1067 1932 satis
1121 1882 1227 1948 est,
1286 1882 1386 1937 sed
1444 1898 1575 1954 quas
1633 1885 1821 1942 facere
1872 1889 2067 1945 animo

2188 1868 2376 1921 aiaxuw
2425 1867 2481 1922 εὸ
2533 1864 2653 1922 δέον
2708 1867 2797 1922 καὶ
2857 1867 3346 1944 κατεργαζόμενος,
3375 1867 3467 1922 καὶ
3516 1868 3710 1922 σαυτὸν
3772 1866 3833 1922 ἐν

421 1982 703 2050 statuisti,
758 1989 997 2041 caeteros
1054 1984 1235 2043 latere
1293 1991 1587 2063 conducit,
1621 1992 1679 2049 id
1737 1994 1893 2066 quod
1939 1996 2066 2053 sine

422 2105 634 2162 magna
655 2091 965 2163 prudentia
995 2092 1117 2149 ﬂeri
1149 2097 1386 2168 nequit;
1418 2115 1555 2155 nam
1604 2101 1850 2160 consilia
1893 2107 2068 2175 atque

423 2212 595 2268 opera
623 2203 784 2255 arcto
812 2198 1047 2257 vinculo
1069 2202 1277 2274 juncta
1303 2220 1433 2262 esse
1477 2207 1708 2280 debent,
1740 2212 1879 2283 quia
1933 2211 2072 2268 alte-

425 2320 553 2363 rum
586 2304 825 2361 alterius
854 2311 1002 2380 eget.
1036 2307 1221 2367 Omne
1252 2312 1454 2384 utique
1473 2313 1652 2371 animi
1682 2319 2069 2389 propositum.

422 2412 561 2471 licet
586 2412 1034 2473 callidissimum
1064 2417 1162 2486 sit,
1194 2423 1253 2476 et
1273 2435 1305 2476 e
1335 2421 1623 2493 profundo
1646 2424 1872 2495 judicio
1902 2443 2072 2484 exor-

429 2525 579 2589 tum,
612 2522 833 2578 caeteris
858 2522 1124 2596 ignotum
1153 2525 1236 2582 sit
1284 2543 1517 2585 necesse
1572 2535 1678 2603 est,
1727 2532 1778 2587 si
1819 2532 2072 2591 fructum

427 2631 567 2688 inde
597 2632 891 2705 percipere
936 2634 1041 2691 vis.
1084 2634 1193 2692 Ubi
1240 2636 1499 2708 primum
1529 2645 1719 2698 autem
1757 2641 1817 2699 in
1862 2643 2070 2713 vulgus

429 2738 588 2809 exiit,
621 2740 1002 2798 metuendum
1031 2745 1117 2798 est
1149 2759 1221 2798 ne
1246 2759 1364 2800 non
1394 2748 1666 2805 succedat
1696 2753 1755 2806 et
1785 2752 1856 2807 ad
1891 2752 2068 2810 tinem

430 2846 729 2919 perveniat
756 2848 1136 2921 propositum.
1172 2853 1295 2919 Quo
1325 2862 1387 2910 ut
1421 2857 1741 2928 pervenias,
1767 2860 2075 2932 prudentia

435 2968 668 3010 summa
697 2969 846 3027 opus
875 2960 980 3011 est.
1014 2956 1191 3030 Igitur
1220 2960 1270 3016 si
1299 2965 1501 3019 contra
1529 2963 1731 3022 Persas
1759 2968 2075 3025 exercitum

435 3060 647 3117 ducere
702 3060 761 3116 in
821 3061 1016 3121 animo
1072 3064 1271 3135 habes,
1311 3067 1606 3142 Ethiopas
1664 3074 2080 3145 praetexito;si

434 3167 616 3241 Mysis
645 3167 861 3225 bellum
891 3170 978 3227 vis
1006 3171 1240 3241 inferre,
1273 3179 1474 3234 contra
1500 3177 1784 3238 Triballos
1807 3181 1862 3237 id
1896 3183 2083 3240 facere

2172 1954 2388 2018 τούτοις
2447 1954 2564 2010 ὅσαι
2622 1956 2758 2030 ὧραι
2815 1961 3003 2011 νικῶν.
3035 1955 3134 2009 Καὶ
3185 1956 3292 2029 μὴν
3350 1956 3413 2010 ού
3461 1960 3525 2010 το
3559 1953 3834 2030 βουλεύεε-

2174 2047 2295 2101 σθαι
2330 2046 2495 2118 μόνον
2527 2045 2651 2121 περὶ
2682 2050 2790 2100 τῶν
2846 2043 3110 2120 μεγίστων
3158 2044 3406 2121 ἀπόχρη,
3439 2043 3586 2101 ἀλλά
3623 2045 3717 2100 καί
3762 2048 3833 2100 τὸ

2173 2135 2243 2191 τὰ
2289 2130 2693 2209 βεϐουλευμένα
2737 2133 2862 2210 πρὶν
2913 2126 2960 2203 ἤ
2989 2136 3302 2209 πεπρᾶχθαι
3361 2133 3637 2190 λανθάνειν
3692 2134 3833 2198 τοὺς

2173 2220 2377 2286 ἄλλους
2416 2228 2697 2299 προσεῖναι
2745 2221 2848 2293 δεῖ,
2877 2224 2966 2278 καὶ
3015 2228 3235 2279 σκοπεῖν
3289 2224 3401 2303 οὐχ
3449 2223 3597 2287 ὅπως
3635 2222 3827 2279 έκεῖνο

2180 2311 2392 2386 μᾶλλον
2438 2311 2605 2382 ἔσται,
2635 2312 2671 2383 ἢ
2723 2312 2874 2375 ὅπως
2922 2312 3110 2385 ἐκείνῳ
3157 2316 3318 2369 τοῦτο
3348 2313 3663 2388 προσέσται,
3693 2314 3831 2368 κάν-

2176 2404 2354 2458 τεῦθεν
2405 2406 2564 2457 τοῦτο
2611 2401 2863 2475 μείζονος
2913 2401 3093 2473 ἀξιοῦν
3142 2408 3244 2472 τῆς
3290 2402 3586 2479 προνοίας·
3620 2403 3697 2465 ὡς
3729 2401 3827 2458 ἒάν

2183 2492 2280 2566 μὶν
2326 2494 2491 2547 τοῦτο
2534 2494 2737 2565 προσῇ,
2785 2490 3005 2547 κάκεῖνο
3056 2488 3274 2546 πολλοῦ
3316 2512 3465 2553 τινος
3514 2488 3658 2565 ἄξιον
3722 2491 3783 2546 ὄν
3810 2513 3825 2525 ·

2179 2581 2376 2637 τούτου
2425 2578 2472 2635 δ’
2517 2579 2768 2647 ἀπόντος,
2799 2580 2896 2635 κᾶν
2942 2577 3195 2655 μυριάκις
3240 2578 3413 2635 ἐκεῖνο
3462 2585 3632 2655 παρῇ,
3663 2579 3830 2636 οὐδὲν

2185 2667 2398 2744 μᾶλλον
2427 2666 2475 2724 δ’
2506 2666 2722 2732 οὐδενὸς
2765 2667 2908 2741 ἄξιον
2956 2665 3051 2724 ὅν⁸
3097 2668 3343 2733 εἰκότως.
3385 2676 3534 2727 Πᾶσα
3578 2673 3681 2745 γὰρ
3727 2669 3838 2743 δή-

2180 2780 2287 2815 που
2338 2757 2539 2834 βουλὴ,
2566 2756 2661 2813 κᾶν
2711 2759 2787 2822 ὡς
2822 2758 3016 2833 ἄριστα
3060 2756 3184 2834 ἔχῃ,
3235 2759 3332 2814 κᾶν
3379 2758 3437 2814 ἐκ
3470 2761 3687 2836 βαθείας
3722 2760 3844 2835 ἥκῃ

2184 2849 2398 2927 φρενὸς,
2426 2853 2545 2913 τοῖς
2577 2849 2671 2923 μὶν
2700 2847 2936 2911 πολλοῖς
2982 2847 3262 2925 ἄγνωστος
3305 2847 3460 2919 οῦσα,
3497 2851 3565 2905 τὰ
3616 2849 3840 2927 μέγιστ’

2183 2937 2390 3010 ὀνίνησι
2418 2938 2543 3000 τοὺς
2577 2936 2899 3012 χρωμένους
2923 2957 2937 2970 ⁸
2976 2939 3064 2993 καὶ
3119 2939 3403 3011 θαυμαστή
3453 2959 3538 3000 τις
3581 2940 3720 3014 πρὸς
3770 2940 3841 2994 τὸ

2181 3030 2477 3103 κατορθοῦν
2528 3025 2640 3082 ἐστι
2686 3027 2833 3101 ῥοπὴ
2882 3027 2944 3083 τὸ
2998 3024 3203 3101 μηδένα
3260 3031 3368 3083 τῶν
3422 3026 3651 3083 πολλῶν
3699 3049 3842 3083 ταυο

2182 3119 2305 3190 τηνί
2377 3113 2709 3187 ξυνειδέναι·
2761 3112 2997 3188 ἔκδηλος
3062 3115 3120 3172 δὶ
3171 3116 3453 3194 γενομένη,
3500 3116 3721 3173 πολλοῦ
3777 3140 3848 3193 γε

2187 3208 2277 3264 καὶ
2323 3211 2420 3263 τοῦ
2469 3207 2665 3270 παντὸς
2717 3203 2800 3261 δεῖ
2843 3207 2980 3282 πρὸς
3033 3202 3190 3282 ἔργον
3237 3207 3487 3287 ἀφῖχθαι,
3517 3206 3609 3262 καὶ
3639 3208 3703 3263 τὸ
3753 3229 3848 3282 γι·-

434 3273 579 3332 velle
606 3275 861 3333 simula:
894 3278 978 3336 sic
1006 3280 1219 3338 etenim
1244 3285 1397 3355 quod
1428 3287 1664 3358 quaeris.
1698 3289 1863 3346 facile
1887 3289 2078 3348 obtin-

2190 3260 2451 3374 γνόμενον
2478 3260 2483 3261 ί
2512 3260 2758 3367 δέξασθαι
2823 3260 3011 3370 πέρας,
3061 3260 3213 3372 ὲιῖπέρ
3244 3260 3377 3352 ξος
3392 3260 3397 3261 ⁷
3422 3260 3673 3372 se...
3736 3260 3843 3369 pia.

437 3397 562 3455 ges,
591 3387 649 3441 et
679 3384 829 3443 felici
858 3403 1051 3446 rerum
1083 3392 1316 3449 tuarum
1348 3409 1626 3453 successu
1659 3396 1889 3455 frueris.

513 3919 599 3974 16.
635 3919 696 3975 Id
725 3920 785 3976 in
818 3920 1023 3991 primis
1070 3939 1210 3980 cura
1258 3941 1351 3988 ne.
1406 3943 1552 3999 quos
1600 3932 1817 3990 amicos
1873 3936 2085 4007 credis,
2130 3988 2135 3993 .

440 4052 541 4093 eos
569 4036 899 4094 adulatores
928 4039 1168 4112 habeas,
1198 4046 1255 4098 et
1279 4060 1378 4100 eos
1411 4044 1471 4101 in
1502 4050 1918 4109 commercium
1941 4053 2085 4110 deli-

441 4162 548 4219 gas
580 4146 679 4218 qui
712 4162 777 4203 eo
808 4148 1027 4207 honore
1050 4150 1294 4208 minime
1313 4152 1470 4228 digni
1500 4161 1655 4213 sunt.
1693 4159 1814 4216 Non
1840 4161 1994 4219 enim
2020 4164 2089 4220 iis

443 4252 543 4322 qui
568 4253 743 4310 rebus
772 4254 891 4312 tuis
922 4256 1161 4313 student
1216 4258 1439 4333 tibique
1478 4262 1867 4325 blandiuntur
1912 4271 2089 4327 conti-

445 4360 699 4416 dendum
728 4369 817 4417 est
844 4365 1017 4434 atque
1038 4364 1470 4427 adhaerendum.
1504 4371 1614 4428 Sed
1651 4375 1746 4429 ubi
1774 4378 2088 4448 quemdam

444 4466 682 4524 obvium
712 4467 987 4527 habueris
1034 4470 1135 4543 qui
1170 4473 1241 4529 de
1284 4475 1456 4533 rebus
1485 4479 1604 4535 tuis
1652 4484 1924 4541 secundis
1952 4501 2092 4559 gau-

447 4576 564 4645 det,
595 4576 671 4632 de
708 4576 966 4635 adversis
998 4585 1221 4650 mmret,
1254 4582 1353 4654 qui
1412 4583 1708 4645 laudanda
1759 4590 1979 4662 laudat,
2013 4595 2090 4651 vi-
2124 4611 2171 4675 Ι)

446 4684 770 4755 tuperanda
797 4684 1106 4758 vituperat,
1124 4687 1223 4760 qui
1254 4690 1600 4750 consiliadat
1623 4695 1920 4766 salutaria,
1938 4716 2003 4755 ac
2031 4701 2090 4756 in

448 4789 740 4861 loquendo
771 4792 1068 4863 agendove
1097 4792 1387 4852 sincerum
1446 4806 1628 4857 semet
1676 4804 1912 4874 praebet,
1956 4823 2091 4863 eum

448 4898 701 4954 amicum
736 4915 801 4954 ac
834 4899 1180 4959 familiarem
1211 4920 1461 4962 assume.
1487 4909 1595 4975 Qui
1616 4916 1810 4969 autem
1842 4931 1967 4986 qua:
1991 4919 2094 4972 tua

450 5019 613 5083 sunt,
654 5031 719 5071 eo
750 5014 877 5088 ipso
908 5033 1138 5093 semper
1177 5020 1512 5082 collaudant
1561 5026 2089 5102 indiscriminatim,

452 5131 669 5204 quique
702 5136 1039 5195 muneribus
1066 5140 1415 5213 accipiendis
1444 5142 1692 5214 inhiant,
1716 5161 1813 5202 eos
1839 5161 1998 5218 asque
2024 5163 2091 5203 ac

452 5247 781 5307 adulatores
828 5252 1199 5324 tergiversare
1227 5272 1293 5314 ac
1341 5258 1473 5315 odio
1521 5259 1687 5317 habe.
1721 5260 1904 5317 Probe
1934 5262 2091 5320 enim

452 5365 606 5421 nosti
638 5368 793 5438 quod
818 5367 916 5425 alii
948 5370 1184 5442 quidem
1215 5390 1361 5446 aegre
1391 5375 1586 5433 ferunt
1614 5376 1663 5433 si
1690 5394 1804 5433 non
1833 5377 2094 5450 quotidie

455 5480 737 5539 beneficia
767 5486 1078 5558 recipiunt,
1099 5489 1219 5561 alii,
1243 5490 1376 5548 licet
1394 5509 1627 5550 summa
1653 5495 1866 5565 injuria
1888 5496 2095 5563 aﬁ‘ecti,

2189 3384 2369 3442 ε’ίνεκα
2402 3383 2774 3460 βουλευόμεθα
2795 3403 2809 3418 °
2841 3388 3002 3440 τοῦτο
3035 3381 3082 3440 δ’
3113 3385 3216 3440 οὐκ
3265 3382 3328 3439 ἃν
3375 3383 3566 3447 ἄλλως
3613 3382 3699 3456 ε’ίη
3755 3387 3842 3458 μή

2187 3480 2296 3531 τῶν
2346 3469 2815 3549 βεϐουλευμένων,
2865 3474 3047 3548 ὥσπερ
3093 3468 3251 3549 ἔφην,
3296 3467 3638 3549 προϐάντων.
3669 3476 3842 3530 ’Ὀθεν

2191 3565 2279 3621 ἐπὶ
2324 3565 2529 3638 Πέρσας
2579 3562 2846 3634 ἐλαύνων,
2894 3563 3157 3626 Αἰθίοπας
3205 3560 3526 3643 προῦχων
3560 3564 3847 3644 μάχεσθαι

2192 3652 2248 3709 δὲ
2296 3657 2500 3715 Μυσοῖς
2545 3651 2765 3723 ἐθέλων,
2798 3652 2860 3708 σὺ
2902 3651 2960 3708 δὲ
3007 3653 3082 3716 ὡς
3133 3653 3270 3709 κατὰ
3316 3648 3640 3729 Τριϐαλλῶν
3689 3653 3850 3709 ἑτοι-

2197 3745 2408 3817 μάζου·
2450 3743 2594 3799 οὕτω
2649 3743 2750 3819 γὰρ
2807 3744 2837 3799 ’ὀ
2898 3742 3111 3820 βούλει,
3169 3740 3368 3819 ῥᾳδίως
3426 3742 3703 3820 ἐργάζοιο,
3748 3743 3847 3799 καὶ

2191 3834 2309 3889 κατ’
2331 3834 2500 3912 εὐχὴν
2528 3837 2644 3895 τοῖς
2666 3834 2945 3909 πράγμασι
2976 3837 3155 3910 χρῷο.

2269 3930 2350 3987 ις’.
2383 3921 2584 3978 Σκόπει
2643 3920 2721 3991 δὲ,
2756 3922 2856 3993 ὅση
2901 3943 2991 3977 σοι
3042 3921 3295 3995 δύναμις,
3326 3918 3476 3983 ὅπως
3512 3922 3588 3994 μὴ
3634 3920 3848 3995 φίλους

2195 4014 2447 4088 οἰόμενος
2502 4011 2670 4092 ἔχειν,
2727 4011 2913 4069 ἔπειτα
2985 4012 3159 4088 λάθῃς
3234 4007 3688 4085 κολακευόμενος,
3748 4016 3847 4067 καὶ

2196 4107 2386 4161 σαυτὸν
2420 4107 2501 4166 οἷς
2536 4106 2638 4159 οὐκ
2668 4098 2773 4159 ἔδει
2817 4100 3019 4175 διδοὺς,
3053 4103 3105 4159 έν
3155 4107 3234 4176 τῷ
3285 4101 3464 4158 δοκεῖν
3496 4101 3529 4157 ’ἀ
3565 4108 3848 4178 προσῆκεν

2199 4196 2483 4269 αἱρεῖσθαι.
2533 4190 2668 4249 Οὐδὲ
2718 4192 2820 4268 γάρ
2867 4198 2985 4256 τοῖς
3029 4194 3097 4248 τά
3139 4193 3204 4247 σὰ
3262 4189 3441 4263 δήπου
3498 4191 3739 4268 στέργειν
3783 4214 3848 4248 τε

2196 4284 2286 4340 καὶ
2335 4283 2513 4361 φιλεῖν
2568 4280 2806 4356 μάλιστα
2851 4280 3296 4357 διατεινομένοις,
3327 4280 3593 4337 πιστεύειν
3646 4281 3846 4343 ἁπλῶς

2200 4374 2364 4429 ἅπασι
2419 4375 2557 4449 χρῆ,
2596 4373 2686 4428 καὶ
2740 4374 2840 4443 τὴν
2897 4371 3062 4442 αὐτὴν
3112 4371 3236 4445 περὶ
3285 4371 3491 4426 τούτων
3538 4368 3695 4441 δόξαν
3742 4392 3850 4425 κε-

2197 4464 2423 4533 κτῆσθαι
2449 4481 2461 4494 ·
2505 4459 2631 4516 ἀλλ’
2660 4459 2753 4523 οὓς
2813 4462 2906 4534 μὲν
2958 4461 3017 4516 ἃν
3076 4458 3199 4534 ’ίδῃς
3258 4459 3344 4514 ἐπὶ
3406 4459 3500 4530 μὲν
3551 4465 3666 4521 τοῖς
3726 4465 3853 4524 σοῖς

2202 4553 2425 4629 ἀγαθοῖς
2472 4548 2792 4623 ἡδομένους,
2844 4549 2930 4605 ἐπὶ
2987 4546 3044 4604 δὲ
3088 4554 3204 4610 τοῖς
3249 4548 3358 4623 οὐχ
3403 4547 3575 4610 οὕτως
3624 4546 3853 4623 ἔχουσιν

2201 4642 2559 4716 ἀχθομένους,
2600 4640 2688 4694 κκί
2745 4640 2812 4694 τὰ
2871 4640 2965 4712 μὲν
3023 4639 3394 4707 ἐπαινοῦντας,
3442 4643 3559 4692 τοῖς
3596 4635 3644 4691 δ’
3690 4636 3854 4692 ἐλευ-

2201 4735 2369 4807 θέρως
2421 4731 2784 4804 ἐπιτιμῶντας
2829 4732 2917 4785 καὶ
2978 4725 3452 4803 συμϐουλεύοντας
3499 4731 3566 4784 τά
3618 4728 3853 4802 βελτίω,

2200 4823 2288 4878 καὶ
2347 4820 2490 4884 ὅλως
2551 4821 2687 4894 μετά
2752 4824 2849 4876 τοῦ
2926 4817 3323 4896 λελογισμένου
3396 4818 3485 4873 καί
3567 4819 3856 4895 σώφρονος

2201 4912 2373 4968 πάντα
2431 4911 2519 4965 καὶ
2577 4910 2751 4986 λέγειν
2812 4909 2899 4965 καί
2956 4914 3130 4964 ποιεῖν
3191 4906 3570 4984 αἱρουμένους,
3617 4906 3854 4969 τούτους

2201 5002 2290 5057 καὶ
2348 4999 2543 5078 φίλους
2601 5001 2817 5061 πάντως
2875 5000 3144 5073 ἡγεῖσθαι,
3193 4996 3282 5052 καὶ
3342 4997 3415 5059 ὡς
3474 4997 3850 5070 έταιροτάτοις

2200 5091 2267 5145 τά
2318 5089 2575 5146 πλείστου
2621 5090 2782 5167 φησὶν
2832 5086 2951 5162 ἄξια
3002 5089 3276 5163 χρῆσθαι·
3307 5086 3400 5149 οὓς
3432 5083 3480 5140 δ’
3511 5085 3637 5140 αὐτὸ
3680 5090 3852 5141 τοῦτο

2206 5180 2370 5253 μόνον
2423 5179 2640 5233 πάντων
2704 5176 2982 5237 ἐπαινέτας
3036 5179 3143 5230 τῶν
3203 5180 3334 5244 σῶν,
3392 5173 3481 5227 καὶ
3561 5174 3636 5245 μή
3705 5171 3852 5228 διαι⁹

2270 5272 2295 5284 ν
2480 5263 2501 5285 α
2575 5269 2587 5288 ν
2620 5263 2644 5285 Ἰ
2897 5262 2918 5284 υ
3186 5264 3200 5281 9
3295 5264 3307 5281 \
3445 5264 3456 5278 ‘
3482 5284 3505 5301 μ
3589 5261 3603 5281 9
3681 5260 3695 5278 \
3718 5284 3742 5299 ρ
3794 5262 3808 5280 ν

2206 5289 2426 5343 ρουντας
2475 5289 2571 5324 αττ
2619 5267 2841 5337 εξεστιν,
2891 5287 2985 5321 ατε
3032 5266 3130 5338 μὴ,
3176 5262 3321 5321 αλλα
3377 5283 3502 5325 του,
3546 5282 3740 5323 αυτου,
3790 5283 3847 5317 εν

2204 5359 2395 5413 ἅπασιν
2456 5351 2634 5424 ὄντας,
2666 5357 2753 5412 καὶ
2816 5357 2951 5431 πρὸς
3007 5356 3068 5411 τὸ
3133 5348 3323 5410 λαϐεῖν
3381 5352 3717 5406 παντάπασιν
3762 5372 3855 5407 κε-

2204 5447 2465 5524 χηνότας,
2505 5451 2730 5509 τούτους
2786 5446 3031 5522 ἀτεχνῶς
3081 5446 3216 5519 μετὰ
3251 5447 3359 5499 τῶν
3405 5441 3657 5496 κολάκων
3710 5442 3856 5496 ἀπο-

2208 5537 2519 5614 στρέφεσθαι
2599 5536 2690 5592 καὶ
2763 5542 2961 5610 μισεῖν,
3017 5535 3107 5590 καὶ
3171 5540 3273 5604 τῆς
3351 5532 3531 5607 ἀρχῆς
3603 5532 3854 5604 νομίζειν

458 5595 696 5653 minime
753 5606 1105 5671 queruntur,
1165 5605 1282 5663 imo
1338 5609 1507 5679 quasi
1567 5610 1850 5667 beneficia
1877 5615 2076 5683 expert

2209 5595 2480 5683 δεκέλειαν
2505 5648 2517 5660 ·
2551 5626 2666 5682 ἐπεί
2716 5595 2801 5682 τόι
2844 5595 2961 5682 καὶ,
2984 5624 3170 5687 ἄλλως
3226 5595 3497 5679 τοσοῦτξν
3529 5595 3683 5677 ἐστὶν.
3734 5595 3861 5677 ἓνκα-

459 5714 631 5769 tuum
662 5717 1071 5777 commercium
1108 5719 1278 5792 inire,
1310 5731 1502 5784 tecum
1540 5725 1749 5787 bonam
1787 5744 1856 5787 ac
1885 5726 2078 5785 malan

2216 5716 2385 5792 τέρων
2436 5718 2499 5773 τὸ
2560 5713 2841 5793 διάφορον,
2892 5713 3025 5771 ὥσθ’
3073 5714 3125 5770 οἱ
3177 5713 3271 5788 μὶν
3334 5710 3425 5767 ἐὰν
3485 5712 3562 5785 μὴ
3618 5711 3864 5767 καθεκά-
