4154 6216
343 359 460 427 4⁸13

1496 373 1786 435 ORATIO
1829 375 1930 434 DE
1975 376 2201 438 REGIS
2244 375 2591 439 OFFIGIIS.

3629 381 3748 440 474

349 517 501 567 στην,
561 498 637 561 ὡς
703 499 890 569 εἰπεῖν,
955 501 1012 555 εὖ
1057 504 1364 578 πάσχωσιν,
1422 502 1538 558 οὐκ’
1583 505 1902 579 ἀνέχονται·
1937 508 1989 560 οἱ

2106 511 2395 566 fortunam
2432 511 2773 584 participare
2803 513 3010 576 volent,
3044 513 3214 570 aliter
3251 529 3425 584 quam
3475 513 3745 570 adulatoo

353 585 396 608 ’θ’

349 585 396 641 δ’
443 584 558 642 οὐδ’
603 589 1020 661 ἐηρεασθέντες
1071 593 1150 660 ἂν,
1204 594 1378 665 οἶμαι,
1430 592 1520 647 καὶ
1588 596 1652 648 τὰ
1717 593 1992 651 δεινότατα

345 673 692 744 πεπονθότες,
729 675 1174 756 δυσχερανοῦσιν,
1207 679 1335 734 ἀλλ’
1384 681 1624 735 οἷ’σουσιν
1683 679 1834 736 οὐδὲν
1890 685 1992 750 ἧτ-

343 787 456 834 τον,
488 766 524 833 ἢ
576 767 620 820 εἷ
671 767 726 822 εὖ
773 770 1079 843 πάσχοντες
1110 771 1244 838 ἦσαν
1295 771 1385 825 τὸν
1425 772 1627 825 ἅπαντα
1662 773 1862 845 χρόνον
1912 777 1993 843 τῷ

343 855 426 910 σοὶ
478 859 595 909 κατ’
642 855 808 930 ἄκρας
864 860 1130 927 ἡνῶσθαι,
1172 861 1260 913 καὶ
1304 860 1460 913 πάνθ’
1495 861 1584 915 ὐπ’
1637 860 1866 930 εὐνοίας,
1916 862 1989 924 ὡς

343 944 532 1019 λόγος,
609 947 789 1023 φέρειν
875 949 1325 1021 παρεσκευάσθαι,
1388 953 1493 1004 τῶν
1572 971 1628 1004 τε
1710 947 1988 1025 δυσχερῶν

341 1039 720 1096 κοινωνοῦνιες
785 1035 980 1106 ἐξίσης.
1034 1037 1142 1115 οὐχ
1189 1036 1381 1112 ὥσπαρ
1429 1041 1479 1093 οἱ
1529 1039 1758 1101 κόλακες
1816 1042 1988 1113 μόνης

342 1122 491 1186 ὄντες
560 1129 658 1194 τῆς
717 1123 1060 1199 εὐδαιμονίας
1117 1128 1205 1182 καὶ
1262 1133 1360 1182 τοῦ
1407 1133 1636 1204 καιροῦ⁶
1670 1129 1990 1204 δυσχερείας

340 1211 397 1268 δὶ
453 1213 631 1288 τύχης
691 1214 778 1268 καὶ
843 1211 1152 1288 μεταϐολὰς
1213 1217 1544 1293 πραγμάτων
1596 1217 1712 1274 οὐδ’
1741 1219 1802 1276 ἂν
1855 1216 1984 1294 ὄναρ

340 1301 648 1376 ἕνέγκοιενο
703 1305 831 1359 ὥστ’
883 1305 944 1360 ἂν
999 1306 1307 1380 ἀναγκαίως
1355 1305 1487 1382 ἔχῃ,
1515 1313 1646 1370 τοὺς
1685 1311 1776 1381 μὲν
1816 1309 1990 1372 οὕτως

342 1387 575 1465 ἔχοντας
627 1395 839 1469 χαίρειν
897 1393 1006 1465 ἐᾷν,
1061 1395 1149 1450 καὶ
1210 1401 1407 1450 σαυτοῦ
1464 1399 1603 1452 πάνυ
1656 1419 1741 1453 τοι
1799 1397 1990 1472 πόῤῥω

341 1488 564 1538 ποιεῖν’
628 1490 743 1545 τοῖς
800 1483 848 1538 δ’
905 1484 1156 1547 ἐπιεικῶς
1217 1483 1366 1558 μάλα
1419 1493 1518 1554 τῆς
1569 1487 1989 1563 εὐγνωμοσύνης

341 1573 683 1647 συγχαίρειν,
731 1574 822 1628 καὶ
875 1576 1118 1647 νομίζειν
1173 1575 1354 1650 ὥσπερ
1409 1577 1554 1638 τινάς
1621 1575 1847 1638 τούτους
1905 1577 1992 1631 αί-

342 1666 566 1732 σθήσεις
596 1662 691 1719 τοῦ
737 1672 837 1732 τῆς
888 1665 1066 1740 ἀρχῆς
1117 1665 1395 1738 σώματος,
1429 1663 1499 1720 δι’
1546 1668 1618 1720 ὧν
1661 1667 1813 1721 πάνθ’
1861 1668 1990 1740 ὁρᾷν

337 1753 430 1806 καὶ
460 1753 615 1808 πάντ’
672 1752 884 1808 ἀκούειν
943 1754 1076 1822 ἐστῖ,
1109 1754 1198 1808 καὶ
1257 1760 1412 1808 πᾶσιν
1469 1754 1525 1810 εὖ
1579 1754 1727 1828 μάλα
1776 1763 1986 1831 κεχρῆ-

337 1845 484 1908 σθαι,
518 1844 609 1897 καὶ
667 1849 782 1904 τοῖς
831 1841 1055 1918 ἔγγιστα
1121 1843 1210 1898 καὶ
1257 1849 1375 1906 τοῖς
1425 1843 1634 1921 πόρῥω.
1689 1846 1779 1906 Εἰς
1826 1847 1987 1902 τοῦτο

335 1931 468 2005 γάρ,
502 1934 677 2003 οἶμαι,
710 1936 854 2008 φέρει
887 1934 977 1986 καὶ
1017 1934 1079 1987 τὸ
1121 1931 1295 1996 Φίλος
1325 1930 1498 1994 ἄλλος
1531 1933 1692 1996 αὐτός
1719 1954 1733 1968 ο
1774 1933 1988 2007 μᾶλλον

337 2017 398 2072 δῖε
440 2020 530 2074 καὶ
580 2021 775 2074 τούτου
824 2020 989 2075 πλέον
1032 2020 1092 2076 ἐκ
1139 2025 1247 2075 τῶν
1287 2023 1626 2096 πραγμάτων
1681 2024 1816 2078 εἶναι
1850 2045 1993 2096 συμ-

335 2103 536 2166 ϐαίνει.
568 2117 635 2165 ⁶Ᾱ
686 2110 789 2184 γάρ
839 2110 944 2186 οὐχ
993 2112 1100 2164 οἷοί
1151 2112 1198 2162 τ’
1246 2109 1405 2183 ἐσμεν
1459 2109 1528 2166 δι’
1573 2115 1736 2184 ἡμῶν
1789 2113 1991 2180 αὐτῶν,

335 2195 430 2252 διὰ
473 2198 682 2254 τούτων
726 2201 799 2261 ὡς
849 2201 1017 2273 ῥᾷστα
1059 2201 1324 2273 περαίνειν
1371 2199 1598 2275 ἔχομεν.
1641 2201 1862 2275 Ἀμέλει
1905 2223 1992 2256 τοι

331 2288 428 2341 καὶ
463 2286 816 2361 Ἀλέξανδρος
873 2291 901 2343 ὁ
962 2287 1248 2344 Φιλίππου
1303 2289 1432 2352 τοὺς
1491 2293 1796 2364 Θησαυροὺς
1845 2290 1990 2366 ἐρω-

329 2376 524 2444 τηθεὶς
584 2377 709 2436 τοὺς
765 2376 950 2443 αὐτοῦ,
1010 2373 1246 2430 δείκνυσι
1301 2375 1428 2438 τοὺς
1481 2377 1765 2451 ἑταίρουςο
1799 2379 1873 2439 ὡς
1931 2378 1994 2432 τὸ

336 2465 437 2537 μὲν
495 2465 722 2525 τούτους
777 2466 1066 2530 κεκτῆσθαι
1123 2463 1420 2520 κάλλιστον
1477 2469 1566 2520 καὶ
1607 2466 1992 2522 λυσιτελέστα-

327 2574 429 2608 τον
485 2555 819 2628 τυγχάνοντα
877 2553 1152 2609 πλοῦτον·
1205 2551 1323 2608 ἄνευ
1376 2551 1432 2608 δὲ
1486 2555 1694 2610 τούτων
1740 2557 1833 2610 καὶ
1893 2557 1990 2625 τήν

335 2643 601 2717 μεγίστην
648 2641 700 2697 ἐν
742 2643 1052 2717 ἀνθρώποις
1096 2643 1408 2718 περιουσίαν
1454 2645 1590 2715 πρὸς
1641 2645 1702 2698 τὸ
1760 2643 1919 2699 πάνθ’
1959 2647 1993 2700 ἃ

330 2739 611 2806 προσῆκεν
689 2732 956 2806 εἰργάσθαι
1045 2733 1239 2806 μικρὸν
1296 2733 1330 2802 ἢ
1420 2731 1572 2788 οὐδὲν
1647 2731 1988 2806 δυναμένην·

333 2820 514 2880 οὕτως
566 2817 719 2874 οὐδὲν
765 2824 1009 2892 κρεῖσσον
1059 2821 1176 2873 κατ’
1224 2816 1525 2889 Εὐριπίδην
1576 2820 1611 2888 ἢ
1672 2818 1837 2898 φίλος
1895 2841 1992 2874 σα-

333 2911 470 2987 φὴς,
506 2907 568 2962 οὐ
626 2908 887 2976 πλοῦτος,
916 2907 978 2962 οὐ
1033 2908 1320 2982 τυραννίς·
1355 2907 1648 2984 ἀλόγιστον
1704 2907 1760 2963 δέ
1817 2932 1869 2964 τι
1928 2911 1990 2965 τὸ

338 2997 558 3061 πλῆθος
608 2995 963 3071 ἀντάλλαγμα
1011 2997 1252 3072 γενναίου
1308 2994 1496 3073 φίλου,
1531 2997 1622 3051 καὶ
1679 2995 1798 3052 ο’ίου
1849 2995 1992 3070 μηδὲ

337 3090 519 3142 θανεῖν
567 3085 628 3140 ἃν
677 3087 811 3160 ὕπερ
847 3091 953 3140 τῶν
997 3083 1265 3141 παιδικῶν
1316 3086 1644 3156 ἀποκνῆσαι,
1691 3085 1838 3142 ἀλλὰ
1900 3089 1989 3141 καὶ

330 3184 430 3232 τοῦ
489 3182 755 3250 περιεῖναι
815 3175 904 3231 καὶ
968 3179 1061 3249 ζῇν
1121 3177 1271 3231 τοῦθ’
1301 3177 1376 3236 ὡς
1423 3177 1648 3246 ἀληθῶς
1673 3174 1829 3246 ἥδιον
1859 3183 1988 3250 κρῖ-

329 3289 442 3333 ναι,
502 3265 740 3338 καθάπερ
802 3267 830 3320 ὁ
890 3265 1168 3327 νεανίσκος
1226 3266 1307 3340 ἐφ’
1366 3267 1422 3320 ὃν
1481 3266 1574 3320 καὶ
1628 3264 1773 3336 τᾶπη
1831 3267 1983 3321 ταυτί
2018 3249 2060 3314 C

330 3355 578 3426 ξυνετὲθη
591 3398 603 3410 .

409 3446 492 3514 ιζ’.
526 3442 701 3498 Ἀλλὰ
752 3441 867 3497 ἐπεὶ
924 3445 1052 3506 τοὺς
1111 3444 1204 3514 μὲν
1261 3442 1457 3520 φίλους
1507 3443 1564 3498 εὖ
1591 3448 1766 3499 ποιεῖν
1813 3445 1985 3498 καθά-

330 3536 435 3598 παξ
485 3533 714 3604 οἰόμεθα
768 3530 899 3602 δεῖν,
932 3532 1020 3586 καὶ
1063 3534 1181 3586 καθ’
1231 3534 1379 3605 ἥμᾶς
1429 3532 1624 3594 αὐτοὺς
1681 3531 1852 3607 ἄγειν,
1895 3535 1984 3588 καὶ

330 3626 489 3680 πάντ’
538 3622 857 3698 ἀντέχεσθαι
900 3622 1138 3697 τρόπον·
1189 3625 1318 3685 τοὺς
1374 3621 1420 3678 δ’
1469 3623 1534 3678 αὖ
1586 3623 1841 3699 ἐχθροὺς,
1901 3624 1986 3680 ἐὰν

337 3717 432 3788 μὲν
487 3712 871 3788 μεγαλόψυχοί
920 3733 1058 3776 τινες
1103 3713 1271 3786 ὦμεν,
1306 3710 1428 3768 οὔτε
1468 3713 1664 3768 κακὸῦν
1695 3713 1810 3768 οὐθ’
1841 3713 1986 3776 ὅλως

332 3805 425 3859 τὸν
487 3807 613 3857 νοῦν
672 3802 1004 3877 προσὲχειν’
1039 3801 1127 3856 ἐᾶν
1186 3799 1244 3856 δὲ
1305 3803 1525 3874 μή,καί
1566 3802 1830 3876 πολεμεῖν
1897 3804 1987 3857 καὶ

344 3893 614 3967 μάχεσθαι
656 3893 873 3955 τούτοις
919 3892 1006 3946 καὶ
1057 3893 1192 3964 μετά
1239 3893 1486 3965 μείζονος
1535 3893 1829 3964 ἀμύνεσθαι
1885 3900 1988 3962 τῆς

339 3988 726 4055 παρασκευῆςο
779 3982 970 4036 ὁποῖόν
1027 3983 1150 4035 τινά
1207 4002 1265 4036 σε
1312 3983 1422 4055 χρὴ
1493 3983 1617 4057 περὶ
1662 3987 1812 4037 ταῦτ’
1861 3983 1989 4036 εἶναι

340 4069 393 4125 εἴ
446 4091 580 4124 ποτε
637 4070 865 4131 τούτους
925 4069 1200 4139 ἀλλήλοις
1261 4069 1348 4125 ἐπὶ
1407 4075 1506 4125 σοῦ
1564 4072 1688 4146 περῖ
1755 4073 1991 4126 ὧντινων

338 4157 650 4228 δικάζεσθαι
710 4157 840 4214 δεοι.
902 4164 996 4218 “Av
1071 4164 1166 4235 μὲν
1226 4163 1332 4239 γὰρ
1403 4161 1477 4222 ὡς
1551 4159 1835 4232 δυσμενέσι
1899 4161 1990 4215 καὶ

336 4249 524 4328 φίλοις
569 4252 660 4303 καὶ
705 4250 818 4304 τότ’
874 4252 1061 4316 αὐτοῖς
1108 4253 1449 4324 ἀπαντήσῃς,
1502 4249 1673 4320 δόξεις
1721 4251 1828 4305 ἀπὸ
1884 4255 1992 4305 τῶν

336 4341 526 4411 νόμων
580 4339 899 4415 εἰργάσθαι*
962 4340 1020 4396 ἂν
1070 4339 1125 4396 δὲ
1182 4341 1400 4397 τοιοῦτό
1451 4361 1502 4395 τι
1562 4347 1665 4396 πᾶν
1708 4340 1768 4395 ἐκ
1827 4341 1992 4413 μὲσου

340 4427 740 4500 πεποιημένος,
794 4431 969 4502 μόνου
1020 4437 1116 4486 τοῦ
1164 4431 1338 4486 καλοῦ
1387 4432 1471 4485 καὶ
1523 4428 1734 4485 δικαίου
1783 4429 1992 4506 φροντίς

339 4540 466 4592 σῃς,
497 4517 709 4572 πάντων
742 4516 951 4592 ἂνδρῶν
996 4522 1216 4594 ἄριστος
1261 4521 1400 4574 εἶναι
1449 4521 1586 4592 μήτε
1627 4525 1745 4583 τοῖς
1785 4518 1992 4597 φίλοις,

2104 632 2191 672 res
2220 618 2315 686 qui
2347 622 2402 673 te
2432 618 2658 674 felicem
2687 620 3082 688 sectabantur,
3107 622 3163 676 in
3195 637 3391 677 rerum
3409 621 3746 678 discrimine

2101 729 2292 779 autem
2325 725 2611 780 deserent.
2638 725 2704 782 Hi
2743 727 2922 798 igitur
2960 744 3195 796 prorsus
3243 745 3276 784 a
3330 727 3534 784 limine
3580 727 3744 784 salu—

2101 831 2261 886 tandi
2301 837 2357 886 et
2405 833 2703 902 rejiciendi
2753 839 2958 902 erunt;
3009 835 3093 889 illi
3155 839 3350 890 autem
3403 835 3627 891 colendi
3679 852 3745 890 ac

2101 955 2206 996 ceu
2239 942 2497 1011 corporis
2529 957 2748 1012 organa
2777 957 2878 1011 per
2907 957 3031 1012 quae
3058 943 3332 998 audimus
3363 957 3428 998 ec
3475 943 3741 1000 videmus

2102 1045 2272 1118 longe
2293 1046 2520 1116 lateque
2551 1049 2776 1103 fovendi
2821 1053 2977 1104 sunt.
3023 1047 3146 1104 Huc
3199 1050 3354 1118 facit,
3389 1065 3478 1105 me
3523 1049 3742 1119 judice,

2102 1153 2376 1221 multum,
2396 1155 2634 1209 Amicus
2665 1154 2827 1222 alter,
2862 1155 2994 1226 plus
3023 1171 3156 1212 vero
3187 1155 3463 1228 temporis
3511 1155 3739 1228 locique

2101 1262 2374 1320 conditio.
2409 1263 2547 1318 Cum
2571 1279 2639 1320 ex
2669 1265 2994 1320 Alexandro
3026 1263 3272 1335 Philippi
3304 1263 3422 1320 filio
3453 1279 3740 1335 quarere-

2098 1375 2216 1440 tur,
2253 1369 2350 1425 ubi
2380 1371 2686 1426 thesauros
2717 1387 2857 1426 suos
2888 1371 3032 1427 sitos
3063 1371 3320 1437 haberet,
3355 1371 3573 1427 amicos
3603 1386 3740 1427 suos

2100 1482 2300 1548 utpote
2331 1477 2560 1534 divitias
2581 1478 3005 1548 pulcherrimas
3055 1495 3121 1534 ac
3167 1478 3419 1534 maxime
3455 1477 3743 1549 parabiles

2101 1585 2476 1654 monstravit;
2533 1587 2660 1641 sine
2707 1586 2918 1657 quibus
2950 1587 3040 1641 vel
3086 1586 3350 1642 maxime
3406 1601 3544 1658 opes
3592 1585 3740 1641 nihil

2098 1698 2200 1749 aut
2231 1710 2438 1764 parum
2476 1693 2806 1765 proﬁciunt.
2864 1695 3197 1750 Secundum
3247 1693 3579 1766 Euripidem
3622 1710 3739 1750 non

2099 1817 2258 1872 opes,
2285 1816 2397 1855 non
2430 1800 2748 1857 dominatio
2779 1800 3160 1874 aequipollens
3181 1804 3269 1856 est
3300 1801 3510 1868 amici;
3547 1801 3736 1858 multi-

2025 1874 2072 1939 Β
2101 1908 2242 1962 tudo
2268 1907 2454 1963 amico
2485 1923 2763 1981 generoso
2793 1911 2964 1978 longe
2987 1908 3389 1980 postponenda
3433 1909 3586 1965 venit
3631 1909 3734 1981 qui

2104 2033 2206 2090 pro
2254 2017 2406 2073 natis
2455 2017 2599 2072 mori
2658 2033 2773 2073 non
2824 2021 3092 2086 recusat;
3142 2017 3259 2074 imo
3311 2017 3436 2074 vitae
3493 2023 3740 2075 mortem

2105 2125 2328 2197 praefert
2360 2125 2438 2180 uti
2485 2124 2825 2194 dulciorem,
2880 2125 3030 2182 sicut
3083 2125 3416 2182 adolescens
3445 2126 3516 2183 ad
3565 2143 3737 2198 quem

2102 2231 2290 2291 hiecce
2309 2232 2484 2290 verba
2520 2237 2798 2305 spectant.

2169 3437 2252 3490 17.
2281 3435 2392 3490 Sed
2442 3451 2574 3490 cum
2625 3433 2779 3507 apud
2811 3451 2915 3489 nos
2974 3435 3030 3489 id
3087 3438 3315 3490 constat
3364 3435 3512 3506 quod
3532 3435 3734 3492 amicis

2095 3545 2240 3600 bene
2272 3543 2603 3599 faciendum
2637 3542 2822 3613 iisque
2883 3542 3102 3598 fortiter
3151 3540 3566 3598 adbasrendum
3624 3548 3734 3610 est,

2095 3652 2152 3707 id
2185 3666 2416 3723 quoque
2445 3650 2504 3705 in
2547 3655 2736 3706 mente
2794 3649 3161 3706 condendum
3211 3650 3363 3720 quod
3416 3649 3735 3705 dummodo

2098 3757 2363 3830 generosi
2393 3757 2602 3823 simus,
2630 3755 2888 3812 inimicis
2920 3753 3066 3810 nihil
3100 3754 3238 3810 mali
3281 3755 3587 3823 faciamus,
3620 3756 3736 3812 imo

2102 3865 2159 3916 ut
2190 3860 2599 3932 ignoscamus;
2635 3856 2722 3911 sin
2755 3856 2972 3923 minus,
3005 3855 3223 3912 bellum
3255 3859 3311 3911 et
3351 3871 3578 3927 pugnas
3606 3871 3739 3912 cum

2103 3967 2304 4039 majori
2324 3971 2604 4036 apparatu
2627 3963 2696 4018 iis
2728 3961 3275 4019 inferemus.'l‘alem
3295 3968 3349 4019 te
3371 3980 3603 4036 quoque
3615 3980 3744 4020 esse

2100 4075 2404 4149 Oportebit,
2437 4074 2533 4129 ubi
2566 4071 2882 4128 vindictam
2914 4087 3147 4127 sumere
3168 4071 3240 4128 de
3269 4072 3613 4129 adversariis
3638 4089 3742 4128 vo-

2100 4185 2204 4240 les.
2240 4183 2382 4238 Nam
2416 4181 2464 4236 si
2497 4181 2765 4236 inimicos
2796 4183 2895 4235 aut
2926 4180 3142 4234 amicos
3190 4179 3387 4236 obvios
3425 4180 3630 4249 habes,
3663 4179 3742 4236 le-

2103 4291 2156 4362 gi
2188 4289 2729 4360 obtemperantium,
2760 4292 2818 4342 et
2849 4287 2976 4343 boni
3043 4303 3110 4341 ac
3150 4286 3390 4358 justitiaa
3439 4287 3588 4343 ratio
3638 4287 3744 4345 ha-

2104 4399 2291 4456 benda
2321 4405 2426 4464 est,
2460 4396 2602 4454 adeo
2636 4400 2698 4452 ut
2729 4412 2931 4452 omnes
2961 4396 3140 4452 animi
3173 4397 3434 4452 bonitate
3465 4396 3662 4452 vincas
3688 4402 3745 4453 et

2106 4516 2210 4556 nec
2257 4497 2483 4565 amicis,
2544 4497 2592 4552 si
2671 4496 2822 4552 male
2881 4506 3082 4570 agunt,
3132 4497 3433 4568 permittas
3482 4501 3546 4551 ut
3596 4496 3746 4553 male

339 4609 408 4676 ἢν
484 4607 766 4678 ἀδικῶσιν,
826 4614 1133 4683 συγχωρῶν
1215 4607 1298 4663 ἐπ’
1357 4608 1563 4669 εὐνοίας
1641 4609 1708 4662 τὰ
1771 4612 1990 4663 τοιαῦτα

2105 4608 2388 4664 factorum
2428 4607 2650 4662 fructus
2681 4609 3016 4676 reportent,
3063 4605 3261 4661 itidem
3315 4604 3584 4661 inimicos
3629 4621 3745 4660 non

337 4698 700 4771 καρποῦσθαι,
739 4701 876 4769 μήτε
932 4698 1058 4758 τοὺς
1109 4697 1340 4772 ἐχθροὺς
1392 4699 1480 4752 ὑπ’
1532 4697 1825 4772 ἀπεχθείας
1881 4703 1990 4752 τῶν

338 4781 732 4852 προσηκόντων
777 4779 999 4835 δικαίων
1046 4780 1358 4855 ἀποστερῶν
1387 4801 1399 4814 ·
1448 4779 1597 4835 ἀλλά
1642 4781 1731 4835 καὶ
1779 4781 1993 4842 τούτοις

339 4871 478 4925 κατά
551 4871 684 4932 τοὺς
766 4870 966 4942 νόμους
1056 4871 1438 4944 συμπράττων,
1495 4869 1774 4932 κάκείνους
1862 4872 1996 4942 μετά

339 4961 450 5016 τῶν
497 4959 684 5032 νόμων
729 4957 966 5030 ἀνόμους
1011 4958 1279 5037 ἐλέγχων.
1315 4959 1373 5014 Εἰ
1422 4959 1522 5032 γὰρ
1582 4956 1649 5026 δὴ
1707 4959 1799 5012 καὶ
1841 4959 1995 5036 φίλοι

338 5050 702 5123 τυγχάνουσιν
756 5046 928 5115 ὄντες,
977 5047 1124 5103 ἀλλά
1181 5049 1270 5102 καὶ
1327 5048 1534 5102 τούτων
1585 5050 1620 5116 ἡ
1679 5044 1992 5119 δικαιοσύνη

339 5139 479 5192 κατᾶ
527 5139 620 5192 τὸν
672 5138 991 5212 Νικόμαχον
1051 5137 1314 5214 φιλτέρα’
1357 5139 1445 5191 καί
1508 5131 1620 5207 ἅμα
1678 5135 1837 5213 φίλον
1891 5139 1995 5210 μά·

340 5227 488 5283 λιστ’
530 5227 589 5281 ἂν
637 5225 802 5303 ἔργον
853 5225 1099 5302 δράσαις,
1127 5226 1326 5302 φίλους
1377 5225 1564 5287 κακίας
1605 5224 1991 5300 ἀπηλλαχώςο

338 5317 370 5371 ’ὀ
403 5319 658 5389 πράττειν
714 5315 820 5390 οὐχ
871 5318 980 5371 οἷοί
1037 5337 1095 5372 τε
1152 5315 1301 5378 ὄντες
1371 5315 1674 5378 Νεοκλέους
1732 5321 1995 5389 Θεμιστο-

335 5405 482 5470 κλῆς
541 5407 631 5460 καὶ
690 5403 872 5462 Κλέων
931 5408 958 5460 ὁ
1018 5405 1340 5461 Κλεαινὲτου
1376 5405 1404 5459 ὀ
1437 5408 1516 5480 (1)
1547 5406 1640 5478 μὲν
1679 5403 1842 5474 ἡνίκα
1898 5409 1997 5460 τοῦ

2103 4715 2385 4786 impedies
2441 4713 2756 4785 quominus
2817 4713 3132 4784 privilegiis
3198 4712 3378 4784 justis
3454 4713 3744 4777 fruantur,

2105 4828 2336 4884 semper
2366 4811 2498 4868 illos
2529 4813 2850 4868 secundum
2881 4811 3036 4882 leges
3057 4811 3408 4878 secundans,
3439 4809 3547 4865 hos
3568 4814 3633 4864 ut
3651 4825 3748 4864 ex-

2104 4911 2259 4984 leges
2287 4912 2648 4982 vituperans.
2680 4911 2738 4966 Si
2767 4910 2924 4966 enim
2958 4909 3130 4966 amici
3162 4913 3322 4969 sunt.
3372 4924 3575 4964 eorum
3608 4908 3746 4976 jus-

2102 5011 2234 5066 titia
2255 5011 2425 5080 juxta
2463 5009 2879 5065 Nicomachum
2923 5009 3111 5079 potior
3164 5007 3293 5076 erit,
3341 5012 3399 5062 et
3445 5005 3746 5078 pulchrius

2106 5112 2260 5164 certe
2290 5124 2437 5180 opus
2469 5123 2582 5164 non
2614 5106 2790 5164 facies
2821 5123 2998 5178 quam
3033 5107 3083 5161 si
3126 5105 3348 5162 amicos
3389 5121 3424 5160 a
3470 5104 3750 5176 perversi-

2105 5212 2223 5264 tate
2253 5206 2481 5263 reducis
2516 5206 2709 5278 ;quod
2743 5205 3139 5261 faceredatnm
3160 5219 3273 5260 non
3292 5201 3739 5259 fuit'l‘bemisto-

2106 5307 2178 5363 cli
2208 5305 2458 5373 Neoclis,
2489 5310 2545 5361 et
2582 5305 2779 5361 Cleoni
2833 5303 3101 5360 Cleaeneti
3137 5303 3288 5371 tilio;
3341 5316 3589 5375 quorum
3648 5301 3745 5359 hic

2106 5407 2364 5478 quidem,
2415 5422 2546 5462 cum
2623 5404 3046 5478 rempublicam
3095 5419 3397 5477 capessere
3447 5401 3742 5474 cmpisset,

422 5609 504 5679 (1)
545 5607 720 5664 Deest
753 5610 807 5662 in
868 5607 1064 5664 codice
1117 5607 1228 5663 hoc
1285 5619 1518 5677 nomen,
1578 5603 1778 5662 relicta
1833 5603 2061 5664 lacuna.
2121 5606 2232 5664 Sed
2281 5609 2481 5664 tamen
2513 5603 2864 5663 Cleanetum
2923 5603 3152 5663 Cleonis
3207 5612 3506 5682 parentem
3562 5607 3743 5665 fuisse

336 5681 590 5740 Scimus.
