4154 6216
376 373 494 434 4³15

1679 363 2080 426 THEODULI
2123 365 2474 430 MONACHI

3669 365 3792 427 ιτθ

377 503 599 559 amicos
629 516 696 558 ac
727 499 1038 556 familiares
1057 496 1247 555 valere
1267 496 1468 569 jussit,
1528 511 1601 552 ne
1629 511 1730 567 per
1769 508 1868 551 eos
1923 492 2020 548 in-

2139 491 2492 572 δημαγωγεῖν
2539 497 2768 568 ἥπτετο,
2815 500 3033 571 πρῶτον
3097 493 3418 571 συναγαγὼν
3462 494 3593 558 τοὺς
3635 494 3794 550 ἑταί-

377 609 532 666 vitus
582 606 808 680 operari
859 609 1203 677 cogeretur;
1253 603 1694 672 Themistocles,
1744 601 1917 660 homo
1959 603 2016 658 in

378 717 584 790 primis
615 713 962 780 industrius,
995 713 1320 786 gubernare
1349 711 1639 768 recusavit
1665 709 1782 766 nisi
1801 725 1869 766 ea
1895 709 2020 782 lege

380 829 446 880 ut
475 821 644 879 amici
681 821 810 893 plus
857 837 1038 892 quam
1086 819 1270 876 ceteri
1327 819 1628 892 pollerent.
1661 823 1742 874 Tu
1799 822 2016 884 autem,

375 930 478 1002 qui
505 933 668 984 tanto
697 927 910 1000 populo
957 927 1096 998 jura
1123 925 1344 983 'reddis
1371 925 1643 998 legesque
1691 925 1828 993 fer,
1859 931 2016 982 'eam

377 1035 482 1090 tibi
515 1034 626 1106 ipsi
646 1034 832 1105 legem
859 1032 1185 1106 praescribe,
1227 1049 1353 1104 que
1409 1032 1658 1088 nimium
1703 1033 1786 1088 tui
1835 1031 2018 1104 ipsius

377 1157 639 1198 amorem
675 1137 954 1197 rescindit
985 1147 1040 1195 et
1070 1137 1315 1210 impedit
1371 1139 1690 1209 quominus
1733 1139 2020 1210 cupidita-

377 1249 538 1306 tibus
567 1247 893 1318 indulgeas,
925 1245 1168 1302 consilia
1199 1245 1396 1301 minus
1427 1246 1576 1302 bona
1615 1245 1852 1302 secteris
1888 1246 2018 1302 adu-

379 1353 670 1422 latorum;
723 1355 838 1408 imo
887 1353 1190 1410 hominum
1253 1351 1477 1408 ratione
1547 1351 1900 1424 posthabita,
1947 1355 2016 1408 ad

378 1463 612 1534 vigilem
645 1463 746 1518 Dei
767 1461 994 1520 oculum
1017 1461 1304 1530 attendas,
1329 1479 1362 1518 a
1391 1460 1542 1518 malo
1573 1478 1878 1534 nunquam
1903 1478 2018 1518 non

383 1569 640 1627 declines
681 1573 740 1626 et
793 1570 1075 1626 virtutum
1128 1569 1425 1642 exemplar
1469 1568 1694 1626 caeteris
1743 1569 2019 1626 omnibus

378 1679 610 1736 evadas.

453 2079 541 2134 18.
577 2077 686 2134 Ubi
717 2077 778 2134 in
811 2075 1115 2134 hominum
1141 2076 1466 2148 frequentia
1489 2089 1788 2134 sermones
1813 2093 2019 2136 serun-

381 2189 500 2254 tur,
529 2189 594 2241 tu
625 2183 856 2242 curabis
885 2187 951 2242 ut
978 2183 1222 2240 istorum
1255 2199 1470 2256 magna
1509 2201 1644 2258 pars
1675 2203 1708 2242 a
1745 2188 1802 2242 te
1845 2185 2024 2256 profe-

379 2301 540 2350 ratur
585 2293 826 2365 locoque
877 2309 943 2348 ac
1015 2295 1276 2366 tempore
1333 2297 1685 2365 opportuno,
1727 2293 2024 2366 rebuque

379 2404 672 2474 adaptato,
704 2405 760 2458 et
789 2401 870 2457 ita
898 2405 962 2456 ut
991 2417 1106 2457 non
1137 2400 1314 2458 nimis
1353 2401 1544 2456 brevis
1601 2401 1706 2470 sis,
1757 2401 1858 2458 sed
1889 2417 2024 2458 cum

382 2509 623 2566 veritate
657 2508 954 2578 procedas,
985 2507 1145 2564 brevi
1177 2514 1240 2562 ut
1269 2523 1359 2564 res
1387 2523 1484 2564 ore
1523 2511 1622 2564 tuo
1677 2515 1730 2563 et
1777 2506 2022 2564 aliorum

381 2615 625 2674 auribus
667 2614 984 2684 condignas
1041 2614 1320 2686 proferas,
1365 2613 1543 2686 idque
1599 2629 1714 2670 non
1771 2617 2021 2684 tantum,

382 2723 518 2796 quia
547 2723 748 2794 lingua
780 2721 1006 2792 primus
1038 2719 1282 2776 humani
1321 2720 1550 2792 generis
1603 2719 1929 2790 thesaurus,
1963 2721 2022 2778 in

383 2839 666 2904 quantum
715 2832 1005 2902 gratiosus
1051 2847 1118 2887 ao
1177 2847 1526 2888 numerosus
1573 2835 1682 2899 est,
1743 2833 1838 2888 sed
1889 2831 2025 2902 quia

383 2937 508 3010 ipse
537 2937 808 3008 Pericles,
837 2937 1160 3010 Xanthippi
1203 2937 1382 3008 filius,
1427 2946 1738 3009 antequam
1781 2939 1840 2994 in
1887 2955 2024 2994 con-

383 3047 547 3102 cione
575 3045 926 3116 loqueretur,
957 3045 1014 3100 id
1045 3045 1160 3102 voti
1193 3046 1551 3118 nuncupavit
1581 3060 1650 3102 ne
1691 3045 1832 3117 quid
1869 3044 2026 3101 'citra

387 3169 493 3212 nec
523 3153 677 3210 infra
707 3170 828 3210 rem
859 3153 1096 3210 diceret.
1128 3153 1294 3209 Certo
1343 3152 1515 3209 verba
1558 3157 1662 3208 tua
1711 3154 1840 3224 plus
1891 3153 2024 3208 fidei

388 3259 689 3317 habebunt
727 3275 898 3332 quam
940 3265 1276 3316 caaterorum
1320 3261 1660 3331 juramenta
1703 3265 1877 3332 atque
1923 3276 2028 3331 pro
2060 3227 2104 3293 ϐ

391 3367 646 3424 oraculis
679 3366 1054 3424 habebuntur
1083 3383 1261 3439 penes
1285 3383 1490 3424 omnes
1511 3368 1742 3439 quando
1755 3367 2035 3424 videbunt

391 3479 447 3532 te
477 3474 626 3531 circa
655 3476 852 3532 omnia
881 3475 1102 3532 veritati
1132 3476 1552 3548 obtemperare,
1593 3476 1828 3548 quando
1872 3475 2031 3532 vide-

387 3583 536 3640 bunt
567 3587 621 3640 te
653 3583 951 3656 promissis
981 3585 1204 3656 majora
1234 3589 1528 3656 praestare,
1571 3584 1704 3656 plus
1735 3601 1911 3656 quam
1931 3585 2030 3641 de-

386 3690 498 3756 bet,
534 3691 790 3748 reddere.
817 3693 878 3748 Id
912 3691 1061 3748 enim
1093 3696 1404 3754 memento,
1456 3691 1600 3748 nihil
1650 3691 1710 3746 in
1753 3707 1882 3764 rege
1933 3691 2030 3746 in-

386 3795 616 3866 stabile,
665 3801 766 3854 aut
822 3797 1085 3855 dolosum
1138 3799 1618 3872 imperfectumve
1665 3815 1790 3855 esse
1833 3797 2026 3868 licere,

387 3904 487 3960 ubi
509 3903 862 3963 voluntatem
897 3906 1301 3977 manifestavit,
1334 3905 1434 3964 sed
1456 3907 1608 3980 quod
1633 3923 1748 3963 non
1781 3923 2026 3980 magna-

387 4012 586 4069 nimus
616 4029 744 4072 esse
773 4013 996 4087 nequit.

463 4255 546 4310 19.
579 4257 883 4322 Prmterea,
913 4255 1068 4312 sicut
1095 4254 1234 4312 boni
1263 4256 1474 4312 medici
1506 4271 1622 4312 non
1651 4255 1846 4312 solum
1876 4271 2027 4326 prae-

389 4363 584 4418 entes
615 4362 852 4418 morbos
883 4367 1116 4432 sanant,
1165 4364 1262 4420 sed
1313 4369 1368 4419 et
1417 4363 1674 4436 liquores
1724 4367 2028 4434 corruptos

389 4471 488 4542 qui
519 4471 578 4527 in
613 4487 826 4544 corpus
855 4471 1048 4544 illapsi
1077 4478 1236 4542 sunt,
1281 4487 1547 4529 amovere
1597 4473 1882 4538 nituntur,
1931 4489 2026 4528 ar-

2128 604 2278 658 ρους,
2333 585 2396 640 τὸ
2453 584 2588 660 πρὸς
2673 585 2866 646 αὑτοὺς
2937 581 3013 640 ἔτ’
3079 583 3230 658 ἔχειν
3286 584 3522 646 οἰκείους
3583 585 3790 639 ἀπεῖπε

2125 674 2388 746 καθάπαξ,
2422 671 2528 730 δέει
2600 678 2696 729 τοῖ’)
2767 671 2934 747 μηδὲν
2996 673 3070 728 ὧν
3129 673 3230 728 οὐκ
3285 669 3392 728 ἔδει
3453 671 3524 728 δι’
3581 672 3794 735 αὐτοὺς

2129 758 2318 836 δρᾶσαι
2397 763 2716 838 προῆχθαι⁸
2777 761 3158 834 Θεμιστοκλῆς
3215 758 3272 816 δὲ
3323 763 3499 817 καίτοι
3587 761 3794 838 διαφε-

2129 852 2332 924 ρόντως
2381 849 2457 906 ὣν
2515 849 2950 927 σπουδαρχίδης,
3001 851 3286 926 ἆπηύχετο
3353 856 3526 906 πᾶσαν
3577 852 3786 925 ἀρχὴν,

2127 939 2178 996 ἐν
2277 939 2445 1015 μηδὲν
2474 940 2642 998 πλέον
2675 939 2909 1016 ἔμελλον
2938 936 3084 1024 ἔχειν
3113 947 3222 996 τῶν
3257 939 3443 997 ἄλλων
3487 942 3538 996 οἳ
3579 940 3737 1020 φίλοι
3767 957 3786 972 ·

2127 1030 2155 1085 6
2205 1028 2261 1084 δὲ
2301 1035 2420 1091 τοῖς
2471 1029 2666 1092 ἄλλοις
2725 1029 2867 1085 οὕτω
2927 1028 3159 1098 δικάζειν
3195 1025 3365 1105 ἔχων,
3401 1035 3582 1102 σαυνῷ
3630 1029 3782 1086 πολὺ

2125 1119 2392 1194 πρότερον
2449 1117 2692 1193 ὀφείλεις
2749 1118 2816 1174 τά
2860 1121 3086 1174 τοιαῦτα
3129 1116 3362 1190 δικάζειν
3393 1140 3454 1174 τε
3481 1120 3572 1174 καὶ
3605 1141 3784 1193 νομο-

2127 1209 2322 1276 θετεῖν,
2355 1209 2446 1262 καὶ
2495 1209 2569 1279 μή
2622 1212 2702 1279 τῷ
2749 1204 2957 1284 σφόδρα
3005 1207 3201 1262 σαυτὸν
3249 1205 3432 1281 φιλεῖν
3463 1227 3790 1284 κατακεχα-

2129 1296 2304 1370 ρίσθαι
2349 1299 2576 1368 σεαυτῷ.
2627 1297 2718 1352 καὶ
2765 1297 2862 1358 τάς
2909 1294 3202 1370 ἐπιθυμίας
3249 1295 3627 1371 ἐκπιμπλάναι
3683 1299 3788 1360 τὰς

2128 1384 2290 1448 αὐτὸς
2339 1387 2576 1440 σάυτοῦ·
2631 1383 2762 1458 μηδ’
2819 1383 2902 1440 ὅτι
2945 1387 3036 1440 τὸν
3097 1385 3418 1442 εὐθυνοῢντα
3471 1385 3619 1449 ὅλως
3682 1387 3790 1442 οὐκ

2129 1473 2325 1549 ἴσχεις,
2386 1471 2500 1528 οὐδ’
2561 1473 2842 1529 ὁπόκεισαι
2899 1476 3125 1554 ψήφοις,
3173 1471 3346 1538 ἀδεῶς
3419 1476 3514 1530 καὶ
3597 1472 3788 1545 ἡδέως

2128 1563 2214 1624 οἷς
2271 1561 2372 1616 οὐκ
2417 1561 2590 1636 ἐχρῆν
2639 1558 2940 1617 ἐνδιδόναι·
2994 1561 3120 1617 ἀλλ’
3151 1561 3334 1637 ὥσπερ
3381 1559 3440 1618 ἂν
3471 1563 3518 1619 εἰ
3548 1561 3788 1620 πολλῶν

2124 1671 2288 1706 τινων
2345 1652 2436 1705 καὶ
2497 1648 2685 1706 δεινῶν
2743 1651 2948 1706 τούτων
2991 1649 3271 1728 ηὓπόρεις,
3307 1651 3524 1726 μᾶλλον
3557 1649 3605 1707 δ’
3633 1651 3788 1709 ἐπεί-

2125 1759 2227 1815 περ
2282 1741 2580 1815 ἀνθρώπων
2640 1738 2791 1796 οὐδὲν
2841 1739 3118 1812 κέκτησαι,
3163 1741 3328 1816 μόνον
3385 1740 3443 1797 δὲ
3495 1743 3560 1798 τὸ
3617 1743 3788 1799 πάντ’

2049 1855 2098 1919 Β
2130 1829 2337 1906 ἐφορῶν
2379 1829 2681 1919 ἀκοίμητον
2757 1829 2914 1919 ὄμμα
2971 1835 3124 1902 Θεοῦ,
3183 1831 3480 1907 ἀπέχεσθαι
3541 1832 3637 1904 μὲν
3685 1853 3788 1888 κα-

2131 1919 2302 1990 θάπαξ
2359 1919 2571 1990 κακίας,
2625 1917 2842 1996 ἔχεσθαι
2900 1918 2958 1976 δὲ
3011 1919 3206 1996 ἀρετῆς
3279 1921 3369 1976 καὶ
3435 1921 3642 1984 πάντας
3704 1923 3788 1985 εἰς

2129 2013 2290 2065 τοῦτο
2323 2007 2412 2064 διὰ
2441 2015 2642 2066 σαυτοῦ
2671 2009 3082 2084 προκαλεῖσθαι.

2207 2102 2300 2170 ιη’.
2333 2098 2406 2154 Οὐ
2458 2101 2566 2174 μὴν
2614 2099 2760 2156 ἀλλὰ
2805 2101 2894 2156 καὶ
2939 2105 3046 2157 τῶν
3099 2099 3152 2156 ἔν
3199 2103 3318 2164 ταῖς
3367 2101 3616 2175 ὁμιλίαις
3655 2101 3788 2157 ἐκά-

2132 2208 2288 2244 στοτε
2331 2189 2512 2265 λόγων
2557 2190 2642 2245 ὅτι
2691 2188 2950 2252 πλεῖστος
3000 2185 3138 2246 ἔστω
3187 2211 3272 2245 σοι
3323 2189 3513 2267 λόγος,
3551 2192 3642 2246 καὶ
3691 2211 3790 2246 το-

2129 2281 2322 2342 σοῦτος
2363 2279 2439 2340 ὡς
2482 2279 2560 2351 μὴ
2615 2279 2786 2352 μόνον
2839 2281 2933 2342 οὓς
2963 2277 3066 2350 δεῖ,
3093 2277 3242 2336 ἀλλὰ
3269 2293 3358 2335 και
3387 2279 3475 2336 ὅτε
3505 2280 3596 2336 καὶ
3627 2281 3790 2342 ὅπως

2132 2369 2400 2422 ποιεῖσθαι
2451 2369 2670 2424 τουτοσί
2727 2366 2846 2424 δεῖ·
2899 2371 3038 2442 μήτε
3085 2368 3378 2444 παριόντας
3438 2369 3501 2424 τὸ
3561 2370 3787 2444 μέτρὸν,

2137 2459 2266 2531 μήτ’
2295 2456 2364 2512 αὖ
2415 2459 2667 2535 μετρίους
2716 2457 2845 2534 ἄγαν
2893 2458 2984 2514 καὶ
3031 2457 3494 2534 συνεσταλμένους
3541 2459 3632 2514 καὶ
3669 2464 3788 2515 τῶν

2132 2547 2464 2622 πραγμάτων
2539 2545 2821 2616 ἐλάττους,
2879 2549 2914 2618 ἢ
2990 2549 3076 2604 καὶ
3165 2547 3354 2610 ἄλλως
3433 2549 3786 2616 ἀπεοικότας,

2132 2634 2260 2692 ἀλλ’
2301 2637 2375 2699 ὼς
2443 2637 2664 2707 ἀληθῶς
2743 2636 3124 2716 ἀποχρῶντας,
3183 2638 3275 2692 καὶ
3339 2637 3404 2694 16
3454 2638 3784 2714 γιγνόμενον

2135 2725 2425 2796 σώζοντας,
2455 2725 2636 2780 καὶτὸ
2669 2723 2883 2797 σύμπαν
2935 2726 3237 2801 ἀξιόχρεως
3275 2727 3362 2782 σοί
3417 2747 3476 2781 τε
3531 2727 3782 2800 εἰρῆσθαι

2131 2820 2254 2878 τοῖς
2287 2835 2345 2869 τε
2375 2813 2570 2876 ἄλλοις
2618 2814 2844 2870 ἀκοῦσαι
2869 2833 2883 2848 ·
2919 2816 2983 2870 οὐ
3032 2813 3196 2888 μόνον
3231 2816 3317 2870 δτι
3363 2816 3502 2870 κατά
3547 2815 3612 2870 τὸ
3651 2811 3786 2878 ἔπος

2133 2903 2390 2979 γλώσσης
2437 2905 2709 2978 θησαυρὸς
2757 2903 2807 2958 ἐν
2853 2903 3164 2978 ἀνθρώποις
3217 2901 3457 2978 ἄριστος,
3501 2901 3790 2982 φειδωλῆς

2133 2993 2364 3064 πλείστη
2399 2991 2456 3048 δὲ
2511 2995 2676 3069 χάρις
2719 2995 2857 3048 κατά
2909 2991 3104 3068 μέτρον
3154 2991 3520 3064 ἷοὺσης,ὰλλ’
3565 2995 3648 3050 ὅτι
3693 3001 3788 3052 καὶ

2135 3083 2412 3156 Περικλῆς
2472 3084 2500 3138 ὁ
2557 3081 2878 3138 Ξανθίππου
2933 3081 3153 3155 μέλλων
3215 3079 3576 3158 δημηγορεῖν;
3641 3084 3788 3159 εὐχῇ

2139 3173 2368 3248 πρόσθεν
2412 3173 2638 3248 ἐχρῆτο,
2675 3170 2846 3244 μηδὲν
2895 3173 3144 3246 περιττὸν
3197 3169 3329 3244 μηδ’
3366 3171 3466 3242 ἔξω
3513 3179 3612 3242 τῆς
3655 3174 3795 3229 ὑπο-

2143 3264 2338 3328 θέσεως
2385 3261 2584 3338 φάναι·
2635 3261 2728 3324 οὕς
2775 3283 2836 3339 γε
2883 3263 2974 3316 καὶ
3013 3263 3368 3337 πιστοτέρους
3407 3262 3466 3318 εὖ
3507 3261 3628 3318 ’ίσθι
3673 3269 3788 3318 τῶν

2141 3359 2258 3415 τοῖς
2317 3353 2516 3415 ἄλλοις
2585 3351 3005 3426 ὀμωμοσμένων
3081 3350 3326 3427 ἐργάσῃ·
3385 3353 3476 3406 καὶ
3531 3358 3789 3426 νομιοῦσι

2141 3444 2336 3504 πάντες
2389 3439 2572 3516 ὥσπερ
2622 3439 2936 3518 χρησμοὺς,
2985 3438 3074 3495 ἐάν
3143 3441 3220 3514 μή
3283 3440 3446 3513 μόνον
3505 3439 3790 3512 τάληθοῦς

2141 3531 2228 3586 καὶ
2280 3533 2364 3592 οἷς
2405 3529 2656 3606 πράττεις
2701 3528 2824 3603 περί
2873 3527 3125 3591 πλείὸνος
3165 3530 3410 3585 ἁπάντων
3445 3529 3744 3604 φροντίζῃς
3769 3549 3786 3564 ο

2139 3618 2285 3676 ἀλλᾶ
2340 3618 2429 3674 καὶ
2485 3619 2579 3680 τάς
2633 3617 2965 3694 ἐπαγγελίας
3017 3617 3079 3682 ἃς
3138 3619 3242 3674 οὐκ
3296 3617 3548 3694 ὀλιγάκις
3607 3617 3788 3696 ἐπαγ-

2135 3707 2309 3784 γέλλῃ
2363 3713 2478 3770 τοῖς
2555 3705 2840 3782 δεομένοις
2909 3707 3044 3782 μετά
3108 3706 3368 3782 λαμπρᾶς
3422 3729 3568 3771 τινος
3624 3709 3785 3786 φαίνῃ

2134 3799 2308 3854 τελῶν
2347 3803 2447 3866 τῆς
2493 3799 2833 3871 προσθήκης,
2865 3797 2954 3851 καὶ
2999 3801 3106 3852 τῶν
3153 3797 3546 3872 ὑπεσχημένων
3597 3796 3784 3853 πλείω

2139 3885 2326 3950 διδούς
2352 3907 2366 3922 ·
2401 3885 2694 3961 ἐπειδήπερ
2733 3887 2938 3964 ἀγαθοῦ
2995 3885 3262 3961 βασιλέως
3311 3888 3376 3942 οὐ
3420 3888 3584 3960 μόνον
3617 3886 3782 3943 οὐδὲν

2137 3977 2527 4052 παλινάγρετον
2575 3973 2690 4032 οὐδ’
2737 3973 3022 4046 ἀπατηλὸν
3070 3973 3188 4030 οὐδ’
3233 3975 3593 4046 ἀτελεύτητον
3641 3977 3784 4032 εἶναι

2137 4065 2238 4138 δεῖ,
2271 4067 2300 4120 6'
2347 4087 2399 4121 τι
2455 4085 2546 4120 κεν
2592 4063 2805 4144 κεφαλῇ
2835 4065 3150 4140 κατανεύσῃ,
3185 4063 3330 4120 ἀλλὰ
3377 4065 3468 4120 καὶ
3517 4067 3578 4121 τὸ
3613 4087 3790 4140 μεγα-

2136 4155 2386 4232 λοψυχίᾳ
2415 4156 2552 4230 πρὸς
2579 4155 2750 4210 πάντα
2779 4157 3102 4230 κεχρῆσθαι.

2213 4249 2296 4305 ιθ’.
2327 4247 2449 4301 ’Έτι
2489 4243 2665 4300 τοίνυν
2726 4242 2907 4317 ὥσπερ
2959 4245 3010 4299 o't
3069 4249 3176 4298 τῶν
3221 4243 3418 4318 ἰατρῶν
3469 4245 3662 4322 ἀγαθοὶ
3721 4247 3786 4302 οὐ

2134 4337 2202 4394 τά
2249 4335 2488 4410 παρόντα
2557 4333 2717 4408 μόνον
2761 4335 3014 4388 ἀκοῦνται
3069 4337 3178 4388 τῶν
3235 4335 3590 4407 νοσημάτων,
3639 4333 3790 4390 ἀλλά

2137 4427 2226 4482 καὶ
2274 4426 2402 4490 τοὺς
2451 4424 2819 4499 ἐνσκήψαντας
2865 4427 2946 4495 τῷ
2985 4424 3198 4496 σώματι
3229 4423 3397 4479 πάλαι
3431 4421 3792 4497 διεφθορότας

2139 4515 2356 4592 χυμοὺς
2443 4519 2578 4588 μετὰ
2641 4511 2861 4568 πολλοῦ
2940 4516 3036 4568 τοῦ
3128 4513 3414 4586 περιόντος
3493 4511 3792 4584 ἐξελαύνειν

389 4581 509 4636 tem
531 4595 700 4636 suam
731 4580 792 4636 id
821 4579 1086 4638 faciendo
1127 4585 1481 4648 attestantes,
1531 4582 1611 4638 ita
1657 4585 1722 4638 tu
1774 4597 2028 4653 quoque,

2139 4605 2338 4662 o'iov'rat
2391 4601 2518 4676 δεῖν,
2551 4601 2640 4658 καὶ
2681 4599 2770 4657 διὰ
2813 4601 3032 4657 πάντων
3070 4601 3278 4657 τούτων
3327 4603 3426 4670 τήν
3481 4605 3628 4682 σφῶν
3667 4599 3792 4658 ἐπι-

392 4709 512 4765 rex,
545 4695 648 4752 ubi
677 4696 750 4752 de
778 4711 970 4754 rerum
997 4713 1226 4754 summa
1245 4697 1452 4770 agitur,
1479 4697 1537 4754 id
1557 4713 1664 4770 age
1695 4700 1758 4753 ut
1787 4711 2032 4769 regnum

394 4803 610 4874 quibus
635 4804 850 4876 poteris
878 4805 1200 4862 rationibus
1227 4805 1554 4862 consclides
1589 4821 1654 4861 ac
1704 4819 1941 4878 augeas,
1963 4819 2032 4862 ea

395 4926 522 4983 quae
555 4911 751 4982 perﬁci
783 4917 1050 4984 possunt,
1083 4911 1450 4969 emendando
1481 4919 1535 4969 et
1565 4913 1798 4985 ingenio
1839 4915 1940 4968 tuo
1971 4911 2032 4968 in

396 5026 606 5085 melius
635 5027 954 5098 evehendo,
988 5029 1221 5102 publico
1267 5045 1500 5102 semper
1555 5029 1861 5086 commodo
1903 5027 2032 5084 uni-

399 5149 464 5191 ce
517 5134 802 5192 intentus.
888 5135 958 5192 Et
1032 5153 1166 5193 cum
1235 5152 1386 5194 nunc
1453 5135 1704 5192 maxime
1777 5135 2038 5209 pecunias

399 5241 647 5316 publicai
687 5245 749 5302 in
805 5249 926 5302 tam
995 5245 1148 5304 malo
1204 5251 1358 5304 statu
1405 5247 1544 5317 sint,
1590 5249 1654 5302 ut
1699 5261 1796 5303 eas
1849 5243 2040 5302 admi-

397 5361 688 5419 nistrandi
736 5377 954 5420 munus
1009 5362 1344 5422 licitationis
1391 5363 1484 5419 via
1559 5361 1699 5419 viris
1749 5359 2038 5434 corruptis

401 5471 659 5542 cedatur,
681 5473 834 5544 quod
849 5471 1080 5546 quidem
1097 5490 1189 5532 res
1203 5475 1570 5532 Romam-um
1595 5475 1851 5532 immane
1863 5489 2039 5546 quan-

397 5579 524 5634 tum
554 5577 1034 5648 conturbavit,tu
1065 5595 1194 5638 eam
1247 5597 1370 5638 rem
1417 5581 1576 5639 haud
1631 5579 1816 5638 levem
1847 5583 2038 5650 putes,

411 5687 514 5745 sed
551 5686 710 5743 omni
733 5685 1083 5758 legislatoris
1105 5689 1296 5748 tudio
1319 5690 1558 5764 dignam
1571 5703 1824 5750 censeas.
1857 5689 2045 5758 Quare

2143 4693 2439 4750 δείκνυνται
2486 4692 2707 4772 τέχνην,
2742 4689 2817 4753 ὣς
2869 4688 2924 4746 δὲ
2969 4691 3058 4747 καὶ
3111 4690 3294 4761 αὐτὸς,
3342 4689 3388 4746 ὦ
3441 4689 3688 4768 βασῖλεῦ,
3743 4690 3794 4746 εἲ

2143 4789 2240 4841 τοῦ
2299 4782 2388 4840 διά
2441 4781 2652 4838 πάντων
2714 4782 2998 4856 βελτίστου
3051 4779 3218 4858 λόγον
3285 4785 3444 4855 ποιῇ,
3499 4781 3790 4856 προθυμοῦ

2143 4879 2303 4930 πᾶσιν
2377 4873 2458 4934 οἷς
2531 4869 2696 4942 ἔξεστι
2781 4871 2881 4940 τήν
2949 4869 3128 4945 ἀρχὴν
3200 4869 3504 4926 συνιστάναι
3571 4889 3632 4925 τε
3695 4870 3790 4924 καὶ

2147 4962 2444 5034 συναύξειν,
2490 4961 2556 5016 τὰ
2626 4960 2722 5033 μὶν
2771 4957 2956 5022 καλῶς
3031 4957 3236 5034 ἔχοντα
3313 4957 3516 5034 βελτίω
3587 4963 3795 5030 ποιῶν,

2145 5055 2214 5109 τά
2263 5051 2308 5108 δ’
2365 5049 2430 5106 αὖ
2496 5051 2570 5112 ὡς
2636 5035 2830 5124 ἑτέρως
2915 5047 3384 5124 ἐπανορθούμενος
3447 5052 3564 5110 τοῖς
3641 5050 3794 5124 παρὰ

2151 5145 2384 5198 σαυτοῦ·
2426 5139 2514 5194 καὶ
2555 5137 2702 5200 ὅλως
2749 5138 3089 5213 πανταχόθεν
3135 5134 3198 5192 16
3255 5140 3414 5212 κοινῇ
3463 5136 3798 5211 παρασκευά·

2153 5237 2260 5303 ζων
2313 5231 2594 5301 ξυνοῖσον·
2651 5227 2740 5283 καὶ
2805 5225 2896 5282 νῦν
2953 5224 3130 5282 τοίνυν
3183 5226 3280 5288 τὰς
3335 5229 3444 5282 τῶν
3507 5223 3794 5300 δημοσίων

2155 5319 2511 5396 διαχειρίσεις
2569 5317 2743 5381 οὕτως
2795 5313 3002 5376 ἀθλίως
3060 5313 3312 5390 ἐχούσας,
3353 5315 3430 5380 ὡς
3486 5316 3798 5390 χρημάτων

2155 5411 2349 5472 ὠνίους
2395 5413 2512 5471 τοῖς
2579 5405 2940 5485 βουλομένοις
2989 5406 3324 5478 προκεῖσθαι,
3373 5407 3404 5460 '6
3458 5403 3631 5461 πολύν
3679 5426 3802 5461 τινα

2154 5501 2356 5578 χρόνον
2406 5497 2744 5571 εἷσκωμάζον
2799 5495 3116 5570 Ῥωμαίοις,
3149 5495 3302 5551 πάντ’
3335 5491 3445 5552 ἅνω
3501 5495 3590 5551 καὶ
3647 5495 3802 5552 κάτω

2155 5595 2323 5660 ποιεῖ,
2361 5590 2436 5664 μή
2487 5583 2740 5662 περιίδῃς
2787 5585 2947 5648 αὐτὸς
3000 5583 3420 5659 μηδοπωστιοῦν
3469 5581 3600 5658 μηδ’
3635 5584 3806 5642 ἐλάτ-

2153 5699 2308 5744 τονος
2363 5677 2554 5754 ,λόγου
2619 5679 2780 5734 τοῦτο
2853 5677 3125 5752 νομίσῃς·
3185 5671 3332 5731 ἀλλὰ
3385 5673 3652 5732 τὸσούτου
3705 5679 3804 5734 καὶ
