4154 6216
264 389 382 448 47⁸7

1421 382 1718 447 ORATIO
1760 384 1864 444 DE
1910 384 2139 473 REGIS
2184 384 2537 447 OFFICIIS.

3559 387 3680 450 478

268 516 416 572 οὕτω
464 513 709 587 σπουδῆς
754 516 1049 593 ἀξιόχρεω,
1087 516 1163 579 ὡς
1211 517 1286 590 μή
1340 514 1506 588 μόνον
1556 514 1657 582 τήν
1714 511 1913 569 ἄτοπον

2036 534 2147 574 non
2178 520 2407 575 tantum
2436 515 2613 573 istam
2645 516 3012 574 venalitatem
3045 520 3110 574 ut
3151 518 3386 591 pessimi
3423 516 3679 589 exempli

267 607 499 677 ταυτηνί
547 606 851 676 καπηλείαν
896 605 1075 677 ὥσπερ
1124 604 1254 679 ἄγος
1312 611 1414 674 τῆς
1468 601 1754 667 πολιτείας
1809 601 1922 673 ἐξε-

272 695 433 752 λάσαι
484 696 747 765 καθάπαξ,
793 693 941 751 ἀλλᾶ
995 693 1084 751 καὶ
1131 695 1297 768 νόμον
1349 696 1517 748 θεῖναι
1576 689 1769 765 μηδενὶ
1823 696 1922 747 τοῦ

271 784 474 843 λοιποῦ
505 790 659 842 ταῦτ’
706 786 899 858 ἐξεῖναι
949 785 1202 862 παράγειν
1236 785 1290 848 ἐς
1342 784 1522 857 μέσον,
1566 785 1601 855 ἢ
1648 783 1919 839 πλείστων

272 876 611 951 χρημάτων,
657 876 746 931 έαν
800 877 895 949 μὲν
931 873 1154 945 ἷδίωτης
1192 875 1249 950 ᾗ,
1293 873 1472 946 τούτῳ
1517 875 1778 946 τιμᾶσθαι
1811 889 1824 903 ⁸
1875 872 1922 927 εἰ

271 964 320 1020 δ’
348 964 541 1027 ἄλλως
592 964 737 1044 ἔχων
768 968 855 1020 καὶ
908 968 1170 1040 κρείττων
1204 964 1237 1035 ἢ
1267 967 1437 1019 ταῦτα
1482 965 1694 1032 παθεῖν,
1726 960 1921 1024 πάσαις

271 1057 426 1130 ἀραῖς
477 1055 818 1112 ὑποκεῖσθαι.
852 1055 957 1111 Δύο
1003 1053 1104 1129 γὰρ
1156 1054 1224 1109 τὰ
1266 1054 1441 1109 πάντα
1491 1052 1698 1108 κάκιστ’
1745 1050 1922 1108 ἒντεῦ·

271 1146 354 1199 θεν
430 1140 743 1219 συμϐαίνει,
800 1144 863 1200 τό
941 1164 1001 1200 τε
1064 1143 1255 1206 πόλεις
1314 1141 1521 1205 ἁπάσας
1584 1143 1673 1198 καὶ
1733 1144 1921 1218 χώρας

270 1228 645 1309 ἒπιτρίόεσθαι
692 1234 783 1289 καὶ
837 1233 1071 1309 πάσχειν
1126 1234 1308 1294 κακῶς
1363 1232 1467 1287 ὑπὸ
1524 1231 1759 1287 τουτωνὶ
1816 1237 1924 1286 τῶν

272 1324 603 1392 θαυμαστῶν
654 1322 950 1398 ὠνητόρων
1022 1320 1214 1401 σφόδρ’
1281 1321 1638 1395 ἐπικειμένων
1696 1342 1756 1376 τε
1830 1320 1923 1377 καὶ

272 1415 739 1490 παρανομούντων
770 1433 784 1446 ’
834 1415 925 1470 καὶ
971 1412 1022 1469 τί
1068 1414 1173 1492 γὰρ
1219 1414 1284 1468 οὖ
1330 1413 1657 1482 ποιούντων,
1708 1410 1925 1487 μᾶλλον

275 1503 333 1558 δὲ
380 1503 599 1558 πάντων
655 1504 745 1558 καὶ
798 1508 977 1560 ποιεῖν
1031 1503 1121 1559 καὶ
1182 1502 1356 1577 λέγειν
1409 1503 1544 1577 ὑπὲρ
1594 1505 1691 1557 τοῦ
1747 1501 1926 1559 πλείω

275 1588 464 1648 λαϐεῖν
521 1594 596 1648 ὧν
656 1587 845 1647 ἔδοσαν
899 1591 1209 1663 ἐξιούντων,
1252 1591 1315 1647 τό
1371 1612 1431 1646 τε
1484 1592 1575 1647 τὸν
1627 1595 1929 1666 κρατοῦντα

270 1684 495 1738 πάντων
555 1684 764 1738 τούτων
829 1682 1121 1738 ὑπεύθυνον
1181 1682 1341 1749 εἶναι,
1407 1685 1489 1754 τῷ
1557 1680 1926 1755 πεπρακέναι;

274 1771 339 1827 Εἰ
398 1773 505 1847 γάρ
557 1774 729 1826 ταῦτα
810 1771 905 1843 μὲν
975 1770 1075 1825 οὐκ
1147 1767 1207 1824 ἂν
1276 1767 1515 1844 ἐγεγόνει
1574 1770 1651 1842 μὴ
1718 1770 1927 1824 τούτων

273 1858 631 1935 ἑωνημένων,
681 1859 948 1932 ἐώνηνται
993 1856 1051 1914 δὲ
1098 1860 1321 1915 τουτουῒ
1368 1858 1747 1933 βουλομένου,
1794 1860 1824 1913 ὁ
1865 1858 1929 1914 τὸ

274 1951 502 2025 σπέρμα
575 1949 904 2025 παρασχὼν,
958 1947 1093 2029 φησί
1168 1948 1549 2023 Δημοσθένης,
1607 1948 1765 2010 οὗτος
1836 1949 1928 2003 καὶ

271 2044 386 2095 τῶν
417 2037 634 2119 φύντων
680 2036 871 2099 α’ίτιος.
926 2040 1205 2109 Βοήθησον
1253 2039 1436 2093 τοίνυν
1476 2038 1569 2094 καὶ
1612 2042 1791 2108 σαυτῷ
1837 2036 1927 2091 καὶ

269 2130 438 2202 ἡμῖν,
510 2130 658 2200 ἡμᾶς
723 2128 818 2201 μὶν
890 2149 1159 2198 τοσαυτης
1225 2126 1611 2200 ἐξαιρούμενος
1691 2121 1925 2201 βλάϐης,

272 2217 469 2272 σαυτὸν
506 2213 566 2271 δὲ
593 2221 691 2273 τοῦ
736 2237 795 2272 τε
819 2216 1001 2280 κακῶς
1051 2217 1289 2286 ἀκούειν,
1318 2222 1418 2273 τοῦ
1446 2237 1505 2274 τε
1549 2220 1656 2272 τῶν
1708 2215 1925 2272 οἰκείων

273 2302 457 2359 δοκεῖν
492 2303 624 2359 εἶναι
654 2302 952 2379 προδότην.

346 2398 424 2452 κ’,
458 2394 534 2448 Σὺ
567 2391 625 2448 δὲ
666 2393 755 2448 καὶ
786 2398 950 2449 τοῦτο
980 2394 1181 2457 παντὸς
1234 2392 1448 2467 μᾶλλον
1496 2391 1725 2471 φύλαξαι
1770 2394 1927 2468 βασι-

271 2480 397 2551 λεῦ,
430 2482 521 2536 καὶ
569 2482 645 2554 μὴ
695 2485 811 2544 τοῖς
860 2483 967 2557 πρὸ
1011 2486 1108 2538 σοῦ
1156 2482 1441 2557 βασιλεῦσι
1489 2482 1670 2557 πάθῃς
1709 2483 1925 2551 ταυτὸν,

278 2567 429 2643 μηδέ
503 2574 611 2625 τῶν
685 2567 1006 2642 ὁπηδήποτε
1066 2578 1170 2647 γῆς
1246 2573 1533 2644 θησαυρῶν
1609 2569 1924 2645 εὑρημένων

276 2659 524 2734 ἀξιώσῃς
568 2658 731 2721 αὐτὸς
783 2658 899 2715 ἀντὶ
931 2666 1041 2715 τῶε
1090 2661 1358 2735 εὑρόντων
1398 2660 1585 2736 κύριος
1639 2661 1776 2715 εἶναι
1811 2676 1827 2692 ’
1867 2661 1924 2714 ὅν

266 2773 336 2828 γε
369 2754 457 2806 καὶ
510 2753 785 2827 θησαυρὸν
832 2756 951 2814 τοῖς
987 2751 1090 2806 ὑπὸ
1139 2750 1301 2824 χεῖρα
1336 2749 1549 2824 μᾶλλον
1582 2756 1725 2825 χρῆν
1764 2749 1929 2818 εἶναι,

266 2842 336 2897 τό
387 2862 445 2896 τε
488 2839 770 2904 πλείστοις
819 2841 968 2903 ὅσοις
1016 2842 1267 2915 χρήμασι
1315 2838 1710 2915 περιρῥεῖσθαι,
1751 2844 1832 2911 τῷ
1879 2841 1926 2892 θ’

268 2931 515 2992 ἅπαντας
575 2929 633 2985 εὑ
691 2934 867 2985 ποιεῖν
925 2930 1017 2985 τὸν
1078 2930 1286 2985 ἅπαντα
1343 2929 1546 3007 χρόνον
1615 2928 1760 3003 παρᾶ
1825 2930 1926 2992 τῆς

270 3022 462 3096 ἀρχῆς
518 3021 863 3076 ἀπαιτεῖσθαι
897 3039 912 3054 ο
968 3018 1238 3091 τοσαύτης
1295 3019 1397 3095 γάρ
1442 3019 1597 3074 «ἐστιν
1674 3016 1923 3087 ἀτοπίας,

268 3111 353 3173 ὡς
413 3110 577 3182 μόνον
626 3114 954 3165 τοῦτο·τῶν
1010 3110 1229 3165 πάντων
1300 3106 1667 3182 μηδηντινοῦν
1724 3107 1926 3183 παραί-

261 3221 431 3271 τησιν
459 3198 665 3276 ἴσχειν,
711 3199 843 3255 ἀλλ’
893 3201 1027 3255 εἶναι
1075 3200 1317 3272 καθάπαξ
1368 3199 1639 3273 θεομισὲς,
1668 3199 1760 3253 καὶ
1805 3203 1924 3262 τοῖς

267 3290 470 3361 ἐκείνῳ
519 3287 739 3346 δοκοῦσι
793 3289 1130 3365 μαχόμενον.
1170 3290 1227 3346 Εἰ
1274 3289 1375 3365 γὰρ
1406 3288 1514 3364 οὐχ
1557 3288 1675 3343 οἷόν
1718 3309 1776 3343 τε
1820 3290 1925 3358 θη·

269 3380 475 3452 σαυρὸν
564 3379 629 3435 τὸ
706 3380 960 3453 παράπαν
1042 3379 1288 3454 εὑρέσθαι
1388 3379 1464 3451 μὴ
1548 3382 1923 3453 χορηγοῦντος

274 3477 443 3541 Θεοῦ,
476 3469 670 3527 δίδωσι
719 3468 776 3526 δὲ
806 3472 865 3526 ’ὸν
896 3469 958 3534 ἂν
1006 3470 1171 3531 αὐτὸς
1220 3467 1522 3543 δοκιμάσῃ,
1563 3469 1717 3542 ὑμεῖς
1748 3465 1805 3524 δὲ
1835 3469 1924 3523 καὶ

269 3562 432 3637 πρὶν,
505 3562 582 3623 ὡς
663 3560 852 3632 εἰπεῖν,
915 3560 1256 3629 καταθέσθαι,
1333 3559 1560 3620 τούτους
1638 3559 1922 3634 ἁρπάζετε,

270 3656 397 3714 πῶς
431 3651 493 3706 ού
532 3655 652 3714 ταῖς
682 3650 848 3713 θείαις
888 3651 1132 3725 ἀτεχνῶς
1164 3647 1641 3706 ἀντιπολιτεύεσθε
1680 3649 1922 3723 ψήφοις;

271 3741 311 3797 ’ἆ
349 3746 529 3804 κεῖνος
576 3740 784 3811 ὁτῳοῦν
832 3738 944 3812 ἰδίᾳ
994 3740 1260 3814 παρέσχε,
1309 3740 1460 3795 ταῦθ’
1511 3740 1677 3811 ἡμεῖς
1731 3735 1926 3812 βιαίως

273 3831 722 3911 σφετεριξάμενοι
755 3848 770 3863 ·
819 3827 1002 3903 ὥσπερ
1050 3831 1149 3899 τὴν
1204 3829 1332 3904 περὶ
1384 3826 1591 3883 τούτων
1644 3830 1741 3883 τοῦ
1791 3829 1926 3881 Θεοῦ

273 3921 603 3996 διαγνώμην
680 3918 1164 3996 ἐπανορθούμειοι,
1221 3918 1313 3973 καὶ
1391 3916 1551 3992 μόνον
1626 3914 1687 3971 ού
1760 3918 1926 3970 τοῦτο

276 4014 542 4087 βοῶντες,
573 4008 659 4064 ὅτι
706 4014 820 4065 Τῶν
871 4011 1158 4084 θησαυρῶν
1186 4010 1323 4081 ἡμῖν
1374 4007 1788 4083 προσηκόντων,
1819 4006 1847 4060 ὁ
1880 4000 1928 4058 δ’

272 4101 483 4176 ἑτέροις
530 4100 773 4175 παρέσχε
804 4119 819 4134 ο
874 4100 904 4154 ’ὀ
951 4099 1043 4154 καὶ
1104 4098 1363 4172 θαυμάζω
1413 4096 1459 4152 εἰ
1505 4101 1622 4158 τοῖς
1682 4096 1778 4167 μὶν
1840 4094 1927 4172 ὑφ’

274 4193 432 4264 ὑμῶν
483 4188 543 4245 εὖ
590 4188 886 4244 πεπονθόσι
938 4186 1027 4244 ἐάν
1077 4208 1162 4250 τις
1209 4186 1482 4261 ἐπηρεάζῃ
1533 4184 1625 4240 καὶ
1679 4188 1787 4239 τῶν
1837 4180 1926 4238 δο-

271 4277 473 4336 θέντων
524 4278 823 4352 ἀποστερῇ,
853 4275 1121 4351 πολέμιον
1168 4281 1360 4331 τοῦτον
1410 4275 1643 4351 ἡγεῖσθε,
1674 4272 1829 4328 αὐτοὶ
1870 4269 1929 4326 δὲ

272 4370 340 4423 τὰ
370 4368 548 4447 χείρω
605 4364 855 4443 δρῶντες,
886 4366 981 4421 καὶ
1026 4366 1163 4441 πρὸς
1207 4366 1337 4422 Θεὸν
1385 4362 1618 4438 ὡσπερεὶ
1667 4360 1755 4417 διὰ
1796 4365 1925 4417 τού-

271 4480 384 4513 των
466 4454 807 4529 ἀνταίροντες
876 4459 1088 4533 χεῖρας,
1165 4453 1228 4509 οὐ
1304 4458 1629 4526 προτιμᾶτε.
1685 4450 1762 4509 Ού
1826 4450 1930 4526 γὰρ

280 4548 418 4621 ὑπὲρ
468 4549 569 4600 τοῦ
615 4548 775 4618 κοινῇ
826 4542 1238 4606 λυσιτελοῦντος
1286 4544 1435 4597 ταῦτ’
1488 4542 1657 4616 ἐρεῖτε
1707 4534 1929 4615 λαμϐά-

2035 640 2155 682 rem
2186 641 2219 682 e
2260 622 2560 696 republica
2605 622 2821 694 ejicies,
2855 623 2976 681 imo
3022 625 3210 698 legem
3253 626 3404 684 feres
3447 630 3681 683 contra-

2034 732 2334 791 venientes
2361 730 2675 788 dirissimis
2702 731 2886 802 pmnis
2906 732 3332 803 subjicientem.
3370 735 3490 789 Duo
3521 735 3678 791 enim

2034 840 2288 898 maxime
2337 839 2473 895 inde
2520 838 2910 911 proveniunt:
2963 839 3197 896 urbium
3251 857 3318 897 ac
3375 842 3676 915 regionum

2034 947 2220 1006 tristis
2249 948 2442 1014 ruina,
2474 946 2548 1003 ab
2581 946 2920 1004 inhumanis
2949 947 3078 1004 istis
3125 948 3510 1020 exactoribus,
3542 950 3683 1023 qui-

2034 1057 2146 1114 bus
2172 1054 2318 1111 nihil
2346 1055 2576 1121 durius,
2611 1055 2834 1111 eﬁ'ecta.
2884 1054 3032 1122 Quid
3081 1056 3239 1112 enim
3289 1056 3427 1114 mali
3466 1057 3566 1114 isti
3593 1058 3686 1113 in-

2036 1171 2321 1225 tentatum
2365 1164 2745 1237 relinquent?
2786 1165 2887 1239 qui
2939 1166 2996 1221 id
3028 1183 3214 1223 unum
3260 1182 3359 1224 ore
3397 1171 3456 1224 et
3504 1166 3691 1225 manu’

2035 1278 2220 1348 agunt
2250 1278 2315 1330 ut
2343 1273 2474 1345 plus
2523 1272 2803 1345 recipiant
2843 1289 3020 1345 quam
3068 1275 3373 1345 dederunt,
3402 1279 3460 1332 et
3488 1280 3555 1331 ut
3583 1277 3685 1348 qui

2030 1384 2166 1454 jure
2196 1381 2447 1454 possidet
2492 1380 2894 1437 usurariorurn
2940 1381 3178 1437 victima
3226 1380 3434 1438 cadat?
3470 1382 3603 1447 Quae
3635 1386 3686 1440 si

2039 1507 2152 1547 non
2184 1493 2318 1546 ante
2348 1487 2545 1546 oculos
2572 1492 2798 1546 nostros
2820 1489 3043 1558 ﬂerent,
3064 1504 3183 1547 non
3211 1493 3474 1563 segetum
3505 1490 3685 1547 simul

2039 1608 2104 1648 ac
2136 1591 2456 1657 fructuum,
2485 1597 2547 1647 ut
2597 1590 2678 1646 ait
2718 1588 3163 1660 Demosthenes,
3200 1590 3433 1661 jactura
3478 1589 3685 1662 deplo-

2039 1699 2288 1753 raretur.
2306 1695 2496 1760 Quare
2520 1693 2671 1751 salve
2691 1698 2750 1750 et
2778 1700 2832 1750 te
2850 1700 2909 1750 et
2929 1709 3036 1750 nos
3059 1711 3075 1762 ;
3109 1709 3215 1750 nos
3235 1693 3496 1765 quidem,
3516 1696 3685 1751 tanto

2040 1796 2195 1854 malo
2237 1796 2513 1867 eripiens,
2552 1798 2610 1852 te
2654 1795 2873 1866 ipsum,
2920 1794 3136 1851 bonam
3184 1795 3404 1853 famam
3447 1811 3683 1853 conser-

1960 1892 2007 1958 B
2036 1917 2178 1959 vans
2207 1906 2265 1959 et
2293 1901 2543 1974 perﬁdiae
2573 1901 2971 1974 suspicionem
3004 1900 3292 1972 rejiciens.

2102 2392 2195 2449 20.
2219 2392 2306 2447 Tu
2329 2407 2482 2460 vero,
2506 2406 2627 2459 rex,
2652 2390 2710 2446 id
2737 2395 2872 2448 ante
2895 2391 3092 2447 omnia
3120 2391 3271 2462 vide,
3296 2408 3369 2448 ne
3396 2391 3548 2449 idem
3571 2391 3681 2449 tibi

2037 2507 2193 2579 quod
2224 2506 2747 2579 praedecessoribus
2768 2506 2886 2562 tuis
2916 2505 3161 2562 accidat.
3193 2506 3255 2563 Si
3284 2507 3440 2563 enim
3472 2505 3689 2564 alicubi

2033 2616 2320 2671 terrarum
2372 2613 2634 2671 thesauri
2688 2613 3075 2685 reperiuntur,
3126 2617 3190 2669 tu
3238 2613 3465 2685 primus
3511 2631 3688 2671 occu-

2035 2746 2183 2802 pans
2212 2746 2338 2787 esse
2365 2728 2563 2787 debes.
2614 2730 2726 2786 Iste
2756 2728 2913 2784 enim
2961 2728 3269 2785 thesaurus
3316 2729 3376 2784 in
3416 2738 3687 2803 prompta

2034 2855 2162 2896 esse
2192 2839 2361 2895 debet
2408 2845 2460 2895 et
2488 2838 2643 2894 tradi
2690 2836 2892 2894 aarario
2943 2838 3119 2910 regio,
3152 2838 3307 2894 unde
3348 2839 3422 2893 ad
3466 2837 3679 2895 auxilia

2035 2956 2271 3012 ferenda
2300 2970 2566 3028 promere
2613 2954 2825 3027 possis.
2858 2954 3226 3013 Contrarium
3274 2956 3430 3011 enim
3479 2956 3684 3012 absur—

2032 3066 2188 3132 dum,
2213 3062 2461 3136 impium
2491 3066 2581 3119 est
2609 3068 2668 3119 et
2696 3062 2827 3119 usui
2846 3065 3076 3134 recepto
3102 3066 3409 3135 repugnat.
3438 3063 3498 3119 Si
3528 3063 3687 3119 enim

2031 3171 2156 3228 fieri
2188 3187 2302 3227 non
2351 3174 2542 3243 potest
2590 3174 2656 3226 ut
2703 3170 3014 3227 thesaurus
3062 3168 3191 3226 sine
3238 3169 3340 3225 Dei
3388 3169 3687 3227 voluntate

1955 3255 1999 3323 C
2036 3289 2380 3356 etl'odiatur;
2430 3292 2487 3344 et
2528 3304 2664 3344 cum
2712 3288 2866 3343 Deus
2917 3287 3009 3343 cui
3058 3286 3179 3342 vult
3225 3286 3547 3353 distribuit,
3586 3303 3684 3344 vos

2032 3401 2226 3453 autem
2258 3412 2397 3453 eum
2428 3396 2518 3452 vix
2567 3394 2885 3467 depositum
2919 3393 3145 3466 rapitis,
3180 3409 3373 3450 nonne
3414 3393 3683 3452 Numinis

2032 3503 2214 3569 divini
2243 3503 2528 3560 voluntati
2575 3502 2923 3560 contraitis?
2970 3502 3132 3567 Quod
3171 3501 3324 3559 enim
3372 3503 3524 3558 Deus
3566 3502 3683 3559 sin-

2034 3619 2188 3693 gulis
2234 3619 2572 3692 impertitns
2601 3623 2714 3687 est,
2758 3635 2863 3675 nos
2900 3619 2957 3675 vi
3003 3617 3266 3674 adhibita
3312 3617 3371 3673 in
3414 3624 3685 3679 nostrum

2034 3728 2319 3785 vertimus
2351 3743 2543 3796 usum,
2578 3725 2833 3783 divinam
2865 3726 2950 3782 sic
2976 3725 3338 3783 voluntatem
3367 3723 3688 3783 correcturi

2036 3853 2102 3893 ac
2132 3839 2357 3892 tantum
2388 3852 2505 3891 non
2548 3832 2664 3891 alta
2694 3849 2833 3890 voce
2873 3832 3189 3889 clamantes
3227 3833 3382 3905 quod
3422 3829 3683 3888 thesauri

2029 3957 2160 4028 jure
2190 3954 2376 4012 nostri
2404 3954 2537 4011 aliis
2566 3953 2687 4010 sint
2713 3952 2930 4009 traditi.
2955 3954 3142 4019 Quare
3172 3952 3353 4009 miror
3372 3951 3527 4024 quod
3548 3965 3682 4006 eum

2036 4064 2136 4135 qui
2166 4062 2413 4135 aliquem
2443 4061 2781 4119 vestratium
2829 4060 3134 4118 offenderit
3161 4059 3387 4117 inimici
3429 4058 3555 4116 loco
3584 4057 3685 4116 ha-

2036 4169 2209 4239 betis,
2231 4170 2340 4243 ipsi
2369 4185 2505 4226 vero
2535 4168 2634 4241 qui
2668 4169 2862 4241 pejora
2903 4166 3248 4240 operamini,
3270 4183 3374 4239 pro
3411 4166 3545 4223 istis
3567 4181 3687 4222 ma-

2037 4305 2150 4344 nus
2181 4289 2254 4344 ad
2299 4287 2484 4345 Deum
2526 4286 2843 4360 porrigitis.
2887 4286 3020 4342 Nun
3049 4284 3206 4343 enim
3238 4301 3342 4358 pro
3392 4284 3546 4342 bono
3582 4300 3692 4356 pu-

2035 4396 2186 4455 blico
2219 4397 2341 4454 hac
2371 4413 2473 4453 vos
2510 4396 2693 4453 facere
2720 4395 2937 4464 dicitis,
2966 4411 3084 4452 non
3118 4402 3176 4451 ut
3208 4394 3403 4466 legati,
3439 4394 3687 4450 militum

2038 4506 2218 4561 duces
2276 4502 2513 4559 urbium
2561 4500 2815 4573 praefecti
2871 4500 3154 4558 evadatis.
3200 4504 3472 4557 Attamen
3520 4514 3687 4555 nemo

275 4658 414 4703 νειν,
448 4633 577 4690 οὑδὲ
621 4630 961 4708 στρατόπεδα
1009 4633 1099 4688 καὶ
1128 4627 1414 4708 πρεσϐείας
1463 4632 1550 4687 καὶ
1594 4630 1788 4692 πόλεις
1836 4629 1926 4684 καὶ

2036 4611 2201 4668 vobis
2231 4611 2354 4669 haec
2383 4609 2716 4667 dicentibus
2765 4610 2938 4666 ﬁdem
2985 4609 3244 4667 habebit.
3275 4608 3420 4664 Nam
3452 4608 3584 4663 inde
3613 4606 3683 4661 ab

274 4724 414 4780 ἅττα
447 4720 634 4778 τοιάδε
672 4722 1043 4795 προστήσεσθε
1074 4739 1088 4755 ο
1141 4718 1287 4775 ἀλλά
1319 4719 1558 4794 μάλιστα
1604 4718 1699 4791 μὲν
1750 4713 1927 4778 οὐδεὶς

277 4817 438 4889 ὑμῖν,
470 4816 653 4886 οἶμαι,
681 4816 791 4868 τῶν
824 4811 1038 4868 πάντων
1071 4810 1319 4887 προσέξει
1348 4811 1442 4866 τὸν
1471 4813 1618 4878 νοῦν,
1651 4805 1711 4869 ἂν
1759 4809 1930 4863 ταῦτά

276 4926 341 4981 γε
371 4905 531 4981 φῆτε,
572 4906 681 4957 τῶν
732 4898 1013 4975 δημοσίων
1064 4900 1371 4976 χρημάτων
1420 4897 1511 4954 καὶ
1560 4898 1742 4978 φόρων
1790 4896 1929 4973 πρὸς

276 4995 378 5063 τήν
434 4992 647 5047 τούτων
703 4988 1012 5047 συντέλειαν
1069 4990 1161 5046 καὶ
1231 4988 1575 5064 παρασκευὴν
1632 4985 1724 5041 καὶ
1796 4983 1926 5059 μάλ’

280 5082 662 5157 ἂποχρώντων
748 5078 920 5134 πάλαι
998 5100 1058 5135 τι
1135 5080 1483 5156 τεταγμένων
1557 5081 1750 5133 τοῦτον
1835 5076 1927 5130 τὸν

278 5171 514 5247 τρόπον,
563 5170 655 5225 καὶ
714 5164 880 5224 ὄντων
937 5167 1043 5240 ἀεὶ,
1093 5168 1183 5224 καὶ
1230 5170 1330 5237 τήν
1384 5164 1674 5243 ἀναγκαίαν
1716 5166 1931 5239 μήποτε

275 5262 483 5332 ταύτην
528 5257 936 5316 ἐκλελοιπότων
992 5257 1164 5334 φοράν
1197 5276 1212 5291 ·
1272 5260 1341 5328 ἧς
1396 5254 1672 5312 ἂδυνάτων
1724 5256 1930 5310 παντά-

278 5371 441 5406 πασιν
494 5347 789 5423 ἰσχούσης,
833 5348 1122 5423 θησαυροὶ,
1174 5351 1254 5420 τῷ
1311 5368 1372 5403 τε
1426 5345 1563 5402 κατά
1617 5350 1725 5420 γῆν
1781 5344 1935 5399 πάντ’

278 5441 419 5496 εἶναι
457 5441 549 5494 τὸν
601 5438 823 5513 χρόνον,
876 5440 956 5509 τῷ
1001 5438 1050 5493 τ’
1097 5435 1351 5514 ἐμφανεῖς
1396 5435 1722 5492 οἱστισινοῦν
1769 5453 1934 5509 γεγο-

279 5534 432 5592 νότες
489 5535 644 5599 πᾶσι,
702 5529 792 5584 καὶ
851 5527 1027 5590 οὕτως
1092 5524 1245 5583 οὐδὲν
1312 5528 1476 5596 ἦττον
1527 5524 1743 5600 ἀφανεῖς
1802 5524 1931 5605 εῖναι

276 5627 400 5681 τοῖς
429 5618 629 5683 ἄλλοις
658 5618 749 5673 καὶ
781 5617 1065 5696 φαντέντες
1096 5615 1378 5674 λανθάνειν
1405 5633 1420 5651 '
1474 5613 1664 5690 ὀλίγοι·
1686 5611 1744 5669 δέ
1788 5634 1931 5677 τινες

281 5708 492 5785 κομιδῆ
543 5708 636 5764 καὶ
684 5706 850 5783 μόλις
898 5708 1031 5765 ποτε
1075 5706 1113 5779 ἢ
1159 5703 1250 5763 διὰ
1300 5702 1565 5763 πλείστου
1609 5707 1728 5767 τοῖς
1768 5707 1929 5760 πᾶσιν

2038 4724 2200 4781 omni
2224 4727 2484 4796 tempore
2514 4722 2764 4795 pecunia
2799 4721 3108 4778 tributaria
3135 4722 3195 4778 in
3223 4719 3494 4777 marium
3525 4717 3687 4775 redi—

2040 4833 2153 4902 bat,
2180 4836 2238 4889 et
2283 4847 2590 4903 nunquam
2637 4829 2947 4902 vectigalia
2992 4829 3137 4887 solvi
3185 4831 3507 4886 cessarunt.
3541 4826 3688 4882 The-

2032 4940 2193 4998 sauri
2221 4939 2400 5012 igitur
2434 4939 2651 5011 ubique
2680 4943 2967 4997 terrarum
2997 4941 3054 4995 et
3085 4936 3246 4994 nullo
3280 4952 3396 4992 non
3428 4940 3693 5006 tempore

2047 5048 2110 5105 in
2140 5046 2449 5104 manifesto
2479 5051 2538 5104 et
2566 5048 2628 5104 iu
2671 5047 2895 5105 occulto
2944 5062 3074 5104 esse
3103 5050 3347 5118 possunt
3375 5043 3528 5115 apud
3561 5057 3689 5097 om-

2035 5179 2160 5223 nes.
2204 5164 2563 5222 Thesaurum
2608 5165 2806 5237 itaque
2841 5163 3131 5220 incertum
3170 5160 3301 5234 quis
3346 5159 3417 5217 ad
3463 5159 3685 5215 bonum

2037 5288 2348 5329 commune
2377 5273 2651 5344 proficere
2680 5269 3041 5329 declarabit?
3064 5270 3186 5335 Quo
3222 5271 3388 5341 pacto
3419 5265 3553 5323 dein
3582 5280 3682 5322 eos

2036 5381 2134 5453 qui
2185 5380 2270 5437 sic
2301 5397 2364 5437 se
2412 5381 2646 5451 habent,
2698 5380 2917 5437 bonum
2968 5377 3266 5452 publicum
3313 5376 3589 5447 adjuvare
3630 5375 3687 5429 et

2035 5488 2258 5546 civibus
2288 5488 2410 5546 suis
2443 5489 2613 5547 utiles
2657 5504 2785 5545 esse
2833 5486 3098 5544 dixerit?
3149 5483 3406 5542 Minime.
3441 5481 3557 5540 Sed
3602 5481 3690 5537 fac

2034 5602 2098 5652 ut
2129 5596 2275 5654 illud
2308 5599 2496 5655 tacere
2543 5596 2791 5670 possint,
2825 5611 2969 5652 num
3021 5609 3155 5652 cum
3207 5593 3361 5650 bona
3402 5607 3505 5663 spe
3528 5591 3688 5663 juste

2034 5710 2090 5763 et
2124 5705 2305 5779 probe
2347 5705 2573 5780 agendo
2620 5705 2954 5779 precedent,
3002 5720 3076 5763 au
3121 5699 3513 5775 injuslissima
3553 5715 3693 5774 quo-
