4154 6216
391 383 510 442 479

1703 377 2103 442 THEODULI
2149 379 2494 444 MONACHI

3675 383 3798 444 480

394 531 511 587 qua
541 514 798 571 facient?
842 513 990 579 Quid
1021 511 1178 568 enim
1226 511 1486 582 iniquius
1527 527 1709 584 quam
1749 513 2038 570 thesauris

2169 507 2379 583 ἷκδηλοι
2425 519 2776 582 ταταστῆναι.
2831 518 2956 577 Πῶς
3003 511 3096 570 οὗν
3145 513 3274 578 τοὺς
3331 513 3505 575 οὕτως
3563 511 3804 591 ἔχοντας

394 624 468 678 ab
497 622 629 678 aliis
659 621 1014 692 quibudam
1063 619 1315 676 inventis
1353 617 1626 676 insilire?
1655 618 1728 675 Ut
1765 619 1920 676 enim
1951 635 2042 676 se-

397 729 656 786 cundum
685 725 1136 784 Demosthenem
1185 726 1418 793 domus,
1449 725 1614 782 navis
1658 729 1715 782 et
1744 743 1938 784 rerum
1963 727 2044 783 si-

397 836 627 892 milium
659 835 1042 890 fundamenta
1081 833 1319 889 fortiora
1348 847 1478 888 esse
1507 833 1740 900 debent,
1771 835 1856 890 sic
1887 835 2042 905 prin-

396 942 548 1014 cipia
581 947 638 997 et
683 940 1036 1012 bypotheses
1082 955 1247 996 veras
1297 943 1357 996 et
1393 939 1583 1010 justrs
1629 956 1762 997 esse
1809 957 2046 1000 necesse

394 1053 524 1116 est;
584 1055 639 1102 et
695 1047 794 1120 qui
852 1046 1198 1118 injuriarum
1256 1045 1552 1102 illatarum
1609 1048 2044 1106 excusationem

397 1159 683 1228 precatur,
717 1155 911 1210 minus
955 1154 1174 1224 injuste
1203 1152 1409 1210 fecisse
1445 1153 1674 1210 videtur
1715 1157 1888 1211 verba
1915 1172 2046 1226 pro-

397 1263 656 1318 ferendo.
690 1263 848 1328 Quod
893 1261 944 1316 si
976 1260 1108 1331 quis
1137 1275 1202 1316 ex
1233 1259 1398 1316 vobis
1437 1270 1714 1332 quareret
1743 1278 1849 1318 cur
1877 1263 1934 1318 id
1967 1265 2048 1320 fa-

397 1368 589 1438 ciati,
639 1368 721 1422 nil
776 1383 915 1422 sane
979 1365 1404 1436 responderetis
1458 1365 1572 1422 nisi
1628 1367 2046 1439 principiorum

399 1475 805 1531 necessitatem
853 1488 1092 1530 causam
1143 1473 1604 1529 interserentes:
1649 1491 1777 1546 quas
1811 1477 2046 1549 quidem

401 1583 658 1638 dicentes
688 1597 789 1638 vos
821 1580 982 1653 ipsos
1012 1585 1292 1650 tyrannos
1322 1595 1514 1651 neque
1535 1581 1734 1652 justos
1764 1599 1930 1654 reges
1959 1601 2050 1640 sc-

399 1687 704 1758 cusabitis,
735 1704 766 1744 e
787 1687 998 1758 quibus
1023 1686 1084 1742 bi
1107 1686 1342 1757 quidem
1375 1686 1522 1743 bene
1549 1686 1622 1742 ab
1651 1689 1925 1746 omnibus
1954 1691 2048 1764 agi

398 1797 620 1868 volunt,
653 1795 887 1869 tyranni
933 1795 1194 1865 ipsorum
1223 1793 1582 1850 voluntatem
1617 1796 1794 1852 rebus
1823 1798 2046 1856 facien-

397 1909 537 1964 dum
567 1907 896 1977 imponunt.
921 1903 1352 1960 Perabsurdum
1373 1905 1570 1958 autem
1593 1909 1750 1961 esset
1768 1922 1834 1962 ac
1855 1910 2042 1980 turpe,

2169 1897 2241 1905 .-.
2283 1897 2518 1922 rm..-“
2552 1897 2696 1925 ..-1,-

2169 1935 2292 1993 Βτου
2323 1939 2486 2012 χάριν
2533 1943 2702 1994 ταῦτα

404 2015 456 2072 si
487 2013 620 2087 quis
668 2011 884 2068 diceret
931 2010 1128 2066 Nervas
1176 2009 1346 2082 quod.
1381 2011 1720 2068 thesaurum
1763 2013 2054 2072 invenerit

409 2141 578 2197 quem
627 2139 906 2194 occupare
953 2129 1005 2178 et
1053 2123 1114 2178 in
1166 2138 1334 2178 usum
1381 2127 1606 2178 vertere
1653 2122 1910 2190 deberet,
1959 2125 2054 2182 hic

413 2239 607 2290 autem
638 2231 984 2288 thesaurum
1016 2231 1296 2302 majorem
1331 2247 1506 2303 quam
1539 2247 1642 2304 pro
1673 2231 1914 2289 homine
1943 2234 2058 2305 pri-

413 2345 544 2398 vato
575 2339 775 2397 dicens
805 2355 872 2396 eo
903 2337 1060 2395 abuti
1089 2337 1278 2394 vellet.
1303 2338 1570 2394 Absurde
1599 2339 1778 2412 igitur
1805 2340 2054 2410 fecisset,

411 2449 462 2507 si
495 2449 588 2506 hic
617 2448 855 2520 quidem
899 2447 1136 2518 iustitia
1173 2463 1240 2503 ac
1285 2446 1516 2504 virtutis
1563 2448 1842 2506 rationem
1883 2449 2060 2506 habe-

407 2562 492 2617 ret
519 2558 606 2614 vir
648 2558 902 2626 Graecus,
934 2563 988 2613 et
1027 2557 1193 2630 longe
1235 2575 1266 2612 a
1299 2564 1500 2614 senatu
1549 2563 1750 2616 nostro
1799 2564 2057 2616 remotus

404 2669 529 2736 est;
566 2683 663 2722 vos
695 2669 892 2722 autem
917 2665 1010 2738 pie
1038 2682 1102 2721 ac
1123 2666 1444 2722 secundum
1467 2664 1626 2739 leges
1649 2667 1908 2724 viventes
1931 2671 2059 2724 tan-

405 2779 532 2832 tum
563 2773 841 2832 exhibetis
891 2772 1459 2846 magnanimitatem,
1494 2777 1558 2830 ut
1587 2791 1704 2831 non
1733 2774 1926 2831 solum
1961 2791 2054 2831 res

407 2883 672 2940 inventas
717 2879 1013 2948 ambiatis,
1061 2881 1163 2937 sed
1194 2879 1372 2937 etiam
1419 2881 1490 2937 ad
1539 2881 1746 2938 altiora
1795 2882 2060 2954 aspiretis

413 2989 591 3046 minis
623 2988 876 3048 omissis.
897 2987 1074 3044 nescii
1105 2991 1249 3059 quot
1267 2994 1322 3044 et
1341 2987 1555 3060 quibu
1585 2988 1932 3045 criminibus
1961 2991 2061 3046 ob-

410 3095 566 3151 noxii
597 3093 734 3152 estis
765 3093 1086 3166 injustitiee,
1129 3091 1452 3162 calumnia,
1485 3094 1764 3164 avaritias,
1795 3097 1863 3152 ad
1899 3097 2054 3168 quod

409 3203 636 3261 accedit
667 3202 821 3274 quod
853 3203 1030 3257 Deum
1061 3200 1256 3272 ipsum
1289 3201 1601 3268 offenditis,
1631 3205 1690 3258 et
1717 3217 1809 3259 res
1835 3203 2058 3274 gravis-

413 3313 612 3388 simas.
639 3325 813 3380 super
847 3317 1018 3381 caput
1063 3307 1308 3364 volvitis.
1356 3309 1503 3374 Quid
1550 3313 1744 3365 autem
1787 3310 2057 3368 thesauro

413 3421 563 3478 tanti
591 3418 868 3476 momenti
917 3417 1200 3474 inheret?
1243 3417 1526 3490 Equidem
1573 3434 1647 3474 ne
1693 3419 1883 3476 simile
1922 3421 2060 3492 quid

417 3529 704 3594 audirem,
735 3525 1008 3583 omnibus
1037 3525 1332 3582 thesauris
1371 3526 1790 3583 renuntiarem.
1823 3527 1984 3594 Quod
2019 3527 2066 3584 si

409 3641 825 3698 thesaurorum
869 3637 1132 3694 studium
1177 3641 1400 3694 tantam
1451 3637 1602 3708 apud
1655 3637 1838 3693 Deum
1871 3642 1928 3694 et
1955 3639 2063 3695 ho-

409 3749 600 3806 mines
633 3745 914 3803 nemesim
950 3745 1141 3815 habet,
1193 3753 1247 3801 et
1291 3745 1332 3802 ii
1361 3743 1483 3816 qui,
1537 3744 1675 3800 licet
1721 3745 2062 3816 repererint,

411 3855 658 3930 repertis
686 3853 1006 3910 valedicere
1035 3853 1271 3922 audent,
1305 3869 1540 3910 omnem
1574 3851 1808 3909 laudem
1841 3869 2068 3910 meren-

416 3968 538 4036 tur,
565 3967 656 4032 tu,
687 3979 808 4030 rex,
839 3977 977 4018 cura
1024 3976 1096 4016 ne
1145 3959 1551 4017 admirationis
1593 3960 1720 4018 loco
1749 3964 1807 4018 te
1845 3961 2069 4033 jugiter

424 4069 876 4136 calumniantur,
907 4085 974 4125 ac
1021 4085 1094 4125 ne
1139 4069 1419 4126 carbones
1461 4069 1594 4140 quis
1641 4067 1898 4126 thesauri
1945 4065 2068 4124 loco

421 4179 628 4235 inanes
655 4176 948 4246 inveniat;
981 4179 1042 4232 tu
1073 4179 1269 4234 autem
1317 4180 1602 4248 quantum
1633 4174 1771 4231 talia
1807 4178 2068 4232 contem-

422 4301 532 4344 nas
588 4285 862 4342 omnibus
918 4285 1177 4352 ostende,
1235 4287 1292 4340 et
1347 4283 1676 4355 'posteritati
1739 4279 2070 4352 exemplum

423 4395 588 4452 trade
621 4393 824 4466 optimi
854 4410 920 4449 ac
949 4391 1164 4466 egregii
1189 4391 1364 4464 regis.

2154 603 2324 679 φήσαι
2353 623 2436 663 τις
2481 601 2539 656 ἃν
2587 603 2733 665 ὅλως
2759 609 2878 664 τοῖς
2925 609 3134 667 κοινοῖς
3181 600 3476 682 διαφέρειν,
3525 604 3616 658 καὶ
3661 604 3806 658 τού-

2149 711 2268 753 τοις
2299 691 2432 746 εἶναί
2461 712 2526 766 γε
2571 689 2895 770 «paup-rod;
2935 690 3154 748 πολλοῦ
3201 713 3265 767 γε
3294 693 3384 748 καὶ
3434 691 3536 750 δεῖ.
3587 695 3808 749 ’Έπειτ’

2151 778 2198 834 εἰ
2246 780 2336 835 καὶ
2394 779 2626 854 δοίημεν
2677 783 2748 837 τὰ
2797 783 3004 837 τοιαῦτ’
3061 781 3262 844 αὐτοὺς
3320 780 3476 843 οἵους
3533 783 3581 837 τ’
3638 781 3805 850 εἶναι,

2150 871 2378 945 πότερον
2437 871 2586 926 δσιον
2632 872 2722 926 καὶ
2771 869 3054 934 λυσιτελὲς
3106 873 3222 945 μετ’
3277 871 3498 946 ἀγαθῶν
3545 876 3656 927 τῶν
3707 871 3812 928 έλ-

2151 956 2324 1014 πίδων
2373 960 2468 1014 καὶ
2513 964 2612 1016 τοῦ
2658 960 2832 1016 καλοῦ
2879 961 2969 1015 καὶ
3021 959 3233 1016 δικαίου
3281 962 3420 1036 πρὸς
3463 967 3634 1016 ταῦτα
3689 981 3810 1037 χω-

2157 1053 2290 1121 ρεῖν,
2323 1049 2358 1119 ἢ
2405 1053 2476 1123 τῇ
2517 1054 2628 1105 τῶν
2661 1047 2885 1104 ἀδικιῶν
2941 1051 3167 1126 μεγίστῃ
3217 1051 3585 1125 χρωμένουςς
3631 1053 3689 1106 τί
3745 1049 3810 1112 ἃν

2154 1134 2238 1206 ε’ίη
2277 1144 2458 1210 μεῖζον
2509 1140 2676 1194 κακὸν
2723 1143 2826 1193 τοῦ
2855 1142 3154 1215 θησαυροῖς
3203 1141 3527 1216 εὑρημένοις
3558 1141 3648 1196 ὑπ’
3695 1139 3807 1195 ἄλο

2156 1229 2268 1280 λων
2301 1225 2574 1298 έπιπηδᾷν
2601 1247 2616 1298 ;
2649 1227 2830 1301 ὥσπερ
2887 1229 2990 1304 γὰρ
3023 1229 3202 1292 οίκίας
3251 1231 3404 1301 οἶμαι
3437 1231 3527 1285 καὶ
3573 1227 3809 1294 πλοίου,

2155 1316 2289 1394 φησί
2333 1317 2707 1390 Δημοσθένης,
2755 1319 2846 1374 καὶ
2875 1324 2982 1374 τῶν
3018 1317 3207 1376 ἄλλων
3255 1325 3366 1374 τῶν
3411 1319 3706 1390 τοιούτων,
3737 1321 3812 1374 τὰ

2153 1407 2392 1461 κάτωθεν
2449 1407 2782 1484 ἰσχυρότατα
2829 1409 2960 1462 εἶναι
3011 1410 3113 1475 δεῖ,
3166 1407 3312 1463 οὕτω
3359 1409 3450 1462 καὶ
3497 1413 3608 1463 τῶν
3659 1409 3816 1482 πρά-

2155 1495 2286 1566 ξεων
2335 1497 2431 1557 τὰς
2480 1497 2656 1572 ἀρχάς
2685 1496 2776 1550 καὶ
2825 1499 2920 1559 τὰς
2973 1498 3256 1558 ὑποθέσεις
3306 1497 3534 1568 ἀληθεῖς
3581 1499 3672 1552 καί
3725 1495 3814 1552 δι·-

2155 1585 2309 1646 καίας
2339 1585 2472 1640 εἶναι
2521 1589 2788 1660 προσήκει
2823 1605 2838 1619 ’
2880 1587 2970 1642 καὶ
3007 1587 3113 1660 μὴν
3161 1587 3188 1641 ὁ
3223 1587 3320 1660 μὶν
3369 1585 3450 1662 έφ’
3483 1589 3566 1648 οἷς
3615 1583 3818 1641 ἀδίκου

2154 1673 2613 1746 παραιτούμενος,
2697 1677 2862 1743 ἧττον
2948 1676 3010 1730 ἄν
3091 1695 3210 1736 πως
3295 1677 3379 1738 οῖς
3457 1681 3814 1750 παραιτεῖται

2157 1759 2352 1832 δόξειεν
2404 1759 2626 1832 ἀδικεῖν,
2661 1759 2837 1818 δοκῶν
2863 1763 2984 1838 μέν
3011 1785 3096 1818 τοι
3149 1763 3350 1838 λέγειν,
3379 1763 3554 1840 λέγων
3603 1761 3664 1819 δὲ
3715 1765 3818 1820 οὖα

2157 1847 2246 1905 δὶν
2283 1848 2518 1922 μᾶλλον,
2551 1850 2726 1925 λέγων
2761 1849 2818 1906 δὲ
2868 1853 3022 1924 ὅμως
3053 1869 3068 1882 ⁸
3103 1852 3244 1924 ὑμᾶς
3294 1850 3344 1907 δ’
3370 1851 3432 1907 ἄν
3478 1873 3562 1915 τις
3613 1851 3818 1928 ἔρηται

2747 1945 2974 2008 ποιεῖτε,
3009 1937 3164 1994 οὕδὲν
3197 1939 3258 1994 ἃν
3303 1937 3470 1996 εἲπεῖν
3521 1940 3668 2016 ἔχετ’
3721 1943 3820 1996 οἶ-

2163 2045 2260 2098 μαι
2289 2029 2395 2080 τῶν
2445 2027 2680 2096 πάντων,
2711 2025 2858 2094 πλὴν
2885 2028 2947 2082 τὸ
2991 2035 3092 2096 τῆς
3121 2028 3304 2103 ἀρχῆς
3353 2029 3816 2104 συγκεχωρηκὸς,

2165 2115 2253 2168 καὶ
2302 2116 2402 2182 τήν
2451 2113 2692 2170 ἐντεῦθεν
2737 2116 2976 2190 ἀνάγκην
3009 2135 3023 2148 ⁸
3079 2115 3276 2187 λήσετε
3323 2113 3382 2171 δὲ
3425 2121 3574 2171 ταῦτ’
3624 2117 3684 2172 ἂν
3735 2118 3820 2172 εἰ-

2163 2203 2358 2265 πόντες
2405 2202 2481 2265 είς
2523 2209 2908 2276 τυραννοῦντας
2955 2203 3085 2260 ἀλλ’
3131 2205 3236 2260 οὐκ
3286 2203 3362 2267 εἲς
3417 2205 3818 2280 βασιλεύοντας

2165 2291 2305 2364 ὑμᾶς
2335 2292 2534 2355 αὐτοὺς
2581 2293 2944 2364 καθιστάντες,
2977 2291 3130 2367 ε’ίπερ
3178 2297 3288 2349 τῶν
3343 2295 3437 2366 μὲν
3485 2293 3692 2350 ἔστιτὸ
3739 2298 3818 2350 τὰ

2167 2381 2346 2436 δίκαια
2399 2383 2656 2456 πράττειν
2709 2381 2798 2437 διὰ
2841 2383 3059 2438 πάντων
3105 2383 3396 2456 αἱρεῖσθαι,
3453 2385 3702 2458 τύραννοι
3754 2383 3820 2441 δὲ

2167 2472 2273 2527 ἀπὸ
2327 2477 2425 2528 τοῦ
2483 2475 2602 2528 κατ’
2659 2471 2854 2536 αὐτοὺς
2929 2473 3272 2549 βουλομένου
3327 2480 3446 2536 τοῖς
3523 2475 3824 2552 πράγμασι

2169 2565 2462 2636 χρῶνται·
2512 2566 2621 2616 τῶν
2665 2561 3030 2617 ἀτοπωτάτων
3077 2559 3124 2616 δ’
3171 2561 3232 2616 ἂν
3283 2561 3368 2632 εἴη
3409 2562 3497 2617 καὶ
3539 2565 3678 2638 πρὸς
3729 2565 3824 2618 αἶ-

2169 2650 2373 2726 σ-χύνης
2407 2653 2558 2725 ὑμῖν,
2591 2650 2639 2706 εἰ
2687 2656 2768 2724 τῷ
2801 2652 2896 2726 μὶν
2947 2652 3158 2726 Νερούᾳ
3185 2650 3356 2707 πάλαι
3403 2649 3470 2722 δή
3523 2673 3674 2713 τινος
3727 2653 3824 2709 δτι

2167 2761 2269 2814 περ
2320 2740 2467 2814 εὕροι
2517 2761 2623 2795 που
2673 2739 2944 2814 θησαυρὸν
2985 2739 3294 2814 εἰρηκότος,
3333 2742 3422 2795 καὶ
3473 2737 3556 2795 δεῖ
3603 2737 3828 2815 λαμϐά-

2167 2851 2276 2885 νειν
2316 2829 2544 2898 ἐκεῖνον,
2577 2831 2605 2884 ὁ
2657 2831 2751 2902 μὶν
2780 2830 2940 2886 αὐτὸν
2989 2828 3238 2885 ἐκέλευσε
3280 2831 3519 2904 χρῆσθαι
3553 2847 3568 2862 ⁸
3619 2833 3718 2884 τοῦ
3765 2828 3828 2884 δ’

2169 2919 2254 2973 ὅτι
2301 2917 2502 2992 μείζων
2553 2919 2590 2987 ἢ
2639 2919 2756 2974 κατ’
2808 2915 3033 2988 ἰδιώτην
3079 2919 3106 2973 ὁ
3155 2919 3428 2992 θησαυρός
3479 2918 3588 2972 ἐστι
3637 2937 3824 2992 προσ-

2169 3010 2374 3076 θέντος,
2423 3008 2590 3070 αύτὸς
2629 3007 2796 3063 πάλιν
2845 3003 2946 3086 ἔφη
2991 3009 3082 3062 καὶ
3135 3010 3561 3083 καταχρῆσθαι·
3611 3005 3824 3064 ἄτοπον

2169 3097 2283 3166 οὖν,
2341 3099 2387 3154 εἰ
2439 3099 2469 3153 ὁ
2529 3098 2624 3171 μὶν
2703 3097 2847 3153 οὕτω
2905 3095 3251 3168 δικαιοσύνης
3307 3097 3402 3152 καὶ
3471 3101 3568 3152 τοῦ
3627 3095 3824 3160 καλῶς

2171 3183 2396 3264 ἔχοντος
2443 3187 2738 3258 πεποίηται
2785 3185 2970 3263 λόγον,
3019 3187 3094 3250 ὡς
3137 3186 3232 3242 καὶ
3278 3189 3376 3241 τοῦ
3421 3185 3824 3260 περιτυχόντος

2087 3267 2132 3336 C
2169 3275 2358 3339 δόντος
2391 3277 2494 3332 οὐκ
2523 3276 2902 3350 ἐπεστράφθαι,
2927 3275 3061 3349 ἀνὴρ
3092 3273 3224 3346 μάλ’
3253 3273 3470 3345 Ἕλλην
3497 3276 3584 3329 καὶ
3617 3274 3818 3352 πόῤῥω

2167 3370 2264 3421 τοῦ
2309 3367 2424 3420 καθ’
2471 3367 2621 3438 ἡμᾶς
2669 3361 2971 3438 συνεδρίου,
3035 3365 3190 3436 ὑμεῖς
3241 3360 3288 3417 δ’
3337 3363 3390 3418 εἷ’
3443 3364 3534 3418 καὶ
3592 3363 3822 3436 μάλιστ’

2169 3450 2412 3525 εὐσεϐείᾳ
2467 3459 2732 3524 συζῶντες
2803 3455 2893 3508 καὶ
2971 3452 3164 3525 νόμοις
3225 3453 3397 3527 ἱεροῖς
3473 3451 3824 3531 ἐντραφέντες

2169 3543 2257 3599 ἐπὶ
2331 3547 2612 3612 τοσοῦτον,
2673 3540 2750 3598 τίν’
2819 3539 3084 3616 εὑφήμως
3155 3539 3319 3610 εῖπω,
3395 3539 3824 3617 μεγαλοψυχίας

2171 3633 2422 3711 ἀφῖχθαι,
2455 3633 2529 3694 ὡς
2562 3633 2638 3706 μὴ
2693 3633 2856 3706 μόνον
2887 3637 2993 3686 τῶν
3040 3630 3357 3705 εὑρημένων
3387 3630 3462 3691 ὠς
3515 3631 3640 3702 ὑμῖν
3693 3629 3830 3685 δια-

2171 3721 2442 3799 φερόντων
2495 3723 2914 3791 ἀντιποιεῖσθαι,
2943 3718 3092 3776 ἀλλὰ
3137 3719 3227 3773 καὶ
3259 3720 3336 3780 ὡς
3383 3718 3509 3794 περὶ
3563 3719 3828 3792 μείζονος

2173 3809 2546 3886 δυσχεραίνειν
2589 3815 2689 3864 τοῦ
2735 3811 3037 3884 θησαυροῦ,
3087 3809 3175 3863 καὶ
3231 3807 3301 3862 τά
3353 3806 3632 3863 δεινότατα
3677 3807 3826 3863 πάν-

2171 3923 2278 3957 των
2337 3901 2474 3973 πρὸς
2531 3899 2764 3968 ἀπειλὴν
2821 3897 2901 3975 ἐφ’
2960 3899 3006 3970 ᾦ
3079 3897 3142 3952 τὸ
3209 3897 3444 3969 ξύμπαν,
3502 3897 3576 3958 ὼς
3655 3895 3828 3952 οἴεσθ’

2176 3991 2355 4064 ὑμεῖς,
2399 3989 2630 4066 ἐμφανὲς
2687 3989 3006 4064 γεγενῆσθαι
3039 4004 3054 4018 ·
3107 3985 3207 4040 οὐκ
3263 3983 3466 4047 εἰδότες
3521 3985 3675 4048 ὅσοις
3725 3989 3820 4042 καὶ

2182 4079 2395 4150 ἡλίκοις
2440 4079 2676 4134 ἐντεῦθεν
2725 4077 3036 4152 ἐγκλήμασι
3086 4075 3458 4150 περιπίπτετε,
3508 4079 3668 4130 τοῦτο
3722 4077 3827 4148 μὲν

2175 4167 2410 4238 ἀδικίας,
2489 4173 2652 4224 τοῦτο
2738 4165 2796 4222 δὲ
2877 4167 3236 4243 συκοφαντίας
3319 4166 3411 4218 καὶ
3503 4163 3830 4236 πλεονεξίας

2178 4259 2556 4332 ἁλισκόμενοι,
2602 4255 2694 4314 καὶ
2741 4256 2962 4330 προσέτι
3019 4253 3474 4328 προσκρούοντες,
3533 4254 3608 4315 ὡς
3661 4252 3826 4330 ἔφην,

2179 4353 2296 4420 Θεῷ
2331 4367 2344 4381 ⁸
2377 4347 2478 4402 εἷθ’
2527 4347 2560 4401 ἃ
2593 4345 2725 4418 μηδ’
2755 4345 2814 4400 ἃν
2865 4346 2948 4406 εἷς
2989 4345 3078 4399 ὑπ’
3125 4343 3360 4418 έχθρῶν,
3393 4344 3574 4414 οἶμαι,
3625 4339 3828 4416 δέξαιτ’

2179 4437 2417 4504 ἀκούειν,
2473 4436 2624 4490 ταῦθ’
2684 4435 2841 4506 ὑμεῖς
2899 4434 3026 4506 ὑμῖν
3087 4433 3274 4494 αὐτοῖς
3333 4431 3673 4486 έπισπᾶσθε·
3731 4431 3828 4485 καὶ

2179 4527 2233 4581 τί
2265 4523 2522 4580 τοσοῦτόν
2570 4521 2712 4578 ἐστιν
2755 4521 2808 4577 ἐν
2859 4524 3176 4596 θησαυροῖς,
3223 4517 3293 4574 δι’
3343 4519 3373 4574 ὃ
3419 4519 3686 4590 τοσαύτης
3735 4520 3832 4574 καὶ

2107 4632 2154 4698 D
2183 4615 2526 4686 τηλικαύτης
2581 4611 2784 4690 ἀνάγκη
2839 4619 2942 4682 τῆς
3012 4611 3186 4673 αἰτίας
3237 4610 3640 4684 κληρονομεῖν;
3717 4609 3834 4686 ἐγὼ

2189 4705 2284 4778 μὲν
2331 4705 2435 4780 γάρ
2494 4703 2628 4777 ὑπὲρ
2673 4707 2772 4758 τοῦ
2827 4698 2996 4774 μηδέν
3039 4721 3093 4755 τι
3138 4703 3392 4755 τοιοῦτον
3439 4699 3674 4764 ἀκούειν,
3733 4701 3828 4755 καὶ

2186 4793 2510 4867 ξυμπάντων
2565 4791 2625 4847 ἂν
2695 4793 3002 4866 θησαυρῶν,
3061 4789 3107 4845 εἰ
3179 4789 3370 4864 κύριος
3443 4790 3532 4858 ἦν,
3611 4787 3834 4860 ἐξέστην

2183 4885 2441 4956 ἑτοίμως.
2497 4881 2560 4938 Εἰ
2613 4881 2792 4936 τοίνυν
2851 4881 2912 4935 τὸ
2985 4881 3079 4952 μὲν
3135 4881 3430 4952 θησαυροῖς
3505 4875 3830 4954 ἐφεδρεύειν,

2183 4973 2452 5043 πλείστην
2503 4970 2635 5042 ὅσην
2686 4971 2777 5025 καὶ
2825 4971 2964 5042 πρὸς
3011 4973 3145 5024 Θεοῦ
3191 4968 3284 5023 καὶ
3331 4970 3470 5042 πρὸς
3525 4965 3830 5042 ἀνθρώπων

2183 5065 2397 5135 νέμεσιν
2431 5061 2600 5140 ἴσχει,
2649 5061 2712 5116 τὸ
2761 5057 2808 5114 δ’
2839 5057 2905 5114 αὖ
2953 5059 3162 5114 τούτων
3189 5057 3306 5118 τοὶς
3357 5058 3644 5130 εὑρηκόσιν
3693 5055 3834 5135 ἀφί-

2185 5155 2408 5208 στασθαι
2455 5156 2560 5207 τῶν
2611 5149 3020 5222 ἐπαινουμένων
3071 5147 3212 5202 ἐστὶν
3272 5147 3348 5210 ὡς
3399 5143 3646 5216 ἀληθῶς,
3695 5145 3834 5200 ἑλοῦ

2181 5243 2247 5298 τὸ
2323 5239 2596 5316 δεύτερον,
2659 5239 2703 5294 ὦ
2785 5236 3032 5314 βασιλεῦ,
3093 5235 3187 5290 ’ίνα
3263 5235 3338 5308 μὴ
3413 5232 3706 5310 περιπέσῃς
3777 5233 3834 5308 ἐξ

2185 5332 2424 5405 ἀνάγκης
2481 5333 2563 5402 τῷ
2639 5329 2866 5405 πρώτῳ,
2921 5325 3014 5382 καὶ
3085 5325 3449 5398 θαυμάζεσθαι
3513 5321 3728 5397 μᾶλλον
3793 5324 3834 5393 ἢ

2183 5421 2494 5489 κακίζέσθαι
2528 5435 2544 5450 ⁸
2602 5417 2695 5473 καὶ
2757 5413 3140 5491 μηδειστισοῦν
3197 5413 3286 5468 ἐπὶ
3343 5417 3438 5469 σοῦ
3493 5415 3602 5468 τῶν
3659 5411 3840 5468 ἁπάν-

2183 5531 2292 5567 των
2355 5508 2622 5584 ἄνθρακας
2679 5504 2809 5582 εὕρῃ
2859 5503 2995 5569 τοὺς
3048 5504 3376 5577 θησαυροὺς,
3431 5501 3512 5574 τῷ
3577 5499 3836 5572 διακενῆς

2187 5598 2524 5674 εὑρηκέναι·
2573 5593 2704 5651 ἀλλ’
2753 5598 2840 5658 οἷς
2884 5598 3046 5650 τοῦτο
3105 5595 3356 5667 μισήσεις
3413 5593 3578 5647 ἅπασι
3635 5588 3832 5664 δεῖξον,

2191 5689 2268 5751 ὡς
2315 5685 2494 5744 εἶκαὶ
2537 5686 2795 5742 κάκιστον
2841 5682 2900 5741 6v
2949 5684 3180 5758 πρόσθεν
3229 5681 3524 5750 ἐλάνθανες
3569 5682 3664 5736 νῦν
3719 5678 3832 5736 ὑπὸ
