4154 6216
347 352 464 413 481

1499 356 1793 418 ORATIO
1836 355 1938 417 DE
1982 355 2208 418 REGIS
2252 353 2605 416 OFFlCIIS.

3632 351 3754 410 482

359 489 457 540 σοῦ
487 483 674 548 καλῶς
721 491 820 542 τοῦ
867 489 1027 543 πάντ’
1073 487 1305 562 ἀρίστου
1365 490 1455 544 καὶ
1501 491 1818 562 θαυμαστοῦ
1865 492 2020 564 βασι-
2047 495 2102 561 Α

357 572 495 636 λέως
551 572 958 652 ἐξελήλεγκται,
1019 577 1095 638 ὡς
1155 573 1300 650 μηδὲ
1375 583 1492 640 τοῖς
1569 577 2002 655 ἐπιγιγνομένοις

354 661 547 732 ἐξεῖναι
579 662 880 722 λανθάνειν.

425 753 530 809 κα’.
565 752 668 807 Καὶ
711 753 817 826 μὴν
853 755 944 808 καὶ
991 755 1053 810 τὸ
1091 761 1207 816 τοῖς
1250 755 1538 826 ὑπηκόοις,
1591 755 1805 811 ἐπειδὰν
1846 758 2004 826 ἡστι-

355 844 549 895 νοσοῦν
608 839 1029 913 καταλαϐούσης
1087 845 1324 921 ἀνάγκης
1379 844 1621 920 ἀπορῆτε
1669 847 2002 922 χρημάτων,

355 927 524 985 ἔπειτ’
564 930 818 1009 εἰσφορὰς
872 931 1196 1006 ἐπιτάττειν,
1246 934 1338 989 καὶ
1392 932 1462 989 δι’
1509 934 1686 991 αὐτῶν
1735 937 2004 1010 αἱρεῖσθαι

352 1021 419 1073 τά
459 1017 651 1076 δέοντα
697 1023 970 1096 πράττειν,
1039 1027 1156 1084 πῶς
1225 1023 1325 1078 οὐκ
1387 1025 1633 1097 ἀτεχνῶς
1704 1024 1908 1098 βίαιον,
1965 1024 2002 1095 ἢ

353 1112 471 1172 πῶς
501 1108 603 1164 οὐκ
641 1108 742 1180 ἔξω
792 1117 894 1180 τῆς
942 1113 1072 1186 παρ’
1130 1113 1283 1186 ὑμῶν
1344 1111 1710 1188 ὀφειλομένης
1758 1115 2004 1170 τουτοισὶ

351 1200 738 1272 προμηθείας;
787 1201 876 1256 καὶ
926 1203 956 1256 ’ὀ
1003 1202 1201 1257 τούτου
1263 1207 1473 1275 μεῖζον,
1522 1201 1650 1277 πρίν
1695 1204 1746 1279 γ’
1793 1201 1856 1257 ἂν
1907 1203 2002 1259 αύ-

347 1287 478 1350 τοὺς
520 1289 578 1343 εὖ
617 1296 866 1360 ποιῆσαι,
913 1287 983 1345 δι’
1023 1292 1098 1346 ὧν
1153 1292 1288 1366 ὑπὲρ
1336 1291 1509 1346 αὐτῶν
1556 1293 1705 1346 ταῦτ’
1753 1291 2000 1347 ἀπαιτεῖν

351 1373 698 1448 διατείνεσθε,
751 1381 968 1456 φθάνετε
1024 1384 1207 1442 κακῶς
1261 1381 1492 1442 τούτους
1550 1385 1834 1443 ποιοῦντες
1882 1386 2001 1442 ταῖς

351 1464 636 1545 εἰσφοραῖς
661 1488 673 1501 ·
727 1468 772 1522 εί
810 1469 904 1542 μὲν
933 1470 1039 1546 γὰρ
1084 1469 1183 1524 οὐκ
1223 1471 1313 1541 ἧν,
1355 1469 1454 1524 οὐκ
1492 1468 1617 1540 ἐνῆν
1667 1471 1884 1525 ὁθενοῦν
1935 1471 1999 1526 τὸ

351 1557 609 1628 παράπαν
665 1559 930 1632 ’χρήματα
985 1557 1334 1634 πεπορίσθαι,
1400 1554 1626 1620 εἰκότως
1677 1557 1736 1613 ἂν
1785 1557 1998 1636 εἰσέφε-

351 1665 447 1718 ρον
482 1645 660 1700 οὗτοι.
706 1647 767 1702 Εἰ
799 1645 844 1701 δ’
875 1646 987 1703 ἔστι
1032 1650 1125 1721 μὲν
1176 1647 1350 1711 πολὺς
1399 1648 1454 1703 ἐν
1498 1647 1817 1721 κειμηλίοις
1869 1668 2000 1724 χρυ-

350 1735 471 1803 σὸς,
517 1733 629 1790 ἔστι
675 1733 732 1790 δὲ
768 1734 1004 1812 ἄργυρος
1050 1737 1139 1792 καὶ
1196 1736 1362 1792 λίθων
1417 1739 1726 1817 ὑπερφυνὴς
1773 1738 1998 1817 ἀφθονία

347 1823 699 1894 πολυτελῶν,
740 1825 914 1881 πάντα
960 1823 1018 1880 δὲ
1055 1828 1206 1882 ταῦθ’
1253 1828 1382 1899 ὑπὲρ
1426 1831 1523 1882 τοῦ
1582 1831 1740 1900 κοινῇ
1787 1827 1997 1882 λυσιτε-
2027 1852 2074 1918 Β

348 1911 586 1976 λοῦντος
626 1913 678 1968 έν
729 1919 808 1987 τῷ
864 1921 960 1971 τοῦ
1017 1919 1213 1988 καιροῦ
1268 1915 1530 1971 καλοῦντι
1588 1917 1994 1990 παρεσκευάσθη

345 2005 681 2079 τοεξαρχῆς,
748 2009 854 2060 ποῦ
922 2003 1136 2062 δικαιον
1200 2008 1350 2062 ταῦθ’
1413 2001 1769 2081 ὑπερϐάντας,
1829 2004 1861 2062 ἃ
1921 2009 1998 2081 μὴ

343 2100 596 2168 προσῆκε
637 2090 881 2168 διώκειν,
928 2096 1019 2150 καὶ
1055 2097 1130 2168 μὴ
1160 2101 1280 2157 ταῖς
1321 2094 1576 2172 εὐλόγοις
1612 2095 1704 2150 καῖ
1737 2098 2002 2174 τεταγμέ-

342 2206 467 2249 ναις
533 2185 808 2263 ἀςρορμαῖς
875 2186 1077 2242 ἐθέλειν
1136 2188 1469 2262 κεχρῆσθαι,
1535 2186 1665 2242 ἀλλ’
1745 2188 2002 2263 ἑτέρωθεν

346 2280 534 2344 ζητεῖν
564 2277 627 2330 τὸ
673 2283 773 2345 τῆς
824 2276 1013 2354 χρείας
1062 2277 1288 2346 ἑστηκὸς
1335 2275 1684 2352 θεραπεύειν;
1737 2279 1831 2332 Καὶ
1893 2280 2000 2352 μὴν

346 2363 400 2416 εἴ
435 2366 510 2437 μὴ
541 2364 757 2426 τούτοις
790 2364 1016 2419 ένταῦθπο
1047 2364 1372 2440 χρησόμεθα
1418 2362 1619 2435 δήπου,
1661 2359 1835 2439 ἔγωγε
1888 2366 2000 2441 οὐχ

347 2453 487 2526 ὁρῶ.
535 2455 686 2527 Παρά
733 2455 901 2508 πάντα
930 2451 976 2508 δ’
1009 2453 1181 2509 ἐκεῖνο
1227 2453 1394 2528 λέγω,
1433 2455 1507 2516 ὡς
1549 2455 1594 2508 εἰ
1637 2456 1732 2527 μὲν
1777 2459 1876 2521 τῆς
1922 2456 1996 2517 εἰς

343 2535 518 2596 ἔπειθ’
557 2541 731 2598 ε’ίνεκα
773 2544 963 2616 χρείας
1013 2543 1165 2599 ταυτὶ
1224 2543 1456 2619 πρόσθεν
1514 2543 1844 2611 υυνείλεκτο,
1904 2545 1996 2599 καὶ

343 2631 488 2704 πρὸς
535 2635 702 2686 τοῦτο
749 2630 876 2707 ἔσχε
921 2634 1020 2700 τήν
1069 2632 1356 2711 ἀναφερᾶν,
1416 2632 1624 2707 ἀνάγκη
1677 2637 1820 2686 πᾶσα
1868 2633 1996 2688 ταύ-

342 2741 451 2790 της
495 2721 609 2777 νυνὶ
656 2722 1124 2798 παραγενομένης,
1179 2720 1348 2795 μηδὲν
1394 2723 1456 2778 τὸ
1497 2723 1748 2799 παράπαν
1780 2723 1996 2786 τούτοις

346 2807 730 2880 ἐνδοιάζοντας
777 2813 1036 2886 χρῆσθαι,
1094 2810 1186 2866 ’ἱνα
1242 2813 1330 2866 καὶ
1387 2811 1451 2867 τὸ
1503 2811 1828 2887 γιγνόμενον
1889 2813 1996 2867 σώ-

349 2906 535 2970 ζηται,
585 2901 675 2954 καὶ
727 2898 1108 2974 μηδειστισοῦν
1154 2902 1414 2977 εἰσφέρων
1463 2899 1605 2976 ἀλγῇ
1635 2921 1647 2934 ·
1693 2903 1784 2956 καὶ
1816 2923 1994 2976 προσ-

349 2989 432 3043 ἐτι
473 2989 854 3063 παρελθούσης
904 2997 1004 3060 τῆς
1066 2990 1256 3066 χρείας
1322 2991 1412 3045 καὶ
1478 2994 1585 3044 τῶν
1648 2992 1988 3065 πραγμάτων

346 3079 407 3132 εὗ
466 3079 844 3146 καθεστώτων,
899 3080 1031 3151 μετά
1087 3078 1538 3157 περιφανεστέρας
1595 3079 1682 3133 καὶ
1747 3080 1991 3152 μείζονος

341 3169 445 3230 τῆς
484 3168 806 3239 προσθήκης
849 3165 998 3226 αὖθις
1054 3166 1263 3222 τούτων
1321 3165 1643 3236 πλησθῶσιν
1691 3167 1742 3221 οἱ
1792 3169 1991 3237 θησαυ-

341 3257 454 3330 ροί.
489 3255 555 3310 Εἴ
584 3252 630 3308 δ’
662 3253 814 3309 οὐδὲν
845 3253 1092 3310 τοιοῦτόν
1121 3254 1286 3326 ἐστιν,
1319 3257 1453 3330 ὅπερ
1483 3255 1795 3330 ἀμήχανον,
1843 3255 1990 3312 ἀλλὰ

340 3345 572 3418 περιττή
624 3365 706 3406 τις
734 3342 923 3408 ἄλλως
967 3343 1074 3415 ὕλη
1128 3344 1188 3400 ἐκ
1235 3345 1550 3420 περιουσίας
1597 3347 1681 3400 ὅτι
1723 3345 1990 3417 πλείστης

342 3432 423 3494 εἷς
456 3431 608 3488 οὐδὲν
642 3430 759 3488 δέον
793 3435 1039 3504 ξυστᾶσα.
1078 3433 1169 3489 καὶ
1211 3433 1354 3489 οὕτω
1394 3433 1539 3489 πολὺ
1581 3434 1796 3508 μᾶλλον
1848 3455 1991 3510 χρη-

344 3521 494 3578 στέον
541 3522 702 3596 αὐτῇ,
735 3523 808 3585 ὡς
850 3523 910 3578 ἂν
961 3521 1260 3594 ἀσυντελής
1293 3543 1377 3583 τις
1417 3524 1569 3594 οὖσα,
1619 3523 1880 3592 συντελὴς
1912 3524 1989 3586 ὡς

347 3610 587 3684 μάλιστα
651 3611 873 3685 γένηται
919 3616 1010 3666 καί
1084 3617 1201 3673 τοῖς
1258 3613 1570 3688 πράγμασιν
1639 3610 1691 3666 ἒν
1760 3617 1983 3686 καιρῷ·

342 3702 684 3775 πανταχόθεν
719 3701 808 3755 οὖν
846 3699 958 3756 ἐστι
1003 3698 1195 3771 δῆλον,
1236 3702 1312 3766 ὡς
1350 3698 1452 3778 ἄρα
1487 3699 1706 3764 τούτδις
1750 3701 1984 3778 ἀνάγκη,

343 3790 472 3846 ὅταν
502 3790 710 3866 ἀνάγκη
743 3812 825 3854 τις
857 3791 1006 3867 ἐπίῃ,
1035 3794 1361 3867 κεχρῆσθαι.

406 3882 518 3954 κβ’.
568 3882 637 3958 ’ῼ
682 3877 740 3936 δὲ
794 3879 1032 3955 μάλιστα
1079 3882 1293 3936 πάντων
1351 3883 1686 3960 ἀχθόμενος,
1749 3878 1986 3953 μάλιστα

334 3970 554 4024 πάντων
613 3970 915 4023 πεπαῦσθαι
978 3966 1256 4043 βούλομαι
1313 3965 1403 4023 διὰ
1479 3974 1597 4039 σοῦ,
1655 3972 1816 4024 τοῦτο
1873 3966 1983 4040 ἤδη

334 4060 634 4133 προσθήσω
675 4063 795 4120 τοῖς
845 4056 1180 4132 εἰρημένοις,
1225 4061 1325 4124 τῆς
1381 4058 1477 4130 μὲν
1536 4057 1704 4127 αὐτῆς
1760 4055 1982 4120 ἐκείνοις

335 4147 518 4218 δήπου
560 4145 904 4222 διορθώσεως
949 4151 1160 4222 χρῇζον
1210 4148 1301 4202 καὶ
1348 4155 1449 4217 τῆς
1495 4145 1764 4217 σπουδῆς,
1810 4167 1984 4222 παρα-

330 4238 534 4310 νομίας
577 4235 636 4291 δὲ
689 4235 865 4292 ε’ίνεκα
912 4237 1130 4292 τοσοῦτ’
1187 4235 1342 4291 ἐκεῖν’
1395 4234 1722 4306 ἀπολεῖπον,
1769 4236 1843 4298 ὡς
1892 4234 1983 4290 καὶ

330 4329 518 4399 θηρῶν
584 4326 940 4401 ἀγριωτάτων
995 4327 1144 4380 τοῦτ’
1193 4325 1325 4380 εἶναι
1374 4328 1541 4404 φῆσαι
1575 4323 1789 4398 μᾶλλον
1829 4325 1984 4395 ἢτοῦ

325 4417 450 4471 καθ’
479 4417 629 4488 ἡμᾶς
682 4415 984 4493 πεφυκότος
1010 4431 1024 4445 ⁶
1067 4414 1132 4469 τὸ
1184 4415 1288 4490 γὰρ
1333 4413 1466 4478 τοὺς
1512 4412 1579 4468 τὰ
1622 4412 1830 4491 σφέτερ’
1877 4411 1983 4468 αύ-

324 4511 438 4562 τῶν
492 4507 672 4582 σκάφη
714 4511 840 4581 παρ’
902 4508 1221 4560 ἁστινασοῦν
1279 4509 1387 4560 τῶν
1445 4504 1623 4560 ἀκτῶν
1681 4503 1983 4579 καταγνύν-

325 4617 428 4659 τας
474 4596 568 4651 καὶ
626 4598 885 4671 ναυηγίας
945 4595 1319 4670 πειρωμένους
1377 4593 1608 4664 ἀτόπου,
1667 4588 1834 4649 ἔπειτ’
1877 4589 2061 4672 οὐχι)

325 4686 458 4741 ὅσον
505 4684 763 4760 προνοίας
814 4685 960 4762 παρὰ
1004 4689 1112 4740 τῶν
1159 4685 1509 4759 προσχώρων
1552 4684 1586 4754 ἢ
1631 4687 1761 4759 γοῦν
1808 4702 1986 4757 παρα-

328 4773 531 4847 μυθίας
589 4774 914 4843 ἡστινοσοῦν
973 4773 1302 4843 ἀπολαύσιν,
1359 4771 1507 4828 ἀλλὰ
1563 4771 1654 4826 καὶ
1712 4791 1984 4826 συνεπιτι-

327 4866 591 4938 θεμένους
648 4862 887 4924 τούτους
951 4861 1148 4938 ἴσχειν,
1214 4863 1305 4918 καὶ
1381 4865 1811 4938 συγκροτοῦττας
1866 4865 1984 4924 πῶς

327 4953 389 5007 ἃν
423 4951 597 5014 εἷ’ποις
627 4954 726 5021 τήν
761 4953 960 5027 τύχην.
1011 4950 1222 5026 μᾶλλον
1268 4949 1326 5006 δὲ
1367 4952 1459 5006 καὶ
1506 4949 1706 5023 πολλῷ
1756 4951 1988 5025 παριόν-

330 5061 452 5110 τας,
484 5062 508 5096 ε
549 5042 672 5117 ῗπερ
737 5041 770 5095 ἃ
834 5039 1010 5112 ἐκείνη
1079 5046 1323 5118 παρεῖκε,
1404 5041 1556 5094 ταῦθ’
1623 5040 1776 5094 οὗτοι
1840 5040 1986 5113 παρά

330 5130 510 5185 πάντα
576 5126 964 5204 διαρπάζουσιν
1034 5130 1240 5192 οἶκτον,
1333 5129 1619 5208 ὑπερφυῶς
1687 5124 1860 5182 δεινόν
1925 5147 1984 5182 τε

330 5219 424 5276 καὶ
480 5222 548 5289 ἧς
593 5216 698 5272 οὐκ
740 5217 799 5273 ἄν
848 5217 1016 5274 εἰπεῖν
1063 5217 1328 5291 δυναίμην
1388 5218 1708 5291 κακίας
1765 5215 1822 5271 Τί
1880 5216 1984 5292 γὰρ

328 5309 394 5363 ἂν
461 5308 646 5363 οὗτοσὶ
714 5305 882 5364 πλέον
947 5308 999 5362 ἐν
1068 5307 1293 5384 πελάγει
1368 5305 1708 5368 κινδυνεύσας
1779 5305 1979 5374 ὑπέστη

329 5399 486 5456 ὁπότ’
521 5397 571 5468 ἐξ
607 5398 860 5472 ἡμισείας
904 5394 1206 5476 βεϐλάφθαι
1255 5396 1343 5453 διὰ
1389 5399 1480 5454 τὸν
1528 5396 1695 5452 τόπον
1728 5395 1980 5470 νομίσας,

406 5603 486 5674 (l)
514 5600 842 5674 Scelestum
885 5602 1043 5659 hunc
1073 5618 1294 5660 morem
1335 5603 1407 5659 ab
1447 5602 1775 5660 Andronico
1823 5601 1981 5674 Ian:

333 5672 629 5749 tiquatum
687 5673 869 5734 fuisse
923 5675 1004 5734 ait
1034 5675 1394 5750 Ephrmmius
1427 5691 1478 5735 ν.
1517 5675 1661 5732 5285
1689 5689 1820 5749 sqq.
1869 5672 1982 5732 Sed

2180 749 2270 805 2t.
2305 750 2453 806 Illud
2512 765 2763 822 quoque,
2797 750 2947 821 quod
2990 749 3049 805 in
3109 753 3366 822 pecuniae
3399 749 3642 824 penuria
3681 750 3754 806 ad

2111 857 2478 914 subditorum
2512 873 2651 930 opes
2695 857 3016 924 recurritis,
3066 874 3179 914 non
3227 858 3356 915 sine
3392 859 3446 916 vi
3495 860 3748 930 quadam

2110 963 2234 1019 fieri
2265 963 2431 1034 solet,
2478 981 2582 1021 nec
2632 981 2784 1022 curse
2821 969 3070 1036 paternas
3129 981 3307 1037 quam
3340 965 3467 1022 istis
3505 966 3750 1035 debetis,

2110 1071 2394 1128 convenit.
2443 1074 2606 1128 Adde
2663 1074 2814 1144 quod
2863 1073 3024 1145 prius
3053 1089 3230 1144 quam
3259 1072 3404 1145 ipsis
3433 1074 3579 1129 bene
3609 1073 3758 1129 faci-

2110 1179 2205 1248 tis,
2239 1182 2637 1239 exactionibus
2679 1183 2886 1239 vestris
2917 1182 3066 1239 male
3112 1181 3185 1238 iis
3238 1181 3447 1250 facitis,
3479 1181 3638 1252 quod
3665 1181 3754 1239 vel

2109 1301 2224 1343 non
2256 1287 2441 1344 coacti
2472 1289 2756 1345 tributum
2789 1288 3095 1345 solverent.
3119 1287 3228 1344 Ubi
3250 1291 3446 1345 autem
3470 1303 3751 1360 magnum

2108 1393 2234 1449 auri
2268 1395 2743 1467 pondus,argenti
2775 1400 2832 1452 et
2851 1395 3112 1468 lapidum
3145 1394 3528 1467 pretiosorum
3560 1394 3755 1450 abun-

2109 1502 2306 1559 dantia
2327 1502 2401 1559 ad
2431 1503 2730 1576 publicum
2750 1519 2912 1560 usum
2936 1507 3022 1560 est
3050 1503 3361 1573 destinata,
3377 1501 3476 1559 ubi
3498 1501 3752 1574 primum

2108 1628 2303 1668 rerum
2334 1612 2612 1682 angustiae
2653 1615 2883 1682 urgent,
2915 1612 3002 1666 fas
3043 1627 3157 1668 non
3189 1615 3279 1666 est
3309 1610 3436 1666 aliis
3467 1625 3639 1682 quam
3673 1608 3754 1666 le-

2107 1719 2322 1788 gitimis
2371 1719 2698 1775 rationibus
2757 1736 2791 1774 a
2845 1718 3069 1774 civibus
3127 1717 3434 1790 pecuniam
3494 1733 3750 1788 poscere.

2106 1825 2389 1897 Equidem
2419 1830 2573 1882 certe
2605 1841 2724 1882 rem
2758 1830 2823 1881 ut
2869 1825 3131 1896 iniquam
3165 1823 3542 1896 reprehendo.
3588 1823 3750 1888 Quod

2110 1931 2154 1988 si
2187 1929 2312 1988 istm
2363 1931 2614 2002 pecunias
2665 1931 2872 1987 futuris
2923 1929 3358 1987 necessitatibus
3389 1947 3420 1984 a
3465 1927 3750 2002 principio

2110 2043 2406 2095 reservata
2446 2047 2600 2107 sunt,
2671 2039 2940 2112 praesenti
3011 2055 3206 2094 rerum
3269 2037 3610 2094 discrimine
3678 2037 3750 2094 iis

2110 2147 2388 2204 utendum
2421 2151 2529 2214 est,
2547 2147 2626 2202 ita
2641 2151 2704 2202 ut
2731 2162 2926 2202 rerum
2947 2147 3243 2218 angustias
3257 2144 3590 2202 aboleamus
3604 2161 3637 2200 u
3653 2161 3753 2202 no-

2109 2271 2335 2327 quoque
2363 2255 2490 2312 laete
2522 2256 2786 2312 debitum
2800 2256 3079 2312 solvente.
3103 2255 3296 2311 Rebus
3322 2255 3479 2310 enim
3508 2256 3578 2310 ds
3608 2270 3753 2310 novo

2108 2362 2402 2434 prosperis
2440 2379 2582 2435 gaza
2612 2379 2846 2436 quoque
2894 2363 3058 2419 novis
3087 2362 3373 2418 thesauris
3411 2361 3751 2433 replebitur.

2106 2468 2165 2524 Si
2195 2485 2328 2525 vero
2359 2475 2592 2526 econtra
2647 2486 2785 2541 opes
2850 2470 3160 2526 inaccessae
3216 2475 3273 2525 et
3310 2483 3748 2539 supervacanea:

2098 2575 2318 2645 jacent,
2345 2593 2378 2631 a
2413 2576 2633 2632 fortiori
2675 2576 2959 2632 utendum
3008 2577 3092 2632 eis
3145 2580 3232 2631 est
3262 2592 3333 2631 ne
3365 2574 3567 2630 inutile
3598 2590 3750 2647 pon-

2106 2681 2216 2738 dus
2240 2687 2597 2754 putrescant,
2622 2685 2736 2740 imo
2777 2682 3026 2753 publicis
3071 2681 3518 2739 necessitatibus
3556 2681 3751 2737 inser-

2103 2789 2280 2846 viant.
2317 2790 2479 2847 Unde
2510 2795 2665 2863 patet
2695 2793 2850 2863 quod
2903 2791 3150 2847 istarum
3183 2789 3394 2847 auxilio
3453 2805 3558 2846 nos
3606 2805 3753 2862 pras-

2107 2899 2336 2956 munire
2375 2901 2676 2956 debemus.

2164 3881 2254 3937 22.
2286 3881 2430 3937 Huic
2452 3879 2532 3937 rei
2561 3877 2873 3936 fastidiose
2886 3876 3121 3932 tandem
3136 3841 3728 3945 finemimpositurus,

2093 3997 2151 4053 id
2185 4012 2366 4053 unum
2396 3995 2687 4067 adjiciam,
2716 3994 2871 4066 quod
2891 3991 3226 4050 emendacio
3254 4005 3319 4046 ac
3348 3987 3608 4045 studium
3640 3985 3734 4041 ad-

2093 4119 2306 4176 ponere
2338 4103 2501 4157 decet
2531 4115 2880 4170 summaque
2908 4098 3197 4165 cautione,
3231 4100 3294 4151 ut
3321 4112 3356 4150 a
3383 4095 3523 4162 fera,
3566 4098 3738 4149 uten-

2093 4209 2256 4266 dum.
2297 4209 2458 4279 Saepe
2495 4207 2653 4264 enim
2693 4209 2895 4264 contra
2939 4204 3104 4261 littus
3160 4200 3494 4260 naviculam
3548 4199 3743 4256 allidi-

2095 4334 2230 4374 mus
2258 4332 2326 4374 ac
2357 4315 2725 4387 naufragium
2776 4313 3044 4380 facimus,
3078 4311 3220 4382 quin
3252 4308 3457 4366 accola
3488 4306 3744 4380 regionis

2093 4423 2350 4480 solamen
2385 4423 2710 4494 praebeant;
2731 4423 2965 4477 econtra
2995 4419 3151 4492 quod
3191 4417 3426 4474 fortuna
3462 4415 3590 4486 ipsa
3619 4429 3733 4471 non

2093 4531 2303 4602 rapuit,
2333 4529 2447 4602 ipsi
2505 4527 2901 4584 inhumaniter
2945 4525 3201 4599 eripiunt
3249 4541 3313 4581 ac
3354 4524 3476 4580 vitae
3509 4522 3733 4594 copiam

2093 4653 2160 4696 ac
2189 4636 2522 4694 facultatem
2571 4635 2952 4708 precludunt.
2987 4633 3132 4700 Quid
3177 4632 3334 4689 enim
3392 4630 3483 4686 hic
3539 4629 3599 4684 in
3638 4643 3735 4699 pe-

2093 4744 2344 4801 riculoso
2375 4744 2518 4800 mari
2574 4742 2808 4814 gravius
2865 4741 3019 4809 tulit,
3052 4745 3154 4796 aut
3181 4739 3277 4795 ille
3316 4738 3418 4810 qui
3461 4734 3738 4792 monstris

2094 4851 2336 4908 marinis
2367 4851 2560 4923 praada
2616 4849 2802 4906 factus
2833 4848 2963 4905 est?
2989 4850 3064 4904 At
3094 4850 3434 4902 contentum
3493 4857 3620 4898 sese
3651 4840 3738 4896 di-

2094 4974 2223 5015 cere
2252 4958 2337 5014 fas
2363 4965 2469 5024 est,
2518 4956 2836 5013 dummodo
2895 4954 3036 5012 solis
3081 4953 3277 5010 lumen
3322 4950 3515 5007 videre
3543 4951 3734 5015 detur,

2093 5083 2199 5123 nec
2227 5065 2386 5123 aliud
2441 5081 2714 5138 qumrere.
2760 5063 3042 5136 Equidem
3075 5076 3357 5134 perquam
3389 5058 3538 5115 scire
3567 5055 3738 5126 cupio

2093 5175 2166 5241 si,
2198 5174 2256 5231 in
2291 5173 2472 5230 simili
2523 5189 2686 5243 casu,
2716 5173 2873 5228 idem
2902 5170 3218 5237 sentiretis,
3251 5171 3354 5223 aut
3384 5165 3555 5238 plane
3591 5179 3738 5220 con-

2092 5283 2358 5352 trarium,
2399 5286 2456 5338 et
2487 5297 2589 5354 per
2635 5288 2941 5352 utramque
2971 5278 3264 5333 fortunam
3297 5273 3369 5330 ad
3401 5271 3738 5342 resipiscen-

2090 5390 2225 5446 tiam
2259 5405 2326 5445 ac
2369 5387 2654 5444 rationem
2703 5381 3123 5441 reverterimini
3153 5381 3225 5438 ad
3278 5378 3506 5438 facilius
3547 5377 3735 5435 feren-

2091 5594 2226 5678 hing
2255 5598 2497 5678 apparet
2518 5587 2828 5678 latrocinio
2858 5588 3070 5644 iterum
3101 5584 3420 5642 indulsisse
3449 5599 3635 5656 usque
3663 5582 3736 5640 ad

2088 5662 2487 5728 Andronicum
2518 5664 2570 5723 ll
2607 5662 2852 5722 Gracos.
