3982 6216
381 331 502 394 483

1687 328 2086 394 THEODULI
2129 326 2489 390 MONACHI

3669 326 3791 389 484

387 470 524 526 dam
581 467 994 525 calamitatem.
1024 467 1140 525 Vos
1198 471 1353 526 certe
1382 483 1506 526 rem
1545 468 2020 526 absurdissimam

2143 463 2172 518 ὁ
2204 461 2262 519 δὲ
2315 463 2408 519 καὶ
2456 462 2657 518 τούτου
2703 460 3132 540 δυσχερεστέρων
3177 462 3470 537 τετύχηκε,
3513 461 3605 518 καὶ
3671 463 3789 536 μείο

387 575 652 632 l’aceretis
699 574 751 630 si
797 573 952 646 quod
983 573 1096 647 ipsi
1150 573 1573 648 reprehenditis
1629 575 1772 632 alios
1801 573 2036 646 impune

387 683 577 740 facere
621 681 1006 752 arbitramini,
1061 698 1176 739 non
1208 685 1534 740 metuentes
1584 699 1657 738 ne
1687 681 1900 739 fulmen
1925 697 2032 737 caa-

379 791 528 848 leste
556 793 616 846 in
673 795 848 863 caput
875 794 1128 848 vestrum
1162 801 1310 848 ruat.
1371 793 1434 848 ld
1492 809 1624 850 eum
1663 792 2030 866 cauponibus

380 904 505 954 tum
541 899 760 954 ceteris
813 898 1088 956 omnibus
1153 915 1325 972 grave
1354 915 1480 957 esse
1521 904 1696 972 patet.
1749 899 1811 956 Si
1868 899 2026 956 enim

385 1010 736 1061 mercatores
775 1005 876 1078 qui
907 1005 1082 1062 vitam
1124 1014 1380 1062 nostram
1435 1012 1767 1064 sustentant
1803 1023 2026 1064 merca-

385 1115 578 1166 turam
619 1111 806 1168 lacere
832 1110 1181 1182 desinerent,
1203 1113 1274 1168 de
1295 1111 1462 1170 nobis
1485 1114 1608 1185 jam
1641 1130 1755 1170 non
1769 1112 2026 1186 amplius

383 1216 644 1286 solliciti,
676 1216 924 1289 quilibet
961 1217 1157 1275 videre
1187 1223 1378 1290 potest
1406 1219 1544 1292 quid
1586 1220 1722 1278 inde
1751 1222 1828 1278 sit
1855 1235 2025 1277 even-

381 1329 604 1381 turum.
636 1323 839 1380 Nonne
884 1323 944 1380 in
984 1323 1085 1380 tali
1141 1341 1335 1382 rerum
1367 1329 1520 1382 statu
1550 1309 1733 1384 vitam
1787 1342 1905 1384 non
1936 1327 2026 1383 vi-

379 1431 555 1488 talem
585 1431 938 1489 haberemus
956 1431 985 1487 ?
1001 1432 1320 1490 Maximum
1343 1434 1729 1509 sanezmalum
1743 1435 1879 1492 inde
1898 1452 2025 1493 sur-

382 1545 560 1611 geret,
593 1536 687 1594 cui
717 1537 786 1604 si,
817 1538 993 1594 vitam
1023 1541 1456 1610 emendaturus,
1491 1539 1711 1597 mederi
1739 1540 2022 1608 velie,duo

383 1643 697 1702 ell'eceris:
757 1649 1139 1702 mercatorum
1193 1646 1422 1705 animos
1477 1647 1743 1720 augebis,
1803 1648 2023 1721 quibus

374 1752 657 1824 injuriam
689 1752 876 1809 facere
921 1753 1139 1810 nemini
1171 1753 1389 1826 licebit,
1425 1763 1478 1810 et
1507 1771 1623 1812 non
1647 1756 1800 1813 circa
1825 1757 2025 1813 omnia

380 1861 594 1932 quibus
623 1876 770 1932 opus
791 1860 1098 1930 habemus,
1129 1861 1342 1920 mirum
1375 1867 1658 1935 quantum
1711 1863 2024 1920 abundabi-
2054 1849 2100 1916 Β

377 1983 529 2024 mus.

452 3248 544 3304 23.
574 3246 660 3303 Tu
703 3261 872 3318 porro
903 3243 1048 3300 illud
1107 3259 1338 3316 quoque
1367 3247 1432 3299 ut
1483 3242 1804 3300 attentione
1860 3243 2022 3300 omni
2051 3225 2094 3293 α

381 3352 557 3427 plane
603 3353 846 3426 dignum
905 3350 1228 3420 considera,
1269 3354 1335 3406 ut
1395 3352 1568 3407 urbes
1617 3366 1732 3406 non
1791 3366 2022 3408 annona

377 3461 698 3529 abundent,
729 3459 831 3516 sed
863 3463 928 3515 ut
957 3458 1029 3514 iis
1058 3457 1332 3514 omnibus
1363 3457 1576 3529 quibus
1605 3457 1724 3514 vita
1753 3473 1898 3530 opus
1930 3458 2021 3514 ha-

372 3568 491 3638 bet,
524 3565 743 3639 repleta
785 3565 923 3634 sint,
957 3579 1062 3620 nec
1092 3579 1228 3620 vero
1255 3563 1444 3634 turpis
1491 3561 1636 3618 lucri
1669 3563 1854 3635 gratia
1893 3563 2020 3637 pri-

365 3675 556 3732 vativa
595 3671 888 3731 commodi
931 3687 1089 3744 ergo,
1119 3671 1222 3726 sed
1267 3674 1332 3726 ut
1360 3669 1518 3725 omni
1557 3673 1836 3742 tempore,
1867 3687 2020 3742 prs:-

369 3781 538 3854 cipue
568 3785 762 3838 autem
794 3779 852 3835 in
884 3793 1077 3834 rerum
1111 3777 1308 3850 inopia
1337 3777 1473 3833 inde
1521 3792 1782 3848 promere
1826 3777 2016 3845 liceat,

371 3889 474 3945 tibi
513 3889 746 3962 quidem
806 3903 884 3944 aes
912 3883 1300 3942 necessarium
1351 3884 1422 3940 ad
1455 3899 1826 3940 communem
1856 3883 2014 3940 salu-

367 3999 486 4052 tem
519 3993 934 4068 propriumque
963 3991 1050 4048 tul
1079 3991 1266 4064 ipsius
1292 3989 1594 4048 honorem.
1625 3991 1685 4047 Si
1715 3990 1872 4047 enim
1896 3991 2016 4047 fos-

363 4115 462 4172 sas,
508 4100 744 4171 moenia,
786 4097 1349 4156 circumvallaticnes
1406 4101 1462 4154 et
1519 4096 1851 4168 hujusmodi
1904 4095 2016 4152 alla

365 4211 544 4268 urbes
574 4213 754 4267 tectas
783 4217 1085 4282 sartasque
1115 4208 1376 4277 reddere,
1404 4207 1798 4264 valentannon
1832 4205 2012 4262 multo

367 4319 578 4392 magis,
629 4316 878 4391 pecunia
907 4317 1148 4389 insuper
1187 4316 1494 4374 accedente
1520 4315 1550 4372 ?
1593 4313 1735 4371 Mihi
1775 4313 2011 4386 quidem

364 4424 536 4482 urbes
567 4439 810 4480 nummo
839 4426 1101 4480 carentes
1131 4422 1329 4480 minus
1363 4421 1666 4480 commode
1687 4419 2012 4478 obsidionis

362 4531 622 4604 bellique
675 4530 906 4588 labores
955 4535 1181 4602 portare
1224 4545 1391 4601 posse
1436 4528 1753 4598 videntur;
1833 4543 2008 4601 opum

359 4655 494 4697 vero
551 4637 768 4696 auxilio
809 4635 1020 4693 muniti
1080 4651 1431 4709 quacunque
1478 4635 1698 4692 ratione
1739 4633 2004 4692 resistere

363 4752 654 4822 poterunt.
687 4744 1082 4804 Proculdubio
1110 4745 1414 4818 igituristo
1445 4759 1676 4816 quoque
1707 4757 2002 4801 armorum

362 4867 572 4928 genere
599 4851 769 4908 urbes
791 4851 1089 4908 instructae
1114 4865 1243 4908 esse
1261 4849 1590 4924 ,debebunt.

432 5303 524 5360 24.
553 5301 684 5360 Jam
716 5319 849 5376 quae
879 5301 1127 5359 dicenda
1171 5300 1412 5358 veniunt
1450 5296 1689 5356 maximi
1725 5295 2005 5354 momenti

363 5432 506 5486 sunt
533 5433 592 5486 et
617 5429 792 5502 digna
837 5445 964 5502 que
1021 5443 1231 5501 agmen
1287 5425 1580 5494 claudant,
1635 5422 1770 5480 licet
1819 5436 2004 5478 unum

362 5546 568 5602 contra
593 5543 754 5618 leges
796 5544 894 5615 sit,
926 5543 1178 5602 alterum
1225 5542 1444 5617 optima
1472 5537 1804 5599 conditione
1839 5536 2004 5595 vobis

361 5658 737 5734 relinquatur.
769 5661 830 5719 Si
859 5661 1018 5721 enim
1049 5676 1272 5732 eorum,
1307 5659 1408 5734 qui
1453 5659 1741 5716 honorum
1770 5669 2005 5714 succes-

2143 559 2296 624 ζονος
2335 553 2559 610 ἐνταῦθα
2608 551 2698 607 διά
2741 553 2870 613 τοὺς
2925 552 3134 608 κάκιστ’
3191 550 3611 624 ἀπολλυμένους
3667 573 3788 606 tou-

2137 642 2291 698 τουσὶ
2337 646 2514 720 γῦπας
2560 639 2816 716 ἐπειράθη
2865 644 2964 696 τοῦ
3021 641 3230 710 σάλους
3289 638 3442 710 Πλὴν
3499 642 3552 695 εἴ
3612 645 3780 696 τοῦτο

2140 730 2376 809 λέγοιεν,
2425 730 2507 787 ὅτι
2552 731 2792 806 περίεστι
2847 731 2937 786 καὶ
2995 731 3090 786 τὸν
3157 728 3320 800 ἥλιον
3383 728 3630 804 βλέπειν,
3695 731 3787 784 καί

2138 818 2224 876 δεῖ
2266 820 2483 884 τούτοις
2540 821 2744 897 ἀγαπᾷν
2805 817 2894 874 διὰ
2947 824 3135 887 ταῦτα,
3201 817 3290 873 καί
3360 817 3529 892 μηδὲν
3585 839 3790 894 περαι-

2134 911 2276 985 τέρω
2321 915 2502 980 ζητεῖν
2545 909 2635 964 καὶ
2680 907 3048 984 προσ-ἕξεσθαι.
3097 905 3301 971 Ἠδέως
3357 905 3404 962 δ’
3453 908 3516 963 ἂν
3569 908 3786 963 τούτων

2134 1001 2436 1074 πυθοίμην,
2474 1000 2678 1075 πότερα
2722 999 2923 1070 ταύτην
2971 996 3061 1052 καί
3107 999 3232 1072 περὶ
3282 999 3433 1072 ὑμῶν
3481 995 3546 1052 ἂν
3602 998 3786 1053 αὐτῶν

2135 1090 2395 1164 ἠνέγκατε
2438 1090 2641 1168 ψῆφον,
2691 1088 2736 1144 εἰ
2781 1093 3032 1144 τοιοῦτον
3078 1087 3205 1161 ὑμῖν
3245 1088 3579 1163 συνηνέχθη,
3607 1086 3646 1158 ἢ
3677 1093 3787 1142 πᾶν

2131 1178 2441 1234 τούναντίον
2487 1176 2626 1234 ὥστε
2683 1175 2973 1256 φροντίδος
3027 1176 3118 1232 καὶ
3162 1176 3499 1251 προμηθείας
3557 1175 3621 1232 ἐκ
3677 1181 3788 1232 τῶν

2135 1267 2362 1324 ἐνόντων
2425 1267 2721 1344 τυγχάνειν
2785 1268 2878 1322 καὶ
2961 1266 3322 1344 συνεισφέρειν
3405 1262 3516 1322 ἄττ’
3583 1261 3787 1337 ἔξεστιν

2133 1357 2344 1415 θ’ίκοθεν
2386 1356 2634 1432 ἕκαστον,
2687 1357 2776 1414 καὶ
2833 1357 3007 1414 πάντα
3054 1355 3182 1434 δρᾷν
3237 1357 3320 1436 ἐφ’
3376 1356 3424 1429 ᾧ
3467 1359 3569 1427 τήν
3631 1359 3790 1430 συμ-’

2133 1449 2302 1528 φοράν
2343 1447 2484 1518 ἒξετε
2720 1449 2830 1505 Εἶτ’
2881 1448 2974 1504 οὖν
3015 1447 3236 1504 πάντων
3285 1447 3642 1502 ἀτοπώτατοι
3675 1444 3711 1500 a
3750 1467 3785 1521 γ

2132 1539 2233 1594 οὐκ
2272 1537 2333 1592 ἃν
2381 1533 2616 1608 έδὲξασθ⁹
2664 1537 2822 1611 ὑμεῖς
2878 1535 2928 1592 εἰ
2977 1539 3052 1612 μή
3099 1535 3418 1610 μαινόμενοί
3456 1557 3602 1598 τινες
3660 1538 3785 1605 ἦτε,

2129 1630 2280 1682 ταῦτ’
2321 1625 2594 1696 ἀξιοῦντες
2643 1629 3049 1701 σωφρονοῦντας
3096 1627 3224 1688 τοὺς
3281 1623 3489 1686 ἄλλους
3545 1624 3610 1680 οὐ
3673 1621 3788 1678 δώ-

2129 1736 2240 1772 σειν
2269 1713 2446 1770 ο⁹ίεσθε
2477 1714 2652 1787 δίκην,
2691 1716 2780 1771 καὶ
2821 1716 2957 1770 κατά
2993 1723 3094 1786 τῆς
3139 1715 3293 1790 ὑμῶν
3347 1713 3598 1794 κεφαλῆς
3648 1712 3782 1775 τοὺς

2130 1803 2182 1878 ἐξ
2233 1804 2464 1878 ούρανοῦ
2514 1807 2758 1876 κινήσειν
2817 1805 3132 1876 σκηπτούςς
3194 1804 3291 1859 Καὶ
3353 1805 3464 1877 μὴν
3518 1803 3604 1857 ὅτι
3661 1809 3787 1866 τοῖς

2137 1893 2402 1969 ἐμπόροις
2433 1893 2494 1950 οὗ
2539 1895 2699 1969 μόνον
2729 1894 3090 1970 παγχάλεπον
3138 1897 3321 1961 τοῦτο,
3358 1891 3506 1948 ἀλλά
3549 1892 3644 1948 καὶ
3676 1897 3790 1947 πᾶ-

2137 2006 2218 2040 σιν
2251 1983 2556 2058 ἀνθρώποις
2603 1983 2943 2059 λυμαίνεται,
2981 1982 3152 2054 δῆλον
3199 1983 3422 2040 ἐκεῖθεν.
3476 1983 3540 2039 Εἰ
3591 1983 3700 2059 γὰρ
3730 1983 3790 2038 αἱ

2139 2075 2235 2148 μὲν
2301 2073 2588 2150 ἐμπορεῖαι
2659 2072 2729 2129 δι’
2793 2074 2868 2128 ὧν
2954 2074 3242 2150 πορίζουσι
3333 2070 3578 2128 ἑκάστοθ’
3646 2074 3792 2146 ἡμῖν

2135 2167 2408 2218 συνιστᾶσι
2473 2161 2566 2218 τόν
2635 2161 2774 2238 βίον,
2839 2162 3043 2224 ταύτας
3082 2159 3140 2217 δὲ
3184 2161 3384 2236 ἀνάγκη
3449 2162 3787 2232 πεπαῦσθαι,

2135 2253 2251 2315 ἑνὸς
2311 2249 2546 2326 μηδενὸς
2603 2249 2682 2308 ἔτι
2729 2252 2838 2308 τῶν
2865 2249 3124 2326 ἐμπόρων
3183 2247 3276 2306 διὰ
3319 2252 3384 2306 τὸ
3445 2255 3618 2306 ταῦτα
3667 2251 3788 2306 πείο

2134 2343 2315 2397 σεσθαι
2372 2339 2680 2418 προσδοκᾷν
2761 2339 3126 2417 βουληθέντος
3173 2342 3416 2416 χρῆσθαι
3462 2344 3532 2414 τῇ
3582 2341 3783 2415 τέχνῃ,

2132 2437 2253 2496 πῶς
2281 2430 2390 2508 ούχ
2427 2433 2456 2486 ’ὀ
2507 2430 2656 2507 λέγω
2701 2426 3076 2508 προϐήσεταις
3130 2435 3254 2493 Πῶς
3307 2426 3354 2484 δ’
3406 2429 3506 2484 οὐκ
3552 2427 3615 2484 ἃν
3674 2437 3783 2500 τῆς

2133 2519 2367 2576 ἐντεῦθεν
2424 2519 2768 2596 προμηθείας
2823 2519 3189 2592 κλεισθείσης,
3247 2514 3485 2575 ἀϐίωτον
3545 2515 3785 2595 βιωσαί-

2138 2612 2272 2684 μεθα
2306 2609 2468 2684 βίονε
2519 2613 2608 2672 Ὡς
2659 2608 2751 2665 οὖν
2792 2609 3048 2686 μεγίστου
3111 2609 3205 2684 μὲν
3264 2607 3522 2682 ἐσομένου
3579 2612 3782 2678 κακοῦ,

2133 2698 2184 2754 εἴ
2219 2701 2364 2754 τοῦθ’
2415 2696 2561 2755 οῧτω
2610 2693 2987 2774 προϐήσεταιο
3036 2699 3104 2770 ἢν
3155 2695 3213 2754 δὲ
3266 2698 3510 2769 καθάπαξ
3569 2698 3781 2773 ἀνέλῃς

2133 2785 2192 2840 εὖ
2223 2788 2472 2857 ποιήσων
2499 2788 2592 2842 τὸν
2627 2788 2772 2863 βίον,
2805 2785 2864 2842 εὖ
2911 2784 3017 2842 οἶδ’
3049 2786 3135 2843 δτι
3180 2785 3507 2847 σπουδάσεις
3543 2784 3636 2840 δύ’
3661 2788 3782 2842 ἀνθ’

2131 2877 2248 2939 ἑνὸς
2304 2878 2605 2952 εἰργάσθαι.
2664 2876 2792 2942 τούς
2845 2897 2904 2934 τε
2959 2876 3241 2952 ἐμπόρους
3307 2877 3781 2953 προθυμοτέρους,

2127 2972 2208 3039 τῷ
2261 2965 2452 3040 μηδενὶ
2508 2973 2617 3024 τῶν
2685 2968 2938 3024 ἀπάντων
3005 2972 3338 3045 παρανομεῖν
3401 2967 3478 3030 εἷς
3541 2967 3782 3032 τούτους

2130 3055 2346 3127 ἐξεῖναι,
2374 3057 2464 3112 καὶ
2494 3057 2712 3112 πάντων
2753 3058 2826 3112 ὧν
2867 3059 3003 3131 ἡμῖν
3053 3055 3156 3128 δεῖ,
3209 3056 3468 3134 μεγίστην
3514 3057 3605 3112 καὶ
3643 3058 3786 3112 θαυ-

2137 3145 2345 3220 μαστήν
2377 3146 2653 3218 εὐπορίαν.

2197 3237 2301 3312 κγ’.
2335 3235 2406 3292 Σὺ
2449 3237 2633 3310 μέντοι
2681 3237 2817 3312 πρὸς
2865 3241 2983 3300 τοῖς
3036 3235 3232 3300 ἄλλοις
3275 3235 3492 3292 κακεῖνο
3547 3239 3784 3311 σκέψαι,

2133 3325 2222 3382 καὶ
2259 3323 2392 3400 μάλ’
2428 3326 2728 3402 ἀξιόχρεων
2774 3327 2834 3382 ’ὸν
2877 3333 2980 3396 τῆς
3029 3325 3106 3390 εἰς
3153 3328 3326 3382 πάντα
3373 3327 3661 3402 προνοίας,
3717 3329 3782 3381 τὸ

2127 3419 2236 3471 τῶν
2273 3414 2488 3470 πόλεων
2529 3416 2836 3491 ἑκασταχοῦ
2890 3417 2967 3490 μή
3027 3417 3180 3472 σίτου
3240 3416 3432 3490 μόνον,
3493 3413 3645 3470 ἀλλά
3686 3416 3778 3471 καὶ

2127 3509 2234 3560 τῶν
2313 3504 2743 3578 ἀναγκαιοτάτων
2828 3503 3077 3560 ἁπάντων
3142 3509 3341 3578 ταμεῖα
3421 3506 3720 3574 κεκτῆσθαι
3755 3523 3770 3538 ·

2128 3597 2236 3673 οὐχ
2265 3597 2340 3659 ὡς
2383 3595 2820 3672 ἐμπορευόμενος
2869 3595 3069 3670 δήπου,
3116 3595 3232 3654 οὐδ’
3277 3597 3538 3674 ἀγεννοῦς
3585 3595 3770 3652 εἵνεκα

2125 3683 2370 3762 κέρδτυς,
2409 3683 2539 3741 ἀλλ’
2578 3687 2622 3740 ὡ
2661 3686 2721 3741 ἂν
2765 3686 2861 3742 καὶ
2907 3687 3046 3742 κατά
3092 3686 3264 3743 πάντα
3307 3687 3403 3760 μὲν
3452 3683 3635 3758 δήπου
3677 3689 3771 3741 τὸν

2126 3774 2347 3854 χρόνον,
2412 3772 2522 3852 οὺχ
2576 3776 2774 3845 ἣκιστα
2823 3773 2880 3831 δὲ
2927 3774 2978 3831 έν
3033 3775 3361 3852 πραγπάτων
3413 3776 3505 3830 καὶ
3563 3780 3776 3849 καιρῶν

2125 3863 2458 3930 δυσκολίαις,
2482 3865 2612 3919 πᾶσι
2649 3867 2744 3938 μὲν
2780 3870 2899 3926 τοῖς
2946 3864 3143 3930 ἄλλοις
3193 3865 3416 3940 μεγίστη
3445 3885 3530 3926 τις
3579 3866 3774 3934 δνησις

2121 3955 2270 4012 ταῦτ’
2303 3951 2412 4024 εἵη,
2445 3953 2531 4008 σοὶ
2572 3951 2618 4007 δ’
2643 3953 2720 4017 εἷς
2749 3953 2846 4017 τὰς
2889 3955 3022 4030 ὑπὲρ
3071 3958 3168 4010 τοῦ
3209 3953 3369 4028 κοινῇ
3415 3952 3775 4010 λυσιτελοῦν-

2122 4061 2215 4104 τος
2283 4039 2518 4113 δαπάναξ
2579 4043 2888 4115 θαυμαστὸς
2943 4042 3117 4118 πόρος
3172 4041 3498 4118 χρημάτων,
3573 4041 3772 4120 eam»

2123 4130 2357 4204 θρώπως
2415 4129 2506 4185 καὶ
2551 4127 2824 4185 κάλλιστα
2869 4124 3042 4208 ἔχων,
3089 4133 3170 4202 τῷ
3209 4131 3257 4185 θ’
3308 4129 3437 4203 ὑπὲρ
3485 4131 3770 4203 σωτηρίας

2123 4221 2420 4295 ἀνθρώπων
2451 4221 2604 4294 εἶναι,
2634 4224 2714 4292 τῷ
2759 4240 2819 4275 τε
2861 4227 2960 4290 τῆς
3010 4220 3334 4298 γιγνομένης
3378 4226 3549 4293 τιμῆς
3609 4219 3770 4297 ὑιριέ-

2121 4329 2240 4368 ναι’
2281 4312 2464 4366 καίτοι
2513 4310 2559 4366 εί
2616 4311 3031 4386 χαρακωμάτων
3085 4311 3174 4366 καὶ
3230 4311 3448 4388 τάορρων
3509 4309 3601 4365 καὶ
3661 4331 3769 4365 τει-

2122 4405 2241 4478 χῶν
2282 4400 2370 4455 καὶ
2412 4394 2706 4474 προϐόλων
2747 4401 2838 4454 καὶ
2877 4400 3092 4455 πάντων
3120 4403 3230 4456 τῶν
3269 4398 3535 4456 τοιούτων
3576 4395 3766 4454 £631:-

2130 4487 2369 4561 μονίζειν
2429 4482 2540 4542 ἔστι
2593 4487 2691 4550 τάς
2750 4485 2944 4550 πόλεις
3002 4491 3098 4544 τοῦ
3170 4488 3261 4544 καὶ
3317 4491 3426 4542 τῶν
3497 4485 3767 4542 τοιούτων

2039 4599 2086 4664 D
2117 4574 2556 4652 προσαπολαύειν
2611 4571 2761 4654 ἔχεῖν
2819 4576 3077 4650 ἑτοίμως,
3129 4581 3250 4640 πῶς
3313 4575 3375 4630 ού
3444 4576 3762 4649 μειζόνωςς

2116 4667 2276 4724 ’Ἄνευ
2316 4663 2374 4720 δὲ
2418 4664 2636 4737 τούτου,
2691 4666 2747 4720 αἱ
2795 4666 2888 4739 μὲν
2937 4665 3155 4729 ἐκείνως
3210 4664 3539 4739 διακείμεναι
3591 4664 3762 4738 μόνον

2115 4756 2217 4828 ούη
2251 4755 2310 4811 ἄν
2347 4775 2439 4830 μοι
2481 4751 2730 4810 δοκοῦσιν
2771 4754 2826 4810 έν
2864 4760 3082 4831 τυνεχεῖ
3111 4753 3408 4832 πολιορκίᾳ
3445 4754 3534 4808 καὶ
3593 4756 3742 4828 μήκε

2114 4845 2369 4919 πολέμου
2425 4843 2665 4914 καθάπαξ
2726 4842 3018 4920 διευεγκεῖν
3060 4859 3078 4878 ’
3131 4843 3228 4906 τὰς
3295 4841 3354 4898 δὲ
3409 4844 3497 4898 καὶ
3568 4847 3764 4898 τοῦτον

2113 4933 2618 5010 παρεσκευασμένας
2672 4933 2764 4988 τὸν
2819 4933 3045 5008 τρόπον,
3103 4930 3257 4989 οὐδὲν
3327 4932 3405 4987 ὦν
3479 4926 3619 5009 ἔφην
3671 4933 3764 4986 αἱ·

2116 5025 2292 5100 ρήσει,
2331 5023 2394 5078 τὸ
2437 5023 2514 5097 μὴ
2574 5019 2674 5078 οὒκ
2720 5022 2796 5086 εἷς
2843 5020 3004 5088 τέλος
3052 5022 3330 5102 ἀντισχεῖν
3390 5011 3760 5092 δεδυνῆσθαι·

2115 5115 2244 5172 ὥστ’
2273 5115 2582 5191 ἀναγκαίως
2609 5115 2729 5192 ἔχει
2757 5117 2852 5178 τάς
2883 5115 3074 5180 πόλεις
3109 5115 3202 5172 καὶ
3241 5113 3516 5178 τοιούτοις
3561 5113 3766 5176 ὅπλοις

2115 5206 2453 5282 πεφράχθαι.

2184 5294 2290 5355 κδ’.
2321 5295 2398 5354 Ού
2431 5297 2542 5369 μὴν
2572 5295 2826 5352 ἀλλὰκαὶ
2865 5297 2896 5352 ’ὁ
2937 5293 3217 5372 βούλομαι
3259 5293 3461 5372 λέγειν,
3509 5293 3662 5350 οὕτω
3694 5291 3762 5366 δή

2112 5405 2165 5440 τι
2231 5388 2338 5441 τῶν
2399 5383 2846 5460 ἀναγκαιοτάτων
2911 5385 3180 5462 εῒρῆσθαι,
3250 5385 3326 5447 ὡς
3391 5383 3480 5438 καὶ
3565 5383 3762 5438 αὐτίκα

2119 5472 2268 5550 μάλα
2297 5470 2370 5528 δι’
2411 5472 2580 5550 ἄμφω
2630 5478 2800 5531 ταῦτα
2837 5482 3040 5552 χρῆναι
3088 5477 3412 5544 πεπαῦσθαι,
3459 5472 3524 5529 τό
3580 5493 3642 5528 τε
3683 5473 3758 5546 μή

2113 5564 2250 5621 κατὰ
2280 5561 2406 5626 τοὺς
2457 5564 2666 5638 νόμους
2703 5564 2860 5636 εἶναι,
2896 5565 2960 5623 τό
2987 5585 3048 5622 τε
3084 5563 3362 5641 βέλτιστον
3425 5563 3558 5638 ὑμῖν
3610 5561 3761 5617 ὑπει-

2113 5651 2344 5730 λῆφθαι.
2387 5656 2552 5712 Ὅταν
2596 5654 2701 5734 γὰρ
2749 5660 2857 5714 τῶν
2905 5653 2960 5718 ἂν
3007 5659 3088 5732 τῷ
3139 5653 3396 5728 τελευτᾷν
3452 5649 3757 5730 μηδουστι-
