4154 6216
303 335 424 398 485

1452 337 1744 400 ORATIO
1787 339 1888 400 DE
1931 336 2156 399 REGIS
2200 336 2551 399 OFFICIIS.

3590 345 3710 405 486

305 480 498 531 νασοῦν
549 473 843 551 διαδόχους
898 470 1092 546 ἀμέλει
1150 474 1497 545 κεκτημένων
1545 477 1643 529 τοῦ
1712 471 1938 544 κλήρου,

2064 488 2224 529 sores
2255 470 2556 544 reliquunt
2600 469 2917 538 neminem,
2949 472 3205 529 haeredes
3243 488 3367 530 esse
3398 477 3711 546 praesumi-

306 561 476 620 ἔπειθ’
525 565 684 638 ὑμεῖς
742 563 1108 639 κληρονομεῖς
1156 565 1390 640 ἀξιοῦτε,
1437 567 1552 627 πῶς
1599 562 1660 617 οὐ
1708 581 1958 635 παρανο-

311 654 438 726 μίας
491 653 798 724 ἁλίσκεσθε,
829 659 936 710 τῶν
989 657 1084 729 μὲν
1131 654 1441 730 ἀλλοτρίων
1490 654 1566 715 ὡς
1597 651 1815 707 οἰκείων
1867 651 1958 705 ἀν-

303 743 708 816 τιποιούμενοι,
747 748 844 800 τοῦ
902 743 959 800 δὲ
1007 745 1338 818 κεκτημένου
1400 741 1604 816 μηδένα
1663 740 1958 814 μηδοπωσο

301 836 451 886 τιοῦν
531 833 856 907 ποιούμενοι
925 833 1116 910 λόγον,
1178 833 1307 909 μηδ’
1364 832 1397 888 ἃ
1459 833 1525 888 τὰ
1599 830 1800 907 ἔσχατα
1865 850 1958 886 πε-

302 921 740 995 πλημμεληκὼς
786 923 857 998 ᾔ;
896 923 1110 997 μᾶλλον
1169 923 1226 980 δὲ
1285 929 1477 980 τοῦτον
1534 920 1955 996 ἀποστεροῦντες

300 1015 407 1065 τῶν
472 1009 662 1081 ὄντων,
693 1012 782 1066 καὶ
837 1013 870 1067 ἃ
925 1013 1176 1089 πρόσεσθ’
1236 1012 1541 1089 ἐγκλήματ’
1599 1009 1764 1082 αὐτῷ,
1797 1007 1847 1064 ε’ί
1894 1028 1955 1064 τε

303 1097 391 1154 διὰ
456 1105 627 1156 ταῦτα
703 1100 803 1157 εἶτ’
861 1101 1048 1165 ἄλλως
1122 1097 1537 1178 προστριϐέντα,
1596 1101 1684 1155 καὶ
1743 1099 1951 1155 τούτων

301 1188 463 1244 αὐτὸν
562 1197 1054 1267 προσαποστερεῖτε
1137 1190 1390 1262 δικαίως,
1469 1189 1618 1264 ε⁹ίπερ
1702 1190 1736 1244 ἃ
1817 1189 1953 1260 πρὸς

298 1277 627 1352 ἀπαλλαγὴν
705 1281 913 1336 τούτων
997 1281 1308 1361 ἀπέχρησεν
1387 1281 1447 1336 ἂν
1535 1279 1742 1336 ἐνταῦθ’
1799 1279 1953 1351 ὑμεῖς

298 1366 636 1446 ἀφαιρεῖσθε,
694 1371 788 1425 τὸν
849 1371 944 1444 μὲν
1003 1370 1059 1426 εὖ
1115 1376 1396 1434 ποιοῦντες
1455 1373 1540 1434 οἷς
1586 1367 1950 1444 ἐγκλημάτων

297 1456 678 1514 ἀπαλλάττετε
735 1456 936 1531 δήπου,
978 1461 1120 1534 ὑμᾶς
1180 1459 1226 1516 δ’
1284 1460 1478 1523 αὐτοὺς
1537 1459 1590 1514 έν
1639 1456 1950 1534 ἐγκλήμασι

295 1549 686 1609 καθιστάντες·
737 1549 827 1603 καὶ
901 1552 952 1604 οἱ
1008 1550 1138 1614 τοὺς
1194 1554 1642 1625 παρανομοῦντας
1698 1547 1946 1616 κολάζειν

296 1635 387 1690 καὶ
449 1643 626 1710 μισεῖν
689 1638 930 1712 οἰόμενοι
989 1637 1124 1709 δεῖν,
1155 1641 1291 1714 πρὸς
1351 1642 1432 1701 οἷς
1478 1633 1611 1717 ἔφην
1660 1635 1946 1710 καὶταύτῃ

295 1731 741 1801 παρανομοῦντες
798 1727 897 1783 οὐκ
939 1729 1269 1801 αἰσθάνεσθε,
1320 1728 1466 1784 ἀλλά
1530 1727 1620 1782 καὶ
1688 1731 1947 1781 τοσοῦτον

291 1812 514 1868 ἐκείνων
570 1812 811 1870 διάκεσθε
869 1822 1055 1890 χεῖρον
1111 1815 1235 1872 δσον
1297 1818 1347 1871 οἱ
1401 1817 1498 1888 μὲν
1548 1817 1622 1877 ὡς
1669 1812 1945 1869 ἀδικοῦσιν

294 1903 730 1978 ὃμολογοῦντές,
763 1905 916 1979 ὅμως
968 1902 1056 1960 διὰ
1110 1905 1178 1961 τὰ
1232 1908 1323 1960 καὶ
1370 1907 1436 1961 τὰ
1493 1903 1648 1974 δίκην
1722 1903 1942 1977 ὑπέχειν

296 1989 559 2066 οὐδαμῶς
606 1995 876 2064 ἀξιοῦσιν·
928 1995 1080 2050 αὐτοὶ
1141 1993 1197 2050 δὲ
1253 1996 1342 2050 καὶ
1397 1993 1814 2069 συναγωνίζεσθε
1868 1998 1947 2066 τῷ

291 2083 596 2154 νοσήματι,
655 2083 747 2136 καὶ
828 2088 937 2138 τῶν
1027 2083 1381 2138 καθεστώτων
1456 2083 1640 2156 νόμων
1713 2078 1946 2154 μηδενὸς

293 2169 446 2238 ἥττω
503 2171 672 2242 νόμον
727 2172 953 2242 ταυτηνὶ
999 2173 1098 2241 τήν
1161 2171 1498 2247 παρανομίαν
1567 2173 1821 2245 ἡγεῖσθε·
1882 2167 1944 2224 οῦ

295 2265 488 2334 χεῖρον
539 2258 692 2315 οὐδὲν
743 2261 900 2334 οἶμαι
964 2266 1073 2316 τῶν
1131 2261 1387 2318 πάντων·
1437 2260 1612 2317 καίτοι
1662 2258 1787 2315 οὐδὲ
1828 2265 1947 2323 τοῖς

294 2348 436 2402 κατᾶ
502 2349 657 2424 γένος
713 2353 1082 2424 προσήκουσιν
1149 2349 1306 2428 ἔγωγ’
1359 2348 1418 2406 ἂν
1480 2351 1646 2428 φαίην
1719 2346 1943 2411 δικαίως

296 2444 565 2511 μετεῖναι,
596 2439 742 2508 πλην
784 2441 830 2496 εἰ
859 2441 1085 2512 πένητες
1112 2440 1330 2516 τύχοιεν
1373 2436 1546 2512 ὄντες,
1573 2437 1720 2494 ἀλλὰ
1755 2439 1942 2512 μόνοις

294 2525 570 2598 δήπουθεν
612 2534 726 2591 τοῖς
776 2530 1056 2606 ἐγγόνοις·
1106 2532 1197 2586 καὶ
1240 2528 1365 2586 οὐδὲ
1407 2530 1628 2592 τούτοις
1671 2528 1941 2598 ἁπάντων,

291 2616 448 2673 ἀλλὰ
508 2620 705 2693 μέρους
763 2641 846 2694 γε,
897 2627 998 2689 τῆς
1082 2625 1180 2676 τοῦ
1248 2618 1699 2690 τετελευτηκότος
1756 2621 1943 2692 ψυχῆς

291 2706 501 2780 πολλῷ
551 2711 951 2784 προτιμοτέρας
1009 2707 1176 2781 οῦσης
1235 2711 1410 2764 πάντα
1480 2713 1648 2763 ταῦτα
1703 2710 1941 2782 καρποῦ-

293 2798 442 2854 σθαι.
480 2798 578 2852 Καὶ
628 2798 703 2861 ὡς
746 2798 968 2868 ἀληθῶς
1027 2797 1197 2875 λέγω,
1231 2797 1401 2869 δῆλον
1438 2797 1659 2853 ἐκεῖθεν.
1693 2799 1790 2853 Ἢν
1837 2794 1941 2871 γᾶρ

288 2907 379 2948 τις
430 2885 624 2948 αὐτοὺς
691 2885 902 2962 ἔρηται,
953 2889 1186 2964 πότερον
1262 2893 1397 2967 σφᾶς
1474 2885 1667 2948 αὐτοὺς
1725 2886 1759 2955 ἢ
1817 2885 1944 2947 τοὺς

286 2977 674 3049 προσήκοντας
739 2977 1102 3051 τιμιωτέρους
1170 2980 1452 3054 ἡγοῦνται,
1511 2975 1598 3031 ἐὰν
1659 2976 1753 3048 μὶν
1815 2973 1943 3036 τοὺς

283 3068 671 3142 προσήκοντας
754 3073 917 3142 φῶσι,
1005 3070 1294 3143 ψεύσονται
1370 3068 1582 3129 πάντως
1624 3083 1640 3100 ⁸
1714 3063 1940 3130 ἕκαστος

285 3158 400 3232 γάρ
446 3179 580 3233 φησι
627 3159 962 3231 τιμιώτατος
1016 3156 1176 3221 αὑτὸς
1236 3159 1447 3230 ἑαυτῷσ
1481 3161 1614 3235 σφᾶς
1665 3152 1710 3209 δ’
1741 3155 1799 3210 ἂν
1841 3154 1935 3210 αὐ-

2068 579 2160 649 tis,
2192 579 2418 650 exleges
2450 576 2580 634 facti
2610 578 2680 632 ad
2709 593 2774 633 ea
2811 579 3078 650 aspiratis
3111 597 3241 652 quae
3268 580 3514 638 aliorum
3547 589 3706 652 sunt,

2065 684 2289 742 nullam
2312 685 2666 756 possessoris
2697 686 2980 740 rationem
3013 685 3313 755 habentes,
3355 688 3490 744 licet
3519 690 3605 744 vir
3636 692 3708 747 sit

2064 794 2374 864 pessimus.
2423 793 2586 848 Hunc
2641 809 2768 860 vos,
2807 793 3183 865 obiurgantes
3228 796 3405 850 simul
3464 797 3536 852 iis
3586 814 3710 870 quae

2063 897 2256 969 habet,
2289 898 2593 972 spoliatis;
2626 899 2675 954 si
2723 902 2918 954 autem
2966 900 3120 971 quod
3165 901 3323 970 juste
3369 919 3481 959 non
3515 903 3709 975 habet,

2062 1007 2305 1080 eripitis,
2340 1008 2558 1078 injuste
2606 1022 2720 1062 non
2767 1006 2976 1076 facitis,
3009 1008 3106 1062 sed
3161 1008 3318 1080 ipsos
3365 1009 3708 1068 criminibus

2061 1119 2400 1187 purgantes,
2433 1131 2532 1170 vos
2577 1114 2735 1186 ipsos
2781 1113 3126 1170 criminosas
3159 1115 3421 1171 redditis.
3458 1116 3516 1172 Si
3549 1118 3706 1176 enim

2059 1226 2316 1278 vestrum
2338 1237 2462 1278 esse
2482 1220 2703 1294 putatis
2725 1220 2918 1293 legum
2942 1224 3404 1293 transgressores
3427 1225 3708 1296 castigare

2061 1345 2126 1384 ac
2153 1329 2365 1396 odisse,
2399 1329 2458 1383 in
2489 1329 2669 1401 pejori
2701 1345 2876 1400 quam
2912 1326 3028 1398 ipsi
3056 1328 3388 1385 conditione
3414 1329 3592 1398 estis;
3620 1332 3705 1388 illi

2059 1433 2216 1489 enim
2248 1437 2545 1506 peccatum
2577 1433 2963 1502 conﬁtentur;
2995 1448 3097 1488 vos
3125 1435 3318 1488 autem
3349 1434 3474 1489 diro
3506 1435 3706 1492 morbo

2059 1539 2393 1598 laborantes
2423 1541 2814 1614 perversitatis
2845 1546 3045 1597 vestrae
3091 1541 3554 1612 magnitudinem
3587 1561 3704 1600 non

2057 1649 2285 1718 videtis,
2317 1649 2464 1721 quod
2500 1664 2638 1704 sane
2669 1647 3105 1720 gravissimum.
3138 1648 3210 1703 Et
3243 1648 3348 1703 hoc
3381 1666 3494 1705 non
3529 1651 3599 1706 ad
3633 1652 3706 1709 ΐο-

2059 1755 2279 1811 miliam
2311 1757 2595 1828 integram
2646 1759 2886 1828 spectat,
2935 1759 3037 1810 aut
3084 1755 3155 1810 ad
3208 1771 3440 1826 egenos,
3493 1757 3593 1812 sed
3631 1761 3703 1816 ad

1978 1866 2024 1931 Β
2053 1866 2369 1935 prognatos
2417 1863 2702 1936 singulos,
2747 1862 2886 1935 quia
2931 1861 3190 1917 defuncti
3239 1863 3438 1919 anima
3474 1864 3705 1937 dignior

2049 1975 2138 2027 est
2166 1986 2293 2042 quae
2345 1969 2741 2027 hereditatem
2771 1970 2829 2025 in
2879 1985 3053 2025 suum
3104 1985 3272 2024 usum
3305 1973 3507 2026 vertat.
3540 1971 3700 2038 Quod

2050 2085 2241 2134 autem
2270 2093 2400 2134 vere
2432 2079 2585 2145 dico,
2616 2078 2753 2133 hinc
2800 2075 3008 2133 elucet.
3041 2075 3100 2131 Si
3131 2076 3260 2146 quis
3291 2092 3358 2132 ex
3389 2076 3458 2132 iis
3486 2092 3701 2149 quaere-

2050 2190 2138 2242 ret
2168 2202 2310 2242 num
2342 2201 2404 2242 se
2434 2192 2531 2242 aut
2561 2186 2766 2241 affines
2799 2184 3045 2257 potiores
3073 2183 3348 2253 habeant,
3377 2188 3436 2240 et
3465 2201 3699 2256 respon-

2049 2309 2182 2348 sum
2217 2301 2368 2350 esset
2397 2310 2501 2365 pro
2533 2293 2829 2363 afﬁnibus,
2863 2291 3034 2363 plane
3067 2291 3474 2347 mentirentur.
3510 2291 3699 2349 Unus-

2051 2404 2304 2476 quisque
2337 2405 2494 2461 euim
2525 2403 2752 2476 primus
2773 2404 2882 2460 sibi
2907 2403 3157 2459 videtur.
3180 2402 3301 2457 Sibi
3333 2402 3477 2474 ipsis
3508 2413 3695 2462 autem

2049 2512 2306 2584 palmam
2329 2514 2531 2570 dantes
2563 2513 2902 2569 defunctum
2926 2510 3199 2567 maximis
3221 2510 3429 2582 opibus
3450 2511 3693 2583 dignum

2049 2618 2229 2675 fuisse
2256 2619 2530 2678 fatentur.
2561 2619 2719 2683 Quod
2775 2617 2824 2674 si
2857 2617 3062 2673 afﬁnes
3105 2617 3176 2672 ab
3222 2616 3556 2673 hiereditate
3587 2634 3692 2675 ex-

2049 2723 2362 2794 cludimus,
2394 2725 2493 2781 ubi
2542 2724 2870 2798 peregrinos
2919 2721 3293 2780 statuemus?
3338 2723 3417 2778 Ex
3464 2724 3695 2782 duobus

2048 2831 2226 2903 igitur
2272 2848 2477 2900 unum,
2518 2847 2637 2900 rex,
2688 2831 2884 2903 elige:
2927 2834 3028 2887 aut
3074 2829 3411 2902 turpissimo
3466 2832 3696 2889 crimini

2045 2937 2303 3009 indulge,
2333 2947 2389 2996 et
2420 2939 2908 3011 praedecessorum
2958 2943 3192 2994 tuorum
3233 2938 3566 3010 exemplum
3599 2955 3696 2995 se-

2050 3048 2221 3100 cutus
2253 3043 2458 3101 alienis
2484 3044 2922 3100 hereditatibus
2941 3059 3176 3116 operam
3201 3060 3364 3112 nava,
3397 3048 3498 3099 aut
3528 3043 3696 3115 plane

2053 3149 2404 3206 contrarium
2439 3150 2701 3206 faciendo
2752 3149 3156 3205 humaniorem
3198 3149 3269 3204 iis
3299 3154 3475 3204 temet
3505 3167 3571 3206 ac
3594 3152 3696 3221 ju-

282 3247 418 3308 τοὺς
467 3247 765 3321 εἰρηκότις,
800 3248 1306 3323 ξυνομολογήσουσι
1355 3246 1557 3318 δήπου,
1587 3245 1678 3301 καὶ
1729 3245 1820 3300 τόν
1878 3263 1938 3322 γε

2054 3257 2292 3312 stiorem
2324 3256 2536 3330 praebe,
2558 3272 2627 3314 ac
2656 3256 2982 3312 haeredibus
3005 3254 3391 3311 conditionem
3415 3257 3556 3313 adeo
3588 3259 3696 3314 mi-

284 3335 719 3408 τετελευτηκότα
794 3340 995 3400 παντὸς
1083 3339 1305 3394 ὁτουοῦν
1383 3335 1716 3411 δικαιότερον
1801 3336 1939 3390 εἶναι

283 3431 396 3481 τῶν
447 3425 626 3481 αὐτῶν
678 3426 927 3502 μετέχειν
969 3427 1212 3484 εἷσεὶπαν.
1245 3428 1307 3482 Εἰ
1359 3424 1415 3482 δὲ
1463 3426 1589 3488 τοὺς
1629 3429 1942 3499 προσήκον-

286 3536 385 3576 τας
437 3515 466 3569 ὁ
527 3514 690 3590 λόγος
745 3514 1041 3572 ἀπελαύνει
1095 3521 1192 3571 τοῦ
1243 3515 1478 3590 κλήρου,
1519 3520 1626 3570 ποῦ
1681 3513 1808 3576 τοὺς
1862 3515 1938 3588 μή

285 3606 671 3677 προσήκοντας
729 3607 1008 3679 θήσομενς
1068 3610 1224 3660 Δυοῖν
1269 3605 1449 3660 τοίνυν
1509 3605 1730 3679 θάτερον
1785 3603 1940 3675 ἐλοῦ,

289 3691 545 3768 βασιλεῦ,
597 3693 632 3762 ἢ
679 3695 778 3763 τήν
829 3693 1122 3773 αἰσχίστην
1168 3694 1368 3765 ταύτην
1428 3692 1769 3769 παρανομίαν
1820 3712 1937 3768 χω-

289 3787 404 3856 ρεῖν
455 3783 534 3844 εἰς
589 3782 752 3845 τέλος
807 3783 980 3854 έᾶσαι,
1010 3785 1100 3838 καὶ
1165 3783 1299 3856 μετὰ
1354 3787 1460 3839 τῶν
1507 3783 1613 3857 πρὸ
1647 3786 1743 3836 σοῦ
1776 3783 1935 3856 βασι-

289 3869 435 3933 λέως
478 3872 570 3926 καὶ
618 3872 780 3935 αὐτὸς
827 3877 944 3934 τοῖς
977 3871 1298 3947 ἀλλοτρίοις
1327 3869 1560 3947 κλήροις
1593 3871 1770 3932 αἰτίας
1799 3868 1939 3940 κλη-

287 3966 578 4035 ρονομεῖν,
642 3962 677 4032 ἢ
760 3960 949 4035 μηκέτ’
1023 3962 1156 4016 εἶναι
1229 3962 1290 4016 τὸ
1370 3962 1622 4037 παράπαν
1711 3959 1932 4028 ταυτηνὶ

285 4052 671 4124 ξυγχωρήσας,
722 4049 871 4106 ἀλλὰ
929 4052 1262 4106 παντάπασιν
1327 4050 1560 4120 ἀνελὼν,
1617 4049 1680 4105 ού
1768 4050 1932 4122 μόνον

285 4139 510 4195 ἐκείνων
599 4138 1112 4218 φιλανθρωπότερος
1175 4143 1264 4196 καὶ
1324 4138 1659 4214 δικαιότερος
1734 4140 1934 4216 ὦφθαι,

284 4228 437 4284 ἀλλὰ
490 4229 580 4285 καί
637 4231 756 4286 ὅσοι
811 4236 921 4286 τῶν
998 4228 1388 4304 διαδεξομένων
1462 4230 1705 4300 καθάπαξ
1769 4226 1930 4287 ἐνδεῖ.

280 4317 558 4382 τοιούτοις
611 4320 784 4385 οὕτως
836 4319 981 4390 ἡδίω
1038 4319 1437 4392 παρασκευάσαι
1494 4322 1594 4389 τήν
1653 4317 1931 4387 τελευτήν,

283 4409 360 4471 ὡς
424 4411 558 4481 μετά
612 4411 870 4485 χρηστῶν
926 4413 1036 4465 τῶν
1095 4407 1334 4465 ἐλπίδων
1385 4407 1577 4465 ἐνθένδ’
1609 4408 1840 4476 ἀπιέναι,
1875 4405 1931 4462 εῦ

282 4495 502 4560 εἰδότας
532 4498 609 4559 ὡς
645 4503 754 4552 τῶν
800 4498 1114 4571 προσόντων
1165 4497 1344 4576 σφίσιν
1382 4495 1678 4553 ἀπολαύειν
1723 4493 1930 4566 ἕξουσιν

277 4585 330 4649 ἒς
388 4587 470 4642 ἀεὶ
529 4589 668 4644 κατὰ
721 4590 815 4651 τὰς
869 4591 1088 4667 ψήφους
1141 4588 1236 4650 τὰς
1268 4589 1384 4650 ’σὰς
1429 4587 1612 4642 καὶτὸ
1641 4588 1792 4641 ταῦθ’
1822 4587 1928 4641 ὕπὸ
1957 4600 2005 4665 D

277 4681 379 4732 σοῦ
438 4679 792 4753 κεκυρῶσθαι,
852 4679 881 4732 ’ὀ
935 4683 1106 4733 πᾶσαν
1162 4677 1221 4732 ἐκ
1284 4683 1383 4733 τοῦ
1453 4677 1655 4740 παντὸς
1726 4675 1924 4740 αἰῶνος

276 4765 570 4822 ἀπολείπει
641 4765 983 4838 δικαιοσύνην
1055 4766 1146 4822 καὶ
1220 4771 1380 4822 πᾶσιν
1450 4767 1760 4842 ὑπέρκειται
1807 4771 1925 4828 τοῖς

271 4862 512 4930 κριταῖς.
561 4859 680 4912 Ἔτι
733 4856 910 4912 τοίνυν
972 4855 1022 4911 εἲ
1076 4858 1212 4932 πρὸς
1273 4858 1361 4920 οἷς
1409 4853 1557 4932 ἔχεις
1603 4856 1694 4911 καὶ
1744 4856 1777 4910 ἃ
1826 4853 1925 4911 οὐκ

270 4944 424 5020 ἔχεις
478 4947 781 5016 κτήσασθαι
844 4945 1055 5021 βουλει,
1111 4945 1203 5002 καί
1252 4951 1359 5002 τῶν
1405 4946 1655 5001 ἁπάντων
1705 4947 1920 5002 πάντων

273 5038 487 5093 ἀκονιτὶ
551 5037 790 5114 γενέσθαι
871 5036 1164 5108 δεσπότης,
1218 5034 1307 5092 ἔσο
1379 5035 1784 5113 φιλάνθρωπος,
1831 5034 1922 5091 καί

269 5132 393 5187 ταῖς
441 5125 708 5191 εύποιίαις
754 5125 843 5181 καὶ
889 5131 1011 5190 ταῖς
1049 5124 1232 5182 ἐλπίσι
1262 5128 1397 5200 πρὸς
1427 5127 1520 5189 οὓς
1553 5122 1699 5200 ἔχεις
1729 5123 1921 5196 ἐπίσης

269 5219 355 5277 οἷς
414 5213 585 5294 ἔχεις,
644 5216 733 5271 καὶ
794 5212 963 5290 μηδὲν
1020 5211 1242 5272 ἔλαττον
1319 5216 1392 5270 ὧν
1449 5211 1599 5293 ἔχεις
1651 5214 1922 5291 ἐχέτωσαν

268 5307 447 5376 οὗτοι,
497 5308 625 5362 ὅταν
675 5307 791 5361 κατ’
841 5305 1105 5379 ἐμπορίαν
1160 5306 1196 5376 ἢ
1238 5312 1341 5362 τιν’
1379 5303 1559 5382 ἕτερον
1608 5305 1832 5381 τρόπον,
1863 5303 1924 5360 ἐκ

267 5402 370 5465 τῆς
420 5396 600 5452 αὐτῶν
645 5393 805 5469 δεῦρο
857 5399 1163 5470 χωροῦντες
1192 5416 1205 5430 °
1254 5394 1472 5468 μᾶλλον
1522 5393 1580 5450 δὲ
1633 5393 1803 5455 οὕτως
1848 5394 1924 5455 εἷς

268 5486 490 5540 σεαυτὸν
540 5485 779 5547 ἅπαντας
834 5481 1030 5558 ἕλξεις,
1090 5486 1137 5540 εἰ
1203 5490 1394 5562 πρῶτα
1467 5486 1561 5558 μὲν
1623 5483 1807 5546 καλῶς
1873 5483 1923 5538 εἶ

267 5575 507 5650 κάγαθὸς
561 5575 652 5630 καὶ
713 5575 909 5649 ἀρετὴν
969 5573 1150 5650 ἄκρως
1207 5575 1409 5646 ἀσκῶν,
1437 5576 1511 5638 ὡς
1570 5574 1658 5630 καὶ
1714 5593 1918 5630 παντα-

270 5667 378 5744 χοῦ
423 5668 490 5724 τὰ
541 5667 610 5722 σὰ
663 5660 954 5722 διαϐαίνειν
1003 5664 1237 5740 ἐξεῖναιο
1269 5661 1452 5722 ἔπειτα
1501 5666 1578 5742 μὴ
1615 5664 1774 5741 μόνον
1801 5667 1920 5732 τοῖς

2055 3368 2174 3421 tem
2205 3379 2357 3432 crea,
2381 3368 2446 3420 ut
2475 3364 2606 3421 laeto
2629 3364 2826 3420 animo
2847 3362 2983 3419 hinc
3005 3363 3327 3433 discedant,
3352 3380 3694 3434 persuasum

2051 3472 2334 3529 habentes
2365 3473 2520 3543 quod
2571 3471 2742 3528 bouis
2773 3471 2896 3527 suis
2940 3471 3051 3527 frui
3089 3469 3237 3543 ipsis
3278 3471 3565 3544 contingit
3594 3488 3697 3544 per

2050 3596 2222 3636 omne
2268 3584 2501 3652 tempus
2551 3580 2872 3637 secundum
2922 3585 3080 3634 tuam
3129 3577 3486 3634 voluntatem
3533 3580 3694 3635 omni

2040 3685 2274 3756 justitia
2303 3686 2685 3758 superiorem.
2717 3685 2777 3741 Si
2824 3700 2993 3755 porro
3043 3684 3115 3738 ad
3159 3699 3228 3740 ea
3275 3699 3403 3754 qua:
3434 3684 3693 3753 possides

2048 3789 2237 3847 aliena
2284 3791 2496 3847 addere
2544 3789 2868 3862 pressumis,
2919 3794 2975 3844 et
3003 3789 3268 3844 omnium
3319 3803 3514 3843 rerum
3563 3789 3690 3845 sine

2047 3897 2274 3970 negotio
2305 3897 2580 3953 dominus
2628 3897 2773 3963 ﬁeri,
2806 3895 3106 3951 humanus
3134 3897 3280 3962 esto,
3312 3901 3368 3950 et
3396 3894 3693 3952 beneﬁciis

2047 4005 2162 4061 tuis
2188 4005 2246 4061 id
2278 4005 2442 4062 efﬁce
2464 3989 2523 4060 ut
2554 4005 2742 4060 caeteri
2774 4019 2886 4060 non
2912 4003 3108 4058 minus
3138 4017 3310 4075 quam
3342 4006 3406 4057 tu
3438 4002 3558 4074 ipse
3589 4003 3691 4060 ha-

2045 4114 2238 4182 beant,
2273 4113 2392 4169 sive
2425 4117 2804 4168 mercaturam
2828 4111 2946 4166 sive
2977 4109 3234 4181 aliquam
3258 4125 3380 4166 rem
3403 4109 3579 4166 aliam
3612 4111 3691 4166 fa-

2044 4220 2283 4276 cientes.
2314 4219 2407 4275 Sic
2437 4219 2594 4274 enim
2645 4215 3014 4288 potissimum
3054 4219 3290 4272 caeteros
3319 4216 3388 4270 ad
3421 4224 3474 4271 te
3505 4220 3686 4272 attra-

2044 4325 2170 4391 hes,
2202 4324 2251 4379 si
2283 4324 2409 4395 ipse
2440 4321 2668 4378 virtutis
2693 4320 3022 4393 exemplum
3049 4321 3292 4394 praebes,
3325 4336 3431 4376 nec
3459 4324 3686 4377 tantum

2043 4431 2295 4487 subditis
2325 4429 2638 4497 affabilem,
2671 4429 2770 4484 sed
2817 4428 2904 4484 vel
2944 4427 3356 4484 benefaciendo
3387 4428 3687 4484 benefacta

2041 4540 2315 4596 oblivioni
2346 4537 2552 4609 tradis,
2602 4537 2674 4593 ab
2722 4535 2992 4592 illiberali
3041 4535 3236 4591 indole
3277 4542 3331 4591 et
3361 4535 3685 4593 mendaciis

2037 4647 2209 4718 longe
2263 4649 2519 4702 remotus
2576 4660 2642 4700 ac
2700 4642 2821 4700 sola
2877 4641 3243 4715 imperatoris
3299 4641 3581 4713 dignitate
3627 4645 3683 4697 te

2037 4751 2527 4808 circumvestiens.
2560 4751 2616 4806 Si
2650 4751 2806 4807 enim
2840 4765 2977 4821 erga
3008 4749 3325 4805 familiares
3346 4752 3573 4804 tantum
3605 4748 3681 4804 li-

2031 4858 2245 4916 beralis
2275 4873 2336 4914 es
2367 4873 2472 4912 nec
2510 4874 2625 4912 non
2657 4856 2770 4914 nisi
2792 4871 2990 4913 eorum
3017 4871 3217 4911 curam
3248 4855 3424 4926 geris,
3459 4853 3541 4909 nil
3578 4854 3684 4910 mi-

2031 4981 2160 5022 rum
2193 4964 2354 5022 facis.
2388 4965 2499 5021 Sed
2531 4965 2581 5021 si
2629 4969 2852 5022 exteros
2882 4965 3021 5020 item
3055 4963 3114 5018 in
3159 4961 3479 5018 amicitiam
3517 4965 3676 5016 tuam

2030 5073 2217 5130 allicis
2247 5072 2439 5145 iisque
2467 5073 2645 5141 faves,
2677 5072 2807 5144 quis
2840 5089 2954 5128 non
2999 5069 3106 5126 tibi
3135 5069 3405 5125 subditus
3437 5083 3564 5124 esse
3596 5084 3679 5124 re—

2031 5180 2278 5250 cusabit,
2306 5195 2654 5252 persuasum
2707 5179 2926 5236 habens
2957 5176 3118 5248 quod
3147 5177 3231 5232 sic
3259 5176 3433 5232 vitam
3460 5177 3678 5246 jucun-

2031 5287 2166 5344 dam
2199 5287 2415 5362 deget?
