4154 6216
1349 46 1902 110 \___._.__

433 305 550 364 487

499 1877 590 1930 25.
637 1875 836 1932 Dicere
870 1892 984 1932 non
1036 1875 1325 1932 habemus
1365 1891 1434 1932 ex
1465 1875 1624 1933 hisce
1670 1877 1944 1934 omnibus
1993 1893 2081 1933 re-

439 1999 622 2055 gnum
653 1983 930 2041 omnibus
959 1983 1222 2040 numeris
1253 1983 1583 2040 absolutum
1612 1985 1939 2056 procedere.
1973 1986 2084 2041 Sed

437 2092 487 2147 si
537 2107 738 2148 verum
789 2091 981 2148 dicere
1040 2093 1127 2148 fas
1175 2097 1282 2161 est,
1345 2091 1580 2164 regibus
1628 2092 1850 2149 ratione
1897 2093 2084 2166 magis

437 2217 612 2272 quam
663 2199 849 2256 cuivis
901 2198 1066 2256 alteri
1113 2215 1259 2269 opus
1316 2201 1424 2267 est,
1470 2216 1588 2271 qua
1643 2200 1881 2256 absente
1930 2205 2085 2257 totus

441 2307 700 2362 mundus
755 2307 1042 2362 absurdus
1095 2311 1220 2374 est;
1267 2310 1547 2378 prasente
1609 2307 1806 2364 omnia
1850 2314 2086 2380 superat

438 2413 622 2484 gratia
655 2417 713 2469 et
743 2414 1033 2470 sermonis
1079 2413 1293 2485 lepore,
1327 2429 1438 2485 quo
1471 2415 1639 2471 nobis
1679 2415 1823 2471 nihil
1856 2415 2085 2472 dulcius

437 2519 688 2576 videtur.
725 2520 882 2577 Nihil
913 2521 1030 2580 iam
1079 2521 1311 2577 bomine
1351 2523 1584 2594 dignius
1613 2539 1788 2594 quam
1821 2523 2084 2594 loquela;

435 2647 608 2700 quam
643 2629 694 2686 si
725 2645 860 2686 cum
903 2630 1105 2701 quavis
1136 2633 1258 2686 arte
1292 2630 1554 2687 humana
1584 2631 1919 2702 contuleris,
1956 2631 2088 2704 plus

439 2737 526 2794 illi
557 2737 878 2810 voluptatis
908 2737 1100 2794 inesse
1132 2737 1418 2795 fateberis.
1450 2739 1634 2803 Quare
1654 2741 1682 2795 ?
1711 2741 1852 2806 Quia
1883 2755 2089 2796 omnes

440 2844 558 2900 fere
588 2845 809 2900 cratera:
856 2841 1180 2914 voluptates
1207 2844 1552 2914 periculosa:
1583 2849 1724 2902 sunt
1751 2825 1924 2918 atque
1955 2845 2091 2902 insi.

443 2951 640 3021 diosre,
671 2969 786 3007 non
819 2950 1156 3023 corporibus
1177 2955 1406 3008 tantum
1435 2954 1531 3008 sed
1553 2961 1604 3009 et
1635 2954 1848 3011 animis
1874 2971 1888 3023 ;
1921 2959 1980 3011 et
2001 2956 2091 3012 his

445 3059 672 3130 quidem
709 3064 943 3131 propter
975 3075 1179 3131 pravas
1209 3057 1502 3129 libidines,
1531 3059 1651 3116 illis
1681 3065 1915 3133 propter
1945 3078 2094 3118 mor-

441 3165 544 3222 bos
577 3165 892 3221 lethit’eros.
928 3165 1093 3221 Ratio
1139 3169 1376 3222 econtra
1424 3167 1621 3222 animo
1667 3167 1992 3224 mirabilem
2023 3185 2086 3222 ac
2119 3179 2162 3246 ο

445 3273 699 3328 divinam
730 3271 881 3328 indit
927 3271 1200 3328 virtutem
1233 3289 1300 3330 ac
1337 3274 1646 3330 serenitate
1677 3275 2095 3346 imperturbata

449 3382 635 3454 replet
660 3399 673 3450 ;
705 3381 904 3438 laetitia
934 3381 1182 3452 denique
1211 3381 1419 3438 intima
1448 3384 1762 3456 praecordia
1794 3384 1902 3440 frui
1934 3385 2090 3440 sinit.

449 3489 594 3546 Dein
627 3505 720 3546 res
752 3487 1080 3545 materiales
1107 3505 1172 3545 ac
1204 3487 1384 3544 malas
1406 3506 1650 3562 quaeque
1679 3508 1746 3547 ex
1773 3492 1963 3562 pravis
1997 3509 2095 3548 cu-

442 3596 785 3668 piditatibus
825 3595 1101 3652 oriuntur
1149 3595 1499 3668 impediens,
1533 3599 1847 3668 quominus
1880 3599 2092 3656 malam

439 3703 592 3760 viam
625 3710 971 3778 sequantur,
1007 3703 1322 3760 refrenabit
1345 3713 1400 3764 et
1433 3711 1640 3782 quovis
1671 3710 1842 3766 modo
1873 3709 1942 3764 ad
1975 3707 2093 3764 vir-

441 3813 626 3867 tutem
661 3813 1050 3884 propellendo,
1083 3835 1285 3874 sanam
1337 3825 1589 3874 mentem
1624 3834 1690 3873 ac
1717 3817 1998 3873 rationem
2031 3815 2092 3871 in

442 3921 717 3978 omnibus
749 3923 1174 3982 observandum
1216 3927 1572 3999 praedicabit,
1613 3943 1724 3982 unu
1762 3925 1952 3994 verbo,
1984 3925 2091 3982 bo-

445 4043 580 4082 nam
622 4027 774 4084 viam
807 4033 1179 4102 monstrabit,
1204 4039 1260 4090 et
1293 4051 1488 4090 rerum
1523 4034 1802 4090 bonarum
1835 4039 1891 4090 et
1921 4033 2088 4089 ratio-

441 4133 728 4190 nebilium
761 4139 1105 4209 gubernium
1152 4141 1538 4198 consolidabit
1568 4143 1883 4198 secundam
1918 4147 2089 4196 natu—

451 4249 614 4303 ram;
651 4252 822 4306 quem
869 4241 1230 4298 dominatum
1265 4244 1364 4299 ubi
1413 4245 1600 4312 adest,
1651 4243 1958 4313 afﬁrmare,
1993 4244 2092 4298 ubi

439 4343 622 4412 deest,
655 4345 1043 4420 redintegrare
1093 4350 1344 4419 nitetur;
1391 4368 1526 4408 nam
1560 4351 1668 4408 bac
1715 4351 1936 4406 ratione
1965 4367 2090 4424 quae

443 4448 504 4504 in
536 4455 808 4523 promptu
839 4459 998 4524 sunt,
1022 4465 1324 4514 servantur
1352 4463 1408 4514 et
1437 4459 1808 4530 naturaejura
1839 4463 1902 4514 ut
1931 4459 2092 4515 decet

439 4555 497 4612 in
539 4557 755 4616 bonore
784 4567 942 4618 sunt.

507 5641 598 5697 26.
631 5641 694 5698 In
734 5640 844 5700 hoc
891 5657 1086 5700 rerum
1134 5645 1288 5700 statu
1337 5643 1475 5701 solis
1517 5643 1802 5720 quadriga
1847 5642 2082 5720 qualem

1733 309 2132 374 THEODULI
2177 315 2528 377 MONACHI

2112 449 2164 515 Α
2197 449 2460 518 ὑπηκόοις
2503 447 2650 504 ἀλλά
2691 450 2780 504 καὶ
2835 455 2966 502 πᾶσι
3019 453 3137 510 τοῖς
3195 447 3392 510 ἄλλοις
3445 449 3614 512 οὕτως
3655 449 3838 520 ἡδὲως

3715 319 3838 381 488

2191 530 2336 610 ἔχεις
2381 537 2470 591 καὶ
2531 537 2679 610 μάλα
2744 537 3177 614 κεχαρισμένως,
3229 539 3303 600 ὡς
3347 543 3466 602 ταῖς
3515 539 3591 600 εἷς
3637 539 3840 601 αὐτοὺς

2193 625 2515 702 εὐεργεσίαις
2573 625 2930 695 ἐπιλελῆσθαι
2985 629 3401 701 παρασκευάζειν
3469 632 3576 682 τῶν
3643 627 3840 682 οἴκοι·

2193 715 2466 792 ἐκφεύγων
2525 715 2620 787 μὲν
2668 715 3040 789 ἀνελευθερίαν
3085 716 3130 770 εί
3181 717 3296 771 οἶόν
3343 737 3424 784 τε,
3478 717 3568 770 καὶ
3615 722 3695 789 τῷ
3745 717 3846 774 λό-

2191 823 2312 878 γοις
2365 804 2671 874 ἀπατηλοῖς
2744 801 2920 858 δοκεῖν
2989 804 3184 865 αὐτοὺς
3265 805 3496 867 ὑπιέναι,
3563 807 3653 859 καὶ

2195 892 2432 968 ἐχόντων
2467 895 2746 971 ἀφιστάναι
2800 895 2934 966 πρὸς
2967 895 3208 962 σεαυτὸν,
3246 895 3418 966 μόνην
3480 892 3538 948 δὲ
3581 897 3682 964 τήν
3735 903 3846 964 τῆς

2195 983 2371 1060 ἀρχῆς
2407 985 2817 1062 μεγαλοψυχίαν
2849 983 3076 1050 δεικνύς.
3109 985 3172 1040 Εἰ
3219 987 3319 1059 γὰρ
3379 987 3544 1056 μόνον
3592 987 3655 1040 τὸ
3715 987 3848 1060 περὶ

2192 1075 2320 1137 τοὺς
2379 1075 2614 1138 οἰκείους
2693 1075 2893 1130 οὑτωσὶ
2971 1073 3294 1144 διακεῖσθαι,
3354 1075 3430 1136 ὡς
3507 1075 3596 1129 καὶ
3662 1081 3848 1130 πᾶσαν

2197 1165 2328 1238 ὑπὲρ
2411 1165 2590 1221 αὐτῶν
2663 1165 2923 1242 εἰσφέρειν
3001 1160 3242 1232 σπουδὴν
3320 1165 3406 1218 καὶ
3487 1162 3848 1230 παντοδαπῆς

2196 1253 2374 1323 ἀξιοῦν
2421 1259 2521 1322 τῆς
2565 1253 2842 1328 προνοίας,
2874 1253 3090 1308 πολλοῦ
3143 1253 3292 1314 τινός
3335 1251 3476 1308 ἐστιν
3525 1251 3671 1323 ἄξιον
3701 1254 3848 1327 πρὸς

2190 1344 2255 1396 τὸ
2299 1341 2428 1404 τοὺς
2487 1341 2814 1416 ἀλλοτρίους
2865 1341 3101 1404 οἰκείους
3159 1341 3461 1418 εἰργάσθαι,
3501 1342 3594 1397 καὶ
3653 1349 3850 1397 πεῖσαι

2191 1432 2360 1488 ταυτά
2415 1439 2654 1510 φρονεῖν,
2713 1434 2835 1488 ὅταν
2883 1432 2973 1487 καὶ
3023 1431 3216 1494 αὐτοὺς
3259 1433 3486 1493 τούτους
3538 1434 3673 1506 μετά
3727 1435 3848 1487 τῶν

2195 1521 2408 1577 οἰκείων
2457 1521 2514 1576 εὖ
2565 1527 2744 1577 ποιεῖν
2795 1520 2888 1597 οἵῃ
2946 1519 3080 1592 δεῖν,
3123 1521 3204 1584 τίς
3253 1523 3352 1576 οὐκ
3391 1521 3452 1576 ἂν
3483 1519 3651 1578 ἕλοιτ’
3683 1523 3849 1594 οἶμαι

2191 1615 2300 1666 τῶν
2351 1611 2566 1666 πάντων
2615 1613 2830 1666 πάντων
2883 1611 3146 1689 ἀφέμενος
3206 1609 3308 1664 ὑπὸ
3359 1611 3444 1664 σοὶ
3493 1608 3707 1682 μᾶλλον
3759 1631 3854 1666 τε·

2194 1701 2416 1774 τάχθαι,
2447 1700 2482 1769 ἢ
2541 1697 2730 1774 ἄρχειν
2789 1699 2970 1770 αὐτὸς,
3001 1698 3058 1754 εὖ
3115 1697 3274 1760 εἰδὼς
3333 1699 3508 1761 οὕτως
3565 1699 3615 1752 ἐν
3661 1697 3852 1754 εὐδαι-

3731 811 3848 860 τῶν

2120 1803 2168 1870 Β
2203 1789 2366 1861 μονίᾳ
2391 1791 2482 1844 τὸν
2517 1789 2688 1844 αἰῶνα
2717 1787 2908 1860 διάξων
2933 1807 2945 1856 ;

2267 1879 2359 1934 κε’.
2394 1877 2466 1932 Οὐ
2524 1877 2704 1933 τοίνυν
2765 1877 2824 1933 ἐκ
2883 1879 2976 1950 μὲν
3032 1878 3243 1934 τούτων
3275 1876 3523 1932 ἁπάντων
3557 1877 3850 1952 βασιλείαν

2194 1961 2272 2020 ἔνι
2329 1967 2641 2039 θαυμαστὴν
2697 1968 3014 2041 γεγενῆσθαι
3088 1965 3180 2020 καὶ
3255 1963 3372 2020 σ’ίαν
3427 1969 3590 2038 ἡμεῖς
3653 1965 3852 2020 ὑπεθέ-

2199 2057 2353 2129 μεθα,
2399 2057 2462 2110 τὸ
2519 2053 2576 2110 δὲ
2621 2059 2726 2109 τῶν
2779 2053 2961 2130 λόγων
3007 2055 3203 2128 κράτος
3251 2051 3402 2109 δοκεῖ
3447 2075 3564 2116 πως
3613 2051 3856 2110 ἔλαττον

2191 2143 2376 2222 ’ίσχειν
2406 2144 2459 2198 ἐν
2488 2143 2666 2216 τούτῳ
2703 2147 2783 2215 τῷ
2829 2145 2978 2216 μέρει
3003 2161 3016 2174 ⁶
3055 2141 3183 2198 ἀλλ’
3223 2142 3268 2198 εί
3315 2144 3429 2217 χρὴ
3478 2143 3714 2213 τάληθὲς
3763 2143 3854 2198 εἷ-

2193 2240 2334 2304 πεῖν,
2355 2235 2444 2288 καὶ
2501 2232 2698 2288 τούτου
2753 2237 3012 2286 τοσοῦτον
3075 2231 3310 2306 ἄρχουσι
3369 2229 3472 2300 δεῖ,
3529 2231 3744 2304 μᾶλλον
3787 2230 3852 2288 δὲ

2195 2324 2321 2377 ὅτου
2369 2343 2452 2383 τις
2511 2321 2570 2375 ἂν
2617 2319 2782 2389 εἴποι,
2811 2320 2958 2374 τοῦθ’
2999 2321 3173 2382 οὕτως
3223 2319 3512 2394 ἀξιώτερον
3571 2321 3852 2395 χρῆσθαι,

2195 2413 2268 2474 ὡς
2300 2411 2451 2466 πάντ’
2481 2411 2658 2466 ἐκεῖνα
2713 2409 2919 2484 κόσμον
2971 2411 3066 2483 μὲν
3100 2407 3302 2484 ἄλογον
3353 2409 3481 2464 εἶναι
3535 2411 3611 2482 μὴ
3661 2429 3852 2484 προσ-

2196 2502 2350 2562 όντος
2407 2505 2505 2556 τοῦ
2563 2499 2752 2574 λόγου,
2810 2499 3108 2572 προσόντος
3167 2495 3222 2553 δὲ
3283 2496 3563 2572 βέλτιστόν
3609 2519 3667 2552 τε
3721 2505 3855 2562 τοῖς

2197 2593 2349 2656 ὅλοις
2381 2615 2470 2648 και
2499 2593 2754 2654 πλείονος
2785 2591 2954 2662 ἄξιον,
2983 2596 3065 2664 τῷ
3093 2612 3150 2646 τε
3181 2593 3341 2665 χάριν
3391 2589 3603 2645 οἷ’κοθεν
3637 2589 3850 2664 ἴσχειν,

2195 2687 2275 2754 τῷ
2330 2705 2388 2738 τε
2434 2683 2839 2760 ξυμμαχεῖσθαι
2913 2686 3029 2742 τοῖς
3093 2679 3314 2753 λόγοις·
3362 2680 3436 2734 ὧν
3493 2677 3641 2734 οὐδὲν
3703 2683 3851 2752 ἡμῖν

2199 2772 2523 2846 οίκειότερον
2572 2769 2683 2826 οὔθ’
2732 2767 2890 2840 ἥδιον
2933 2767 3270 2824 παντάπασιν
3317 2767 3650 2823 ἀπολαύειν·
3681 2768 3744 2822 τό
3777 2789 3851 2822 τε

2196 2881 2298 2938 γαρ
2351 2860 2550 2934 λόγους
2597 2859 2988 2934 μεταχειρίζειν
3047 2858 3121 2919 ὡς
3169 2855 3324 2912 οὐδέν
3369 2877 3420 2912 τι
3470 2861 3577 2910 τῶν
3625 2859 3852 2910 πάντων

2199 2951 2467 3024 ἀνθρώπῳ
2514 2950 2666 3022 μόνῳ
2707 2950 2843 3022 πρὸς
2899 2949 3146 3020 τρόπου’
3193 2949 3282 3002 καὶ
3331 2948 3392 3015 ἣν
3443 2945 3528 3014 ἂν,
3577 2945 3622 2999 ὦ
3677 2947 3854 3020 βασι-

2202 3039 2315 3110 λεῦ,
2350 3043 2530 3117 φήσῃς
2575 3044 2682 3094 τῶν
2727 3040 2946 3094 ἀπασῶν
3013 3033 3240 3106 ἡδονὴν,
3299 3035 3510 3109 μᾶλλον
3563 3033 3606 3089 δ’
3657 3035 3732 3098 εἰς
3787 3034 3856 3090 ’ἐν

2201 3131 2408 3192 ἁπάσας
2439 3130 2581 3202 ὁμοῖν⁹
2603 3127 3002 3202 συνενηνοχὼς,
3031 3130 3287 3181 τοσοῦτον
3329 3124 3590 3185 ἐλάττους
3627 3131 3728 3194 τῆς
3757 3123 3858 3178 ἐν-

2197 3221 2378 3274 τεῦθεν
2437 3217 2908 3292 προσγιγνομὲνης
2973 3214 3174 3276 ταύτας
3233 3215 3502 3288 εὑρήσεις,
3565 3215 3638 3275 ὡς
3701 3210 3856 3286 μηδέ

2195 3303 2567 3382 παραϐάλλειν
2615 3306 2678 3361 τὸ
2735 3305 2986 3380 παράπαν
3041 3304 3255 3373 εξεῖναι.
3288 3303 3395 3362 Διά
3451 3303 3546 3370 τίς
3597 3302 3680 3356 ὅτι
3719 3323 3852 3356 κιν-

2198 3393 2399 3451 δυνεύει
2447 3399 2526 3467 τῷ
2569 3391 2682 3448 ὅντι
2727 3395 2822 3454 τὰς
2867 3394 2959 3466 μὶν
3011 3389 3185 3453 ἄλλας
3231 3389 3438 3452 ἀπάσας
3486 3389 3686 3459 ἡδονὰς
3719 3391 3846 3444 ἐπι-

2196 3480 2431 3547 ϐούλους
2463 3484 2600 3538 εἶναι
2629 3484 2718 3538 καὶ
2750 3481 3040 3560 σφαλερας,
3069 3481 3160 3534 καὶ
3209 3478 3382 3554 λόχον
3437 3481 3674 3554 ἀτεχνῶς
3719 3485 3848 3542 τοῖς

2196 3575 2534 3654 χρωμένοις,
2589 3573 2651 3626 οὗ
2709 3572 2922 3644 σώμασι
2999 3569 3187 3644 μόνον,
3247 3568 3392 3623 ἀλλά
3465 3569 3556 3622 καὶ
3631 3572 3846 3642 ψυχαῖς

2197 3665 2660 3740 ἓπανισταμὲναςο
2717 3669 2838 3728 ταῖς
2913 3664 3005 3736 μὲν
3083 3658 3172 3716 διὰ
3243 3667 3350 3716 τῶν
3421 3659 3658 3716 ἐντεῦθεν
3711 3661 3842 3715 ἀνα-

2196 3754 2478 3833 φυομένων
2511 3755 2774 3830 ἐχθίστων
2807 3753 2984 3824 δήπου
3023 3754 3234 3822 παθῶν,
3263 3755 3380 3812 τοῖς
3431 3748 3488 3804 δὲ
3535 3747 3626 3804 διὰ
3669 3749 3848 3804 πλεί-

2195 3867 2336 3902 στων
2381 3846 2470 3900 καὶ
2523 3844 2790 3920 μεγίστων
2831 3847 2937 3898 τῶν
2984 3843 3180 3911 νόσων,
3223 3840 3314 3896 καὶ
3363 3837 3494 3894 οἵων
3543 3839 3684 3912 μηδὲ
3735 3841 3844 3912 φε-

2197 3957 2306 4012 ρειν
2341 3935 2635 3990 δύνασθαι·
2669 3933 2834 4011 λόγος
2867 3931 2924 3988 δὲ
2954 3936 3141 4008 πρῶτα
3184 3930 3276 4004 μὲν
3323 3931 3421 3998 τὴν
3472 3931 3660 4006 ψυχὴν
3689 3928 3843 3997 ἡδίω

2193 4026 2432 4094 καθάπαξ
2527 4023 2958 4098 παρασκευάζει,
3039 4021 3350 4092 θαυμαστήν
3455 4039 3576 4073 τινα
3667 4020 3844 4086 ταύτῃ

2198 4113 2429 4170 διάθεσιν
2463 4113 2706 4186 ἐμποιῶν
2737 4113 2828 4166 καὶ
2860 4111 2973 4166 οἷόν
3012 4131 3134 4165 τινα
3181 4109 3329 4162 θείαν
3373 4107 3646 4186 περιχέων
3695 4112 3844 4162 κατὰ.

2193 4207 2257 4260 τὸ
2301 4200 2428 4266 ἔπος
2471 4205 2678 4280 ὀμφὴν,
2709 4203 2786 4265 ὡς
2835 4201 3140 4273 ἀκυμάντου
3178 4199 3430 4276 γαλήνης
3469 4198 3842 4272 πληροῦσθαι⁹

2195 4293 2284 4350 καὶ
2322 4292 2489 4349 ’ίλεων
2542 4293 2679 4348 εἶναι
2719 4292 2810 4346 καὶ
2862 4293 3072 4364 μανικῷ
3120 4285 3186 4359 δή
3235 4310 3342 4343 τινι
3380 4289 3469 4342 καὶ
3501 4287 3686 4359 ἀτόπῳ
3733 4287 3844 4362 γά-

2195 4404 2270 4438 νει
2321 4383 2582 4458 χρῆσθαι.
2631 4383 2838 4436 Ἔπειθ’
2869 4379 2899 4434 ὓ
2952 4379 3046 4452 μὲν
3095 4372 3236 4432 ἔστιν
3281 4375 3448 4444 αὐτῆς
3499 4373 3706 4438 ὑλῶδες
3745 4377 3842 4429 καὶ

2195 4477 2381 4546 χεῖρον
2435 4471 2526 4525 καὶ
2581 4473 2679 4524 τοῦ
2729 4469 3036 4538 παθητικοῦ
3097 4463 3332 4539 μάλιστα
3393 4463 3588 4538 μὲρους
3637 4462 3746 4536 οὐχ
3801 4461 3842 4536 ᾖ

2197 4562 2400 4638 πέφυκε
2482 4559 2733 4640 φέρεσθαι
2827 4561 3157 4633 συγχωρῶν,
3213 4552 3363 4610 ἀλλὰ
3447 4552 3688 4627 συνέχων
3747 4553 3842 4606 καὶ

2199 4649 2390 4727 ἄγχων
2417 4650 2508 4705 καὶ
2553 4650 2724 4704 πάντα
2754 4649 2957 4722 τρόπον
2987 4646 3124 4720 πρὸς
3171 4644 3368 4719 ἀρετὴν
3418 4644 3694 4716 ῥυθμίζων
3745 4642 3842 4696 καὶ

2197 4741 2469 4812 καθιστὰς,
2505 4737 2786 4812 βέλτιστόν
2849 4758 2906 4792 τε
2964 4737 3108 4809 ὁμοῦ
3163 4739 3256 4788 καῖ
3312 4734 3434 4786 οἷον
3474 4730 3698 4808 λογικὸν
3727 4729 3842 4786 ἀντ’

2195 4829 2403 4905 ἀλόγου
2453 4831 2597 4884 τοῦτ’
2651 4826 2956 4904 ἀποφαίνει,
3011 4829 3091 4896 τῷ
3144 4825 3279 4878 κατὰ
3339 4822 3505 4896 λόγον
3573 4823 3844 4876 κινεῖσθαι

2193 4919 2638 4994 παρασκευάζειν,
2669 4917 2759 4972 καὶ
2802 4917 2900 4984 τήν
2949 4915 3115 4988 ὀρθὴν
3161 4909 3284 4968 ὁδὸν
3335 4912 3526 4981 σώζειν
3559 4913 3632 4972 ὡς
3661 4907 3794 4972 ἔπος
3817 4929 3834 4944 ⁶

2193 5013 2274 5082 τῷ
2319 5005 2366 5062 δ’
2413 5005 2480 5062 αὖ
2521 5004 2790 5082 κρείττονι
2824 5005 2913 5058 καὶ
2963 5001 3292 5073 διανοητικῷ
3339 5001 3439 5070 τήν
3487 4999 3624 5054 κατά
3669 4998 3832 5076 φύσιν

2193 5096 2512 5174 ἡγεμονίαν,
2593 5099 2866 5169 παροῦσαν
2973 5093 3069 5165 μὶν
3147 5091 3451 5146 πατάπασιν
3535 5093 3838 5162 συντηρῶν,

2191 5187 2433 5242 ἀποῦσαν
2483 5183 2542 5241 δὲ
2601 5184 2736 5258 μετά
2779 5181 2996 5240 πολλοῦ
3045 5185 3142 5238 τοῦ
3202 5178 3482 5255 βελτίονος
3533 5176 3842 5252 ἐπανάγων,

2194 5274 2368 5332 δεινὸν
2399 5275 2557 5330 αὐτὸν
2619 5276 2793 5346 ἑαυτῷ
2839 5273 2928 5328 καὶ
2977 5271 3280 5346 θαυμαστὸν
3333 5263 3646 5342 σύμϐουλον
3699 5266 3844 5322 ἀπο-

2193 5365 2364 5445 φαίνει
2403 5369 2500 5420 τοῦ
2549 5363 2602 5420 τί
2651 5363 2732 5418 δεῖ
2785 5363 3066 5432 ποιοῦντα,
3117 5359 3208 5416 καὶ
3269 5358 3379 5414 τίσι
3429 5357 3638 5432 μάλισα
3683 5357 3842 5432 χρώ-

2198 5479 2360 5532 μενον
2419 5457 2485 5512 τὰ
2543 5456 2836 5534 γιγνόμενα
2893 5455 3084 5522 σώζειν
3157 5451 3246 5506 καὶ
3319 5451 3458 5506 κατά
3513 5447 3670 5527 φύσιν
3725 5467 3843 5522 χω-

2191 5552 2324 5622 ρεῖν.

2261 5637 2363 5704 κς’.
2423 5635 2576 5692 Οὕτω
2631 5635 2732 5716 γὰρ
2788 5634 2850 5692 ἂν
2917 5633 3008 5692 καὶ
3063 5635 3126 5690 τὸ
3179 5635 3276 5688 τοῦ
3333 5629 3631 5692 Πλάτωνος
3687 5627 3844 5708 ἅρμα
