4154 6216
267 387 383 450 489
1429 376 1719 442 ORATIO
1763 376 1865 437 DE
1910 377 1956 435 ll

2070 372 2140 433 lS
2174 368 2585 469 9F9"..cr:’
3548 376 3667 439 490

270 525 404 597 ὅπερ
443 518 689 576 ἰλαύνειν
728 513 841 572 οἶδε
892 514 1047 589 ψυχὴ
1091 510 1360 569 κάλλιστα
1405 509 1544 590 ἔχει,
1600 512 1676 584 μή
1731 527 1919 583 μαχο-
1947 549 1956 576 λ

2064 472 2191 560 Ἰἒίῦ
2222 508 2526 576 memorat,
2577 505 2687 563 rite
2737 506 3018 580 fungitur,
3047 506 3189 565 dum
3236 507 3372 580 equi
3402 506 3539 564 licet
3568 507 3671 565 ali-

276 615 450 686 μένων
483 614 596 665 τῶν
641 607 850 676 ἳππων,
898 604 995 660 κᾶν
1050 602 1338 659 ἀντίπαλοί
1388 623 1530 663 τινες
1574 603 1725 667 ὦσιν,
1772 598 1920 655 ἀλλὰ

271 697 676 776 ξυμϐαινόντων
735 695 1039 766 ἀλλήλοις,
1098 695 1191 749 καὶ
1252 694 1390 766 μετά
1446 698 1541 748 τοῦ
1594 694 1920 769 τεταγμένου

271 791 621 862 ποιουμένων
651 788 743 842 τὸν
777 784 984 859 δρόμον
1014 804 1026 816 ’
1072 784 1181 859 ἐγὼ
1214 781 1280 838 δὲ
1310 785 1400 838 καὶ
1447 787 1609 838 τοῦτο
1643 781 1813 859 λέγω,
1846 785 1922 846 ὡς

275 881 305 935 ὁ
334 880 504 953 σοφὸς
642 878 813 955 σοφὸς
859 876 951 929 καὶ
996 877 1191 950 γνῶσιν
1242 872 1441 947 ἴσχων,
1494 872 1556 927 οὐ
1608 872 1769 945 μόνον
1817 876 1926 928 τῶν

278 969 448 1023 ὄντων
558 967 685 1020 ὄντα
715 964 875 1032 εἰσὶν,
914 960 1061 1018 ἀλλά
1098 962 1188 1016 καὶ
1228 961 1388 1017 θείων
1433 960 1557 1035 πέρι
1586 961 1676 1016 καὶ
1716 962 1925 1035 ἀνθρω-

277 1063 453 1111 πὶνων
518 1054 882 1129 πραγμάτων,
942 1051 1040 1107 οὐκ
1117 1052 1421 1114 ἀπεικότως
1484 1051 1575 1105 καὶ
1640 1049 1927 1125 ἅνθρωπος

287 1144 504 1220 μᾶλλον
535 1143 741 1219 λέγοιτ’
781 1141 842 1197 ἂν
891 1142 983 1196 καὶ
1012 1142 1077 1196 τὸ
1119 1142 1239 1196 καθ’
1288 1142 1435 1214 ἡμᾶς
1486 1139 1791 1214 ὑπερέχων.
1838 1145 1927 1201 Ὠς

283 1235 386 1310 γὰρ
420 1234 476 1289 οἱ
505 1231 673 1289 ἄλλοι
703 1233 897 1293 πάντες
927 1234 1036 1285 τῶν
1070 1226 1284 1303 ἀλόγων
1320 1226 1409 1283 διὰ
1436 1229 1527 1284 τὸν
1562 1228 1727 1305 λόγον
1762 1228 1927 1302 ὑπέρ-

281 1344 489 1378 κεινται
519 1322 614 1377 τὸν
643 1322 808 1376 αὐτὸν
846 1320 1050 1395 τρόπον
1088 1318 1179 1373 καὶ
1219 1319 1380 1381 οὗτος
1418 1319 1504 1379 οἷς
1543 1316 1734 1381 ἀπλῶς
1775 1317 1930 1394 λόγῳ

284 1412 517 1486 χρῆται,
545 1408 724 1464 τελῶν
766 1408 847 1469 εἷς
888 1408 1230 1481 ἀνθρώπους,
1263 1407 1346 1466 οἷς
1392 1403 1540 1459 οὕτω
1588 1411 1796 1479 χρῆται
1842 1403 1931 1458 καὶ

286 1501 483 1573 σοφίαν
523 1498 698 1567 ἀσκεῖ,
745 1498 837 1552 τὸν
898 1495 1184 1571 ἄνθρωπον
1241 1494 1316 1556 ὡς
1371 1493 1539 1548 εἰπεῖν
1598 1489 1931 1565 ὑπερϐαίνει,

287 1590 382 1643 καὶ
418 1590 587 1661 μόνος
614 1592 723 1643 τῶν
772 1588 990 1642 πάντων
1031 1587 1133 1654 την
1178 1582 1288 1638 τῶν
1338 1581 1701 1660 Κολοιξωνίων
1751 1587 1931 1659 ψῆφον

289 1678 345 1734 έν
394 1683 465 1751 τῇ
505 1681 665 1750 κοινῇ
710 1676 875 1744 ταύτῃ
923 1676 1137 1751 φέρεται
1188 1672 1380 1750 φύσει·
1437 1671 1640 1732 ἰσόθεός
1693 1693 1775 1733 τις
1822 1672 1937 1744 φὼς

291 1767 371 1821 ὢν
402 1768 475 1828 ὡς
508 1767 676 1820 εἰπεῖν
703 1784 715 1796 °
749 1766 778 1819 ’ὀ
810 1761 877 1833 δή
909 1765 996 1818 καὶ
1030 1760 1273 1835 τοῦνομα
1317 1758 1571 1835 βούλεται
1598 1779 1609 1792 ·
1645 1760 1770 1814 ὥσθ’
1814 1760 1937 1814 ὅσον

297 1854 519 1929 μᾶλλόν
580 1855 690 1909 ἐστι
750 1852 939 1931 σοφὸς,
997 1854 1227 1906 τοσοῦτο
1288 1847 1501 1923 μᾶλλον
1558 1848 1785 1919 ταυτησὶ
1821 1850 2022 1935 ,τῆςΒ

294 1946 621 2021 προσθήκης
683 1942 957 2016 μετέχων,
1007 1940 1137 1995 ὅσον
1187 1939 1402 2012 μᾶλλον
1447 1938 1648 2008 ταύτης
1701 1934 1941 2013 μετέχει,

299 2032 535 2087 τοσοῦτο
588 2031 800 2104 μᾶλλον
847 2029 1133 2106 ἀφίσταται
1180 2029 1274 2101 μὲν
1319 2031 1427 2081 τῶν
1472 2027 1795 2100 ἀνθρώπων,
1848 2022 1943 2099 μέ-

298 2123 550 2176 θίσταται
596 2118 654 2176 δὲ
704 2118 842 2194 πρὸς
888 2119 1019 2174 Θεόν
1054 2136 1066 2148 ·
1135 2116 1227 2172 καὶ
1296 2116 1549 2190 μεθόριον
1616 2116 1945 2192 γιγνόμενος

299 2210 600 2287 ἑκατέρων,
656 2209 840 2284 ὥσπερ
898 2205 1241 2283 αἰσχύνεσθαί
1310 2226 1406 2278 μοι
1447 2203 1597 2261 δοκεῖ
1636 2208 1716 2277 τῷ
1764 2205 1948 2277 σώμα-

295 2324 396 2365 τος
426 2303 576 2365 ὅλως
611 2303 882 2375 μετέχειν,
911 2301 984 2362 ὡς
1013 2299 1067 2355 ἐν
1110 2299 1423 2373 ἀσωμάτοις
1484 2296 1824 2375 φιλοσοφῶν,
1856 2296 1946 2352 καὶ

293 2394 364 2448 τὸ
392 2399 495 2461 τῆς
536 2395 724 2465 ψυχῆς
759 2392 917 2463 δμμα
957 2391 1077 2445 ὅσαι
1119 2389 1257 2464 ὧραι
1296 2387 1388 2443 καὶ
1431 2388 1515 2449 οἷς
1560 2387 1823 2460 λέγεικαὶ
1864 2389 1948 2449 οἷς

297 2481 533 2555 πράττει
582 2480 919 2534 παντάπασιν
972 2475 1330 2552 ἒκκαθαίρων,
1397 2476 1487 2532 καὶ
1536 2477 1671 2548 πρὸς
1720 2473 1950 2548 ἐποψίαν

301 2566 632 2638 ἐπιτηδείως
689 2562 836 2642 ἔχειν
886 2566 1307 2640 παρασκευάζων
1351 2570 1449 2621 τοῦ
1494 2562 1664 2633 θείου,
1716 2566 1802 2619 καὶ
1852 2564 1951 2634 τήν

299 2660 488 2732 ἀρχὴν
536 2656 744 2724 ἐκείνην
792 2654 1006 2710 διώκειν
1058 2655 1177 2709 ὅθεν
1225 2654 1461 2725 ἐξέπεσεν
1489 2671 1503 2685 ⁸
1554 2653 1717 2708 ἔπειθ’
1763 2654 1792 2708 ’ὸ
1823 2652 1953 2709 τού-

305 2767 411 2802 του
461 2750 649 2819 μεῖζον
705 2746 793 2799 καὶ
854 2748 955 2798 τοῦ
1010 2745 1208 2805 παντὸς
1267 2743 1343 2806 ὡς
1408 2742 1577 2798 εἰπεῖν
1640 2742 1812 2812 ἄξιον,
1872 2741 1957 2797 ὅτι

308 2836 509 2906 ὃνητὸς
538 2830 638 2901 ὧν,
676 2834 936 2895 ἀθάνατος
992 2833 1121 2887 εἶναι
1176 2830 1329 2887 δολεῖ
1367 2829 1438 2886 δι’
1480 2833 1553 2886 ὧν
1594 2829 1958 2887 καταλέλοιπε

310 2925 523 3002 λόγων,
574 2922 758 2995 ὥσπερ
812 2944 895 2985 τις
944 2921 1130 2996 παρὼν
1198 2926 1314 2983 τοῖς
1383 2921 1836 2995 ἐπιγιγνομένοις,
1893 2921 1963 2976 τά

305 3019 586 3077 κάλλιστα
625 3020 790 3089 ξυνὼν
840 3019 930 3073 καί
971 3014 1394 3091 πολιτευόμενος
1422 3035 1435 3049 ⁸
1485 3014 1699 3088 μᾶλλον
1733 3015 1790 3071 δὲ
1829 3015 1961 3091 οὐχὶ

304 3110 504 3165 ἑαυτὸν
567 3109 759 3182 μόνον,
812 3105 962 3162 ἀλλά
1008 3107 1100 3161 καὶ
1145 3105 1272 3168 τοὺς
1321 3104 1529 3168 ἄλλους
1583 3104 1700 3160 ἀντὶ
1751 3108 1962 3175 θνητῶν

2031 614 2315 683 quantum
2333 612 2716 711 divergent/n;
2734 630 2848 670 non
2869 614 3259 672 diversimode
3280 619 3543 682 currunt,
3568 615 3669 672 sed

2030 718 2232 806 eodem
2256 718 2387 806 :ri,
2404 710 2796 777 detendunt.
2821 721 2904 776 Ad
2926 737 3051 792 qua
3078 737 3216 794 ergo
3244 720 3302 776 id
3330 737 3559 795 quoque
3580 738 3676 778 as-

2034 842 2165 882 sero
2195 790 2350 898 quod
2384 826 2557 885 homo
2579 828 2816 901 sapisns
2836 846 2951 901 qua
2978 829 3211 901 sapiens
3232 845 3347 886 non
3376 829 3566 885 solum
3590 846 3677 885 re-

2037 951 2167 992 rum
2197 939 2493 1004 naturam,
2525 937 2626 993 sed
2676 939 2735 992 et
2789 936 3119 994 divinarum
3166 936 3679 1011 humanarumque

2034 1043 2368 1115 cognitione
2397 1044 2633 1116 gaudet,
2663 1049 2722 1100 et
2771 1043 2925 1103 hanc
2972 1044 3046 1101 ob
3076 1060 3312 1103 causam
3369 1045 3679 1105 hominum

2040 1149 2250 1223 vulgus
2277 1149 2450 1223 longe
2479 1154 2738 1223 superat.
2770 1150 2845 1208 Ut
2873 1152 3029 1208 enim
3061 1151 3162 1225 qui
3194 1153 3420 1210 ratione
3458 1153 3682 1226 praediti

2040 1262 2182 1315 sunt
2210 1258 2459 1326 cateris,
2481 1258 2583 1331 qui
2613 1275 2678 1316 se
2710 1264 2910 1317 carent
2940 1264 3237 1332 prmstaut,
3269 1260 3356 1319 sic
3381 1261 3432 1317 is
3453 1262 3555 1334 qui
3585 1277 3684 1318 sa-

2044 1362 2265 1435 pientia
2295 1364 2458 1424 duce.
2493 1362 2886 1431 multitudine,
2919 1369 2983 1420 ut
3039 1370 3242 1437 potest,
3292 1365 3497 1434 utitur,
3540 1366 3690 1423 inter

2044 1475 2282 1527 caeteros
2314 1470 2588 1527 mortales
2634 1471 2882 1540 excellit,
2918 1477 2975 1528 et
3003 1472 3159 1529 solus
3200 1472 3690 1545 Colophoniorum

2047 1574 2391 1648 suffragium
2427 1575 2568 1632 feret
2604 1593 2618 1632 :
2650 1581 2739 1633 est
2769 1578 2921 1634 enim
2958 1578 3048 1634 vir
3076 1578 3246 1651 quasi
3278 1578 3516 1635 divinus
3545 1595 3607 1636 re
3635 1583 3694 1635 et

2052 1681 2303 1737 nomine.
2337 1682 2459 1746 Quo
2489 1681 2644 1738 enim
2678 1683 2861 1754 magis
2890 1688 2981 1741 est
3009 1685 3247 1757 sapiens
3294 1689 3351 1742 et
3381 1684 3691 1758 perfectus,

2051 1802 2118 1842 eo
2140 1787 2372 1860 longius
2394 1790 2467 1844 ab
2490 1789 2796 1847 hominum
2817 1792 3115 1848 communi
3138 1791 3400 1860 distabit,
3425 1792 3694 1865 propius-

2053 1909 2164 1966 que
2194 1894 2265 1950 ad
2297 1894 2479 1951 Deum
2512 1896 2761 1953 accedet.
2784 1898 2853 1953 Et
2878 1897 2963 1954 sic
3011 1898 3164 1954 inter
3203 1899 3347 1955 duos
3378 1899 3602 1972 positus
3622 1900 3695 1955 li-

2055 2001 2226 2057 mites
2247 2002 2390 2058 etde
2412 2002 2585 2059 rebus
2605 2002 3091 2061 immaterialibus
3112 2003 3555 2078 philosophans,
3572 2022 3697 2063 ma-

2056 2106 2279 2163 terialis
2309 2114 2576 2166 creatura
2606 2126 2735 2167 esse
2766 2111 2960 2181 nolet;
2992 2112 3112 2168 imo
3145 2111 3204 2167 in
3236 2111 3426 2170 verbis
3470 2118 3527 2170 et
3555 2115 3700 2169 acti-

2056 2214 2169 2269 bus
2201 2214 2415 2272 mentis
2470 2214 2701 2271 oculum
2752 2216 3060 2288 purificare
3092 2234 3387 2291 nunquam
3428 2219 3702 2289 cessabit,

2059 2323 2125 2376 ut
2152 2321 2225 2378 ad
2264 2322 2535 2379 Numinis
2583 2322 2765 2380 divini
2823 2326 3190 2383 intuitionem
3221 2344 3281 2383 se
3336 2331 3613 2401 praeparet
3639 2344 3705 2385 ac

2060 2428 2371 2501 pristinam
2402 2429 2793 2504 integritatem
2836 2449 3015 2504 quam
3051 2434 3350 2506 amiserat,
3391 2442 3703 2510 recuperet.

2063 2535 2198 2603 Sed,
2230 2536 2388 2608 quod
2444 2541 2771 2595 memoratu
2820 2539 3232 2611 dignissimum
3284 2545 3387 2607 est,
3420 2558 3551 2599 cum
3600 2542 3711 2600 im-

2066 2643 2323 2700 mortalis
2354 2648 2463 2713 est,
2486 2645 2984 2702 immortalitatem
3015 2646 3074 2703 in
3109 2663 3448 2705 sermonum
3471 2665 3709 2707 suorum

2065 2755 2264 2807 tenore
2294 2749 2584 2822 relinquet
2613 2760 2742 2823 post
2772 2751 3013 2825 probam
3037 2754 3215 2810 vitam
3242 2771 3256 2822 ;
3281 2771 3386 2812 nec
3415 2771 3474 2811 se
3497 2755 3710 2824 solum,

2067 2857 2170 2913 sed
2201 2863 2440 2914 caeteros
2471 2874 2705 2930 quoque
2734 2875 2765 2916 e
2797 2859 3140 2917 mortalibus
3181 2860 3543 2919 immortales
3573 2879 3714 2919 con-

2068 2964 2311 3032 stituet;
2345 2979 2408 3020 se
2435 2965 2645 3037 ipsum,
2677 2966 2831 3022 sicut
2849 2965 2989 3034 dixi,
3009 2973 3248 3024 ceteros
3272 2974 3464 3025 autem
3486 2969 3715 3025 virtutis

2068 3086 2135 3125 ac
2164 3071 2360 3142 gloria
2390 3073 2673 3129 memoria
2701 3072 2911 3131 litteris
2941 3075 3234 3132 mandata.
3266 3075 3397 3132 Hac
3435 3078 3717 3134 memoria

306 3201 614 3259 ἀθανάτους
662 3201 848 3252 ποιεῖ·
881 3196 1068 3251 ἑαυτὸν
1117 3196 1236 3269 μὲν,
1286 3195 1368 3256 οἷς
1399 3187 1553 3266 ἔφην,
1594 3194 1720 3254 τοὺς
1766 3190 1845 3260 δὲ,
1876 3193 1956 3256 οἷς

2072 3184 2186 3240 nisi
2214 3183 2298 3238 sic
2331 3182 2617 3252 ﬁrmatur,
2646 3181 2941 3238 intercidit
2990 3181 3242 3255 collapsa
3283 3184 3529 3256 vestigia
3560 3184 3719 3241 nulla

305 3290 419 3356 τήν
468 3291 617 3366 σφῶν
673 3288 868 3361 ἀρετήν
921 3306 980 3340 τε
1043 3284 1133 3351 καὶ
1201 3281 1355 3355 δόξαν
1421 3282 1566 3338 ἐσαεῖ
1629 3281 1955 3357 παραμένειν

312 3376 715 3451 παρασκευάζει
772 3380 891 3437 τοῖς
938 3374 1131 3448 λόγοις
1162 3393 1176 3407 ο
1236 3373 1302 3441 ἥν
1351 3372 1439 3427 ἐὰν
1493 3374 1568 3446 μή
1616 3376 1714 3427 τοῦ
1764 3373 1965 3443 συστή-

316 3488 515 3528 σοντος
552 3470 672 3527 τοῖς
718 3462 904 3518 ’ἔπειτα
950 3464 1122 3537 τύχῃ,
1179 3461 1332 3522 εὐθὺς
1390 3456 1664 3517 σϐέννυται
1713 3462 1803 3516 καὶ
1842 3460 1964 3535 περὶ

317 3557 500 3624 αὐτὴν
528 3551 790 3629 καταρρεῖ
812 3572 825 3584 ⁸
859 3549 977 3607 οὐδ’
1007 3550 1092 3607 ὅτι
1122 3550 1335 3627 γέγονεν
1388 3547 1563 3606 οὐδενὶ
1601 3550 1738 3624 μετά
1789 3550 1967 3626 βραχὺ

321 3644 675 3717 δεικνυμένη.

402 3738 507 3792 κ>’.
565 3736 728 3787 ’Ὀταν
782 3729 963 3785 τοίνυν
1002 3732 1037 3800 ἡ
1077 3731 1295 3784 πάντων
1348 3734 1456 3785 τῶν
1517 3727 1704 3784 ἄλλων
1762 3726 1973 3804 ἀγαθῶν

324 3821 616 3896 περιουσία
664 3821 753 3875 καὶ
817 3822 980 3895 χάρις
1024 3824 1269 3895 τυχοῦσα
1319 3820 1414 3893 μὲν
1482 3819 1667 3897 λόγων
1716 3819 1976 3879 ἀθάνατος

326 3915 371 3985 ᾗ
406 3914 481 3985 μὴ
528 3914 776 3985 τυχοῦσα
819 3906 875 3963 δὲ
916 3907 1074 3983 νεκρά
1120 3928 1239 3969 πως
1285 3909 1411 3963 εἶναι
1461 3905 1596 3981 δοκῇ
1645 3911 1724 3979 τῷ
1772 3905 1975 3961 λανθά-

325 4024 465 4069 νειν,
491 4003 584 4055 καὶ
634 3996 785 4054 οὐδὲν
828 3997 1014 4060 αὐταῖς
1062 3997 1226 4053 πλέον
1258 3996 1416 4071 ᾕτοῦ
1459 3999 1591 4051 ποτὲ
1636 3998 1975 4070 γεγενῆσθαι.

328 4097 452 4153 πῶς
486 4091 548 4146 οὗ
599 4087 898 4145 κάλλιπον
958 4092 1064 4143 τῶν
1122 4088 1174 4141 ἐν
1234 4087 1544 4161 ἀνθρώποις
1596 4085 1844 4141 ἀπάντων
1896 4082 1978 4139 δεῖ

326 4178 576 4251 νομίζειν
607 4176 734 4238 τοὺς
784 4174 1020 4251 λόγους;
1070 4178 1185 4235 πῶς
1216 4171 1263 4228 δ’
1312 4173 1373 4227 οὒ
1416 4174 1569 4228 πάντ’
1614 4171 1744 4227 εἴσω
1792 4171 1978 4226 πίπτει

322 4273 426 4323 τοῦ
456 4269 777 4340 θαυμαστοῦ
805 4260 961 4318 τοῦδε
998 4263 1089 4319 καὶ
1122 4260 1408 4337 δαιμονίου
1439 4266 1517 4334 τῷ
1556 4261 1667 4317 δντι
1716 4263 1979 4336 πράγμα-

322 4377 465 4425 τος;
517 4357 619 4411 Καὶ
677 4358 786 4428 μὴν
837 4353 882 4408 εἶ
930 4352 1148 4414 κοινούς
1204 4373 1356 4416 τινας
1410 4351 1684 4426 εὐεργέτας
1742 4349 1833 4405 καὶ
1878 4371 1982 4405 σω-

323 4453 505 4520 τῆρας
534 4445 627 4501 καὶ
663 4441 969 4517 κηδεμόνας
1007 4447 1105 4499 τοῦ
1151 4441 1272 4516 βίου
1312 4442 1401 4497 καὶ
1451 4442 1624 4496 πάντα
1664 4439 1731 4495 τά
1758 4443 1982 4495 τοιαῦτα

325 4539 461 4599 τοὺς
518 4537 722 4610 νόμους
772 4537 996 4599 ἅπαντες
1048 4533 1228 4608 ἴσμεν,
1285 4538 1365 4605 τῷ
1420 4537 1591 4588 πᾶσαν
1645 4533 1738 4605 μὲν
1786 4532 1977 4586 κακίαν

331 4628 680 4683 παντάπασιν
735 4624 991 4695 ἀναιρεῖν,
1050 4623 1245 4697 ἀρετὴν
1306 4620 1363 4676 δὲ
1420 4623 1747 4682 συνιστάναι.
1799 4619 1971 4675 δι’ὧν

325 4721 430 4787 τήν
479 4716 578 4790 μὲν
615 4719 782 4787 τιμᾷν
832 4711 1037 4769 οἶονται
1087 4711 1220 4782 δεῖν,
1278 4711 1405 4773 τοὺς
1460 4709 1517 4766 δὲ
1571 4712 1974 4786 πονηροτάτους

326 4806 611 4876 κολάζειν,
648 4804 684 4873 ἦ
729 4803 836 4859 πού
881 4823 943 4879 γε
990 4800 1139 4858 πολὺ
1188 4801 1452 4875 πρότερον
1503 4805 1615 4861 τοῖς
1664 4799 1851 4874 λόγοις
1900 4799 1973 4854 ὧν

329 4896 557 4969 εὕρημα
586 4894 770 4966 νόμοι,
813 4890 1014 4962 ταύτην
1072 4890 1325 4962 εἰσόμεθα
1374 4886 1598 4950 δικαίως
1628 4889 1726 4958 τὴν
1777 4885 1974 4964 χάριν;

329 4988 421 5041 καὶ
452 4988 624 5038 ταῦτα
651 4984 738 5037 καὶ
774 4981 853 5036 ἔτι
883 4979 1060 5036 πλείω
1093 4981 1226 5053 μετά
1272 4977 1490 5034 πολλοῦ
1528 4982 1622 5032 τοῦ
1670 4977 1977 5053 κρείττονος

335 5073 538 5135 αὐτοὺς
591 5067 989 5147 προσεροῦμεν,
1037 5068 1111 5131 ὡς
1161 5067 1340 5139 πάσης
1389 5064 1735 5139 εὐδαιμονίας
1780 5066 1981 5141 ἀνθρώ-

331 5184 463 5223 ποις
494 5159 583 5216 διά
618 5166 727 5216 τῶν
777 5161 962 5233 νόμων
1009 5157 1269 5228 αἰτίους;
1319 5156 1468 5231 εἶ’περ
1520 5154 1673 5211 οὐδὲν
1725 5155 1822 5229 μὲν
1868 5158 1975 5210 τῶν

334 5255 597 5327 χρηστῶν
629 5250 731 5304 οὐκ
761 5246 820 5303 ἂν
851 5267 985 5303 ποτε
1025 5247 1275 5322 ἐπράχθη
1323 5247 1397 5320 μή
1438 5245 1700 5301 τεθέντων
1742 5248 1850 5300 τῶν
1889 5245 1980 5299 νό-

340 5364 486 5415 μων,
544 5338 800 5408 ἐτέθησαν
861 5335 918 5393 δὲ
964 5340 1268 5411 τοεξαρχῆς
1327 5333 1429 5391 ὗπὸ
1489 5334 1692 5410 λόγων,
1742 5333 1830 5388 καὶ
1886 5336 1977 5386 νῦν

335 5431 597 5491 ἐπιεικῶς
641 5430 1061 5505 συγκροτοῦνται
1095 5445 1109 5457 ·
1172 5427 1222 5481 εἴ
1275 5423 1323 5480 δ’
1382 5423 1669 5480 ἰδιώτατον
1735 5425 1831 5497 μὲν
1889 5422 1979 5477 καὶ

338 5520 786 5576 λυσιτελέστατον
844 5516 932 5572 καὶ
1002 5520 1098 5571 τοῦ
1154 5535 1349 5577 παντος
1412 5514 1705 5585 ἀξιώτατον
1770 5513 1983 5588 ἀνθρώ-

2068 3290 2421 3362 relinquens.

2147 3731 2238 3785 27.
2266 3730 2328 3787 Si
2352 3732 2618 3788 omnium
2650 3738 2937 3805 quotquot
2966 3736 3106 3789 sunt
3128 3735 3417 3791 bonorum
3437 3734 3720 3791 memoria

2078 3838 2416 3894 litteraturae
2461 3839 2742 3896 beneﬁcio
2798 3841 3144 3897 immortalis
3174 3844 3284 3911 est,
3316 3844 3374 3897 et
3429 3840 3720 3898 contraria

2080 3944 2200 3999 vice
2229 3943 2616 4016 exstinguitur
2643 3944 2773 4017 ipsa
2800 3944 3109 4014 oblivione,
3137 3949 3196 4001 et
3227 3961 3320 4001 res
3358 3952 3536 4019 gesta
3558 3946 3721 4003 nulla

2080 4051 2171 4104 sui
2202 4048 2440 4120 vestigia
2468 4048 2827 4122 relinquunt,
2852 4067 3045 4107 nonne
3075 4051 3316 4108 historia
3347 4052 3722 4124 praeclarissi-

2082 4171 2179 4211 ma
2206 4171 2403 4212 rerum
2435 4156 2826 4213 humanarum
2874 4157 3143 4214 habenda
3185 4158 3324 4214 est?
3356 4163 3413 4214 et
3440 4159 3574 4230 quis
3606 4175 3720 4216 non

2084 4261 2240 4318 videt
2264 4262 2459 4320 omnia
2487 4279 2612 4334 quis
2639 4266 2926 4321 exsistunt
2953 4265 3079 4336 ejus
3105 4270 3299 4338 partes
3321 4266 3727 4323 constitutivas

2084 4369 2255 4425 ﬁeri?
2276 4372 2435 4436 Quod
2468 4371 2516 4426 si
2550 4371 2793 4427 humani
2819 4373 3048 4444 generis
3085 4372 3504 4441 benefactores,
3530 4373 3727 4445 sospi-

2088 4480 2323 4547 tatores,
2356 4479 2405 4534 si
2432 4478 2609 4549 leges,
2634 4479 2684 4535 si
2706 4479 2902 4535 omnia
2922 4478 3139 4536 similia
3161 4481 3442 4537 memoria
3464 4490 3728 4537 tenemus

2011 4588 2055 4652 Ι)
2085 4600 2213 4639 eum
2247 4584 2307 4640 in
2337 4584 2509 4640 tinem
2542 4588 2607 4640 ut
2637 4583 2920 4641 malitiam
2968 4585 3399 4655 interimamus,
3450 4587 3724 4642 virtutem

2086 4698 2474 4767 stabiliamus,
2507 4703 2572 4755 ut
2600 4698 2865 4756 homines
2895 4701 3046 4773 frugi
3096 4717 3555 4771 remuneremur,
3590 4718 3726 4772 pra-

2086 4832 2185 4871 vos
2216 4815 2589 4887 castigemus,
2619 4814 2946 4872 litterarum
2977 4832 3170 4886 usum,
3212 4818 3367 4874 unde
3409 4816 3566 4889 leges
3606 4832 3728 4871 ma-

2088 4936 2323 4999 narunt,
2356 4949 2469 5004 quo
2506 4932 2742 4989 tandem
2776 4932 2995 4989 honore
3027 4934 3347 4990 efﬁciemus
3373 4932 3401 4988 ἵ
3431 4932 3724 5004 quomodo

2087 5047 2227 5104 satis
2254 5047 2631 5105 laudabimus
2663 5064 2783 5104 rem
2803 5066 2929 5121 quas
2952 5048 3145 5120 legum
3179 5065 3284 5119 ope
3313 5048 3621 5104 hominum
3644 5048 3728 5103 te-

2090 5165 2365 5222 licitatem
2397 5164 2725 5221 stabilivit?
2765 5165 2978 5222 Revera
3011 5163 3158 5220 nihil
3208 5164 3342 5221 boni
3374 5164 3497 5220 sine
3535 5164 3732 5234 legum

2088 5282 2305 5338 latione
2333 5282 2393 5338 in
2424 5287 2575 5338 terra
2606 5281 2803 5347 ﬂeret;
2836 5281 2993 5354 leges
3040 5286 3236 5338 autem
3265 5297 3297 5337 θ
3326 5280 3542 5337 litteris
3580 5296 3735 5336 ema-

2088 5401 2321 5464 narunt,
2351 5401 2409 5453 et
2435 5413 2589 5452 nunc
2616 5395 2850 5467 quidem
2909 5396 3207 5453 communi
3256 5394 3489 5453 vinculo
3519 5411 3735 5451 ornan-

2088 5517 2204 5570 tur.
2238 5514 2298 5569 Si
2326 5513 2502 5585 igitur
2530 5512 2775 5569 scientia
2802 5510 3085 5570 litteraria
3116 5527 3207 5569 res
3238 5516 3329 5570 est
3357 5512 3581 5569 homini
3613 5511 3736 5569 uti-

413 5702 495 5773 (ι)
522 5699 1009 5772 Colophoniorum
1041 5693 1385 5765 suffragium
1417 5694 1564 5765 apud
1593 5692 1893 5748 Schottum
1924 5691 2188 5764 proverb.
2213 5691 2461 5763 append.
2486 5695 2596 5747 vat.
2632 5689 2699 5756 Il,
2731 5688 2822 5746 43.

663 5803 919 5863 ΡΑτιιοι..
963 5800 1077 5859 Gn.
1123 5793 1341 5857 CXLV.

3346 5790 3424 5859 16

3980 0 3999 145 ἲ

3988 192 4001 249 ί
