4154 6216
440 305 554 363 491

1719 311 2116 372 THEODULI
2159 311 2520 372 MDNACHI

3715 311 3838 374 492

441 433 683 504 lissima,
725 437 1092 510 dignissima,
1124 437 1261 510 quia
1293 439 1547 497 hominis
1589 441 1926 516 dignitatem
1961 461 2087 500 ma-

2204 462 2322 504 ποις
2355 443 2405 495 oi
2435 439 2618 517 λόγοι,
2649 445 2716 496 τά
2753 448 2801 496 τ’
2839 440 2986 498 ἄλλα
3028 443 3117 498 καὶ
3162 443 3244 498 ὅτι
3276 441 3474 512 πολλῷ
3513 440 3764 518 βελτίους
3797 443 3838 512 ἢ

441 534 734 608 ximopere
756 543 950 608 auget,
975 553 1202 608 semper
1223 543 1418 594 autem
1446 539 1668 596 lautore
1689 557 1756 596 ac
1777 541 2084 597 Maecenate

441 649 588 703 opus
619 633 808 702 habet,
850 633 1041 704 qualis
1071 639 1157 704 tu,
1191 637 1287 706 qui
1337 637 1682 692 auctoritate
1713 640 1870 710 regia
1901 639 2086 710 pluri-

445 747 602 786 mum
635 737 817 802 potes,
851 732 1132 803 majorem
1175 733 1320 805 ipsis
1367 737 1612 806 gratiam
1645 753 1710 790 ac
1741 736 2082 807 dignitatem

445 836 608 892 indas
633 853 852 908 precor,
887 847 946 894 ut
999 839 1298 896 hominum
1347 841 1586 897 utilitati
1653 843 1840 914 magis
1872 844 2086 914 magis-

443 959 556 1014 que
581 943 872 1000 inserviat.

509 1053 602 1106 28.
640 1055 700 1110 Si
729 1054 850 1110 haec
887 1056 970 1112 ita
997 1073 1056 1112 se
1106 1057 1344 1129 habent,
1393 1065 1450 1115 et
1479 1059 1526 1115 si
1559 1061 1630 1116 ad
1664 1077 1845 1116 unum
1881 1077 2085 1117 omnes

445 1164 550 1217 hac
581 1161 649 1218 de
679 1179 740 1218 re
767 1166 1161 1232 consentiunt,
1197 1171 1258 1220 tu
1289 1167 1439 1238 ipse.
1472 1183 1588 1234 rex,
1631 1169 1916 1238 ejusmodi
1950 1173 2086 1224 stu-

445 1269 540 1324 dia
571 1269 840 1326 ardenter
869 1269 1271 1343 complecteris
1301 1289 1432 1329 eum
1465 1274 1524 1328 in
1559 1273 1756 1342 linem,
1781 1280 1846 1330 ut
1867 1276 2086 1348 ubique

447 1385 706 1458 gentium
740 1403 1034 1444 sermones
1063 1389 1416 1459 sapientium
1467 1392 1660 1462 magni
1719 1392 1896 1448 l‘acias
1953 1407 2081 1447 cum

449 1495 702 1566 ipsisque
732 1501 1024 1552 certamen
1058 1497 1233 1552 ineas.
1259 1496 1330 1552 Ut
1351 1513 1480 1553 vere
1511 1497 1724 1568 dicam,
1747 1516 2084 1556 sermonum

451 1603 822 1658 serendorum
869 1603 1238 1674 liborumque
1289 1603 1666 1674 legendorum
1705 1607 1930 1662 occasio
1971 1623 2084 1662 non

451 1727 678 1782 semper
707 1715 813 1779 est,
847 1724 1034 1779 neque
1073 1711 1339 1766 victorias
1371 1711 1639 1768 Pindaric
1671 1729 1828 1769 more
1858 1719 2090 1770 cantare

455 1828 699 1882 l'acultas
721 1827 908 1881 datur.
935 1825 1021 1880 Tu
1041 1843 1173 1881 vero
1203 1827 1260 1881 in
1286 1841 1351 1882 eo
1383 1845 1608 1898 quoque
1631 1831 2091 1904 sapientemages
2123 1829 2168 1892 Β

453 1941 516 1988 ut
549 1949 750 1989 omnes
799 1933 952 1986 cives
1007 1932 1333 1987 studiorum
1403 1933 1605 1989 ardore
1663 1935 1890 1990 imbuas
1922 1941 1980 1990 et
2029 1941 2093 1990 ut

455 2055 778 2126 sepientum
811 2050 1158 2106 commercio
1217 2052 1495 2122 gaudeas,
1533 2051 1849 2123 siquidem,
1883 2057 1948 2108 ut
2003 2059 2092 2108 est

454 2164 512 2218 in
547 2160 863 2234 proverbio,
899 2160 1127 2230 tyranni
1157 2159 1264 2228 ipsi
1297 2160 2091 2232 sapientum;consuetudine

453 2271 796 2343 sapientiam
829 2269 1154 2340 acquirunt.
1190 2265 1268 2320 lla
1302 2267 1398 2322 flet
1437 2273 1499 2320 ut
1529 2285 1864 2324 sermonum
1913 2270 2092 2339 gravi-

453 2387 541 2434 tas
568 2395 631 2432 ac
657 2376 910 2448 dignitas
935 2391 1032 2445 per
1054 2379 1112 2429 te
1133 2381 1428 2444 augeatur.
1448 2375 1688 2439 Quando
1711 2375 1862 2430 enim
1887 2390 2092 2430 omnes

455 2499 793 2557 persuasum
827 2481 1150 2548 habebunt,
1183 2489 1234 2535 te
1273 2481 1564 2552 ejusmodi
1597 2483 1770 2538 rebus
1795 2481 2091 2549 delectari,

453 2617 746 2658 musarum
781 2599 952 2655 amici
976 2599 1076 2652 tibi
1101 2597 1210 2668 ipsi
1237 2615 1469 2670 quoque
1488 2599 1779 2666 favebunt,
1797 2605 1852 2656 et
1869 2599 2093 2654 caeteris

455 2708 699 2782 negotiis
731 2707 1078 2780 posthabitis
1111 2707 1217 2760 arti
1249 2707 1512 2762 oratorias
1548 2707 1606 2761 in
1641 2709 1844 2778 primis
1883 2708 2092 2762 stude-

457 2819 615 2877 bunt,
649 2817 782 2888 quia
815 2815 872 2870 in
935 2831 999 2870 ea
1057 2829 1354 2868 musarum
1414 2814 1713 2884 templum,
1757 2815 2092 2886 eloquentiae

455 2927 672 2993 locum,
702 2923 895 2978 omnis
927 2921 1220 2992 srpientire
1245 2921 1596 2977 curriculum
1630 2923 1846 2987 vident,
1881 2923 2094 2976 Deum-

456 3057 567 3112 que
600 3057 702 3112 pro
735 3055 842 3094 sua
871 3037 1177 3108 prudentia
1199 3052 1438 3108 regnum
1461 3043 1628 3094 tuum
1662 3038 1891 3094 ﬁrmare
1911 3055 2096 3110 agno-

456 3151 648 3202 scunt.
670 3149 749 3198 Tu
781 3143 903 3212 ipse
933 3143 992 3198 in
1033 3143 1422 3198 admiratione
1451 3143 1584 3208 eris,
1631 3143 1772 3214 quia
1800 3145 1858 3198 in
1893 3160 2092 3214 perpe-

457 3260 555 3308 tua
584 3251 875 3322 voluptate
926 3249 1172 3322 positus,
1231 3250 1370 3304 dum
1419 3251 1604 3308 ceteri
1657 3268 1756 3323 per
1815 3253 2094 3324 ignoran-

457 3361 597 3415 tiam
629 3358 1036 3428 languescunt,
1073 3361 1134 3411 tu
1167 3355 1330 3426 phari
1365 3357 1547 3412 instar
1578 3356 1706 3414 luce
1755 3367 1853 3412 tua
1910 3373 2096 3428 genus

459 3472 1058 3529 humanumillustras
1079 3488 1145 3527 ac
1171 3487 1479 3544 regeneras
1497 3492 1512 3542 ;
1531 3489 1645 3544 qua
1665 3473 1722 3528 in
1747 3492 1804 3530 re
1830 3477 2100 3545 praeclare

457 3581 601 3651 agis,
635 3595 751 3644 rex,
784 3585 840 3633 et
870 3577 1182 3648 sapienter,
1225 3575 1301 3631 Ex
1343 3578 1672 3650 exemplum
1705 3581 2096 3651 probativum.

458 3689 838 3742 Athenienses
869 3686 1020 3739 inter
1065 3699 1268 3739 omnes
1328 3702 1442 3740 non
1503 3686 1792 3742 Barbaros
1842 3693 2096 3756 tantum,

459 3796 558 3848 sed
575 3793 803 3848 Graecos
828 3791 1124 3846 universos
1144 3790 1514 3846 celeberrima
1536 3809 1602 3847 ac
1623 3792 2100 3864 splendidissima

461 3909 672 3971 tropaea
728 3906 1054 3964 erexerunt,
1111 3899 1386 3954 omnibus
1461 3899 1812 3955 formidandi
1863 3900 2096 3970 Grecis,

457 4009 514 4062 iu
547 4025 694 4078 quos
725 4011 877 4061 terra
911 4005 1170 4076 marique
1197 4005 1650 4062 dominabantur
1681 4008 1914 4064 nemine
1946 4027 2103 4081 pror-

457 4139 559 4178 sus
591 4122 936 4187 resistente;
968 4120 1085 4176 imo
1125 4137 1330 4175 omnes
1383 4122 1440 4174 in
1497 4123 1654 4193 ipsos
1713 4129 1778 4178 ut
1827 4141 2098 4180 commu-

459 4247 559 4284 nes
589 4230 964 4300 sospitatores
995 4225 1192 4282 oculos
1221 4227 1568 4297 dirigebant,
1592 4234 1648 4284 et
1679 4230 1734 4284 in
1769 4246 1958 4286 rerum
1983 4232 2096 4287 dis-

459 4336 704 4392 crimine
730 4335 883 4406 apud
925 4334 1082 4405 ipsos
1139 4335 1432 4406 refugium
1487 4337 1845 4405 quaerebant,
1905 4343 2104 4410 utpote

458 4445 558 4514 qui
616 4442 722 4498 soli
788 4441 1108 4513 prudenter
1185 4441 1358 4496 rebus
1443 4441 1738 4513 inservire,
1799 4461 1960 4500 arma
2015 4463 2099 4501 ca-

2195 533 2310 584 κατ⁹
2348 531 2667 605 ἀνθρώπους
2705 536 3014 587 καθιστᾶσιν
3055 533 3398 608 ἀνθρώπους,
3443 529 3656 587 δέονται
3701 529 3748 586 δ’
3784 531 3845 595 ἐς

2192 619 2271 674 ἀεὶ
2313 620 2564 675 τοιούτου
2613 626 3012 698 συναγωνιστοῦ
3055 621 3144 676 καὶ
3193 622 3526 696 προστάτου,
3573 623 3693 683 οἷος
3746 622 3844 676 αὖ-

2191 707 2282 770 τὸς
2330 709 2398 775 εἶ,
2455 707 2592 783 μέγα
2641 706 2932 782 δυνάμενος
2976 709 3070 764 διὰ
3121 711 3222 778 τὴν
3269 710 3476 787 ἀρχὴν,
3533 709 3644 784 οὐχ
3703 711 3842 780 ὑπὲρ

2193 795 2370 850 αὐτῶν
2403 795 2615 868 μᾶλλον
2643 797 2679 866 ἢ
2711 797 2860 860 ὅπως
2895 797 3022 853 αὐτὸ
3051 799 3198 852 τοῦθ’
3231 799 3362 872 ὅπερ
3403 797 3506 852 είσὶ
3535 799 3626 852 καὶ
3677 797 3838 870 οομί-

2195 891 2378 954 ζονται
2434 887 2567 956 μετὰ
2619 886 2862 958 μείζονος
2923 887 3253 962 ἐργάζωνται
3312 890 3409 954 τῆς
3469 889 3842 961 παρασκευῆς,

2193 973 2282 1028 καί
2317 974 2450 1048 πρὸς
2482 977 2669 1043 κοινὴν
2701 975 3000 1048 ἀνθρώπων
3032 977 3222 1046 ὄνησιν
3254 977 3404 1032 ὦσιν.

2265 1067 2376 1132 κη’.
2425 1066 2486 1119 Et
2531 1067 2684 1120 ταῦθ’
2733 1065 2875 1120 οὕτω
2920 1068 3011 1121 καὶ
3058 1071 3247 1120 τοῦτον
3298 1061 3414 1140 ἔχει
3463 1067 3558 1120 τὸτ
3607 1065 3844 1140 τρόπον,

2194 1155 2282 1208 καὶ
2321 1155 2512 1216 πάντες
2557 1153 2616 1210 ἃν
2659 1157 2822 1217 πάτες
2870 1157 2936 1210 τὰ
2979 1157 3186 1210 τοιαῦτ’
3229 1155 3502 1225 ἀλλήλοις
3549 1159 3840 1234 ξυμφαῖεν,

2196 1239 2402 1305 δίκαιος
2459 1243 2519 1298 ἂν
2572 1243 2686 1314 εἷἠς
2735 1244 2822 1298 καὶ
2873 1243 3058 1316 αὐτὸς,
3107 1245 3152 1298 ὦ
3204 1243 3451 1314 βασιλεῦ,
3505 1247 3597 1300 ἅτε
3651 1245 3842 1300 κοινὸν

2197 1331 2431 1409 ὀφείλων
2479 1331 2678 1406 ὄφελος
2719 1333 2876 1401 εἶναι,
2917 1335 3062 1389 οὕτω
3106 1333 3314 1390 τούτων
3357 1333 3698 1408 ἀντέχεσθαι,
3745 1333 3844 1388 καὶ

2195 1421 2456 1490 τοσκύτην
2520 1423 2650 1498 ὑπὲρ
2727 1423 2904 1478 αὐτῶν
2977 1423 3237 1500 εἰσφέρειν
3297 1421 3564 1492 σπουδὴν,
3621 1423 3696 1486 ὡς
3757 1425 3842 1496 μή

2200 1510 2369 1584 μόνον
2420 1511 2724 1586 ἑκασταχοῦ
2768 1518 2869 1580 τῆς
2915 1512 3243 1586 οἰκουμένης
3301 1512 3434 1586 μετᾶ
3479 1509 3697 1566 πολλοῦ
3739 1517 3847 1567 τοῦ

2197 1599 2482 1676 περιόντος
2529 1600 2801 1654 ἀσκεῖσθαι
2844 1599 3040 1675 λόγους
3075 1600 3340 1672 κελεύειν,
3387 1600 3476 1654 καὶ
3513 1605 3679 1673 τιμᾷν
3711 1599 3846 1662 τοὺς

2199 1683 2450 1762 ἔχοντας,
2508 1687 2656 1744 ἀλλὰ
2713 1690 2798 1744 καὶ
2847 1689 2906 1744 σέ
2951 1691 3001 1764 γ’
3055 1690 3214 1744 αὐτὸν
3269 1689 3575 1766 ἀγωνιστήν
3627 1689 3846 1744 τούτων

2202 1777 2328 1832 εἶναι
2359 1779 2446 1832 κάῖ
2481 1775 2821 1848 σπουδαστήν
3011 1779 3070 1834 Εἰ
3114 1776 3170 1834 δὲ
3221 1779 3496 1834 τοσούτων
3541 1778 3629 1832 καί
3677 1778 3848 1846 τηλι-

2198 1867 2404 1922 κούτων
2435 1865 2486 1920 ὲν
2523 1863 2840 1942 μεσημϐρίᾳ
2871 1867 3207 1944 πραγμάτων
3241 1869 3349 1942 οὐχ
3379 1867 3494 1922 οἶόν
3534 1889 3592 1923 τε
3637 1866 3850 1942 λόγους

2202 1959 2594 2032 μεταχειρίζειν
2661 1958 2750 2011 καί
2837 1953 3080 2031 βιϐλίοις
3148 1957 3428 2032 ἐγκύπτειν
3505 1957 3596 2012 καὶ
3657 1955 3850 2012 τᾶλλα

2197 2051 2446 2122 πράττειν
2485 2045 2517 2100 ἃ
2559 2046 2822 2120 μεγίστης
2861 2045 2970 2100 ἐστὶ
3023 2045 3265 2115 σπουδῆς
3311 2049 3400 2102 καὶ
3435 2045 3614 2122 λόγων
3647 2045 3800 2116 ἀξίας
3829 2067 3844 2078 ·

2199 2137 2328 2192 οὐδὲ
2373 2141 2475 2212 γὰρ
2512 2140 2602 2192 τὸν
2647 2138 2947 2207 ἱπποσύνην
2997 2135 3224 2192 δεδαότα
3263 2133 3406 2208 ᾅδειν
3435 2137 3571 2192 κατά
3609 2138 3668 2190 τὸ
3709 2131 3846 2200 ἔπος

2201 2229 2315 2283 οἷόν
2347 2230 2554 2300 τε·
2607 2227 2670 2282 σὺ
2721 2224 2778 2282 δὲ
2827 2228 2916 2282 καὶ
2963 2226 3136 2288 οὕτως
3193 2225 3288 2300 ἔσῃ
3351 2227 3538 2304 σοφὸς,
3592 2228 3688 2288 τὰς
3741 2227 3844 2298 μὶν

2199 2316 2389 2380 πόλεις
2440 2318 2672 2386 ἁπάσας,
2732 2317 2806 2378 ὡς
2855 2313 3007 2394 ἔφην,
3064 2317 3260 2388 μεστὰς
3309 2316 3446 2370 εἶναι
3503 2317 3848 2388 παρασκευά-

2201 2413 2306 2476 ζων
2353 2403 2623 2474 παιδείας,
2672 2406 2836 2467 αὐτὸς
2896 2405 2952 2458 δὲ
2997 2405 3059 2460 τό
3108 2426 3171 2478 γε
3218 2410 3407 2482 σοφοῖς
3465 2410 3696 2458 συνεῖναι
3747 2405 3846 2458 καὶ

2201 2494 2538 2570 διαλέγεσθαι
2588 2494 2806 2549 πολλοῦ
2859 2515 3006 2555 τινος
3061 2493 3209 2570 ἄγων
3243 2514 3254 2524 ·
3317 2493 3430 2548 ἒπεὶ
3511 2493 3600 2546 καὶ
3679 2495 3846 2569 σοφοὶ

2199 2586 2451 2656 τύραννοι
2507 2586 2576 2656 τῇ
2625 2587 2806 2658 σοφῶν
2865 2583 3138 2654 συνουσίᾳ,
3199 2582 3354 2657 φασὶν
3411 2583 3462 2636 οἱ
3521 2583 3678 2659 σοφοί
3729 2587 3844 2654 (3)’

2203 2671 2273 2726 δι’
2305 2671 2366 2724 οὗ
2399 2669 2534 2740 δῆτα
2564 2672 2654 2724 καί
2695 2669 2908 2742 μᾶλλον
2955 2669 3238 2740 ζηλωτοὺς
3269 2675 3384 2732 πῶς
3433 2667 3534 2724 οἴει
3579 2670 3708 2732 τοὺς
3741 2670 3850 2725 λύο

2200 2783 2332 2836 γους
2373 2761 2576 2838 ἐργάσῃ
2633 2761 2722 2816 καὶ
2783 2759 3031 2830 σπουδῆς
3087 2763 3299 2830 ἁπάσης
3357 2761 3559 2831 ἀξίους.
3615 2761 3678 2816 Εἰ
3735 2763 3850 2838 γὰρ

2204 2851 2270 2920 δη
2325 2853 2518 2914 πάντες
2569 2855 2834 2907 πεισθεῖεν
2895 2853 2978 2907 ὅτι
3017 2856 3246 2906 τοσοῦτο
3305 2853 3546 2907 τουτοισὶ
3605 2853 3850 2926 χαίρεις,

2207 2941 2350 2996 οὕτω
2382 2939 2588 3016 σφόδρα
2636 2944 2698 2995 τὸ
2743 2943 2861 2998 κατ’
2905 2941 3099 3003 αὐτοὺς
3145 2941 3370 3007 τίθεσαι,
3410 2941 3484 3004 ὡς
3535 2941 3660 3002 τοὺς
3715 2961 3856 3014 μου·

2204 3037 2309 3086 σῶν
2367 3033 2611 3106 εταίρους
2677 3033 2768 3086 καὶ
2833 3035 3032 3086 σαυτοῦ
3108 3029 3351 3105 δομίζειν
3421 3031 3690 3108 ἑταίρους,
3751 3035 3854 3087 καί

2201 3121 2416 3176 τούτοις
2476 3121 2789 3194 ἁπανταχοῦ
2842 3122 3174 3196 πραγμάτων
3229 3121 3298 3176 τὰ
3351 3121 3610 3176 πλείστου
3689 3121 3856 3198 φασὶν

2205 3211 2326 3280 ἆζια
2354 3211 2614 3284 χρῆσθαι,
2649 3217 2778 3264 πᾶσι
2823 3217 2940 3272 τοῖς
2985 3209 3181 3272 ἄλλοις
3231 3208 3288 3264 εὖ
3333 3207 3454 3264 οἶδα
3509 3211 3724 3284 χαίρειν
3771 3211 3854 3264 εἷ-

2203 3301 2418 3368 πόντες,
2477 3301 2827 3372 προσέξουσιν
2879 3300 2952 3360 ὡς
2993 3297 3226 3370 μάλιστα
3269 3299 3458 3373 λόγοις
3487 3317 3500 3330 ⁸
3543 3299 3632 3352 καὶ
3673 3301 3856 3354 πάντα

2205 3389 2368 3442 πόνον
2403 3389 2534 3462 ὑπὲρ
2589 3393 2686 3442 τοῦ
2727 3390 3020 3457 κτήσασθαι
3061 3387 3286 3448 τούτους
3329 3392 3590 3458 νομιοῦσι
3639 3386 3856 3460 ῥᾳστώ-

2206 3499 2320 3546 νην,
2371 3477 2446 3538 ὡς
2504 3477 2650 3540 ἐντὸς
2708 3477 2898 3551 ὀλίγου
2959 3481 3178 3548 μουσῶν
3223 3477 3468 3550 θέατρον,
3511 3478 3596 3530 καὶ
3659 3475 3850 3551 λόγων

2207 3569 2406 3637 ἑστίαν,
2449 3566 2536 3621 καὶ
2587 3567 2868 3639 ξυμπάσης
2923 3568 2996 3628 ὡς
3057 3565 3225 3620 εἷπεῖν
3275 3567 3454 3640 ἀγῶνα
3503 3566 3716 3644 σοφίας,
3753 3569 3850 3620 καί

2207 3657 2378 3710 πάντα
2407 3657 2474 3710 τά
2511 3660 2734 3712 τοιαῦτα
2776 3659 2909 3712 Θεοῦ
2947 3653 3211 3724 ὂίδόντος,
3252 3658 3351 3725 τὴν
3401 3656 3498 3724 σὴν
3529 3655 3711 3729 ἀρχὴν
3750 3675 3850 3709 κα-

2207 3752 2502 3813 ταστῆναι·
2563 3744 2654 3798 καί
2703 3766 2758 3798 σε
2807 3745 3109 3818 θαυμάστὸν
3155 3743 3391 3799 ἐντεῦθεν
3443 3743 3656 3816 μᾶλλον
3689 3747 3856 3819 γενε-

2210 3837 2350 3898 σθαι,
2384 3833 2465 3888 δτι
2497 3834 2557 3887 τὸ
2585 3833 2862 3888 θεσπέσιον
2900 3833 3051 3888 τουτὶ
3083 3840 3282 3910 χρῆμα
3309 3834 3398 3886 καὶ
3452 3829 3654 3902 ἡδονῆς
3685 3836 3854 3908 κόρον

2209 3923 2308 3978 οὒκ
2337 3919 2490 3998 ἕχον,
2522 3921 2694 3977 πολὺν
2723 3919 2830 3992 ἤδη
2865 3923 3066 3998 χρόνον
3097 3927 3166 3996 τῇ
3198 3927 3306 3976 τῶν
3339 3923 3676 3996 κρατούντων
3707 3923 3852 3994 ἆμα-

2210 4013 2318 4084 θίᾳ,
2379 4013 2464 4088 ὑφ’
2524 4013 2596 4064 ὧν
2652 4009 2756 4065 ἔδει
2817 4009 3032 4082 μᾶλλον
3083 4008 3403 4084 ἐκλάμπειν,
3461 4003 3850 4077 κατοπὸεσθὶν,

2207 4103 2463 4174 καὶπρὸς
2493 4101 2556 4154 τὸ
2600 4097 2768 4171 μηδὲν
2806 4097 2914 4170 ἤδη
2967 4105 3252 4173 χωρῆσαν,
3307 4099 3370 4153 σὺ
3423 4099 3585 4170 μόνος
3637 4104 3850 4174 πυρσοῦ

2211 4187 2362 4258 δίκην
2396 4187 2504 4242 δεῖν
2548 4187 2736 4260 ᾠήθης
2771 4188 2988 4260 ἀνάψαι,
3030 4187 3120 4242 καῖ
3163 4187 3296 4256 μετά
3337 4191 3444 4242 τῶν
3486 4185 3670 4242 ἄλλων
3715 4189 3848 4262 ἀγα-

2210 4279 2316 4331 θῶν
2370 4277 2458 4331 καὶ
2519 4277 2665 4332 τοῦτ’
2720 4277 3030 4350 ἀνθρώποις
3109 4276 3184 4340 ὡς
3254 4275 3472 4348 μάλιστ’
3533 4277 3852 4332 ἀνανεώσα-

2209 4369 2332 4420 θαιο
2369 4363 2554 4428 καλῶς
2601 4386 2660 4442 γε
2709 4370 2904 4430 ποιῶν,
2938 4366 2982 4418 ὧ
3017 4363 3267 4440 βασιλεῦ,
3321 4365 3412 4420 καὶ
3461 4369 3640 4438 σαυτῷ
3689 4385 3854 4439 προσ-

2209 4453 2452 4524 ηκόντως
2479 4472 2490 4484 ·
2544 4451 2714 4522 δῆλον
2757 4451 2803 4507 δ’
2845 4452 3064 4510 ἐκεῖθεν.
3118 4454 3394 4522 Ἀθηναῖοι
3445 4457 3575 4528 γοῦν
3619 4451 3855 4529 μέγιστα

459 4563 708 4618 pessere,
737 4562 850 4600 uno
873 4545 1068 4612 verbo,
1085 4545 1210 4616 qui,
1235 4549 1298 4599 ut
1319 4545 1402 4600 ait
1425 4545 1708 4603 Homerus
1727 4553 1782 4603 et
1799 4565 2095 4605 sermones

2211 4541 2304 4613 μὲν
2363 4540 2452 4594 καὶ
2510 4539 2778 4594 κάλλιστα
2837 4545 2944 4595 τῶν
2995 4539 3244 4594 ἁπάντων
3305 4541 3516 4596 πάντων
3584 4540 3686 4595 οὐκ
3741 4539 3852 4594 ἀπὸ

457 4679 648 4718 serere
702 4666 758 4716 et
816 4675 987 4732 opera
1055 4659 1292 4730 exsequi
1352 4661 1636 4718 sciebant.
1696 4665 1860 4733 Apud
1945 4665 2100 4736 ipsos

456 4771 610 4825 enim
641 4767 840 4823 schola
861 4766 1111 4822 Eleatica
1139 4767 1198 4820 in
1230 4765 1552 4822 litterarum
1587 4769 1784 4824 studia
1810 4775 1866 4827 et
1911 4787 2098 4828 armo-

459 4902 587 4940 rum
633 4883 967 4938 exercitium
1020 4881 1207 4937 divisa
1255 4893 1398 4938 erat.
1432 4883 1538 4938 Sed
1602 4889 1665 4938 ut
1721 4884 1866 4940 nihil
1911 4885 2100 4940 dicam

457 5005 527 5056 de
557 5000 942 5056 Themistocle
973 5004 1028 5054 et
1087 4997 1320 5068 Pericle,
1381 4999 1637 5054 Miltiade
1683 5008 1738 5055 et
1767 5002 2006 5058 Cimone
2035 5019 2102 5058 ac

459 5111 528 5165 de
551 5113 633 5164 tot
656 5107 782 5162 aliis
805 5107 1052 5161 ducibus
1084 5105 1483 5161 etrhetoribus
1507 5105 1608 5178 qui
1628 5107 1900 5163 virtutem
1925 5125 2102 5180 supra

459 5225 654 5280 omnia
687 5223 1024 5290 laudabant,
1058 5223 1274 5293 quique
1305 5221 1527 5277 caeteris
1573 5223 1856 5278 virtutum
1913 5239 2105 5279 exem-

461 5342 622 5412 plum
658 5339 1044 5407 exhibebant;
1079 5342 1142 5394 ut
1185 5343 1522 5410 praeteream
1585 5337 1980 5410 Pythagoreos
2001 5339 2102 5410 qui

532 5545 611 5606 (li
647 5543 706 5618 in
741 5543 1002 5615 margine
1035 5543 1630 5618 19.?90v1tsrrjv.

536 5619 614 5688 μ)
647 5617 840 5670 Exstat
871 5615 1234 5687 proverbium
1265 5618 1413 5685 apud
1435 5619 1736 5671 Schuttum
1765 5615 1850 5671 St.
1881 5617 1950 5670 ti’i

2209 4625 2498 4705 βαρϐάρων
2541 4630 2744 4701 μόνων,
2795 4627 2940 4683 ἀλλὰ
2991 4629 3083 4683 καὶ
3131 4631 3346 4683 πάντων
3407 4629 3690 4698 Ἐλλήνων
3729 4629 3854 4683 iras-

2211 4739 2408 4788 στησαν
2463 4719 2736 4791 τρόπαιαο
2789 4713 3014 4796 φοϐεροί
3065 4715 3122 4771 δὲ
3171 4711 3369 4771 ἅπασιν
3419 4717 3577 4784 ἦσαν,
3623 4722 3733 4770 τῶν
3794 4719 3852 4772 δὲ

2209 4805 2494 4878 Ἑλλήνων
2535 4806 2622 4860 γαί
2673 4808 2808 4861 κατα
2850 4813 2951 4880 γῆν
2991 4805 3081 4860 καὶ
3126 4807 3262 4862 κατὰ
3311 4805 3581 4862 θάλατταν
3629 4805 3848 4880 ἦρχον·

2281 4895 2294 4912 ἢ
2397 4893 2496 4926 νὴ...
2630 4895 2644 4914 ι
2773 4895 2785 4912 ν
2841 4917 2854 4924 -
3187 4900 3231 4926 ’τι
3363 4893 3417 4912 \I
3549 4895 3562 4914 θ
3653 4895 3666 4910 Ἰ
3747 4900 3768 4909 -
3837 4913 3850 4926 .

2209 4909 2298 4950 και
2357 4913 2554 4960 ουοιτς,
2615 4916 2688 4957 ως
2743 4895 2925 4960 ειπιῖν,
2985 4895 3258 4972 ἂντισχιιν
3316 4895 3517 4964 ἠουνατ
3608 4915 3798 4956 αυτοις

2209 4985 2398 5044 πάντες
2449 4984 2506 5038 ξε
2557 4983 2632 5045 εἲς
2677 4983 2871 5045 αὐτοὺς
2929 4983 3005 5046 ὡς
3063 4983 3282 5045 κοινοὺς
3339 4991 3589 5058 σωτῆρας
3637 4983 3850 5058 ἑώρων,

2209 5073 2298 5128 καί
2349 5073 2575 5135 τούτους
2623 5071 2675 5126 ἐν
2719 5077 2834 5134 τοῖς
2878 5071 3170 5133 σγοπὲλοις
3199 5079 3298 5140 τῆς
3345 5073 3525 5148 τύχης
3567 5072 3856 5129 ἐποιοῦντο

2211 5163 2545 5238 καταφυγήν,
2579 5157 2668 5214 διά
2706 5161 2768 5215 τὸ
2814 5159 3010 5234 μόνους
3052 5165 3159 5214 τῶν
3211 5161 3426 5215 πάντων
3477 5163 3612 5232 μετᾶ
3657 5181 3856 5240 σοφίας

2210 5249 2430 5320 καίτοῦ
2480 5248 2882 5324 λελογισμὲνως
2927 5256 3042 5312 τοῖς
3093 5251 3376 5326 πράγμασι
3431 5251 3666 5326 χρῆσθαι
3717 5251 3858 5324 πρός

2213 5339 2358 5396 ὅπλα
2409 5344 2638 5416 χωρεῖν,
2682 5339 2772 5394 καὶ
2821 5339 2947 5402 τοὺς
2998 5339 3216 5410 αὐτοὺς,
3265 5340 3338 5402 ὡς
3387 5343 3638 5415 Ὅμηρος
3687 5337 3858 5418 λέγει,

2286 5545 2367 5612 (3)
2387 5541 2713 5615 Euripides.
