4154 6216
329 317 450 382 493
1285 371 1296 382 .
1477 321 1766 386 ORATIO
1813 326 1914 387 DE
1959 323 2188 387 REGIS
2231 323 2590 385 OFFICIIS.
3603 309 3724 376 194

337 459 568 514 Μύθων
615 479 684 514 τε
748 455 1044 534 ρητῆρας
1114 454 1395 530 ἔμμεναι
1463 460 1860 536 πρηκτῆράς
1921 463 2017 528 τ’,

2129 461 2320 518 taliem
2338 475 2612 533 magnam
2633 461 2692 515 et
2707 455 2986 514 Greciam
3002 455 3288 512 illustrem
3311 450 3687 510 reddiderunt
3709 467 3725 518 ;

337 545 746 625 ἔργων.Ταῦτ’
775 547 881 619 ἄρα
909 549 1000 602 καί
1023 547 1086 602 τὸ
1117 547 1418 622 λεγόμενον
1449 549 1777 622 παράύτοῖς
1800 546 1985 604 Ἐλεασ

335 639 485 692 τικὸν
513 635 714 710 ἀμέλει
746 633 1125 692 διδασκαλεῖον
1157 634 1343 713 λόγων
1365 637 1479 710 ἅμα
1501 639 1590 693 καὶ
1609 637 1796 693 ὅπλων
1818 639 1983 709 ἄσκη-

2130 677 2218 732 uis
2265 677 2449 732 nescit
2494 677 2646 732 quod
2703 674 2893 730 Encas
2939 671 3126 732 nroles
3173 669 3513 732 eloquentia
3547 678 3604 724 et
3634 684 3730 724 er-

335 749 418 788 σις
465 725 536 796 ἦν
556 687 692 781 ἷλίνα
741 723 801 780 δὲ
855 727 990 798 μετά
1036 687 1470 799 Θεμιποκλὲοῐς
1517 727 1608 782 καὶ
1657 687 1984 803 Περικλὲούς

2130 687 2218 734 uis
2265 687 2449 733 nescit
2494 687 2646 747 quod
2703 687 2893 730 musae
2939 687 3126 744 prcles
3173 687 3304 742 eloq

2129 801 2134 803 .
2165 801 2176 803 -
2203 801 2308 803 .,_A_A
2369 783 2417 803 _2
2471 800 2523 803 --
2586 782 2770 803 ..1-..2...
2809 788 2856 803 -ι
2893 781 3155 803 _-A-_n:._
3189 796 3250 803 __
3282 779 3304 803 ἔ

336 770 416 788 ν...
474 770 530 796 .,.
613 770 692 781 υ..
744 770 801 780 η
855 770 990 798 ι.-.-
1039 770 1468 799 ν-,...-.ν....---,
1519 770 1608 782 η...
1661 770 1984 803 κυνηηηνηη,

336 817 426 872 καὶ
487 813 796 872 Μιλτιάδου
856 817 948 871 καὶ
1001 815 1262 890 Κίμωνος
1318 817 1408 872 καὶ
1463 821 1572 872 τῶν
1600 816 1788 873 ἄλλων
1817 820 1982 874 ἁπάνο

2129 801 2318 840 lorum
2369 783 2417 839 vi
2465 800 2532 840 eo
2581 782 2774 855 glorise
2805 788 2862 837 et
2892 781 3158 853 potentia:
3187 796 3253 836 ec
3282 776 3567 835 felicitatis
3599 770 3758 848 per?

336 926 449 960 των
509 909 825 981 στρατηγῶν
901 905 992 960 καὶ
1045 904 1322 982 ῥητόρων,
1379 905 1432 961 οἳ
1486 907 1577 962 καὶ
1633 910 1734 976 τήν
1790 907 1984 982 ἀρετὴν

2129 893 2394 956 suerunt,
2417 893 2482 945 ut
2502 887 2682 945 totius
2702 885 2903 944 mundi
2926 883 3147 942 domini
3172 882 3308 940 fecti
3331 883 3445 940 sint
3463 880 3492 936 τ
3512 878 3734 946 Quodsi

343 995 482 1069 ὑπὲρ
506 991 724 1050 ἔπαινον
755 994 934 1071 εἶχον,
961 995 1054 1050 καὶ
1101 997 1262 1069 μόνοι
1307 999 1426 1058 τοῖς
1483 994 1678 1059 ἄλλοις
1724 996 1992 1072 εὐψυχίας

2131 995 2276 1052 irtus
2314 999 2372 1052 et
2431 993 2766 1067 eloquentia
2825 995 3051 1048 tantum
3110 988 3320 1056 valent,
3372 992 3431 1045 et
3485 1003 3584 1044 eos
3635 985 3736 1058 qui

2087 586 2234 640 ques
2283 569 2548 641 regiones
2597 566 2698 622 diu
2747 568 2805 621 et
2853 563 3074 620 artibus
3101 568 3158 620 et
3185 562 3368 619 ermis
3399 559 3676 634 regebant
3710 574 3724 612 :

339 1084 480 1152 ἦσαν
528 1081 896 1160 παράδειγμα,
942 1084 1034 1138 καὶ
1091 1083 1220 1148 τοὺς
1279 1081 1576 1156 εὐδαίμονα
1601 1085 1704 1154 τήν
1736 1085 1992 1162 Ἰταλίαν⁹

341 1172 444 1240 τήν
503 1171 597 1226 καὶ
659 1169 904 1246 μεγάλην
963 1168 1406 1244 ἐπικεκλημένην
1462 1169 1728 1242 Ἐλλάδα,
1787 1169 1857 1227 δι’
1919 1169 1994 1226 ὧν

345 1257 732 1315 ἑπολιτεύοντό
761 1279 821 1314 τε
863 1260 950 1314 καὶ
1001 1257 1370 1337 ἐστρατήγουν
1409 1257 1585 1314 πολὺν
1629 1257 1738 1331 ἤδη
1790 1261 1995 1340 χρόνον

347 1349 723 1418 πεποιηκότας
777 1347 1179 1423 Πυθαγορείους
1221 1352 1403 1425 παρῶ,
1431 1348 1517 1412 τίς
1559 1348 1660 1405 οὐκ
1707 1347 1822 1405 οἶδε
1867 1371 1997 1413 τους

347 1438 650 1513 ἀπογόνους
698 1436 939 1505 Αἰνείου,
983 1441 1064 1509 τῷ
1118 1435 1306 1511 λόγοις
1349 1437 1440 1493 καὶ
1497 1437 1692 1501 ὅπλοις
1743 1437 1998 1500 ἐπιεικῶς

351 1527 704 1602 ἐξηρτῆσθαι,
733 1523 818 1604 ἐφ’
845 1523 990 1581 οὕτω
1017 1546 1070 1581 τι
1103 1522 1265 1600 δόξης
1294 1527 1387 1582 καὶ
1447 1527 1642 1602 ῥώμης
1689 1529 1779 1583 καὶ
1820 1529 1998 1604 τύχης

349 1616 445 1671 καὶ
494 1619 594 1672 τοῦ
651 1614 957 1670 παντάπασι
1014 1614 1232 1670 πάντων
1281 1615 1336 1671 ἐν
1391 1621 1521 1671 πᾶσι
1569 1621 1783 1692 κρατεῖν
1834 1617 2003 1684 ἥκον-

350 1725 472 1774 τας,
526 1704 602 1768 ὡς
655 1703 748 1759 καὶ
805 1709 908 1773 τῆς
985 1703 1316 1776 οἰκουμένης
1391 1705 1605 1774 ἁπάσης
1679 1707 2001 1780 γεγενῆσθαι

353 1793 608 1883 κυρίουςς
643 1793 706 1883 Ei
741 1789 787 1848 δ’
817 1793 1056 1883 εὐψυχία
1079 1879 1092 1883 _
1112 1792 1205 1848 καὶ
1253 1791 1417 1868 λόγοί
1461 1798 1692 1850 τοσοῦτο
1724 1791 2000 1862 δύνανται,
2031 1817 2079 1883 Β

351 1884 445 1938 καὶ
477 1881 623 1938 οὕτω
671 1880 1022 1955 θαυμαστοὺς
1069 1879 1426 1960 ἀποφαίνουσι
1477 1884 1604 1946 τοὺς
1653 1883 2000 1959 χρωμένους,

355 1969 556 2041 ἡλίκον
594 1970 660 2026 ἃν
711 1968 799 2040 ε’ίη
852 1977 1052 2046 χρῆμα
1105 1969 1282 2026 αὐτῶν
1323 1992 1383 2026 τε
1427 1973 1634 2029 τούτων
1667 1973 1755 2028 καί
1785 1973 2003 2030 πάντων

359 2061 436 2116 ὧν
462 2059 514 2130 ἕξ
545 2059 724 2136 ἀρχῆς
748 2057 906 2140 ἔφην,
947 2060 1091 2133 ὁμοῦ
1122 2059 1414 2116 συνιόντων
1439 2079 1454 2132 ;

427 2151 534 2206 κθ’.
568 2154 658 2205 Δεῖ
704 2145 770 2220 δή
822 2169 906 2204 σοι
957 2146 1144 2224 λόγων
1195 2148 1434 2222 μάλιστα
1481 2153 1716 2220 πάντων,
1753 2150 1798 2206 ὦ
1849 2152 2004 2226 βασι-

360 2237 480 2306 λεῦ,
512 2236 726 2312 μᾶλλον
755 2235 814 2292 δὲ
847 2238 980 2310 μετὰ
1027 2237 1241 2293 πάντων
1284 2243 1393 2294 τῶν
1445 2237 1634 2295 ἄλλων
1675 2241 1764 2296 καὶ
1818 2241 2004 2316 λόγων

359 2327 412 2400 ἐξ
459 2327 702 2401 ἀνάγκης
747 2346 832 2382 σοι
881 2323 986 2395 δεῖ,
1012 2326 1087 2389 ὡς
1143 2327 1312 2400 μόνην
1357 2327 1558 2398 ταύτην
1610 2327 1770 2384 οὖσαν
1813 2327 2009 2385 καλλί-

362 2437 498 2486 στην
549 2415 640 2470 καὶ
697 2412 1038 2485 τελεωτάτην
1096 2416 1186 2470 καὶ
1237 2415 1325 2471 διὰ
1373 2421 1559 2472 πασῶν
1587 2417 1662 2480 ὡς
1695 2419 1862 2473 είπεῖν
1901 2419 2006 2492 ἀρ-

369 2505 562 2578 μονίαν
588 2521 602 2535 ·
636 2503 830 2580 φθόνον
878 2501 936 2558 δὲ
984 2504 1030 2560 εί
1086 2505 1182 2578 μὲν
1233 2503 1438 2577 μηδένα
1477 2506 1624 2582 παρά
1657 2504 1889 2579 μηδενὸς
1919 2506 2007 2562 ἐπὶ

363 2601 496 2650 πᾶσι
527 2596 768 2663 τούτοις,
802 2595 848 2648 ὣ
881 2593 1127 2670 βασιλεῦ,
1169 2593 1376 2651 ἔσεσθαί
1429 2617 1513 2650 σοι
1561 2599 1827 2671 νομίζεις,
1856 2601 2011 2672 πρῶ-

369 2705 462 2740 τον
497 2685 592 2756 μὲν
644 2683 706 2739 ού
753 2685 820 2738 τὰ
861 2687 1210 2758 προσήκοντα
1251 2682 1382 2755 οἳει,
1407 2684 1674 2756 τοσαύτην
1719 2687 1806 2741 καὶ
1843 2684 2012 2756 τηλι-

371 2775 576 2844 καύτην
626 2771 806 2848 ἀρχὴν
847 2772 1197 2851 ἀνεπίφθονον
1259 2773 1393 2829 εἶναι
1451 2773 1696 2848 νομίσας,
1753 2779 1851 2830 τοῦ
1907 2776 2010 2830 πά·

371 2866 502 2927 θους
558 2868 675 2924 τοῖς
733 2864 1121 2937 σμικροτάτοις
1195 2863 1338 2919 ἔστιν
1413 2864 1504 2922 ὅτε
1576 2859 2010 2937 ξυμϐαίνοντος·

371 2948 558 3006 ἔπειτα
606 2956 724 3013 πῶς
778 2951 896 3006 οἶόν
949 2972 1009 3007 τε
1062 2957 1154 3008 τὸν
1210 2952 1413 3024 ταύτην
1460 2953 1535 3016 ὥς
1568 2950 1650 3009 δεῖ
1680 2951 2012 3025 διοικοῦντα,

371 3043 566 3100 ὃποῖος
597 3038 654 3095 εὖ
685 3037 787 3095 οἷδ’
814 3039 973 3102 αὐτὸς
1003 3039 1118 3114 ἔσῃ,
1153 3043 1229 3114 μή
1287 3043 1421 3116 ούχὶ
1459 3043 1548 3098 καὶ
1609 3040 1890 3117 βέλτιστον
1939 3044 2013 3098 εἴ·

370 3151 500 3197 ναις
539 3128 638 3184 Τὸν
685 3129 743 3184 δὶ
784 3132 1036 3184 τοιοῦτον
1080 3131 1170 3184 καί
1211 3131 1522 3209 φθονεῖσθαι
1579 3137 1723 3187 πᾶσα
1769 3133 2009 3208 ἀνάγκη·

2097 1109 2408 1176 utramque
2439 1105 2738 1160 sectentur
2769 1099 2912 1156 adeo
2943 1096 3258 1165 illustrant,
3291 1095 3428 1167 quid
3461 1095 3594 1152 inde
3623 1095 3739 1150 uti-

2097 1211 2280 1269 litatis
2311 1216 2600 1282 menaret,
2633 1212 2682 1268 si
2713 1224 2916 1268 omnes
2945 1207 3021 1263 iis
3055 1205 3301 1263 ducibus
3333 1201 3672 1262 uterentur?

2181 2153 2272 2210 29.
2305 2155 2451 2210 Ante
2501 2153 2700 2209 omnis
2744 2151 2922 2226 igitur
2967 2147 3196 2208 dicendi
3243 2147 3447 2222 peritia
3484 2144 3760 2202 excellere

2115 2261 2310 2328 debes,
2366 2277 2400 2317 ο
2466 2260 2800 2332 imperator,
2861 2259 2920 2314 in
2989 2275 3104 2328 que
3171 2273 3306 2314 vere
3362 2253 3648 2326 elegantia
3703 2256 3762 2306 et

2118 2367 2439 2423 concinnus
2471 2367 2608 2422 ordo
2638 2364 2782 2420 situs
2811 2369 2919 2420 est.
2943 2363 3001 2420 Si
3025 2363 3154 2418 dein
3179 2359 3472 2418 neminem
3495 2357 3614 2414 tore
3645 2372 3760 2430 pu-

2120 2483 2206 2532 tes
2254 2473 2352 2547 qui
2401 2475 2532 2530 illas
2581 2471 2684 2528 tibi
2735 2471 2976 2528 virtutes
3021 2469 3297 2536 invideat,
3327 2467 3558 2540 egregie
3581 2481 3760 2521 erres.

2120 2585 2242 2648 Quo
2273 2589 2436 2654 pecto
2463 2583 2618 2638 enim
2649 2587 2704 2637 te
2736 2587 2818 2637 tot
2855 2595 2921 2638 ec
2951 2579 3127 2636 tentis
3158 2577 3472 2634 virtutibus
3499 2577 3765 2632 ornatum

2123 2691 2249 2747 sine
2295 2688 2515 2746 invidie
2566 2693 2935 2760 regnaturum
2979 2700 3110 2742 esse
3151 2692 3339 2756 putes,
3370 2681 3598 2738 invidie;
3626 2679 3763 2735 vitio

2123 2796 2210 2853 vel
2245 2795 2517 2852 minimos
2547 2793 2815 2850 homines
2855 2790 3238 2850 calcitrente?
3264 2789 3324 2846 Si
3355 2789 3535 2857 enim,
3563 2791 3628 2842 ut
3657 2765 3786 2841 de-I

2125 2909 2236 2973 cet,
2251 2919 2340 2959 res
2355 2903 2616 2976 publicas
2629 2901 3021 2969 administras,
3037 2899 3330 2972 quomodo
3346 2913 3458 2952 non
3477 2895 3759 2967 cptimnm

2125 3021 2178 3069 te
2207 3028 2440 3084 quoque
2465 3027 2593 3066 esse
2629 3010 2747 3065 fieri
2781 3009 3039 3082 poterit?
3069 3007 3472 3063 Possidentem
3507 3017 3761 3074 namque

2122 3117 2339 3172 invidie
2385 3117 2648 3189 sequitur
2695 3117 3022 3172 secundum
3081 3113 3268 3168 tilium
3318 3109 3613 3182 sapientiae
3660 3109 3762 3181 qui

371 3195 509 3294 πρὸς
555 3221 658 3294 γὰρ
709 3219 799 3274 τὸν
848 3213 1030 3294 ἔχονθ’
1060 3220 1089 3274 ὁ
1120 3195 1314 3294 φθόνος
1351 3216 1525 3294 ἕρπει,
1559 3221 1693 3276 κατά
1722 3221 1816 3278 τὸν
1847 3195 2012 3278 παῖδα

2129 3224 2294 3280 silete
2324 3241 2432 3280 sue
2461 3243 2494 3280 e
2521 3225 2760 3281 veritate
2791 3223 2920 3296 ipse
2949 3225 3272 3286 mutuetur,
3297 3225 3355 3275 et
3374 3218 3476 3290 qui
3498 3216 3601 3274 tibi
3631 3232 3770 3273 con-

373 3311 592 3386 σοφίας,
639 3310 736 3370 τὰς
781 3307 1034 3388 ἀφορμάς
1085 3306 1146 3363 ἔκ
1199 3315 1299 3378 τῆς
1355 3307 1613 3379 ἀληθείας
1673 3308 2010 3384 λαμϐάνων·

372 3395 695 3473 προσδοκῶν
720 3395 777 3452 δὲ
806 3397 853 3452 εί
889 3398 982 3470 μὲν
1017 3397 1125 3472 οὐχ
1152 3398 1298 3468 ἥξεις
1327 3398 1402 3461 εἷς
1432 3404 1644 3476 πεῖραν,
1677 3405 1792 3472 Θεῷ
1819 3421 1878 3457 τε
1909 3401 2015 3476 χά-

377 3508 461 3564 ριν
488 3485 696 3562 ἵσχειν,
727 3491 908 3560 σαυτῷ
933 3507 993 3542 τε
1022 3483 1112 3542 διὰ
1137 3491 1305 3542 ταῦτα
1333 3487 1642 3564 ξυγχαίρειν
1669 3507 1683 3520 ·
1709 3490 1754 3544 εί
1785 3487 1833 3545 δ’
1864 3487 2019 3544 οὐδὲν

379 3575 624 3650 μᾶλλον,
653 3577 690 3646 ἢ
719 3577 780 3630 τὸ
809 3574 956 3638 εἰκὸς
995 3576 1072 3638 ὡς
1124 3575 1362 3650 μάλιστα
1405 3575 1606 3654 φέρειν,
1645 3579 1680 3648 ἢ
1727 3576 2022 3653 δυσχεραί-

374 3687 504 3733 νων,
585 3669 764 3736 σαυτῷ
839 3665 1058 3727 πάντως
1135 3669 1436 3739 περιπεσῇ,
1495 3664 1528 3720 ἃ
1614 3665 2022 3740 προσεδόκησας

377 3753 614 3823 ἔσεσθαι,
670 3756 838 3808 ταῦτα
899 3753 1155 3828 γεγονότα
1228 3753 1497 3823 κακίζων·
1555 3755 1732 3830 χωρὶς
1787 3753 1844 3810 δὲ
1897 3756 2024 3811 τούς

376 3865 514 3913 των,
548 3842 595 3898 εί
636 3843 704 3897 τὰ
754 3843 850 3914 μὶν
881 3841 1065 3904 καλῶς
1110 3837 1311 3917 ἔχοντα
1357 3843 1666 3898 παντάπασι
1705 3849 1812 3898 τῶν
1843 3864 1990 3920 πραγ

384 3933 574 4006 μάτων
617 3929 968 4002 ἀπήλλακται
1023 3931 1313 4007 βασκανίας
1361 3932 1452 3987 καὶ
1502 3933 1722 4006 φθόνου,
1763 3935 2025 3988 πάντοθεν

381 4019 854 4098 συγκεκροτημένα
909 4020 999 4074 καί
1060 4016 1428 4094 μηδηντινοῦν
1506 4015 1682 4091 λαϐὴν
1743 4022 1807 4076 τὸ
1863 4020 2032 4096 παρά-

378 4131 484 4165 παν
518 4105 835 4182 μηδαμόθεν
865 4105 1082 4164 διδόντα
1105 4127 1119 4141 ·
1153 4109 1291 4164 κατὰ
1322 4105 1380 4164 δὲ
1415 4113 1524 4164 τῶν
1569 4111 1646 4182 μή
1695 4111 1863 4184 ταύτῃ
1909 4107 2026 4164 δια-

377 4199 650 4272 κειμένων
705 4196 773 4252 τὰ
831 4196 969 4273 βέλη
1027 4196 1264 4274 φέρεται,
1297 4197 1342 4252 εἲ
1405 4198 1500 4271 μὲν
1562 4198 1654 4254 καί
1701 4200 1863 4261 αὐτὸς
1911 4204 2026 4254 τοῖς

380 4288 541 4350 ὅλοις
577 4285 860 4363 βέλτιστος
891 4285 958 4356 εί,
991 4288 1095 4342 οὐκ
1121 4284 1182 4342 ἄν
1228 4307 1321 4360 μοι
1373 4284 1551 4352 δοκεῖς
1598 4287 1740 4364 παρᾶ
1793 4285 2028 4363 μηδενὸς

380 4377 613 4433 ἀκοῦσαι
661 4379 864 4444 κακῶς,
921 4373 1051 4430 ἀλλ’
1108 4375 1382 4440 ἐπαινέτας
1443 4377 1650 4439 πάντας
1699 4379 2027 4447 κεκτῆσθαι·

385 4467 434 4522 εί
466 4463 514 4521 δ’
548 4465 776 4540 ἀκούσῃ,
808 4459 989 4527 ἔοικας
1027 4462 1166 4539 μηδὲ
1193 4470 1310 4528 τοῖς
1342 4464 1496 4528 ὅλοις
1545 4463 1830 4540 βέλτιστος
1872 4467 2029 4538 εἶναι,

385 4555 540 4612 ἀλλά
593 4558 693 4611 τοῦ
750 4553 838 4609 διὰ
883 4556 1100 4609 πάντων
1151 4553 1339 4622 ἐνδεῖν,
1369 4556 1461 4610 καί
1511 4552 1601 4610 διὰ
1645 4560 1809 4611 τοῦτο
1858 4559 2038 4618 κακῶς
2071 4567 2118 4631 ι)

2126 3332 2360 3406 gaudet,
2391 3332 2441 3389 si
2471 3331 2890 3389 tentetionibus
2930 3349 3045 3387 non
3077 3327 3413 3386 succumbis
3439 3343 3455 3392 ;
3487 3325 3536 3381 si
3568 3329 3766 3382 eutem

2127 3447 2343 3498 sortem
2366 3441 2626 3513 iniquam
2653 3439 2880 3512 pateris,
2905 3439 3100 3494 minus
3123 3453 3298 3508 quem
3323 3451 3423 3505 per
3443 3437 3530 3490 est
3549 3431 3772 3504 efﬂige-

2131 3553 2262 3616 tur;
2292 3547 2632 3618 etquemvis
2653 3545 2734 3602 eis
2750 3545 3031 3618 optimus,
3055 3541 3286 3599 invidias
3318 3539 3436 3596 tele
3471 3538 3559 3594 vel
3591 3538 3649 3595 in
3680 3535 3776 3593 in-

2135 3661 2436 3712 nocentem
2469 3655 2790 3728 dirigentur
2819 3655 3148 3724 famemque
3177 3655 3338 3706 tuem
3369 3648 3594 3705 laedent.
3625 3647 3775 3711 Que-

2135 3781 2196 3820 re
2227 3765 2382 3837 erige
2413 3765 2673 3820 animum
2705 3771 2875 3834 teque
2908 3763 3100 3834 ipsum
3131 3759 3379 3816 emenda
3410 3755 3692 3830 quotidie,
3715 3753 3777 3810 in

2135 3876 2289 3928 teree
2319 3880 2509 3928 autem
2544 3872 2988 3943 reprehensores
3018 3867 3304 3924 ausculta.
3337 3865 3448 3922 Sed
3479 3869 3602 3919 tem
3633 3875 3779 3932 quo-

2138 3995 2251 4050 que
2288 3979 2384 4034 ubi
2435 3979 2579 4034 bene
2623 3979 2692 4034 de
2746 3983 2803 4033 te
2839 3975 3184 4048 loquuntur,
3215 3973 3316 4028 tibi
3357 3970 3469 4044 ipsi
3500 3969 3780 4026 rationem

2141 4086 2313 4142 redde
2342 4093 2397 4140 et
2423 4085 2550 4141 vita
2580 4083 2934 4158 quotidianus
2965 4096 3204 4138 examen
3227 4079 3484 4136 institue.
3510 4077 3607 4133 Sic
3626 4075 3784 4131 enim

2143 4194 2414 4266 teipsum,
2462 4210 2578 4249 non
2643 4200 2880 4248 caeteros
2939 4187 3430 4262 reprehensibilee
3483 4183 3785 4249 invenies;

2147 4302 2265 4358 imo
2313 4301 2526 4374 grelies
2573 4301 2644 4356 iis
2691 4299 2932 4356 habebis
2977 4297 3227 4354 videndo
3273 4295 3428 4367 quod
3477 4293 3656 4348 nimio
3701 4289 3786 4346 tui

2147 4425 2342 4466 amore
2362 4409 2638 4465 seductus
2668 4407 2920 4478 teipsum
2953 4404 3152 4462 minus
3174 4401 3474 4474 cognitum
3505 4399 3784 4456 habebas.

2149 4520 2268 4575 Hoc
2315 4517 2468 4574 enim
2522 4523 2690 4588 pecto
2737 4515 2846 4572 tibi
2889 4517 3144 4586 teipsum
3186 4507 3576 4582 cognoscendi
3604 4507 3794 4564 corri-

386 4645 644 4701 ἀκούειν·
711 4643 1004 4721 διόρθωσαι
1060 4646 1242 4700 τοίνυν
1296 4643 1349 4700 ἐν
1404 4643 1620 4708 τούτοις
1677 4647 1888 4716 σαυτὸν,
1947 4667 2014 4702 κα

2148 4625 2439 4699 gendique
2494 4639 2690 4680 ensem
2749 4623 3054 4678 dederunt.
3102 4619 3589 4676 Denuntietorum
3641 4617 3792 4670 certe

388 4734 628 4805 ποίησον
680 4731 770 4788 διὰ
819 4735 1036 4788 πάντων
1085 4732 1289 4807 βελτίω
1313 4753 1326 4766 ·
1359 4730 1462 4796 ἕως
1509 4732 1556 4788 δ’
1588 4733 1647 4788 ἂν
1683 4735 1760 4808 μὴ
1790 4734 1940 4790 τοῦτ’
1979 4733 2014 4810 ᾖ

2149 4734 2375 4792 netioin
2389 4733 2520 4789 odio
2539 4737 2627 4786 est
2645 4731 2718 4786 ob
2743 4730 2957 4786 malem
2981 4743 3182 4784 eorum
3203 4728 3455 4781 mentem
3475 4723 3602 4789 ;sed
3618 4721 3792 4776 etiam

391 4825 626 4880 καὶτῶν
652 4822 996 4896 αίτιωμένων
1043 4823 1280 4898 ἀνέχου·
1318 4823 1530 4898 μᾶλλον
1570 4820 1628 4879 δὲ
1676 4821 1772 4878 κᾶν
1817 4821 2017 4898 μηδεισ

2147 4843 2248 4916 qui
2299 4840 2448 4898 male
2495 4840 2696 4895 temeti
2739 4847 2896 4903 sunt,
2926 4837 2998 4892 ab
3031 4833 3288 4890 inimicis
3317 4831 3462 4904 ipsis
3493 4827 3792 4886 interdum

2151 4949 2461 5007 utilitatem
2495 4948 2748 5020 recipere
2776 4950 3018 5019 queunt.
3041 4944 3200 5016 Saepe
3219 4942 3373 4999 enim
3397 4939 3438 4995 ii
3469 4940 3570 5010 qni
3601 4935 3796 4992 disso-

2148 5060 2269 5116 lute
2297 5058 2580 5124 vixerant,
2602 5058 2918 5130 prudentes
2937 5070 3003 5109 ec
3027 5051 3270 5108 modesti
3291 5050 3600 5108 evessrunt
3629 5049 3685 5102 et
3704 5060 3793 5100 re-

2151 5169 2266 5225 bus
2295 5166 2556 5224 bonestis
2587 5165 2822 5221 studere
2852 5163 3172 5234 coeperunt.

393 4915 582 4970 τισοῦν
640 4932 697 4966 σε
751 4916 860 4966 τῶν
919 4912 1134 4968 πάντων
1183 4909 1309 4987 ε’ίπῃ
1386 4918 1590 4978 κακῶς,
1647 4909 1744 4968 κᾶν
1817 4913 2043 4970 τούναν-

393 5001 511 5057 τίον
561 4999 756 5063 πάντες
813 5004 954 5080 φῶσι
1003 4999 1212 5072 καλῶς,
1269 5000 1332 5056 σὺ
1387 4998 1445 5058 δε
1500 5001 1591 5056 καὶ
1649 5000 1792 5057 οὕτω
1849 5003 2040 5058 σαυτὸν

393 5093 482 5152 οἷς
514 5088 690 5151 οὕτως
745 5087 910 5165 ἔχεις,
945 5091 1052 5146 οὐκ
1097 5089 1430 5165 ἀπαλλάξεις
1476 5090 1674 5162 αἰτίας,
1705 5092 1794 5146 ἐὰν
1844 5095 2046 5147 σαυτοῦ

395 5180 564 5252 λόγον
615 5181 771 5251 ποιῇ,
803 5180 892 5234 καὶ
935 5183 1015 5253 τῷ
1060 5179 1418 5251 καθεκάστην,
1449 5179 1524 5244 ὡς
1575 5179 1770 5252 εἷπεῖν,
1809 5179 1914 5255 βίῳ
1962 5178 2044 5234 διο

391 5269 616 5338 κάζεις⁶
650 5267 793 5322 οὕτω
837 5269 1054 5338 σαυτὸν,
1084 5269 1175 5326 καὶ
1227 5271 1302 5342 μὴ
1354 5267 1484 5330 τοὺς
1535 5267 1790 5344 λέγοντας
1841 5274 2046 5341 κακῶς,

395 5356 674 5412 αἲτιᾶσθαι
703 5353 914 5419 δίκαιος
953 5357 996 5412 εί
1021 5375 1036 5388 ·
1068 5357 1256 5420 αὐτοῖς
1299 5359 1395 5431 μὲν
1424 5357 1514 5413 οὖν
1540 5359 1758 5421 τούτοις
1811 5357 2050 5434 μάλιστα

397 5445 490 5501 καὶ
533 5446 698 5520 χάριν
745 5441 966 5516 εἰδέναι,
997 5443 1083 5502 ὅτι
1121 5447 1184 5501 σὺ
1239 5447 1334 5522 μὲν
1385 5445 1489 5502 ὑπό
1535 5450 1632 5503 τοῦ
1681 5452 1872 5502 σαυτὸν
1903 5447 2048 5522 σφό-

402 5533 500 5610 δρα
533 5537 737 5612 φιλεῖν,
761 5534 1034 5609 ἠγνόησας
1063 5535 1256 5591 σαυτὸν
1307 5535 1360 5590 ἐν
1408 5534 1588 5609 τούτῳ
1635 5533 1816 5607 δήπου
1861 5535 2046 5611 μέρει·

405 5625 457 5680 οἱ
487 5620 545 5677 δὲ
577 5619 647 5677 δι’
677 5623 752 5678 ὧν
782 5621 934 5678 εἶπον
965 5625 1170 5693 κακῶς,
1192 5626 1468 5700 παρέσχον
1500 5646 1584 5680 σοι
1617 5627 1700 5681 καῖ
1732 5631 1934 5702 γνῶναι
1962 5623 2052 5680 καὶ
