4154 6216
425 336 544 401 495

502 1213 589 1269 30.
646 1211 793 1270 Illud
851 1229 1085 1286 quoque
1141 1212 1377 1285 insuper
1428 1211 1669 1269 dixerim
1719 1214 1873 1285 quod
1925 1215 2075 1273 bona

430 1319 655 1376 malave
683 1337 794 1393 qua
820 1320 1071 1375 fruimur
1101 1321 1255 1375 fama
1287 1336 1460 1391 penes
1491 1336 1599 1375 nos
1629 1319 1791 1392 ipsos
1822 1325 1946 1388 est;
1979 1338 2077 1377 re-

430 1426 586 1482 enim
610 1442 742 1483 vera
788 1425 1068 1482 alterutra
1096 1425 1263 1482 nobis
1294 1425 1558 1498 obtinget
1587 1430 1759 1498 prout
1799 1427 2071 1484 virtutem

431 1538 532 1589 aut
558 1533 965 1605 amplectimur
993 1549 1093 1589 seu
1126 1547 1458 1589 aversamur
1480 1550 1494 1600 ;
1518 1549 1696 1604 quam
1727 1537 1862 1589 utut
1890 1551 1952 1591 se
1982 1551 2075 1591 res

431 1643 732 1700 habebunt
763 1642 918 1715 apud
947 1659 1152 1699 omnes
1180 1644 1403 1699 obviam
1437 1642 1650 1699 habere
1671 1644 2077 1701 desideramus

435 1751 671 1807 honoris
692 1767 759 1806 ac
778 1750 1292 1823 dignitatisgratia.
1308 1751 1599 1806 Virtutem
1615 1751 1770 1807 enim
1786 1759 2075 1823 quatenus

433 1857 531 1914 Dei
562 1856 704 1916 socii
734 1874 768 1913 a
796 1856 1084 1930 principio
1115 1873 1343 1925 sumus,
1369 1873 1471 1928 per
1499 1861 1680 1913 totam
1713 1856 1888 1914 vitam
1920 1876 2076 1915 exer-
2107 1850 2150 1915 Β

433 1980 560 2021 cere
609 1964 908 2032 debemus,
942 1974 1004 2020 ut
1051 1970 1322 2020 naturam
1376 1981 1505 2038 qua
1556 1965 1613 2021 in
1648 1965 1814 2022 nobis
1845 1972 1934 2024 est
1982 1965 2073 2022 di-

434 2072 623 2127 vinam
670 2086 1104 2143 regeneremus,
1136 2071 1336 2143 sicque
1384 2075 1566 2127 Deum
1607 2088 1779 2143 quem
1808 2072 2076 2129 indolen—

438 2188 521 2234 ler
549 2183 786 2251 agentes
816 2179 1194 2250 perdidimus,
1228 2180 1287 2235 in
1330 2178 1498 2235 nobis
1530 2184 1853 2236 restaurare
1882 2179 2078 2237 valea-

437 2302 590 2342 mus.
622 2286 767 2341 Cum
816 2285 994 2357 igitur
1040 2286 1223 2341 virtus
1255 2286 1573 2358 unicuique
1620 2288 1947 2345 necessaria
1975 2288 2074 2355 sit,

438 2402 558 2449 tum
587 2409 682 2448 rex
714 2390 952 2448 mimine
981 2408 1048 2448 ea
1078 2408 1271 2449 carere
1303 2393 1534 2466 poterit,
1558 2393 1658 2464 qui
1692 2393 1839 2450 sicut
1874 2393 2071 2452 habitu

435 2503 672 2555 externo
697 2496 990 2570 precellit,
1012 2497 1091 2553 ita
1112 2500 1316 2554 virtute
1336 2498 1587 2555 eminere
1609 2500 1798 2557 debet.
1827 2499 1898 2556 Ut
1918 2501 2071 2557 enim

434 2605 699 2663 omnium
747 2604 1099 2662 ditisssimus
1147 2611 1255 2672 est,
1289 2606 1373 2660 sic
1407 2606 1662 2677 Optimus
1693 2624 1919 2681 quoque
1948 2624 2075 2665 esse

432 2715 558 2786 ejus
586 2713 715 2782 erit,
746 2714 845 2785 qui
876 2718 1145 2769 creterum
1179 2712 1377 2785 ipsum
1403 2696 1749 2787 exemplaris
1771 2716 1956 2772 instar
1986 2716 2067 2773 in-

434 2822 669 2874 tuentur
713 2834 779 2873 ac
822 2833 1012 2873 mores
1061 2818 1388 2874 secundum
1445 2819 1635 2890 ipsum
1692 2825 2072 2892 componunt.

434 2926 632 2995 Qualis
663 2926 841 2998 igitur
879 2930 941 2981 tu
968 2926 1092 2998 ipse
1123 2926 1259 2997 eris,
1290 2926 1436 2981 tales
1466 2927 1653 2982 cmteri
1685 2944 1915 2999 quoque
1945 2928 2078 2984 imi-

434 3034 610 3091 tando
639 3050 766 3089 esse
794 3033 1010 3089 volent.
1028 3033 1153 3090 Non
1176 3033 1331 3088 enim
1368 3034 1663 3089 modestus
1697 3039 1949 3103 tantum,
1975 3036 2072 3090 sed

431 3140 690 3212 optimus
720 3154 847 3194 esse
879 3154 983 3194 nec
1013 3155 1187 3211 pravo
1218 3139 1480 3212 exemplo
1504 3141 1679 3196 urbes
1703 3141 1825 3196 solo
1848 3156 2075 3213 aequare

433 3261 768 3318 presumes.
801 3246 861 3300 Si
918 3245 1074 3301 enim
1124 3261 1324 3301 verum
1374 3250 1463 3302 est
1512 3248 1665 3319 quod
1716 3248 1878 3302 Plato
1908 3246 2073 3315 dixit,
2106 3220 2148 3285 ί)

432 3358 491 3410 et
535 3368 676 3408 sane
722 3367 918 3408 verum
963 3358 1070 3419 est,
1102 3351 1257 3423 quod
1306 3352 1570 3408 civitates
1620 3353 1765 3409 bene
1803 3370 1866 3409 se
1897 3353 2077 3410 babe-

432 3462 579 3516 bunt
624 3460 723 3515 ubi
773 3466 873 3515 aut
920 3459 1250 3533 pbil030phi
1296 3464 1565 3532 regnant,
1596 3464 1698 3516 aut
1746 3475 1911 3532 reges
1942 3468 2077 3515 sunt

430 3567 783 3641 philosophi,
817 3566 1054 3624 inﬁtiari
1106 3584 1217 3624 non
1268 3584 1582 3640 possumus
1631 3568 1770 3641 quin
1818 3566 1917 3622 ubi
1976 3583 2075 3622 rex

430 3691 639 3747 pravus
667 3684 773 3744 est,
797 3674 1056 3731 civitates
1088 3690 1320 3748 quoque
1343 3677 1670 3732 necessario
1702 3673 1847 3730 male
1869 3689 1932 3729 se
1963 3674 2070 3728 ha-

431 3783 636 3839 bituras
668 3782 804 3837 sint.

1701 347 2091 425 THEODULI
2141 354 2494 421 MONACHI

2106 494 2157 555 Α
2190 486 2606 564 διορθώσασθαι.
2630 492 2697 549 Εἰ
2735 492 2838 568 γὰρ
2876 492 2940 547 τὸ
2967 496 3075 547 τῶν
3119 491 3438 566 κατηγόρων
3483 498 3678 566 χρῆμα
3727 515 3830 567 μι-

3706 363 3822 424 496

2175 585 2346 635 σεῖται
2405 577 2493 636 διὰ
2556 581 2656 649 τήν
2713 579 2919 656 αἳρεσιν
2968 582 3057 636 καὶ
3108 582 3170 637 τὸ
3216 588 3318 651 τῆς
3357 582 3586 655 γνώμης
3616 580 3716 637 οὐκ
3745 579 3829 649 εὖ,

2176 668 2320 724 ἀλλά
2348 672 2436 725 καὶ
2469 675 2581 726 τῶν
2618 676 2797 733 κακῶς
2846 670 3164 742 ἀκηκοότων
3215 665 3358 725 ἔστιν
3406 670 3490 735 οἷς
3533 673 3681 726 τοῦτ’
3711 669 3830 727 εστι

2176 759 2309 832 πρὸς
2340 757 2588 834 κέρδους,
2619 759 2768 836 εἴπερ
2808 757 2970 830 ἔστιν,
3002 759 3076 821 ὡς
3131 759 3320 837 λόγος,
3355 760 3442 815 καί
3495 760 3585 815 ὑπ’
3613 760 3829 835 ἐχθρῶν

2177 845 2541 926 ὠφελεῖσθαι·
2599 850 2726 910 τούς
2800 869 2859 905 τε
2922 850 3025 923 γὰρ
3098 848 3348 921 ἀσέμνως
3409 848 3659 923 βιοῦντας
3715 849 3831 903 σώ-

2178 955 2376 1011 φρονας
2422 938 2510 992 καὶ
2570 938 2835 1012 κοσμίους
2884 939 3011 1000 τοὺς
3068 935 3360 1000 πλείστους
3411 935 3649 993 ἒντεῦθεν
3676 934 3826 992 ἔστιν

2180 1021 2343 1079 ἰδεῖν·
2390 1023 2520 1087 τούς
2576 1046 2634 1080 τε
2690 1022 3021 1088 σπουδαίους
3074 1024 3534 1105 ἀσφαλεστέρους,
3598 1027 3831 1106 ὑφορω-

2180 1111 2373 1185 μένους
2403 1114 2469 1168 τὰ
2491 1118 2715 1170 τοιαῦτα
2746 1115 3010 1189 στόματα.

2249 1200 2317 1260 λ’.
2356 1204 2505 1276 Παρὰ
2542 1204 2715 1258 πάντα
2766 1202 2822 1259 δὲ
2867 1207 3034 1259 ταῦτα
3080 1202 3249 1259 έκεῖνο
3288 1201 3456 1280 λέγω,
3489 1205 3565 1267 ὡς
3614 1205 3677 1259 τὸ
3726 1224 3832 1259 κα-

2177 1289 2291 1352 λῶς
2352 1291 2385 1360 ἤ
2443 1296 2622 1353 κακῶς
2681 1293 2893 1347 ἄκούειν
2951 1292 3044 1347 καὶ
3103 1293 3394 1368 τυγχάνειν
3450 1292 3738 1369 εὐφημιῶν
3791 1294 3829 1363 ἢ

2181 1381 2258 1453 μή
2314 1381 2442 1455 παρ’
2480 1382 2616 1454 ἡμῖν
2678 1380 2919 1445 μάλιστα
2964 1387 3172 1437 κεῖται·
3233 1382 3324 1437 καὶ
3394 1384 3601 1437 τούτων
3661 1386 3837 1455 ἡμεῖς

2181 1467 2337 1523 αὐτοὶ
2392 1468 2594 1541 κύριοι,
2627 1469 3069 1543 ἀντιποιούμενοί
3119 1491 3179 1529 τε
3236 1471 3459 1545 ἀρετῆς,
3489 1473 3580 1526 καὶ
3620 1474 3833 1542 ταύτης

2179 1556 2246 1611 αὖ
2303 1555 2654 1632 ἀλογοῦντες,
2701 1558 2762 1627 ἢν
2835 1559 3210 1633 ἀπαιτούμεθα
3282 1560 3377 1631 μὶν
3448 1563 3675 1621 ἅπαντες
3737 1560 3837 1615 ἄν·

2180 1648 2387 1721 θρωποι
2449 1644 2537 1702 διὰ
2592 1648 2693 1716 τήν
2750 1646 2850 1714 τῆς
2910 1646 3118 1710 εἰκόνος
3174 1649 3417 1719 ἀξίωσιν,
3448 1648 3537 1703 καὶ
3581 1650 3646 1703 τὸ
3689 1670 3839 1704 τετι-

2185 1738 2385 1808 μῆσθαι
2414 1756 2425 1767 ·
2492 1737 2611 1789 καθ’
2667 1737 2729 1805 ἢν
2787 1732 2855 1805 δὴ
2913 1737 3003 1791 καὶ
3046 1738 3297 1792 κοινωνοὶ
3356 1742 3491 1792 Θεοῦ
3546 1738 3835 1813 γεγονότες

2178 1825 2498 1899 τοεξαρχῆς,
2550 1824 2783 1898 ανάγκην
2833 1822 3035 1899 ἔχομεν
3078 1822 3258 1896 δήπου
3308 1822 3397 1880 διὰ
3446 1826 3572 1899 βίυυ
3625 1829 3834 1891 παντὸς

2180 1914 2405 1985 ταυτηνὶ
2465 1915 2739 1987 μετιέναι·
2802 1914 2894 1968 καὶ
2950 1914 3234 1987 πειρᾶσθαι
3311 1911 3402 1968 διὰ
3455 1914 3692 1982 πάντων,
3754 1917 3837 1979 ὡς

2184 2003 2297 2057 οἷόν
2343 2022 2421 2068 τε,
2450 2002 2513 2056 τὸ
2570 2001 2621 2057 ἐν
2671 2004 2808 2076 ἡμῖν
2868 2003 3009 2057 θεῖον
3070 2002 3281 2076 ἀνάγειν
3337 2002 3424 2057 ἐπὶ
3477 2004 3833 2079 πρωτόγονον

2184 2095 2328 2147 θεῖον
2354 2111 2366 2124 ο
2388 2090 2466 2145 ἵν’
2494 2092 2553 2145 ὃν
2605 2088 2693 2146 δια
2740 2091 3007 2168 ῥᾳθυμίας
3052 2089 3414 2165 ἀπωλέσαμεν
3444 2090 3636 2165 οἳμοιί
3669 2094 3836 2164 Θεὸν,

2182 2180 2373 2236 τοῦτον
2432 2178 2496 2235 αὖ
2553 2178 2641 2235 διὰ
2697 2178 2937 2250 σπουδῆς
2994 2181 3167 2253 εὑρεῖν
3231 2178 3591 2254 δυνηθῶμεν·
3650 2182 3836 2246 οὕτως

2183 2270 2376 2346 ἀρετῆς
2430 2269 2727 2345 ἑξανάγκης
2787 2271 2949 2325 ἅπασι
3008 2267 3127 2324 δεῐο
3191 2268 3411 2344 βασιλεῖ
3471 2272 3661 2344 μέντοι
3739 2272 3836 2326 καὶ

2182 2358 2381 2432 πολλῷ
2436 2359 2624 2415 πλέον.
2658 2361 2825 2416 ’Όσον
2884 2359 2990 2436 γὰρ
3045 2360 3295 2413 ἁπάντων
3353 2360 3491 2415 κατᾶ
3535 2360 3599 2415 τὸ
3630 2366 3838 2435 σχῆμα

2182 2448 2430 2523 προέχει,
2463 2452 2689 2503 τοσοῦτο
2718 2449 2836 2503 κατ’
2865 2447 3061 2522 ἀρετὴν
3108 2446 3265 2504 αὐτὸν
3309 2445 3574 2523 προῦχειν
3605 2450 3794 2523 χρεών
3813 2481 3840 2492 -

2183 2539 2271 2592 καὶ
2330 2539 2407 2612 μὴ
2466 2536 2549 2592 ὅτι
2602 2539 2774 2591 πάντα
2830 2539 2894 2591 τὰ
2950 2537 3166 2592 πάντων
3203 2536 3361 2592 αὐτὸν
3416 2536 3582 2611 μόνον
3631 2545 3839 2607 κεκτῆ-

2184 2628 2327 2692 σθαι,
2360 2625 2505 2681 ἀλλὰ
2554 2627 2643 2679 καὶ
2685 2625 2897 2680 πάντων
2944 2624 2995 2678 ἐν
3041 2626 3204 2679 ἅπασι
3240 2623 3523 2699 βέλτιστον
3556 2626 3709 2694 εἶναι,
3742 2627 3840 2681 ἅτε

2184 2715 2399 2770 πάντων
2463 2716 2539 2776 εἷς
2588 2715 2747 2769 αὐτὸν
2809 2715 2882 2775 ὡς
2941 2713 3016 2777 εἰς
3092 2713 3399 2790 ἀρχέτυπον
3469 2716 3839 2791 ἀφορώντων,

2184 2804 2427 2860 κάκεῖθεν
2479 2804 2547 2859 τὰ
2599 2803 2807 2882 σφέτερ’
2864 2803 3043 2859 αὐτῶν
3122 2804 3503 2860 καθιστάντων.
3565 2806 3653 2866 Ὠς
3732 2804 3839 2860 οὖν

2185 2894 2375 2955 ὁποῖός
2422 2895 2542 2947 ποτ’
2576 2891 2633 2949 ἂν
2680 2891 2743 2967 ᾗς
2781 2892 2959 2954 αὐτὸς,
2990 2891 3261 2948 τοιούτων
3302 2891 3363 2947 ἄν
3414 2913 3498 2948 σοι
3546 2895 3635 2949 καὶ
3697 2897 3838 2949 παν-

2182 3005 2291 3039 των
2346 2982 2779 3052 καθεστηκότων,
2812 2983 2901 3036 καί
2962 2981 3039 3044 ὡς
3096 2981 3211 3055 οὐχ
3252 2982 3385 3057 ὑπὲρ
3429 2983 3587 3046 αὐτὸς
3631 2988 3840 3038 σαυτοῦ

2188 3072 2399 3149 μᾶλλον
2450 3074 2484 3143 ἢ
2529 3077 2638 3128 τῶν
2684 3071 2870 3128 ἄλλων
2918 3074 3163 3127 ἁπάντων
3218 3071 3380 3149 λόγον
3432 3072 3652 3150 ὑφέξων,
3713 3073 3839 3129 ἑθε-

2187 3163 2376 3234 λήσεις
2409 3160 2465 3217 εὖ
2498 3159 2600 3217 οἷδ’
2630 3163 2713 3217 ὅτι
2744 3164 2833 3217 καὶ
2863 3161 3022 3223 αὐτὸς
3064 3159 3152 3217 διὰ
3194 3165 3407 3218 πάντων
3439 3163 3721 3238 βέλτιστος
3755 3165 3843 3220 εἶ-

2185 3276 2293 3321 ναι,
2325 3251 2414 3307 καὶ
2464 3252 2590 3315 τοὺς
2637 3250 2843 3313 ἄλλους
2875 3252 3157 3315 τοιούτους
3186 3248 3252 3322 δή
3285 3272 3435 3314 τινας
3457 3250 3663 3325 ἴσχειν,
3701 3253 3839 3309 ἀλλ’

2187 3342 2250 3397 οὗ
2307 3341 2468 3413 κακίᾳ
2523 3344 2697 3410 συζῶν
2755 3338 3129 3417 διεφθαρκέναι
3177 3340 3273 3405 τὰς
3327 3339 3539 3402 πόλεις.
3604 3341 3664 3397 Εἰ
3727 3345 3838 3418 γὰρ

2185 3430 2397 3501 ἀληθής
2428 3429 2568 3485 ἐστιν
2601 3431 2629 3484 ὁ
2666 3435 2767 3484 τοῦ
2799 3430 3094 3493 Πλάτωνος
3128 3430 3311 3505 λόγος,
3344 3429 3523 3504 ὥσπερ
3568 3429 3661 3485 οὖν
3696 3431 3837 3503 ἐστι,

2183 3522 2245 3575 τὸ
2283 3522 2377 3584 τὰς
2434 3519 2625 3582 πόλεις
2683 3519 2813 3595 ἄγαν
2867 3518 3304 3594 εὐδαιμονήσειν,
3335 3522 3461 3576 ὅταν
3506 3522 3542 3590 ἢ
3589 3521 3839 3598 φιλόσο-

2186 3632 2274 3683 φοι
2329 3610 2738 3686 βασιλεύσωσιν,
2787 3609 2822 3679 ἢ
2878 3609 3120 3683 βασιλεῖς
3167 3609 3606 3687 φιλοσοφήσωσι,
3646 3612 3839 3667 τουτέ-

2185 3721 2267 3755 στι
2317 3701 2628 3772 θαυμαστοῦ
2674 3720 2821 3762 τινος
2872 3697 2930 3758 ἂν
2984 3696 3075 3753 διὰ
3138 3700 3350 3754 πάντων
3397 3705 3836 3775 προστατοῦντος

2186 3791 2485 3867 λαχούσας,
2525 3791 2670 3859 ἦπου
2726 3812 2788 3864 γε
2844 3794 2948 3844 πᾶν
3000 3790 3332 3859 τούναντίον,
3392 3791 3516 3846 ὅταν
3576 3794 3605 3847 ὁ
3664 3793 3837 3867 βασι-

2184 3878 2357 3935 λεύων
2413 3878 2623 3954 φαῦλός
2674 3900 2758 3942 τις
2814 3879 2992 3953 ﬁndi
3044 3879 3240 3944 ταιῧτας
3297 3881 3372 3943 ὼς
3420 3883 3648 3938 κάκιστα
3694 3882 3832 3954 ἕξειν

2182 3975 2333 4024 πᾶσα
2367 3970 2599 4046 ἀνάγκη.

1769 4263 2514 4364 ΤΟΥἈΥΤΟΥ

1384 4470 1804 4598 ΗΕΡΙ
1919 4462 2890 4596 ΠΟΛΙΤΕΙΑΣ

1906 4700 2350 4799 ΛΟΓΟΣ.

1875 4948 2394 5040 EJUSDEM

1987 5106 2283 5169 ORATIO

772 5269 1035 5434 DE
1158 5263 2473 5524 SUBDITOIEUM
2588 5264 3487 5435 OFFICIIS.

513 5608 562 5665 l.
595 5609 967 5681 Quaecunque
1012 5609 1083 5665 de
1135 5609 1482 5683 imperatore
1513 5610 1733 5685 optimo
1762 5612 1821 5666 et
1851 5623 2085 5667 summe

443 5697 766 5756 venerando
813 5697 927 5753 dici
975 5697 1370 5770 conveniebat,
1411 5698 1643 5770 qualem
1695 5714 1905 5772 nempe
1959 5712 2085 5755 esse

2262 5606 2330 5663 α’.
2376 5607 2441 5661 Ἃ
2502 5606 2595 5679 μὲν
2649 5603 2745 5661 οὖν
2791 5604 3012 5680 ἀρίστου
3059 5606 3182 5681 πέρι
3228 5606 3319 5661 καὶ
3372 5607 3686 5681 θαυμαστοῦ
3736 5606 3837 5681 βα-

2195 5697 2393 5762 σιλέως
2422 5699 2577 5781 φάναι
2611 5704 2874 5772 προσῆκε,
2902 5698 2993 5754 καὶ
3026 5699 3143 5754 οἷον
3195 5696 3339 5762 εἶκὸς
3385 5698 3516 5753 εἶναι
3563 5699 3655 5755 τὸν
3696 5698 3840 5754 πάν·-
