3982 6216
250 439 348 502 ιοτ
1227 441 1520 502 ORATIO
1563 441 1659 501 DE
1706 438 2206 504 SUBDITORUM
2251 437 2601 501 OFFlClIS.

3475 413 3593 506 499

250 594 335 627 των
380 575 462 644 μέν
509 573 800 647 ανθρώπων
847 571 1042 645 κράτος
1089 572 1452 647 ἀνῃρημένου,
1491 577 1588 627 τοῦ
1629 569 1684 627 δὲ
1731 576 1830 626 τῶν

1947 574 2355 642 oporteateum
2390 573 2525 642 quid
2559 573 2629 628 ad
2662 571 2840 628 totius
2873 575 3078 630 mundi
3108 574 3589 648 gubernationem

248 662 362 715 ὁλων
390 662 643 736 ἡγεμόνος
673 667 810 718 Θεοῦ
844 663 1108 718 κοινωνὸν
1157 663 1233 725 ὡς
1261 662 1428 716 εἰπεῖν
1476 662 1834 730 καταστάντα,

241 755 304 818 τῷ
329 772 375 804 τε
417 752 508 818 τήν
558 751 730 820 αὐτὴν
777 751 1002 820 ταυτηνὶ
1054 751 1212 821 λῆξιν
1265 748 1617 825 δημαγωγεῖν
1672 752 1838 819 ἠξιῶ-

241 839 357 905 σθαι,
388 843 458 910 τῷ
492 844 539 892 τ’
588 842 784 913 ἀρε-τήν
843 844 1014 895 πᾶσαν
1081 838 1320 895 ἐντεῦθεν
1371 841 1550 893 ἀσκεῖν
1599 839 1840 914 ἡναγκά-

235 929 352 991 σθαι,
382 929 449 988 ὡς
483 927 542 982 ἂν
591 931 666 1002 μὴ
711 929 860 1002 μόνῳ
897 936 976 1001 τῷ
1013 935 1232 1006 κρατεῖς
1271 931 1371 997 τήν
1420 930 1706 984 κοινωνίαν
1739 927 1836 1000 έμ-

234 1018 427 1094 φαίνων,
457 1026 569 1082 τοῖς
604 1016 786 1096 ἔργοις
817 1019 1102 1095 ψεύδηται,
1137 1019 1281 1076 ἄλλα
1300 1019 1390 1074 καὶ
1423 1018 1837 1097 δι’ἆμφοτέρων

232 1112 297 1178 τῷ
338 1106 683 1182 προελομένῳ
731 1107 1016 1184 ξυμϐαίνῃ,
1059 1112 1210 1165 ταῦτ’
1253 1109 1421 1166 ἔστιν.
1457 1109 1603 1164 Ἐπεὶ
1653 1107 1710 1163 δὲ
1758 1105 1840 1162 δεῖ

230 1195 307 1250 τόν
349 1199 491 1251 ταῦτ’
544 1198 826 1273 εἰρηκότα,
874 1199 965 1253 καὶ
1021 1198 1146 1272 περί
1188 1202 1294 1254 τῶν
1354 1197 1676 1273 ἀρχομένων
1724 1197 1838 1251 ἅττ’

227 1282 369 1356 ἔξεστι
426 1281 682 1356 διελθεῖν,
739 1288 827 1341 καὶ
891 1284 1057 1358 δεῖξαι
1116 1291 1298 1364 σαφῶς
1349 1286 1532 1340 ὁποῖοί
1589 1305 1730 1346 τινες
1775 1282 1834 1338 ἂν

227 1374 373 1440 ὅντες,
411 1375 497 1428 καὶ
544 1377 599 1431 τί
643 1373 877 1450 δρῶντες
923 1376 1197 1451 ἀξιόχρεῳ
1233 1376 1456 1430 τουτουὶ
1495 1373 1583 1429 διὰ
1621 1376 1835 1429 πάντων

225 1466 409 1541 ἁφθεῖεν
463 1466 552 1520 καὶ
622 1465 828 1544 σφόδρα
896 1469 1286 1541 προσήκοντες,
1353 1468 1680 1542 πειράσομαι
1746 1465 1836 1519 καὶ

222 1557 412 1623 τοῦτον,
441 1554 515 1615 ὡς
565 1553 628 1609 ἂν
681 1557 794 1615 οἷός
844 1575 899 1610 τε
945 1555 1013 1622 ὦ,
1064 1553 1309 1610 διανῦσαι
1357 1555 1448 1609 τὸν
1500 1553 1696 1610 ἆθλον·
1748 1555 1836 1608 καὶ

221 1642 309 1716 γὰρ
336 1644 392 1696 ἄν
423 1643 507 1714 εἴη
559 1649 669 1699 τῶν
717 1645 931 1699 ἂτόπων
971 1644 1189 1708 πόλεως
1230 1646 1322 1717 μὲν
1369 1647 1690 1714 ἡπινοσοῦν
1737 1665 1836 1715 με-

223 1731 474 1803 μνημένον
532 1733 642 1808 οὐχ
691 1736 838 1795 ὅπως
888 1733 1241 1808 ἂκροπόλεως
1285 1730 1402 1808 ἔχει
1456 1735 1640 1806 μόνον,
1695 1732 1838 1788 ἀλλᾶ

219 1822 437 1875 καὶτῶν
491 1819 685 1877 ἄλλων
738 1823 963 1877 έκάστου
1020 1820 1291 1894 διεξιέναι,
1350 1823 1440 1876 καὶ
1490 1820 1576 1877 διὰ
1625 1823 1836 1877 πάντων

218 1910 280 1969 ὡς
309 1908 444 1970 εἰκός
490 1915 575 1980 τῷ
626 1909 776 1986 λόγῳ
812 1913 1156 1985 κεχρῆσθαι·
1210 1913 1310 1980 τήν
1357 1909 1413 1966 δέ
1459 1916 1648 1966 πασῶν
1685 1909 1836 1986 μεγί-

219 2019 328 2066 στην
374 2001 460 2053 καὶ
509 1999 857 2070 τελεωτάτην
904 2004 1222 2077 ἠγεμονίαν,
1274 2003 1360 2055 καὶ
1410 2001 1460 2055 τί
1491 2003 1593 2075 γὰρ
1631 2001 1664 2070 ἢ
1697 2002 1834 2072 ξυμ-

217 2089 371 2156 πάσης
397 2091 495 2150 τῆς
547 2089 878 2161 οἰκουμένης
919 2091 1234 2162 θαυμαστὴν
1281 2089 1599 2163 πρυτανείαν
1647 2089 1834 2144 ὁποίαν

217 2177 328 2228 εἶναι
381 2180 489 2252 χρὴ
555 2175 726 2248 δεῖξαι
786 2179 1140 2254 προθέμενον,
1201 2177 1383 2234 ἔπειτα
1449 2181 1510 2234 τὸ
1571 2180 1666 2252 μὲν
1724 2183 1832 2233 τῶν

214 2265 512 2339 ἀρχομένων
543 2269 695 2340 παρὰ
722 2270 926 2344 φαῦλον
958 2272 1249 2339 ποιεῖσθαι,
1290 2273 1378 2324 καὶ
1412 2266 1584 2342 μηδέν
1615 2290 1668 2322 τι
1699 2269 1832 2341 πρὸς

214 2351 355 2428 λόγον
397 2358 545 2411 τοῦτ’
590 2357 722 2410 εἶναι
761 2358 1020 2429 νομίζειν,
1069 2357 1173 2412 ἀπὸ
1222 2357 1280 2412 δὲ
1329 2359 1502 2430 μόνου
1548 2361 1644 2413 τοῦ
1696 2377 1831 2431 κρα-

212 2448 412 2507 tofina:
464 2447 533 2501 τά
593 2447 800 2500 τοιαῦτ’
865 2446 1069 2502 ἐθέλειν
1121 2446 1430 2521 περαίνειν·
1479 2447 1528 2519 ἐξ
1578 2446 1829 2519 ἡμισείας

213 2534 338 2602 μέντ’
392 2535 450 2588 ἂν
501 2535 681 2597 οὕτως
722 2535 913 2608 εἴημεν
961 2534 1402 2611 ἀποδεδειχότες,
1451 2533 1538 2590 διὰ
1588 2537 1650 2592 τὸ
1701 2536 1830 2589 τού-

207 2641 314 2684 τους
370 2625 717 2702 ἀμφοτέρους
769 2625 857 2679 ἐπὶ
903 2631 1160 2680 τοσοῦτον
1212 2628 1473 2696 ἡνῶσθαι,
1520 2627 1608 2680 καὶ
1659 2624 1832 2685 οὕτως

207 2707 355 2786 ἔχειν,
413 2716 488 2775 ὡς
534 2715 628 2769 καί
687 2716 1012 2784 ξυννοεῖσθαι
1061 2719 1175 2770 κατ’
1234 2715 1472 2791 ἀνάγκην
1533 2716 1828 2786 ἀλλήλοις,

207 2803 262 2853 τά
285 2823 337 2855 τε
369 2801 514 2858 ἄλλα
545 2803 640 2859 καὶ
679 2805 740 2858 τὸ
780 2807 881 2873 τήν
923 2805 1102 2880 ἀρχὴν
1145 2806 1234 2859 ὑπ’
1272 2805 1447 2860 αὐτῶν
1500 2807 1830 2881 συνεστάναι,

205 2886 576 2965 διαιρουμένην
627 2893 702 2954 εἰς
745 2895 993 2963 τούτους,
1038 2896 1126 2948 καὶ
1172 2895 1334 2948 τοῦτό
1366 2915 1427 2968 γε
1467 2895 1652 2961 οὖσαν,
1697 2894 1827 2969 ὅπερ

205 2978 337 3033 αύτοὶ
375 2983 674 3043 συνιόντες.
719 2980 925 3056 Σχεδὸν
975 2983 1070 3054 μὶν
1116 2981 1206 3037 οὖν
1255 2982 1306 3036 έν
1355 2987 1470 3043 τοῖς
1521 2981 1830 3055 εἰρημένοις

201 3068 276 3122 καὶ
332 3073 481 3126 τοῦτ’
541 3068 823 3146 εἴργαστο,
874 3071 961 3125 καὶ
1009 3075 1153 3126 τοῦτ’
1203 3069 1344 3126 ἔστιν
1397 3072 1586 3142 εἰπεῖν,
1645 3071 1719 3132 ὡς
1767 3071 1829 3125 ού

201 3163 279 3211 τεῦ
333 3165 669 3233 κρατοῦντος
729 3161 880 3222 ὅπως
944 3163 1026 3223 οἷς
1084 3161 1166 3216 ὅτι
1230 3161 1468 3234 μάλιστα
1543 3159 1828 3236 βέλτιστος

197 3245 351 3316 ἔσται,
409 3252 598 3305 κοινὸν
648 3248 848 3327 ὄφελος
901 3246 1048 3304 ἔσται
1094 3249 1420 3323 ποιούμενος
1467 3250 1652 3323 λόγον,
1736 3252 1825 3304 καὶ

199 3343 290 3391 τῶν
317 3340 649 3415 ἀρχομένων
685 3337 835 3394 οὐδὲν
875 3343 1039 3409 ἦττον
1088 3341 1145 3394 ἐν
1186 3343 1370 3401 αύτοῖς
1418 3341 1631 3401 τούτοις
1677 3339 1825 3394 ὅπως
1857 3314 1900 3380 C

199 3425 388 3485 ἔσονται
450 3428 759 3503 βέλτιστοι,
818 3429 987 3505 λόγον
1034 3434 1296 3485 ποιεῖται.
1342 3429 1408 3486 Εἰ
1455 3429 1557 3503 γὰρ
1596 3431 1669 3492 ὡς
1721 3429 1828 3504 ούχ

199 3519 297 3570 οἷον
345 3539 404 3572 τε
461 3518 663 3594 ἄρχειν
717 3517 1040 3593 ἀρχομένων
1080 3518 1178 3574 ούκ
1234 3517 1424 3588 ὄντων,
1484 3517 1654 3580 οὕτως
1703 3516 1829 3572 οὐδὲ

200 3607 367 3671 καλῶς
425 3607 698 3684 ἄρχεσθαι
754 3607 981 3670 τούτους
1044 3611 1119 3681 μὴ
1181 3609 1490 3680 θαυμαστοῦ
1544 3627 1689 3668 τινος
1741 3605 1828 3662 διὰ

197 3699 388 3752 πάντων
437 3702 544 3752 τοῦ
597 3697 902 3770 προστάτου
949 3697 1216 3770 τυχόντας
1245 3715 1258 3728 ·
1304 3699 1550 3751 τοιοῦτον
1604 3693 1660 3750 δὲ
1703 3701 1824 3750 τοῦ·

197 3806 276 3840 τον
304 3791 384 3850 οἷς
431 3788 602 3849 αὐτὸς
649 3783 783 3866 ἔφην
835 3787 1192 3863 εἰργασάμην,
1242 3784 1474 3857 εὔδηλον
1520 3788 1594 3849 ὡς
1647 3786 1826 3866 ἀμφο-

195 3876 346 3945 τέρων
393 3879 622 3940 πάντως
664 3876 940 3950 ἐμνήσθην
990 3879 1076 3938 οἷς
1128 3875 1402 3950 ἐμνήσθην
1449 3875 1710 3948 θατέρου·
1763 3877 1824 3930 ού

202 3967 296 4034 μὴν
322 3966 450 4021 ἀλλ’
484 3989 536 4023 ει
579 3967 673 4039 μὶν
704 3968 774 4036 ἦν
803 3971 919 4027 τοῖς
963 3967 1149 4027 αὐτοῖς
1190 3967 1313 4040 περί
1339 3985 1398 4020 τε
1435 3970 1532 4020 τοῦ
1569 3971 1826 4040 κρατοῦν-

196 4073 273 4113 τος
305 4056 391 4109 καὶ
421 4060 538 4110 τῶν
588 4055 692 4109 ὑπὸ
739 4059 903 4130 χνῖρα
951 4053 1138 4129 λόγοις
1186 4057 1504 4130 κεχρῆσθαι,
1551 4054 1734 4117 καλῶς
1767 4054 1826 4109 ἃν

200 4143 298 4217 εἶχε
349 4145 492 4213 πρὸς
555 4143 758 4199 ἐκεῖνον
823 4142 985 4217 μόνον
1043 4143 1292 4206 εἰπόντας
1350 4141 1517 4217 μηδὲν
1587 4164 1827 4216 προσπε-

195 4233 557 4309 ριεργάζεσθαι
590 4252 602 4265 ·
655 4233 701 4288 εἰ
751 4231 810 4289 δὶ
854 4232 1121 4304 τοσαύτην
1170 4232 1378 4290 τούτων
1420 4233 1579 4306 ’ἔσμεν
1634 4231 1827 4310 διαφο-

194 4322 295 4391 ρὰν,
335 4325 472 4393 ὅσην
536 4321 718 4378 ἐκεῖνα
765 4324 901 4396 πρὸς
955 4321 1179 4393 ἄλληλα
1231 4321 1506 4394 κέκτηται,
1558 4325 1722 4396 ἡμεῖς
1769 4343 1827 4377 τε

193 4408 289 4485 οὐχ
347 4413 488 4487 ὑπὲρ
544 4412 715 4484 μόνου
763 4416 860 4467 τοῦ
908 4417 1256 4487 κρατοῦντος,
1300 4411 1427 4468 ἀλλ’
1477 4413 1609 4486 ὑπὲρ
1657 4411 1825 4481 αὐτῆς

191 4506 278 4567 τῆς
310 4501 500 4580 ἀρχῆς
534 4499 716 4575 λέγειν
747 4503 1112 4577 προύθέμεθα,
1144 4504 1266 4571 ἣτις
1300 4500 1468 4576 οὐδέν⁸
1485 4501 1624 4558 ἐστιν
1684 4500 1826 4556 ἄλλο

190 4586 364 4664 ἄρχων
395 4611 459 4646 τε
507 4589 602 4646 καὶ
646 4590 983 4666 ἀρχόμενος,
1021 4595 1138 4656 πῶς
1175 4593 1240 4646 ού
1289 4597 1432 4647 πᾶσα
1479 4590 1686 4666 ἀνάγκη
1737 4592 1826 4646 καὶ

190 4677 510 4756 ἀμφοτέρων
559 4682 886 4753 μνησθῆναι,
941 4680 1030 4736 καὶ
1085 4680 1221 4754 μετὰ
1268 4681 1364 4743 τὰς
1412 4682 1676 4756 πρότερον
1727 4681 1832 4736 είσ-
1869 4687 1916 4752 D

191 4770 434 4843 ηγήσεις,
464 4769 562 4824 καὶ
592 4768 800 4824 τούτων
834 4769 1106 4848 έφῆφθαις

255 4859 324 4930 β’.
359 4865 451 4914 Δεῖ
484 4857 557 4929 δὴ
589 4858 782 4920 πόλεις
812 4861 1040 4930 ἁπάσας,
1069 4861 1259 4936 χώρας
1292 4860 1520 4929 ἁπάσας,
1551 4861 1637 4916 καὶ
1691 4861 1827 4915 κατᾶ

187 4955 279 5020 γῆν
336 4953 425 5006 καὶ
485 4952 628 5006 κατὰ
692 4950 957 5006 θάλατταν
1033 4950 1219 5026 ἐάνπερ
1295 4957 1391 5007 τοῦ
1461 4951 1710 5026 πράττειν
1769 4951 1827 5008 εὗ

185 5037 384 5114 ἶσχωσι
435 5041 637 5116 λόγον,
689 5036 959 5104 εὐσεϐείας
1012 5042 1105 5115 μὶν
1141 5042 1232 5097 καὶ
1261 5050 1362 5112 τῆς
1399 5043 1521 5117 περὶ
1564 5041 1626 5096 τὸ
1667 5037 1826 5105 σέϐας

189 5127 504 5202 ἆῳαλεὶας,
538 5130 629 5184 ἅτε
666 5127 937 5202 κρηπῖδος
981 5133 1069 5186 καὶ
1113 5131 1294 5207 ἀρχῆς
1334 5129 1498 5202 οὔσης
1543 5132 1628 5186 καῖ
1673 5129 1830 5206 ῥίζης

188 5215 503 5292 εὖδαίμονος
542 5221 734 5293 βιοτῆς
779 5225 868 5275 καί
914 5219 1013 5276 τόῦ
1059 5221 1196 5276 κατά
1241 5222 1426 5297 ψυχὴν
1477 5220 1828 5299 γιγνομένου,

187 5308 269 5362 καὶ
297 5309 382 5364 ’ὁτι
414 5310 516 5363 σὺν
554 5309 694 5382 αὐτῇ
744 5329 802 5364 τε
841 5311 930 5365 καὶ
981 5311 1094 5385 μετ’
1143 5310 1310 5380 αὐτῆς
1361 5312 1449 5365 καὶ
1497 5317 1670 5366 πᾶσαν
1720 5308 1828 5366 ἄλ-

187 5394 282 5467 λην
326 5397 535 5469 ἀρετὴν
572 5395 971 5456 σπουδαστέον·
1015 5399 1133 5456 ἄνευ
1183 5397 1241 5456 δὲ
1287 5399 1486 5470 ταύτης
1536 5397 1825 5470 τηνάλλως

185 5488 388 5560 θέομεν.
423 5487 534 5543 Διά
560 5493 729 5544 ταῦτα
759 5496 860 5558 τῆς
894 5490 992 5564 μὲν
1036 5491 1142 5564 πρὸ
1180 5494 1287 5545 τῶν
1337 5487 1524 5545 ἄλλων
1575 5487 1828 5564 έῤῥωμέ-

183 5597 282 5638 νως
325 5575 560 5650 μάλιστ’
607 5577 1022 5647 ἀντιποιεῖσθαι,
1071 5578 1160 5634 καὶ
1206 5583 1363 5634 πᾶσιν
1401 5580 1488 5642 οἷς
1525 5574 1692 5651 ἔξεστι
1741 5577 1826 5630 θε-

188 5670 442 5740 ραπεψειν
505 5666 571 5722 τὸ
626 5669 768 5722 θεῖον
803 5687 817 5703 ·
873 5663 1056 5725 ἔπειτα
1103 5668 1336 5744 τοσαύτῃ
1391 5669 1484 5741 μὲν
1535 5667 1622 5723 καὶ
1669 5664 1828 5734 τηλι-

186 5755 352 5832 καύτῃ
409 5756 510 5828 καὶ
569 5755 731 5821 αὐτὰς
786 5760 922 5834 πρὸς
983 5758 1174 5822 ἑαυτὰς
1230 5759 1318 5814 καὶ
1378 5759 1514 5835 πρὸς
1568 5753 1823 5828 ἀλλήλας

1946 673 2275 747 appellatus
2305 677 2412 742 est,
2442 677 2500 729 et
2539 690 2709 744 quem
2759 675 2911 732 Deus
2959 676 3086 748 ipse
3129 677 3190 732 in
3230 693 3395 734 suam
3428 678 3591 750 quasi

1947 784 2280 838 societatem
2342 782 2576 853 recepit,
2635 799 2702 838 ex
2759 799 2868 856 qua
2923 785 3166 852 excidet,
3226 785 3274 841 si
3321 786 3591 842 virtutem

1946 905 2207 946 exercere
2237 889 2489 945 cessabit
2526 894 2584 946 et
2629 890 2834 946 ofﬁciis
2880 891 3063 948 deerit
3109 893 3252 961 suis,
3292 893 3593 963 hucusque

1945 989 2404 1062 explanavimus.
2437 989 2551 1046 Sed
2581 1006 2712 1046 cum
2744 994 2875 1062 post
2912 990 3030 1048 haec
3059 992 3130 1048 de
3159 993 3413 1048 subditis
3444 1008 3590 1065 quo-

1946 1114 2058 1169 que
2089 1096 2256 1152 verba
2295 1097 2480 1153 facere
2512 1112 2742 1168 aequum
2774 1101 2863 1154 est
2891 1115 2957 1154 ac
2987 1097 3140 1155 clare
3169 1101 3587 1168 demonstrare,

1947 1203 2156 1275 quibus
2184 1203 2616 1260 conditionibus
2645 1221 2892 1277 qumque
2922 1205 3182 1262 faciendo
3215 1222 3447 1264 summo
3477 1206 3588 1263 im-

1945 1315 2208 1383 peratore
2236 1310 2399 1382 digni
2445 1310 2608 1378 fiant,
2654 1309 2763 1365 hoc
2811 1325 3063 1382 quoque,
3111 1310 3161 1366 si
3205 1310 3327 1367 fieri
3378 1316 3589 1383 potest,

1943 1422 2233 1476 certamen
2291 1418 2544 1476 certabo.
2619 1417 2952 1475 Absurdum
3017 1418 3173 1475 enim
3228 1423 3382 1476 esset
3426 1420 3591 1476 urbis

1944 1526 2193 1597 alicujus
2252 1527 2607 1582 mentionem
2639 1526 2872 1596 quidem
2904 1525 3108 1590 facere,
3155 1531 3212 1582 et
3248 1543 3315 1582 ea
3353 1544 3480 1600 quas
3516 1528 3585 1584 ad

1943 1650 2070 1690 eam
2104 1637 2369 1706 spectant
2397 1635 2685 1702 omittere,
2715 1633 2876 1690 nulla
2904 1650 3146 1706 prorsus
3167 1635 3390 1691 ratione
3430 1634 3588 1691 habi-

1944 1745 2004 1797 ta
2062 1756 2255 1796 rerum
2330 1745 2655 1796 memoratu
2714 1740 3048 1812 dignarum.
3115 1741 3340 1805 Quanto
3407 1744 3587 1814 magis

1943 1849 2266 1904 maximum
2293 1847 2600 1918 imperium
2648 1848 2786 1920 (quo
2843 1855 2993 1904 certe
3031 1848 3187 1905 aliud
3218 1851 3373 1922 quod
3405 1850 3588 1908 animi

1867 1945 1914 2012 Β
1944 1955 2388 2012 admirationem
2422 1955 2609 2027 magis
2639 1953 2876 2023 alliciat,
2936 1973 3049 2012 non
3092 1956 3357 2028 exsistit),
3388 1956 3590 2014 laudes

1950 2068 2226 2134 meretur,
2265 2065 2348 2120 ita
2394 2071 2588 2120 tamen
2629 2069 2691 2120 ut
2737 2064 3104 2121 subditorum
3152 2081 3384 2138 quoque
3421 2067 3590 2138 justa

1947 2172 2163 2228 mentio
2191 2172 2310 2228 ﬁat.
2342 2172 2401 2228 Si
2430 2172 2588 2228 enim
2619 2172 2856 2245 regibus
2883 2172 3023 2229 solis
3048 2173 3248 2229 omnia
3276 2173 3587 2230 attribuen-

1945 2283 2052 2343 tes,
2094 2284 2328 2335 caeteros
2377 2295 2576 2335 omnes
2632 2295 3092 2351 aspernaremur,
3140 2294 3263 2336 rem
3313 2281 3585 2352 imperfe-

1943 2394 2091 2444 ctam
2139 2387 2624 2459 relinqueremus,
2660 2387 2948 2458 siquidem
2994 2391 3052 2444 et
3081 2403 3276 2460 regem
3307 2391 3364 2443 et
3402 2388 3582 2444 civem

1943 2501 2137 2568 utpote
2169 2497 2418 2553 naturali
2450 2495 2682 2553 vinculo
2714 2497 2910 2554 unitos
2958 2500 3134 2568 atque
3176 2497 3260 2552 ita
3288 2497 3586 2567 insepara-

1942 2605 2088 2661 biles
2119 2605 2500 2675 contemplari
2532 2605 2787 2660 dedecet.
2805 2604 2881 2660 Ex
2913 2604 2986 2660 iis
3011 2604 3166 2660 enim
3199 2605 3585 2675 quodcunque

1941 2729 2183 2785 regnum
2232 2715 2478 2768 constat.
2543 2714 2726 2776 Quare
2784 2721 2976 2769 orator
3027 2712 3202 2768 verba
3253 2712 3470 2768 faciens
3523 2713 3585 2768 id

1940 2819 2257 2894 praesertim
2290 2821 2484 2874 caveat
2527 2835 2600 2875 ne
2646 2834 2840 2891 regem
2888 2822 3118 2874 tantum
3147 2819 3338 2874 virum
3369 2820 3586 2876 bonum

1940 2927 2230 3000 praedicet,
2265 2925 2444 2982 civem
2475 2931 2662 2982 autem
2711 2925 2879 2996 quasi
2910 2925 3100 2982 bonus
3129 2941 3258 2982 esse
3295 2924 3582 2996 nequiret,

1937 3034 2168 3091 silentio
2219 3037 2536 3106 pratereat.
2575 3033 2736 3090 Sicut
2791 3033 2948 3090 enim
2979 3033 3101 3089 ﬁeri
3135 3050 3251 3090 non
3301 3037 3491 3106 potest
3521 3037 3587 3091 ut

1938 3145 2139 3212 regnet
2166 3138 2402 3210 aliquis,
2434 3139 2484 3195 si
2515 3139 2728 3209 quibus
2753 3142 2958 3211 regnet
2987 3139 3222 3208 absunt,
3251 3139 3332 3197 ita
3363 3141 3584 3198 subditi

1940 3248 2180 3304 feliciter
2210 3247 2374 3321 regni
2422 3250 2740 3319 nequeunt,
2791 3246 2906 3302 nisi
2935 3246 3023 3302 vir
3052 3247 3330 3318 regnandi
3359 3248 3584 3320 peritus

1939 3356 2142 3412 obvius
2173 3356 2269 3411 sit.
2299 3354 2577 3428 Equidem
2627 3358 2940 3428 utrumque
2968 3354 3027 3411 in
3059 3371 3227 3427 aqua
3253 3356 3584 3414 conditione

1939 3462 2130 3534 posui,
2165 3479 2377 3534 regem,
2412 3463 2673 3534 inquam,
2705 3478 2772 3518 ao
2803 3461 3129 3532 subditum,
3162 3478 3267 3518 nec
3303 3466 3392 3519 est
3422 3465 3579 3536 quod

1937 3575 2130 3626 orator
2184 3570 2257 3626 de
2301 3569 2398 3625 illo
2447 3570 2636 3626 solum
2682 3570 2830 3626 bene
2896 3569 3070 3637 dicat,
3119 3585 3302 3641 neque
3337 3584 3469 3626 vero
3509 3571 3580 3626 de

1937 3676 2189 3733 subdito.
2224 3678 2335 3732 Nos
2364 3676 2600 3748 quidem
2629 3693 2775 3748 quos
2832 3675 2946 3732 ista
2991 3675 3318 3733 differentia
3356 3693 3577 3750 nequa-

1937 3798 2112 3853 quam
2147 3783 2304 3852 latet,
2352 3799 2470 3838 non
2519 3783 2590 3838 de
2629 3798 2785 3854 rege,
2824 3783 2925 3839 sed
2974 3782 3045 3839 de
3075 3782 3203 3854 ipso
3232 3799 3422 3856 regno
3462 3801 3581 3841 ser-

1937 3910 2140 3949 mones
2196 3907 2385 3949 serere
2442 3891 2771 3946 statuimus.
2823 3890 2888 3945 Et
2952 3905 3088 3946 cum
3136 3906 3380 3963 regnum
3429 3891 3576 3948 nihil

1937 4001 2093 4057 aliud
2127 4001 2201 4056 sit
2227 3999 2339 4056 nisi
2372 4014 2574 4072 regens
2621 4015 2688 4055 ac
2717 3997 3026 4069 regendus,
3080 4013 3197 4069 quo
3252 4003 3418 4071 pacto
3459 4015 3574 4056 non

1936 4111 2006 4166 de
2036 4109 2322 4166 ambobus
2352 4108 2460 4165 hoc
2489 4107 2615 4164 loco
2645 4105 2949 4163 dicendum
2983 4105 3132 4162 erit?

2001 4843 2056 4896 2.
2086 4838 2300 4895 Omnes
2357 4835 2636 4905 civitates,
2697 4836 2958 4909 regiones
3015 4843 3254 4904 cuncta,
3313 4835 3358 4890 si
3419 4838 3572 4891 terra

1935 4945 2198 5018 marique
2237 4943 2515 5017 proficere
2562 4943 2782 5011 volunt,
2840 4943 3067 5016 pietatis
3123 4957 3189 4998 ac
3253 4941 3570 5014 religionis,

1935 5070 2063 5126 qua:
2093 5059 2230 5108 sunt
2273 5051 2654 5107 fundamenta
2698 5048 2889 5106 omnis
2929 5049 3091 5122 regni
3139 5048 3420 5121 radixque
3447 5047 3576 5103 vite-

1933 5166 2119 5224 felioie
2149 5165 2303 5238 quod
2336 5163 2913 5232 animum,rationem
2945 5161 3159 5219 habere
3197 5161 3573 5218 deberunt.ln

1933 5283 2042 5340 hoc
2073 5282 2229 5339 enim
2260 5296 2454 5339 rerum
2514 5284 2669 5337 statu
2724 5278 3127 5353 cujuscunque
3163 5278 3396 5336 virtutis
3435 5282 3572 5335 stu-

1935 5401 2096 5456 dium
2139 5417 2201 5455 sc
2231 5413 2572 5472 progressus
2601 5398 2908 5455 ﬂorebunt.
2940 5396 3046 5454 Cui
3086 5397 3166 5452 rei
3199 5395 3310 5454 nisi
3338 5411 3570 5469 operam

1934 5520 2158 5588 damus,
2191 5517 2272 5574 nil
2331 5517 2689 5588 proﬁcimus.
2757 5516 2972 5573 Idcirco
3027 5515 3299 5572 virtutem
3339 5532 3572 5575 summo

1936 5636 2140 5692 ardore
2190 5634 2610 5708 amplectamur
2656 5638 2715 5692 et
2761 5633 2990 5692 Numen
3019 5632 3280 5690 divinum
3313 5647 3571 5690 reverea-

1937 5769 2086 5822 mur,
2119 5757 2184 5808 ut
2214 5752 2298 5809 sic
2327 5750 2683 5810 unanimiter
2708 5768 2775 5810 ac
2808 5767 2923 5808 uno
2955 5755 3153 5809 tenore
3207 5750 3409 5808 eadem
3439 5767 3575 5808 sen-
