4154 6216
390 363 511 425 499
1696 368 2092 445 renonum
2141 368 2491 434 nomen!
2602 414 2611 421 γ
3670 383 3792 444 500

392 498 632 568 tiamus,
664 499 735 556 de
793 500 999 556 iisdem
1059 500 1438 577 gaudeamus.
1504 501 1565 558 ln
1622 502 2037 574 gubernatores

2178 503 2383 575 pavet;
2429 508 2750 581 κεγρῆσθαι,
2790 509 2864 573 ὡς
2909 510 3034 583 μίαν
3075 511 3285 576 ἆπάσάς
3322 515 3453 569 εἶναι
3495 513 3670 572 δοκεῖν
3712 515 3796 586 τῷ

394 606 524 664 dein
556 623 623 663 eo
653 623 886 679 semper
914 608 1111 663 animo
1162 607 1371 678 simus,
1404 613 1466 664 ut
1503 609 1664 682 ipsos
1696 626 1809 666 non
1844 609 2041 667 minus

2180 598 2315 648 αῦτα
2346 601 2557 671 φρονεῖν
2592 596 2679 651 καὶ
2712 599 2922 672 χαίρειν
2949 607 3064 663 τοῖς
3104 600 3251 664 ’ίσοις
3278 622 3291 635 ·
3348 606 3494 659 οὕτω
3524 603 3570 660 δ’
3602 603 3793 667 εὔνους

395 728 567 786 quam
626 714 785 787 ipsas
849 712 1007 786 leges
1090 713 1440 783 recolamus,
1500 681 1564 772 ut
1621 732 1818 772 eorum
1875 721 2043 788 gesta

2178 686 2271 745 οῖς
2300 681 2559 759 ἄρχουσιν
2611 686 2766 756 εἶναι,
2810 688 2884 750 ὡς
2930 691 3005 761 μὴ
3055 692 3218 763 μόνον
3273 692 3426 747 πάντ’
3474 694 3652 756 αὖτνῖς
3698 696 3794 748 τὸν

985 819 1238 855 ἴῃς-ΜΝ.
1319 770 1439 855 ,ηυξ
1494 821 1672 855 ’,Η-Μ
1735 770 1911 855 ,ΜΜΪ
1940 838 2042 855 ΜΛ
2153 770 2359 828 ἃπαντα
2399 773 2595 847 χρόνον
2636 775 2819 844 εἳκειν,
2851 780 2938 832 καὶ
2986 780 3119 852 μετὰ
3157 780 3282 842 τοὺς
3312 782 3517 855 νόμους
3561 785 3651 838 καὶ
3689 785 3800 838 αὑ-

402 835 571 892 equa
608 826 801 877 mente
883 825 1261 892 recipiamus,
1319 825 1439 877 imo
1494 825 1676 879 vitam
1735 825 1893 892 ipsas
1940 838 2043 894 pro

2308 825 2341 828 -ν
2401 825 2587 847 κενὴν-τ
2638 825 2819 844 ν--ν--νν
2854 825 2938 832 --νη
2986 825 3119 852 Γ---κ
3168 825 3280 842 -ν-ς
3321 825 3515 855 *ναι-ἀντ
3563 825 3651 838 συιδ
3689 825 3796 838 *ι’-’ί

2178 861 2278 916 τοὺς
2335 863 2539 935 νόμους
2597 866 2871 941 ἡγεῖσθαι,
2929 867 3018 922 καὶ
3076 871 3316 946 στέργειν
3394 870 3633 943 καθάπαξ
3703 874 3799 927 καὶ

395 926 466 983 iis
495 926 734 984 fundere
789 927 979 999 parati
1029 927 1264 994 erimus,
1324 928 1541 1001 quippe
1594 929 1689 1001 qui
1740 946 2043 1001 nunquam

2405 926 2414 935 .
2622 926 2663 941 ..
2858 926 2868 934 .
3170 926 3178 943 .
3216 926 3227 946 .
3610 926 3633 943 τ
3728 926 3733 927 ν

2178 955 2315 1022 τιμᾷν
2355 951 2421 1006 τὰ
2465 953 2797 1026 γιγνόμενα*
2849 953 2995 1011 ἄλλᾶ
3039 958 3129 1011 καὶ
3176 960 3277 1027 τήν
3320 963 3507 1035 ψυχήν
3550 958 3610 1014 ἃν
3663 962 3803 1033 ὑπὲρ

398 1051 515 1092 non
545 1051 649 1106 pro
680 1034 852 1092 nobis
879 1034 1142 1108 vigilant,
1175 1036 1359 1092 nostri
1390 1052 1588 1093 curam
1620 1045 1830 1109 gerunt
1876 1046 1930 1094 et
1967 1037 2047 1095 la-

2178 1038 2358 1106 ιὺτῶν,
2402 1038 2449 1093 εἰ
2497 1037 2689 1116 δεήσῃ,
2734 1043 3017 1117 προέσθαι,
3068 1045 3382 1119 ὀφείλοντας
3430 1034 3530 1121 μὶν
3582 1050 3805 1110 τούτοις

393 1140 568 1197 bores
597 1139 967 1214 periculaque
1007 1156 1109 1213 pro
1158 1141 1326 1198 nobis
1355 1141 1552 1199 subire
1595 1159 1712 1199 non
1752 1144 2045 1202 dubitant.

2153 1128 2379 1196 ταυτηνὶ
2406 1129 2505 1198 τὴν
2540 1129 2706 1207 φορὰν
2746 1138 2846 1200 τῆς
2897 1138 3157 1208 συνεχοῦς
3213 1133 3368 1190 εἵνεκ’
3408 1135 3583 1191 αὐτῶν
3630 1137 3804 1213 ἀγρυ-

396 1247 580 1305 Aliter
607 1247 762 1303 enim
797 1263 912 1303 non
944 1247 1179 1321 regibus
1208 1249 1427 1305 nostris
1457 1249 1712 1321 studere,
1737 1252 1833 1306 sed
1862 1253 2047 1307 nostri

395 1355 656 1426 ipsorum
686 1371 890 1412 curam
920 1355 1137 1413 habere
1164 1355 1511 1427 videremur,
1545 1372 1833 1416 memores
1870 1360 2049 1430 quod,

400 1462 448 1518 si
478 1460 563 1517 illi
593 1460 977 1534 prosperitate
1008 1462 1300 1532 fruuntur,
1348 1480 1455 1519 nos
1504 1480 1734 1536 quoque
1766 1465 1910 1523 bene
1938 1466 2051 1522 ha-

399 1569 690 1626 bebimus.
747 1568 1163 1645 Theopompus
1230 1570 1465 1643 quidem
1530 1588 1629 1628 rex
1691 1572 2051 1629 Lacedamo-

404 1678 659 1744 nierum,
710 1676 943 1734 cuidam
976 1676 1190 1733 dicenti
1230 1679 1382 1750 quod
1413 1678 1616 1750 Sparta
1647 1678 1926 1736 bonorum
1959 1696 2052 1736 re-

401 1800 541 1857 gum
574 1784 858 1842 beneflcio
886 1799 1165 1858 prospera
1193 1785 1473 1854 esset,Dic
1501 1786 1714 1858 potius,
1730 1786 2051 1859 respondit,

405 1893 559 1966 quod
598 1892 1018 1950 Lacedaemonii
1060 1893 1214 1949 dicto
1262 1895 1559 1951 audientes
1600 1898 1759 1952 sunt.
1793 1895 1944 1952 Bene
1970 1899 2061 1952 est

408 2000 460 2059 si
489 1999 755 2057 civitates
811 1999 871 2055 in
931 1999 1270 2056 universum
1309 2000 1393 2057 ita
1431 2005 1574 2058 sunt
1602 2002 1921 2074 dispositas,
1954 2003 2055 2059 sed

407 2111 542 2165 ante
568 2105 765 2164 omnia
806 2123 935 2181 quas
975 2107 1127 2164 inter
1163 2111 1403 2165 caeteras
1432 2109 1727 2165 excellunt
1756 2124 2055 2181 nunquam

414 2214 668 2273 minores
697 2218 1095 2281 contemnant,
1125 2214 1268 2271 adeo
1299 2220 1367 2272 ut
1395 2214 1468 2270 iis
1498 2219 1564 2271 ut
1591 2215 1772 2271 servis
1793 2215 1880 2271 uti
1896 2219 1955 2272 et
1989 2215 2059 2271 ad

409 2335 792 2395 quascunque
824 2337 918 2378 res
971 2320 1187 2389 volent,
1232 2320 1507 2377 adhibere
1547 2324 1920 2392 presumact,
1953 2320 2062 2375 im-

423 2443 711 2486 memores
741 2429 908 2501 'quod
959 2443 1057 2485 eos
1102 2427 1318 2500 quibus
1368 2428 1599 2484 fortuna
1648 2427 1841 2484 minus
1900 2428 2062 2496 favet,

421 2536 572 2595 male
602 2540 853 2593 tractare
908 2535 1155 2591 minime
1213 2535 1382 2591 liceat
1435 2539 1494 2590 et
1550 2533 1842 2591 silentium
1876 2533 1948 2590 iis
2000 2550 2067 2589 ac

415 2643 796 2702 formidinem
830 2643 1136 2715 imperare.
1172 2642 1286 2700 Sed
1322 2659 1428 2698 nec
1459 2642 1773 2699 multitudo
1804 2657 2069 2713 proceres

424 2751 647 2809 invidia
671 2756 844 2824 atque
895 2751 1028 2808 odio
1060 2754 1460 2823 persequatur,
1501 2751 1603 2807 sed
1652 2749 1966 2806 seditiones
2004 2764 2071 2805 ac

428 2859 632 2914 turbas
662 2857 898 2914 vitando
949 2856 1305 2929 primoribus
1330 2855 1595 2928 :animum
1634 2859 1862 2929 gratum
1917 2854 2075 2911 exhi-

430 2964 625 3031 beant,
655 2962 874 3020 inﬁmis
913 2977 1048 3019 vero
1098 2978 1338 3018 manum
1387 2962 1708 3018 beneficam
1754 2961 2073 3033 porrigant,

428 3087 634 3129 eorum
686 3072 855 3145 quasi
908 3075 1288 3145 cognatorum
1334 3074 1392 3129 et
1427 3070 1694 3128 affinium
1740 3086 1940 3128 curam
1970 3085 2077 3141 ge-

427 3185 577 3237 rant.

497 3715 550 3770 3.
582 3716 668 3771 Me
706 3713 941 3785 quidem
976 3714 1176 3786 judice
1214 3731 1249 3771 a
1295 3715 1580 3788 principio
1626 3718 1799 3774 urbes
1847 3718 2074 3779 habita-

428 3824 566 3878 runt
603 3822 899 3889 mortales,
941 3816 997 3878 et
1029 3823 1239 3885 mmnia
1283 3828 1735 3882 construxerunt
1779 3828 2074 3900 vitamque

426 3944 796 3986 communem
855 3929 1160 4001 elegerunt
1214 3947 1283 3986 ea
1322 3929 1448 4002 lege
1503 3948 1569 3988 ac
1626 3935 1979 4005 conditione,
2011 3942 2076 3993 ut

428 4051 540 4092 non
572 4035 848 4093 domicilii
878 4037 980 4093 sed
1010 4037 1337 4094 studiorum
1363 4038 1638 4097 societate
1660 4041 1990 4100 fruerentur
2017 4052 2075 4103 et

429 4148 492 4197 ut
523 4144 719 4198 unitas
745 4142 803 4197 in
835 4142 1171 4215 pluralitate
1202 4146 1519 4203 exsisteret.
1552 4148 1711 4212 Quod
1745 4149 1790 4203 si
1823 4153 2073 4223 majores

350 4318 353 4327 ι
426 4250 610 4306 nostri
640 4249 814 4306 urbes
834 4250 1265 4309 exadificarunt
1294 4257 1355 4308 ut
1414 4267 1526 4309 una
1566 4255 1840 4328 viverent,
1881 4276 2074 4318 nonne

425 4372 667 4428 prorsus
697 4357 1016 4414 absurdum
1048 4362 1156 4428 est,
1185 4359 1233 4414 si
1257 4364 1545 4417 nostrates
1571 4379 1687 4419 non
1711 4366 1779 4420 ad
1802 4368 2071 4424 eumdem

426 4463 599 4520 finem
632 4463 1032 4521 sociabilitatis
1067 4466 1167 4521 sed
1220 4466 1348 4523 ideo
1390 4468 1560 4525 urbes
1608 4477 1978 4542 construunt,
2012 4481 2073 4532 ut

425 4573 483 4627 in
532 4572 847 4643 opionibus
906 4578 963 4629 et
1017 4574 1229 4631 mentis
1280 4575 1540 4648 cogitatis
1597 4577 1747 4635 inter
1801 4597 1864 4637 se
1903 4583 2073 4639 dill‘e-
2106 4592 2150 4658 ο

424 4680 602 4735 rant?
629 4679 807 4736 Miror
850 4679 1059 4737 deinde
1088 4680 1146 4736 in
1197 4682 1380 4738 salem
1421 4700 1793 4742 communem
1844 4689 1915 4744 ad
1949 4706 2071 4747 mo-

425 4803 556 4843 tum
588 4787 1034 4845 similitudinem
1069 4788 1427 4860 probandam
1483 4791 1824 4851 invocamus
1880 4798 2073 4867 potius

424 4909 599 4967 quam
627 4895 892 4965 ejusdem
923 4896 1085 4951 urbis
1116 4895 1557 4969 habitationem,
1588 4903 1744 4972 quod
1764 4919 2073 4963 commune

424 5008 576 5066 intra
617 5008 831 5065 mcenia
869 5008 1227 5066 domicilium
1255 5010 1441 5083 magis
1471 5015 1861 5073 necessarium
1895 5034 2067 5090 quam

426 5114 571 5174 salis
598 5116 936 5173 communio
966 5132 1093 5174 esse
1112 5117 1536 5192 videtur;quod
1569 5126 1894 5180 monstratu
1919 5125 2069 5182 haud

428 5221 666 5281 difﬁcile
693 5227 803 5278 est.
835 5223 1002 5279 Parvi
1052 5230 1227 5294 certe,
1280 5225 1407 5282 sine
1451 5229 1702 5301 magnis,
1750 5232 2070 5289 secundum

428 5338 797 5411 Sophoclem,
831 5340 1039 5396 fortem
1099 5341 1305 5397 turrim
1364 5358 1559 5400 creare
1612 5351 1875 5415 possunt.
1910 5348 2071 5413 Quod

428 5446 586 5502 enim
634 5447 908 5518 exiguum
955 5451 1065 5515 est,
1098 5464 1133 5503 a
1175 5450 1367 5520 parvis
1416 5450 1474 5505 in
1506 5449 1873 5509 altitudinem
1927 5454 2072 5528 erigi

431 5559 600 5617 valet.
633 5562 832 5620 Parvis
862 5563 1018 5620 enim
1068 5571 1127 5619 ut
1164 5564 1391 5622 fortiter
1418 5568 1764 5637 consistant,
1798 5587 1915 5627 non
1960 5572 2072 5628 mi-

432 5694 543 5737 nus
600 5695 665 5736 ac
696 5681 1184 5753 gubernatoribus
1215 5698 1279 5739 ac
1328 5684 1524 5743 nautis
1551 5687 1797 5760 “pedit,
1845 5694 1908 5744 ut
1937 5705 2070 5746 mu-

2157 1217 2314 1278 πνίας
2348 1216 2436 1272 καὶ
2486 1224 2594 1274 τῶν
2634 1218 2960 1297 φροντίδων,
3008 1222 3226 1279 καὶτοῦ
3271 1225 3443 1281 πάντα
3489 1226 3655 1281 πόνον
3708 1226 3807 1280 καὶ

2156 1302 2401 1360 κίνδυνον
2432 1306 2670 1362 ἑκάστοθ’
2723 1310 2857 1385 ὑπὲρ
2901 1311 3109 1366 τούτων
3149 1315 3437 1388 αἱρεῖσθαι,
3480 1311 3572 1369 διά
3596 1316 3660 1370 τὸ
3702 1322 3808 1384 τῆς

2159 1392 2338 1469 ἀρχῆς
2393 1397 2727 1473 ἠναγκάσθαι
2755 1417 2769 1432 °
2804 1400 2983 1473 χωρὶς
3032 1397 3090 1455 δὲ
3135 1400 3358 1468 τούτου,
3405 1404 3468 1457 τὸ
3500 1405 3623 1469 περὶ
3672 1406 3807 1465 τοὺς

2158 1488 2489 1556 κρατοῦντας
2538 1487 2745 1542 οὑτωσὶ
2795 1485 3093 1544 διακεῖσθαι
3136 1490 3226 1546 καὶ
3281 1493 3453 1566 ταύτῃ
3501 1512 3812 1566 παρεσκευο

2161 1572 2344 1643 ἀσθαι,
2391 1573 2497 1650 οὐχ
2551 1574 2685 1650 ὑπὲρ
2742 1574 2957 1631 ἐκείνων
3004 1576 3219 1650 μάλλον
3251 1578 3285 1648 ἢ
3321 1580 3452 1654 ὑπὲρ
3504 1585 3652 1658 σφῶν
3705 1579 3807 1636 αὑ-

2158 1666 2266 1717 τῶν
2325 1662 2436 1718 ἐστι
2493 1666 2940 1739 παρεσκευάσθαι,
3016 1665 3164 1744 ε’ίπερ
3239 1667 3458 1725 ἐκείνων
3510 1669 3568 1725 εὖ
3622 1691 3812 1745 πρατ-

2160 1752 2388 1821 τόντων,
2421 1753 2511 1807 καὶ
2559 1753 2752 1817 αὐτοὺς
2806 1757 2862 1811 εὗ
2896 1756 3148 1830 πράττειν
3201 1759 3430 1834 ἀνάγκη.
3476 1761 3815 1834 Θεόπομπος

2091 1845 2292 1939 Βγοῦν
2350 1842 2378 1895 ὁ
2438 1840 2857 1916 Λακεδαμονίων
2927 1846 3183 1921 βασιλεὺς
3248 1850 3384 1920 πρὸς
3443 1849 3535 1903 τὸν
3586 1848 3816 1903 εἰπόντα

2168 1930 2431 1999 σώζεσθαι
2487 1933 2588 2001 τήν
2647 1935 2904 2006 Σπάρτην
2961 1932 3049 1989 διὰ
3096 1935 3223 1997 τοὺς
3270 1941 3599 2005 κρατοῦντας
3648 1936 3816 2011 ἀρχι-

2166 2020 2295 2082 κοὺς
2325 2018 2502 2089 ὄντας,
2537 2019 2749 2091 μᾶλλον
2791 2020 2891 2100 ἔφη
2935 2021 3023 2078 διὰ
3060 2023 3188 2086 τοὺς
3230 2023 3478 2088 πολλοὺς
3516 2027 3816 2101 πειθαρχι-

2167 2108 2294 2169 κοὺς
2323 2109 2497 2171 ὄντας.
2540 2116 2706 2186 Κοινῇ
2748 2114 2843 2185 μὲν
2878 2111 2969 2167 οὖν
3006 2114 3063 2168 αἱ
3102 2113 3292 2176 πόλεις
3336 2114 3508 2177 οὕτως
3544 2114 3818 2191 ἑχόντων,

2172 2194 2283 2270 ἰδίᾳ
2313 2195 2370 2253 δὲ
2416 2198 2509 2254 κᾶν
2554 2201 2634 2270 τῷ
2683 2200 3089 2274 πολιτεύεσθαι,
3141 2208 3301 2272 πῶςς
3352 2206 3493 2275 Μήθ’
3542 2206 3597 2259 οἱ
3644 2202 3822 2279 προῦ-

2178 2307 2293 2361 χειν
2327 2286 2591 2363 λαχόντες
2623 2290 3120 2367 ὑπερφρονείτωσαν
3156 2298 3263 2348 τῶν
3312 2292 3540 2349 πολλῶν
3592 2293 3683 2349 καὶ
3714 2297 3820 2363 τῆς

2173 2374 2575 2450 ἐλασσουμένης
2632 2378 2870 2453 μερίδος,
2904 2382 2978 2444 ὡς
3027 2384 3103 2454 μὴ
3148 2384 3311 2455 μόνον
3366 2383 3418 2438 ἐν
3461 2380 3823 2457 ἀνδραπόδων

2180 2464 2345 2540 μοίρᾳ
2371 2468 2590 2530 τούτοις
2618 2472 2923 2545 κεχρῆσθαι
2960 2472 3052 2526 καὶ
3098 2477 3272 2527 ποιεῖν
3322 2473 3448 2527 ὅταν
3495 2471 3818 2548 βούλωνται

2174 2560 2375 2623 κακῶς,
2424 2556 2572 2612 ἀλλᾶ
2619 2560 2707 2615 καὶ
2740 2559 2918 2638 σφίσιν
2964 2560 3147 2624 αὐτοῖς
3179 2559 3269 2616 διὰ
3307 2562 3371 2616 τὸ
3407 2569 3605 2637 σχῆμα.
3630 2563 3824 2617 καὶτὸ

2179 2646 2660 2720 συγκεχωρηκέναι
2714 2655 2814 2716 τῆς
2867 2649 3046 2728 τύχης
3118 2651 3414 2721 προσήκειν
3457 2651 3705 2721 ἡγεῖσθαι
3754 2651 3826 2707 τὰ

2177 2737 2402 2789 τοιαῦτα
2452 2733 2674 2807 μάλισθ’
2722 2732 2957 2812 ὑϐρίζειν
3016 2739 3106 2794 καὶ
3158 2739 3460 2812 μαίνεσθαι,
3509 2737 3742 2801 ἐκείνοις
3774 2738 3826 2794 δ’

2184 2822 2553 2898 ὑπεπτηγὲναι
2591 2826 2682 2880 καὶ
2724 2824 2964 2901 τρέμειν,
3014 2828 3104 2882 καὶ
3158 2827 3288 2901 μηδ’
3319 2828 3353 2883 ἃ
3380 2829 3687 2907 πάσχουσιν
3729 2828 3825 2884 λέ-

2182 2932 2295 2986 γειν
2332 2914 2435 2969 ὑπὸ
2467 2912 2619 2978 δέους
2651 2915 2867 2987 ἐξεῖναι,
2925 2920 3051 2991 μήτ’
3076 2918 3142 2973 αὖ
3174 2917 3225 2972 οἰ
3255 2916 3463 2974 πολλοὶ
3510 2919 3646 2993 πρὸς
3696 2919 3831 2982 τοὺς

2186 3001 2550 3078 ὑπερέχοντας
2616 3005 2815 3061 οὑτωσὶ
2881 3003 3222 3076 διακείσθων,
3290 3008 3364 3070 ὡς
3442 3007 3546 3063 ὑπὸ
3607 3010 3829 3083 βασκα-

2186 3090 2302 3154 νίας
2358 3094 2448 3148 καὶ
2498 3093 2696 3170 φθόνου
2753 3096 2969 3158 τούτοις
3024 3097 3418 3172 ἀπεχθάνεσθαι
3476 3099 3565 3152 καὶ
3626 3103 3831 3170 μισεῖν,

2110 3214 2159 3281 C
2191 3183 2327 3256 πρὸς
2383 3178 2643 3247 διαϐολὰς
2702 3186 2786 3241 καὶ
2851 3185 3059 3248 στάσεις
3119 3181 3229 3242 ἔσθ’
3276 3185 3365 3242 ὅτε
3420 3191 3624 3260 χωρεῖν
3686 3184 3835 3255 δέον,

2189 3271 2317 3334 τοὺς
2360 3272 2453 3346 μὲν
2501 3278 2609 3328 τῶν
2670 3274 3026 3350 ὑπαρχόντων
3081 3274 3308 3338 ἔκείνοις
3367 3274 3680 3351 ξυγχαίρειν
3738 3276 3836 3330 καὶ

2182 3360 2534 3436 συνεύχεσθαι
2586 3364 2655 3418 τὰ
2714 3363 2941 3439 βελτίω,
2986 3363 3225 3427 ἐκείνους
3275 3362 3324 3419 δ’
3353 3364 3505 3427 αὖθις
3544 3363 3596 3419 ἐν
3631 3366 3837 3420 ἅπαντι

2181 3456 2260 3523 τῷ
2290 3452 2481 3530 χρείας
2513 3454 2806 3529 ⁴ἱσταμένῳ,
2852 3457 3068 3519 τούτοις
3107 3454 3491 3532 ξυμπρόττειν,
3521 3457 3613 3511 καὶ
3663 3461 3833 3531 χεῖρα

2182 3544 2461 3612 σώζουσαν
2521 3546 2859 3623 ὑπερίσχειν,
2916 3549 3003 3605 καὶ
3055 3547 3301 3610 συνόλως
3340 3548 3415 3610 ὡς
3467 3547 3683 3603 οἰκείων
3735 3549 3833 3603 καὶ

2186 3631 2316 3705 μάλ’
2345 3634 2528 3697 αὐτοῖς
2560 3639 2951 3710 προσηκόντων
2982 3637 3298 3713 ἀντέχεσθαι
3329 3640 3419 3692 καί
3451 3636 3783 3715 φροντίζειν.

2253 3724 2319 3795 γ’.
2370 3724 2489 3779 Ἐπὶ
2539 3726 2642 3799 γὰρ
2691 3728 2837 3781 τοῦτ’
2888 3729 3045 3799 οἶμαι
3089 3726 3179 3781 καὶ
3224 3725 3414 3788 πόλεις
3463 3746 3596 3781 τογα
3644 3728 3831 3801 αρχᾶς

2183 3811 2399 3883 ᾤκησαν
2434 3816 2730 3890 ἅνθρωποι,
2768 3816 2860 3872 καὶ
2898 3819 3061 3892 τείχη
3100 3812 3489 3891 περιεϐάλοντο
3531 3816 3620 3872 καὶ
3652 3817 3832 3891 προῦ-

2184 3899 2441 3969 ϐάλοντο,
2474 3907 2565 3961 καὶ
2599 3907 2714 3979 μετ’
2760 3906 3025 3977 ἀλλήλων
3072 3908 3310 3977 ἠξίωσαν
3358 3907 3511 3975 εἶναι,
3557 3905 3639 3980 ἐφ’
3663 3907 3713 3977 ᾧ
3748 3907 3828 3977 μή

2180 3992 2334 4065 τόπῳ
2394 3994 2605 4066 μᾶλλον
2653 3998 2687 4066 ἧ
2738 3997 2932 4073 γνώμη
2989 3998 3237 4068 ξυνεῖναι,
3285 3995 3376 4050 καὶ
3427 3992 3573 4056 ὅλως
3618 3994 3674 4050 ’ἐν
3738 3991 3831 4049 διὰ

2183 4081 2396 4135 πάντων
2438 4083 2768 4139 παντάπασιν
2808 4085 2965 4141 εἶναι.
3010 4088 3133 4139 Πῶς
3173 4081 3266 4138 οὖν
3308 4082 3407 4138 οὐκ
3450 4083 3649 4137 ἄτοπον
3690 4081 3830 4145 τοὺς

2186 4170 2279 4241 μὲν
2324 4172 2550 4245 πρόσθεν
2601 4171 2681 4250 ἐφ’
2711 4174 2756 4245 ᾧ
2787 4174 2901 4245 μετ’
2949 4171 3214 4241 ἀλλήλων
3260 4171 3395 4227 εἶναι
3443 4170 3634 4235 πόλεις
3680 4170 3829 4244 ἐξευο

2184 4266 2291 4334 ρεῖν
2345 4262 2434 4315 καὶ
2492 4264 2874 4337 τεχνήσασθαι,
2919 4263 3046 4325 τοὺς
3088 4263 3146 4317 δέ
3191 4263 3303 4317 νυνὶ
3351 4261 3542 4323 πόλεις
3604 4261 3827 4318 οἰκοῦν-

2181 4369 2299 4417 τας,
2332 4350 2394 4405 οὐ
2444 4348 2515 4405 δι’
2565 4352 2696 4407 αὐτὸ
2743 4355 2904 4406 τοῦτο
2953 4353 3042 4407 καὶ
3087 4357 3206 4414 τοῖς
3237 4350 3529 4427 λογισμοῖς
3572 4349 3629 4405 ’ὲν
3661 4351 3829 4414 εἶναι,

2180 4435 2308 4491 ἀλλ’
2357 4437 2501 4493 οὕτω
2561 4439 2734 4513 χωρὶς
2784 4438 2925 4493 εἶναι
2978 4444 3097 4500 ταῖς
3140 4440 3404 4514 γνώμαις,
3454 4435 3637 4513 ὥσπερ
3668 4436 3733 4492 ἂν
3778 4438 3829 4492 εἱ

2180 4524 2268 4578 καὶ
2314 4531 2394 4597 τῷ
2440 4530 2611 4603 χώρῳ
2656 4526 2971 4600 ὃιίσταντο;
3032 4528 3302 4601 Θαυμάζω
3351 4526 3399 4583 δ’
3446 4528 3493 4583 εἰ
3546 4528 3678 4589 τοὺς
3733 4529 3830 4601 μὲν

2180 4615 2396 4678 κοινοὺς
2427 4617 2561 4678 ἅλας
2609 4618 2740 4691 ὑπὲρ
2788 4616 2885 4674 τοῦ
2932 4618 3101 4674 ταυτά
3137 4616 3441 4673 τουλοιποῦ
3489 4623 3706 4693 φρυνεῖν
3747 4619 3827 4672 αἱ-

2182 4702 2387 4760 δεῖσθαι
2421 4709 2664 4782 φήσομεν
2714 4715 2935 4782 χρῆναι,
2983 4708 3046 4762 τὸ
3099 4704 3156 4762 δὲ
3193 4708 3290 4775 τὴν
3338 4706 3505 4774 αὐτὴν
3549 4704 3715 4762 πόλιν
3750 4728 3831 4762 οι-

2180 4800 2294 4849 κεῖν
2352 4797 2491 4869 πρὸς
2546 4798 2609 4851 τὸ
2668 4798 2832 4852 ταυτὸ
2877 4800 3042 4852 τοῦτο
3097 4796 3519 4866 παρασκευάζειν
3597 4791 3824 4851 ἔλαττον

2180 4878 2326 4959 ἔχειν
2389 4886 2617 4940 τουτωνὶ
2676 4890 2995 4959 νομιοῦμεν,
3053 4889 3345 4941 τουσοῦτον
3411 4883 3828 4960 ἀναγκαιότερον

2179 4973 2265 5044 ὃν,
2310 4974 2434 5028 ὅσον
2492 4974 2546 5028 αἱ
2598 4974 2692 5048 μὲν
2738 4979 2844 5030 τῶν
2899 4978 3091 5029 κοινῶν
3142 4972 3312 5052 εἵνεχ’
3364 4973 3536 5041 ἁλῶν,
3585 4974 3678 5028 καὶ
3725 4978 3829 5028 τοῦ

2185 5066 2299 5136 μετ’
2328 5062 2596 5135 ἀλλήλων
2654 5066 2800 5137 ἡμᾶς
2850 5065 3009 5134 εἶναι,
3038 5063 3291 5139 γεγόνασι
3339 5060 3516 5133 δήπου
3552 5083 3825 5138 τοκαταρο

2184 5156 2309 5230 χας,
2363 5153 2577 5216 κοινοὺς
2646 5152 2703 5208 δὲ
2752 5151 2886 5216 ἅλας
2946 5152 3365 5224 οὗδηστινοσοῦν
3428 5172 3561 5206 ποτε
3615 5152 3825 5207 τούτων

2182 5246 2570 5320 ἡγησαμένους
2601 5241 2713 5298 οὐδ’
2763 5240 2825 5297 ἃν
2863 5244 2943 5303 εἷς
2994 5238 3272 5310 ἐπιδείξαι.
3307 5241 3489 5315 Χωρὶς
3533 5238 3589 5295 δὲ
3616 5239 3827 5295 τούτων

2182 5336 2407 5411 σμικροὶ
2452 5335 2709 5409 μεγάλων
2752 5335 2949 5409 χωρίς,
3004 5333 3139 5388 κατὰ
3186 5329 3496 5411 Σοφοκλέα,
3553 5329 3827 5405 σφαλερὸν

2182 5424 2393 5500 πύργου
2452 5426 2599 5499 ῥῦμα
2648 5425 2952 5480 πέλονται·
3009 5423 3142 5495 μετὰ
3188 5422 3290 5497 γὰρ
3344 5419 3602 5497 μεγάλων
3673 5422 3829 5494 βαιὸς

2182 5512 2352 5588 ἄριστ’
2406 5514 2464 5569 ἂν
2516 5515 2606 5568 καὶ
2660 5516 2826 5589 μέγας
2873 5514 3076 5587 ὁρθοῖθ’
3129 5512 3232 5567 ὑπὸ
3276 5510 3672 5584 σμικροτέρων.
3719 5517 3825 5578 Τῆς

2181 5605 2287 5679 γὰρ
2344 5603 2613 5676 ἑκατέρων
2675 5602 2976 5664 συντελείας
3030 5602 3120 5657 καὶ
3184 5601 3282 5657 τοῦ
3350 5600 3688 5675 συναίρεσθαι
3744 5595 3828 5654 δεῖ

2184 5694 2401 5755 πάντως
2436 5693 2711 5767 ἑκατέροις
2754 5691 2906 5747 οὐδὲν
2953 5693 3115 5762 ἧττον
3161 5689 3197 5760 ἢ
3229 5684 3535 5764 κυϐερνήτῃ
3575 5688 3664 5744 καὶ
3694 5688 3825 5743 ναὺ-
