4154 6216
283 448 387 510 501
1259 446 1559 510 ORATIO
1602 452 1705 511 DE
1749 447 2261 512 SUBDITORUM
2303 446 2659 510 OFFICIIS.

3539 458 3660 516 502

284 599 394 639 ταις
427 581 517 632 τοῦ
560 578 686 651 παρ’
715 577 983 648 ἀλλήλων
1035 584 1432 652 συνασπισμοῦ.
1465 580 1535 636 Τὸ
1584 577 1642 635 δὲ
1690 581 1903 635 στασιά-

2021 587 2113 637 luo
2162 578 2425 637 subsidio
2468 597 2532 637 se
2586 582 2836 640 invicem
2900 585 3192 656 adjuvent.
3244 587 3345 645 Sin
3395 588 3547 647 bello
3592 608 3660 647 ac

284 674 381 736 ζειν
405 666 488 719 καὶ
519 665 779 739 πολεμεῖν
811 667 949 740 πρὸς
993 665 1300 739 ἀλλήλους,
1331 669 1420 723 καὶ
1470 671 1547 741 μή
1596 670 1767 723 ταῦθα
1814 667 1905 723 διὰ

2021 688 2240 745 insidiis
2279 705 2341 745 se
2381 695 2813 762 persequuntur
2839 697 2897 751 et
2934 696 3244 753 contrariis
3282 697 3660 771 Opinionibus

280 755 476 809 πάντων
532 753 929 829 γιγνώσκοντας
997 757 1154 826 εἶναι,
1210 754 1359 813 ἀλλὰ
1433 755 1723 819 διεστῶτας
1786 763 1905 819 ταῖς

278 845 528 917 γνώμαις,
577 843 770 912 ἡλίκον
819 846 909 900 καὶ
954 846 1171 908 τούτοις
1224 847 1493 910 κάκείνοις
1536 848 1626 902 τὸν
1679 843 1905 919 ὄλεθρον

275 932 414 1007 ’ίσχει
437 950 452 963 ·
484 938 575 986 καί
623 938 885 990 τοσοῦτον
923 938 1165 992 τουτοισὶ
1203 935 1415 1010 μᾶλλον
1448 938 1483 1007 ἢ
1518 936 1748 1007 ’κείνοις,
1782 937 1908 991 ὅσον

277 1022 463 1077 πλοίου
521 1019 929 1102 διαφθαρέντος,
964 1026 1131 1100 μικρά
1178 1046 1262 1088 τις
1319 1028 1354 1097 ἡ
1409 1022 1630 1101 βλάϐη·
1691 1024 1908 1091 πόλεως

277 1109 327 1166 δὲ
362 1112 522 1166 ταυτὸ
568 1116 731 1168 τοῦτο
770 1115 1050 1185 παθούσης
1093 1119 1318 1170 τοσοῦτο
1381 1114 1603 1189 μείζων,
1645 1117 1768 1171 ὅσον
1815 1114 1907 1170 καὶ

273 1199 425 1263 πόλις
444 1203 582 1262 νεώς
608 1223 621 1236 ⁸
655 1202 701 1258 εἰ
732 1201 789 1258 δὲ
823 1206 934 1275 μεν’
954 1202 1220 1274 ἀλλήλων
1250 1200 1395 1266 ὅνεες
1428 1206 1602 1266 οὕτως
1632 1202 1907 1274 ἀλλήλοις

274 1292 399 1345 εἰσὶν
451 1291 525 1352 ὡς
572 1290 796 1362 άληθῶς
843 1292 895 1346 ἐν
944 1292 1219 1367 καιρῷ,τί
1263 1290 1345 1347 δεῖ
1389 1294 1615 1355 τούτους
1658 1291 1904 1348 διαστάν-

271 1401 357 1441 τας
410 1380 676 1453 νομίζειν,
706 1381 795 1435 καὶ
857 1383 963 1454 μήν
1024 1381 1068 1436 εἶ
1113 1382 1189 1454 μή
1250 1378 1339 1437 διὰ
1380 1382 1445 1436 τὸ
1489 1384 1587 1452 τὴν
1642 1382 1905 1455 ὁμόνοιαν

274 1467 559 1523 κάλλιπον
611 1470 701 1525 καὶ
760 1469 1206 1526 λυσιτελέστατον
1250 1476 1367 1532 τοῖς
1418 1470 1731 1548 χρωμένοις
1772 1471 1906 1526 εἶναι

274 1562 356 1615 καί
412 1563 592 1631 πάσης
651 1559 996 1634 εὓδαιμονίας
1057 1562 1355 1629 ύπόθεσιν;
1412 1570 1513 1632 τῆς
1584 1568 1715 1637 γοῦν
1775 1563 1908 1636 ὑπὲρ

276 1655 413 1726 σφῶν
470 1649 651 1705 αὐτῶν
693 1647 851 1705 εἵνεκ’
879 1649 1195 1729 ἀσφαλείας,
1224 1652 1313 1707 καὶ
1370 1656 1468 1706 τοῦ
1526 1653 1578 1726 γ’
1627 1646 1772 1726 ἔχειν
1830 1651 1906 1713 εἰς

276 1740 404 1795 ἅπαν
466 1738 677 1810 καλῶς,
720 1741 1163 1814 συναγωνίζοιντ⁹
1212 1739 1269 1795 ἃν
1329 1740 1555 1801 εἰκότως
1607 1739 1905 1811 ἀλλήλοις.

273 1834 386 1883 Ἔτι
432 1831 523 1881 νῦν
584 1848 668 1882 τοι
718 1825 765 1883 ε’ί
809 1849 892 1890 τις
941 1823 1106 1901 ἔροιτ’
1138 1828 1356 1897 αὐτοὺς,
1386 1829 1615 1904 πότερον
1655 1828 1712 1884 εὖ
1741 1829 1904 1903 πράσ-

273 1936 374 1970 σειν
418 1917 452 1986 ﬁ
498 1913 790 1995 δυστυχεῖν
838 1918 1135 1991 αἱροῦνται,
1191 1916 1236 1972 εἰ
1285 1918 1378 1990 μὲν
1422 1915 1732 1993 δυστυχεῖν,
1781 1915 1908 1972 οὐδὲ

274 2006 771 2082 συμφρονήσουσιν’
812 2006 861 2061 εἶ
915 2003 974 2060 δὲ
1034 2010 1132 2061 τοῦ
1188 2007 1443 2081 πράσσειν
1496 2005 1682 2069 καλῶς
1742 2005 1909 2080 λόγος

272 2095 467 2163 αὐτοῖς,
498 2094 592 2149 καὶ
639 2099 736 2149 τοῦ
782 2099 1112 2173 συμφρονεῖν
1160 2095 1480 2164 ποιήσονται
1532 2093 1697 2168 λόγον
1724 2116 1737 2127 ν
1772 2095 1905 2148 οὐκ·

273 2186 356 2236 οῦν
415 2182 733 2256 ἐξανάγκης,
793 2184 840 2238 εί
902 2184 996 2255 μὶν
1077 2182 1139 2239 ού
1198 2185 1663 2262 συμφρονήσουσι,
1723 2180 1907 2237 δυστυ-

272 2273 555 2345 Ἆῆσουσιν.
604 2272 666 2328 Εἰ
720 2269 779 2327 δε
827 2269 1111 2347 δυστυχεῖν
1177 2274 1276 2328 ούκ
1320 2272 1616 2342 ἀνέξονται,
1666 2291 1910 2347 συμφρο-

271 2363 486 2431 νήσουσι
515 2379 530 2393 ·
573 2363 1051 2439 συμφρονήσαντες
1084 2359 1141 2417 δὲ
1173 2362 1248 2424 ὡς
1280 2362 1445 2431 εἰκὸς,
1475 2361 1567 2416 καὶ
1601 2362 1699 2435 μία
1741 2362 1908 2434 ταύτῃ

272 2450 548 2525 γεγονότες
602 2449 854 2524 φρατρία,
888 2451 964 2511 ὡς
1022 2450 1075 2505 ἐν
1122 2455 1201 2523 τῷ
1249 2451 1364 2505 κατ’
1395 2447 1560 2528 ἄμφω
1601 2454 1700 2515 τῆς
1730 2451 1906 2524 τύχης

270 2538 320 2593 ’ἐν
367 2540 614 2612 ἑκάτεροι
678 2540 766 2594 καὶ
823 2539 1180 2614 βουλεύεσθαι
1226 2539 1317 2594 καὶ
1380 2544 1591 2613 φρονεῖν
1636 2540 1726 2594 καὶ
1777 2540 1909 2613 ὑπὲρ

274 2626 536 2698 ἀλλήλων
591 2628 680 2683 καί
729 2629 861 2703 ὑπὲρ
912 2634 1058 2703 σφῶν
1099 2628 1276 2683 αὐτῶν
1317 2626 1637 2698 διακεῖσθαι,
1669 2628 1822 2682 αὐτοί
1853 2648 1910 2681 τε

276 2717 324 2772 ἐν
368 2721 450 2790 τῷ
501 2722 615 2772 τῶν
675 2716 1011 2792 πραγμάτων
1063 2715 1298 2792 ἀσφαλεῖ
1346 2717 1436 2772 καὶ
1486 2714 1771 2789 καλλίστῳ
1815 2717 1908 2771 τὸν

275 2806 474 2858 ἅπαντα
526 2805 801 2879 βιώσοντα
849 2806 1073 2879 χρόνον,
1109 2808 1179 2877 τῇ
1227 2825 1287 2859 τε
1342 2804 1501 2859 πόλει
1552 2801 1912 2859 παντοδαπῶν

274 2894 484 2968 ἀγαθῶν
547 2894 788 2962 καθάπαξ
846 2891 994 2948 ἔσται
1046 2892 1221 2970 φορτί’
1280 2893 1347 2947 τὰ
1402 2894 1496 2966 μὲν
1568 2890 1770 2970 ἄφθονα
1823 2893 1912 2946 καὶ

276 2981 400 3054 ὑπὲρ
452 2983 555 3049 τήν
610 2980 800 3056 χρείαν
856 2981 945 3035 καὶ
1002 2986 1175 3035 πᾶσαν
1223 2978 1625 3054 παρελαύνοντα
1674 2977 1912 3053 προσδοο

2013 800 2257 866 certant,
2334 797 2593 869 utrisque
2648 798 2862 856 damna
2918 801 3267 875 inferuntur,
3322 809 3496 876 atque
3556 807 3658 863 uni

2015 905 2237 975 majora
2285 921 2461 976 quam
2512 906 2698 974 alteri,
2740 907 2799 964 in
2851 915 3135 982 quantum
3175 912 3340 969 navis
3380 914 3660 987 naufraga

2016 1011 2209 1067 minus
2255 1012 2454 1068 damni
2520 1030 2723 1087 capere
2771 1020 2959 1089 potest
3002 1035 3177 1089 quam
3234 1021 3371 1077 urbs
3427 1026 3661 1095 propter

2014 1119 2480 1191 magnitudinem
2513 1125 2571 1177 et
2601 1123 3023 1180 sanctuarium.
3047 1125 3209 1189 Quod
3233 1127 3283 1183 si
3316 1144 3518 1185 omnes
3548 1128 3657 1184 be-

2015 1227 2193 1299 nigna
2226 1231 2419 1283 mente
2458 1227 2610 1284 inter
2637 1246 2700 1286 se
2731 1231 2950 1300 vivunt,
2991 1232 3281 1291 discordia
3310 1239 3464 1293 certe
3496 1252 3660 1308 pror-

2012 1350 2113 1391 sus
2156 1334 2342 1401 abest,
2392 1341 2448 1391 et
2477 1337 2786 1393 concordia
2831 1339 3026 1396 omnis
3074 1339 3366 1399 felicitatis
3404 1343 3565 1417 origo
3594 1361 3662 1401 ac

2014 1443 2141 1499 fons
2174 1443 2441 1500 habenda
2467 1443 2596 1512 erit,
2629 1444 2709 1500 ita
2746 1450 2941 1504 tamen
2975 1452 3040 1504 ut
3069 1449 3140 1505 de
3181 1451 3490 1509 securitate
3529 1470 3659 1510 mu-

2014 1553 2116 1606 tua
2145 1550 2295 1606 omni
2330 1550 2461 1620 jure
2510 1550 2661 1607 inter
2698 1568 2756 1608 se
2795 1559 3033 1612 certent.
3075 1556 3137 1613 Si
3180 1558 3309 1628 quis
3339 1564 3533 1616 autem
3562 1576 3660 1617 eos

2016 1658 2347 1728 interroget,
2380 1658 2427 1713 si
2474 1658 2638 1715 beate
2687 1665 2788 1715 aut
2836 1660 3144 1719 infeliciter
3190 1664 3381 1721 vivere
3431 1667 3659 1736 malint,

2013 1771 2072 1823 et
2103 1767 2533 1838 responderint,
2586 1768 2818 1837 misere,
2861 1785 2975 1825 non
3014 1774 3331 1830 concordes
3371 1779 3579 1843 erunt;
3611 1778 3662 1833 si

2014 1868 2234 1943 autem,
2268 1876 2529 1943 feliciter,
2563 1877 2919 1934 unanimiter
2949 1896 3295 1952 responsum
3327 1884 3399 1938 ab
3430 1883 3503 1941 iis
3532 1885 3660 1953 erit,

2018 1987 2074 2039 et
2124 1983 2172 2038 si
2224 1982 2482 2039 infelices
2541 1988 2697 2050 sunt,
2757 2001 2873 2042 non
2924 2002 3025 2058 per
3074 1989 3484 2047 necessitatem
3523 1996 3664 2047 sunt

2016 2091 2126 2146 Sed
2160 2089 2257 2147 ubi
2288 2090 2581 2147 miseriam
2624 2093 2842 2164 perpeti
2874 2094 3102 2166 nolunt,
3131 2098 3444 2156 concordes
3472 2111 3660 2167 erunt,

2015 2201 2073 2252 et
2101 2198 2184 2253 sic
2214 2198 2594 2256 fraternitatis
2626 2200 2858 2257 vinculo
2890 2203 3033 2259 uniti
3057 2204 3115 2259 in
3134 2208 3383 2278 utraque
3405 2206 3657 2276 fortuna,

2016 2310 2073 2363 et
2108 2306 2179 2362 de
2218 2323 2281 2363 se
2317 2310 2374 2362 et
2419 2311 2624 2364 mutuo
2663 2310 2865 2365 eadem
2900 2311 3145 2369 consilia
3172 2317 3228 2369 et
3267 2314 3561 2387 proposita
3598 2315 3658 2371 in

2018 2414 2278 2470 medium
2329 2414 2533 2483 ferent,
2583 2416 2728 2473 etin
2778 2433 2971 2475 rerum
3019 2419 3359 2478 discrimine
3402 2421 3659 2479 infausto

2020 2522 2169 2579 utin
2212 2522 2484 2578 secundis
2533 2504 2704 2580 rebus
2748 2539 2923 2581 omne
2972 2530 3206 2599 tempus
3256 2528 3338 2583 ita
3375 2529 3566 2585 vivent
3596 2531 3659 2584 ut

2018 2628 2353 2701 reipublicae
2400 2628 2619 2700 optima
2671 2647 2905 2703 quoque
2961 2631 3223 2691 offerant.
3275 2633 3419 2690 Hinc
3466 2651 3657 2693 rerum

2021 2734 2383 2792 abundantia
2420 2734 2632 2791 divitias
2672 2735 2983 2809 plusquam
3018 2739 3193 2809 justas
3224 2755 3293 2796 ex
3336 2740 3659 2799 incolarum

2023 2839 2405 2911 humanitate,
2447 2840 2560 2897 Deo
2601 2842 2796 2911 dante,
2842 2844 3181 2914 manabunt,
3212 2849 3269 2902 et
3306 2861 3500 2902 rerum
3531 2863 3663 2920 quas

2027 2953 2285 3026 undique
2333 2960 2618 3008 terrarum
2670 2952 2729 3008 in
2782 2968 3029 3027 magnas
3086 2955 3255 3012 urbes
3310 2955 3662 3029 comportari

275 3067 386 3123 κίαν
442 3067 534 3124 διὰ
584 3070 685 3139 τὴν
733 3075 843 3125 τῶν
886 3069 1235 3125 ἐνοικούντων
1270 3068 1531 3141 ὁμόνοιαν
1579 3070 1669 3123 καὶ
1714 3068 1911 3146 φιλαν-

2025 3062 2234 3131 solent,
2270 3077 2504 3119 summa
2532 3061 2699 3134 copia
2728 3061 2858 3119 erit.

277 3157 512 3231 θρωπίαν
566 3163 665 3213 τοῦ
710 3164 820 3214 τῶν
869 3157 1017 3214 ὅλων
1064 3163 1444 3235 χορηγοῦντος
1492 3162 1659 3214 Θεοῦ’
1709 3163 1816 3213 τῶν
1868 3154 1915 3212 δ’

276 3243 637 3324 ἑκασταχόθεν
679 3255 781 3318 τῆς
828 3248 1160 3320 οἰκουμένης
1204 3249 1292 3303 καὶ
1343 3248 1479 3303 κατᾶ
1506 3252 1609 3323 γῆν
1642 3246 1731 3302 καὶ
1779 3246 1916 3302 κατὰ

277 3334 547 3393 θάλατταν
597 3337 1081 3411 εἰσκομιζομένων,
1131 3337 1208 3399 ὡς
1259 3334 1400 3410 μηδέ
1465 3333 1633 3392 ὲνδείν
1684 3336 1758 3391 ὧν
1813 3334 1914 3391 πό·
1949 3333 1994 3400 C

278 3423 386 3480 λεσι
420 3427 665 3499 μάλιστα
692 3424 797 3483 δεῖ.

343 3510 402 3571 δ’.
434 3517 646 3587 Ὠσπερ
703 3511 761 3569 δὲ
817 3516 919 3583 τὴν
975 3512 1140 3569 πόλιν
1180 3517 1352 3569 πᾶσαν
1404 3513 1480 3575 εἰς
1537 3512 1813 3591 ἐπιφανεῖς
1861 3533 1918 3567 τε

277 3604 361 3656 καὶ
398 3602 654 3661 πολλοὺς
700 3600 1054 3678 διαιροῦντες,
1090 3604 1190 3658 οὐκ
1235 3604 1488 3675 ἀξιοῦμεν
1529 3605 1777 3672 ἡντινοῦν
1827 3603 1918 3676 βα-

279 3692 485 3748 σκανίαν
548 3692 583 3761 ἢ
644 3693 840 3769 θράσος
899 3692 1172 3762 ἑκατέροις
1236 3693 1364 3763 παρ’
1421 3693 1686 3766 ὲκατέρων
1751 3692 1919 3765 ὕπάρ-

280 3802 416 3856 χειν,
462 3781 597 3839 ἀλλ’
636 3781 813 3855 ἂξίσης
858 3782 1147 3856 ἑκατέρους
1190 3780 1394 3836 εὐνοεῖν
1459 3780 1732 3855 ἑκατέροις
1779 3781 1915 3835 κατὰ

278 3873 337 3926 τὸ
366 3873 479 3943 ἱξὸν
511 3872 811 3946 ἱκατέροις,
843 3870 987 3926 οὕτω
1025 3870 1191 3944 ταύτῃ
1218 3891 1277 3944 γε
1306 3870 1470 3925 πάλιν
1502 3869 1721 3926 πολλοῦ
1766 3890 1911 3932 τινος

280 3963 416 4033 ἄξιον
476 3962 610 4017 εἶναί
654 3982 829 4042 φαμεν
878 3962 968 4016 καὶ
1016 3962 1154 4035 πρὸς
1203 3964 1337 4015 Θεοῦ
1382 3961 1469 4015 καὶ
1521 3961 1656 4033 πρὸς
1706 3959 1911 4029 ἀνθρώ-

279 4069 388 4104 πων
442 4049 494 4104 ἐν
557 4054 639 4121 τῷ
704 4048 987 4120 καλλίστῳ
1034 4046 1270 4121 μάλιστα
1330 4049 1557 4111 κεῖσθαι,
1607 4048 1683 4120 μὴ
1744 4048 1909 4118 μόνον

275 4140 372 4208 τῆν
399 4140 507 4194 τῶν
560 4138 723 4211 ξένων
772 4135 1057 4212 ὑποδοχήν
1107 4138 1197 4191 καί
1246 4136 1676 4214 φιλανθρωπίαν,
1705 4135 1793 4190 καὶ
1847 4136 1912 4191 τὸ

277 4229 497 4290 τούτους
534 4227 753 4291 οἰκείως
788 4227 846 4283 εὖ
896 4227 1049 4301 μάλα
1095 4226 1410 4303 προσίεσθαι
1456 4226 1545 4281 καὶ
1586 4227 1910 4302 κεχρῆσθαι,

276 4316 414 4373 ἀλλὰ
457 4318 551 4373 καὶ
596 4319 660 4372 τὸ
701 4316 829 4378 τοὺς
877 4315 1115 4391 ἀπόρους
1159 4320 1269 4372 τῶν
1308 4315 1550 4371 πολιτῶν
1600 4316 1690 4371 καὶ
1724 4320 1911 4384 πιεζο-

279 4409 466 4482 μένους
540 4404 714 4479 ἐνδείᾳ
785 4404 1051 4476 πλείστης
1114 4405 1246 4476 ὅσης
1321 4405 1425 4461 ὑπὸ
1479 4410 1586 4459 τῶν
1661 4404 1907 4481 εὐπόρων

274 4498 543 4569 ἀξιοῦσθαι
591 4495 890 4570 προνοίας’
940 4494 1029 4550 καὶ
1088 4495 1161 4549 ὧν
1212 4495 1409 4555 αὐτοὺς
1469 4495 1564 4565 μὲν
1620 4496 1912 4571 τυγχάνειν

275 4584 440 4663 ἒχρῆν
471 4585 792 4661 ἐξανάγκης,
821 4584 1052 4646 ἐκείνους
1100 4581 1149 4640 δ’
1178 4583 1235 4639 εὖ
1282 4583 1430 4657 μάλα
1480 4582 1764 4658 χορηγοὺς
1812 4604 1909 4639 κα-

2098 3528 2150 3582 4.
2183 3527 2349 3585 Sicut
2378 3542 2550 3600 porro
2589 3525 2878 3583 civitatem
2914 3527 2975 3583 in
3013 3541 3281 3599 proceres
3309 3531 3366 3582 et
3393 3526 3668 3584 multitu-

2027 3635 2221 3691 dinem
2261 3633 2585 3689 dividentes
2626 3632 2898 3689 nolumus
2934 3633 3006 3688 ab
3046 3632 3325 3691 alterutra
3366 3632 3551 3690 classe
3580 3632 3667 3689 al-

2027 3741 2131 3795 teri
2168 3739 2315 3796 male
2345 3740 2487 3805 ﬁeri,
2523 3738 2638 3794 imo
2668 3738 2940 3795 volumus
2970 3742 3035 3795 ut
3062 3738 3460 3797 benevolentia
3483 3739 3665 3795 utrin-

2025 3861 2138 3916 que
2168 3844 2522 3905 dominetur.
2563 3844 2645 3900 sic
2682 3845 2791 3901 hoc
2839 3860 3070 3918 quoque
3109 3846 3234 3902 loco
3272 3845 3664 3904 conditionem

2022 3950 2278 4007 divinam
2310 3967 2376 4006 ac
2406 3950 2721 4006 humanam
2745 3949 3165 4006 faustissimam
3186 3967 3315 4008 esse
3336 3966 3664 4024 precamur,

2024 4061 2196 4131 atque
2252 4057 2336 4114 ita
2393 4061 2458 4114 ut
2507 4056 2670 4129 egeni
2726 4059 2783 4113 et
2838 4055 3041 4127 inopes
3088 4055 3297 4114 civium
3330 4057 3666 4115 adivitibus

2020 4184 2197 4242 quam
2248 4166 2501 4224 maxime
2523 4166 2825 4239 juventur,
2854 4172 2912 4225 et
2941 4169 3224 4224 bonorum
3256 4167 3667 4225 communione

2022 4293 2123 4348 per
2151 4273 2407 4331 familias
2437 4279 2496 4331 et
2533 4274 2805 4331 sodalitia
2841 4290 3004 4345 mque
3037 4275 3325 4331 fruantur.
3354 4274 3668 4347 Utriusque

2018 4381 2177 4439 enim
2208 4382 2447 4438 fortunae
2477 4380 2828 4451 exemplaria
2860 4381 3001 4437 urbs
3033 4382 3269 4454 prebet,
3294 4386 3351 4438 et
3390 4382 3489 4454 qui
3524 4382 3669 4440 bene

2022 4488 2151 4545 facit
2176 4504 2292 4545 non
2316 4487 2725 4557 magnanimus
2746 4491 2856 4558 est,
2878 4489 2980 4545 sed
3003 4487 3346 4561 simpliciter
3368 4488 3666 4546 humanus

2019 4614 2159 4671 erga
2203 4600 2481 4670 cognatos
2522 4611 2590 4652 ac
2633 4595 2864 4653 fratres.
2921 4596 3060 4652 Cum
3093 4596 3245 4653 enim
3276 4596 3409 4651 vitae
3441 4596 3663 4654 vicissi-

276 4678 554 4732 θεστάναι·
582 4675 817 4748 μάλιστα
851 4675 946 4748 μὲν
1008 4671 1096 4729 διὰ
1149 4677 1211 4730 τὸ
1261 4674 1502 4750 ξυγγενὲς
1550 4671 1638 4727 καὶ
1689 4670 1907 4730 οῗκεῖον.

276 4771 345 4777 ___
449 4765 464 4777 .
601 4765 614 4777 .
662 4772 690 4777 _
783 4764 797 4777 .
909 4763 921 4777 .
1177 4762 1218 4777 η
1445 4763 1458 4777 .
1640 4759 1684 4777 αι

2021 4670 2256 4763 tudines
2304 4705 2504 4777 Euripi
2553 4704 2737 4761 instar
2765 4702 2915 4760 ultro
2945 4704 3208 4776 citroque
3245 4702 3572 4770 volvantur,
3607 4708 3667 4760 et

275 4771 376 4834 Τῆς
404 4765 509 4841 γάρ
554 4765 724 4833 αὐτῆς
773 4763 1073 4838 ἀμφότεροι
1121 4762 1376 4825 πόλεως·
1429 4763 1505 4824 ὡς
1553 4759 1694 4834 μηδὲ
1741 4783 1909 4837 μεγα-

276 4853 550 4934 λοψυχίαν
610 4855 814 4923 ταύτην
882 4854 1013 4908 εἶναι
1086 4850 1300 4926 μᾶλλον
1365 4851 1595 4921 εἰκάζειν
1652 4850 1688 4920 ἢ
1746 4852 1906 4927 χάριν

278 4947 409 5017 πρὸς
473 4946 605 5007 τοὺς
684 4942 918 5006 οἰκείους
994 4941 1378 5017 ἐκτινομένηψ
1440 4936 1624 4997 ἔπειτα
1673 4940 1765 4995 καὶ
1821 4938 1910 4996 διὰ

277 5035 368 5096 τὰς
396 5041 498 5104 τῆς
528 5032 704 5109 τύχης
735 5031 973 5110 ὑφάλους
1003 5032 1091 5088 καὶ
1121 5032 1213 5088 τὸν
1246 5029 1419 5087 πολὺν
1450 5028 1713 5106 Εὔριπον,
1748 5049 1910 5106 στρο-

280 5116 446 5177 ϐύλου
494 5118 652 5192 δίκην
710 5120 821 5177 ἄνω
878 5121 970 5177 καὶ
1026 5120 1176 5176 κάτω
1221 5121 1315 5175 τὸν
1368 5117 1485 5195 βίον
1515 5120 1790 5190 κυκώσης,
1823 5118 1912 5174 καί

281 5210 418 5265 οὕτω
462 5209 763 5281 παιζούσης
824 5210 1193 5284 τάνθρώπινα,
1253 5211 1327 5273 ὡς
1385 5208 1511 5272 τοὺς
1569 5208 1764 5271 αὐτοὺς
1820 5206 1913 5262 νῦν

286 5299 376 5372 μὶν
422 5301 747 5376 μακαρίους,
792 5304 885 5354 νῦν
940 5297 999 5356 δὶ
1049 5296 1398 5372 τρισαθλίους
1466 5298 1914 5374 παρασκευάζειν,

282 5389 409 5445 κατᾶ
438 5390 566 5445 τοὺς
595 5394 704 5445 τῶν
736 5387 1002 5444 δικαστῶν
1036 5386 1378 5464 δωροδόκους
1504 5386 1775 5463 βούλοντα
1821 5388 1916 5449 τὰς

283 5480 493 5556 ψήφους
549 5478 809 5540 τιθέντας.
870 5477 931 5534 Εἰ
989 5476 1036 5534 δ’
1093 5476 1275 5549 ἀληθῆ
1332 5483 1522 5547 ταῦτα,
1581 5476 1761 5551 ὥσπερ
1822 5476 1916 5532 οῦν

285 5568 486 5640 ἀληθῆ,
535 5571 623 5624 καὶ
673 5570 781 5625 οὐκ
827 5567 1049 5624 εἷσάπαν
1099 5569 1454 5647 εὐτυχοῦντες
1503 5567 1539 5637 ἢ
1582 5565 1918 5642 δυστυχοῦν-

283 5678 364 5720 τες
394 5660 574 5733 ἡμεῖς,
604 5658 855 5735 ἆσχὲτοις
888 5655 947 5713 δὲ
994 5660 1253 5738 στροφαῖς
1300 5658 1390 5713 καὶ
1438 5662 1756 5734 περιφοραῖς
1808 5660 1916 5711 τῶν

287 5749 613 5825 πραγμάτων
652 5747 747 5805 νῦν
797 5749 891 5822 μὲν
938 5744 1091 5824 τῇδε,
1130 5752 1221 5804 νῦν
1272 5745 1320 5803 δ’
1369 5746 1538 5804 ἐκεῖσε
1601 5750 1917 5825 χωροῦμεν,

2020 4825 2105 4881 sic
2161 4838 2253 4881 res
2297 4822 2591 4880 humanas
2643 4821 2880 4878 ludibrii
2929 4820 3054 4877 loco
3099 4823 3346 4889 versent,
3401 4820 3665 4877 videmus

2022 4933 2176 5007 quod
2236 4932 2337 5004 qui
2407 4930 2581 4988 modo
2640 4929 2920 4987 fortunati
2984 4929 3165 4997 fuere,
3230 4942 3364 4985 mox
3430 4944 3663 4986 summa

2020 5064 2282 5105 erumna
2312 5048 2632 5121 jactentur,
2681 5045 2970 5118 corruptis
3008 5044 3308 5116 judicibus
3355 5061 3471 5117 qua
3498 5045 3659 5115 libet,

2021 5165 2421 5223 latrunculum
2452 5162 2831 5236 ponentibus.
2860 5162 2996 5228 Qua
3028 5160 3077 5217 si
3107 5174 3242 5218 vera
3272 5165 3412 5218 sunt
3450 5164 3529 5235 (et
3550 5162 3664 5219 uti-

2024 5298 2133 5356 que
2181 5281 2370 5355 sunt);
2420 5280 2471 5338 sl
2513 5295 2619 5337 nos
2665 5295 2784 5337 non
2827 5294 3063 5351 prorsus
3114 5276 3309 5336 felices
3356 5283 3458 5334 aut
3495 5278 3667 5350 plane

2022 5400 2284 5458 infelices
2327 5398 2656 5466 ivenimur;
2708 5395 2758 5452 si
2805 5394 2982 5454 variis
3030 5411 3223 5452 rerum
3282 5395 3667 5453 rotationibus

2022 5518 2150 5575 loca
2198 5518 2620 5589 permutamus,
2669 5518 2727 5570 et
2771 5527 3065 5585 nusquam
3114 5509 3350 5568 stabiles
3393 5510 3667 5581 vivimus,

2024 5648 2259 5706 equum
2291 5596 2378 5690 est
2411 5638 2472 5687 ut
2512 5645 2888 5702 quoscunque
2916 5628 2974 5684 in
3015 5632 3267 5700 egestate
3294 5631 3352 5684 et
3379 5629 3669 5701 angustiis

2025 5767 2224 5810 rerum
2252 5749 2508 5808 viventes
2536 5747 2807 5807 videmus
2836 5763 2905 5805 ex
2933 5746 3130 5805 animo
3168 5745 3490 5817 doleamus,
3531 5762 3669 5805 con-
