4154 6216
1442 48 2209 71 κ--Α-ι--ς-...α--ιν

455 364 570 429 503

1739 384 1950 446 ΤΗΕο
1964 387 2151 448 DULI
2194 387 2546 452 MONACHI

3736 394 3857 456 504

457 500 716 559 solemur
742 507 802 560 et
828 505 1187 577 adjuvemns,
1239 508 1483 569 fortuna:
1527 519 1739 573 nostra
1787 520 2101 593 participes

2235 522 2282 578 δύ
2312 527 2472 582 τοῦτο
2506 524 2716 598 μᾶλλον
2751 522 2899 588 ὅντες
2932 526 2966 595 ἢ
2999 527 3186 592 ’κεῖνο,
3221 524 3435 599 μᾶλλον
3482 522 3541 581 δὲ
3570 523 3853 600 ούδὲτερον

458 609 768 668 reddendo.
800 610 859 667 Si
887 614 1043 671 enim
1068 619 1299 689 tempus
1328 619 1440 676 fuit
1478 638 1593 694 quo
1624 640 1749 696 qua:
1794 644 1951 684 nunc
1998 628 2104 684 ba-

460 718 688 785 bemus,
719 719 1018 792 acquirere
1044 725 1319 796 oportuit,
1342 732 1502 799 patet
1530 733 1687 801 quod
1718 748 1841 804 quae
1874 735 1931 790 in
1951 736 2107 807 prin-

459 823 611 896 cipio
654 839 771 881 non
821 828 1289 901 possidebamus,
1332 849 1437 890 nec
1484 835 1544 891 in
1589 841 1872 896 eternum
1922 844 2104 913 possi-

459 928 757 999 debimus,
787 932 892 989 sed
919 950 1060 991 casu
1090 935 1286 1009 aliquo
1319 939 1478 997 fatali
1518 947 1654 999 ante
1694 950 1939 1004 mortem
1978 966 2106 1005 om-

461 1037 638 1095 nibus
680 1040 1130 1113 denudabimur,
1176 1050 1236 1102 et
1280 1050 1435 1119 quod
1486 1067 1638 1123 saepe
1685 1059 1814 1125 post
1862 1061 2107 1114 mortem

463 1145 527 1203 in
557 1145 862 1205 hominum
895 1151 1139 1211 minime
1154 1158 1455 1226 gratorum
1477 1162 1902 1231 possessionem
1924 1169 2105 1222 trans-

462 1250 548 1307 ire
576 1251 738 1310 inviti
781 1254 1069 1313 videmus.
1117 1258 1398 1318 Extremas
1440 1264 1621 1336 igitur
1666 1274 1819 1325 esset
1849 1270 2106 1328 stultitia:

465 1357 667 1417 cedere
707 1359 859 1418 nolle
888 1377 956 1420 ea
987 1381 1113 1436 quae
1145 1383 1261 1424 non
1302 1386 1530 1442 semper
1568 1376 1865 1445 possidere
1903 1395 2107 1450 possu-

467 1482 601 1524 mus
630 1474 684 1526 et
713 1484 841 1541 qua
871 1468 1160 1529 interdum
1192 1475 1263 1530 ad
1296 1493 1399 1533 nos
1428 1488 1814 1540 revertuntur.
1846 1485 1903 1539 Si
1952 1488 2109 1543 enim

434 1588 604 1646 ‘erga
632 1590 847 1648 egenos
879 1578 1283 1640 misericordes
1314 1601 1539 1656 sumus,
1571 1592 1724 1661 apud
1756 1608 1959 1649 omnes
1988 1596 2108 1665 gol-

466 1680 613 1737 riam
646 1688 704 1738 et
732 1682 962 1741 laudem
993 1686 1387 1758 adipiscemur
1414 1699 1473 1750 et
1496 1695 1743 1753 fructum
1777 1715 1879 1770 per
1908 1702 2114 1758 saecula

467 1788 879 1862 percipiemus,
924 1793 1041 1852 imo
1090 1798 1271 1855 Deum
1323 1801 1514 1873 ipsum
1562 1805 1902 1864 creditorem
1935 1810 2108 1867 babe~

469 1899 682 1961 bimus.
715 1899 892 1974 idque
934 1921 1064 1962 cum
1117 1910 1343 1980 majori,
1395 1929 1564 1985 quam
1615 1917 1745 1986 quis
1783 1919 2112 1990 crediderit,

470 2021 668 2062 usura.
701 2006 761 2063 Si
790 2013 986 2067 autem
1017 2028 1216 2070 eorum
1248 2033 1376 2086 quas
1407 2036 1511 2092 pro
1542 2022 1673 2078 aliis
1705 2024 1971 2093 facimus,
2004 2027 2115 2081 fru-

470 2115 626 2168 ctum
660 2113 990 2187 recipimus,
1042 2118 1156 2177 imo
1203 2138 1306 2193 pro
1347 2128 1540 2195 parvis
1571 2128 1870 2187 beneﬁciis
1901 2147 2114 2204 magna

472 2220 819 2293 redduntur,
851 2222 1003 2280 clam
1034 2226 1204 2286 nobis
1233 2229 1380 2302 ipsis
1414 2234 1624 2292 melius
1660 2237 1903 2313 facimus
1941 2255 2116 2311 quam

472 2328 717 2395 caeteris,
752 2339 806 2385 et
850 2330 1143 2391 beneficos
1191 2352 1287 2393 eos
1331 2336 1390 2393 in
1432 2347 1663 2398 nosmet
1700 2346 2118 2402 constituimus

475 2434 662 2507 magis
692 2451 869 2508 quam
902 2438 959 2494 in
992 2440 1233 2514 seipsos,
1257 2450 1411 2502 unde
1433 2447 1496 2503 ﬁt
1526 2449 1693 2505 utilli
1714 2452 1991 2521 majorem
2013 2470 2117 2508 no-

473 2539 590 2609 bis,
648 2558 827 2614 quam
877 2562 982 2602 nos
1038 2546 1180 2617 Deo,
1236 2553 1483 2622 gratiam
1544 2556 1939 2626 profiteantur,
1981 2560 2120 2630 quia

475 2649 624 2719 quod
673 2650 817 2722 ipsis
847 2669 881 2708 a
928 2653 1097 2711 nobis
1145 2660 1573 2733 suppeditatur,
1608 2664 1775 2721 nobis
1804 2684 1837 2721 a
1872 2666 1988 2753 Deo
2018 2684 2121 2723 ve-

474 2766 581 2836 nit,
613 2769 671 2822 et
701 2783 803 2823 nos
831 2784 1029 2826 eorum
1062 2788 1191 2844 qua:
1221 2775 1450 2846 damus,
1482 2795 1719 2837 usuram
1749 2798 1954 2854 capere
1983 2800 2121 2857 spe-

475 2887 673 2929 ramus
696 2873 857 2943 justo
896 2877 1192 2946 majorem,
1227 2881 1365 2938 dum
1397 2900 1522 2955 quae
1553 2886 1763 2945 damus
1795 2906 1909 2945 non
1943 2891 2122 2947 bene-

477 2986 740 3045 volentiae
771 2990 1007 3047 effectus
1035 2997 1141 3062 est,
1192 2997 1291 3051 sed
1347 3001 1674 3058 necessaria
1722 3006 2030 3064 restitutio.
2061 3007 2123 3062 Si

477 3094 632 3152 enim
663 3111 729 3153 ea
757 3114 885 3170 qua
915 3098 989 3156 iis
1017 3099 1432 3161 beneﬁciorum
1462 3107 1632 3167 titulo
1662 3114 2123 3191 suppeditamus,

2210 614 2437 684 τούτων,
2466 612 2655 683 ἐπειδὴ
2687 616 2774 670 καὶ
2824 616 2959 690 πρὸς
3010 615 3175 692 ἄμφω
3210 619 3525 693 χωροῦμεν,
3554 614 3641 669 καὶ
3693 613 3863 669 οὐδα-

2215 707 2322 776 μοῦ
2397 703 2668 776 δυνάμεθα
2742 712 2952 773 στῆναι,
3017 704 3217 759 δίκαιοι
3294 705 3490 766 πάντες
3550 703 3709 776 ἐσμεν
3775 701 3865 759 δια

2212 794 2387 848 πάντα
2431 798 2617 860 ταῦτα,
2652 793 2742 855 οὓς
2782 795 2841 849 ἂν
2899 796 3142 849 ἑκάστοθ’
3174 795 3386 868 ὁρῶμεν
3418 792 3470 848 ἐν
3524 794 3711 849 σπάνει
3763 815 3860 847 κα-

2213 883 2479 944 θεστῶτας
2526 886 2624 937 τοῦ
2678 882 2799 956 βίου
2840 883 2930 937 καὶ
2978 884 3134 954 πενίᾳ
3172 888 3465 953 συζῶντας,
3498 881 3584 937 καί
3636 884 3719 942 οἷς
3766 880 3868 936 οὐκ

2212 965 2319 1026 ἔδει
2364 971 2866 1047 ταλαιπωροῦντας,
2909 972 3125 1034 τούτοις
3175 978 3467 1044 συμπονεῖν
3516 973 3605 1027 καί
3654 969 3869 1026 συναλ-

2213 1065 2329 1134 γεῖν
2384 1060 2473 1115 καὶ
2523 1061 2869 1135 συνάχεσθαι,
2912 1064 3003 1116 καὶ
3055 1066 3215 1116 πᾶσιν
3266 1064 3350 1123 οἷς
3401 1059 3599 1132 ἔξεστιν
3636 1061 3863 1116 ἐπικου-

2214 1147 2385 1225 φίζειν
2462 1150 2548 1204 καῖ
2620 1152 3056 1225 παραμυθεῖσθαι
3123 1152 3273 1225 σφίσι
3325 1152 3393 1205 τὰ
3452 1147 3720 1226 δυσχερῆ,
3774 1148 3867 1204 καὶ

2216 1235 2363 1300 ὅλως
2393 1238 2687 1302 κοινωνοὺς
2720 1241 2992 1294 ποιεῖσθαι
3024 1245 3133 1295 τῶν
3176 1237 3273 1295 εἴτ’
3303 1235 3475 1295 ὄντων
3527 1238 3721 1314 βούλει
3777 1238 3869 1294 λέ-

2218 1348 2330 1402 γειν
2391 1327 2488 1383 εἴτ’
2541 1329 2648 1383 οὐκ
2703 1323 2873 1383 ὄντων
2930 1331 3087 1401 ἡμῖν.
3122 1329 3188 1386 Ei‘
3244 1331 3349 1404 γάρ
3406 1330 3440 1383 ἆ
3495 1333 3583 1384 νῦν
3630 1325 3867 1403 ἔχομεν,

2216 1419 2368 1473 ταῦτ’
2396 1417 2498 1473 ούκ
2552 1412 2767 1493 ἔχοντες
2825 1417 3188 1491 ἐκτησάμεθα,
3247 1417 3479 1490 εὔδηλον
3538 1417 3614 1479 ὥς
3675 1417 3868 1484 ἐπειδὴ

2217 1508 2319 1576 τήν
2367 1507 2545 1582 ἀρχὴν
2596 1508 2698 1563 ούκ
2752 1505 2974 1583 ἔχοντες
3020 1506 3385 1581 ἐκτησάμεθα,
3416 1506 3542 1564 οὐδὲ
3591 1508 3872 1579 κτησάμε-

2217 1616 2300 1649 νοι
2349 1596 2639 1669 καθὲξομεν
2697 1598 2861 1667 ἐσαεὶ,
2893 1596 3022 1653 ἀλλ’
3053 1597 3129 1653 ἔτι
3179 1597 3307 1672 πρὶν
3358 1596 3726 1672 ἀπηλλάχθαι
3776 1600 3872 1650 τοῦ

2227 1685 2347 1759 βίου
2374 1684 2578 1740 τούτων
2629 1684 2996 1759 ἑκπεσούμεθα
3044 1687 3189 1762 τύχῃ
3246 1687 3489 1756 τινὶ,οἷα
3536 1685 3728 1741 πολλὰ
3777 1685 3870 1760 γί-

2218 1774 2484 1849 γνεται,ἣ
2525 1772 2990 1844 τετελευτηκότες,
3021 1777 3108 1831 καὶ
3155 1779 3236 1837 οἷς
3284 1772 3427 1831 ἔστιν
3480 1776 3558 1830 ὅτ’
3608 1775 3671 1829 ού
3730 1776 3867 1848 βου-

2143 1860 2450 1937 Βλόμεθπι,
2501 1865 2649 1918 ταῦτ’
2708 1862 2999 1940 ἔεανάγκης
3055 1864 3281 1938 ἐάσομεν
3341 1867 3600 1939 χρῆσθαι.
3652 1866 3864 1937 Ἐσχά-

2217 1974 2319 2022 της
2384 1951 2476 2006 οῦν
2534 1950 2594 2006 ἃν
2672 1951 2756 2025 εἴη
2832 1953 3232 2029 παραπληξίας,
3296 1957 3371 2027 μὴ
3449 1955 3600 2009 ταῦτ’
3660 1951 3869 2008 ἐθέλειν

2220 2041 2457 2114 ἑτοίμως
2504 2039 2808 2115 προίεσθαι,
2867 2042 2899 2097 ἃ
2956 2044 3278 2118 κατέχοντες
3331 2043 3424 2116 μὲν
3481 2042 3580 2097 οὐκ
3637 2041 3871 2096 εἰσάπαν

2220 2132 2550 2201 καθὲξομεν·
2604 2131 2917 2205 προϊέμενοι
2978 2129 3054 2202 δὲ,
3089 2133 3190 2188 ούκ
3246 2128 3385 2187 ἔστιν
3439 2132 3529 2187 ὅτε
3589 2130 3699 2205 οὐχ
3759 2129 3872 2202 ἕξο-

2224 2241 2318 2293 μεν
2346 2237 2360 2251 ’
2392 2220 2453 2275 τὸ
2485 2222 2590 2295 γὰρ
2620 2222 2756 2294 πρὸς
2783 2221 2908 2284 τοὺς
2941 2220 3043 2276 ούκ
3071 2217 3299 2295 ἔχοντας
3335 2218 3723 2296 μεγαλοψυχίᾳ
3779 2241 3869 2274 κε-

2223 2311 2483 2385 χρῆσθαι,
2515 2311 2603 2366 καὶ
2649 2314 2802 2366 πάντ’
2846 2312 3029 2373 αὐτοῖς
3081 2312 3350 2386 ἐπαρκεῖν,
3403 2317 3661 2367 τοσοῦτον
3719 2310 3871 2388 ἴσχει

2222 2400 2366 2474 παρά
2412 2403 2627 2455 πάντων
2674 2399 2725 2455 ἐν
2775 2402 2854 2471 τῷ
2898 2406 2993 2455 τοῦ
3041 2400 3214 2456 καλοῦ
3256 2401 3346 2455 καὶ
3376 2398 3587 2456 δικαίου
3621 2400 3776 2474 λόγῳ
3812 2402 3874 2453 τὸ

2223 2490 2670 2567 συγκεχωρηκὸς,
2704 2490 2778 2551 ὡς
2811 2487 2919 2564 οὺχ
2947 2489 3072 2545 ὅσον
3123 2490 3198 2553 εἷς
3250 2490 3448 2551 αἰῶνας
3497 2490 3710 2545 αἰώνων
3762 2511 3875 2544 πα-

2226 2576 2526 2650 ραπέμπειν
2576 2577 2639 2631 τὸ
2688 2574 2899 2649 κέρδος,
2933 2578 3077 2634 ἀλλά
3124 2580 3210 2633 καὶ
3262 2578 3352 2633 τὸν
3397 2583 3503 2632 τῶν
3549 2576 3698 2632 ὅλων
3744 2580 3875 2632 Θεὸν

2230 2664 2517 2739 ὑπόχρεων
2561 2668 2696 2738 ἡμῖν
2748 2667 3060 2723 καθεστάναι
3104 2669 3238 2739 μετὰ
3289 2669 3539 2739 μείζονος
3592 2667 3628 2736 ἢ
3677 2687 3764 2728 τις
3819 2665 3878 2720 ἂν

2229 2757 2437 2813 εἶκάσαι
2484 2767 2827 2831 παρασκευῆς
2876 2761 3200 2818 ἐκτιννύντα.
3235 2760 3296 2816 Εἴ
3345 2759 3390 2814 δ’
3421 2763 3495 2814 ὦν
3541 2760 3618 2822 εἰς
3675 2760 3879 2819 αὐτοῦς

2231 2847 2404 2903 ε’ίνεκα
2455 2846 2693 2923 δρῶμεν,
2741 2850 2895 2905 ταυτὶ
2942 2851 3305 2923 κομιζόμεθα,
3349 2850 3440 2905 καὶ
3482 2848 3571 2904 διὰ
3630 2850 3732 2904 τοῦ
3791 2870 3881 2921 μι-

2231 2936 2333 3010 κρὰ
2374 2934 2504 2991 ἅττα
2548 2935 2774 3008 διδόναι,
2804 2939 2870 2993 τὰ
2917 2940 3131 2994 πάντων
3189 2939 3397 3015 μέγιστ’
3447 2938 3625 3009 αὐτοὶ,
3655 2943 3747 2992 καὶ
3803 2939 3879 2991 ὧν

2232 3025 2332 3080 οὐκ
2362 3025 2420 3081 ἂν
2450 3023 2656 3097 εύξαιτό
2705 3048 2787 3092 τις
2832 3028 3071 3096 καλλίω,
3104 3027 3433 3101 λανθάνομεν
3474 3032 3624 3100 ἡμᾶς
3673 3027 3883 3088 αὐτοὺς

2237 3114 2449 3188 μᾶλλον
2500 3116 2557 3171 εὖ
2605 3121 2888 3179 ποιοῦντες
2937 3118 2971 3187 ἢ
3016 3120 3311 3173 τουτουσί·
3362 3120 3452 3173 καὶ
3500 3118 3667 3174 πλεον
3716 3121 3885 3190 ἡμεῖς

480 3227 516 3268 a
543 3210 659 3269 Deo
704 3212 964 3284 veniunt,
1006 3215 1295 3289 siquidem
1344 3222 1552 3282 fratres
1590 3242 1795 3285 sumus
1824 3233 1882 3285 et
1911 3233 2127 3291 amico-

2238 3201 2554 3280 ἀπέχοντες,
2585 3204 2620 3274 ἢ
2669 3207 2819 3261 οὗτοι
2858 3210 2944 3260 νῦν
2995 3210 3120 3279 παρ’
3162 3210 3324 3278 ἡμῶν
3374 3205 3603 3281 ἔχουσι’
3655 3209 3746 3261 καὶ
3802 3208 3884 3267 οἷς

481 3334 638 3391 rum,
670 3325 737 3377 ut
781 3321 841 3379 in
892 3324 1193 3396 proverbio
1223 3332 1332 3400 est,
1389 3333 1589 3390 omnia
1635 3340 1973 3397 communia
2001 3357 2131 3398 esse

485 3433 717 3507 debent,
757 3436 883 3507 jam
935 3443 1094 3512 patet
1140 3444 1295 3513 quod
1342 3462 1469 3519 que
1519 3464 1623 3506 nos
1669 3450 1740 3509 iis
1771 3453 1982 3512 damus
2013 3473 2129 3513 non

482 3545 773 3611 nostrum,
811 3545 912 3602 sed
944 3546 1207 3620 ipsorum
1238 3554 1343 3622 est,
1373 3557 1431 3609 et
1460 3556 1608 3625 quod
1643 3557 1687 3613 si
1730 3560 1883 3616 dona
1931 3567 2131 3620 nostra

482 3659 788 3732 recipiunt,
833 3678 947 3718 non
981 3669 1197 3735 nostra,
1230 3669 1331 3723 sed
1364 3672 1597 3742 propria
1627 3675 1939 3748 recipiunt.
1984 3680 2130 3736 Illud

482 3768 716 3840 insuper
744 3768 938 3827 dicam
969 3754 1146 3844 quo’d,
1177 3791 1308 3831 cum
1328 3778 1591 3838 homines
1622 3799 1831 3841 sumus
1860 3791 1918 3843 et
1946 3790 2134 3845 nomi-

485 3902 713 3958 namur,
745 3888 947 3945 eadem
994 3906 1198 3947 omnes
1229 3897 1438 3952 natura
1467 3898 1699 3955 excitati
1740 3901 1896 3959 idem
1928 3911 1982 3960 et
2013 3920 2135 3962 me-

487 3991 743 4050 ditemur
804 4012 872 4051 ac
929 3996 1213 4069 facimus;
1272 4004 1330 4057 et
1384 4004 1538 4075 quod
1596 4006 1717 4063 sola
1774 4009 2004 4068 fortuna
2032 4028 2141 4069 nos

491 4110 799 4182 distinguit
830 4128 957 4185 qua
997 4113 1142 4171 alios
1174 4132 1435 4189 magnos,
1483 4120 1633 4179 alios
1662 4140 1870 4197 parvos
1901 4127 2135 4185 divites-

492 4241 602 4299 que
648 4228 969 4298 constituit,
1019 4231 1159 4290 dum
1204 4232 1303 4290 alii
1334 4236 1504 4309 plane
1545 4241 1903 4301 contrarium
1948 4244 2139 4301 obtin-

494 4347 660 4415 gunt.
696 4345 854 4411 Quod
895 4345 949 4403 si
986 4346 1058 4404 iis
1098 4365 1224 4421 quas
1256 4350 1402 4409 bene
1432 4355 1639 4412 mereri
1671 4357 1961 4428 videntur,
1994 4361 2142 4418 bene

495 4448 760 4517 facimus,
791 4451 960 4507 nobis
991 4452 1132 4525 ipsis
1161 4454 1309 4512 bene
1334 4457 1621 4530 facimus;
1652 4461 1702 4517 si
1733 4478 1864 4521 vero
1894 4465 2142 4536 quibus-

498 4569 635 4626 dam
665 4568 797 4627 aliis
835 4571 1039 4629 eadem
1085 4572 1370 4633 beneﬁcia
1417 4594 1781 4652 recusamus,
1834 4601 1940 4641 nos
1987 4586 2144 4658 ipsos
2174 4576 2227 4641 D

495 4678 841 4749 ignoramus
889 4688 1108 4739 natura
1157 4682 1311 4753 leges
1344 4689 1823 4760 transgrediendo
1861 4696 1922 4749 et
1957 4694 2144 4751 servi-

500 4800 688 4854 tutem
728 4798 1044 4856 subeuntes
1088 4800 1326 4860 homine
1374 4822 1488 4861 non
1537 4808 1793 4880 dignam.
1840 4813 2025 4878 Quare
2078 4830 2151 4871 ne

499 4909 775 4965 naturam
800 4907 1006 4966 vitiare
1036 4908 1357 4980 videamur,
1391 4930 1623 4986 semper
1657 4919 1802 4975 bene
1832 4921 2021 4977 facere
2051 4923 2150 4977 ni-

500 5023 717 5090 tamur,
769 5021 878 5080 boc
933 5025 1088 5083 enim
1146 5034 1362 5087 natura:
1413 5033 1825 5092 convenienter
1873 5036 2063 5094 vivere
2098 5043 2155 5093 et

506 5126 929 5188 humanitatem
977 5147 1244 5192 exercere
1277 5142 1370 5194 est
1421 5138 1611 5202 Quare
1638 5141 1690 5197 si
1722 5142 1987 5200 homines
2015 5142 2151 5200 oba-

509 5245 677 5303 ritate
706 5247 914 5320 dignos
944 5248 1197 5310 humane
1226 5256 1487 5314 tractatis
1515 5262 1572 5314 et
1611 5259 1763 5316 bona
1797 5265 1986 5317 vestra
2026 5277 2156 5318 cum

509 5353 583 5412 iis
612 5358 1084 5427 communicatis,
1123 5361 1225 5418 Dei
1259 5379 1457 5421 amore
1486 5365 1651 5439 digni
1679 5368 2111 5425 estimabimini
2138 5387 2155 5439 ;

516 5470 608 5528 sin
636 5474 848 5544 minus,
881 5492 912 5532 e
942 5483 1144 5534 contra
1171 5480 1341 5536 rudes
1380 5497 1446 5536 ac
1475 5481 1781 5539 inhumani
1814 5490 1871 5541 et
1902 5484 2158 5558 prodito-

522 5595 614 5635 res
669 5596 797 5638 esse
856 5583 1239 5641 censebimini
1310 5587 1576 5644 humana
1641 5590 1956 5648 societatis.
2013 5591 2157 5647 Hinc

476 5768 489 5775 ι
523 5696 745 5768 optima
816 5690 1102 5759 malorum
1170 5701 1295 5758 loco
1369 5703 1585 5776 eligite,
1652 5714 1713 5767 et
1776 5708 2158 5767 humanitatis

2236 3295 2660 3368 ἐπανορθοῦσθαι
2702 3297 2800 3364 τὴν
2849 3302 2996 3374 σφῶν
3047 3297 3273 3371 ἀπορίαν
3307 3297 3534 3370 οΐόμεθα
3584 3296 3716 3361 δεῖν,
3762 3298 3890 3349 θαυ-

2239 3384 2473 3457 μαστούς
2517 3405 2662 3446 τινας
2720 3387 2944 3447 τούτους
3002 3387 3139 3458 ἡμῖν
3194 3387 3384 3451 αὐτοῖς
3442 3382 3719 3462 εὐεργέτας
3795 3409 3888 3440 πα-

2239 3473 2655 3547 ρασκευάζοντες
2691 3480 2786 3529 τοῦ
2845 3477 3081 3531 λοιποῦο
3137 3477 3211 3538 ὡς
3276 3478 3352 3548 μή
3413 3476 3576 3549 μόνον
3623 3476 3888 3546 ἐντεῦθεν,

2238 3561 2383 3618 ἀλλὰ
2412 3563 2503 3617 καὶ
2530 3567 2646 3617 κατ’
2678 3564 2805 3619 αὐτό
2837 3586 2900 3641 γε
2928 3567 3020 3621 καὶ
3070 3564 3307 3639 μάλιστα
3350 3570 3513 3621 τοῦτο
3565 3568 3641 3639 μὴ
3692 3586 3892 3620 τοσαυ-

2241 3670 2341 3718 την
2373 3651 2509 3721 ἡμῖν
2542 3651 2702 3724 χάριν
2736 3651 2937 3714 αὐτοὺς
2982 3651 3154 3728 ἴσχειν
3192 3653 3227 3723 ἢ
3278 3656 3425 3725 ἡμᾶς
3473 3658 3553 3723 τῷ
3604 3659 3724 3727 Θεῷ
3756 3673 3770 3687 ·
3809 3654 3894 3708 ὅτι

2244 3736 2277 3791 ’ὰ
2323 3741 2447 3813 παρ’
2478 3740 2640 3810 ἡμῶν
2689 3738 2798 3795 ἔστ’
2837 3739 3043 3811 αὐτοῖς,
3092 3740 3304 3798 τούτων
3343 3744 3479 3815 ἡμῖν
3530 3739 3697 3797 ὄντων
3747 3746 3896 3817 παρὰ

2245 3830 2398 3891 Θεοῦ,
2432 3824 2597 3882 ἔπειθ’
2642 3830 2804 3900 ἡμεῖς
2847 3828 3089 3885 τάκείνου
3142 3827 3404 3898 διδόντες,
3449 3833 3674 3904 μισθοὺς
3729 3832 3893 3904 ὑπερ-

2247 3920 2402 3992 φυεῖς
2448 3915 2763 3989 κομίζεσθαι
2826 3916 3137 3992 βουλόμεθα
3182 3919 3424 3975 τούτων·
3460 3918 3649 3983 ἄλλως
3693 3942 3753 3975 τε
3807 3921 3892 3974 καὶ

2243 4005 2310 4060 τὰ
2355 4006 2479 4079 παρ’
2507 4008 2666 4079 ἡμῶν
2715 4008 2849 4081 πρὸς
2895 4007 3087 4071 αὐτοὺς
3138 4009 3201 4064 οὐ
3241 4006 3392 4073 δόσις
3437 4031 3521 4073 τις
3571 4009 3895 4083 μεγαλόψυ-

2247 4114 2368 4167 χος,
2401 4093 2816 4152 ἁλλ’ἆπόδοσίς
2865 4095 3006 4153 ἐστιν
3068 4096 3377 4171 ἐξανάγκης.
3416 4099 3477 4155 Εἰ
3534 4100 3634 4173 γάρ
3694 4096 3762 4153 δι’
3819 4100 3895 4155 ὧν

2247 4180 2444 4243 αύτοὺς
2487 4180 2543 4235 εὖ
2593 4186 2878 4256 ποιοῦμεν,
2909 4185 3066 4238 πάντ’
3114 4179 3227 4239 ἔστι
3281 4190 3450 4240 ταῦτα
3500 4186 3656 4255 Θεοῦ,
3703 4182 3894 4252 ἐπειδὴ

2247 4275 2363 4325 κατ’
2396 4270 2557 4326 αὐτὸν
2583 4274 2775 4325 τοῦτον
2809 4273 2900 4326 καὶ
2940 4270 3192 4349 ἀδελφοὶ,
3222 4274 3378 4327 κοινά
3426 4270 3482 4328 δὲ
3525 4273 3594 4328 τα
3638 4277 3748 4328 τῶν
3799 4272 3898 4345 φί-

2250 4362 2361 4414 λων
2415 4361 2449 4427 ἡ
2501 4360 2772 4434 παροιμία
2820 4363 3129 4433 νομοθετεῖ,
3163 4361 3430 4417 δείκνυται
3479 4361 3657 4432 δήπου
3690 4366 3899 4438 σαςδῶς,

2250 4448 2325 4509 ὡς
2385 4444 2499 4502 ούθ⁹
2528 4450 2691 4520 ἡμεῖς
2725 4450 2757 4503 ἃ
2806 4448 2957 4528 σφίσι
3007 4448 3263 4523 διδόαμεν
3324 4450 3546 4525 ἡμέτερ’
3576 4449 3740 4520 ἐστὶν,
3770 4449 3899 4504 ἀλλ’

2256 4539 2459 4606 αὐτῶν,
2494 4535 2606 4591 οὔθ’
2641 4537 2763 4592 ὅταν
2817 4540 2968 4594 οὗτοι
3015 4545 3183 4596 ταῦτα
3238 4535 3610 4613 λαμϐάνωσιν,
3659 4542 3903 4614 ἡμέτερα

2260 4620 2599 4697 λαμϐάνουσι
2650 4624 2848 4697 δήπου,
2895 4627 3044 4683 ἀλλὰ
3088 4629 3156 4684 τὰ
3195 4627 3401 4705 σφέτερ’
3451 4628 3626 4684 αὐτῶν
3677 4628 3903 4688 εἰκότως

2256 4710 2731 4789 ἀπολαμϐάνουσι.
2778 4719 2931 4792 Παρά
2976 4719 3146 4773 πάντα
3197 4716 3253 4774 δὲ
3297 4722 3465 4773 ταῦτα
3513 4718 3684 4774 ἐκεῖνο
3737 4715 3902 4793 λέγω,

2258 4805 2333 4865 ὡς
2468 4806 2561 4877 μὶν
2621 4807 2932 4882 πεφύκαμεν
2990 4807 3269 4878 ἄνθρωποι
3331 4809 3414 4862 κεὶ
3466 4808 3645 4877 τούτῳ
3695 4806 3902 4861 καλούς

2263 4895 2398 4966 μεθα
2446 4899 2522 4965 τῷ
2572 4897 2949 4968 προσρήματι,
3000 4898 3058 4952 ἓν
3108 4896 3300 4959 πάντες
3363 4896 3544 4970 ἐσμὲν,
3594 4898 3680 4951 καὶ
3748 4898 3904 4972 φύσιν

2260 4983 2461 5063 ἔχομεν
2516 4987 2686 5040 ταυτὰ
2742 4991 2938 5050 πάντες
2971 4988 3061 5042 καὶ
3091 4985 3418 5043 διανοεῖσθαι
3473 4987 3561 5042 καὶ
3609 4988 3902 5061 πράσσειν·

2260 5082 2329 5150 τῇ
2360 5078 2506 5155 τύχῃ
2541 5075 2597 5132 δὲ
2624 5078 2712 5132 καὶ
2743 5084 2811 5151 τῇ
2860 5086 2960 5149 τῆς
3010 5078 3187 5153 τύχης
3241 5083 3384 5156 φορᾷ
3429 5077 3698 5158 διαφέρειν
3733 5078 3911 5147 ἀλλή-

2266 5165 2376 5221 λων
2438 5164 2724 5240 δοκοῦμεν,
2759 5168 2832 5228 ὡς
2883 5169 3008 5231 τοὺς
3074 5169 3168 5242 μὶν
3233 5167 3623 5241 μείζους,τοὺς
3674 5164 3723 5221 δ’
3753 5166 3907 5223 ἐλάσο

2265 5276 2414 5322 σους,
2438 5258 2526 5310 καὶ
2559 5278 2684 5319 τους
2721 5259 2815 5330 μὶν
2856 5259 3145 5332 εὐπόρους,
3171 5260 3299 5320 τοὺς
3348 5257 3395 5313 δ’
3425 5259 3563 5314 εἶναι
3611 5263 3715 5313 πᾶν
3759 5257 3910 5312 τούν-

2265 5346 2467 5401 αντίον.
2518 5345 2720 5402 Οὐκοῦν
2774 5351 2861 5410 οἷς
2925 5349 3021 5421 μὲν
3075 5348 3205 5409 τοὺς
3255 5347 3313 5402 εὖ
3370 5350 3560 5404 παθεῖν
3623 5344 3913 5419 δεομένους

2263 5432 2320 5488 εῦ
2377 5439 2553 5489 ποιεῖν
2615 5435 2844 5509 οἰόμεθα
2902 5434 3037 5505 δεῖν,
3070 5440 3220 5505 ἡμᾶς
3260 5437 3459 5498 αὐτοὺς
3515 5437 3589 5498 ὡς
3641 5435 3810 5490 εἰπεῖν
3856 5434 3911 5488 εὖ

2265 5526 2667 5596 ποιοῦμεν,τῷ
2724 5526 2861 5581 κατὰ
2919 5525 3076 5597 φύσιν
3130 5531 3373 5600 χωρεῖν·
3407 5526 3494 5586 οἷς
3554 5522 3599 5579 δ’
3632 5524 3696 5579 ού
3753 5527 3910 5579 τοῦτο

2266 5615 2555 5683 ποιοῦμεν,
2586 5615 2733 5686 ἡμᾶς
2781 5614 2975 5677 αὐτοὺς
3026 5616 3347 5690 ἀγνοοῦμεν,
3386 5614 3517 5678 τοὺς
3560 5620 3661 5683 τῆς
3704 5613 3914 5691 φύσεως

2265 5697 2694 5776 παραϐαίνοντες
2739 5705 2978 5777 νόμους’
3030 5707 3117 5759 καὶ
3167 5704 3309 5780 τύχῃ
3375 5702 3733 5765 δουλεύοντες
3782 5701 3912 5776 μᾶλ’
