4154 6216
308 428 430 490 505
1323 418 1621 481 ORATIO
1669 420 1764 480 DE
1808 413 2313 483 SUBDITORUM
2357 409 2705 474 OFFICIIS.
3596 397 3716 461 506

318 562 415 617 λον
468 557 713 614 δευλείαν
764 556 1055 631 αἰσχιστην
1104 556 1194 608 καὶ
1242 553 1343 607 οὐκ
1398 552 1707 624 ἀνθρωποις
1752 552 1961 625 προσήο

2106 566 2295 606 amem
2349 545 2620 619 aspirate,
2679 548 2736 600 et
2790 542 2876 599 sic
2959 559 2994 597 a
3066 541 3302 597 nemine
3354 533 3713 609 vituperabi-

311 670 549 704 κουσαν·
605 644 734 701 ὥστ’
774 645 820 699 εἷ
872 646 946 716 μή
1006 644 1082 697 ὢν
1124 641 1301 697 εἷνεκα
1348 638 1619 719 προύφην,
1677 643 1772 694 τοῦ
1827 643 1952 712 γοῦν
2067 641 2236 699 mini.

316 742 396 811 μὴ
445 745 545 808 τῆς
605 737 814 813 φύσεως
872 733 1195 807 ἀλιτηρίους
1254 729 1429 786 εἵνεκα
1469 727 1638 802 δόξαι,
1696 728 1847 803 εἴπερ
1902 749 1956 783 τι

310 834 422 883 τῶν
456 830 674 883 πάντων
704 825 762 879 εὑ
801 829 977 879 ποιεῖν
1009 820 1397 889 σπουδαστέον,
1438 821 1530 874 ἅτε
1573 818 1630 873 ὃν
1671 820 1809 873 κατὰ
1856 818 1958 893 φύ-

314 939 422 989 σιν,
457 918 544 972 καὶ
577 918 851 988 ἀνθρώπῳ
896 911 1046 986 μάλα
1070 912 1209 987 πρὸς
1247 909 1475 984 τρόπου.
1516 910 1576 964 Εἰ
1614 909 1792 962 τοίνυν
1829 907 1958 969 τοὺς

315 1009 417 1080 μὶν
447 1014 550 1076 τῆς
597 1004 922 1083 γιγνομένης
967 1004 1240 1073 ἀξιοῦντες
1289 999 1568 1075 προνοίας,
1616 997 1709 1053 καὶ
1754 1018 1957 1052 κοινω-

312 1099 443 1157 νοὺς
482 1101 770 1157 ποιοῦντες
829 1089 1017 1159 ὄντων,
1075 1089 1379 1163 θαυμαστοί
1434 1109 1576 1150 τινες
1635 1086 1813 1143 ἔσεσθε
1870 1085 1960 1141 καὶ

315 1184 620 1263 θεοφιλεῖς,
648 1184 739 1241 ἐὰν
767 1182 824 1239 δὲ
867 1185 969 1257 μὴ,
1009 1187 1113 1237 πᾶν
1140 1178 1453 1235 τούναντίον
1493 1178 1640 1250 ὠμοὶ
1679 1177 1768 1231 καὶ
1813 1176 1959 1244 ἀπη-

313 1281 432 1337 νεῖς
462 1275 551 1329 καὶ
594 1279 693 1330 τοῦ
740 1273 878 1328 κατά
926 1271 1083 1349 φύσιν
1131 1265 1395 1343 προδόται
1442 1265 1610 1337 δόξετ’
1658 1266 1796 1320 εἶναι
1844 1269 1960 1325 τοῖς

316 1370 503 1435 πᾶσιν,
537 1362 596 1420 εὖ
647 1361 992 1441 φρονούντων
1041 1360 1101 1415 ἃν
1148 1356 1232 1428 ε’ίη
1280 1357 1347 1414 τά
1394 1355 1654 1430 βέλτιστα
1698 1356 1807 1429 πρὸ
1855 1359 1964 1408 τῶν

319 1456 684 1533 φαυλοτάτων
742 1455 1030 1527 αἱρεῖσθαι,
1106 1450 1197 1506 καὶ
1267 1447 1690 1521 φιλανθρώπους
1748 1445 1961 1518 μᾶλλον

318 1545 413 1601 καὶ
471 1544 689 1601 ἀκούειν
739 1544 829 1599 καὶ
886 1542 1046 1598 εἶναι.
1097 1539 1133 1610 ἢ
1181 1544 1300 1601 τοῖς
1354 1536 1629 1616 ἐχθίστοις
1685 1535 1962 1615 ἐνέχεσθαι

323 1636 544 1692 πάντων
573 1634 789 1709 προσρή
801 1651 980 1705 μασιν.

398 1728 460 1777 ε’.
493 1722 567 1777 Οὑ
601 1723 710 1795 μὴν
738 1720 884 1777 ἀλλά
911 1719 1123 1775 κάκεῖνο
1153 1715 1392 1791 μάλιστα
1434 1717 1746 1771 σκοπεῖσθαι
1794 1735 1966 1789 προσ-

326 1814 477 1883 ήκει,
509 1812 660 1874 ὅπως
696 1812 772 1884 μὴ
811 1810 939 1872 τοὺς
986 1806 1196 1868 ἄλλους
1246 1806 1303 1860 εὗ
1350 1809 1629 1866 ποιοῦντες
1678 1806 1830 1876 ὑμῶν
1862 1804 1970 1858 αὑ-

2144 1707 2200 1765 5.
2236 1703 2387 1759 Illud
2416 1714 2649 1775 quoque
2680 1694 3002 1772 praesertim
3033 1690 3323 1766 agendum
3357 1694 3445 1747 est
3479 1705 3552 1745 ne
3583 1689 3723 1743 dum

2077 1820 2206 1879 aliis
2233 1820 2382 1875 bene
2430 1812 2592 1872 facis.
2622 1809 2876 1879 teipsum
2909 1801 3193 1874 negligas,
3217 1805 3273 1855 et
3302 1799 3441 1854 dum
3473 1796 3723 1853 aliorum

321 1906 437 1956 τῶν
499 1899 765 1973 ἀμελῆτε,
824 1900 913 1953 καὶ
971 1899 1065 1957 τὰς
1124 1897 1320 1968 ἑτέρων
1383 1894 1608 1966 ἰώμενοι
1666 1893 1966 1971 ξυμφορὰς,

2106 1923 2415 1985 nfortuniis
2444 1916 2785 1983 remederis,
2812 1913 2939 1986 ipse
2970 1908 3219 1982 pessime
3250 1914 3303 1962 te
3334 1905 3573 1961 habeas.
3605 1904 3718 1960 Sed

326 1992 592 2063 πονήρως
622 1988 675 2045 ἐν
708 1992 793 2052 οἷς
839 1988 940 2043 οὑκ
985 1986 1157 2061 ἐχρῆν
1200 1983 1358 2059 ἔχητ’
1405 1985 1597 2039 αῦτοί’
1644 1981 1791 2037 ἀλλά
1841 1980 1976 2054 μετὰ

324 2080 540 2135 τούτων
567 2080 658 2134 καὶ
715 2079 854 2152 ὑμᾶς
883 2074 1082 2137 αὑτοὺς
1130 2075 1202 2130 δι’
1244 2077 1440 2148 ἂρετῆς
1473 2074 1532 2128 εὖ
1569 2080 1766 2142 ποιῆτε
1803 2072 1975 2127 καλο-

330 2170 571 2243 καγαθίᾳ
612 2171 875 2237 συζῶντες
933 2164 1022 2220 καὶ
1078 2163 1308 2237 τρόποις
1366 2167 1655 2237 χρηστεῖς,
1700 2163 1762 2217 τὸ
1816 2159 1976 2235 μόνον

335 2260 417 2322 ὡς
446 2256 677 2326 ἀληθῶς
708 2253 969 2328 εὔδαιμον
997 2254 1087 2308 καὶ
1117 2255 1253 2325 ἡμῖν
1283 2249 1531 2327 ξυγγενές
1560 2271 1574 2285 ⁸
1606 2253 1636 2307 ’ὀ
1665 2252 1765 2319 τὴν
1797 2252 1974 2326 ἀρχὴν

334 2346 644 2419 γεγονότες,
699 2343 787 2398 καὶ
842 2346 991 2397 τοῦτ’
1047 2342 1181 2396 αὐτὸ
1256 2335 1577 2414 πεφυκὸτες,
1624 2336 1814 2405 ἐπειδὴ
1879 2340 1978 2407 τὴν

338 2433 635 2507 εὑκληρίαν
675 2432 877 2501 ταύτην
909 2438 1008 2500 τῆς
1060 2431 1270 2509 φύσεως
1322 2429 1426 2484 ὑπὸ
1477 2433 1575 2484 τοῦ
1622 2435 1722 2497 τῆς
1752 2427 1979 2504 γνώμης

336 2523 698 2594 ἀπωλέσαμεν
726 2524 1116 2593 νεωτερισμοῦ,
1146 2519 1239 2573 καὶ
1267 2524 1369 2587 τῆς
1419 2519 1732 2590 θαυμαστῆς
1764 2517 1982 2586 ἐξέστη-

340 2632 437 2685 μεν
500 2610 827 2681 ὑποθέσεως,
885 2610 1251 2685 φρονήσαντες
1329 2608 1461 2682 ὑπὲρ
1521 2607 1550 2661 ὃ
1599 2604 1679 2662 δεῖ
1741 2611 1980 2681 φρονεῖν,

337 2701 428 2756 καὶ
476 2702 574 2761 τάς
613 2698 904 2759 ἐπιστολὰς
961 2695 1283 2772 παρίδόντες
1331 2698 1429 2757 τὰς
1486 2696 1631 2758 θείας
1686 2697 1985 2771 γεγόναμεν

336 2791 367 2845 ὃ
399 2791 477 2863 μή
514 2788 757 2863 γενέσθαι
791 2786 1006 2860 μᾶλλον
1038 2791 1157 2861 εἶχε
1208 2784 1372 2859 λόγον
1397 2803 1411 2817 ⁸
1446 2785 1482 2855 ἢ
1510 2785 1860 2860 γενομένους,
1891 2785 1985 2840 οῦ-

336 2900 449 2939 τως
509 2875 721 2938 ἀθλίως
776 2876 866 2932 καῖ
924 2876 1293 2952 ταλαιπώρως
1348 2878 1464 2949 ζῇν,
1532 2876 1608 2937 ὡς
1678 2877 1755 2947 μή
1827 2874 1987 2946 μόνον

340 2970 521 3047 φθορᾷ
577 2966 667 3020 καὶ
726 2965 947 3020 πάθεσιν
1008 2965 1351 3034 ὑποκεῖσθαι,
1401 2962 1550 3020 ἀλλά
1593 2963 1684 3019 καὶ
1728 2969 1848 3024 ταῖς
1892 2962 1985 3017 ai-

342 3057 603 3129 σχίσταις
656 3057 764 3109 τῶν
822 3052 1126 3126 ἐπιθυμιῶν
1205 3050 1557 3125 ἀνδραπόδων
1617 3050 1770 3122 δίκην
1825 3050 1987 3107 εἴκειν

344 3144 633 3219 αἰσχρῶς·
687 3143 777 3197 καὶ
830 3141 1049 3215 μάλιστ’
1100 3143 1226 3197 ὅταν
1254 3145 1323 3215 τῇ
1363 3146 1435 3217 γῇ
1477 3162 1536 3197 τε
1589 3142 1675 3197 καὶ
1724 3146 1843 3204 ταῖς
1889 3145 1988 3205 τῆς

343 3241 449 3308 γῆς
483 3229 723 3304 ἕπῳδαῖς
776 3252 835 3286 τε
878 3232 971 3285 καὶ
1020 3230 1273 3309 φίλτροις
1319 3234 1841 3305 καταγοητευθῶμεν
1893 3251 1991 3285 κα-

2079 2036 2298 2091 virtute
2320 2028 2607 2100 bonisque
2636 2022 2916 2087 moribus,
2950 2016 3051 2090 qui
3082 2014 3190 2072 soli
3212 2014 3449 2071 beatum
3479 2027 3548 2068 ac
3564 2009 3724 2067 nobi-

2083 2144 2199 2200 lem
2237 2136 2602 2198 constituunt
2648 2128 2968 2195 hominem,
3017 2121 3338 2179 liberaliter
3392 2118 3731 2183 educatum,

2089 2247 2381 2308 felicitatis
2408 2244 2511 2299 vim
2540 2239 2810 2297 insistite.
2847 2236 2924 2291 Ex
2952 2248 3068 2305 quo
3119 2233 3314 2287 autem
3348 2227 3453 2284 hoc
3507 2227 3728 2281 naturae

2088 2355 2447 2434 privilegium
2496 2346 2815 2406 indolentia
2844 2345 3047 2400 nostra
3093 2337 3405 2396 amisimus
3451 2337 3508 2391 et
3536 2331 3735 2405 probi-

2089 2466 2226 2526 tatis
2253 2462 2523 2520 semitam
2553 2473 2623 2514 ex
2668 2451 2854 2510 oculis
2894 2446 3280 2523 perdidimus,
3328 2442 3563 2499 altiores
3603 2442 3730 2512 jam

2091 2573 2329 2647 spiritus
2349 2580 2581 2625 sumere
2601 2561 2907 2634 capimus,
2929 2560 2989 2614 et
3010 2554 3303 2612 mandatis
3333 2549 3546 2608 divinis
3566 2562 3732 2619 spre-

2091 2683 2169 2739 tis
2198 2696 2269 2738 ex
2297 2677 2424 2733 vitae
2454 2671 2723 2731 instituto
2754 2665 2911 2740 quod
2941 2663 3109 2735 sequi
3136 2659 3732 2725 debebamus,exces-

2094 2793 2321 2856 simus;
2354 2785 2509 2842 unde
2541 2784 2755 2838 factum
2811 2779 2903 2833 est
2960 2778 3025 2830 ut
3072 2773 3132 2828 in
3182 2769 3457 2826 miseram
3510 2762 3740 2822 vivendi

2095 2897 2489 2955 conditionem
2512 2887 2738 2947 detrusi
2769 2900 2885 2940 non
2924 2886 3152 2937 tantum
3199 2876 3389 2948 pravis
3434 2872 3617 2930 animi
3644 2872 3740 2927 af—

2100 3005 2347 3063 fectibus
2378 2994 2854 3058 succumbamus,
2877 2990 2977 3045 sed
3011 2999 3310 3044 servorum
3330 2981 3534 3038 vilium
3556 2980 3742 3035 instar

2101 3112 2268 3171 foedis
2305 3104 2649 3164 libidinibus
2682 3097 3027 3162 serviamus,
3059 3093 3240 3162 idque
3286 3086 3606 3161 praesertim
3637 3083 3739 3141 ubi

2099 3216 2471 3277 terrestribus
2498 3205 2941 3267 incantamentis
2961 3196 3344 3260 circumventi
3371 3195 3557 3253 nostri
3579 3208 3740 3249 com-

345 3321 545 3390 θάπαξ,
577 3319 655 3380 ὡς
700 3315 830 3391 μηδ’
871 3318 1140 3373 ἀνανεύειν
1183 3316 1460 3385 δύνασθαι,
1503 3313 1807 3392 γεγονὸτως
1846 3317 1984 3373 ἄνω-

2106 3332 2268 3400 potes
2294 3339 2423 3380 esse
2478 3315 2850 3376 cessavimus.
2884 3311 2959 3367 Ut
3014 3309 3213 3381 igitur,
3245 3302 3745 3377 quemadmodum

346 3413 456 3467 θεν.
487 3409 586 3464 Ἴν’
618 3407 713 3462 οὖν
765 3404 945 3479 ὥσπερ
988 3408 1073 3462 ἐπὶ
1106 3408 1170 3461 τὸ
1206 3408 1353 3479 παρά
1400 3407 1556 3484 φύσιν
1605 3407 1665 3462 ἐκ
1709 3411 1807 3463 τοῦ
1854 3408 1989 3462 κατά

347 3499 509 3575 φύσιν
567 3496 802 3572 ἀκρασίᾳ
843 3498 1212 3572 προήχθημεν
1263 3498 1493 3575 φύσεως,
1533 3498 1711 3559 οὕτως
1750 3497 1858 3553 ἀπὸ
1893 3501 1991 3552 τοῦ

347 3590 500 3662 παρά
541 3588 700 3664 φύσιν
740 3584 830 3641 ἐπὶ
876 3585 941 3641 τὸ
995 3587 1132 3641 κατὰ
1184 3585 1339 3664 φύσιν
1399 3585 1755 3658 ἐπανήκωμεν
1811 3586 1991 3653 αὖθις,

347 3679 551 3753 ἀρετὴν
584 3673 950 3731 σπουδαστέον
984 3673 1044 3730 ἂν
1076 3673 1164 3743 ε⁹ίη
1207 3673 1298 3730 διὰ
1342 3676 1465 3750 βίου
1504 3675 1725 3738 παντός.
1766 3676 1842 3731 Οὑ
1888 3675 1992 3751 γὰρ

348 3769 445 3822 νῦν
479 3767 603 3840 μὲν,
647 3769 741 3819 νῦν
776 3761 818 3819 δ’
854 3761 917 3818 οῦ
940 3782 955 3795 ⁸
998 3762 1127 3818 ἀλλ’
1163 3765 1245 3819 ἀεὶ
1287 3766 1376 3819 καὶ
1414 3766 1560 3838 παρά
1598 3765 1767 3820 πάντα
1816 3762 1995 3834 δήπου

352 3859 448 3913 τὸν
511 3854 715 3930 χρόνον
754 3852 1034 3928 χρηστοὺς
1089 3856 1237 3926 ἡμᾶς
1286 3854 1422 3908 εἶναι
1467 3852 1568 3926 δεῖ,
1611 3853 1702 3909 καὶ
1758 3852 1999 3918 δικαίους

354 3948 446 4000 καὶ
482 3946 764 4021 σώφρονας
803 3943 891 3996 καὶ
941 3945 1100 3995 πᾶσιν
1154 3942 1228 4003 ὡς
1279 3942 1446 3997 εἰπεῖν
1490 3946 1608 4005 τοῖς
1652 3944 1999 4019 γιγνομένοις

352 4037 645 4107 κομῶντας
671 4051 683 4062 ·
718 4031 807 4104 ἀφ’
837 4031 912 4084 ὧν
958 4029 1058 4085 οὑκ
1096 4027 1405 4103 εὐδοκιμεῖν
1446 4030 1608 4103 μόνον
1655 4032 1741 4087 καὶ
1800 4032 2001 4102 ζηλοῦ-

352 4126 482 4178 σθαι
546 4117 859 4194 περίεστινδ
936 4115 1089 4173 οὐδὲν
1147 4118 1252 4195 γὰρ
1330 4122 1733 4195 μακαριώτερον
1808 4122 2002 4193 ἀρετῆς

356 4211 582 4266 καὶτοῦ
618 4209 737 4263 κατ’
782 4206 950 4275 αὑτὴν
997 4206 1325 4274 πολιτεύειν,
1383 4206 1530 4263 ἀλλά
1576 4210 1667 4263 καὶ
1714 4211 2007 4287 τυγχάνειν

360 4298 564 4355 ὲσάπαν
622 4297 881 4370 εὐμενοῦς
924 4300 1022 4352 τοῦ
1071 4301 1225 4353 Θεοῦ.
1278 4297 1344 4354 Εἰ
1400 4298 1504 4374 γὰρ
1535 4299 1564 4353 ὁ
1604 4299 1786 4377 φαῦλα
1836 4298 2007 4371 πράσ-

360 4408 472 4443 σων
552 4387 876 4460 ἀπήχθηται
938 4386 1248 4441 παντάπασι
1292 4384 1372 4458 τῷ
1420 4391 1556 4459 Θεῷ,
1609 4389 1637 4442 6
1684 4388 1902 4458 τρόπων
1952 4386 2009 4442 εὖ

362 4477 515 4545 ἥκων
570 4474 663 4528 καῖ
716 4474 853 4545 μετά
899 4477 998 4528 τοῦ
1044 4472 1369 4549 γιγνομένου
1418 4473 1517 4548 ζῇν
1566 4474 1751 4545 ἀξιῶν,
1804 4475 2010 4550 έναῖρος

362 4566 525 4625 οὗτος
582 4562 798 4623 πάντως
855 4563 946 4616 καὶ
1003 4561 1164 4639 φίλος
1217 4567 1333 4635 Θεῷ
1368 4582 1381 4594 ·
1444 4562 1593 4638 εἴπερ
1634 4564 1662 4619 6
1708 4565 1803 4637 μὲν
1858 4564 2016 4635 οὐσίᾳ

361 4656 599 4731 πέφυκεν
663 4650 984 4725 ὑπερούσιος
1023 4651 1222 4725 ἀρετῆς
1263 4653 1355 4707 καὶ
1394 4652 1593 4728 ἀγαθὸν
1645 4651 2014 4729 ὑπερπλῆρες,

365 4746 457 4800 καὶ
506 4743 663 4797 πάνθ’
717 4742 860 4813 ὁμοῦ
905 4740 973 4795 τὰ
1020 4739 1279 4816 βέλτιστα
1334 4741 1535 4817 φάναιο
1598 4743 1626 4797 6
1670 4740 1717 4798 δ’
1763 4745 1847 4807 οἷς
1900 4743 2011 4799 ἀντὶ

367 4835 587 4888 πάντων
646 4836 883 4886 ποιεῖται
932 4831 1086 4900 Θεὸν,
1138 4829 1263 4904 περὶ
1319 4830 1573 4895 πλείονος
1632 4835 1845 4888 πάντων
1904 4826 2015 4887 ἔστι

365 4927 504 4993 Θεῷ.
568 4920 731 4974 Ταυτὶ
794 4920 888 4993 μὲν
938 4918 1031 4974 οὖν
1092 4920 1140 4973 εἱ
1207 4920 1346 4975 κατά
1403 4924 1527 4974 νοῦν
1585 4920 1853 4997 στρέφοιῖ
1910 4921 2015 4989 ἀεὶ,

369 5014 460 5068 καὶ
497 5009 725 5087 προσέτι
752 5010 814 5065 τὸ
849 5008 1056 5083 μέλλον
1098 5010 1190 5065 καὶ
1226 5012 1326 5080 τήν
1365 5015 1462 5065 τοῦ
1517 5010 1820 5083 μέλλοντος
1868 5010 2018 5083 δέξαν

367 5104 830 5172 ἀποσκοποῦντες,
862 5099 1271 5174 προθυμήσεσίΥ
1303 5099 1360 5155 εὖ
1389 5120 1402 5133 ·
1450 5099 1582 5163 τοὺς
1617 5101 1713 5172 μὲν
1760 5106 1841 5171 τῷ
1878 5101 2015 5174 πρὸς

368 5194 401 5248 ἂ
432 5189 641 5248 δέονται
703 5188 1037 5265 συναίρεσθαι
1087 5187 1296 5265 σφίσιν,
1348 5189 1505 5261 ὑμεῖς
1555 5185 1614 5244 δὲ
1652 5190 1743 5245 τὸν
1789 5188 1840 5262 ἐξ
1889 5190 2015 5264 ἀρε-

364 5289 467 5351 τῆς
508 5277 883 5354 περικείμενοι
920 5278 1149 5350 κόσμον,
1192 5278 1280 5332 καὶ
1320 5278 1383 5332 τὸ
1432 5276 1708 5353 βέλτιστοι
1757 5276 1847 5333 διὰ
1877 5279 2016 5333 πάν-

363 5393 474 5427 των
506 5369 598 5425 καὶ
631 5367 851 5423 ἀκούειν
880 5366 971 5422 καὶ
1004 5366 1165 5422 εἶναι.

440 5461 505 5523 ς’.
549 5458 699 5514 Ἐπεὶ
741 5454 798 5512 δὲ
835 5456 945 5534 οὑχ
984 5455 1108 5510 ὅσον
1146 5460 1244 5511 τοῦ
1281 5458 1398 5511 καθ’
1434 5460 1583 5529 ἡμᾶς
1641 5457 1764 5531 βίου
1806 5459 2018 5531 θαῦμα-

366 5570 493 5604 στον
536 5568 595 5603 τε
651 5545 742 5601 καῖ
810 5546 1066 5621 μέγιστον
1132 5545 1326 5621 πόρον.
1388 5546 1536 5602 ἀλλά
1600 5549 1692 5603 καὶ
1764 5548 2016 5602 σύστασιν

367 5633 569 5713 ἀκριϐῆ
602 5637 692 5691 καὶ
736 5637 851 5690 οἷόν
893 5657 1013 5691 τινα
1052 5642 1151 5705 τῆς
1207 5633 1484 5698 πολιτείας
1529 5642 1781 5711 στοιχεῖα
1821 5639 2014 5712 τέχνας

365 5727 455 5783 καὶ
507 5724 814 5796 ἐπιστήπας
865 5726 1089 5789 ἅπαντες
1140 5721 1329 5798 ’ίσμεη
1382 5723 1588 5781 πολλαὶ
1622 5723 1679 5782 δὲ
1718 5725 1876 5784 αὗται
1923 5728 2010 5782 καὶ

2097 3440 2320 3492 naturae
2343 3433 2497 3503 leges
2519 3443 2633 3484 non
2676 3423 3049 3480 observantes
3070 3415 3318 3488 turpiter
3346 3411 3497 3484 lapsi
3517 3425 3751 3478 sumus,

2101 3560 2259 3602 nunc
2309 3541 2547 3614 quidem
2591 3545 2984 3604 resurgamus,
3034 3527 3307 3582 virtutem
3348 3518 3749 3577 indesinenter

2099 3655 2307 3713 ducem
2335 3661 2671 3719 sequamur,
2702 3646 2760 3699 et
2820 3636 2985 3696 omni
3038 3640 3298 3705 tempore
3350 3645 3455 3686 nos
3504 3627 3740 3700 probos,

2104 3761 2378 3819 honestos
2401 3757 2709 3827 iustosque
2733 3747 3115 3822 praebeamus,
3137 3744 3394 3798 remotos
3414 3755 3449 3795 a
3466 3734 3741 3808 superbia

2107 3885 2173 3926 ac
2211 3867 2370 3934 zelo;
2404 3860 2551 3920 nihil
2578 3858 2736 3916 enim
2764 3854 2992 3916 beatius
3039 3852 3255 3907 virtute
3281 3852 3341 3905 et
3379 3846 3497 3902 vita
3524 3846 3753 3914 integra

2108 3982 2168 4034 et
2198 3978 2388 4031 favore
2415 3970 2569 4043 apud
2598 3968 2804 4025 Deum.
2827 3962 2889 4020 Si
2925 3962 3078 4018 enim
3119 3959 3293 4014 homo
3340 3954 3620 4012 scelestus
3649 3951 3752 4006 Dei

2112 4085 2311 4142 odium
2341 4079 2609 4145 incurrit,
2640 4074 2692 4131 is
2743 4072 2845 4144 qui
2885 4071 3032 4126 bene
3076 4066 3349 4124 cordatus
3396 4061 3549 4134 aequi
3588 4059 3754 4115 boni-

2114 4209 2224 4266 que
2256 4190 2392 4248 facit
2420 4203 2510 4244 res
2541 4185 2876 4259 prasentes,
2908 4192 3133 4235 summo
3162 4173 3263 4231 Dei
3304 4173 3500 4230 favore
3527 4168 3761 4239 fruitur,

2119 4298 2286 4358 bonis
2344 4304 2504 4353 terra
2585 4308 2652 4349 ac
2702 4287 2939 4348 virtutis
2997 4282 3337 4343 muneribus
3399 4277 3756 4338 cumulatus.

2116 4407 2225 4474 Qui
2256 4408 2450 4465 autem
2482 4403 2664 4460 Deum
2685 4402 2819 4457 ante
2846 4393 3044 4456 omnia
3073 4391 3256 4466 ponit,
3288 4389 3524 4463 plurimi
3555 4403 3591 4445 a
3641 4386 3759 4443 Deo

2118 4514 2458 4572 mstimatur.
2491 4511 2653 4576 Quod
2684 4508 2735 4565 si
2775 4508 2899 4564 haec
2927 4506 2984 4562 in
3018 4509 3216 4561 mente
3251 4498 3545 4559 revolvitis
3590 4499 3646 4554 et
3677 4495 3758 4551 fu-

2049 4624 2091 4687 D
2123 4618 2242 4675 turi
2270 4614 2550 4688 temporis
2578 4613 2773 4687 gloria
2821 4609 3227 4677 memineritis,
3267 4605 3449 4663 animi
3487 4599 3761 4659 fortitudo

2127 4724 2448 4799 augebitur.
2481 4721 2633 4779 Dum
2683 4719 2838 4777 enim
2868 4718 3092 4777 caeteris
3141 4714 3472 4787 exemplum
3516 4709 3763 4766 imitan-

2126 4834 2268 4889 dum
2316 4829 2663 4904 proponitis,
2723 4828 2832 4900 ipsi
2883 4827 3159 4884 virtutum
3214 4838 3430 4881 corona
3481 4817 3761 4884 redimiti,

2125 4940 2226 5013 qui
2257 4938 2504 4997 summis
2558 4936 2832 4994 laudibus
2879 4933 3199 4993 eﬂ'eramini
3230 4947 3359 4989 vere
3387 4930 3545 5003 digni
3574 4927 3756 4986 eritis.

2195 5455 2249 5510 6.
2274 5454 2748 5528 Quandoquidem
2782 5456 2982 5514 omnia
3007 5473 3133 5530 quae
3166 5458 3235 5514 ad
3268 5458 3395 5513 vitae
3425 5457 3763 5515 institutum

2124 5544 2433 5601 honestum
2466 5546 2819 5611 conducunt,
2879 5547 2938 5603 id
2989 5553 3077 5605 est
3131 5547 3647 5605 administrationis
3674 5547 3767 5603 in-

2125 5640 2468 5704 stramenta,
2502 5638 2656 5692 artes
2694 5651 2761 5692 ac
2802 5637 3128 5708 scientiam,
3161 5641 3441 5709 quantum
3488 5639 3633 5695 satis
3664 5644 3771 5703 est,

2128 5724 2512 5796 possidemus,
2553 5725 2611 5782 id
2643 5743 2880 5800 quoque
2917 5728 3100 5787 sentio
3155 5729 3311 5801 quod
3354 5743 3527 5787 nemo
3566 5727 3773 5786 civium
