4154 6216
398 393 518 454 507

1701 393 2104 455 THEODULI
2149 389 2496 453 MONACHI

3677 395 3798 455 508

399 527 490 584 vel
521 528 812 584 minorum
845 525 1106 598 gentium
1139 527 1199 582 in
1230 526 1452 583 artibus
1507 528 1711 583 rudem
1767 541 1898 582 esse
1945 534 2042 581 aut

2180 529 2402 578 ιαντοῖαι
2434 525 2690 596 καὶπρὸς
2731 531 2904 580 πᾶσαν
2945 527 3134 596 ἥντινα
3177 525 3382 598 δήποτε
3429 529 3620 602 χρείαν
3667 551 3802 584 παν-

405 635 732 694 indolentia
763 635 1140 691 succumbere
1197 637 1426 706 poterit,
1459 636 1575 690 imo
1634 652 1738 708 pro
1769 637 1924 692 certo
1956 634 2055 690 ha-

407 747 515 802 beo
547 757 1024 814 unumquemque
1047 743 1330 814 portionis
1361 741 1570 798 saltem
1603 743 1852 799 istorum
1875 744 2054 800 bono-

407 869 534 908 rum
559 851 898 924 participem
935 867 1086 916 esse,
1131 849 1384 922 indeque
1441 853 1500 906 et
1554 849 1666 906 sibi
1721 853 1778 906 et
1833 850 2052 907 coleris

405 959 710 1016 commoda
760 957 1013 1031 plurima
1071 961 1465 1029 reportaturos
1521 973 1673 1026 esse,
1703 961 1762 1013 et
1807 974 1911 1030 pro
1941 973 2050 1012 sua

411 1071 567 1138 parte
597 1071 884 1138 quantum
915 1066 1080 1122 decet
1125 1081 1230 1137 pro
1284 1064 1470 1137 patria
1525 1064 1773 1122 libenter
1800 1065 2052 1121 facturos

405 1190 578 1241 esse;
635 1189 740 1229 nec
787 1177 1010 1228 tantum
1069 1172 1420 1228 industriam
1475 1172 1798 1228 ostentandi
1829 1171 2051 1245 gratia;

406 1283 526 1338 imo
555 1279 722 1351 probi
768 1283 826 1334 et
883 1279 1081 1350 patria:
1137 1279 1386 1334 studiosi
1445 1293 1804 1350 suarumque
1859 1295 2054 1334 rerum

409 1387 632 1460 providi
673 1402 801 1442 esse
832 1385 1144 1452 debebunt,
1176 1389 1234 1440 et
1255 1401 1381 1456 quas
1403 1385 1475 1442 ad
1500 1385 1712 1440 victum
1743 1389 1800 1440 et
1828 1385 2052 1442 cultum

410 1492 708 1565 pertinent
735 1506 1096 1563 comparare,
1130 1507 1200 1545 ne
1230 1491 1302 1545 ad
1337 1491 1551 1546 furtum
1584 1491 1972 1561 rapinamque
2001 1498 2058 1545 et

410 1597 718 1670 sacrilegia
745 1597 1105 1652 descendant
1134 1604 1181 1650 et
1215 1597 1624 1652 verecundiam
1673 1597 1971 1669 deponant
2001 1601 2057 1652 et

413 1703 692 1778 parjuriis
723 1707 985 1773 utantur,
1017 1707 1310 1775 postremo
1349 1705 1420 1760 ad
1453 1704 1799 1760 seditionem
1857 1721 2058 1760 recur-

417 1817 568 1869 rant.
603 1813 766 1878 Quod
799 1815 1068 1866 metuens
1117 1809 1442 1878 Periander,
1474 1809 1700 1884 Cypseli
1749 1811 1928 1878 ﬁlius,
1959 1811 2062 1866 Co-

419 1919 772 1976 rinthiorum
804 1935 921 1986 rex,
956 1917 1141 1975 noluit
1170 1933 1362 1974 servos
1393 1936 1426 1974 a
1449 1919 1674 1974 civibus
1730 1918 1975 1990 acquiri,
2007 1921 2064 1972 et
2095 1905 2140 1967 Β

421 2027 727 2100 impedivit
755 2043 828 2082 ne
859 2027 940 2082 nil
971 2031 1208 2098 agentes
1231 2026 1290 2082 in
1323 2027 1445 2082 foro
1469 2027 1756 2095 sederent,
1785 2025 1906 2081 imo
1923 2041 2064 2097 pra:-

421 2134 577 2208 cepit
607 2137 674 2190 ut
702 2150 908 2189 omnes
941 2134 1172 2206 negotio
1211 2133 1384 2190 alicui
1415 2133 1836 2194 incumberent.
1869 2148 1942 2188 ne
1966 2147 2069 2202 per

421 2243 607 2298 otium
635 2257 830 2298 rerum
890 2242 1292 2298 novandarum
1337 2241 1534 2314 cupidi
1583 2241 1790 2297 forent.
1829 2241 2071 2296 Constat

419 2349 578 2406 enim
611 2349 897 2421 quosdam
919 2349 1043 2418 eius
1073 2349 1304 2421 generis
1333 2349 1490 2404 viros
1520 2349 1768 2422 patriam
1799 2347 2070 2404 hostibus

423 2455 736 2514 tradidisse
766 2460 844 2526 et,
875 2461 1078 2513 contra
1107 2455 1288 2530 leges,
1320 2455 1581 2528 pessima
1607 2471 1850 2528 quisque
1897 2469 2070 2510 exco-

420 2567 634 2640 gitasse
661 2569 720 2624 et
741 2566 1071 2638 perfecisse.

490 3402 550 3457 7.
573 3399 634 3456 Si
671 3413 840 3470 porro
873 3396 1058 3452 honor
1111 3393 1335 3449 artibus
1393 3391 1624 3448 habitus
1682 3392 1894 3448 civitati
1954 3407 2070 3449 non

424 3523 631 3581 parum
665 3505 924 3577 prodest,
953 3507 1012 3560 et
1029 3516 1230 3558 earum
1251 3503 1642 3571 comtemptus
1657 3499 1810 3558 clare
1831 3500 2075 3571 punitur

426 3627 488 3682 in
522 3625 596 3681 iis
625 3621 838 3680 eximia
895 3619 1199 3690 diligentia
1241 3621 1334 3673 est
1383 3617 1674 3689 ponenda,
1705 3621 1763 3674 et
1829 3617 2073 3690 publica!

431 3731 706 3788 utilitatis
721 3729 914 3786 omnis
943 3726 1214 3784 habenda
1241 3723 1386 3780 ratio
1415 3731 1468 3781 et
1499 3723 1818 3796 presertim
1841 3725 2076 3796 sapien-

433 3847 544 3903 tiae.
577 3847 706 3903 Hec
738 3847 894 3902 enim
936 3845 1078 3902 adeo
1119 3841 1480 3916 praeminet,
1539 3841 1688 3897 tanti
1745 3841 2074 3908 aestimatur,

435 3967 502 4018 ut
530 3963 682 4035 apud
715 3978 920 4018 omnes
951 3976 1042 4016 res
1075 3958 1358 4030 praecipua
1380 3956 1684 4023 habeatur,
1715 3957 1928 4026 quippe
1949 3971 2079 4026 quae

435 4069 526 4124 sui
557 4068 807 4124 cultores
839 4066 1036 4122 lelices
1067 4064 1276 4132 reddit,
1298 4063 1370 4120 ad
1399 4061 1640 4118 meliora
1689 4077 1918 4132 smper
1947 4077 2077 4131 pro-

433 4173 611 4238 vehit,
644 4189 758 4244 qua
789 4172 933 4228 nihil
985 4169 1224 4227 homine
1253 4168 1511 4240 dignius,
1545 4166 1690 4222 nihil
1741 4165 1925 4238 magis
1969 4165 2080 4222 ho-

440 4289 792 4356 norandum,
844 4305 972 4360 qua:
1019 4290 1105 4343 est
1145 4286 1205 4341 in
1260 4284 1474 4342 officiis
1523 4283 1934 4340 satisfaciendo
1966 4283 2082 4338 dux

440 4403 616 4470 atque
665 4395 1044 4468 cooperatrix.
1095 4397 1244 4450 Nam
1292 4392 1517 4465 optima
1573 4407 1818 4463 quisque
1849 4389 2080 4456 sectari,

439 4503 706 4562 meditari
737 4519 802 4558 ac
859 4503 1065 4568 facere,
1126 4499 1368 4557 modum
1425 4499 1484 4554 in
1541 4497 1812 4554 omnibus
1868 4505 2082 4562 tenere,

441 4619 677 4692 optimis
707 4618 1150 4690 quibuscunque
1182 4615 1408 4689 placere
1451 4614 1597 4671 velle
1623 4623 1676 4671 et
1709 4613 1964 4670 Platonis
1995 4611 2073 4668 le-

2196 4641 2446 4717 βὲλτιςτα
2485 4643 2575 4696 καὶ
2620 4644 2695 4715 μὴ

441 4745 571 4802 gem
602 4727 764 4798 sequi
796 4726 936 4799 quid
996 4726 1072 4784 sit
1128 4725 1277 4796 quod
1337 4739 1570 4793 semper
1611 4725 1720 4783 est,
1753 4721 1930 4793 idque
1959 4721 2084 4777 sine

447 4836 866 4908 procreatione,
896 4838 996 4890 aut
1025 4833 1166 4904 quid
1211 4835 1574 4904 procreatum
1637 4829 1896 4903 quidem,
1929 4830 2084 4886 exsi-

447 4955 722 5012 stentiam
768 4969 898 5009 vero
945 4968 1058 5008 non
1117 4951 1308 5016 habet,
1339 4949 1638 5005 veritatem
1696 4947 1850 5005 circa
1887 4947 2088 5004 omnia

447 5053 801 5127 persecutari
829 5061 884 5110 et
929 5053 1024 5110 Dei
1083 5049 1448 5108 sanctitatem
1508 5048 1761 5104 imitari:
1821 5047 1942 5104 haec
1999 5053 2090 5104 est

444 5179 618 5235 quam
649 5179 757 5219 nos
816 5159 1301 5233 perfectissimam
1355 5156 1721 5230 appellamus
1776 5155 2085 5212 virtutem:

449 5283 568 5338 haec
589 5284 676 5337 est
697 5296 824 5337 vere
849 5279 1160 5351 sapientia,
1181 5278 1326 5334 ratio
1347 5281 1403 5333 et
1419 5274 1824 5348 intelligentia.
1847 5273 2009 5338 Quod
2033 5273 2084 5329 si

446 5387 720 5444 virtutem
777 5389 1176 5445 honorandum
1233 5403 1362 5443 esse
1418 5383 1688 5442 ducimus
1735 5381 2089 5454 maximique

449 5495 796 5558 faciendam,
829 5497 1039 5569 quippe
1067 5512 1194 5569 qua
1227 5509 1334 5552 nos
1373 5492 1626 5550 maxime
1653 5491 1726 5548 ad
1755 5493 1940 5548 Deum
1972 5491 2089 5546 ele-

451 5609 564 5671 vat,
597 5620 710 5676 quo
743 5609 908 5677 pacto
938 5603 1288 5677 sapientiam
1317 5619 1432 5659 non
1473 5601 1659 5675 magis
1689 5599 2090 5657 aestimandam

452 5717 815 5788 putabimus,
847 5737 916 5777 ex
945 5737 1062 5792 qua
1089 5719 1191 5777 illa
1221 5719 1478 5792 pendet?
1505 5718 1724 5776 Idcirco
1763 5717 1814 5775 si
1857 5715 2092 5774 virtutis

2159 615 2388 666 τάπασιν
2419 615 2554 684 ἡμῖν
2601 614 2950 688 ἀποχρῶσαι,
2999 621 3106 670 τῶν
3157 613 3470 671 καλλίστων
3511 620 3598 670 καὶ
3649 617 3798 672 λυσι-

2158 699 2488 756 τελεστάτων
2544 709 2756 775 νομίζω
2835 702 3186 776 μηδοντινοῦν
3239 708 3346 758 τῶν
3413 707 3654 761 πολιτῶν
3705 709 3802 760 καὶ

2159 795 2266 846 τῶν
2303 795 2512 864 μικρῶν
2553 793 2686 865 ὑπὲρ
2733 792 2864 854 τοὺς
2909 791 3156 854 πολλοὺς
3201 795 3406 868 τέχνης
3455 797 3682 870 ἄμοιρον
3719 800 3804 851 εἷ-

2161 903 2270 948 ναι,
2305 881 2436 954 μηδ’
2491 881 2591 952 ἔξω
2639 883 2852 938 πίπτειν
2901 889 2999 938 τοῦ
3045 883 3381 960 καταλόγου,
3432 883 3563 956 μηδ’
3617 887 3806 960 ἀργῶς

2157 967 2338 1044 ’ίσχειν
2371 970 2423 1026 ἐν
2453 971 2692 1042 τούτοις,
2719 971 2848 1026 ἀλλ’
2885 971 3110 1028 ἕκαστον
3141 974 3216 1034 ὡς
3255 977 3498 1045 προσῆκε
3539 974 3632 1030 καὶ
3661 975 3808 1030 πάν-

2162 1080 2256 1121 τας
2285 1059 2336 1113 ὲν
2389 1059 2540 1134 μέρει
2589 1059 2859 1123 συντελεῖς
2899 1063 2976 1124 ὡς
3017 1061 3236 1134 μάλιστ’
3275 1064 3412 1118 εἶναι
3461 1061 3530 1118 τὸί
3571 1086 3632 1136 γε
3681 1085 3808 1119 τοι-

2163 1153 2318 1218 αῦτα,
2359 1149 2434 1210 ὡς
2481 1147 2544 1202 ἂν
2593 1148 2830 1204 ἐντεῦθεν
2895 1149 3247 1223 εὐποροῦντες
3315 1153 3646 1225 χρημάτων,
3713 1154 3808 1206 καὶ

2164 1238 2421 1294 πλεῖστον
2465 1239 2864 1316 ἀποφερόμενοι
2911 1239 3122 1314 κέρδος,
3178 1241 3286 1316 οὐχ
3325 1241 3450 1297 ὅσον
3499 1243 3680 1320 σφίσιν
3717 1243 3812 1297 αὖ·

2163 1333 2298 1389 τοῖς.
2333 1325 2482 1383 ἀλλὰ
2509 1329 2598 1382 καὶ
2627 1333 2746 1390 τοῖς
2778 1325 2973 1391 ἄλλοις
2999 1329 3269 1404 ἐπαρκεῖν,
3311 1331 3417 1385 οἷοί
3449 1352 3507 1387 τε
3555 1333 3679 1402 ωσι,
3711 1332 3814 1386 κάν

2165 1421 2284 1478 ταῖς
2317 1413 2608 1487 δημοσίαις
2659 1417 2952 1495 εἰσφορεῖν,
2987 1414 3246 1498 εἰσφέρειν
3288 1419 3346 1474 εὖ
3389 1419 3536 1492 μάλα
3575 1422 3668 1476 καὶ
3707 1441 3816 1476 κα-

2163 1502 2458 1562 ταϐάλλειν
2492 1507 2730 1578 ετοίμως
2779 1509 2868 1562 καὶ
2913 1510 2991 1582 μὴ
3033 1511 3168 1582 πρὸς
3207 1504 3476 1572 ἀναϐολὰς
3509 1510 3542 1579 ἢ
3577 1513 3814 1584 σκήψεις

2167 1601 2389 1674 χωρεῖν,
2413 1597 2500 1649 καὶ
2535 1594 2713 1650 τᾶλλα
2763 1599 3012 1670 πράττειν
3041 1599 3114 1652 ὧν
3149 1599 3276 1659 τοὺς
3323 1601 3608 1661 τοιούτους
3639 1599 3810 1660 εἷ’κός.

2167 1685 2242 1740 Οὐ
2279 1685 2385 1755 μὴν
2418 1687 2506 1746 οἷς
2559 1706 2621 1759 γε
2659 1690 2867 1760 τεχνῶν
2907 1688 3097 1755 ἣκιστα
3139 1686 3300 1760 μέλῃ,
3345 1687 3412 1742 τὰ
3459 1693 3684 1743 τοιαῦτα
3717 1687 3812 1744 δό-

2166 1795 2348 1828 νανται
2405 1775 2681 1845 πράττειν,
2735 1774 2858 1830 οὐδέ
2917 1773 3005 1830 διὰ
3061 1778 3158 1844 τὴν
3215 1775 3268 1831 ἐν
3315 1775 3528 1840 τούτοις
3583 1778 3814 1834 νωθείαν

2169 1864 2320 1918 ταῦτ’
2377 1860 2732 1938 ἐνδεδεῖχθαι,
2781 1861 2897 1918 οὐδ’
2949 1863 3114 1940 ἐγγύς
3147 1885 3162 1898 ·
3221 1865 3420 1934 πόθεν;
3477 1866 3696 1922 πολλοῦ
3749 1889 3818 1941 γε

2169 1949 2288 2005 δεῖ*
2324 1949 2470 2006 ἄλλὰ
2509 1955 2736 2006 τοσοῦτο
2779 1950 2956 2007 δέουσι
3005 1953 3168 2008 καλοὶ
3213 1954 3438 2030 κάγαθοί
3481 1975 3624 2019 τινες
3653 1957 3812 2026 εἶναι,

2168 2039 2258 2094 καὶ
2292 2039 2699 2102 λυσιτελοῦντες
2739 2045 2807 2105 τῆ
2845 2063 2904 2096 τε
2931 2041 3094 2098 πόλει
3131 2043 3222 2098 καὶ
3273 2044 3450 2120 σφίσιν
3491 2043 3700 2114 αὐτοῖς,
3735 2045 3814 2108 ὡς

2171 2134 2274 2187 ὑπὸ
2302 2139 2404 2202 τῆς
2453 2131 2586 2206 ἄγαν
2633 2131 2863 2206 ἀπορίας
2903 2133 2994 2186 καὶ
3033 2137 3132 2188 τοῦ
3175 2135 3250 2206 μὴ
3295 2130 3548 2188 δύνασθαι
3579 2134 3648 2188 τὰ
3675 2137 3818 2208 πρὸς

2177 2223 2294 2298 βίον
2329 2223 2506 2302 σφίσιν
2539 2223 2724 2285 αὐτοῖς
2747 2219 3146 2293 ὀθενδηποτοῦν
3175 2225 3521 2298 πεπορίσθαι,
3555 2222 3638 2301 ἔφ’
3667 2225 3700 2279 ἆ
3735 2227 3816 2298 μὴ

2173 2313 2330 2386 θέμις
2361 2315 2669 2391 προῆχθαι,
2712 2313 3216 2388 ἀναισχυντοῶτες,
3261 2312 3666 2388 ἑπιορκοῦντες,
3705 2335 3818 2370 πο·-

2173 2403 2532 2475 νηρευόμενοι
2557 2424 2568 2435 ·
2603 2402 2692 2457 καὶ
2721 2406 2810 2456 νῦν
2839 2405 2934 2475 μὲν
2968 2401 3434 2472 λωποδυτοῦντες,
3475 2425 3704 2483 τοιχους
3735 2403 3822 2459 δι-

2175 2491 2516 2566 ορύττοντες,
2565 2493 2632 2546 τὰ
2667 2496 2778 2546 τῶν
2827 2489 3012 2547 ἄλλων
3065 2493 3420 2566 ἁρπαζοντες,
3467 2497 3560 2548 νῦν
3593 2492 3640 2548 δ’
3669 2497 3822 2568 ἱερο-

2175 2581 2482 2648 συλοῦντες,
2513 2581 2625 2648 καὶ,
2657 2581 2686 2635 ’ὁ
2721 2581 2998 2655 μέγιστον,
3033 2583 3240 2644 στάσεις
3280 2582 3573 2656 ἐγείροντες
3597 2600 3612 2616 ³
3661 2585 3690 2638 ὃ
3723 2587 3818 2639 καὶ

2177 2669 2504 2744 Περίανδρος
2563 2671 2592 2725 ὁ
2651 2671 2901 2744 Κυψέλου
2959 2673 3252 2746 Κορινθίων
3315 2671 3571 2746 βασιλεὺς
3621 2670 3820 2736 δεδιὼς

2181 2757 2305 2815 οὔτε
2331 2761 2458 2822 τοὺς
2486 2759 2714 2821 πολίτας
2747 2758 2834 2815 ε⁹ία
2873 2757 3108 2822 δούλους
3157 2759 3364 2832 δήποτε
3407 2764 3652 2832 κτᾶσθαι,
3703 2760 3822 2818 οὔτ’

2181 2849 2265 2904 ἔπ’
2295 2850 2516 2924 ἀγοραῖς
2551 2847 2698 2910 ὅλως
2747 2851 3010 2919 καθῆσθαι
3071 2847 3238 2922 μηδὲν
3285 2853 3641 2924 πράττοντας,
3689 2851 3824 2906 ἀλλ’

2179 2938 2422 2994 ἑκάστοτ’
2471 2938 2655 3000 αὐτοῖς
2687 2935 2818 3012 ἔργα
2865 2944 3114 3013 παρεῖχε,
3141 2937 3233 2993 ’ίνα
3291 2941 3368 3012 μή
3419 2941 3636 3015 σχολὴν
3667 2938 3828 3016 ἆγον-

2179 3047 2266 3088 τες
2323 3028 2678 3096 στασιάζωσιν
2707 3045 2720 3060 ι
2773 3026 2840 3081 οὐ
2893 3029 3000 3100 μὴν
3049 3027 3178 3082 ἀλλ’
3223 3023 3365 3084 ἔστιν
3415 3027 3496 3084 ὅθ’
3532 3031 3681 3084 οὗτοι
3729 3031 3822 3084 καὶ

2183 3117 2318 3190 πρὸς
2355 3117 2486 3177 τοὺς
2533 3114 2836 3189 πολεμίους
2883 3116 3018 3172 κατὰ
3065 3124 3169 3186 τῆς
3207 3114 3465 3192 πατρίδος
3516 3116 3690 3194 λάθρα
3721 3117 3822 3174 λό-

2186 3227 2314 3280 γους
2341 3211 2648 3278 ποιοῦνται,
2679 3205 2768 3262 καί
2807 3207 2955 3268 ὅλως
2999 3207 3032 3262 ἃ
3075 3205 3214 3280 μηδὲ
3261 3207 3442 3285 λέγειν
3489 3207 3654 3280 ἔξεστι
3700 3207 3826 3264 δια-

2187 3297 2472 3370 νοούμενοι
2502 3298 2594 3351 καὶ
2623 3297 3115 3371 κατεῶγαζόμενοι.

2249 3389 2317 3455 ζ’.
2351 3387 2414 3443 Εἰ
2458 3386 2634 3441 τοίνυν
2680 3387 2744 3442 τὸ
2787 3388 2882 3459 μὲν
2931 3388 3129 3463 τέχνας
3176 3389 3298 3464 περὶ
3349 3388 3608 3445 πλείστου
3645 3395 3830 3444 ποιεῖο

2179 3477 2297 3530 σθαι
2345 3475 2538 3552 κέρδος
2581 3476 2642 3532 οὐ
2691 3479 2884 3552 μικρὸν
2924 3477 3076 3553 *ίσχει
3123 3483 3193 3552 τῇ
3233 3479 3417 3547 πόλει,
3455 3483 3518 3534 τὸ
3561 3478 3606 3534 δ’
3647 3479 3826 3536 αὐτῶν

2179 3564 2404 3640 ἆλογεῖν
2458 3567 2628 3640 ζημία
2687 3569 2886 3644 σαφὴς,
2943 3568 3146 3644 ἀνάγκη
3207 3574 3350 3623 πᾶσα
3403 3570 3467 3624 τὸ
3527 3571 3620 3638 μὲν
3681 3570 3822 3624 ἀπο-

2181 3657 2494 3734 στρέφεσθαι
2545 3657 2634 3711 καὶ
2699 3663 2876 3730 μισεῖν
2935 3658 3022 3712 καὶ
3085 3659 3293 3734 χαίρειν
3343 3659 3455 3730 ἐᾷν,
3502 3663 3599 3714 τοῦ
3647 3657 3696 3714 δ’
3743 3660 3822 3719 ὡς

2183 3746 2554 3823 κοινωφελοῦς
2603 3746 2766 3820 λόγον
2809 3749 3145 3802 παντάπασιν
3187 3745 3392 3824 Ἱσχειν,
3441 3750 3530 3804 καὶ
3585 3749 3826 3822 μάλιττά

2183 3857 2242 3910 γε
2297 3840 2394 3890 τοῦ
2441 3843 2540 3903 τῆς
2590 3837 2779 3912 σοφίας
2839 3839 3169 3914 χρήματος·
3211 3841 3247 3912 ᾗ
3297 3843 3556 3894 τοσοῦτον
3611 3845 3710 3894 τοῦ
3769 3842 3826 3894 εὗ

2185 3923 2333 4001 ἔχειν
2389 3927 2652 3998 περίεστι,
2701 3927 2794 3980 καὶ
2844 3925 2988 3980 οὕτω
3041 3926 3306 4001 μεγίστων
3339 3927 3578 3998 ἀξιοῦται
3606 3929 3668 3984 τὸ
3705 3931 3830 3984 κατ’

2185 4015 2378 4084 αὐτὴν,
2413 4015 2488 4078 ὡς
2519 4016 2596 4087 μὴ
2641 4015 2801 4088 μόνον
2827 4015 2830 4018 ’
2853 4016 3174 4088 ξυμπάντων
3213 4023 3322 4071 τῶν
3359 4019 3486 4090 παρ’
3519 4018 3830 4090 ἀνθρώποις

2191 4103 2492 4178 βελτίστων
2549 4107 2769 4174 ταυτηνὶ
2827 4103 3126 4178 κεφάλαιον
3203 4105 3388 4176 οὖσαν,
3464 4108 3830 4180 θαυμάζεσθαι

2192 4193 2285 4265 μὲν
2355 4193 2444 4269 ὑφ’
2509 4195 2781 4264 ἁπάντων,
2861 4191 3178 4266 εὐδαίμονας
3266 4193 3322 4250 δὶ
3385 4197 3511 4258 τοὺς
3575 4199 3834 4270 ξυνόντας

2189 4289 2388 4354 ποιεῖν,
2419 4287 2487 4356 τῇ
2520 4304 2578 4338 τε
2607 4282 2753 4358 ἄλλῃ
2796 4283 2884 4338 καὶ
2922 4287 3001 4354 τῷ
3037 4283 3172 4358 πρὸς
3209 4286 3276 4338 τὰ
3317 4285 3518 4357 βελτίω
3559 4305 3830 4362 χειραγω-

2189 4377 2324 4448 γεῖν,
2357 4372 2447 4426 καὶ
2503 4373 2576 4432 ὡς
2625 4371 2850 4442 ἀληθῶς
2879 4374 3132 4446 πρέποντ’
3179 4373 3510 4448 ἀνθρώποις,
3555 4374 3702 4430 ἀλλὰ
3739 4377 3832 4431 καὶ

2189 4461 2386 4534 ἀρετῆς
2417 4465 2482 4530 ἧς
2525 4459 2680 4516 οὐδὲν
2723 4463 3072 4536 τιμιώτερον,
3129 4463 3312 4537 ὥσπερ
3357 4463 3478 4518 τινὰ
3520 4473 3626 4520 τῶν
3677 4463 3834 4521 δεόνο

2191 4573 2298 4606 των
2357 4551 2652 4627 εἰσηγητὴν
2707 4552 2795 4606 καὶ
2853 4553 3106 4628 συνεργὸν
3153 4554 3313 4610 εἶναι.
3371 4555 3444 4610 Τὸ
3511 4555 3614 4629 γὰρ
3661 4557 3730 4610 τά
3775 4579 3836 4612 τε

2747 4639 2931 4717 διορᾷν
2985 4637 3152 4718 ἔχειν,
3201 4645 3290 4698 καί
3322 4643 3354 4698 ἃ
3385 4641 3466 4700 δεῖ
3511 4651 3726 4720 φρονεῖν
3779 4668 3836 4702 τε

2193 4733 2282 4786 καὶ
2323 4731 2579 4806 πράσσειν
2625 4733 2912 4807 αἱρεῖσθαι,
2957 4731 3046 4786 καὶ
3107 4729 3276 4804 μηδὲν
3335 4731 3436 4806 ἔξω
3491 4731 3588 4788 τδῢ
3643 4757 3836 4810 γιγνο-

2197 4819 2361 4894 μένου
2407 4827 2633 4896 χωρεῖν,
2681 4819 2828 4876 ἂλλὰ
2875 4822 2994 4883 τοῖς
3057 4821 3360 4895 βελτίστοις
3409 4828 3538 4877 πᾶσι
3605 4825 3694 4878 καὶ
3745 4823 3838 4880 διὰ

2195 4911 2408 4978 πάντῳς
2465 4907 2688 4965 εἰσάπαδ
2747 4911 2988 4983 ἀρέὺκειν
3045 4909 3358 4986 βούλεσθαι,
3405 4913 3494 4966 καὶ
3558 4909 3706 4974 ὅλως
3755 4913 3836 4968 εἲ-

2197 4995 2340 5053 δέναι
2371 5001 2507 5054 κατὰ
2551 5001 2646 5054 τὸν
2693 4998 2982 5062 Πλάτωνος
3033 4999 3220 5076 λόγον,
3267 5002 3321 5054 τί
3369 5001 3431 5056 τὸ
3479 5001 3536 5056 ὃν
3589 5001 3682 5073 μὲν
3727 5002 3836 5074 ἀεὶ,

2195 5089 2398 5163 γένεσιν
2432 5085 2488 5142 δὲ
2519 5089 2620 5144 οὐκ
2643 5083 2790 5164 ἕχον,
2822 5087 2912 5143 καὶ
2941 5089 2994 5142 τί
3047 5089 3112 5144 τὸ
3161 5090 3483 5164 γιγεόμενον
3531 5089 3648 5163 μὲν,
3683 5093 3742 5146 ὃν
3781 5089 3840 5148 δὶ

2197 5174 2476 5242 οὐδεποτε,
2516 5177 2606 5232 καὶ
2655 5181 2735 5250 τῷ
2776 5177 2871 5250 μὶν
2909 5178 2984 5239 ὡς
3027 5175 3182 5232 οὐδὲν
3233 5175 3349 5233 ὄντι
3393 5179 3611 5255 φράζειν
3663 5178 3838 5256 ἐβρὧ“

2199 5269 2340 5338 σθαι,
2369 5269 2432 5322 τὸ
2461 5265 2508 5322 δ’
2538 5269 2614 5329 ὡς
2653 5265 2876 5338 ἀληθῶς
2915 5267 2974 5322 ’ὀν
3015 5265 3074 5321 ἐκ
3119 5267 3320 5329 παντὸς
3367 5267 3571 5342 τρόπον
3621 5266 3844 5326 διώκειν

2197 5378 2255 5414 τε
2293 5357 2382 5412 καὶ
2437 5362 2641 5427 ζητεῖν,
2691 5357 2779 5412 καὶ
2835 5357 2965 5412 Θεὸν
3017 5357 3148 5410 εἶναι
3196 5360 3312 5418 τοῖς
3365 5357 3594 5430 τρόποις
3647 5367 3840 5434 πειρᾶ-

2201 5449 2342 5514 σθαι,
2407 5448 2466 5515 ἣν
2535 5446 2624 5502 καὶ
2717 5443 3060 5514 τελεωτάτην
3153 5445 3326 5520 φαμὲν
3389 5444 3605 5518 ἀρετὴν,
3671 5451 3844 5504 ταῦτα

2199 5539 2372 5592 πάντα
2430 5535 2622 5614 σοφίας
2675 5533 2787 5591 ἔστὶ
2837 5536 2928 5590 καὶ
2989 5535 3160 5612 λόγου
3221 5533 3312 5589 καὶ
3367 5539 3464 5590 τοῦ
3511 5542 3614 5605 τῆς
3653 5539 3844 5613 ψυχῆς

2201 5631 2523 5702 γνιοστικοῦ.
2567 5625 2631 5680 Ei
2661 5625 2840 5680 τοίνυν
2885 5623 3082 5698 ἆρετήν
3120 5627 3282 5695 τιμᾷν
3327 5621 3553 5694 οἰόμεθα
3595 5621 3702 5679 δεῖν
3753 5627 3845 5681 καὶ

2199 5715 2324 5792 περῖ
2372 5715 2630 5771 πλείστου
2667 5715 2894 5788 τιθέναι,
2953 5715 3045 5769 ἅτε
3099 5713 3167 5768 τὰ
3223 5711 3362 5787 πρὸς
3419 5713 3546 5768 Θεὸν
3601 5715 3738 5788 ἡμῖν
3786 5715 3844 5772 εὖ
