4154 6216
255 411 364 474 509

1243 411 1531 475 ORATIO
1577 415 1678 474 DE
1722 412 2230 476 SUBDITORUM
2275 411 2624 474 OFFICIIS.

3521 408 3638 470 510

262 547 402 620 μάλα
450 545 851 622 συναῖρομένην,
884 553 1001 609 πῶς
1051 546 1149 602 οὐκ
1190 548 1251 602 ἂν
1300 547 1524 611 εἰκότως
1564 545 1708 602 πολὺ
1750 549 1886 620 πρό-

2003 548 2310 613 rationem,
2344 558 2625 612 tenemus,
2653 546 2957 616 prudentia
2980 543 3306 599 exercenda
3337 546 3425 597 et
3482 543 3634 613 quod

1046 638 1110 703 ἧς
1161 634 1294 704 αὕτη
1348 634 1694 704 συνίσταται;
1751 634 1886 688 ὥστε

259 724 300 777 εἰ
359 724 515 797 λόγος
574 726 711 796 ἡμῖν
770 730 988 795 αρετῆς,
1047 724 1306 793 ἀσκητέον
1362 723 1421 778 ἃν
1483 723 1566 794 εἰή

262 656 404 706 τερον
440 635 592 710 socia
643 639 877 707 τιμῷτο,
927 635 997 688 δι’

1645 724 1882 793 καθέπαξ

259 814 434 885 σοφίαν
486 815 749 886 χρήματα
809 812 1112 889 εἰστέρουσι
1177 815 1264 868 καὶ
1328 816 1554 886 μισθοὺς
1608 817 1886 869 κατατιθε-

259 905 426 973 μένοις
482 903 718 974 ἑτοίμως
746 921 759 932 ⁸
819 901 1059 973 μάλιστα
1103 903 1196 975 μὲν
1239 901 1327 958 διὰ
1375 902 1437 957 τό
1480 901 1649 973 μηδέν
1680 925 1734 958 τι
1776 909 1883 956 τῶν

258 993 451 1064 ἀγαθῶν
502 990 731 1064 ἄμισθον
783 993 937 1060 εἶναι,
987 991 1132 1047 ἀλλά
1193 993 1419 1064 μισθοὺς
1477 992 1726 1048 ἁπάντων
1775 993 1886 1064 ἐξα-

254 1083 445 1155 νάγκης
511 1081 784 1155 ὡρίσθαιο
858 1079 1025 1136 ἔπειθ’
1093 1083 1176 1136 ὅτι
1262 1084 1348 1136 καὶ
1421 1082 1616 1137 τούτου
1688 1083 1885 1156 χωρές,

261 1169 471 1240 μισθοὺς
529 1170 664 1244 ὓπερ
708 1175 813 1225 τῶν
864 1170 1044 1243 λόγων
1093 1166 1436 1240 καταϐαλεῖν,
1478 1173 1613 1243 τιμή
1646 1171 1680 1245 ᾖ
1711 1171 1886 1244 λόγων

256 1259 442 1328 αὐτῶν,
503 1258 592 1314 καὶ
651 1264 880 1314 τοσοῦτο
943 1262 1168 1332 μείζων,
1209 1259 1332 1314 ὅσον
1385 1260 1474 1314 καὶ
1515 1259 1741 1321 πλείους
1794 1257 1884 1313 καὶ

253 1346 461 1423 προσέτι
522 1348 758 1425 εῧλογος
794 1369 805 1381 ·
867 1350 930 1404 οὐ
994 1351 1103 1422 μὴν
1160 1348 1307 1404 ἀλλά
1363 1350 1452 1403 καὶ
1509 1350 1590 1404 ὅτι
1651 1349 1886 1420 μάλιστα

251 1441 400 1490 τοῦτο
425 1442 543 1497 τοῖς
595 1457 652 1490 τε
703 1434 851 1490 δοῦσι
904 1443 1020 1499 τοῖς
1066 1459 1124 1492 τε
1176 1432 1404 1492 λαϐοῦσι
1459 1435 1758 1506 λυσιτελὲς,
1797 1437 1886 1491 καὶ

255 1521 380 1577 πάνυ
424 1545 507 1578 τοι
559 1528 698 1600 πρὸς
747 1532 892 1605 σφῶν
943 1524 1142 1581 αὐτῶν.
1191 1529 1351 1580 ’Ὀταν
1401 1527 1503 1601 γὰρ
1533 1527 1584 1579 οἱ
1633 1526 1726 1596 μέν
1777 1525 1884 1579 ὅτι

253 1613 576 1683 παρέξονται,
611 1617 662 1668 οἱ
697 1613 741 1669 δ’
772 1617 800 1670 ’ὀ
830 1636 880 1668 τι
933 1613 1204 1688 λήψονται
1236 1616 1369 1669 κατά
1415 1620 1538 1668 νοῦν
1583 1615 1687 1669 αἰεὶ
1729 1615 1889 1686 στρέ-

1705 1699 1888 1779 ἔργοις

252 1794 634 1865 προσέξουσινο
671 1796 722 1847 οἱ
774 1797 894 1865 μὲν,
946 1792 1085 1848 ὥστε
1145 1791 1492 1866 μεταδιδόναι
1542 1793 1732 1870 σοφίας
1779 1798 1885 1846 τῶν

253 1723 402 1778 φωσι,
469 1704 885 1779 προθυμότερον
955 1703 1088 1778 ἄγαν
1166 1705 1432 1778 ἑκάτεροι,
1507 1710 1622 1766 τοῖς

255 1886 372 1959 παρ’
409 1883 596 1944 αύτοῖς
638 1883 880 1958 ἀγαθῶν,
929 1884 978 1937 o't
1012 1881 1057 1936 δ’
1098 1882 1229 1936 ὥστ’
1278 1884 1453 1937 αὐτῶν
1506 1882 1885 1958 μετειληφέναι
1920 1917 1966 1982 Β

254 1974 516 2050 γνησίως·
563 1973 628 2028 οὗ
675 1979 859 2045 μεῖζον
899 1969 1051 2028 οὐδὲν
1093 1971 1146 2028 ἐν
1187 1973 1516 2046 ἀνθρώποις,
1571 1977 1773 2046 μικροῦ
1804 1994 1886 2027 τι-

254 2085 334 2126 νος
370 2062 634 2135 ἀργυρίου
682 2065 782 2130 αήν
834 2061 895 2116 ἐκ
940 2065 1048 2117 τῶν
1099 2061 1278 2136 λόγων
1335 2058 1682 2133 εὐδαιμονίαν
1726 2061 1889 2135 πρία-

254 2155 401 2207 σθαι·
448 2153 592 2207 ὥστε
630 2152 719 2206 καὶ
765 2154 793 2206 ὁ
836 2151 1058 2224 μισθοὺς
1105 2152 1419 2226 ἀποστερῶν
1463 2153 1703 2222 τουτουὶ,
1755 2155 1890 2206 θαυ-

258 2242 400 2312 μάζω
452 2241 498 2295 εἰ
552 2243 630 2312 μή
684 2263 768 2304 τις
818 2241 963 2314 αὐτῷ
1017 2241 1183 2316 λάχοι
1233 2240 1573 2315 παρανομίας
1628 2239 1886 2315 ἐσχάτης.

255 2331 307 2386 Εἰ
344 2330 441 2406 γὰρ
474 2332 606 2390 τοὺς
638 2329 726 2384 ἐπὶ
767 2335 874 2384 τῶν
933 2329 1121 2384 ἀλλων
1169 2335 1374 2404 τεχνῶν
1411 2351 1469 2384 τε
1507 2331 1596 2383 καὶ
1635 2330 1887 2404 πραγμά-

254 2442 351 2474 των
409 2421 569 2474 ταυτὶ
627 2418 1092 2492 πλημμελοῦντας
1151 2421 1483 2493 παρανόμων
1544 2420 1886 2494 γραφόμεθα,

257 2508 444 2580 πολλῷ
490 2507 713 2581 μᾶλλον
763 2508 850 2564 ἐπὶ
899 2514 1008 2564 τῶν
1054 2507 1230 2583 λόγων
1288 2508 1462 2564 αὐτῶν
1523 2510 1672 2564 ταῦτ’
1731 2511 1888 2580 οἶμαι

257 2606 442 2672 χοῆναι
503 2600 752 2670 νομίζειν
787 2615 802 2631 ·

255 2709 403 2759 πους,
433 2688 468 2762 ᾖ
493 2710 629 2765 φησι
675 2687 927 2759 Πλάτων,
969 2688 1082 2742 οὔθ’
1129 2691 1254 2756 ἧκεν
1293 2685 1410 2743 οὔθ’
1448 2688 1563 2758 ἣξει
1608 2688 1739 2742 ποτὶ
1778 2685 1892 2742 δω-

255 2780 404 2852 ρηθὶν
439 2778 499 2832 ἐκ
529 2781 688 2833 Θεοῦ,

321 2870 388 2937 ηπ
420 2871 537 2922 Ἵνα
587 2864 644 2922 δὶ
691 2869 742 2922 οἳ
789 2871 884 2929 τὰς
932 2865 1124 2941 τέχνας
1171 2865 1437 2937 δήπουθεν
1489 2867 1764 2936 μετιόντες
1813 2868 1888 2938 μὴ

254 2958 388 3010 τοῦτ’
420 2957 553 3011 αὐτὸ
611 2958 773 3029 μόνον
819 2954 1180 3029 εὐδοκιμῶσι,
1233 2954 1362 3028 μηδ’
1395 2956 1444 3028 ἐξ
1478 2955 1732 3028 ἡμισείας
1792 2953 1893 3010 ὦσι

255 3049 313 3117 τῇ
343 3046 502 3101 πόλει
539 3047 802 3121 χρηστοὶ,
834 3046 867 3100 ἃ
901 3047 1074 3120 μόνης
1119 3046 1342 3121 εἰρήνης
1375 3044 1514 3100 ἐστὶν
1557 3040 1689 3120 ἔργα
1727 3043 1889 3099 πολι-

253 3134 547 3207 τετόμενοι,
601 3135 730 3190 ἀλλ’
785 3133 956 3210 ἔχωσι
1006 3135 1104 3189 κάν
1152 3138 1219 3208 τῇ
1270 3137 1462 3208 γνώμῃ
1512 3135 1751 3189 νεανικὸν
1800 3133 1891 3188 καὶ

255 3224 755 3297 παρεσκευασμένον
803 3224 879 3284 εἷς
941 3225 1149 3302 μάχας,
1200 3221 1387 3292 ἐπειδή
1430 3225 1518 3278 καὶ
1556 3223 1751 3278 τούτου
1795 3221 1891 3294 μέ-

856 2603 1102 2654 τοιοῦτον
1163 2599 1266 2672 γὰρ
1316 2597 1515 2670 ἀγαθὸν
1558 2598 1634 2661 εἰς
1679 2598 1888 2672 ἀνθρώ-

1997 655 2434 711 retributionem
2455 663 2508 708 et
2524 653 2761 724 praemia
2783 653 3008 720 tribuit;
3029 651 3169 706 nihil
3196 652 3350 707 enim
3373 666 3440 706 ex
3462 651 3633 706 rebus

1992 780 2122 819 vere
2138 763 2325 828 bonis,
2343 762 2574 835 pramio
2588 762 3178 832 caret,qu;eomnibus
3190 762 3625 818 conditionibus

1995 871 2301 943 praeposita
2329 875 2487 926 sunt.
2520 870 2879 940 Caeteroquin
2913 868 3159 924 scientia
3187 885 3419 940 quoque
3475 885 3627 924 mer-

1995 983 2191 1038 cedem
2236 997 2403 1037 suam
2457 980 2648 1045 habet,
2698 983 2859 1034 tanto
2909 980 3190 1049 majorem
3241 986 3458 1050 quanto
3512 979 3641 1049 ipsa

1997 1108 2196 1162 reapse
2228 1090 2540 1164 processit;
2571 1106 2705 1144 nam
2739 1088 2838 1158 qui
2867 1088 3008 1142 dant
3031 1103 3194 1158 eque
3235 1104 3301 1143 ac
3350 1086 3452 1159 qui
3503 1089 3643 1144 reci-

1998 1199 2187 1270 piunt,
2220 1197 2602 1268 sibimetipsis
2624 1199 2887 1265 prosunt.
2921 1194 2975 1248 Si
3006 1194 3162 1249 enim
3194 1193 3290 1248 alii
3322 1194 3463 1266 quid
3495 1195 3636 1250 dent

1995 1312 2168 1380 atque
2191 1306 2288 1362 alii
2320 1306 2458 1377 quid
2492 1304 2779 1376 accipiant
2812 1303 3210 1359 indesinenter
3257 1307 3389 1358 ante
3437 1302 3638 1360 oculos

1996 1416 2229 1481 habent,
2264 1415 2495 1486 utrique
2525 1431 2670 1486 opus
2693 1429 2863 1468 suum
2884 1412 3184 1467 ardentius
3217 1416 3628 1482 exaequentur;

1998 1525 2055 1580 hi
2090 1529 2150 1580 ut
2180 1523 2524 1596 sapientiam
2557 1539 2732 1594 quam
2762 1521 2871 1593 ipsi
2920 1521 3238 1592 possident,
3291 1521 3423 1575 aliis
3480 1535 3642 1575 com-

1999 1633 2450 1701 municent;illi
2485 1636 2547 1687 ut
2585 1647 2859 1702 generoso
2917 1632 3115 1686 animo
3169 1630 3477 1703 accipiant.
3543 1629 3639 1685 Ni-

1998 1739 2076 1796 hil
2110 1757 2252 1796 sane
2283 1741 2578 1811 acceptius
2609 1755 2779 1810 quam
2807 1755 2982 1810 parvo
3016 1737 3202 1809 pretio
3241 1737 3636 1809 eloquentiam

2001 1863 2356 1918 comparare,
2380 1855 2432 1902 et
2463 1846 2552 1902 his
2582 1861 2651 1902 ex
2683 1845 2856 1902 rebus
2898 1847 3057 1900 fraus
3108 1860 3200 1902 res
3252 1849 3342 1900 est
3392 1843 3631 1901 minime

1988 1959 2170 2028 justa.
2203 1957 2262 2013 Si
2294 1955 2446 2013 enim
2479 1973 2578 2012 eos
2610 1956 2707 2026 qui
2741 1955 2894 2011 circa
2926 1958 3082 2011 artes
3111 1959 3169 2010 et
3198 1954 3437 2026 profana
3459 1969 3633 2025 nego-

1998 2068 2078 2123 tia
2108 2071 2370 2139 peccant,
2404 2071 2536 2122 ante
2565 2065 2818 2122 tribunal
2860 2065 3144 2132 sistimus,
3185 2073 3400 2138 quanto
3451 2065 3637 2137 magis

1996 2177 2054 2232 id
2084 2177 2296 2232 faciens
2326 2175 2386 2231 in
2418 2175 2663 2232 scientia
2694 2175 2937 2232 facultas
2967 2175 3097 2231 erit.
3131 2173 3365 2231 Platone
3399 2172 3637 2246 quidem

1999 2287 2168 2355 teste,
2197 2288 2428 2340 tantum
2461 2285 2679 2339 bonum
2723 2297 3022 2354 nunquam
3053 2279 3642 2353 obtigithominibus,

2001 2408 2186 2465 neque
2216 2391 2477 2462 obtinget
2505 2390 2803 2446 divinitus.

2070 2870 2124 2924 8.
2154 2869 2239 2949 pie
2281 2872 2477 2924 autem
2521 2867 2557 2922 ii
2609 2867 2708 2938 qui
2761 2871 2913 2923 artes
2965 2866 3167 2922 colunt
3211 2868 3282 2922 ob
3332 2865 3389 2920 id
3451 2865 3643 2921 solum

1999 2977 2323 3051 glorientur
2352 2992 2418 3032 ac
2452 2976 2667 3032 civitati
2699 2975 2900 3031 minus
2922 2991 3094 3046 quam
3135 2975 3349 3030 debent
3397 2977 3646 3046 prosint,

2002 3085 2231 3141 nonnisi
2266 3085 2428 3156 pacis
2458 3083 2689 3158 negotia
2739 3091 3093 3153 exercentes,
3125 3083 3242 3138 imo
3272 3083 3344 3139 ad
3385 3099 3507 3138 rem
3539 3081 3648 3138 mi-

2001 3191 2229 3246 litarem
2263 3206 2490 3262 quoque
2529 3189 2929 3264 accingamur,
2962 3188 3245 3260 siquidem
3291 3187 3512 3245 bellum
3562 3187 3645 3242 ita

256 3334 371 3388 ρους
412 3317 553 3386 ἡμῖν
585 3314 694 3392 οὐχ
718 3313 915 3382 ἥκιστα
965 3311 1068 3379 δεῖ,
1101 3311 1188 3368 διὰ
1225 3316 1289 3368 τὸ
1326 3318 1414 3368 τὸν
1466 3312 1580 3388 βίον
1624 3313 1698 3375 εἰς
1748 3313 1889 3386 εἰρή-

2001 3297 2146 3368 νυιι,
2180 3297 2318 3369 quia
2347 3299 2466 3353 vita
2495 3299 2554 3354 in
2587 3298 2805 3354 bellum
2837 3314 2904 3354 ac
2937 3313 3136 3370 pacem
3160 3295 3342 3352 divisa
3383 3301 3485 3356 est.
3510 3293 3639 3350 Pla-

255 3424 346 3472 νην
407 3404 499 3457 καὶ
579 3403 826 3476 πόλεμον
895 3401 1208 3478 διῃρῆσθαι,
1273 3405 1420 3459 ταῦτ’
1478 3401 1578 3476 ἄρα
1643 3403 1731 3457 καὶ
1797 3403 1890 3463 τάς

249 3497 497 3565 γυναῖκας
562 3492 704 3565 ἀξιοῖ
758 3491 983 3548 Πλάτων
1035 3492 1217 3567 ὥσπερ
1265 3493 1357 3554 τάς
1407 3492 1556 3568 ὅρνις
1608 3493 1739 3564 ὑπὲρ
1787 3496 1894 3546 τῶν

249 3588 496 3649 νεοσσῶν,
533 3583 713 3644 οὕτως
753 3581 843 3636 καὶ
883 3581 1079 3644 ταύτας
1122 3583 1254 3656 ὑπὲρ
1285 3587 1391 3636 τῶν
1434 3583 1650 3636 οἰκείων
1689 3579 1887 3636 τέκνων

252 3673 588 3745 ἀμυνομένας
649 3670 1016 3728 διανίστασθαι
1064 3672 1151 3728 καὶ
1204 3674 1382 3751 (φέρειν
1441 3670 1589 3727 ὅπλα
1633 3673 1721 3726 καὶ
1782 3693 1893 3727 πα-

254 3765 616 3834 ρατάττεσθαι,
677 3765 706 3818 ὃ
762 3763 895 3818 κάπὶ
952 3768 1060 3818 τῶν
1117 3765 1336 3818 Σκυθῶν
1393 3767 1480 3816 νῦν
1541 3759 1680 3817 ἔστιν
1736 3764 1887 3835 ὁρᾷν.

252 3853 442 3908 Τούτου
514 3855 677 3928 χάριν
732 3853 942 3909 κελεύω
997 3855 1204 3907 τούτων
1262 3850 1489 3907 ἕκαστον
1572 3851 1890 3906 παντοδαπά

254 3940 420 4010 δήπου
465 3945 810 4014 κτησάμενον
863 3941 1028 4012 ὅπλα,
1089 3947 1204 4003 τοῖς
1261 3943 1354 4015 μὲν
1407 3941 1455 4011 ἐξ
1500 3935 1653 4004 ἔθους
1707 3940 1886 4017 ἔργοις

251 4028 409 4084 πάντα
461 4026 644 4100 δήπου
700 4030 792 4083 τὸν
850 4029 1044 4103 χρόνον
1103 4027 1380 4100 ἐπιμελῶς
1443 4031 1571 4101 ἄγαν
1627 4033 1887 4104 προσκεῖ-

256 4120 384 4185 σθαι,
442 4119 532 4172 καὶ
601 4115 770 4190 μηδὲν
821 4117 1016 4171 ἀνιέναι
1066 4114 1308 4185 σπουδῆς
1341 4136 1353 4148 °
1407 4115 1534 4171 ἐπὰν
1585 4114 1642 4170 δὲ
1680 4117 1886 4171 τούτων

256 4207 456 4280 σχολήν
491 4205 686 4280 ἄγωσι,
726 4203 838 4261 τότ’
879 4205 987 4277 ἤδη
1041 4211 1156 4268 τοῖς
1216 4205 1409 4268 ὅπλοις
1459 4207 1758 4281 κεχρῆσθαι
1798 4205 1886 4260 καὶ

255 4294 468 4364 μελετᾷν
517 4295 616 4350 κάν
663 4301 780 4356 ταῖς
835 4296 1039 4370 μάχαις
1066 4311 1080 4326 ·
1132 4295 1211 4371 ἐφ’
1246 4296 1291 4367 ᾧ
1330 4293 1614 4366 πολεμίων
1660 4295 1780 4348 ποτ’
1828 4295 1889 4348 ἃν

249 4383 519 4453 ἐπιόντων,
582 4385 668 4439 καὶ
720 4386 1047 4461 πολιορκίας
1096 4386 1374 4454 ἐνστάσης,
1423 4385 1594 4447 οὕτως
1645 4383 1890 4459 ἐρρωμέ-

249 4495 344 4536 νως
412 4476 502 4529 καὶ
573 4475 710 4546 μετά
782 4475 1049 4546 τοσαύτης
1124 4477 1470 4530 ἀνθίστασθαι
1535 4482 1632 4543 τῆς
1708 4493 1885 4548 παρα-

254 4571 458 4632 σκευῆς,
513 4565 587 4625 ὡς
640 4563 858 4619 εἰσάπαν
899 4564 1165 4639 ἀντέχειν,
1211 4565 1300 4618 καὶ
1355 4561 1483 4636 μηδ’
1515 4561 1574 4616 ἄν
1610 4561 1654 4617 ἐξ
1697 4584 1750 4617 τι
1796 4564 1883 4617 καὶ

251 4651 459 4707 πάθοιεν
517 4655 616 4721 τήν
676 4655 825 4722 τάξιν
885 4652 1063 4709 λιπεῖν
1121 4651 1397 4722 ἐθελῆσαι,
1460 4649 1590 4724 μηδ’
1668 4653 1884 4728 ὑφέσθαι
1921 4669 1962 4731 D

252 4745 341 4794 τοῦ
365 4741 526 4796 τόνου
578 4742 666 4795 καὶ
719 4748 820 4810 τῆς
869 4741 1215 4816 προθέσεως·
1268 4741 1415 4796 ἀλλά
1460 4742 1596 4812 πρὸς
1643 4741 1722 4804 οἷς
1768 4738 1884 4814 ἔχει

257 4829 633 4903 στρατοπέδοις
677 4834 710 4898 ἡ
762 4831 945 4900 πόλις,
995 4833 1084 4887 γαὶ
1140 4831 1368 4893 τούτους
1420 4828 1748 4902 εὐδοκιμεῖν,
1795 4830 1885 4884 καὶ

255 4920 388 4994 χεῖρ’
448 4921 620 4989 αὐτῆς
670 4921 948 4990 σώζουσαν
1008 4921 1360 4996 ὑπερίσχειν·
1413 4921 1592 4974 καίτοι
1642 4919 1731 4973 καὶ
1780 4923 1886 4974 τῶν

256 5014 588 5081 στρατιωτῶν
636 5009 764 5072 τοὺς
821 5013 895 5082 μὴ
947 5013 1036 5066 καὶ
1083 5009 1369 5086 περιουσίᾳ
1419 5009 1726 5082 λαμπροὺς,
1757 5006 1888 5062 ἀλλ’

252 5096 428 5161 ἄλλως
459 5107 560 5168 τῆς
603 5102 778 5176 τύχης
827 5097 1078 5175 ἔχοντας,
1127 5103 1414 5174 ἀξιώσαιμ’
1470 5100 1529 5154 ἂν
1580 5093 1750 5174 ἔγωγε
1796 5099 1886 5153 καὶ

251 5193 447 5262 τεχνῶν
487 5189 856 5263 ἐπιστήμονας
887 5192 1045 5252 εἶναι,
1078 5191 1165 5245 καὶ
1224 5187 1365 5264 μηδέ
1413 5189 1615 5244 τούτων
1661 5189 1884 5264 ἀφεστά-

249 5298 327 5331 ναι
367 5283 473 5332 τῶν
532 5277 742 5347 ὅπλων,
789 5279 862 5334 'iv‘
911 5280 998 5335 ἐὰν
1030 5282 1077 5334 τ’
1117 5280 1206 5336 ἐπὶ
1257 5280 1536 5353 στρατείας
1586 5276 1883 5333 ἐπιλίπωσι

252 5367 563 5440 τάπιτήδεια
629 5373 803 5446 σφίσι,
875 5373 949 5445 μή
1017 5371 1314 5445 περιιόντες
1401 5371 1550 5430 εὐθὺς
1618 5366 1728 5422 ἄνω
1795 5369 1883 5422 καὶ

254 5459 391 5513 κάτω
447 5459 654 5514 τούτων
723 5459 895 5516 ε’ίνεκα
953 5460 1279 5516 διατιθεῖντο
1337 5461 1403 5515 τὰ
1459 5457 1626 5528 ὅπλα,
1684 5457 1774 5513 ἐάν
1827 5478 1884 5512 τε

252 5553 357 5607 τοῖς
398 5547 690 5620 πολεμίοις
733 5550 931 5618 ἁλῶσι,
988 5551 1137 5621 ξυνὸς
1188 5552 1294 5623 γὰρ
1343 5549 1648 5615 Ἐνυάλιος,
1703 5545 1882 5621 ἔχοιεν

255 5635 360 5690 ὅθεν
394 5636 450 5691 εὖ
500 5637 646 5711 μάλα
689 5638 1012 5709 διαιτᾶσθαι,
1062 5641 1151 5694 καὶ
1201 5637 1402 5714 διάγειν
1453 5634 1632 5713 ἔχοιεν
1681 5636 1764 5704 ἂν,
1794 5636 1881 5690 καὶ

259 5726 330 5794 μή
361 5727 494 5799 πρὸς
527 5734 642 5789 ταῖς
691 5726 929 5801 τριόδοις
974 5729 1211 5784 ἐπαιτεῖν
1262 5727 1566 5798 ἑστηκότες.
1624 5729 1780 5799 Ὁρᾷ-τ
1809 5725 1883 5787 ὡς

1997 3412 2052 3463 to
2086 3407 2206 3462 vult
2246 3411 2312 3463 ut
2343 3407 2575 3464 feminas
2613 3423 2838 3478 quoque
2886 3405 3042 3463 sicut
3096 3422 3230 3462 aves
3273 3404 3464 3477 pullos
3511 3420 3648 3461 suos

2000 3523 2383 3580 defendentes
2413 3540 2515 3596 pro
2547 3523 2746 3580 liberis
2778 3541 2941 3580 arma
2972 3524 3178 3592 ferant,
3220 3523 3373 3592 quod
3416 3538 3474 3578 re
3519 3537 3650 3578 vera

1997 3634 2188 3688 videre
2211 3637 2299 3689 est
2332 3633 2482 3704 apud
2509 3633 2777 3706 Scythas.
2813 3634 2927 3688 Has
2957 3631 3132 3703 igitur
3167 3630 3242 3686 ob
3292 3646 3500 3686 causa:
3543 3631 3645 3701 ju-

1996 3740 2100 3796 beo
2133 3744 2196 3794 ut
2227 3740 2633 3812 unusquisque
2663 3739 2833 3811 plura
2864 3755 3159 3794 armorum
3183 3753 3396 3810 genera
3417 3739 3644 3794 coemat

1992 3858 2048 3913 in
2078 3859 2264 3930 iisque
2296 3875 2358 3915 se
2401 3858 2718 3914 exercendo
2775 3862 3007 3926 tempus
3057 3855 3363 3927 transigat.
3413 3853 3643 3910 indesi—

1994 3975 2196 4021 nenter
2242 3980 2530 4037 pugnans,
2585 3969 2648 4018 ut
2723 3963 2954 4034 quando
3013 3963 3206 4017 hostes
3251 3961 3627 4032 irruptionem

1992 4077 2232 4132 fecerint
2261 4081 2318 4130 et
2347 4075 2574 4131 obsidio
2599 4073 3006 4141 immineat,ad
3041 4072 3430 4128 resistendum
3462 4087 3630 4143 para-

1993 4183 2056 4252 ti,
2081 4183 2219 4249 sint,
2254 4198 2357 4239 nec
2387 4186 2576 4238 castra
2605 4181 2875 4237 deserant
2905 4185 3006 4236 aut
3033 4196 3166 4235 cum
3199 4178 3452 4235 inimicis
3476 4179 3630 4252 paci-

1992 4305 2256 4368 scantur;
2308 4300 2459 4356 cives
2488 4300 2642 4355 enim
2679 4300 2820 4355 bene
2860 4297 3166 4370 praaparati
3207 4296 3352 4353 nihil
3403 4297 3634 4353 civitate

1993 4409 2299 4480 indignum
2333 4407 2720 4463 committant.
2755 4405 3040 4477 Equidem
3072 4421 3171 4462 eos
3201 4421 3436 4478 quoque
3479 4404 3634 4460 mili-

1993 4522 2080 4571 tes
2118 4516 2327 4586 quibus
2372 4516 2601 4571 fortuna
2634 4531 2749 4570 non
2797 4513 3031 4580 arridet,
3073 4512 3456 4570 nihilominus
3503 4509 3632 4568 volo

1994 4623 2204 4678 artium
2241 4622 2454 4694 peritos
2479 4639 2626 4688 esse,
2661 4638 2847 4694 neque
2876 4637 3171 4678 armorum
3214 4637 3321 4676 usu
3345 4619 3635 4676 abstinere

2001 4755 2072 4794 ne
2101 4738 2161 4794 in
2188 4755 2379 4794 rerum
2421 4743 2573 4794 statu
2607 4739 2879 4811 ambiguo
2916 4738 3272 4809 trepidantes
3319 4751 3481 4791 arma
3528 4734 3638 4788 do-

2001 4851 2241 4916 ponant,
2266 4862 2406 4902 neve
2429 4846 2662 4918 quando
2683 4847 2753 4902 ab
2787 4845 3052 4902 hostibus
3073 4843 3225 4914 capti
3260 4838 3636 4912 fuerint(belli

1999 4970 2249 5023 namque
2287 4970 2415 5010 sors
2444 4955 2798 5025 communis)
2831 4954 3004 5009 rebus
3036 4953 3107 5007 ad
3155 4952 3332 5007 vitam
3371 4964 3636 5006 necessa-

1999 5071 2103 5126 riis
2129 5071 2393 5128 destituti
2414 5072 2471 5127 in
2503 5072 2690 5128 triviis
2724 5072 2975 5142 denique
2997 5070 3204 5141 stipem
3234 5066 3633 5140 erogentJam

1997 5179 2159 5235 vides
2190 5179 2337 5249 quod
2373 5178 2517 5249 ipsis
2551 5178 2834 5235 militibus
2864 5179 3079 5232 artium
3118 5175 3326 5248 peritia
3374 5189 3465 5229 res
3515 5172 3635 5228 tieri

1999 5290 2190 5359 potest
2219 5285 2740 5358 opportunissima,
2774 5285 2885 5341 imo
2927 5285 3081 5358 quod
3133 5299 3222 5340 res
3267 5281 3536 5339 militaris
3583 5284 3642 5335 et

2001 5411 2297 5452 armorum
2331 5411 2497 5464 usus,
2537 5400 2594 5450 et
2644 5395 2841 5452 hostes
2870 5395 3128 5466 aggredi,
3154 5408 3394 5450 manum
3430 5405 3640 5462 oppor-

1999 5519 2142 5568 tuno
2175 5518 2426 5584 tempore
2469 5528 2791 5579 conserere,
2843 5529 2944 5583 per
2993 5529 3056 5568 se
3113 5528 3208 5567 ars
3255 5514 3343 5566 est
3382 5507 3640 5566 admira-

2000 5623 2154 5678 tione
2202 5621 2398 5693 digna.
2458 5622 2698 5692 Semper
2748 5621 2905 5676 enim
2972 5627 3029 5677 et
3097 5619 3308 5690 ubique
3352 5619 3641 5690 ejusmodi

1998 5730 2105 5787 viri
2160 5730 2498 5801 adjumento
2546 5734 2736 5802 erunt,
2787 5733 2852 5787 ut
2887 5745 3058 5788 nemo
3097 5744 3254 5785 suum
3301 5725 3510 5785 mentis
3557 5725 3644 5782 ci-
