4154 6216
470 369 578 432 511

472 631 702 688 quoque
759 620 948 678 ofﬁcio
1032 642 1138 681 suo
1223 630 1551 690 satisfacere
1601 640 1702 691 aut
1759 639 1898 694 urbe
1955 640 2111 698 exire

473 729 776 796 cogantur.
811 729 951 798 Spes
974 733 1129 790 enim
1163 739 1253 792 est
1285 741 1346 793 ut
1373 740 1457 795 sic
1488 743 1754 800 meliores
1784 745 1917 802 facti
1952 746 2110 819 digni

475 831 614 888 ﬂant
645 834 744 905 qui
777 835 834 892 in
879 841 1130 909 patriam
1187 846 1552 904 reducantur.
1603 851 1915 924 Postquam
1953 856 2108 912 enim

472 954 668 995 rerum
717 947 1002 1015 angustiis
1058 951 1244 1007 vexati
1295 953 1526 1026 fuerint,
1577 973 1790 1015 novum
1839 961 2110 1020 exsilium

472 1047 788 1116 prudenter
817 1053 1138 1112 evitabunt.

547 1801 600 1854 9.
637 1801 692 1855 Si
727 1803 912 1856 autem
951 1801 1271 1874 hucusque,
1295 1806 1859 1880 caeterisexemplum
1883 1812 2115 1869 imitan-

1763 395 2156 459 THEODULI
2200 399 2550 467 MONACHI

469 523 594 562 vem
649 509 926 582 ignavum
995 532 1107 572 non
1157 535 1307 593 aagre
1367 523 1528 580 feret.
1577 527 1720 591 Quid
1777 529 1990 602 plura?
2039 533 2105 588 Hi

2232 538 2301 591 ιαῖ
2363 545 2479 602 τοῖς
2539 549 2988 619 στρατευομένοις

3751 431 3870 493 512

3037 551 3175 609 ἔστιν
3207 553 3296 612 ὅτε
3325 559 3387 613 τὸ
3416 564 3524 615 τῶν
3571 569 3784 639 τεχνῶν
3817 563 3866 620 ἐν

2219 633 2390 699 καιρῷ
2443 631 2640 702 γένοιτ’
2697 633 2797 705 ἃνς
2849 639 2954 694 Καὶ
3004 643 3111 712 μὴν
3157 647 3245 699 καὶ
3299 647 3430 703 αὐτὸ
3487 653 3872 726 στρατεύεσθαι

2219 714 2308 770 καὶ
2367 717 2512 774 ὅπλα
2563 727 2960 799 μεταχειρίζειν
3012 728 3231 800 εἰδέναι,
3291 736 3538 797 καὶπῶς
3595 745 3684 798 καὶ
3736 743 3874 796 πότε

2219 809 2308 862 καὶ
2358 809 2508 874 ὅπως
2554 821 2671 880 τοῖς
2719 819 3010 894 πολεμίοις
3059 825 3356 897 ἐπιθέσθαι,
3407 829 3497 884 καῖ
3555 829 3874 904 ξυμϐαίνειν

2221 897 2280 998 ἢ.
2320 902 2418 972 μὴ,
2477 903 2646 998 τέχνη
2705 910 2789 970 τίς
2847 913 3156 986 Θαυμάσττς.
3215 919 3353 974 Εἶτα
3395 925 3512 982 τοῖς
3565 897 3672 992 ⁷μέν
3725 928 3872 998 πρὸς

2223 989 2408 1044 αὐταῖς
2464 993 2684 1058 ταύταις
2741 999 2830 1053 καὶ
2887 1001 3084 1077 ἑτέρων
3146 1003 3218 1059 δι’
3271 1001 3406 1083 ἅπερ
3466 1003 3601 1088 ἔφην
3659 1009 3876 1068 δεῖσθαι

2223 1075 2425 1150 δεήσει,
2457 1087 2572 1144 τοῖς
2605 1081 2663 1140 δὲ
2701 1087 2883 1163 ἀργῶς
2914 1085 3103 1166 ἔχουσι
3134 1099 3242 1150 τῶν
3271 1099 3534 1168 πολιτῶν,
3568 1100 3688 1156 οὐδ’
3718 1105 3878 1172 ἡστι-

2222 1171 2414 1221 νοσοῦν
2471 1171 2534 1224 τὸ
2593 1177 2870 1248 παράπαν,
2929 1181 3019 1236 καὶ
3075 1185 3228 1240 ταῦτ’
3281 1186 3556 1260 ἀνέξονταί
3601 1212 3742 1254 τινες
3811 1193 3874 1247 εὗ

2225 1262 2582 1354 φρονοῦντες,
2629 1263 2914 1340 Μηδαμῶς
2940 1289 2954 1302 ·
3008 1271 3156 1330 ἀλλά
3201 1274 3350 1333 δυοῖν
3403 1281 3623 1354 θάτερον
3660 1301 3674 1313 ·
3707 1283 3742 1351 ἢ
3776 1285 3870 1338 καὶ

2224 1347 2375 1402 οὗτοι
2423 1352 2592 1406 ταυτὰ
2648 1361 2766 1419 τοῖς
2827 1355 3022 1426 ἄλλοις
3076 1366 3330 1439 πράττειν
3379 1367 3636 1439 ἑλέσθων,
3687 1373 3720 1442 ἦ
3767 1379 3874 1442 τῆς

2224 1435 2440 1498 πόλεως
2501 1437 2886 1514 έκϐεϐλήσθων
2920 1468 2934 1482 ’
2986 1435 3230 1525 γένοιντο
3280 1457 3382 1531 γάρ
3433 1459 3492 1513 ἂν
3537 1459 3679 1524 ’ίσως
3724 1461 3875 1516 οὕτω

2230 1523 2478 1596 βελτίους
2535 1531 2623 1584 καὶ
2680 1536 2818 1606 πρὸς
2869 1539 2967 1607 τήν
3026 1541 3254 1599 κάθοδον
3311 1546 3585 1626 εὐτυχεῖς,
3644 1555 3754 1604 τῶν
3822 1552 3878 1604 τ’

2227 1612 2525 1686 ἀναγκαίων
2582 1618 2633 1672 ἐν
2695 1624 2853 1696 χρείᾳ
2915 1631 3330 1702 καθεστηκότες,
3385 1641 3487 1705 τῆς
3557 1658 3616 1692 τε
3689 1643 3876 1714 φυγῆς

2225 1702 2323 1770 τήν
2357 1703 2528 1760 αἰτίαν
2568 1711 2704 1765 κατὰ
2732 1718 2859 1767 νοῦν
2891 1715 3194 1794 εἰληφότες.

2297 1792 2364 1849 θ’.
2399 1793 2474 1850 Ού
2511 1799 2619 1868 μὴν
2660 1798 2804 1855 ἁλλά
2844 1807 2929 1859 καὶ
2978 1807 3050 1860 ὧν
3092 1812 3184 1862 νῦν
3230 1811 3337 1866 ἀπὸ
3383 1817 3480 1867 τοῦ
3524 1817 3876 1890 παρήκοντος

477 1907 614 1962 dum
647 1907 1071 1980 propositurus,
1106 1909 1360 1968 militum
1395 1915 1744 1973 mentionem
1789 1919 1915 1988 feci,
1966 1927 2019 1975 et
2067 1920 2116 1976 si

2232 1889 2359 1954 ὑπὲρ
2390 1889 2486 1938 τοῦ
2517 1889 2887 1961 παρακαλέσαι
2937 1893 3117 1964 δήπου
3165 1900 3290 1961 τοὺς
3328 1900 3536 1965 ἄλλους
3585 1889 3872 1976 ἐμνήσθην

479 2016 634 2086 quod
680 2016 840 2072 hisce
891 2018 1162 2088 prodesse
1211 2025 1402 2090 potest
1449 2023 1508 2078 in
1559 2024 1816 2082 medium
1867 2028 2114 2098 profero,

478 2123 626 2178 bene
657 2123 784 2178 novi
807 2124 1040 2180 modum
1073 2141 1164 2180 me
1196 2128 1515 2184 excessisse
1547 2147 1661 2186 non
1693 2149 1864 2203 posse
1895 2134 2112 2204 videri;

477 2229 654 2286 rebus
684 2230 839 2286 enim
871 2230 1187 2290 inserviens
1210 2250 1308 2290 eos
1330 2236 1431 2306 qui
1453 2243 1660 2308 sponte
1691 2245 2066 2310 peccaverant
2087 2258 2120 2298 a

475 2337 614 2392 vitio
648 2338 930 2395 abductos
956 2341 1024 2395 ad
1057 2340 1330 2397 virtutem
1374 2343 1648 2411 conduxi,
1699 2347 1869 2417 idque
1902 2347 2006 2404 feci
2057 2353 2122 2403 ut

477 2445 756 2512 civitates,
782 2451 986 2518 gentes
1013 2447 1144 2520 pagi
1179 2449 1305 2506 sine
1337 2451 1680 2508 difﬁcultate
1711 2453 1943 2509 illorum
1977 2471 2119 2526 pra;-

476 2555 630 2610 sidio
661 2556 778 2610 frui
808 2561 1068 2628 possent,
1093 2559 1234 2630 quin
1267 2560 1378 2615 sub
1423 2562 1616 2633 specie
1667 2563 1932 2620 beneficii
1987 2563 2122 2622 belli

482 2675 774 2716 aerumnas
805 2662 1226 2736 experirentur.
1261 2669 1424 2722 Nunc
1454 2667 1686 2738 quidem
1711 2685 1824 2725 non
1847 2669 2123 2742 nisiaegro

482 2767 679 2822 animo
711 2767 974 2825 retulerit
1005 2771 1236 2842 aliquis,
1269 2789 1396 2844 quea
1428 2774 1597 2830 urbes
1629 2777 1886 2846 quaedam
1920 2793 2122 2848 perpe-

483 2869 720 2930 tiuntur.
755 2875 902 2931 Dum
953 2877 1108 2931 enim
1154 2879 1361 2949 aliqua:
1409 2895 1478 2936 ex
1529 2881 1600 2937 iis
1649 2897 1721 2938 ne
1766 2885 2126 2940 extrinsecus

486 2983 854 3042 offenduntur
885 2987 1098 3042 muenia
1127 2987 1534 3046 defensoribus
1551 2991 1920 3050 circumdant
1941 2998 2004 3050 ut
2035 3011 2126 3050 se-

491 3107 628 3146 cure
659 3093 849 3150 vivere
903 3096 1164 3165 possint;
1217 3098 1274 3154 hi
1327 3115 1459 3156 vero
1509 3101 1723 3172 rapina
1773 3109 1826 3156 et
1876 3100 2127 3158 avaritias

489 3198 777 3258 illecebris
809 3203 1026 3260 arretiti
1050 3205 1286 3261 clientes
1309 3223 1448 3262 suos
1477 3208 1727 3280 spoliant
1754 3213 1812 3264 et
1837 3209 2130 3264 hostiliter

489 3315 763 3375 tractant,
797 3327 910 3368 non
943 3313 1116 3368 modo
1149 3314 1258 3369 sibi
1289 3313 1400 3385 ipsi
1451 3277 1603 3385 quod
1657 3315 1876 3371 faciunt
1924 3331 2126 3386 expro-
2158 3277 2201 3344 ϐ

485 3417 675 3484 brant,
710 3419 824 3473 imo
855 3419 1081 3474 aclibus
1113 3423 1238 3476 suis
1271 3420 1421 3478 male
1454 3427 1706 3478 mentem
1752 3422 2130 3478 dissimulant

483 3525 780 3594 hostilem,
802 3528 932 3583 cani
955 3527 1179 3584 similes
1207 3529 1310 3598 qui
1339 3528 1513 3596 lupos
1535 3531 1738 3602 abigit,
1760 3535 1816 3586 et
1844 3529 2005 3602 gregi
2040 3531 2125 3585 in-

481 3633 665 3689 sidias
691 3634 1017 3690 struit.Hos
1031 3635 1080 3691 si
1102 3635 1230 3707 quis
1245 3636 1579 3708 interroget,
1595 3637 1762 3706 cujus
1785 3653 1961 3693 causa
1973 3635 2134 3692 belli-

482 3754 782 3821 gerentur,
824 3755 888 3805 ut
917 3749 1609 3822 bostes,respondebunt,
1645 3751 1846 3808 amale
1867 3751 2129 3808 faciendo

483 3857 843 3928 prohibeant,
875 3863 978 3914 aut
1005 3873 1102 3915 eos
1135 3857 1233 3930 qui
1261 3857 1495 3915 hostilia
1545 3864 1952 3932 perpetrarunt
1988 3858 2126 3915 ulci-

483 3978 740 4030 scantur.
767 3975 948 4030 Iidem
965 3991 1167 4031 rursus
1182 3991 1309 4046 quae
1321 3978 1603 4046 castigare
1617 3979 1999 4047 praesumunt,
2015 3973 2128 4046 ipsi

481 4083 723 4148 iaciunt,
757 4099 861 4138 nec
890 4089 1162 4138 verentur
1191 4082 1263 4138 iis
1293 4083 1434 4154 ipsis
1457 4081 1948 4154 rebusindulgere
1980 4097 2128 4154 quas

480 4187 538 4244 in
584 4190 808 4246 caeteris
873 4191 1325 4262 reprehendunt.
1376 4191 1540 4247 Certe
1611 4191 1710 4246 ubi
1796 4191 1857 4246 in
1935 4205 2130 4262 pugna

483 4313 599 4354 non
664 4297 802 4355 licet
859 4314 958 4354 eos
1011 4299 1110 4371 qui
1159 4299 1333 4354 fortes
1408 4315 1471 4355 se
1535 4307 1742 4370 gerunt
1789 4296 2127 4354 durioribus

485 4423 552 4464 ac
593 4407 818 4464 infetis
865 4407 1104 4464 vocibus
1151 4409 1472 4481 increpare,
1517 4409 1747 4480 injurias
1800 4408 1964 4464 locus
2012 4424 2128 4462 non

485 4516 630 4582 erit;
659 4516 830 4587 plane
861 4518 1214 4574 contrarium
1245 4524 1439 4574 autem
1490 4518 1710 4574 accidet
1753 4533 1767 4570 :
1817 4515 2129 4572 oﬂ‘ensores

2227 1977 2595 2043 στρατιωτῶν,
2652 1975 2758 2052 ἐγὼ
2808 1977 2854 2034 δ’
2903 1983 2990 2037 ἒάν
3017 1987 3109 2039 καὶ
3157 1993 3292 2062 πρὸς
3334 1989 3526 2052 αὐτοὺς
3575 1993 3806 2053 τούτους
3839 1993 3878 2046 ἃ

2223 2059 2507 2136 ξυμφέρειν
2565 2065 2775 2136 νομίζω
2833 2066 3054 2142 διέλθω,
3113 2074 3170 2128 εὖ
3229 2075 3351 2132 οἶδα
3406 2081 3498 2134 καὶ
3565 2079 3872 2154 πέπεισμαι

2224 2149 2358 2242 πρρς
2407 2155 2487 2222 τῷ
2531 2154 2584 2226 γ’
2630 2154 2816 2218 αὐτοῖς
2874 2162 2997 2234 περὶ
3047 2163 3306 2222 πλείστου
3351 2165 3419 2239 δή
3467 2190 3618 2232 τινος
3675 2149 3872 2242 δόξαι*

2225 2233 2311 2288 καὶ
2357 2237 2575 2306 μάλιστ’
2635 2240 2695 2295 ἂν
2747 2243 2801 2298 ἒν
2849 2253 3046 2322 καιρῷ,
3089 2251 3576 2328 ἃπλημμελοῦσιν
3627 2259 3874 2330 ἑκόντες,

2225 2322 2430 2378 τούτων
2473 2328 2568 2397 μὲν
2619 2330 2814 2396 αὐτοὺς
2857 2334 3117 2412 ἀπηχὼς,
3167 2339 3248 2418 ἐφ’
3279 2342 3314 2396 ἃ
3353 2341 3410 2398 δὲ
3449 2343 3532 2400 δεῖ
3579 2350 3876 2421 μετηχὼς,

2226 2413 2314 2466 καὶ
2349 2421 2749 2490 παρασκευάσαι
2781 2422 2842 2478 ἂν
2872 2430 2970 2480 τοῦ
3013 2427 3210 2485 λοιποῦ
3249 2432 3339 2486 καὶ
3379 2433 3572 2498 πόλεις
3617 2438 3706 2491 καὶ
3743 2432 3876 2507 ἔθνη

2227 2503 2314 2556 καὶ
2358 2505 2548 2577 κώμας
2603 2507 2725 2565 ἄνευ
2787 2515 3108 2582 ἡστινοσοῦν
3145 2516 3464 2595 δυσχερείας
3512 2531 3613 2593 τῆς
3661 2526 3880 2580 τούτων

2230 2592 2479 2688 φυλακῆς
2537 2597 2858 2670 ἀπολαύειν,
2916 2605 3005 2658 καὶ
3061 2610 3138 2680 μὴ
3197 2592 3574 2684 προσχήματι
3619 2615 3880 2688 βοηθείας

2230 2680 2587 2754 πολεμεῖσθαι
2649 2690 2738 2743 καὶ
2795 2692 3020 2760 στένειν,
3095 2695 3241 2752 ἀλλά
3316 2703 3568 2772 καθαρῶς
3623 2709 3704 2775 τῷ
3761 2704 3882 2759 ὄντι

2229 2779 2599 2849 φρουρεῖσθαι.
2633 2778 2722 2842 Ὠς
2767 2782 2848 2844 οἷς
2885 2805 2946 2857 γε
2993 2791 3084 2841 νῦν
3128 2791 3403 2864 πάσχουσι
3457 2793 3546 2848 καί
3589 2795 3884 2850 ταλαιπω-

2233 2866 2468 2935 ροῦνται,
2520 2863 2643 2921 οὐδὲ
2689 2871 2836 2924 τοῦθ’
2885 2873 3033 2936 ὅλως
3080 2863 3279 2934 ἔνεστιί
3311 2881 3524 2954 λέγειν’
3585 2881 3713 2938 ὅταν
3775 2884 3884 2960 γὰρ

2233 2953 2286 3005 αἱ
2340 2953 2461 3024 μὲν,
2501 2953 2650 3019 ὅπως
2699 2960 2773 3030 μή
2817 2963 2942 3034 παρ’
2985 2963 3206 3029 οὐδενὸς
3267 2967 3541 3027 ἀδικοῖντο
3593 2977 3699 3028 τῶν
3751 2969 3882 3042 ἔξω,

2233 3037 2658 3114 προῦἀλλωνται
2725 3050 2970 3124 τούτους,
3037 3057 3126 3110 καὶ
3179 3065 3277 3128 τῆς
3331 3061 3508 3115 αὐτῶν
3580 3061 3883 3138 ἀσφαλείας

2235 3130 2560 3185 καθιστῶσιν
2619 3134 2861 3206 ἀθλητὰς
2918 3142 3004 3195 καὶ
3075 3146 3425 3221 προμάχους,
3478 3151 3528 3202 οἱ
3578 3147 3636 3204 δὲ
3681 3148 3752 3204 δι’
3799 3152 3879 3204 ὧν

2238 3218 2496 3291 ἁρπάζειν
2525 3221 2576 3276 ἐν
2609 3222 2792 3298 εἰρήνῃ
2847 3227 2936 3282 καὶ
2985 3230 3327 3289 πλεονεκτεῖν
3374 3236 3577 3293 οῖονται
3628 3236 3759 3306 δεῖν,
3811 3241 3886 3294 τὰ

2238 3305 2522 3379 πολεμίων
2581 3311 2658 3374 εἰς
2715 3313 2877 3378 αὐτὰς
2938 3316 3204 3387 δήπουθεν
3289 3321 3508 3399 δρῶσιν,
3589 3328 3652 3382 ού
3713 3327 3880 3402 μόνον

2236 3403 2371 3470 σφᾶς
2402 3400 2597 3462 αὐτοὺς
2644 3400 2988 3480 ἐξελέγχουσι
3027 3415 3194 3466 ταῦτα
3235 3419 3535 3487 ποιοῦντες,
3586 3413 3713 3472 οὐδὲ
3761 3423 3882 3480 τοῖς

2234 3481 2414 3560 ἔργοις
2467 3489 2750 3562 ἀρνοῦνται
2807 3497 2904 3564 τήν
2965 3499 3160 3564 κλῆσιν
3239 3503 3371 3575 ὑπὲρ
3429 3506 3502 3559 ὧν
3570 3504 3882 3581 ἐτάχθησαν

2235 3573 2522 3648 πολεμεῖν,
2555 3579 2768 3644 τούτοις
2797 3584 2955 3640 αὐτοὶ
3003 3585 3077 3641 δι’
3115 3590 3188 3643 ῶν
3227 3585 3361 3667 ἔφην
3413 3593 3580 3666 ὁμόσε
3621 3600 3882 3669 χωροῦν-

2233 3683 2342 3734 τες,
2401 3664 2545 3721 ἀλλά
2584 3668 2673 3724 καὶ
2723 3669 2971 3727 δοκοῦσιν
3027 3664 3276 3732 ἐοικέναι-
3321 3664 3458 3734 κυνὶ-
3489 3680 3770 3739 ἐλαύνοντί
3825 3705 3884 3740 τε

2233 3752 2358 3815 τοὺς
2403 3752 2602 3818 λύκους
2659 3757 2749 3812 καί
2807 3765 3242 3839 προσαπτομένῳ
3291 3775 3391 3838 τῆς
3447 3769 3688 3843 ποίμνης
3721 3789 3735 3804 ⁸
3789 3771 3884 3834 οῦς

2235 3838 2294 3894 ἄν
2341 3863 2423 3906 τις
2461 3839 2648 3920 ἔρηται
2697 3854 2794 3904 τοῦ
2841 3851 3001 3926 χάριν
3055 3856 3460 3928 στρατεύονται,
3509 3863 3608 3913 τοῦ
3657 3861 3736 3932 μή
3769 3867 3888 3923 τοῖς

2235 3931 2456 4005 ἐχθροῖς
2509 3931 2714 3990 ἀδικεῖν
2765 3941 3087 4014 ἐπιτρέπειν,
3225 3946 3315 4000 καὶ
3363 3945 3700 4018 ἠδικηκότας
3735 3949 3884 4022 ἀμύ-

2231 4021 2433 4088 νεσθαι,
2493 4026 2721 4098 φήσουσι
2782 4029 3038 4092 πάντως·
3099 4032 3196 4086 εἶθ’
3255 4035 3283 4088 ὃ
3343 4035 3596 4105 κολάζειτ
3643 4037 3878 4108 ἀξιοῦσι,

2231 4113 2394 4164 τοῦτο
2430 4117 2724 4184 μιμοῦνται
2757 4117 2846 4171 καὶ
2889 4118 2988 4173 ούκ
3033 4121 3385 4196 αἰσχύνονται
3433 4125 3647 4187 τούτοις
3695 4133 3882 4204 σαφῶς

2233 4193 2572 4276 ἐνεχόμενοι,
2631 4205 2706 4258 ὧν
2775 4205 2924 4262 αὐτοὶ
2985 4207 3230 4264 κωλυταὶ
3288 4215 3572 4268 καθεστᾶσι
3608 4233 3620 4246 ·
3700 4215 3884 4270 καίτοι

2235 4287 2361 4342 ὅταν
2396 4288 2513 4346 οὐδ’
2551 4291 2604 4347 ἐν
2655 4295 2928 4368 πολέμοις
2973 4297 3150 4375 λέγειν
3201 4321 3255 4355 τι
3305 4309 3412 4357 τῶν
3465 4303 3712 4379 αἶ’σχρῶν
3761 4313 3883 4370 τοῖς

2237 4376 2409 4452 ὀρθῶς
2465 4385 2802 4459 μαχομένοις
2861 4389 2996 4443 κατά
3052 4391 3114 4444 τὸ
3172 4385 3302 4452 ἔπος
3361 4391 3474 4468 ἐξῇ,
3546 4376 3674 4449 ἀλλ’
3731 4393 3884 4468 αὒτῷ

2239 4467 2386 4540 μόνῳ
2435 4470 2746 4547 προσέχειν,
2797 4476 2832 4544 ἦ
2876 4497 2982 4532 που
3033 4477 3248 4534 πολλοῦ
3287 4501 3350 4555 γε
3399 4467 3488 4536 καὶ
3531 4487 3628 4537 τοῦ
3677 4485 3884 4544 παντὸς

2233 4559 2449 4620 τούτοις
2499 4563 2655 4634 οἶμαι
2713 4561 2894 4635 δεήσει
2933 4568 3068 4642 πρὸς
3124 4566 3334 4632 ἀδικίας
3390 4574 3682 4627 κινεῖσθαι·
3729 4571 3882 4635 ὅλως

484 4623 851 4679 offendentur
870 4632 923 4680 et
944 4623 983 4678 ii
1013 4624 1112 4696 qui
1143 4624 1215 4680 ab
1246 4625 1481 4682 offensis
1522 4625 1840 4693 abstinent,
1882 4622 2127 4678 offensas

2561 4622 2570 4634 .
2793 4622 2803 4635 .
2977 4622 2986 4642 ,
3053 4622 3066 4630 .
3393 4622 3644 4627 --η---η-
3733 4622 3881 4635 ---ν-τ

2239 4643 2296 4700 δὲ
2327 4647 2372 4701 εἰ
2423 4649 2518 4720 μὲν
2571 4648 2772 4707 ἀδικεῖν
2827 4653 3004 4710 οἴεσθε
3053 4654 3185 4729 δεῖν,
3242 4659 3331 4714 καὶ
3391 4658 3689 4716 ἀδικεῖσθαι
3749 4663 3882 4717 ἀνά-

486 4730 942 4804 baudquaquam
969 4733 1284 4806 patientur.
1313 4733 1458 4788 Nam
1491 4731 1766 4804 injuriam
1797 4727 2130 4802 repellendo

487 4843 545 4894 et
574 4842 760 4910 ipsam
793 4839 1068 4912 injuriam
1091 4843 1350 4897 odiosam
1371 4840 1662 4898 reddendo
1685 4835 2130 4912 vosipsosomni

489 4943 675 5016 gloria
695 4947 1017 5018 privabitis.
1045 4947 1357 5020 Nunquam
1380 4948 1580 5005 eadem
1604 4946 1890 5004 actionem
1917 4941 2130 5000 malam

491 5068 546 5119 et
603 5063 816 5120 bonam
873 5065 1133 5136 judicare
1213 5065 1369 5122 licet.
1429 5063 1658 5138 Duplici
1716 5063 1892 5132 igitur
1923 5059 2133 5135 agendi

492 5171 775 5229 rationem
808 5173 976 5246 sequi
1007 5175 1228 5231 debetis
1263 5188 1399 5230 :eoe
1431 5173 1532 5244 qui
1562 5189 1664 5228 vos
1694 5169 1995 5229 offendunt
2015 5185 2130 5227 non

491 5279 543 5334 vi
574 5279 876 5352 castigare,
919 5281 1210 5353 siquidem
1239 5297 1340 5337 vos
1389 5279 1502 5353 ipsi
1545 5277 1677 5336 aliis
1725 5276 2000 5348 injuriam
2049 5275 2134 5332 in-

494 5387 692 5456 fertis;
724 5394 826 5445 aut
855 5404 968 5462 quo
1001 5389 1148 5445 nihil
1173 5389 1400 5462 turpius
1427 5391 1534 5449 est,
1569 5385 1716 5443 male
1745 5401 1845 5442 vos
1883 5383 2134 5455 gerendo

493 5505 552 5560 in
585 5511 978 5577 contemptum
1035 5511 1093 5562 et
1139 5507 1336 5562 odium
1379 5504 1652 5561 incidere.
1703 5501 1939 5558 Constat
1991 5514 2135 5556 sane

502 5613 680 5683 quod,
721 5613 768 5669 si
789 5629 891 5669 vos
923 5613 1064 5669 alios
1095 5613 1320 5680 laditis,
1356 5609 1522 5668 nihili
1553 5610 1610 5666 id
1658 5623 1786 5666 esse
1841 5605 2132 5676 clamatis;

505 5721 744 5776 maximi
775 5737 904 5778 vero
936 5720 1214 5778 momenti
1241 5721 1289 5776 si
1317 5719 1414 5776 alii
1439 5719 1589 5776 male
1633 5718 1918 5775 fecerunt.
1953 5714 2036 5772 Ita
2073 5730 2134 5772 se

2237 4739 2458 4810 σχοισθε
2517 4737 2577 4794 ἄν
2616 4761 2626 4771 '
2688 4742 2732 4797 εἰ
2789 4741 2845 4798 δὲ
2903 4743 3204 4802 ἀδικεῖσθαι
3259 4750 3363 4804 ούκ
3411 4749 3474 4804 ἂν
3531 4749 3882 4829 ὶνάσχοισθε,

2241 4823 2372 4898 μηδ’
2403 4825 2604 4884 ἀδικεῖν
2639 4829 2814 4887 ο¹ίεσθε
2861 4831 2994 4891 δεῖν.
3047 4839 3138 4898 Οἷς
3183 4836 3283 4912 γάρ
3337 4835 3635 4894 ἀδικεῖσθαι
3687 4839 3792 4894 οὐκ
3821 4841 3884 4894 ἃν

2237 4914 2581 4991 ἀνάσχοισθε,
2637 4922 2699 4976 τὸ
2750 4919 2798 4976 δ’
2846 4921 3050 4979 ἀδικεῖν
3112 4921 3457 4997 διαδάλλετε,
3515 4929 3604 4983 καὶ
3651 4928 3878 5002 προσέτι

2236 5025 2296 5078 γε
2329 5005 2466 5078 ὑμᾶς
2495 5007 2687 5071 αὐτοὺς
2719 5011 2780 5064 ού
2823 5013 2944 5087 περί
2993 5015 3199 5069 τούτων
3249 5017 3348 5084 τήν
3405 5018 3572 5087 αὐτὴν
3617 5016 3879 5093 ’ἴσχοντας

2240 5093 2394 5166 δόξαν
2419 5115 2431 5127 ·
2463 5095 2576 5152 ἐπεὶ
2610 5104 2714 5154 ποῦ
2745 5121 2876 5156 ποτε
2909 5099 3022 5157 ἴσον
3067 5103 3157 5158 καὶ
3193 5109 3366 5174 σῶζον
3405 5105 3590 5182 λόγον,
3631 5111 3722 5161 νῦν
3782 5108 3878 5179 μὲν

2239 5181 2447 5260 φαῦλον
2501 5189 2659 5241 τοῦτο
2717 5189 2980 5261 νομίζειν,
3037 5191 3118 5262 τῷ
3180 5190 3310 5266 μηδ’
3363 5191 3423 5248 ἂν
3477 5193 3670 5257 αὐτοὺς
3725 5197 3882 5249 τοῦθ’

2247 5271 2456 5327 ﬂ");
2787 5279 2799 5298 ι
2933 5277 3426 5316 σαι-ποκα
3655 5287 3683 5298 ~
3859 5305 3881 5320 .

2241 5293 2312 5327 un
2360 5293 2390 5327 α
2415 5309 2426 5326 ι
2455 5294 2534 5328 λου
2566 5279 2898 5340 πεπονθοτας
2931 5281 3182 5354 οεοέχθαι
3209 5325 3223 5351 ,
3257 5305 3347 5338 νυν
3379 5301 3436 5338 οε
3465 5283 3687 5340 πολλου
3731 5305 3880 5347 τινος

2239 5361 2458 5434 κρίνειν,
2513 5367 2590 5436 τῷ
2643 5367 2694 5439 γ’
2747 5366 3000 5444 ἁρπάζειν
3051 5367 3226 5438 ἡδέως
3272 5372 3339 5428 τὰ
3393 5378 3501 5429 τῶν
3558 5371 3744 5430 ἄλλων
3791 5374 3884 5428 αἱ-

2243 5453 2486 5525 ρεῖσθαι;
2545 5453 2669 5510 ἀλλ’
2725 5455 2927 5530 ἀνάγκη
2989 5453 3137 5512 δυοῖν
3195 5458 3412 5537 θάτερον
3448 5481 3462 5495 ·
3519 5461 3556 5532 ἢ
3617 5461 3704 5517 καὶ
3763 5467 3882 5524 τοῖς

2243 5542 2384 5614 ὑμᾶς
2413 5539 2656 5599 ἀδικοῦσι
2721 5543 2889 5618 μηδὲν
2945 5545 3219 5622 ἐγκαλεῖν,
3281 5549 3422 5622 μηδὲ
3467 5552 3884 5624 πονηροτάτους

2244 5633 2508 5705 ἡγεῖσθαι,
2569 5631 2858 5710 ἐπειδήπερ
2915 5635 3064 5691 αὐτοὶ
3105 5641 3265 5692 τοῦτο
3315 5637 3444 5716 δρᾷν
3493 5641 3708 5711 ἀξιοῦτε
3753 5639 3882 5704 τοὺς

2242 5717 2468 5784 ἄλλους,
2501 5722 2536 5792 ἢ
2569 5721 2614 5778 εἰ
2645 5727 2750 5780 τῶν
2774 5725 3136 5782 ἀτοπωτάτων
3179 5725 3340 5800 ἐστὶν,
3392 5731 3466 5794 ὡς
3497 5731 3728 5794 ἅπαντες
3755 5728 3884 5787 ’ἶσα-
