3982 6216
454 325 573 389 515

1760 316 2151 383 THEODULI
2194 320 2546 388 MONAGHI

3731 330 3829 391 5i6

454 464 632 519 robur
676 466 734 518 et
758 459 1079 534 ingenium,
1111 463 1169 515 et
1208 459 1491 531 quidquid
1523 457 1738 515 dixeris
1768 458 1948 529 parvi,
1982 458 2097 515 imo

2210 463 2484 530 τηνικαῦτ’
2547 460 2670 518 οὐδὲ
2740 470 2952 539 φρονεῖν
3026 466 3173 528 ὅλως
3250 470 3480 543 φήσαιμ’
3540 470 3602 523 ἂν
3683 468 3829 543 ἔγωγε

460 586 657 625 coram
707 568 958 624 Numine
995 567 1191 622 divino
1221 565 1440 622 nullius
1467 569 1555 621 est
1585 566 1882 633 momenti,
1914 566 2009 622 cui
2036 581 2101 621 se

457 676 782 733 subducere
812 681 1130 749 nequeunt,
1153 674 1347 730 imoin
1380 689 1443 730 se
1469 673 1708 730 trahunt
1737 675 1836 745 qui
1868 675 2099 746 injusti-

456 785 597 839 tiam
627 791 955 856 operantur.

529 1627 614 1682 11.
639 1623 712 1681 Ut
731 1622 1063 1696 exemplum
1093 1624 1152 1678 in
1186 1624 1443 1680 medium
1477 1622 1863 1695 proferamus,
1891 1623 2094 1679 Achae-

458 1733 701 1790 menides
741 1736 897 1787 terra
940 1730 1203 1801 marique
1241 1728 1616 1802 gravissimas
1644 1728 2095 1786 Atheniensibus

458 1854 658 1911 poenas
687 1837 1166 1907 dederunt,quod
1187 1836 1463 1891 Greciam
1495 1837 1735 1907 perdere
1759 1836 2058 1892 voluerant
2083 1853 2097 1905 ;
2134 1835 2179 1900 Β

456 1961 639 2018 quare
687 1945 900 2000 misere
925 1943 1105 1998 vitam
1137 1942 1484 1998 amiserunt.
1517 1942 1625 2008 Qui
1655 1958 1855 1999 verum
1888 1944 2099 1999 imbel-

452 2053 569 2109 lem
617 2051 773 2108 hunc
816 2051 1132 2108 exercitum
1183 2054 1398 2107 terram
1446 2057 1501 2106 et
1549 2066 1709 2106 mare
1746 2050 2013 2123 quatiens
2044 2056 2103 2107 et

460 2158 674 2215 mentis
705 2160 860 2214 male
886 2174 1042 2213 sanas
1071 2156 1245 2229 signa
1267 2157 1413 2213 dans
1442 2173 1576 2212 eum
1608 2156 1667 2211 in
1699 2157 1874 2213 finem
1907 2158 2100 2213 addu-

450 2269 617 2323 xerat
645 2268 712 2321 ut
739 2264 1017 2322 Graeciam
1050 2264 1241 2336 prima
1271 2263 1644 2336 aggressione
1666 2265 2028 2336 subjugaret,
2049 2264 2100 2318 is

453 2379 662 2430 contra
709 2387 941 2429 omnem
989 2386 1153 2443 spem
1184 2372 1340 2443 turpi
1373 2372 1508 2442 fuga
1537 2371 1781 2427 salutem
1812 2372 2099 2443 quesivit.

456 2481 764 2553 Interjecto
798 2479 1008 2536 deinde
1050 2484 1312 2551 tempore
1339 2478 1779 2535 Atheniensium
1821 2480 2012 2536 clades
2042 2482 2100 2535 in

464 2587 660 2644 Sicilia
715 2592 773 2643 et
827 2592 1098 2643 extremm
1153 2585 1265 2641 illa:
1331 2586 1691 2643 calamitates
1744 2589 2099 2645 acciderunt.

462 2695 675 2768 quibus
721 2694 870 2751 nihil
922 2693 1170 2762 tristius,
1201 2698 1258 2749 et
1294 2710 1438 2765 quas
1484 2693 1653 2751 siccis
1682 2695 1864 2751 oculis
1893 2697 2103 2752 referre

459 2803 674 2876 posteri
706 2802 1048 2875 nequibant.
1072 2802 1218 2870 Quid
1247 2803 1500 2875 denique
1520 2803 1576 2858 in
1608 2818 1783 2859 causa
1813 2803 1922 2859 fuit
1946 2803 2102 2875 quod

454 2909 585 2965 Chii
633 2908 741 2966 sub
785 2908 1235 2980 Smyrncorum.
1269 2906 1690 2963 Lacedaemonii
1728 2908 1832 2965 sub
1871 2908 2010 2964 Thci
2035 2923 2099 2966 a-

462 3032 674 3073 norum
723 3020 854 3089 post
914 3013 1275 3071 Leuctricam
1324 3014 1545 3073 cladem
1595 3014 1879 3072 ditionem
1932 3031 2101 3071 vene-

462 3124 644 3181 runt?
672 3124 874 3180 Nonne
924 3125 1080 3195 quod
1113 3122 1209 3179 alii
1246 3139 1478 3196 gravem
1508 3124 1567 3180 in
1602 3125 1875 3180 mendum
1909 3140 2105 3196 pecca-

2206 554 2397 605 τοῦτον
2446 556 2607 607 τοῦτο
2654 553 2716 607 τὸ
2764 556 2948 630 μέρος.
2983 557 3078 610 Διὰ
3125 557 3218 624 τί;
3252 559 3336 611 ὅτι
3368 559 3472 632 οὐχ
3520 558 3552 612 ἆ
3584 559 3689 629 δεῖ,
3724 560 3829 614 ἀλλ’

2210 640 2243 694 ἆ
2290 644 2365 712 μή
2414 641 2497 697 δεῖ
2542 643 2795 718 πράττειν
2851 644 2987 717 ᾦετο
3042 644 3257 702 δεῖν.Εἷ
3318 644 3374 702 δέ
3427 650 3489 702 τὸ
3532 652 3608 721 μή
3646 671 3830 704 παντα-

2211 734 2315 804 χοῦ
2362 738 2576 805 κρατεῖν
2627 731 2687 787 ἐκ
2727 738 2824 788 τοῦ
2875 740 3090 812 φρονεῖν
3149 736 3540 813 περιγίγνεται,
3586 740 3648 792 τὸ
3702 736 3753 794 δ’
3793 737 3832 792 ιῦ

2208 825 2422 896 φρονεῖν
2489 821 2580 875 καὶ
2655 818 2839 877 δίκαια
2909 826 3163 900 πράσσειν
3223 826 3300 886 εἰς
3351 827 3542 880 ταυτὸν
3600 820 3833 905 ἔρχεται,

2207 908 2411 982 ἀνάγκη
2471 913 2613 965 πᾶσα
2668 911 2795 973 τοὺς
2869 914 2946 983 μὴ
3020 913 3188 988 ταύτῃ
3264 912 3660 989 διακειμένους,
3726 914 3834 969 ἀλλ’

2206 994 2545 1069 ἀδικοῦντας,
2604 1002 2677 1062 ὡς
2759 997 2996 1078 ἄφρονας
3063 1004 3368 1079 ἕκασταχοῦ
3441 1010 3558 1066 τοῖς
3624 1003 3834 1080 ἐχθροῖς

2203 1092 2348 1143 νῶτα
2398 1087 2629 1157 διδόναι,
2673 1091 2761 1146 καὶ
2812 1090 3141 1149 κινδυνεύειν
3193 1092 3376 1171 ὥσπερ
3428 1095 3595 1158 εἰκός.
3650 1096 3752 1154 Καὶ
3794 1097 3835 1151 τί

2204 1173 2288 1231 δεῖ
2322 1181 2491 1233 ταῦτα
2540 1177 2712 1253 λέγειν
2740 1199 2753 1250 ;
2786 1182 2875 1235 καὶ
2926 1181 3088 1256 ῥώμη
3141 1179 3320 1255 δήπου
3358 1184 3446 1239 καὶ
3497 1184 3714 1246 σύνεσις
3760 1185 3832 1239 καὶ

2203 1265 2234 1320 ὅ
2260 1286 2313 1320 τι
2344 1266 2401 1321 ἂν
2435 1266 2578 1322 εἴποι
2608 1289 2710 1339 τις,
2744 1270 2896 1325 πάντ’
2937 1269 3148 1327 έλάττω
3205 1271 3418 1346 μᾶλλον
3471 1270 3528 1330 δὲ
3573 1278 3677 1330 τοῦ
3733 1296 3830 1345 μη-

2205 1352 2352 1417 δενὸς
2397 1354 2518 1427 ἄξια
2550 1363 2651 1426 τῆς
2700 1359 2844 1420 θείας
2889 1360 3099 1434 ῥοπῆς·
3133 1363 3199 1430 ἧς
3249 1362 3361 1437 οὐχ
3411 1360 3562 1426 ὅπως
3612 1364 3832 1418 ἀποστε-

2206 1448 2389 1516 ροῦσιν
2447 1444 2690 1516 ἑαυτοὺς,
2749 1445 2897 1503 άλλά
2952 1449 3041 1503 καὶ
3096 1453 3337 1506 κινοῦσιν
3398 1449 3454 1506 εὗ
3514 1449 3672 1526 μάλα
3734 1453 3831 1507 καθ’

2204 1531 2407 1588 ἑαυτῶν
2438 1532 2488 1587 οἱ
2519 1532 2884 1609 προσέχοντες
2918 1534 3118 1608 ἀδικίᾳ.

2282 1623 2365 1678 ια’.
2425 1622 2697 1678 Ἐντεῦθεν
2756 1625 3068 1696 ’Δθηναίοις
3124 1625 3505 1707 ’Δχαιμενίδαι
3584 1628 3829 1704 μεγίστην

2206 1715 2313 1765 τῶν
2356 1710 2417 1765 ἐκ
2456 1716 2554 1767 τοῦ
2606 1712 2806 1776 παντὸς
2859 1714 3059 1777 αἰῶνος
3107 1717 3197 1771 καὶ
3247 1717 3384 1773 κατὰ
3420 1724 3524 1793 γῆν
3573 1719 3668 1772 καὶ
3716 1718 3834 1773 κατά

2210 1799 2475 1855 θάλατταν
2530 1798 2688 1872 δίκην
2738 1802 2999 1880 ὑπέσχον,
3050 1803 3158 1860 ἀνθ’
3207 1806 3280 1861 ὧν
3330 1812 3513 1869 κακῶς
3570 1806 3830 1881 ἐπεθύμη-

2213 1909 2306 1943 σαν
2334 1897 2434 1960 τῆς
2464 1888 2735 1956 Ἑλλάδος
2762 1912 2775 1925 ·
2808 1894 2859 1947 οἱ
2895 1895 2991 1966 μὶν
3038 1896 3195 1950 κακοὶ
3242 1900 3422 1958 κακῶς
3471 1895 3705 1951 ἐνταῦθα
3747 1918 3834 1952 πε·-

2212 1978 2391 2042 σόντες
2416 1999 2430 2013 ’
2465 1980 2493 2034 ὁ
2525 1977 2581 2033 δὲ
2606 1981 2705 2049 τὴν
2746 1979 2963 2056 ἄμαχον
2993 1983 3192 2053 ταύτην
3238 1983 3330 2038 καί
3376 1982 3630 2055 πλήθους
3682 1982 3834 2039 ε’ίνεκα

2212 2068 2354 2143 λέγω
2410 2070 2499 2124 καὶ
2550 2069 2742 2145 ῥώμης
2797 2073 2888 2125 καὶ
2947 2073 3261 2145 θαυμαστῆς
3320 2071 3410 2129 διά
3464 2075 3685 2129 πάντων
3742 2096 3833 2129 πα-

2210 2166 2475 2232 ρασκευῆς
2529 2158 2857 2235 ἐπαγόμενος
2910 2164 3181 2235 στρατιὰν,
3221 2163 3310 2218 καὶ
3358 2165 3497 2239 πρὸς
3546 2166 3611 2221 τὸ
3659 2163 3830 2219 δοκοῦν

2210 2251 2383 2320 ἑαυτῷ
2438 2247 2526 2304 καί
2578 2256 2681 2324 γῆν
2738 2251 2828 2304 καὶ
2885 2249 3153 2307 θάλατταν
3232 2253 3507 2325 μεθιστὰς,
3565 2257 3655 2309 καί
3728 2258 3832 2313 ταῖς

2209 2341 2435 2403 ἀτόποις
2515 2335 2844 2415 ὑπερϐολαῖς
2918 2343 3119 2415 πάντας
3202 2341 3551 2416 ἐκπλήττων,
3608 2346 3699 2400 καὶ
3746 2346 3832 2413 τὴν

2209 2427 2453 2485 Ἐλλάδα
2499 2433 2671 2485 πᾶσαν
2729 2432 2971 2504 νομίζων
3031 2428 3280 2487 αὐτοϐοεὶ
3332 2430 3670 2508 διαρπάσειν,
3691 2432 3831 2493 οὗσος

2212 2520 2384 2581 οὕτως
2450 2518 2694 2593 αἰσχρῶς
2753 2518 3065 2591 ἀπαλλάξας
3123 2521 3214 2575 καί
3272 2523 3419 2595 παρᾶ
3475 2527 3650 2577 πᾶσαν
3694 2525 3829 2591 ἡντι-

2210 2613 2337 2662 νοῦν
2384 2605 2714 2681 προσδοκίαν
2761 2610 2836 2671 ὡς
2874 2611 2959 2664 καὶ
3011 2614 3155 2688 φυγῇ
3204 2613 3304 2681 τὴν
3354 2612 3631 2685 σωτηρίαν
3675 2611 3830 2683 ἑαυτῷ

2209 2696 2571 2771 πεπορίσσαι·
2628 2695 2864 2752 ἐντεῦθεν
2911 2702 2945 2767 ἡ
2990 2703 3096 2753 τῶν
3144 2699 3451 2770 Ἀθηναίων
3506 2700 3559 2755 ἐν
3627 2699 3833 2771 Σικελίᾳ

2211 2786 2485 2865 συμφορά,
2541 2786 2631 2840 καὶ
2714 2786 2779 2841 τὰ
2858 2785 3135 2842 δεινότατα
3205 2786 3379 2843 ἐκεῖνα
3444 2788 3535 2844 καὶ
3603 2790 3830 2862 ἀφόρητα

2212 2876 2379 2945 πάθη,
2434 2875 2523 2930 καὶ
2570 2879 2742 2931 πᾶσαν
2800 2870 3191 2951 ὑπερϐαίνοντα
3240 2874 3571 2952 τραγῳδίαν,
3620 2879 3689 2932 ῶν
3731 2874 3834 2932 οὐδ’

2212 2960 2469 3037 ἀδακρυτὶ
2530 2966 2835 3036 μεμνῆσθαι
2910 2969 3026 3026 τοῖς
3077 2962 3244 3019 ἔπειτ’
3301 2964 3445 3038 ἐξῆν.
3506 2963 3828 3038 Λακεδαιμο·

2208 3050 2353 3114 νίους
2413 3050 2469 3107 δὲ
2516 3053 2604 3108 καὶ
2662 3052 2821 3116 Χίους
2877 3053 2931 3109 τί
2982 3055 3044 3109 τὸ
3091 3060 3325 3124 ποιῆσαν
3384 3057 3513 3118 τοὺς
3586 3057 3677 3128 μὲν
3732 3056 3827 3111 ὑπὸ

2220 3142 2558 3215 Σμυρναίων,
2623 3139 3084 3216 Λακεδαιμονίους
3154 3140 3211 3197 δὲ
3290 3144 3394 3199 ὑπὸ
3466 3140 3712 3215 Θηϐαίων
3779 3144 3826 3198 έν

462 3240 619 3303 runt,
642 3241 702 3292 et
728 3236 969 3309 insuper
998 3236 1147 3292 filias
1179 3241 1372 3307 raptas
1404 3236 1461 3291 in
1495 3238 1695 3307 puteos
1725 3236 2098 3307 dejecernnt‘l

2221 3232 2514 3307 Λεύκτροις
2574 3238 2674 3301 τῆς
2734 3203 3000 3295 Βοιωτίας
3078 3231 3282 3308 ἐσχάτη
3341 3239 3647 3309 περιπεσεῖν
3706 3255 3828 3306 συμ-

460 3343 586 3398 Chii
609 3344 840 3415 quidem
862 3343 919 3399 in
946 3342 1238 3416 Dionysiis
1270 3345 1598 3416 Symrnaaos
1628 3358 1796 3399 sacra
1826 3343 2101 3400 facientes

450 3465 734 3506 armorum
751 3449 802 3505 vi
820 3450 945 3507 sine
959 3466 1132 3505 causa
1138 3450 1299 3521 justa
1313 3450 1688 3520 subegerunt.
1708 3453 1983 3505 Utautem
2000 3450 2102 3505 Eu-

452 3558 752 3629 rystbeum
776 3557 1034 3614 Stheneli
1058 3556 1242 3613 ﬁlium
1267 3557 1554 3626 omittant,
1570 3556 2101 3630 quiingratitudine

455 3664 648 3717 motus
675 3660 1009 3717 Heraclidas
1040 3675 1072 3716 e
1103 3665 1220 3717 tota
1250 3659 1463 3716 Gracia
1503 3659 1772 3731 expulsos
1804 3675 2097 3731 nusquam

452 3766 666 3823 morari
696 3767 947 3833 sinebat,
970 3767 1122 3823 etiis
1150 3769 1249 3839 qui
1292 3766 1424 3823 illos
1455 3767 1705 3839 hospitio
1736 3767 2100 3839 excipiebant

451 3880 738 3932 extremas
786 3875 976 3935 minas
1014 3875 1364 3947 intentabat,
1390 3879 1447 3932 et
1477 3880 1688 3932 sortem
1721 3876 1864 3931 adeo
1892 3876 2096 3931 duram

450 3989 723 4055 expertus
756 3990 845 4042 est
876 3993 935 4043 ut
966 3986 1024 4042 in
1058 4001 1251 4059 pugna
1280 4001 1466 4044 cassus
1496 4001 1610 4043 non
1640 3990 1873 4040 tantum
1900 3982 2098 4055 sepul-

452 4107 569 4158 cro,
621 4094 721 4148 sed
779 4097 837 4150 et
893 4094 1094 4151 liberis
1151 4094 1411 4167 privatus
1472 4094 1566 4161 sit,
1615 4096 1672 4147 et
1729 4090 1933 4148 nolens
1986 4091 2100 4146 He-

450 4195 730 4266 raclidas,
760 4215 907 4272 quos
957 4205 1128 4257 antea
1173 4201 1232 4257 in
1277 4218 1575 4259 servorum
1630 4201 1756 4257 loco
1796 4200 2097 4270 habuerat,

456 4318 610 4359 nunc
662 4306 928 4364 dominos
978 4307 1244 4365 instituit
1286 4325 1352 4366 ac
1398 4309 1713 4382 principes.
1745 4308 1885 4376 Quis
1915 4306 2100 4364 nescit

450 4422 604 4493 quod
629 4418 813 4490 Troja
844 4418 1133 4476 excidium
1165 4418 1470 4475 Alexandri
1503 4418 1859 4474 dementiam
1888 4432 2096 4474 evoca-

446 4531 547 4598 vit,
579 4527 682 4602 qui
713 4526 917 4584 urbem
947 4531 1005 4583 et
1034 4526 1183 4584 cives
1211 4531 1268 4583 et
1299 4527 1552 4600 seipsum
1579 4525 1925 4583 interemit?
1954 4525 2093 4592 Quis

446 4638 676 4708 ignorat
716 4635 872 4707 quod
920 4634 1129 4692 harum
1178 4634 1573 4692 calamitatum
1616 4634 1961 4691 memoriam
1993 4648 2094 4705 per

446 4759 619 4801 omne
649 4747 887 4816 tempus
906 4744 1105 4802 durat.
1125 4748 1183 4800 et
1202 4743 1357 4817 quod
1379 4742 1439 4798 id
1460 4744 1612 4814 quod
1642 4741 1990 4799 mortalibus
2011 4741 2097 4798 di-

452 4850 757 4908 rissimum
796 4851 1058 4908 accidere
1087 4855 1298 4925 potest,
1326 4849 1615 4906 malorum
1648 4849 1784 4905 Ilias
1814 4854 2047 4905 vocatur
2068 4848 2095 4903 ?

448 4963 515 5015 ut
551 4959 757 5031 paucis
788 4958 1081 5016 absolvam
1134 4960 1288 5032 quod
1320 4957 1447 5015 sola
1485 4957 1678 5014 Iliadis
1726 4973 1861 5015 voce
1890 4972 2096 5014 terum-

448 5082 658 5123 narum
691 5065 991 5141 fastigium
1021 5066 1316 5125 indicatur
1336 5065 1364 5121 τ

517 5379 603 5433 12.
636 5377 789 5435 Nihil
823 5377 1023 5453 itaque
1052 5379 1438 5452 perniciosius
1467 5376 1773 5451 injustitia,
1793 5375 1934 5434 nihil
1966 5392 2099 5433 ma—

443 5467 531 5537 gis
578 5468 920 5538 fugiendum
968 5473 1081 5536 est,
1113 5470 1185 5526 iis
1235 5471 1546 5541 praecipue,
1579 5468 1681 5541 qui
1722 5467 1932 5524 armati
1962 5468 2100 5522 vita

2211 3326 2379 3398 φορᾷς
2438 3319 2545 3399 οὐχ
2593 3322 2675 3376 δτι
2724 3319 2791 3377 τά
2842 3322 3067 3396 μέγιστα
3112 3321 3328 3377 πάντων
3379 3322 3434 3377 οἱ
3478 3323 3575 3397 μὲν
3607 3322 3826 3398 παρηνό·

2215 3432 2372 3485 μουν,
2402 3412 2490 3465 καὶ
2540 3417 2623 3472 οἱς
2663 3412 2756 3474 τάς
2805 3410 2972 3484 κόρας
3025 3411 3158 3483 μετᾶ
3205 3413 3296 3467 τὸν
3343 3412 3459 3486 βίον
3489 3411 3820 3481 άνεῖλον,καὶ

2211 3503 2298 3564 οἷς
2322 3502 2517 3563 ταύτας
2547 3499 2621 3561 εἷς
2653 3499 2820 3579 φρέαρ
2850 3494 3143 3568 ένέὸαλονς
3177 3506 3298 3556 Χῖοι
3349 3499 3398 3556 δ’
3437 3500 3492 3556 ἒν
3534 3503 3827 3560 Διονυσίοις

2208 3585 2463 3659 ἠσέϐουν,
2519 3590 2851 3665 βακχεύουσι
2900 3595 3017 3651 τοῖς
3070 3590 3402 3664 Σμυρναίοις
3440 3589 3680 3653 ἐπιόντες
3726 3590 3825 3662 μεθ’

2209 3677 2412 3743 ὅκλων,
2441 3679 2528 3733 καὶ
2585 3681 2735 3733 ταῦτ’
2766 3676 2917 3733 οὑδὶν
2978 3683 3085 3733 τῶν
3138 3681 3389 3737 άπαντων
3434 3678 3654 3755 ἔχοντες
3682 3678 3823 3754 ἐγκα·

2210 3767 2345 3826 λεῖν.
2386 3769 2500 3823 Ἵνα
2558 3764 2601 3821 δ’
2664 3764 2937 3840 Εὑρυσθὲα
2989 3768 3085 3822 τὸν
3148 3767 3413 3824 Σθενέλου
3469 3774 3647 3835 παρῶ,
3700 3766 3822 3822 οὕτω

2208 3854 2297 3911 διά
2341 3857 2439 3924 τήν
2488 3855 2564 3918 εἷς
2611 3852 2964 3929 Ἡρακλείδας
3016 3857 3431 3932 ἀγνωμοσύνην,
3482 3858 3572 3913 καὶ
3632 3859 3691 3913 τὸ
3735 3877 3800 3929 μη

2208 3943 2383 4017 δαμοῦ
2431 3946 2531 4013 τῆς
2577 3941 2844 4007 Ἑλλάδος
2883 3944 3106 4007 τούτους
3154 3945 3261 4016 ἐᾷν,
3296 3944 3442 4001 ἀλλᾶ
3488 3948 3576 4001 καὶ
3625 3944 3821 4018 δεξομέ-

2206 4051 2321 4095 νοις
2361 4032 2432 4087 τά
2482 4027 2687 4107 ἔσχατα
2733 4031 3001 4094 ἀπειλεῖν.
3033 4031 3179 4087 οὕτω
3219 4030 3492 4089 δυσκόλου
3530 4032 3819 4109 πειραθέιτα

2204 4125 2301 4175 τοῦ
2333 4118 2613 4193 δαίμονος,
2647 4120 2723 4182 ὡς
2773 4122 2848 4193 μή
2908 4121 3073 4193 μόνον
3123 4117 3283 4198 ἔργον
3320 4123 3480 4179 αὐτὸν
3528 4123 3817 4200 γεγενῆσθαι

2204 4209 2475 4281 πολέμου,
2508 4210 2596 4264 καὶ
2649 4211 2783 4283 πρὸς
2839 4216 2956 4272 τοῖς
3017 4210 3135 4265 οὖσι
3194 4211 3425 4282 καὶτῆς
3484 4210 3625 4267 οἴκοι
3669 4215 3820 4288 ταφῆς

2205 4298 2467 4365 ἐκπεσεῖν,
2508 4297 2658 4353 ἀλλά
2715 4299 2804 4353 καὶ
2864 4303 2971 4354 τῶν
3025 4301 3191 4355 αὑτοῦ
3248 4298 3486 4371 παίδων,
3509 4301 3600 4356 καὶ
3652 4300 3819 4355 ἄκοντα

2203 4386 2330 4451 τοὺς
2376 4385 2733 4461 Ἡρακλείδας
2790 4395 3123 4458 καταστῆσαι
3170 4390 3418 4465 κυρίους,
3471 4390 3565 4451 οὒς
3617 4388 3818 4462 πρόσθεν

2204 4477 2277 4537 ὡς
2335 4475 2569 4539 δούλους
2625 4475 2942 4547 ἀπήλαυνε·
2995 4478 3076 4539 τίς
3132 4479 3233 4533 οὑκ
3283 4477 3395 4534 οἵδε
3442 4485 3551 4534 τῶν
3597 4478 3817 4533 ἁπάντων

2123 4572 2170 4636 Ι)
2201 4566 2274 4626 ὡς
2320 4567 2355 4635 ἠ
2405 4572 2504 4634 τῆς
2537 4565 2707 4621 Ἰλίου
2757 4568 3072 4643 κατασκαφὴ
3120 4573 3222 4636 τῆς
3265 4566 3623 4644 Ἀλεξάνδρου
3665 4584 3819 4638 παρα-

2200 4655 2392 4727 νομίας
2441 4652 2688 4727 ἐξῆπται,
2736 4656 2984 4719 κακεῖνος
3058 4655 3384 4720 αἰτιώτατος
3457 4656 3680 4732 ἐγεγόνει
3738 4654 3819 4706 τοῦ

2200 4742 2288 4799 καί
2326 4742 2525 4814 ταύτην
2562 4744 2677 4823 ,καὶ
2725 4746 2880 4819 γένος
2928 4744 3064 4799 ἅπαν
3108 4745 3198 4799 καί
3247 4750 3441 4801 τοῦτον
3488 4745 3640 4800 αὑτὸν
3688 4743 3816 4797 ἐκτε-

2200 4834 2418 4909 τρίφθαι
2477 4834 2759 4903 καθάπαξ;
2830 4837 2928 4901 τὴν
2990 4831 3047 4888 δὲ
3103 4834 3312 4889 τούτων
3385 4837 3613 4908 μνήμην
3665 4831 3818 4889 οῧτως

2202 4924 2460 4978 ἀθάνατον
2513 4925 2649 4977 κατά
2705 4924 2906 4986 παντὸς
2957 4922 3173 4978 ἑστάναι
3229 4927 3326 4977 τοῦ
3378 4924 3605 5000 χρόνου,
3633 4922 3700 4982 ὡς
3741 4917 3813 4972 καῖ

2202 5011 2269 5066 τά
2318 5010 2548 5067 πλεῖστα
2607 5012 2696 5067 καὶ
2758 5012 2970 5087 μέγισθ’
3001 5012 3256 5068 ἑκάστοτε
3284 5016 3391 5066 τῶν
3445 5012 3496 5067 ἐν
3540 5012 3816 5084 ἀνθρώποις

2205 5097 2557 5173 ἀδικημάτων
2644 5098 2876 5156 ἐντεῦθεν
2964 5096 3111 5177 ἔχειν
3182 5102 3417 5170 ἀκούειν,
3497 5101 3585 5156 καὶ
3635 5093 3818 5157 Ἰλιάδα

2202 5196 2383 5246 κακῶν
2430 5192 2858 5266 προσειρῆσθαι·
2910 5192 2985 5255 ὡς
3046 5191 3210 5266 μόνον
3251 5191 3584 5266 ἀποχρῶσαν
3620 5183 3814 5256 ταυτηνῖ

2203 5281 2301 5351 τήν
2336 5279 2513 5335 εἰκόνα
2545 5281 2678 5355 πρὸς
2708 5276 2928 5351 ἔνδειξιν
2960 5284 3061 5347 τῆς
3087 5280 3294 5336 τούτων
3329 5277 3659 5356 ὑπερϐολῆς.

2280 5372 2375 5445 ιβ’.
2409 5369 2595 5433 Οὕτως
2654 5368 2806 5425 οὐδὲν
2867 5368 3223 5446 ἐξωλέστερον
3286 5367 3557 5440 δήπουθεν
3611 5365 3813 5423 ἀδικίας.

2209 5456 2381 5516 οὑδ’δ
2439 5458 2653 5532 μᾶλλον
2703 5460 2917 5537 φεύγειν
2976 5458 3192 5534 ἐχρῆν⁸
3247 5458 3337 5515 καὶ
3391 5461 3595 5520 πάντας
3648 5458 3733 5529 μέν
3768 5470 3813 5524 γε

443 5553 770 5621 periculum
819 5562 978 5615 omni
1030 5562 1167 5615 hora
1227 5562 1467 5625 faciunt,
1502 5576 1733 5629 semper
1780 5558 1838 5611 in
1870 5573 2098 5612 summa

2210 5549 2334 5611 τοὺς
2368 5548 2598 5619 ἄλλους,
2626 5553 2857 5604 τοσοῦτο
2890 5547 2947 5605 δὲ
2975 5549 3141 5605 πλέον
3170 5549 3295 5612 τούς
3325 5551 3376 5626 γ’
3407 5549 3460 5604 ὲν
3483 5554 3598 5609 τοῖς
3628 5546 3812 5602 ὅπλοις,

448 5640 785 5703 discrimine
817 5654 1140 5717 versantur,
1175 5650 1237 5715 ii,
1271 5649 1534 5721 inquam,
1567 5647 1942 5719 potissimum
1984 5660 2098 5701 mo-

2210 5640 2340 5695 ὅσον
2371 5640 2460 5693 καὶ
2491 5640 2649 5713 μόνοι
2677 5639 2778 5709 τὴν
2810 5639 3022 5695 πάντων
3050 5641 3145 5695 τὸν
3194 5639 3315 5713 περί
3358 5642 3546 5717 ψυχῆς
3593 5636 3809 5690 ἑκάστοτε
