4154 6216
273 361 393 422 517

1344 359 1632 423 ORATIO
1679 359 1777 422 DE
1821 355 2328 422 SUBDITORUM
2375 352 2732 415 OFFICIIS.

3555 337 3673 398 518

275 495 510 563 θέοντες,
555 494 644 548 καὶ
691 497 801 548 τῶν
849 497 946 547 τοῖ’)
989 493 1112 567 βίου
1158 493 1306 569 σφίσι
1337 494 1671 567 πραγμάτων
1713 491 1800 548 ἐπὶ
1831 495 1953 562 Ευ-⁴

2061 491 2204 547 ιειιᾶί
2233 493 2370 546 sunt
2397 503 2470 544 ne
2498 487 2610 542 vim
2642 483 2771 540 aliis
2799 481 3072 546 inferant,
3106 475 3203 533 sed
3236 492 3270 530 a
3299 472 3449 530 tristi
3485 469 3674 526 avari-

285 589 381 660 ροῦ
424 585 800 651 καθεστώτων,
850 583 1089 656 ἀνάγκην
1141 581 1359 659 ἴσχουσι
1429 579 1517 636 διὰ
1579 585 1747 637 ταῦτα
1819 584 1922 654 μά·

285 674 442 728 λιστα
496 674 711 728 πάντων
763 673 884 745 περί
933 670 1186 733 πλείονος
1225 674 1515 739 ποιεῖσθαι,
1551 671 1756 746 μηδένα
1807 674 1926 747 βιάο

283 764 461 834 ξεσθαι
514 761 655 837 μηδέ
705 759 977 828 διασείειν,
1031 762 1103 822 ὡς
1155 760 1361 836 λόγος,¹
1396 760 1540 816 ἄλλα
1581 769 1680 830 τῆς
1720 761 1928 816 κᾶκιστ’

283 851 673 924 ἀπολουμένης
708 849 1041 920 πλεονεξίας,
1106 850 1192 904 καὶ
1245 854 1347 904 τοῦ
1394 856 1510 912 τοῖς
1557 850 1932 926 ταλαιπώροις

285 942 539 1016 ἁγρόταις
597 939 918 1014 ἐπιχειρεῖν,
976 939 1271 1017 ἀπέχεσθαι
1322 941 1418 1012 μὲν
1484 941 1785 995 παντάπασι
1842 941 1928 994 καὶ

291 1034 466 1102 μισεῖν
520 1029 671 1102 ὁμῶς
720 1027 878 1084 ἀΐδαο
925 1027 1183 1097 πύλῆσιν,
1221 1025 1436 1103 ἔχεσθαι
1487 1026 1542 1084 δὲ
1586 1026 1932 1096 δικαίοσύνης

289 1119 376 1173 καὶ
435 1123 553 1180 τοῖς
596 1116 745 1172 οὖσιν
791 1118 1064 1192 ἀρκεῖσθαι
1119 1136 1131 1150 ο
1183 1119 1496 1190 θαυμαστήν
1545 1138 1663 1172 τινα
1729 1119 1932 1185 ταύτην

287 1212 368 1279 τῷ
415 1204 531 1262 ὄντι
579 1207 887 1262 πανοπλίαν
933 1207 1266 1280 νομίζοντες,
1329 1208 1418 1262 καὶ
1475 1205 1652 1276 πάσης
1714 1209 1934 1275 ἡστινο·

291 1300 416 1350 σοῦν
469 1294 652 1365 ἄλλης
712 1294 1154 1370 λυσιτελεστέραν
1207 1317 1266 1350 τε
1313 1298 1404 1351 καὶ
1453 1294 1670 1351 καλλίω
1720 1314 1733 1327 ·
1786 1294 1935 1369 εἴπερ

290 1384 450 1441 αὗται
527 1386 621 1458 μὲν
697 1382 1045 1456 δικαιοσύνης
1121 1385 1389 1454 ἀπούσης,
1464 1384 1732 1464 σφαλερὸν
1804 1385 1940 1438 κατά

293 1471 581 1548 Σοφοκλέα
638 1476 782 1548 ῥῦμα
830 1474 1086 1530 πέλονται
1127 1494 1138 1506 ·
1191 1477 1226 1544 ἡ
1276 1472 1333 1529 δὲ
1374 1473 1700 1530 καὶτούτων
1739 1472 1937 1548 χωρὶς,

293 1565 384 1617 ἅτε
415 1562 680 1641 θεοφιλής
727 1561 878 1634 οὖσα,
925 1564 1015 1619 καὶ
1055 1567 1154 1619 τοῦ
1200 1565 1400 1627 παντὸς
1446 1564 1598 1635 αύτῷ
1629 1564 1939 1635 τιμωμένη,

293 1651 382 1706 οἵα
436 1653 486 1705 τ’
532 1651 645 1706 ἐστὶ
693 1654 817 1715 τοὺς
869 1653 1193 1731 χρωμένους
1223 1653 1313 1708 καὶ
1361 1652 1420 1707 ἐκ
1463 1654 1634 1726 πυρὸς
1682 1653 1741 1706 ἃν
1791 1652 1941 1706 αἶθοο

296 1740 506 1813 μένοιο,
565 1741 652 1795 καὶ
702 1742 829 1796 ὅτου
887 1764 972 1805 τις
1046 1742 1105 1797 ἂν
1168 1747 1244 1816 φῇ
1316 1740 1640 1817 δυσχεροῦς,
1703 1741 1940 1817 εὐχερῶς

293 1832 656 1907 ἀφαρπάζειν⁸
708 1831 931 1891 ὁποίους
983 1829 1048 1901 δή
1101 1852 1244 1892 τινας
1303 1830 1528 1894 ἅπαντες
1573 1830 1750 1903 ἴσμεν,
1804 1829 1942 1885 πολ-

294 1919 429 1980 λούς
486 1939 544 1973 τε
584 1918 788 1982 ἄλλους
833 1919 1038 1981 καλοὺς
1085 1920 1356 1996 κάγαθούς
1392 1939 1406 1952 ’
1453 1928 1541 1974 καί
1592 1917 1658 1988 δὴ
1699 1920 1786 1974 καὶ
1817 1921 1943 1980 τοὺς

292 2006 600 2084 ἀπογόνους
650 2009 742 2080 μέν
782 2010 1024 2078 Ἐζεκίου
1075 2008 1163 2064 διὰ
1217 2007 1270 2064 δὲ
1327 2009 1542 2083 τρόπων
1597 2007 1944 2080 δικαιοσύνης

295 2099 710 2169 εἰσποιηθέντας
742 2104 856 2172 Θεῷ
900 2117 912 2129 ·
951 2101 1047 2154 τὸν
1103 2100 1196 2171 μὶν
1243 2099 1498 2168 λεόντων,
1530 2101 1656 2162 τοὺς
1706 2098 1750 2153 δ’
1795 2098 1949 2170 ἐξάν-

294 2210 408 2251 τεις
452 2188 659 2264 φλογὸς
689 2189 978 2262 γεγονότας
1013 2208 1026 2221 ·
1060 2189 1149 2242 καὶ
1197 2193 1449 2244 τοσοῦτον
1505 2189 1594 2244 ὑπ’
1640 2188 1946 2262 Ἀσσυμίων

299 2277 392 2331 καὶ
445 2281 544 2330 τοῦ
576 2281 726 2349 σφῶν
775 2274 1039 2350 ἄρχοντος
1087 2277 1506 2349 θαυμασθέντας,
1551 2279 1630 2339 ὡς
1676 2279 1802 2340 τοὺς
1856 2279 1948 2350 μὲν

298 2370 402 2436 τήν
448 2367 627 2422 αὐτῶν
694 2366 900 2420 ἅπασαν
972 2367 1162 2442 χώραν
1239 2364 1585 2442 δημαγωγεῖν
1665 2369 1946 2437 ἠξιῶσθαι,

303 2455 393 2509 καὲ
442 2452 733 2523 ζηλωτοὺς
777 2451 864 2506 διὰ
913 2454 1126 2508 πάντων
1157 2452 1352 2509 ἅπασιν
1403 2454 1534 2509 εἶναι
1585 2475 1598 2487 ·
1643 2455 1736 2510 τὸν
1781 2453 1826 2508 δ’
1900 2457 1950 2510 ἐν

304 2544 535 2617 ἀπόροις
565 2542 802 2616 πόριμον
854 2541 1117 2612 Δανίηλον
1166 2543 1258 2597 τὸν
1312 2545 1552 2618 χρηστὸν
1597 2545 1685 2598 καὶ
1737 2545 1811 2606 εἰς
1843 2566 1950 2598 πα-

2039 600 2117 654 tia
2145 603 2203 654 et
2225 599 2284 652 in
2316 596 2561 650 miseros
2593 589 2931 647 crudelitate
2980 587 3151 655 longe
3207 580 3414 637 remoti
3445 579 3563 634 hac
3591 577 3675 631 vi-

2037 707 2118 762 tia
2149 709 2210 760 ut
2240 705 2550 759 inferorum
2593 707 2781 771 portas
2822 697 3159 752 aversantur
3190 698 3243 744 et
3287 686 3578 758 justitiam
3621 688 3680 739 et

2039 828 2266 885 mquam
2299 815 2552 868 mentem
2581 806 2946 869 conservent,
2969 816 3084 871 quo
3115 795 3262 854 nihil
3284 791 3681 867 prastantius,

2043 921 2188 976 nihil
2229 917 2564 990 pulchrius;
2614 928 2772 972 nam,
2805 907 3125 966 secundum
3172 901 3538 974 Sophoclem,
3570 899 3685 954 vita

2044 1029 2171 1085 sine
2191 1025 2424 1098 justitia
2451 1021 2642 1094 gravis
2670 1017 2862 1076 evadit
2890 1022 3152 1081 torrens;
3179 1011 3308 1082 ipsa
3337 1011 3531 1065 autem
3563 1005 3687 1062 sine

2045 1131 2430 1189 auxiliaribus
2457 1133 2516 1185 et
2543 1128 2658 1184 Deo
2678 1129 2846 1199 grata
2862 1123 3055 1195 justos
3074 1136 3143 1176 ex
3173 1119 3306 1189 igne
3325 1114 3689 1171 inﬂammato

2045 1245 2102 1296 et
2131 1255 2162 1294 e
2199 1235 2452 1294 summis
2482 1232 2768 1305 angustiis
2799 1229 3022 1299 eripere
3054 1228 3261 1297 potest,
3292 1223 3350 1278 id
3403 1219 3555 1291 quod
3586 1233 3693 1274 nos

2047 1345 2158 1416 ipsi
2205 1341 2558 1416 experientia
2613 1338 2800 1395 edocti
2859 1336 3082 1391 scimus
3137 1331 3207 1387 de
3262 1325 3578 1385 Ezechielis
3607 1324 3696 1379 di-

2049 1454 2132 1510 sci
2139 1451 2420 1524 pulis,qui
2439 1463 2670 1506 morum
2685 1443 3016 1516 integritate
3036 1439 3138 1497 Dei
3159 1437 3479 1494 amicitiam
3502 1433 3694 1504 adepti

2052 1568 2205 1626 sunt,
2237 1572 2487 1630 quorum
2519 1571 2672 1610 unus
2730 1569 2764 1607 a
2822 1549 3110 1614 leonibus,
3143 1544 3333 1601 centeri
3381 1560 3411 1600 e
3439 1539 3697 1597 ﬂammis

2053 1667 2232 1737 erepti
2263 1666 2404 1722 adeo
2437 1664 2508 1718 ab
2537 1659 2791 1733 Assyriis
2821 1658 2880 1712 in
2913 1653 3300 1713 admiratione
3332 1647 3515 1706 habiti
3537 1653 3696 1707 sunt,

2057 1781 2116 1830 ut
2145 1774 2322 1830 totius
2355 1769 2516 1843 regni
2547 1762 3108 1824 administrationem
3134 1759 3204 1814 iis
3246 1755 3696 1818 committerent,

1981 1865 2021 1928 Β
2053 1879 2349 1935 Danielem
2380 1891 2509 1930 vero
2533 1875 2762 1944 justum
2795 1874 2862 1924 ut
2892 1871 3113 1939 patrem
3164 1863 3278 1932 regi
3328 1859 3702 1916 commenda-

2057 1992 2203 2043 rent.
2240 1985 2351 2040 Hac
2384 1982 2602 2038 ratione
2633 1977 2731 2050 qui
2764 1976 2947 2031 Deum
2977 1971 3244 2028 omnium
3274 1976 3587 2022 creatorem
3611 1979 3704 2019 ve-

2055 2093 2246 2152 nerari
2275 2100 2328 2148 et
2359 2088 2584 2148 caeteris
2616 2084 2922 2158 praedicare
2953 2079 3272 2146 audebant,
3304 2091 3456 2132 nunc
3486 2073 3702 2143 injuste

2057 2203 2189 2260 odio
2220 2198 2402 2256 habiti
2433 2201 2591 2264 sunt,
2629 2209 2782 2249 nunc
2813 2191 3030 2246 honore
3062 2187 3195 2260 plus
3229 2198 3408 2256 quam
3444 2182 3702 2236 humano

2059 2308 2219 2380 digni
2253 2307 2432 2362 habiti
2458 2309 2516 2361 et
2557 2301 2717 2374 quasi
2747 2299 2807 2354 in
2851 2296 3125 2353 columna
3170 2290 3458 2348 altissima
3505 2284 3700 2359 positi.

2061 2416 2213 2471 Esto.
2246 2415 2307 2469 Si
2363 2413 2542 2484 igitur
2597 2410 2826 2479 (iterum
2859 2403 3016 2460 enim
3058 2402 3128 2456 ad
3183 2415 3282 2454 vos
3323 2411 3514 2452 sermo
3557 2392 3704 2448 diri-

2061 2523 2307 2597 gendus)
2337 2521 2556 2592 injuste
2587 2515 2810 2588 agendo
2842 2516 2925 2568 tot
2956 2509 3222 2565 homines
3263 2503 3526 2562 oﬂendis,
3550 2501 3704 2572 iuste

2065 2638 2260 2690 autem
2293 2629 2554 2686 faciendo
2603 2625 2854 2682 summis
2911 2618 3180 2675 laudibus
3230 2611 3593 2677 exaltaberis,
3623 2609 3708 2664 sic

2065 2739 2316 2797 avaritiae
2363 2734 2762 2792 renuntiantes
2813 2728 3078 2784 meliores
3110 2722 3297 2789 ﬁetis;
3348 2719 3438 2776 sin
3488 2715 3707 2780 minus,

2066 2865 2179 2904 non
2215 2845 2384 2901 modo
2417 2839 2715 2912 injustitim
2746 2852 2882 2908 erga
2911 2831 3284 2897 domesticos,
3317 2826 3416 2882 sed
3449 2821 3712 2879 traditio-

2065 2955 2157 3009 nis
2187 2945 2631 3007 convlncemini.
2656 2944 2716 2998 Si
2749 2941 2906 2996 enim
2937 2938 3148 2993 horum
3183 2949 3273 2989 res
3323 2928 3546 2986 lubenti
3578 2925 3710 2981 ani-

2068 3077 2160 3117 mo
2190 3056 2549 3120 subtrahitis,
2574 3051 2842 3107 hostibus
2874 3059 3127 3118 quoque,
3164 3037 3406 3114 pecunia
3434 3037 3590 3101 data,
3614 3049 3712 3089 eos

2069 3164 2422 3224 immolaturi
2451 3158 2755 3217 videmini.
2786 3156 2891 3221 Qui
2920 3154 3076 3209 enim
3111 3151 3170 3205 in
3221 3146 3412 3220 parvis
3461 3141 3715 3199 infidelis

2067 3283 2174 3343 est,
2198 3276 2256 3330 in
2291 3270 2520 3341 magnis
2553 3265 2738 3337 magis
2768 3265 2875 3319 erit
2906 3260 3185 3334 perfidus.
3211 3255 3342 3310 Haec
3373 3252 3503 3308 siin
3527 3255 3722 3304 mente

2067 3381 2292 3439 volvitis
2322 3383 2380 3435 et
2409 3374 2677 3448 cogitatis
2707 3371 2859 3443 quod
2887 3368 3033 3424 alios
3059 3363 3287 3430 ledere,
3309 3357 3600 3416 offendere
3628 3359 3720 3408 est

2067 3493 2345 3563 seipsum,
2405 3488 2476 3542 ab
2530 3485 2639 3540 hac
2709 3476 3005 3536 dementia
3059 3478 3214 3530 certo
3287 3468 3507 3526 certius
3581 3467 3638 3518 et
3684 3479 3720 3517 a

2070 3603 2263 3656 mente
2285 3595 2411 3654 aliis
2441 3593 2594 3650 male
2623 3588 2894 3652 faciendi,
2927 3601 3041 3655 qua
3070 3597 3130 3636 re
3163 3577 3322 3635 vobis
3372 3574 3516 3646 ipsis
3547 3585 3718 3628 noce-

2070 3708 2164 3774 tis,
2183 3701 2581 3767 abstinebitis;
2606 3714 2638 3753 e
2659 3701 2859 3751 contra
2881 3691 3166 3763 justitiam
3199 3678 3540 3741 exercebitis
3571 3679 3627 3732 et
3655 3677 3715 3730 in

2070 3813 2343 3870 omnibus
2374 3808 2547 3863 rebus
2565 3799 2954 3860 moderatione
2978 3787 3535 3851 madhibebitis.Hac
3560 3781 3716 3837 enim

303 2633 432 2705 τέρα
484 2637 564 2703 τῷ
616 2629 833 2706 βασιλεῖ
869 2639 1216 2702 καταστῆναι.
1265 2635 1453 2694 Οὕτως
1504 2636 1585 2694 οἷς
1633 2630 1734 2702 ἔξω
1779 2630 1952 2707 φόϐου

304 2724 398 2775 τὸν
448 2726 559 2775 τῶν
611 2719 755 2775 ὅλων
807 2721 936 2774 Θεὸν
986 2721 1204 2784 εικαίως
1253 2727 1418 2794 τιμᾷν
1476 2721 1649 2794 ᾤοντο
1700 2719 1832 2790 δεῖν,
1863 2724 1951 2776 καὶ

305 2817 425 2873 τοῖς
485 2809 680 2872 ἄλλοις
730 2809 1036 2884 κηρύττειν,
1090 2814 1406 2884 μισηθέντες
1451 2812 1675 2880 ἀδίκως,
1717 2814 1802 2874 οἷς
1851 2820 1951 2880 τῆς

305 2902 508 2955 τούτου
566 2899 826 2973 προνοίας
876 2896 1099 2963 δικαίως
1150 2899 1478 2968 ἀπέλαυσαν,
1524 2902 1585 2957 ού
1647 2900 1807 2975 μόνον
1872 2899 1952 2956 δι-

303 2990 463 3049 καίας
511 2990 734 3058 καὶτῆς
785 2990 912 3060 παρ’
955 2989 1130 3044 αὐτῶν
1195 2987 1392 3064 ἔτυχον
1439 2993 1645 3068 ψήφου,
1699 2997 1882 3063 μεῖζον
1916 2994 1951 3061 ἢ

301 3084 425 3132 κατ’
469 3075 752 3151 ἄνθρωπον
802 3077 1146 3150 νομισθέντες
1187 3081 1275 3133 καὶ
1329 3079 1646 3153 τιμηθέντες
1697 3080 1838 3142 εἰκὸς
1884 3081 1952 3134 τὰ

306 3168 628 3242 γιγνόμενα,
672 3166 819 3221 ἀλλὰ
866 3168 953 3220 καί
998 3167 1094 3222 τοῦ
1137 3169 1204 3223 τὰ
1260 3165 1441 3223 δίκαια
1491 3174 1688 3236 ποιεῖν,
1739 3175 1950 3244 καιροῖς

308 3258 529 3328 ὁμοίοις
575 3255 759 3330 ὥσπερ
805 3277 884 3317 τις
933 3255 1319 3330 οὐρανομήκης
1368 3256 1548 3328 στήλη
1599 3259 1951 3320 καταστάντες

309 3350 419 3416 τῷν
456 3345 563 3420 βίῳ
596 3363 609 3377 ·
673 3345 800 3402 εἶεν.
842 3344 902 3401 Εἰ
947 3345 1127 3400 τοίνυν
1167 3343 1477 3408 ἀδικοῦντες
1515 3349 1631 3419 μὲν,
1673 3345 1718 3400 ὦ
1749 3345 1953 3421 ἄνδρες,

313 3432 398 3488 δεῖ
443 3435 548 3508 γὰρ
596 3434 683 3488 καὶ
732 3433 897 3488 πάλιν
945 3436 1080 3508 πρὸς
1129 3435 1267 3507 ὑμᾶς
1298 3437 1488 3510 τρέψαι
1521 3437 1610 3490 τὸν
1645 3435 1836 3512 λόγον,
1865 3457 1957 3490 τοι

315 3523 544 3585 σούτους
600 3525 689 3577 καὶ
746 3522 1106 3594 τηλικούτους
1163 3525 1407 3594 ένέξεσθ’,
1458 3524 1490 3579 ἃ
1565 3523 1620 3579 δὲ
1690 3527 1957 3595 πνοσήκει

312 3617 622 3682 ποιοῦντες,
699 3613 780 3666 ὅτι
852 3611 1119 3668 πλείστων
1195 3615 1425 3669 ἐπαίνων
1519 3614 1780 3684 τεύξεσθε,
1863 3617 1959 3667 τοῦ

311 3701 626 3775 κρείττονος
676 3704 907 3777 γένεσθε,
957 3707 1054 3758 τοῦ
1110 3704 1447 3760 πλεονεκτεῖν
1497 3705 1826 3765 ἀποστάντες
1875 3722 1888 3734 ·

318 3795 397 3864 μή
427 3793 592 3862 μόνον
640 3789 850 3852 ἀδικίας
878 3793 1014 3865 πρὸς
1045 3794 1171 3856 τοὺς
1205 3793 1463 3862 οἰκείους,
1498 3793 1642 3849 ἀλλὰ
1689 3794 1777 3848 καὶ
1826 3813 1963 3865 προ-

316 3880 505 3940 δοσίας
554 3880 730 3935 αὐτῶν
777 3883 913 3956 πρὸς
968 3883 1100 3943 τοὺς
1144 3881 1419 3946 ἐναντίους
1467 3884 1704 3955 ἑτοίμως
1751 3881 1963 3936 ἁλώσε-

317 3973 410 4024 σθε
453 3989 467 4002 ·
543 3967 720 4039 δόξετε
775 3973 877 4045 γαρ
934 3972 1016 4031 οἷς
1065 3972 1128 4026 τὰ
1187 3972 1395 4028 τούτων
1451 3970 1626 4041 ἡδέως
1676 3973 1962 4046 ἁρπάζετε,

321 4058 455 4133 μηδ’
503 4060 566 4114 ἃν
611 4061 791 4114 αὐτῶν
840 4059 1092 4129 ἐθελῆσαι
1141 4062 1440 4137 φείσασθαι,
1489 4060 1634 4116 ἀλλᾶ
1697 4063 1786 4116 καὶ
1849 4067 1965 4122 τοῖς

317 4151 546 4225 ἐχθροῖς
599 4148 660 4202 ἂν
702 4149 934 4222 ἑτοίμως
975 4150 1278 4225 χρημάτων
1326 4149 1506 4206 ε’ίνεκα
1549 4151 1774 4211 τούτους
1829 4171 1964 4225 προ-

317 4242 498 4305 έσθαι,
550 4242 607 4293 '0
653 4238 753 4313 γὰρ
810 4243 916 4292 τῶν
982 4244 1191 4314 μικρῶν
1245 4239 1334 4294 καὶ
1391 4238 1606 4294 σαύλων
1667 4240 1840 4301 οὕτως
1895 4242 1964 4309 ἡτ

315 4330 572 4401 τώμενος
615 4325 815 4400 πολλῷ
862 4326 1075 4400 μᾶλλον
1119 4328 1180 4383 ἂν
1223 4330 1370 4383 τοῦτ’
1413 4327 1464 4384 ἐν
1496 4335 1610 4392 τοῖς
1638 4331 1963 4404 ὑπερέχουσι

317 4419 489 4473 πάθοι
526 4436 539 4450 ·
599 4418 750 4473 ταῦτ’
800 4417 885 4492 ἄρ’
943 4417 986 4472 εἷ
1041 4419 1154 4472 καθ’
1205 4419 1344 4489 ὑμᾶς
1409 4417 1602 4481 αὐτοὺς
1666 4417 1964 4494 λογιεῖσθε,

317 4510 415 4562 καί
457 4507 539 4562 ὅτι
589 4509 651 4562 τὸ
697 4508 824 4568 τοὺς
872 4505 1078 4570 ἄλλους
1123 4505 1325 4562 ἀδικεῖν
1370 4509 1555 4563 ἑαυτὸν
1601 4509 1652 4563 ἐν
1705 4515 1820 4571 τοῖς
1869 4531 1964 4582 με·

317 4598 530 4674 γίστοις
597 4597 683 4651 καὶ
740 4598 1122 4672 καιριωτάτοις
1200 4596 1342 4653 ἐστὶν
1413 4595 1634 4666 ἀδικεῖν,
1720 4599 2046 4674 ἀφέξεσθει]

324 4691 426 4763 μὲν
469 4688 527 4743 εὖ
578 4685 687 4741 οἷδ’
735 4687 819 4741 δτι
861 4688 1087 4758 ταυτησὶ
1141 4693 1241 4757 τῆς
1305 4687 1496 4760 μανίας
1527 4690 1616 4742 καὶ
1659 4693 1755 4744 τοῦ
1783 4693 1964 4751 κακῶς

324 4782 468 4850 ὑμᾶς
498 4777 694 4839 αὐτοὺς
742 4774 796 4830 ἐν
841 4781 918 4849 τῷ
963 4777 1090 4841 τοὺς
1119 4776 1324 4840 ἄλλους
1364 4783 1540 4832 ποιεῖν
1575 4795 1592 4814 ⁶
1623 4777 1883 4848 ἀσκήσετε
1911 4776 1968 4832 δὶ

323 4869 701 4937 δικαιοσύνην,
757 4867 846 4920 καὶ
901 4868 964 4922 τὸ
1026 4867 1257 4943 μετρίως
1311 4869 1401 4921 καὶ
1475 4867 1726 4929 ἐπιεικῶς
1806 4868 1970 4922 ἅπασι

324 4958 571 5032 χρῆσθαι
615 4975 630 4989 ο
679 4954 731 5009 ἐν
780 4958 959 5028 τούτῳ
992 4956 1083 5032 γέρ
1132 4957 1243 5012 ἐστι
1291 4958 1381 5012 καί
1419 4958 1482 5013 τὸ
1526 4958 1815 5032 τυγχάνειν
1851 4955 1975 5010 ἐσά-

326 5068 436 5100 παν
490 5046 888 5118 συναιρομένου
937 5049 1069 5100 Θεοῦ
1094 5065 1106 5078 '
1141 5047 1210 5100 ού
1240 5047 1419 5100 τοίνυν
1463 5048 1589 5108 τοὺς
1625 5047 1718 5120 μὲν
1753 5045 1839 5100 ἐπὶ
1867 5051 1974 5101 τῶν

329 5134 523 5190 ὅπλων
570 5133 742 5195 οὕτως
791 5130 937 5210 ἔχειν
986 5136 1076 5190 καὶ
1107 5136 1276 5210 ταύτῃ
1308 5136 1514 5191 κελεύω
1545 5141 1660 5200 τοῖς
1694 5136 1977 5212 πράγμασι

331 5226 595 5302 χρῆσθαι.

413 5316 474 5391 ιγ’
521 5313 918 5390 ’Δγορανόμοις
969 5311 1025 5369 δὲ
1072 5317 1159 5370 καὶ
1212 5314 1540 5389 ἀστυνόμοις
1586 5317 1676 5372 καὶ
1720 5322 1837 5379 τοῖς
1881 5313 1983 5372 ἄλ-

336 5406 451 5468 λως
498 5411 608 5462 τῶν
654 5404 872 5461 πόλεων
920 5406 1222 5482 ἁρμοσταῖς
1269 5407 1486 5464 πολλοῦ
1535 5407 1639 5464 δέω
1671 5411 1735 5464 τὰ
1779 5408 1987 5464 τοιαῦτ’

337 5497 674 5572 εἰσηγεῖσθαι
724 5511 740 5528 ⁶
799 5492 944 5551 ἀλλὰ
1003 5497 1091 5550 καὶ
1147 5496 1360 5560 τούτοις
1420 5495 1571 5554 ούδὶν
1629 5500 1796 5568 ἧττον
1841 5497 1988 5578 φημὶ

339 5584 448 5640 δεῖν
493 5590 605 5641 τῶν
656 5583 918 5641 τοιούτων
953 5604 968 5618 ·
1017 5587 1106 5641 καὶ
1159 5587 1309 5661 μάλα
1338 5590 1389 5664 γ’
1433 5588 1655 5651 εῖκότως
1688 5607 1700 5622 ο
1734 5589 1858 5644 ὅταν
1887 5590 1988 5666 γὰρ

340 5676 464 5754 περὶ
510 5674 786 5730 τοσούτων
831 5677 925 5746 καὶ,
977 5677 1321 5747 τηλικούτων
1377 5681 1477 5749 τήν
1533 5678 1774 5751 σπουδὴν
1825 5683 1988 5736 καθι-

2076 4152 2288 4212 ponere
2320 4140 2373 4189 te
2398 4133 2595 4202 jubeo.

2170 5337 2256 5393 l3.
2286 5333 2571 5392 Edilibus
2601 5331 2795 5385 autem
2851 5318 3192 5389 casterisque
3248 5309 3487 5368 urbanis
3546 5302 3731 5377 magi-

2098 5447 2377 5506 stratibus
2401 5445 2682 5516 precepts
2711 5437 2844 5491 dare
2866 5448 2899 5488 a
2930 5443 3021 5484 me
3044 5426 3199 5484 absit
3223 5424 3235 5478 l
3269 5423 3404 5478 licet
3433 5419 3587 5475 circa
3616 5416 3741 5471 has-

2099 5581 2162 5621 oe
2194 5579 2284 5618 res
2313 5557 2585 5632 inprimis
2616 5550 2877 5608 instructi
2902 5561 3029 5600 esse
3058 5533 3571 5600 debeant.Quando
3588 5530 3744 5587 enim

2101 5677 2390 5753 ejusmodi
2426 5675 2596 5730 rebus
2640 5681 2870 5738 Operam
2905 5663 3118 5718 navant
3159 5656 3439 5721 civitates,
3474 5649 3594 5704 fieri
3629 5661 3745 5702 non
