4154 6216
476 335 595 397 519

1750 274 1753 299 ⁵
1780 315 2173 385 THEODULI
2218 321 2569 386 MONACHI

3752 324 3867 384 520

478 472 693 542 potest,
732 467 871 540 quin
926 465 1121 536 legum
1181 459 1549 517 ferendarum
1607 458 1793 529 gratia
1849 464 2115 515 strenuos

2233 459 2481 527 στῶνται,
2529 457 2619 510 καὶ
2659 457 2785 529 παρ’
2832 456 3021 517 αὐτοῖς
3062 455 3279 517 τούτοις
3309 454 3367 510 εὖ
3411 475 3466 510 τε
3514 454 3605 509 καὶ
3648 457 3720 516 ὡς
3756 456 3871 510 Eti-

479 575 853 647 magistratus
882 567 992 625 sibi
1022 564 1362 639 praeﬁciunt,
1393 577 1642 634 quorum
1674 563 1790 616 vita
1828 578 1895 617 ac
1927 577 2120 616 mores

478 688 704 747 caeteris
733 702 838 759 pro
867 681 1132 755 exemplo
1192 695 1322 737 esse
1381 681 1648 751 possunt,
1680 676 1867 749 plebis
1924 680 2119 733 autem

477 797 621 853 adeo
651 793 1005 859 cultores,ut
1034 803 1207 845 nemo
1238 785 1598 860 plebeiorum
1629 783 1905 855 injuriam
1936 783 2123 855 patia-

477 908 592 960 tur.
626 902 840 958 Omnes
870 901 1065 955 autem
1095 895 1169 951 iis
1196 892 1685 964 obtemperabant
1724 890 1825 946 ubi
1854 889 2118 950 viderint,

477 1024 699 1094 quanta
726 1018 812 1075 illi
859 1013 1163 1088 diligentia
1205 1010 1519 1068 utilitatem
1568 1006 1865 1080 publicam
1914 1008 2123 1062 curant

476 1144 544 1186 ac
572 1128 789 1183 damna
817 1142 851 1182 a
879 1122 1122 1195 singulis
1174 1121 1463 1184 avertunt,
1495 1131 1561 1171 ac
1592 1130 1802 1188 parum
1850 1112 1942 1170 sui
1973 1128 2124 1169 com-

477 1234 637 1292 modi
668 1247 958 1289 memores
988 1231 1134 1285 bene
1176 1230 1391 1283 norunt
1420 1239 1483 1280 se
1526 1238 1630 1293 pro
1683 1219 1872 1277 salute
1909 1219 2122 1274 civium

473 1351 776 1407 institutos
806 1347 1156 1417 esse.Longe
1176 1344 1332 1399 enim
1364 1342 1478 1397 alia
1497 1344 1586 1395 est
1606 1354 1743 1394 cura
1768 1336 1849 1393 rei
1871 1333 2122 1391 familia-

475 1459 556 1515 ris
585 1463 642 1514 et
670 1456 751 1513 rei
782 1454 1048 1528 publicas,
1074 1451 1227 1508 sicut
1245 1449 1305 1504 in
1337 1446 1545 1518 vulgus
1564 1449 1768 1502 notum
1798 1446 1907 1499 est.
1934 1441 2125 1498 Minus

478 1567 634 1625 enim
665 1569 731 1622 de
764 1565 885 1620 suis
916 1562 1091 1618 rebus
1121 1573 1299 1631 quam
1328 1557 1401 1611 de
1431 1553 1681 1627 publicis
1726 1549 1961 1607 solliciti
2001 1563 2124 1604 esse

478 1686 769 1756 poterunt,
803 1693 1053 1751 quarum
1084 1676 1231 1733 ratio
1280 1671 1592 1744 aliquando
1622 1667 1919 1725 reddenda
1947 1663 2123 1720 venit.

476 1790 659 1862 Igitur
701 1804 812 1843 non
849 1784 1124 1852 molliter,
1152 1798 1268 1837 non
1300 1778 1626 1835 indolenter
1656 1774 1988 1847 precedent,
2022 1771 2119 1827 sed

476 1898 559 1953 ita
591 1902 657 1951 ut
686 1911 916 1951 summo
947 1890 1141 1949 studio
1172 1894 1273 1945 aut
1302 1888 1360 1943 in
1387 1885 1610 1958 agendo
1639 1882 1813 1938 autin
1838 1880 2125 1951 loquendo

479 2008 736 2068 utantur,
762 2017 866 2058 nec
900 2014 1154 2071 unquam
1184 2014 1251 2051 ea
1283 1992 1578 2066 negligant
1607 1989 1759 2061 quod
1790 1988 1861 2043 ad
1893 2001 2123 2057 rempu-

482 2121 691 2179 blicam
725 2123 980 2192 spectat;
1041 2116 1099 2171 id
1139 2114 1293 2187 quod
1352 2107 1662 2182 Ctesiphon
1719 2101 2126 2162 Demosthenis

482 2227 691 2285 honori
720 2223 1248 2297 imputavit,dicens
1280 2235 1295 2275 :
1329 2242 1358 2269 «
1392 2216 1646 2289 Populus
1676 2212 2123 2272 Demosthenem

480 2357 697 2400 corona
725 2351 898 2394 aurea
922 2332 1153 2389 redimit
1170 2331 1242 2386 ob
1271 2329 1538 2383 virtutem
1556 2329 1614 2380 et
1634 2336 1982 2396 generosum
2006 2316 2127 2373 ani-

478 2473 640 2514 mum
669 2468 841 2527 quem
874 2465 1008 2506 cum
1036 2445 1247 2503 Graecis
1276 2442 1573 2509 omnibus,
1604 2443 1728 2496 tum
1758 2432 2125 2494 Atheniensi-

470 2576 582 2631 bus
614 2567 1006 2629 manifestavit
1039 2564 1310 2620 maxime.
1346 2581 1373 2610 »
1407 2559 1536 2614 Haec
1567 2572 1700 2612 cum
1733 2554 1813 2609 ita
1851 2551 1991 2617 sint,
2026 2566 2126 2606 nos

468 2679 572 2753 qui
601 2682 817 2735 natura
846 2672 1117 2730 homines
1143 2684 1373 2736 sumus,
1406 2680 1607 2722 eorum
1638 2677 1765 2734 qua
1799 2675 1900 2727 per
1933 2658 2117 2711 forum

473 2791 1011 2855 circumvebuntur,
1039 2785 1200 2856 large
1257 2779 1569 2854 participes
1624 2792 1750 2833 esse
1807 2787 2120 2837 meremur,

475 2918 595 2960 non
626 2890 1093 2957 tabernariorum
1129 2893 1509 2947 mercaturam
1539 2884 1819 2941 facientes
1866 2879 2123 2935 illibera-

473 3012 613 3074 lem,
644 3010 703 3062 et
730 3003 887 3059 unde
916 3016 1021 3057 nec
1046 2997 1309 3054 venditor
1338 3010 1441 3049 nec
1472 2995 1696 3062 emptor
1727 2986 1972 3060 proﬁcit.
1995 2988 2121 3041 Non

473 3114 632 3172 enim
658 3111 716 3167 id
747 3108 942 3181 agitur
968 3110 1034 3160 ut
1064 3101 1374 3160 commoda
1420 3104 1480 3154 et
1510 3094 1794 3152 utilitates
1825 3090 2122 3157 accedant,

475 3234 574 3291 sed
597 3229 791 3288 omnis
812 3223 1108 3298 injustitia
1128 3219 1425 3292 injustitim
1455 3220 1514 3273 et
1532 3214 1725 3288 legum
1748 3210 2125 3269 observantiae

476 3354 663 3411 cedet.
694 3352 830 3417 Quae
888 3350 954 3403 ut
1004 3344 1347 3414 contingant
1397 3340 1459 3395 in
1516 3335 1782 3395 omnium
1838 3334 1987 3390 votis
2016 3340 2124 3388 est.

478 3462 625 3530 Quis
653 3461 807 3517 enim
833 3454 1021 3512 nescit
1056 3452 1235 3524 quod,
1266 3450 1314 3506 si
1354 3448 1606 3521 populus
1650 3442 2040 3501 moderatione
2069 3444 2127 3497 et

478 3578 767 3655 sapientia
801 3583 859 3632 et
912 3570 1192 3630 modestia
1238 3568 1445 3634 utitur,
1476 3563 1683 3634 majori
1740 3558 2126 3618 mstimatione

476 3701 691 3771 dignus
722 3691 1037 3753 censetur?
1066 3694 1124 3745 et
1166 3687 1322 3759 quod
1371 3701 1403 3741 e
1443 3687 1649 3738 contra
1677 3680 1725 3735 si
1775 3677 2121 3735 seditiosum

474 3833 601 3875 sese
631 3819 688 3873 et
709 3815 875 3886 justo
905 3808 1276 3867 audaciorem
1323 3808 1381 3860 et
1426 3800 1650 3872 legibus
1692 3796 2122 3854 inobedientem

474 3922 803 3998 prabuerit,
836 3915 1177 3993 pmnitentia
1232 3925 1475 3986 pravum
1509 3909 1609 3982 qui
1640 3908 1847 3972 fuerat,
1877 3904 1938 3959 in
1970 3902 2120 3973 frugi

478 4034 780 4091 hominem
838 4021 1305 4091 transformabit,
1335 4021 1487 4076 sicut
1542 4032 1728 4090 equus
1787 4012 1982 4086 pullus
2023 4024 2125 4082 per

480 4139 784 4199 domitoris
801 4150 1044 4194 manum
1062 4150 1133 4189 ex
1148 4128 1545 4187 recalcitrante
1560 4123 1828 4181 eteﬁreni
1840 4134 2121 4193 perquam

479 4255 679 4315 docilis
707 4253 889 4311 evasit
916 4260 971 4308 et
1000 4264 1236 4306 currum
1288 4244 1538 4310 trahere,
1560 4240 1687 4313 jugi
1731 4239 1957 4311 patiens
1999 4250 2125 4292 esse

474 4362 723 4421 didicit?
752 4359 1027 4428 Quocirca
1055 4356 1183 4413 illos
1216 4353 1429 4428 probos
1475 4355 1533 4408 et
1577 4348 1838 4407 moribus
1866 4344 2124 4418 egregios

474 4471 599 4527 ﬁeri
628 4468 858 4540 expedit
886 4470 944 4521 et
973 4465 1208 4537 propter
1246 4460 1467 4531 seipsos
1515 4459 1572 4513 et
1620 4459 1960 4511 czeterorum
1994 4465 2123 4521 gra-

474 4578 557 4634 tia
586 4576 803 4649 quibus
832 4578 1106 4646 premnt,
1137 4573 1194 4625 et
1241 4581 1491 4639 quorum
1543 4563 1784 4620 interest
1812 4567 1872 4615 ut
1921 4560 2126 4630 prasto-

475 4699 568 4740 res
596 4681 809 4753 integri
844 4680 982 4736 sint.
1014 4676 1121 4733 Sed
1153 4678 1308 4732 certo
1360 4688 1477 4728 non
1516 4684 1585 4726 ea
1615 4675 1835 4724 tantum
1886 4680 1947 4721 re
1987 4664 2124 4720 civi-

476 4795 627 4848 tates
657 4788 977 4846 subsistant
1019 4788 1194 4855 atque
1237 4780 1602 4853 prosperant,
1630 4788 1877 4847 quarum
1908 4769 2127 4828 securi-

477 4908 564 4956 tas
593 4898 652 4953 in
685 4895 969 4953 moenium
1000 4892 1204 4948 robore
1235 4885 1502 4944 consistit
1521 4900 1635 4940 non
1658 4881 1849 4938 minus
1871 4894 2046 4952 quam
2066 4878 2124 4933 in

470 5004 927 5077 magistratuum
960 4996 1291 5073 prudentia,
1324 5008 1418 5050 me
1465 4991 1702 5064 quidem
1743 4987 1981 5060 judice;
2033 4982 2125 5040 cui

469 5121 739 5192 equidem
769 5117 961 5175 ofﬁcio
1011 5112 1271 5187 singulos
1311 5109 1647 5167 satisfacere
1693 5104 1964 5169 arbitror,
1991 5116 2124 5157 cum

476 5226 883 5301 unusquisque
937 5221 1298 5290 aediﬁcando,
1355 5214 1746 5275 construendo
1800 5208 2124 5275 machinas,

478 5333 673 5390 omnis
703 5332 932 5405 generis
959 5326 1247 5387 exercitiis
1275 5326 1335 5382 id
1363 5323 1623 5381 efﬁciunt
1654 5323 1719 5375 ut
1764 5315 2124 5375 obsidionem

476 5449 607 5506 sine
636 5463 842 5520 magno
871 5446 1068 5503 labore
1097 5442 1292 5500 subire
1339 5439 1547 5506 valeat,
1580 5437 1721 5492 dum
1770 5431 1984 5489 civium
2026 5442 2125 5501 ag-

458 5571 612 5623 ,men
644 5555 790 5610 bene
818 5556 1111 5608 armatum
1142 5548 1321 5603 animi
1355 5546 1613 5615 vigorem
1665 5553 1956 5596 armorum
1991 5535 2123 5592 usui

480 5675 789 5730 nunquam
816 5677 928 5714 non
951 5653 1440 5725 adjicit.0uandiu
1456 5652 1610 5708 enim
1637 5650 1842 5721 Sparta
1861 5646 1987 5703 sine
2007 5660 2128 5699 mu-

2156 3214 2200 3281 Ο

2157 4592 2202 4655 D

2230 566 2337 617 ρως
2396 543 2776 600 κινδυνεύωσιν
2838 543 3010 618 ἴσχειν
3070 546 3125 599 αἱ
3168 543 3359 606 πόλεις
3412 543 3597 598 καὶτὰ
3635 548 3743 599 τῶν
3773 545 3871 599 πόο

2230 634 2370 689 λεων
2410 636 2724 710 πράγματα,
2774 636 2885 707 χρὴ
2928 634 3153 694 τούτους
3202 639 3418 709 πρῶτον
3454 635 3548 707 μὲν
3595 634 3876 694 τοιούτους

2230 722 2297 794 δή
2356 746 2506 786 τινας
2554 726 2672 778 καθ’
2724 722 2920 785 αὐτοὺς
2967 724 3106 777 εἶναι
3154 724 3242 776 καὶ
3296 723 3477 795 νόμων
3531 720 3702 777 εἵνεκα
3734 721 3876 796 λέγω

2229 818 2319 869 καί
2366 812 2667 876 πολιτείας,
2719 813 2811 867 καὶ
2869 814 3125 888 πράσσειν
3173 814 3205 867 ἃ
3256 811 3359 881 δεῖ,
3408 813 3486 874 ὡς
3534 810 3732 884 πολλῷ
3776 834 3877 867 τινι

2229 900 2493 978 προῦχειν
2534 908 2645 957 τῶν
2702 900 2912 970 ἄλλων,
2944 901 3033 956 καὶ
3083 903 3206 976 βίου
3265 903 3551 980 σώφρονος
3604 902 3734 955 εἶναι
3774 921 3879 955 παι

2230 989 2501 1066 ράδειγμα
2534 1012 2547 1025 ο
2580 988 2746 1045 ἔπειθ’
2779 990 2921 1045 οὕνω
2971 988 3179 1067 σφόδρα
3223 988 3580 1063 δημοτικοὺς,
3608 989 3701 1044 καὶ
3731 990 3879 1052 ὅπως

2230 1079 2548 1150 ἀδικήσεται
2599 1082 2692 1154 μὲν
2743 1077 2928 1150 δηδείς
2975 1084 3081 1135 τῶν
3132 1084 3228 1134 τοῦ
3287 1077 3491 1152 δήμου.
3547 1077 3618 1134 Εὖ
3667 1076 3727 1133 δὲ
3764 1081 3882 1133 πεί-

2232 1191 2418 1226 σονται
2472 1170 2658 1231 πάντες
2710 1167 2799 1223 διὰ
2840 1168 3051 1224 πάντων
3098 1173 3453 1236 σκοποῦντας,
3502 1167 3593 1222 καὶ
3640 1172 3753 1223 τῶν
3804 1169 3881 1231 εἱς

2230 1264 2392 1313 τοῦτο
2435 1260 2707 1336 φερόντων
2762 1255 2997 1329 μηδενὸς
3047 1253 3429 1335 φειδομένους,
3500 1253 3630 1329 μηδ’
3676 1255 3740 1311 ἂν
3788 1255 3882 1310 αὐ-

2231 1352 2350 1409 τοῖς
2398 1346 2634 1402 ἐντεῦθεν
2684 1341 2952 1421 συμϐαίνῃ
3006 1344 3362 1421 βλάπτεσθαι,
3412 1345 3487 1408 ὡς
3535 1346 3720 1400 κοινὸν
3762 1342 3882 1423 ὄφε-

2235 1437 2331 1499 λος
2381 1442 2539 1492 πᾶσιν
2588 1438 2677 1491 καὶ
2725 1436 2943 1491 ἀκούειν
2997 1437 3089 1491 καὶ
3136 1437 3311 1491 εἶναι’
3362 1440 3470 1490 τῶν
3515 1436 3608 1508 μὲν
3640 1433 3755 1505 ἰδίᾳ
3786 1436 3873 1488 καί

2232 1527 2369 1582 κατὰ
2413 1531 2547 1603 σφᾶς
2610 1527 2819 1601 βραχὺν
2876 1546 3000 1580 τινα
3058 1525 3219 1599 λόγον
3251 1544 3265 1557 θ
3299 1526 3328 1579 ὃ
3375 1522 3432 1579 δὲ
3478 1528 3636 1599 κοινῇ
3692 1523 3885 1597 μέλλει

2235 1615 2515 1680 συνοίσειν,
2561 1621 2732 1669 πᾶσαν
2781 1615 2977 1668 τούτου
3025 1613 3148 1688 περι
3197 1610 3443 1683 σπουδὴν
3491 1613 3885 1687 ποιουμένους,

2234 1702 2443 1765 εἷδότας
2472 1705 2546 1758 ὧν
2608 1703 2784 1757 εἷ’νεκα
2841 1700 3209 1778 προῦστησαν.
3267 1699 3341 1757 Οὐ
3407 1701 3509 1777 γὰρ
3562 1696 3729 1770 ἔστιν,
3791 1699 3886 1755 οὐκ

2234 1792 2345 1848 ἔοτι
2403 1794 2495 1848 τὸν
2547 1793 2709 1847 αὐτὸν
2766 1792 2969 1864 τρόπον
3032 1789 3162 1864 ὑπὲρ
3208 1810 3267 1844 τε
3311 1793 3421 1844 τῶν
3461 1794 3659 1843 κοινῶν
3689 1790 3782 1844 καὶ
3814 1790 3884 1842 ὧν

2235 1883 2401 1944 αὐτός
2430 1903 2513 1943 τις
2546 1880 2769 1942 ἓκαςτος
2813 1878 2951 1955 ἔχει,
3004 1880 3330 1955 φροντίζειν,
3362 1875 3475 1932 οὐδ’
3507 1878 3674 1954 ἐγγύς
3710 1899 3724 1911 ·
3762 1877 3890 1932 ἀλλ’

2241 1974 2374 2047 ὑπὲρ
2433 1973 2526 2044 μὲν
2580 1970 2787 2026 τούτων
2829 1971 2980 2030 ὅπως
3037 1968 3097 2023 ἃν
3157 1966 3339 2030 αὐτοῖς
3384 1965 3512 2042 δόξῃ
3556 1968 3885 2045 φροντίζειν,

2230 2059 2409 2115 ’ίσασιν
2467 2058 2695 2121 ἅπαντες
2722 2079 2735 2092 ο
2799 2058 2934 2129 ὑπὲρ
2967 2055 3026 2112 δὲ
3051 2061 3159 2111 τῶν
3201 2053 3486 2127 δημοσίων
3515 2056 3627 2129 οὐχ
3655 2055 3836 2117 οὕτως
3873 2073 3885 2086 ο

2235 2148 2384 2205 ἀλλά
2438 2150 2784 2226 φροντίζουσι
2845 2149 2938 2219 μὲν
2991 2146 3165 2201 αὐτῶν
3225 2144 3277 2215 ἐξ
3335 2144 3571 2219 ἀνάγκης
3619 2142 3749 2198 ὅταν
3792 2142 3893 2197 λά-

2238 2258 2403 2313 χωσι,
2465 2237 2808 2316 φροντίξουσι
2866 2233 2924 2290 δὲ
2981 2236 3056 2299 ὡς
3131 2235 3408 2311 ὑφέξοντες
3476 2232 3642 2307 λόγον
3709 2249 3725 2262 °
3815 2232 3888 2294 ὡς

2239 2324 2472 2401 ἀνᾶγκην
2524 2324 2755 2381 ἐντεῦθεν
2812 2322 2961 2399 ἔχειν
3020 2325 3097 2396 μή
3163 2326 3452 2399 παρέργως
3523 2318 3654 2395 μηδ’
3734 2318 3888 2395 ἐρῥᾳ.

2237 2416 2644 2489 στωνευμένως,
2681 2412 2812 2490 μηδ’
2843 2416 2920 2477 ὡς
2951 2408 3113 2490 ἔτυχε
3165 2418 3283 2475 τοῖς
3339 2411 3649 2488 πράγμασιν
3703 2408 3889 2488 ἐγχει-

2237 2512 2347 2581 ρεῖν
2383 2526 2397 2539 ο
2456 2504 2602 2561 ἀλλά
2662 2506 2776 2571 μεθ’
2838 2504 2973 2573 ὅσης
3029 2502 3090 2556 ἄν
3147 2523 3232 2565 τις
3283 2505 3359 2576 φῇ
3400 2508 3499 2570 τῆς
3529 2496 3798 2571 σπουδῆς,
3828 2498 3891 2553 τὰ

2241 2595 2497 2671 βέλτιστα
2525 2599 2603 2666 τῷ
2662 2591 2827 2667 δήμῳ
2881 2594 2970 2647 καὶ
3005 2592 3180 2665 λέγειν
3230 2592 3324 2645 καὶ
3371 2591 3622 2665 πράττειν
3653 2590 3746 2642 καὶ
3787 2608 3891 2661 μη-

2237 2683 2321 2739 δὲν
2376 2682 2684 2757 προθυμίας
2742 2681 3016 2737 ἐλλείπειν
3081 2682 3213 2752 ὑπὲρ
3267 2683 3364 2734 τοῦ
3410 2681 3569 2742 κοινῆ
3625 2676 3887 2753 γιγνομὲ-

2234 2791 2372 2829 νου·
2436 2772 2466 2826 ὅ
2504 2772 2594 2826 καὶ
2660 2776 2740 2845 τῷ
2798 2774 3046 2826 Παιανιεῖ
3112 2766 3442 2842 Δημοσθένει
3517 2772 3812 2844 Κτησιφῶν
3860 2766 3887 2820 ὁ

2237 2863 2574 2922 Λεωσθένους
2624 2859 2676 2915 ἐν
2725 2865 2805 2932 τῷ
2852 2860 2977 2933 περὶ
3029 2863 3125 2913 τοῦ
3170 2860 3432 2937 στεφάνου
3492 2854 3885 2929 προσεμαρτύο

2236 2971 2316 3026 ρει
2347 2950 2657 3028 ψηφίσματι
2689 2946 2862 3025 λέγων
2892 2948 2975 3003 ὅτι
3012 2974 3031 2998 ιι
3068 2952 3331 3024 Στεφανοῖ
3378 2943 3555 3019 δῆμος
3591 2944 3887 3017 Δημοσθὲ-

2233 3061 2331 3110 νην
2390 3039 2764 3111 Δημοσθένους
2819 3037 3075 3092 Παιανιέα
3129 3039 3322 3113 χρυσῷ
3378 3033 3628 3111 στοφάνῳ
3689 3034 3886 3109 ἀρετῆς

2234 3130 2409 3186 ε’ίνεκα
2459 3131 2547 3185 καὶ
2605 3130 2840 3199 εὐνοίας,
2886 3130 2953 3199 ἧς
3000 3126 3146 3202 ἔχων
3206 3125 3447 3182 διατελεῖ
3509 3122 3587 3185 ε’ίς
3639 3145 3704 3179 τε
3758 3123 3882 3184 τοὺς

2234 3218 2509 3289 Ἕλληνας
2548 3220 2781 3278 ἅπαντας
2819 3216 2908 3271 καὶ
2964 3217 3055 3270 τὸν
3115 3212 3289 3285 δῆμον
3341 3218 3449 3269 τῶν
3495 3212 3821 3283 Ἀθηναίων.
3857 3233 3883 3263 ιι

2232 3308 2504 3367 Τοιούτων
2552 3306 2609 3363 δὲ
2661 3306 2869 3363 τούτων
2930 3304 3100 3361 ὅντων
3155 3304 3245 3359 καὶ
3303 3303 3450 3357 οὕτω
3502 3299 3884 3375 διακειμὲνων,

2233 3400 2331 3453 ὅσα
2391 3399 2484 3470 μὲν
2546 3396 2622 3458 εἰς
2680 3395 2883 3473 ἀγορὰν
2931 3393 3053 3464 ἤκει
3084 3393 3174 3449 καὶ
3220 3394 3283 3448 τὸ
3337 3389 3553 3447 πάντων
3608 3393 3695 3452 οἷς
3726 3390 3884 3469 ἑφ¹ᾦ

2232 3493 2503 3563 περιεῖναι.
2545 3487 2636 3541 καὶ
2697 3489 2818 3559 ζῇν,
2876 3485 3117 3562 χρῆσθαι
3192 3481 3504 3559 πεφύκαμεν
3584 3478 3883 3552 ἄνθρωποι,

2237 3577 2483 3652 μετέχειν
2540 3573 2688 3651 ἔχειν
2749 3575 3014 3652 ἀφθόνως,
3072 3573 3161 3627 καὶ
3217 3567 3585 3631 παντοδαποῖς
3640 3568 3885 3622 τουτοισὲ

2231 3667 2597 3742 περιρρεῖσθαι
2657 3683 2670 3697 ·
2721 3664 2809 3718 καὶ
2864 3665 3002 3736 μήτε
3042 3659 3347 3732 καπηλείας
3396 3658 3653 3727 ἀτόπους,
3687 3659 3779 3711 καὶ
3824 3655 3883 3718 ἃς

2233 3757 2332 3812 οὐκ
2378 3755 2546 3827 ἔξεστ’
2603 3754 2852 3821 ἐπινοεῖν,
2917 3753 3046 3824 μήθ’
3119 3750 3238 3804 ὅθεν
3310 3753 3427 3810 τοῖς
3503 3747 3883 3821 ταλαιπώροις

2233 3845 2380 3903 ἔσται
2434 3844 2688 3906 πολίταις
2733 3842 2904 3916 ζημία
2960 3842 3052 3896 καὶ
3114 3834 3339 3915 βλάϐος,
3372 3843 3493 3899 τοῖς
3538 3834 3586 3890 δ’
3617 3837 3727 3911 οὐχ
3758 3837 3881 3890 ὅσον

2231 3935 2506 4007 καπήλοις
2534 3931 2658 3988 οὐδὲ
2688 3930 3134 4005 παλιγκαπήλοις
3168 3948 3182 3961 ο
3216 3926 3363 3984 ἁλλὰ
3399 3930 3564 3982 τοῦτο
3609 3924 3881 3986 πολλάκις

2232 4024 2303 4080 δι’
2349 4026 2424 4079 ὧν
2481 4022 2806 4098 πράττουσιν
2864 4017 3033 4089 οὖσιν,
3090 4015 3320 4091 εὐπορία
3373 4015 3463 4069 καὶ
3522 4011 3735 4087 κέρδος,
3793 4015 3878 4066 καί

2232 4109 2548 4187 ξυλλήϐδην
2598 4113 2791 4181 εἰπεῖν,
2843 4116 3016 4166 πᾶσαν
3066 4110 3161 4183 μὶν
3210 4104 3421 4162 ἀδικίαν
3470 4104 3678 4159 τούτων
3722 4104 3877 4158 ἀπεῖ-

2232 4226 2339 4276 ναι,
2390 4204 2647 4277 εὐνομίαν
2707 4199 2766 4257 δὲ
2810 4200 2903 4255 καὶ
2961 4196 3306 4267 δικαιοσύνην
3350 4195 3483 4270 μετὰ
3520 4191 3740 4248 πολλοῦ
3783 4194 3875 4245 τοῦ

2231 4294 2516 4369 περιόντος
2547 4290 2637 4347 διὰ
2692 4290 2904 4346 πάντων
2949 4293 3279 4363 προσεῖναι·
3339 4285 3513 4339 πάντα
3568 4279 3660 4337 οὖν
3715 4285 3877 4336 ταῦτα

2233 4386 2306 4446 ὡς
2361 4382 2635 4439 κάλλιστα
2686 4376 2820 4451 ἕξειν
2879 4378 2971 4435 καὶ
3028 4376 3166 4433 πάνυ
3223 4395 3311 4429 τοι
3341 4374 3457 4429 κκτ¹
3489 4370 3678 4444 εὐχήν.
3713 4368 3887 4425 Ἀλλᾶ

2231 4477 2313 4542 τίς
2359 4477 2461 4531 οὐκ
2517 4470 2680 4542 οἶδεν,
2721 4472 2795 4534 ὡς
2844 4470 2931 4525 ἐάν
2985 4490 3047 4524 το
3094 4468 3122 4522 ὁ
3188 4463 3367 4539 δῆμος
3429 4462 3645 4536 μέτριος
3795 4463 3879 4513 καί

2231 4567 2473 4635 ἐπιεικὴς
2528 4563 2621 4618 καὶ
2672 4564 2973 4638 σωφρονεῖν
3003 4558 3386 4628 ἐπιστάμενος,
3410 4548 3611 4623 πολλῷ
3644 4548 3880 4624 βελτίων

2232 4657 2462 4713 ἐντεῦθεν
2516 4648 2661 4707 ἔσται
2719 4650 2810 4705 καὶ
2877 4646 3253 4720 δοκιμώτερος
3315 4643 3593 4717 χρῆσθαι;
3655 4639 3744 4693 ἐάν
3820 4659 3877 4693 τε

2231 4743 2565 4810 τούναντίον,
2612 4735 2921 4808 στασιώδης
2949 4758 3033 4798 τις
3078 4734 3170 4790 καὶ
3207 4731 3497 4805 τολμηρὸς
3555 4727 3644 4783 καὶ
3684 4728 3878 4802 θρασύς

2234 4836 2320 4889 κσὶ
2349 4835 2539 4906 νόμοις
2571 4830 2673 4885 οὐκ
2728 4826 2906 4889 ε’ίκων,
2956 4820 3295 4896 παλινῳδίαν
3342 4817 3532 4891 ᾅσετας
3579 4816 3669 4872 καὶ
3714 4835 3882 4890 μετα-

2234 4920 2396 4980 ϐαλεῖ
2449 4921 2539 4975 καὶ
2596 4920 2786 4973 θᾶττον
2846 4910 2994 4970 ἔσται
3023 4913 3265 4990 χρηστὸς
3315 4909 3435 4965 ἀντὶ
3463 4908 3708 4980 πονηροῦ
3739 4924 3753 4969 ς
3787 4924 3878 4958 κα-

2233 5014 2401 5088 θάπερ
2452 5030 2535 5071 τις
2584 5006 2775 5069 πῶλος
2838 5000 3101 5080 ὑϐριστὴς
3153 5001 3246 5056 καὶ
3315 4996 3695 5055 δυοκάθεκτος,
3749 4996 3877 5048 θαυ-

2238 5105 2447 5174 μαστοῦ
2502 5119 2646 5159 τινος
2703 5092 3074 5167 πωλοδάμνου
3129 5090 3338 5165 τυχὼν,
3394 5086 3451 5142 εὖ
3503 5082 3634 5159 μάλ’
3664 5080 3870 5143 εἷδότος

2233 5194 2380 5267 ἅρμα
2436 5187 2698 5251 ἐλαύνειν,
2756 5184 2847 5239 καὶ
2900 5182 3078 5238 δεινοῦ
3134 5180 3202 5236 τὰ
3254 5180 3522 5233 τοιαῦταο
3582 5170 3720 5227 ὥστε
3784 5175 3869 5225 καί

2233 5281 2347 5336 κατ’
2378 5278 2506 5334 αὐτὸ
2552 5280 2715 5331 τοῦτο
2761 5272 3043 5348 χρηστοὺς
3081 5267 3281 5330 αὐτοὺς
3322 5267 3459 5322 εἶναι
3509 5260 3590 5317 δεῖ
3631 5261 3720 5315 καὶ
3755 5266 3869 5321 τοῖς

2233 5370 2386 5430 ὅλοις
2431 5366 2748 5443 βελτίστους
2798 5362 2890 5417 καὶ
2951 5364 3098 5435 σφῶν
3167 5356 3325 5412 εἵνεκ’
3391 5355 3588 5421 αὐτῶν,
3649 5350 3738 5406 καί
3805 5349 3877 5403 ὧν

2234 5458 2414 5530 δήπου
2460 5453 2821 5530 προΐστανταί
2856 5470 2869 5482 ⁸
2902 5450 2970 5504 τὰ
3025 5448 3127 5524 γὰρ
3187 5445 3401 5502 ἐκείνων
3448 5440 3611 5497 ὁποῖά
3663 5441 3787 5493 ποτ’
3814 5437 3873 5492 ἄν

2231 5550 2288 5620 ᾖ,
2323 5546 2401 5607 εἴς
2429 5525 2653 5606 τοότους
2686 5541 2904 5615 μάλιστ’
2951 5536 3162 5609 ἄνήκει.
3194 5541 3313 5591 Ἔτι
3362 5530 3538 5588 τοίνυν
3584 5525 3874 5601 ἐπειδήπερ

2234 5640 2331 5693 οὐκ
2361 5635 2599 5691 ἐντεῦθεν
2642 5635 2815 5711 μόνον
2866 5630 2924 5685 εὖ
2982 5629 3317 5683 συνίστανται
3348 5622 3557 5689 πόλεις,
3601 5615 3712 5672 οὐδ’
3741 5618 3871 5672 αὐτᾶ
