4154 6216
269 379 368 439 521

1243 373 1533 436 ORATIO
1581 373 1676 434 DE
1724 371 2234 436 SUBDITORUM
2281 370 2628 434 OFFICIIS.

3514 376 3632 437 522

270 515 420 568 ταῦτα
463 510 588 583 πρὸς
631 508 917 584 εὐπραγίαν
960 508 1207 584 ἀπόχρη,
1247 507 1375 564 ἀλλ’
1425 505 1573 578 εἶ’περ
1622 527 1718 560 του
1770 509 1869 561 τῶν

1993 506 2070 560 ris
2102 509 2245 574 erat,
2294 504 2615 561 incolarum
2665 507 2935 564 fortitudo
2984 507 3272 565 omnibus
3305 523 3402 565 eos
3431 507 3634 565 formi-

270 606 460 659 πάντων
512 599 597 654 καὶ
655 603 751 653 τοῦ
811 620 874 676 γε
923 605 1128 676 τειχῶν
1187 595 1243 651 εὖ
1310 593 1456 672 ἔχειν
1524 596 1614 650 καὶ
1673 592 1880 672 σφόδρα

270 690 501 772 ἀσφαλῶς
539 688 682 763 ἔχειν
722 688 917 743 πόλεσι
959 688 1199 760 μάλιστα
1239 684 1355 741 δεῖ·
1404 686 1538 758 μετά
1592 683 1649 740 δὲ
1685 687 1883 746 παντὸς

275 779 464 855 μᾶλλον
492 786 587 846 τῆς
623 778 883 847 τοιαύτης
918 776 1173 851 προνοίας
1215 777 1488 830 τουτοισὶν
1533 777 1605 836 ὡς
1635 774 1882 848 προστά-

269 892 390 938 ταις,
434 869 517 924 καὶ
557 873 701 922 τοῦτ’
751 870 810 921 ἂν
865 866 1049 927 αὐτοῖς
1108 865 1302 941 ἄριστα
1347 863 1436 919 καὶ
1503 864 1635 936 μετὰ
1682 864 1883 925 παντὸς

268 965 350 1016 τοῦ
401 957 716 1033 γιγνομένου
770 955 982 1029 νομίζω
1039 955 1373 1027 πεπρᾶχθαι,
1437 953 1548 1025 ἐὰν,
1627 953 1884 1008 ἑκάστοτε

270 1052 394 1106 ταῦθ’
448 1048 591 1109 ὅπως
659 1045 778 1121 ἔχει
845 1047 1145 1120 περιιόντες
1214 1047 1484 1111 σκοπῶσι,
1551 1044 1640 1096 καὶ
1709 1040 1878 1115 μηδὲν

272 1141 381 1212 ὑπὲρ
436 1137 639 1194 τούτων
699 1137 890 1191 ἀνιῶσι
949 1132 1213 1205 σπουδῆς,
1274 1131 1717 1206 οἰκοδομοῦντες,
1769 1131 1880 1186 ἐπι-

269 1231 606 1298 σκευάζοντες,
655 1226 810 1280 πάντ’
863 1225 1186 1296 ἀσκούμενοι
1233 1225 1457 1298 τρόπον,
1509 1221 1589 1298 ἐφ’
1635 1223 1680 1293 ᾧ
1727 1223 1879 1276 ταῦθ’

265 1320 326 1379 ὡς
382 1315 816 1392 ἰῤῥωμενέστατα
879 1314 968 1368 καὶ
1059 1313 1437 1388 στεγανώτατα
1530 1310 1621 1365 καὶ
1708 1311 1876 1385 ἀσφα-

261 1405 465 1462 λέστατα
527 1405 616 1459 καὶ
677 1410 850 1458 πᾶσαν
897 1404 956 1458 ἃν
1014 1401 1254 1476 εὐχερῶς
1307 1399 1591 1476 ἐνεγκόντα
1646 1400 1874 1473 πολιορ-

258 1494 364 1550 κίαν
393 1494 687 1568 εἰργάσθαι,
719 1492 808 1546 καὶ
850 1491 995 1552 ὅλως
1045 1491 1236 1565 ἄμαχα
1283 1495 1402 1553 τοῖς
1448 1488 1762 1561 πολεμίοις,
1797 1493 1877 1559 τῷ

258 1607 307 1640 τε
353 1583 509 1656 ταύτῃ
571 1583 1024 1654 παρασκευάσθαι,
1103 1581 1191 1633 καὶ
1251 1577 1470 1653 προσὲθ’
1527 1576 1724 1641 ὅπλοις
1802 1579 1875 1639 ὡς

255 1673 509 1728 πλείστοις
552 1672 888 1749 πεφράχθαι,
938 1674 1018 1741 τῷ
1065 1691 1123 1724 τε
1171 1666 1403 1730 πολίτας
1439 1667 1628 1746 ,ἴσχειν
1676 1668 1877 1741 φρονη-

259 1783 409 1837 ματος
435 1761 704 1838 γέμοντας
735 1759 825 1815 καὶ
871 1759 1207 1832 μελετῶντας
1245 1760 1310 1813 τὰ
1350 1757 1576 1813 τακτικά
1601 1775 1614 1789 ⁸
1670 1757 1873 1825 ταύτης

257 1854 337 1926 μὶν
375 1859 471 1921 τῆς
525 1850 783 1925 βοηθείας
844 1849 1110 1918 ἀπούσης,
1165 1848 1360 1921 μικρὰν
1418 1846 1578 1901 οὖσαν
1639 1845 1950 1948 ἐκείνην,Β

251 1940 510 2015 παρούσης
581 1939 763 2012 μέντοι
828 1938 919 1992 καὶ
985 1937 1124 1991 πάνυ
1185 1936 1443 2010 μεγίστην
1486 1952 1500 1968 ·
1569 1933 1706 1990 ὅπου
1766 1936 1869 2010 γὰρ

249 2029 539 2104 ἀτειχίστου
595 2037 700 2097 τῆς
754 2029 1011 2100 Σπάρτης
1069 2023 1259 2096 οὔσης,
1317 2027 1379 2080 τὸ
1454 2026 1708 2098 φρόνημα
1762 2029 1868 2079 τῶν

251 2119 578 2175 ἐνοικούντων
638 2119 730 2173 καὶ
791 2117 956 2191 μόνον
1020 2114 1236 2190 ἵσχυσι,
1302 2115 1389 2169 καὶ
1470 2109 1693 2190 φοϐεροὶ
1751 2117 1870 2174 τοῖς

250 2212 422 2264 ἅπασιν
471 2209 608 2278 ἦσαν
637 2228 650 2240 ο
713 2209 786 2269 ὡς
839 2207 972 2281 πρὸς
1019 2206 1145 2267 τοὺς
1195 2203 1480 2279 ἐρομένους
1532 2203 1659 2257 ὅτου
1704 2202 1869 2277 χάριν

250 2298 336 2353 εἶεν
366 2299 688 2373 ἀτείχιστοι,
737 2298 886 2352 ταῦτ’
926 2296 982 2350 εὖ
1026 2293 1156 2370 μάλ’
1194 2295 1610 2366 ἀποκρίνασθαι,
1654 2291 1706 2346 τί
1754 2294 1866 2367 χρὴ

250 2388 469 2461 νομίζειν
501 2389 706 2465 ἀμφοῖν
741 2387 1018 2441 συνόντοιν
1047 2408 1061 2456 ;

315 2475 391 2536 ιδ’.
453 2479 548 2533 Καὶ
612 2475 832 2550 μάλισθ’
874 2475 997 2532 ὅταν
1045 2477 1098 2530 οἱ
1141 2473 1430 2552 φυλάττειν
1473 2473 1738 2547 λαχόντες
1792 2473 1866 2543 μή

247 2563 665 2641 τριωϐολιμαῖοι
723 2566 810 2620 καὶ
870 2567 1093 2635 πένητες
1150 2565 1240 2620 καὶ
1295 2567 1391 2618 τοῦ
1443 2559 1672 2635 μηδενὸς
1730 2561 1868 2632 ἄξιοι

246 2658 577 2734 τυγχάνωσιν
640 2655 811 2720 ὄντες,
869 2654 995 2710 ἀλλ’
1053 2657 1162 2708 οἷοι
1209 2653 1298 2708 καὶ
1361 2652 1537 2714 οἰκίας
1581 2655 1728 2724 σφῶν
1779 2651 1866 2705 καὶ

247 2748 426 2823 ἀγροὺς
469 2747 522 2800 ὲν
568 2743 730 2798 πόλει
780 2745 869 2797 καὶ
917 2745 1119 2816 τάφους
1164 2743 1452 2817 πατρῴους
1504 2761 1560 2795 τε
1607 2741 1694 2795 καὶ
1727 2760 1872 2794 παπ-

246 2839 432 2910 πῴους,
463 2837 556 2893 καὶ
608 2837 670 2891 τὸ
723 2835 970 2910 μέγιστον
1016 2835 1243 2910 γνώμης
1295 2831 1566 2901 εὐθύτητα
1615 2831 1706 2884 καὶ
1741 2830 1868 2904 τρό-

246 2947 364 2988 πους
403 2926 686 3004 χρηστούς
731 2946 788 2980 τε
835 2926 923 2979 καὶ
973 2923 1269 3002 σώφρονας,
1321 2921 1407 2976 καὶ
1437 2921 1612 2975 πάντα
1658 2919 1727 2974 τά
1753 2939 1866 2973 τοι-

273 3019 294 3030 -
420 3014 441 3032 ἢ
564 3019 590 3028 υ
829 3015 840 3030 \
984 3015 995 3028 ι
1165 3013 1177 3029 \
1285 3012 1299 3030 Ἰ
1596 3010 1609 3028 \
1718 3009 1730 3028 ,
1811 3009 1823 3026 \

246 3036 358 3069 αυτα
415 3035 681 3071 οεικνυναι
717 3032 730 3045 ⁸
790 3035 880 3068 τον
937 3034 1038 3087 γαρ
1095 3033 1223 3073 τους
1275 3011 1478 3072 αλλους
1523 3031 1612 3064 και
1670 3029 1870 3068 αυτους

243 3104 409 3159 καὶτὰ
440 3105 623 3159 αὐτῶν
661 3103 800 3158 πάνυ
851 3101 1154 3179 φυλάξοντα
1204 3100 1361 3155 αὐτὸν
1411 3099 1673 3175 πρότερον
1721 3097 1870 3152 ταῦτ’

245 3187 372 3266 ἔχειν
405 3191 506 3264 δεῖ,
541 3193 618 3254 ὡς
661 3191 721 3246 ἂν
756 3189 824 3246 δι’
874 3193 1010 3264 ἅπερ
1048 3190 1210 3251 αὐτὸς
1251 3184 1392 3267 ἔχει,
1432 3188 1519 3242 καὶ
1571 3189 1704 3261 ἅπερ
1750 3185 1868 3241 ἕτεο

247 3300 318 3354 ροι
359 3284 646 3351 κέκτηνται
695 3279 746 3350 ἐξ
793 3280 1026 3354 άναγκης
1076 3279 1254 3348 δήπου
1304 3277 1548 3350 φυλάξῃ·
1603 3271 1720 3351 ἔχει
1765 3276 1868 3380 γάρ
1901 3267 1943 3331 C

245 3370 434 3431 οὕτως·
473 3371 520 3425 εἷ
561 3371 653 3443 μὲν
685 3372 751 3423 τὰ
779 3373 884 3423 τῶν
937 3368 1122 3424 ἄλλων
1177 3367 1489 3446 φυλάξεται,
1539 3369 1627 3420 καὶ
1677 3367 1742 3419 τὰ
1772 3367 1864 3418 αύ-

242 3465 326 3514 τοῦ
374 3462 592 3521 πάντως
653 3457 979 3532 φυλάξεταιο
1040 3457 1085 3512 εἰ
1146 3455 1192 3511 δ’
1250 3456 1488 3517 ἐκείνους
1549 3456 1867 3529 προήσεται,

242 3549 318 3603 καὶ
357 3549 512 3603 αὐτὸν
570 3551 970 3622 συπροήσεται·
1022 3549 1109 3602 καὶ
1158 3546 1210 3600 τί
1265 3546 1476 3619 μᾶλκον
1507 3550 1622 3606 τοῖς
1672 3543 1866 3605 ἄλλοις

241 3637 514 3708 ἐντεῦθενῆ
565 3638 712 3711 αύτῷ
763 3637 1117 3711 λυμανεῖταις
1169 3637 1298 3692 ὥστ’
1343 3638 1387 3691 εί
1443 3637 1536 3710 μὲν
1584 3637 1650 3692 τὰ
1695 3635 1868 3690 οἰκεῖα

241 3729 414 3798 σώζειν
450 3731 706 3803 αἱρεῖται,
749 3729 839 3782 καὶ
870 3730 938 3782 τὰ
965 3731 1071 3782 τῶν
1115 3725 1300 3782 ἄλλων
1342 3728 1532 3796 σώζειν
1571 3727 1662 3780 τὸν
1705 3725 1864 3779 αὑτὸν

241 3820 506 3890 αἱρήσεται
539 3819 781 3892 τρόπον’
828 3819 871 3872 εἰ
915 3816 971 3872 δὲ
999 3819 1064 3872 τὰ
1111 3818 1202 3889 μὲν
1248 3819 1394 3891 παρὰ
1444 3817 1648 3893 φαῦλον
1697 3822 1867 3869 ποιεῖ-

236 3929 334 3973 ται,
397 3910 537 3980 μόνα
599 3906 656 3962 δὲ
710 3907 776 3963 τὰ
825 3907 998 3962 οἰκεῖα
1057 3910 1247 3977 σώζειν
1305 3905 1472 3961 οῗεται
1550 3905 1682 3972 δεῖν,
1742 3903 1866 3960 οὐδὲ

238 4001 368 4053 τοῦθ’
400 3999 548 4061 ὅλως
578 3997 700 4068 ἔξει,
736 3995 920 4065 ἐπειδὴ
961 3999 1034 4069 μή
1069 3998 1155 4051 καὶ
1187 3997 1253 4051 τὰ
1281 4002 1388 4052 τῶν
1428 3995 1613 4051 ἄλλων
1662 3997 1817 4066 ᾠήθη
1847 4013 1859 4025 ⁸

233 4087 306 4148 τίς
337 4087 422 4142 οὖν
475 4087 646 4144 ἕλοιτ’
702 4089 761 4141 ἂν
822 4087 878 4141 εὖ
930 4093 1162 4163 φρονῶν,
1220 4086 1305 4140 καὶ
1367 4088 1532 4141 αὐτὸν
1591 4087 1682 4140 καὶ
1738 4084 1865 4146 τοὺς

237 4174 431 4238 ἄλλους
462 4179 742 4250 προέσθαι,
792 4178 825 4243 ἢ
868 4177 994 4236 τούς
1041 4197 1096 4230 τε
1140 4175 1344 4235 ἄλλους
1395 4179 1584 4241 σῶσαι,
1636 4175 1724 4228 καὶ
1769 4175 1860 4229 αὓ-

233 4268 312 4321 τὸν
348 4269 480 4340 μετά
510 4273 618 4320 τῶν
663 4266 846 4320 ἄλλων
900 4270 1199 4335 cenitabat;
1238 4267 1296 4321 Εἰ
1340 4264 1396 4320 δὲ
1433 4265 1559 4326 τοὺς
1603 4264 1692 4319 ὃιά
1730 4266 1864 4320 πάν-

229 4376 327 4410 των
355 4359 428 4411 ὧν
490 4354 622 4433 ἔφην
672 4356 871 4410 οὑτωσὶ
928 4357 1462 4427 συγκεκροτημένως
1517 4353 1861 4433 ἀσφαλεστά-

228 4465 344 4506 τους
393 4446 603 4501 νύκτωρ
665 4447 751 4499 καὶ
818 4446 1127 4514 μεθημὲοαν
1176 4450 1284 4498 τῶν
1343 4445 1559 4497 πόλεων
1617 4443 1860 4515 φύλακας

231 4539 333 4610 χρὴ
377 4539 642 4607 νομίζειν,
701 4538 789 4590 καὶ
844 4537 1032 4609 μόνοις
1077 4535 1292 4596 τούτοις
1346 4535 1455 4608 οὐχ
1494 4536 1618 4588 ὅσον
1651 4536 1716 4588 τὰ
1747 4556 1854 4587 τοι-

229 4629 354 4678 αῦτα
385 4625 670 4690 πιστεύειν,
706 4625 849 4678 ἀλλά
873 4625 961 4677 καὶ
1007 4623 1220 4697 θαρῥεῖν
1271 4622 1416 4678 πολὺ
1468 4622 1652 4692 πλέον,
1757 4644 1858 4694 με-

230 4713 427 4785 γίστοις
481 4715 568 4768 καὶ
619 4719 950 4786 θαυμαστοῖς
997 4717 1204 4790 τείχεσι
1256 4714 1344 4768 καὶ
1405 4709 1708 4787 προϐόλοις
1767 4713 1853 4766 καὶ

231 4801 310 4856 οἷα
355 4803 420 4858 τά
449 4800 844 4877 Σεμιράμιδος,
889 4804 1036 4872 ἦπου
1085 4805 1212 4863 τούς
1263 4825 1320 4876 γε
1351 4803 1602 4858 τάναντία
1650 4804 1857 4857 τούτων

234 4889 400 4961 ὄντας,
430 4893 519 4946 καὶ
549 4897 666 4953 τοῖς
710 4892 863 4951 ὅλοις
905 4893 1162 4966 ἀπόρους,
1209 4893 1310 4946 οὐκ
1341 4891 1400 4946 ἂν
1428 4893 1719 4969 φθάνοιμεν
1762 4893 1854 4946 ού-

230 4982 354 5035 τωσὶ
410 4980 797 5058 διαγράφοντες
856 4983 991 5055 πρὸς
1043 4985 1104 5036 τὸ
1153 4985 1301 5037 ταῦθ’
1364 4983 1649 5057 ὑπηρετεῖν
1712 4980 1862 5046 ο⁹ίους

230 5070 273 5122 τ’
329 5071 479 5136 εἶναι,
541 5072 614 5133 ὡς
677 5068 817 5141 μηδὲ
875 5078 1072 5145 χρῆναι
1149 5071 1355 5125 τούτων
1429 5073 1746 5143 τοπαράπαν
1807 5071 1860 5125 ἐν

232 5160 434 5219 τούτοις
494 5162 822 5233 μεμνῆσθαι.
887 5159 1056 5214 Πόθεν
1119 5161 1209 5214 καὶ
1269 5161 1372 5236 γὰρ
1419 5157 1596 5229 ἕξουσι
1665 5163 1727 5214 τὸ
1776 5181 1863 5214 πι-

230 5251 529 5318 στεύεσθαις
581 5251 808 5323 πότερον
863 5251 952 5326 ἀφ’
1007 5252 1080 5305 ὧν
1131 5253 1453 5321 κέκτηνταις
1504 5249 1657 5307 Ἀλλ’
1708 5249 1857 5305 οὐδὲν

229 5341 535 5412 τοπαράπαν
581 5335 904 5408 κέκτηνται·
961 5339 1110 5406 πλήν
1143 5339 1190 5394 εἷ
1224 5341 1284 5394 τὸ
1329 5338 1496 5412 μηδὲν
1547 5342 1860 5412 κεκτῆσθαι,

1282 5431 1418 5484 κατὰ
1481 5432 1580 5499 τήν
1659 5431 1860 5503 ἀγορὰν

231 5512 468 5584 διῖόντες,
519 5520 608 5572 καὶ
663 5520 796 5592 πρὸς
847 5516 1286 5591 ἀνδραποδώδεις
1313 5520 1401 5574 καὶ
1434 5519 1642 5598 φαύλας
1676 5520 1859 5575 διακο-

226 5606 354 5675 νίας,
399 5613 559 5677 τριῶν
591 5610 626 5676 ἢ
657 5608 927 5679 τεττάρων
980 5604 1192 5662 ὀϐολῶν
1241 5610 1424 5683 χάριν,
1471 5615 1587 5670 τοῖς
1643 5609 1843 5682 βουλο-

232 5695 402 5766 μίνοις
456 5697 776 5771 ἐκκείμενοι.
835 5701 1079 5754 Τοιοῦτοει
1149 5699 1248 5775 γάρ
1297 5719 1434 5763 τινες
1485 5704 1572 5756 νῦν
1636 5701 1687 5755 οἱ
1737 5706 1839 5756 τῶν

525 5803 786 5864 Parnm"
834 5805 944 5864 Gn.
990 5800 1211 5865 CXLV.

233 5429 499 5504 φήσουσιν,
587 5428 784 5502 ὑπέρου
868 5451 935 5500 γυ
946 5430 1196 5502 μνότεροι

2000 613 2224 668 dandos
2255 612 2523 668 reddidit.
2547 613 2700 668 Bene
2728 614 2904 685 igitur
2942 615 3014 670 iis
3044 616 3141 686 qui
3175 615 3633 686 interrogabant.

1985 733 2092 773 cur
2121 718 2205 773 sic
2234 719 2360 774 sine
2395 719 2583 774 muris
2613 726 2831 788 essent,
2874 737 3221 793 responsum
3258 723 3384 789 fuit,
3419 725 3469 780 ei
3504 739 3633 778 mu-

1985 823 2066 878 ris
2101 824 2373 880 fortitudo
2408 826 2737 892 adderetur,
2784 843 2850 882 eo
2885 828 3072 900 magis
3103 828 3346 884 invictos
3373 829 3493 885 fore
3525 829 3630 884 La-

1986 931 2392 987 cedaemonios.

2053 2459 2137 2513 14.
2173 2460 2330 2524 Quod
2366 2459 2600 2531 quidem
2635 2464 2759 2516 tum
2793 2463 3080 2534 praecipue
3111 2465 3228 2535 ﬁet,
3263 2467 3362 2523 ubi
3395 2470 3493 2542 qui
3527 2487 3622 2527 ur-

1981 2567 2112 2622 bem
2159 2566 2495 2622 custodiunt
2551 2584 2662 2622 non
2711 2584 2778 2623 ex
2836 2569 3049 2626 misera
3086 2589 3402 2645 egenorum
3435 2577 3625 2634 classe

1981 2673 2158 2729 trium
2202 2673 2498 2730 obolorum
2553 2675 2734 2744 pretio
2781 2676 3101 2749 eliguntur,
3150 2682 3246 2736 sed
3302 2683 3620 2750 domicilia,

1982 2797 2150 2852 agros
2183 2785 2238 2836 et
2270 2781 2535 2852 sepulcra
2559 2787 2789 2854 patrum
2814 2790 2872 2839 et
2899 2801 3138 2842 avorum
3164 2787 3433 2860 religiose
3455 2807 3624 2848 vene-

1983 2897 2174 2944 rantes
2204 2888 2463 2960 integros
2495 2904 2622 2945 sese
2671 2894 2727 2945 et
2758 2891 2970 2960 probos
3001 2892 3293 2950 exhibent.
3326 2897 3432 2961 Qui
3465 2897 3620 2954 enim

1982 3001 2216 3050 caeteros
2246 3001 2304 3050 et
2333 3011 2455 3065 qua
2504 2997 2766 3064 ipsorum
2820 3003 2960 3053 sunt
2999 3000 3383 3058 custodiendo
3413 3013 3621 3070 servat,

1986 3101 2145 3172 prius
2200 3103 2324 3173 ipse
2369 3103 2484 3158 ista
2535 3103 2734 3158 omnia
2786 3104 3082 3174 possidere
3131 3107 3334 3174 debet;
3369 3125 3438 3165 en
3480 3127 3620 3181 quo-

1983 3210 2152 3264 modo
2203 3225 2292 3265 res
2341 3225 2402 3265 se
2450 3208 2641 3265 habet.
2697 3210 2954 3266 Simulac
3001 3211 3246 3270 aliorum
3297 3232 3388 3271 res
3433 3222 3619 3284 curat,

1979 3333 2112 3371 suas
2143 3315 2328 3387 ipsius
2361 3317 2574 3387 pariter
2603 3317 2861 3384 curabit;
2895 3317 2944 3373 si
2976 3323 3168 3376 autem
3201 3322 3309 3378 ista
3355 3322 3619 3396 negligit,

1977 3439 2210 3480 suarum
2238 3440 2464 3495 quoque
2487 3439 2677 3480 rerum
2702 3441 2902 3480 curam
2928 3425 3164 3483 habebit
3185 3428 3401 3485 nullam
3423 3448 3438 3498 ;
3464 3431 3618 3488 unde

1976 3532 2086 3588 sibi
2118 3548 2231 3586 non
2267 3533 2459 3588 minus
2493 3548 2671 3603 quam
2705 3532 2820 3589 illis
2851 3551 3059 3590 noxam
3093 3537 3277 3593 affert.
3307 3539 3447 3593 Inde
3477 3555 3619 3596 sane

1978 3657 2104 3697 vere
2134 3650 2213 3696 est
2247 3642 2402 3712 quod
2434 3639 2536 3712 qui
2584 3657 2745 3708 suas,
2798 3642 3046 3698 aliorum
3097 3660 3332 3717 quoque
3365 3663 3457 3701 res
3489 3651 3615 3702 tue-

1974 3748 2152 3802 bitur.
2185 3747 2244 3802 Si
2278 3751 2474 3802 autem
2507 3749 2619 3802 ista
2649 3748 2995 3820 negligenda
3026 3765 3132 3805 sua
3159 3754 3390 3807 tantum
3422 3753 3612 3811 obser-

1974 3860 2090 3922 vat,
2130 3872 2300 3924 quam
2352 3855 2487 3910 inde
2539 3854 2842 3912 utilitatem
2894 3857 3220 3930 percipiet?
3249 3861 3390 3926 Quis
3419 3867 3614 3919 autem

1973 3962 2105 4016 dum
2153 3978 2303 4017 sana;
2338 3962 2546 4019 mentis
2589 3969 2695 4032 est,
2738 3979 2796 4019 se
2843 3969 2902 4020 et
2951 3965 3095 4022 alios
3146 3969 3384 4039 perdere
3415 3968 3614 4026 volet?

1970 4071 2172 4127 Nonne
2203 4087 2318 4126 sum
2351 4075 2410 4126 et
2450 4070 2693 4128 aliorum
2726 4073 2900 4128 saluti
2935 4075 3294 4146 prospiciet?
3323 4077 3380 4132 Si
3415 4081 3609 4134 autem

1972 4187 2075 4240 viri
2132 4189 2210 4243 ita
2268 4192 2333 4242 ut
2379 4187 2498 4243 dixi
2547 4189 2851 4257 compositi
2900 4189 3108 4261 optimi
3164 4192 3264 4246 diu
3328 4198 3616 4266 noctuque

1973 4307 2203 4361 urbium
2253 4306 2529 4362 custodes
2576 4305 2827 4362 habendi
2879 4317 3043 4375 sunt,
3091 4311 3277 4381 major
3324 4311 3529 4384 utique
3558 4312 3616 4368 in

1970 4419 2042 4475 iis
2074 4421 2218 4475 fides
2249 4422 2515 4492 ponenda
2541 4422 2649 4477 erit
2670 4438 2846 4492 quam
2873 4423 2931 4478 in
2967 4424 3302 4481 fortissimis
3326 4426 3618 4484 moenibus

1970 4555 2033 4594 ac
2067 4537 2257 4604 vallis,
2291 4538 2487 4610 qualia
2516 4539 2917 4597 Samiramidis
2938 4541 3325 4610 celebrantur,
3347 4545 3481 4601 dum
3510 4545 3607 4616 qui

1890 4639 1935 4703 D
1970 4654 2114 4710 tales
2140 4672 2253 4712 non
2287 4659 2425 4710 sunt
2456 4672 2487 4709 a
2519 4655 2718 4710 limine
2741 4657 3246 4714 salutandierunt.
3272 4659 3436 4717 Unde
3459 4662 3614 4716 enim

1975 4774 2081 4825 ﬁde
2113 4772 2271 4843 digni
2305 4772 2644 4827 suut‘lnum
2673 4774 2809 4844 quia
2843 4743 3158 4845 locupletes
3179 4777 3354 4830 sunt?
3377 4780 3449 4832 At
3467 4776 3613 4831 nihil

1971 4903 2212 4958 prorsus
2256 4888 2575 4959 possident,
2629 4897 2684 4943 et
2731 4889 2803 4944 ob
2854 4890 3045 4962 ipsum
3101 4892 3276 4948 trium
3308 4892 3612 4949 obolorum

1971 5005 2152 5074 pretio
2220 5003 2607 5060 humillimam
2676 5023 2743 5062 ac
2811 5007 3210 5078 turpissimam
3281 5012 3613 5066 servitutem

1972 5121 2206 5177 obeunt.
2235 5122 2400 5178 Tales
2429 5139 2586 5180 nunc
2616 5123 2846 5193 quidem
2889 5133 3023 5180 sunt
3055 5125 3281 5180 urbium
3313 5127 3606 5182 custodes.

1972 5239 2081 5294 Sed
2117 5255 2308 5295 nonne
2340 5244 2400 5294 ut
2430 5241 2752 5311 proditores
2782 5249 2834 5295 et
2865 5243 3125 5296 omnium
3161 5244 3327 5314 egeni
3355 5259 3615 5317 compre-

1971 5355 2341 5412 hendentur?
2368 5371 2559 5411 nonne
2591 5356 2836 5427 pecunia
2867 5356 3001 5411 data
3049 5363 3240 5414 castra
3291 5367 3481 5415 nostra
3511 5361 3615 5416 de-

1973 5473 2218 5532 serant?
2252 5471 2362 5528 Ubi
2411 5471 2566 5528 enim
2620 5472 2768 5527 inter
2817 5472 2973 5544 ipsos
3013 5473 3217 5529 divites
3247 5475 3616 5546 reperiuntur

1971 5604 2118 5658 quos
2163 5604 2287 5643 rem
2340 5587 2683 5643 familiarem
2735 5589 2984 5660 augendi
3036 5603 3192 5660 ergo,
3228 5589 3420 5661 turpia
3448 5607 3615 5662 agere

1954 5719 2068 5761 non
2102 5705 2301 5775 pudet,
2330 5708 2546 5774 quanto
2577 5703 2764 5775 magis
2794 5702 2865 5760 iis
2895 5704 2995 5776 qui
3025 5704 3150 5763 sine
3181 5704 3299 5762 ulla
3331 5723 3433 5778 spe
3467 5724 3589 5766 me-

3219 5807 3291 5868 1⁵7
