4154 6216
61 3576 68 3685 ἶ

61 3770 66 3831 ε

61 3858 68 3913 r

504 357 620 420 523
1803 347 2198 412 THEODULI
2245 347 2596 414 MONACHI
3784 359 3895 421 εει

501 491 714 550 liorum
745 495 1078 561 temporum
1113 488 1174 543 in
1225 488 1572 559 paupertate
1593 485 1812 556 jacent,
1845 489 1908 538 ut
1939 481 2151 537 famem
2185 498 2200 549 λ

2300 481 2483 539 πόλεων
2515 483 2766 562 φύλακες.
2803 485 2963 544 Ἀλλ’
2994 486 3100 562 οὐχ
3131 486 3439 544 ἁλώσονται
3469 485 3766 564 προδοσίας
3813 492 3896 545 καὶ

511 603 903 674 compescant,
939 597 1072 654 talia
1105 597 1290 654 facere
1321 593 1505 668 parati
1537 597 1725 650 erunt.
1759 591 1895 647 Mihi
1917 590 2152 663 quidem

2300 568 2440 674 LT‘S‘EV
2481 566 2722 674 ἔχοντες,
2757 573 2881 630 οὐδὲ
2917 577 3014 644 τήν
3060 576 3192 652 ὑπὲρ
3251 579 3412 650 ἡμῶν
3466 576 3714 653 λείψουσι
3757 579 3896 652 τάξιν

519 709 604 767 vel
636 659 903 765 inimicos
945 706 1210 762 nolentes
1247 703 1322 761 ad
1371 719 1438 760 ea
1485 699 1805 775 propellere
1855 699 2161 768 videntur;

2300 659 2492 735 ,ἐρδους
2525 660 2704 719 ε’ίνεκα
2727 683 2741 733 ;
2783 665 2892 720 Καὶ
2929 665 3012 728 τίς
3052 665 3112 720 ἃν
3155 667 3305 722 ταῦτ’
3348 669 3504 741 οἶμαι
3548 673 3652 724 τῶν
3692 670 3900 725 πάντων

2311 752 2434 775 lr__.,
2461 774 2470 775 κ
2507 773 2517 775 μ
2575 753 2600 775 υ
2807 757 2822 774 \
2987 757 3002 775 ς
3088 761 3115 773 η
3245 756 3258 775 3
3426 758 3439 775 I
3629 755 3652 775 Ἰ
3845 759 3866 775 η

945 748 2163 833 ’ξῗ-’ίῗξέῄῖἶςῖξιξξτῗςξ⁷-ςςεζξῖξ
2273 748 2519 822 δέξαιτο;
2570 753 2706 810 ὅπου
2759 757 2863 832 γὰρ
2911 757 3002 812 καὶ
3049 761 3158 812 τῶν
3209 756 3583 833 εὐπορούντων
3628 755 3770 814 ἕσνιν
3815 759 3903 822 οὓς

511 816 689 890 probe
745 815 903 870 enim
953 816 1166 869 norunt
1205 811 1366 882 quod
1431 808 1590 864 nulla
1645 807 1760 864 alia
1819 807 2040 862 ratione
2097 819 2166 860 ex

2333 807 2352 821 τ
2434 807 2437 808 ν
2507 807 2519 822 ν
2578 807 2699 810 νηί*
2773 807 2857 832 ι-τι-
2913 807 3001 812 -ννν-
3061 807 3151 812 -νν’
3210 807 3578 833 --ν-Ἶ-*νννκν
3628 807 3765 814 *ν’-⁷
3818 807 3902 822 ν’*

2300 843 2407 915 ιπὲρ
2469 848 2564 898 τοῦ
2621 845 2688 898 τὰ
2752 841 2884 900 ὄντα
2934 845 3111 902 πλείω
3167 854 3418 917 ποιῆσαι,
3469 852 3588 911 τοῖς
3640 848 3906 911 τοιούτοις

511 924 770 995 egestate
821 921 894 976 ad
926 919 1362 992 prosperitatem
1415 915 1664 972 transire
1702 917 1967 985 possunt.
2001 913 2168 968 Hunc

2300 913 2659 1010 γχειροῦντας
2717 934 2932 1009 δρῶμεν
2963 953 2976 968 ·
3037 934 3092 991 οἵ
3152 913 3330 999 οὕτως
3389 913 3610 1012 άπόρως
3665 937 3907 1016 ἔχοντες,

512 1031 570 1086 in
607 1031 846 1086 modum
899 1028 1134 1083 urbium
1185 1024 1692 1081 administratores
1720 1023 1936 1078 viveret
1964 1022 2163 1088 decet;

2300 1023 2365 1076 ιαὶ
2399 1020 2529 1096 μηδ’
2579 1025 2698 1079 ὅθεν
2747 1024 2808 1080 ἂν
2856 1023 3092 1081 πέσωσιν
3143 1024 3386 1102 ἔχοντες,
3439 1029 3574 1101 ὑπὲρ
3605 1026 3663 1083 δὲ
3687 1033 3786 1084 τοῦ
3811 1031 3907 1098 τήν

517 1138 652 1194 licet
685 1154 801 1194 non
833 1134 1154 1209 quemlibet
1180 1132 1419 1189 eiecturi
1462 1131 1674 1195 simus,
1711 1129 1946 1186 fortuito
1977 1144 2165 1200 augu-

2300 1111 2502 1186 ἀστέρα
2554 1115 2715 1185 μόνον
2771 1113 3074 1188 ἐμπλῆσαι,
3129 1117 3281 1171 πάντ’
3332 1116 3392 1174 ἃν
3444 1115 3635 1190 δρᾶσαι
3673 1119 3764 1172 καὶ
3811 1139 3912 1173 πα-

521 1245 728 1311 rando,
756 1244 858 1300 sed
889 1241 1141 1316 optimos
1171 1255 1434 1312 quosque
1481 1239 1654 1304 cives,
1708 1254 1814 1293 nec
1843 1237 1916 1293 ob
1947 1236 2006 1292 id
2036 1240 2168 1291 tan-

2300 1206 2384 1255 lsiv
2445 1202 2686 1277 ἔχοντες,
2743 1203 2846 1258 τίν’
2906 1205 3005 1259 οὐκ
3063 1205 3122 1260 ἂν
3179 1207 3404 1267 τούτους
3463 1207 3608 1270 εἰκὸς
3657 1208 3911 1276 τοιαύτην

2300 1287 2485 1316 .λἹ.-..-.
2519 1290 2797 1316 --ηυξ-μ.
2831 1313 2843 1316 _
2894 1292 2908 1316 ξ
2970 1295 3010 1316 γ·
3107 1296 3120 1314 ε
3206 1293 3230 1316 ο
3337 1300 3363 1310 ~
3537 1295 3551 1313 ε
3713 1297 3742 1316 n
3817 1295 3837 1316 κ

525 1287 728 1311 ...ιη-η
757 1287 858 1300 νυ..
890 1287 1141 1316 Ἴωνα..
1172 1287 1433 1312 ,νη-γ-
1485 1287 1654 1304 -_.--,
1711 1287 1811 1293 -η
1848 1287 1911 1293 -_
1947 1287 2006 1292 __
2043 1287 2135 1291 -___

525 1357 652 1410 tum
685 1354 836 1426 quod
887 1352 1074 1407 virtus
1115 1350 1266 1421 apud
1316 1349 1476 1420 ipsos
1531 1345 1895 1403 hazreditaria
1923 1349 2032 1411 est,
2067 1346 2168 1402 sed

2300 1287 2486 1362 τόλμαν
2518 1290 2844 1365 τολμῆσαις
2889 1292 3014 1365 ἐμοὶ
3062 1296 3164 1369 γὰρ
3203 1293 3423 1351 δοκοῦσι
3464 1295 3554 1350 καὶ
3589 1317 3666 1370 μη
3713 1295 3910 1372 βουλο-

2300 1381 2473 1442 ιένους
2525 1380 2582 1434 ἂν
2638 1383 2768 1444 τοὺς
2825 1380 3058 1456 ἐχθροὺς
3118 1382 3207 1437 ἐπὶ
3263 1385 3429 1436 ταῦτα
3495 1380 3908 1455 παρακαλέσαι·

523 1462 661 1536 quia
691 1463 1008 1518 absurdum
1040 1463 1194 1515 esset
1221 1455 1362 1513 velle
1395 1459 1460 1511 ut
1493 1455 1542 1511 is
1572 1454 1673 1525 qui
1704 1454 2006 1511 civitatem
2045 1454 2172 1509 feli-

2301 1489 2422 1524 σασι
2453 1469 2556 1545 γὰρ
2609 1473 2697 1525 καὶ
2751 1454 2899 1544 μάλα
2940 1477 3122 1550 σαφῶς
3160 1470 3367 1541 θίσασιν,
3402 1469 3500 1526 οὐκ
3638 1469 3826 1534 ἄλλως
3867 1471 3911 1541 ἐξ

529 1586 650 1626 cem
697 1574 754 1624 et
806 1569 875 1622 de
923 1566 1190 1622 hostibus
1235 1563 1525 1620 victricem
1577 1561 1818 1617 reddere
1861 1565 2048 1632 potest
2103 1577 2171 1618 ac

2300 1559 2496 1634 ίπόρων
2553 1561 2834 1634 γεγονότες
2894 1562 3135 1634 εὔποροι.
3197 1566 3368 1616 Τοῦτο
3449 1561 3544 1635 μὲν
3603 1559 3671 1630 δὴ
3728 1565 3912 1616 τοῦτον

532 1677 678 1744 vult,
711 1675 1090 1748 magistratus
1120 1672 1310 1728 instar
1355 1670 1426 1727 ob
1457 1669 1687 1725 divitias
1717 1667 1934 1741 quibus
1967 1672 2170 1740 potens

2300 1647 2415 1702 ἵστω
2452 1650 2542 1704 τὸν
2593 1650 2794 1722 τρόπον
2857 1651 2948 1704 καὶ
2995 1648 3383 1726 φυλασσόντων
3427 1651 3522 1712 τὰς
3571 1650 3790 1720 πόλεις,
3831 1649 3917 1707 ’ίνα

2278 1738 2366 1791 καὶ
2428 1736 2579 1799 αὖθις
2637 1739 2787 1794 ταῦτ’
2842 1736 2978 1793 εἵπω
3022 1736 3129 1813 οὐχ
3185 1736 3280 1800 οὓς
3347 1737 3405 1792 ἅν
3455 1759 3538 1799 τις
3582 1739 3736 1800 εὐθὺς
3797 1737 3917 1795 ἰδὼν

2282 1825 2630 1882 οἲωνίσαιτο·
2677 1825 2796 1881 οὐδ’
2835 1827 2972 1882 οἷσιν
3016 1826 3144 1883 οὐδὲ
3187 1833 3554 1904 φαρμακοῖσιν
3603 1825 3664 1882 ἃν
3713 1828 3824 1898 ε’ίη,
3862 1830 3922 1883 τὸ

2279 1921 2376 1972 τοῦ
2407 1915 2588 1985 ἔπους,
2622 1915 2914 1991 χρηστέον,
2956 1915 3085 1972 ἀλλ’
3126 1917 3178 1970 0t
3231 1916 3505 1992 βέλτιστοι
3533 1922 3643 1972 τῶν
3681 1917 3919 1973 πολιτῶν

533 1999 768 2074 pascuis
798 1999 856 2055 id
889 1996 1220 2069 permittere
1248 1995 1333 2050 fas
1366 1999 1474 2060 est,
1500 1991 1685 2048 multo
1713 1993 1903 2047 minus
1925 1991 2018 2046 his
2047 1990 2171 2061 qui-

2300 2027 2342 2060 ;κ
2371 2003 2640 2080 διαδοχῆς
2666 2027 2678 2040 ·
2731 2006 2794 2060 ού
2845 2006 3012 2076 μόνον
3061 2005 3247 2079 ὅτιπερ
3300 2003 3457 2060 οὗτοι
3500 2006 3562 2060 τό
3593 2007 3721 2081 περὶ
3764 2011 3923 2061 ταῦτα

533 2109 662 2164 dem
695 2104 935 2171 colonis,
957 2103 1073 2160 illis
1089 2119 1224 2158 vero
1254 2102 1610 2173 inspectores
1635 2099 1922 2170 praeficere
1948 2098 2005 2152 in
2032 2097 2173 2152 urbe

2300 2096 2710 2171 τυγκεχωρηκὸς
2762 2097 2850 2174 ἀφ’
2883 2097 3062 2157 ἑστίας
3113 2096 3189 2156 ὡς
3220 2095 3386 2150 εἰπεῖν
3435 2097 3756 2165 κέκτηκτοιι,
3805 2095 3924 2152 ἀλλ’

537 2211 902 2272 conducibile
931 2211 1060 2267 erit.
1095 2209 1347 2282 Exiguos
1380 2213 1573 2264 autem
1617 2212 1674 2260 et
1710 2207 1910 2261 minus
1941 2203 2174 2276 probos,

2300 2186 2368 2238 5n
2401 2184 2628 2240 καὶτῶν
2677 2185 3041 2239 ἀτοπωτάτων
3087 2184 3150 2253 ἄν
3201 2181 3309 2254 ε’ίη,
3357 2186 3444 2239 τὸν
3485 2185 3582 2258 μὶν
3631 2189 3926 2260 κρατοῦντα

2287 2273 2556 2344 τοσαύτην
2613 2273 2764 2335 ὅπως
2815 2272 2870 2328 εὖ
2917 2273 3204 2348 πράττοιεν
3250 2274 3306 2328 αἱ
3356 2272 3548 2335 πόλεις
3605 2275 3699 2329 καὶ
3763 2275 3928 2350 κρείτ-

2287 2384 2414 2425 τους
2465 2364 2568 2417 εἶεν
2627 2367 2734 2417 τῶν
2783 2362 3064 2436 πολεμίων
3110 2364 3378 2417 ποιεῖσθαι
3426 2360 3699 2433 σπουδὴν,
3751 2365 3823 2426 ὡς
3867 2366 3928 2419 τά

2292 2475 2350 2507 υε
2382 2450 2525 2507 ἄλλα
2563 2453 2652 2507 καὶ
2690 2451 2818 2513 τοὺς
2871 2457 3018 2528 σφῶν
3069 2451 3341 2530 ἄρχοντας
3393 2451 3710 2527 ἀριστίνδην
3761 2452 3928 2510 πλου-

542 2538 598 2594 Ιο
638 2541 925 2607 acceptos,
959 2540 1014 2590 et
1053 2551 1303 2606 quorum
1337 2533 1486 2588 facta
1529 2541 1581 2586 et
1611 2531 1787 2586 verba
1818 2528 2011 2602 magni
2043 2531 2183 2582 sunt

2300 2540 2476 2612 τίνδην
2527 2543 2790 2616 αἱρεῖσθαι
2817 2563 2829 2574 °
2861 2542 2989 2604 τοὺς
3031 2538 3078 2596 δ’
3117 2528 3180 2596 ἐν
3221 2542 3407 2605 αὐταῖς
3456 2543 3602 2605 ὅπως
3650 2544 3729 2604 ὡς
3777 2545 3928 2618 τάχι-

545 2643 848 2708 momenti,
881 2643 938 2698 id
970 2641 1126 2714 quod
1157 2639 1278 2696 sole
1308 2637 1519 2694 clarius
1551 2644 1657 2693 est.

525 1795 610 1843 est
641 1784 906 1856 eligatur.
939 1782 1033 1838 Sic
1059 1780 1214 1837 enim
1241 1779 1401 1836 urbis
1420 1794 1534 1833 non
1557 1776 1889 1849 sospitator,
1917 1777 2015 1832 sed
2043 1791 2173 1848 pro-

533 1895 686 1949 ditor
734 1891 917 1947 ﬁeret.
971 1889 1030 1944 Si
1085 1887 1241 1943 enim
1291 1902 1406 1941 non
1437 1883 1616 1952 domi,
1647 1899 1763 1940 non
1796 1883 1854 1938 in
1889 1882 2043 1955 agris
2074 1888 2173 1938 aut
2201 1867 2256 1932 Β

537 2327 596 2379 et
626 2319 777 2376 unde
809 2334 1012 2390 parum
1045 2317 1248 2373 damni
1271 2320 1373 2371 aut
1395 2313 1661 2370 utilitatis
1682 2312 2034 2384 sperandum
2066 2316 2174 2375 est,

540 2429 742 2484 minus
769 2427 1042 2483 conducit
1060 2439 1359 2481 assumere
1393 2438 1570 2494 quam
1605 2421 1904 2491 praeclaros
1925 2427 1978 2476 et
2001 2433 2178 2490 popu-

2297 2635 2372 2686 σθ’
2425 2632 2605 2688 ἁλοῖεν
2667 2633 3084 2706 παρασκευάζειν
3147 2636 3452 2708 πειρᾶσθαι,
3504 2633 3584 2706 τῷ
3628 2635 3926 2703 τοιούτους,

2297 2724 2372 2783 ὡς
2408 2723 2503 2793 μὶν
2551 2722 2707 2776 αὐτοὶ
2758 2729 2934 2798 φαῖειν
2982 2722 3066 2791 ἄν,
3117 2722 3360 2799 φύλακας
3407 2723 3638 2778 τουτωνὶ
3690 2727 3931 2779 καθιστά-

2297 2833 2403 2881 ναι,
2439 2814 2510 2874 ὡς
2543 2811 2598 2867 δὲ
2638 2813 2700 2868 τὸ
2751 2811 2895 2875 εἷ’κὸς
2945 2811 3084 2887 ἔχει,
3133 2813 3427 2887 προδότας.
3477 2816 3638 2868 Ὅταν
3693 2815 3798 2889 γαρ
3844 2813 3931 2869 οὐκ

2298 2903 2349 2958 ἐν
2399 2905 2590 2978 ἀγροῖς
2638 2899 2753 2956 οὐδ’
2801 2901 2853 2956 ἐν
2886 2900 3086 2973 ο⁹ίκοις,
3135 2900 3250 2958 οὐδ’
3300 2901 3377 2957 ἔτι
3425 2901 3569 2958 πολὺ
3620 2902 3840 2975 μᾶλλον
3886 2902 3931 2958 ἐν

2299 2991 2572 3064 θρέμμασι
2627 2991 2779 3046 ταυτὶ
2838 2991 3142 3065 ξυγχωρεῖν
3199 2991 3445 3063 οἲώμεθα
3491 2990 3622 3061 δεῖν,
3684 2989 3801 3048 οὐδ’
3848 2991 3932 3053 οὓς

2300 3080 2360 3138 ἄν
2421 3102 2552 3138 ποτε
2607 3083 2794 3158 τύχοι,
2847 3081 2991 3138 ἀλλὰ
3019 3081 3149 3144 τοὺς
3200 3081 3592 3154 ἐξητασμένους
3641 3084 3735 3140 καὶ
3787 3081 3932 3154 δόξαν

2304 3172 2510 3246 ἀγαθὴν
2558 3169 2885 3245 ἐσχηκότας,
2930 3177 3047 3232 τοῖς
3097 3171 3192 3244 μὲν
3235 3171 3454 3242 νομέας,
3497 3177 3615 3234 τοῖς
3663 3169 3728 3228 δὲ
3780 3171 3935 3244 μελε-

2217 3237 2260 3304 C
2300 3258 2503 3321 δωνοὺς
2546 3260 2844 3338 ἐφιστάναι,
2893 3257 3096 3332 κομιδῆ
3130 3263 3278 3315 ταῦτ’
3310 3259 3361 3315 ἐν
3390 3259 3584 3316 πόλεσι
3629 3263 3929 3337 ξυγχωρεῖν

2299 3347 2414 3404 οὐδ’
2459 3349 2518 3404 ἄν
2563 3352 2640 3410 εἷς
2683 3348 2945 3419 ἀξιώσαι·
2998 3349 3043 3404 εἰ
3089 3349 3151 3404 τὸ
3191 3353 3401 3423 μικρῶν
3449 3371 3509 3406 τε
3554 3352 3646 3405 καὶ
3699 3349 3930 3430 φαύλων,

2299 3439 2391 3492 καὶ
2442 3439 2517 3492 ὧν
2559 3438 2616 3492 εὖ
2673 3441 2708 3508 ἢ
2765 3443 2945 3500 κακῶς
2995 3433 3234 3514 ἐχόντων
3283 3439 3332 3494 ἐν
3393 3439 3671 3518 ἐλαχίστῳ
3730 3441 3797 3495 τά
3846 3446 3932 3509 τῆς

2303 3526 2572 3600 ὠφελείας
2599 3530 2688 3582 καί
2723 3523 2938 3602 βλάϐης
2989 3524 3302 3600 συμϐαίνοι,
3333 3533 3591 3585 τοσοῦτον
3635 3529 3934 3602 ποιούμεθα

2308 3617 2492 3692 λόγον,
2554 3619 2700 3686 ἦπου
2743 3621 2850 3672 τῶν
2906 3619 3176 3694 μεγίστων
3227 3617 3318 3672 καὶ
3367 3620 3702 3674 κοινοτάτων
3745 3619 3832 3675 καὶ
3868 3620 3933 3674 ὧν

2297 3708 2453 3784 ,ταῦτ’
2503 3706 2613 3761 ἐστὶ
2657 3705 2817 3781 μέρη,
2865 3707 2953 3760 καὶ
2994 3707 3213 3781 προσέθ’
3253 3708 3389 3782 ὓπερ
3437 3708 3510 3762 ὧν
3561 3707 3747 3780 μόνων
3777 3709 3936 3764 πάντα

2303 3797 2393 3851 καὶ
2434 3800 2608 3850 ποιεῖν
2655 3796 2746 3849 καὶ
2795 3794 2970 3870 λέγειν
3028 3794 3196 3870 ἐχρῆν
3246 3797 3321 3857 ὡς
3368 3795 3417 3866 ἐξ
3468 3795 3716 3872 ἀνάγκης
3763 3795 3934 3876 διαφεα

2303 3886 2527 3960 ρόντιυν,
2563 3881 2676 3938 οὔδ’
2709 3880 2847 3938 ἔστιν
2884 3883 3053 3938 εἰπεῖν
3087 3886 3212 3939 ὅσον
3246 3885 3412 3947 εἰκός.

622 3968 706 4024 15.
741 3967 869 4024 Hac
900 3967 1101 4023 eadem
1125 3981 1296 4038 porro
1327 3964 1502 4022 etiam
1536 3967 1604 4022 de
1632 3966 1928 4022 nocturnis
1959 3965 2193 4022 urbium

2381 3979 2461 4033 ιε’.
2511 3977 2687 4029 Ταῦτα
2737 3970 2793 4027 δὲ
2840 3977 3010 4028 ταῦτα
3060 3970 3208 4048 λέγω
3254 3976 3344 4028 καὶ
3393 3975 3520 4050 περὶ
3570 3979 3681 4030 τῶν
3729 3973 3782 4030 ἐν
3829 3979 3934 4036 ταῖς

548 4074 892 4133 custodibus
921 4073 1138 4129 dictum
1176 4073 1325 4140 volo,
1362 4073 1459 4143 qui
1505 4071 1562 4127 in
1596 4073 1798 4129 eadem
1833 4073 2026 4144 utique
2058 4090 2196 4130 con-

2303 4065 2418 4134 νυξὶ
2465 4063 2779 4137 περιπόλων
2806 4083 2819 4097 ο
2871 4061 2960 4116 καὶ
2992 4065 3095 4138 γὰρ
3136 4063 3228 4118 οὖν
3270 4065 3359 4119 καὶ
3399 4063 3626 4126 τούτους
3665 4064 3936 4125 τοιούτους

549 4174 772 4228 ditione
801 4171 970 4243 positi
1002 4187 1130 4226 esse
1159 4170 1472 4236 debebunt,
1507 4171 1658 4241 quod
1693 4169 1749 4224 in
1785 4178 2060 4243 prytanea
2091 4190 2198 4227 nu-

2306 4156 2437 4209 εἶναι
2491 4155 2733 4225 μάλεστα
2783 4153 2863 4210 δεῖ
2890 4177 2903 4192 ο
2942 4158 3010 4210 τά
3054 4177 3112 4210 τε
3159 4153 3305 4210 ἄλλα
3352 4157 3441 4210 καὶ
3491 4153 3706 4226 σίτησιν
3739 4155 3790 4210 ἐν
3816 4174 3936 4230 πρυ-

2305 4245 2499 4316 τανείῳ
2538 4240 2955 4319 λαμϐάνοντας·
3003 4245 3064 4300 ού
3109 4246 3216 4317 μὴν
3266 4243 3413 4300 ἀλλὰ
3460 4245 3548 4300 καὶ
3601 4242 3712 4316 ἰδίᾳ
3758 4242 3936 4300 τοσού-

2305 4355 2400 4388 του
2433 4331 2497 4402 δή
2530 4355 2673 4394 τινος
2702 4333 2897 4396 αὐτοὺς
2945 4334 3231 4409 ὑπόχρεως
3278 4334 3411 4388 εἶναι
3460 4334 3720 4408 νομίζειν,
3754 4334 3828 4395 ὡς
3857 4331 3934 4386 καὶ

2309 4425 2404 4483 τὰς
2437 4429 2543 4478 τῶν
2604 4423 2904 4496 ἑλομένων,
2954 4427 3033 4495 τῷ
3071 4426 3171 4492 τῆς
3222 4421 3464 4492 σπουδῆς
3513 4423 3779 4497 περιόντι,
3810 4441 3937 4496 παρ-

2312 4511 2559 4568 ελαύνειν
2617 4512 2866 4582 ἐλπίδας,
2925 4515 3015 4568 καὶ
3072 4513 3415 4587 κρείττουςῆ
3465 4515 3652 4568 ’κεῖνοι
3696 4511 3939 4586 προσεδό-

556 4610 760 4664 urbem
797 4613 968 4662 noctu
1001 4609 1056 4660 et
1087 4605 1144 4659 in
1167 4605 1343 4659 armis
1369 4611 1731 4675 percurrent,
1753 4621 1816 4660 se
1835 4605 2083 4662 invicem
2105 4624 2200 4664 ex-

2310 4623 2478 4674 κησαν
2548 4603 2824 4680 φαίνεσθαι
2876 4621 2888 4634 ·
2968 4604 3182 4665 θέοντας
3256 4603 3350 4676 μὶν
3431 4603 3545 4676 μεθ’
3609 4600 3798 4658 ὅπλων
3862 4597 3942 4656 διὰ

547 4285 832 4350 triuntur,
855 4295 1034 4352 quare
1055 4293 1288 4333 summo
1315 4278 1371 4332 id
1396 4279 1589 4334 studio
1613 4284 1782 4348 agent
1805 4283 1866 4333 ut
1890 4295 2047 4351 spem
2071 4281 2194 4336 suf-

550 4391 904 4462 fragantium
919 4386 1426 4457 transgrediuntur
1440 4391 1497 4442 et
1516 4386 1786 4443 meliores
1809 4403 1984 4459 quam
2003 4405 2064 4445 se
2078 4390 2198 4446 fore

554 4496 795 4570 polliciti
819 4500 1008 4560 erant,
1030 4511 1093 4550 se
1114 4494 1450 4550 exhibeant.
1468 4494 1744 4551 Etrevera
1758 4495 1901 4549 tales
1916 4497 2016 4566 qui
2039 4503 2197 4567 sunt,

551 4717 852 4773 hortantes
872 4719 928 4770 et
945 4713 1222 4770 mcenium
1243 4713 1513 4769 custodes
1527 4714 1592 4768 ad
1608 4713 1970 4786 vigilantiam
1993 4718 2048 4772 et
2063 4731 2199 4773 con-

557 4824 860 4881 tinentiam
881 4837 1182 4893 nunquam
1201 4836 1313 4876 non
1331 4820 1796 4877 exstimulantes.
1814 4822 1902 4877 Sic
1926 4823 2023 4894 qui
2041 4823 2198 4881 intus

554 4935 690 4989 sunt
713 4929 882 5003 plena
905 4929 1216 4985 securitate
1235 4928 2200 5001 fruentur,tranquilliettmtisom-

554 5057 628 5098 uo
661 5039 867 5094 cedent
898 5037 1045 5092 bene
1076 5035 1352 5103 scientes,
1385 5035 1598 5092 alteros
1633 5038 1891 5109 ipsorum
1917 5037 2040 5094 loco
2064 5036 2203 5108 vigi-

555 5149 678 5204 lare
709 5153 764 5203 et
794 5146 948 5218 quod
983 5144 1249 5201 hostibus
1269 5143 1630 5200 formidolosi
1656 5149 1871 5200 metum
1897 5146 2206 5216 quibusvis

554 5255 844 5327 injiciant.
875 5252 1179 5325 Ejusmodi
1212 5250 1313 5305 viri
1347 5252 1572 5308 civibus
1604 5251 1729 5306 suis
1755 5251 2057 5306 fortissimi
2081 5270 2207 5322 pro-

557 5371 911 5438 pugnatores
936 5366 1109 5416 erunt
1134 5377 1147 5428 ;
1180 5364 1237 5415 et
1261 5359 1364 5415 ubi
1387 5359 1590 5415 itinere
1616 5360 1685 5415 ad
1712 5359 1955 5415 multam
1979 5366 2204 5416 noctem

561 5471 839 5542 producto
861 5468 1098 5524 domum
1124 5483 1182 5524 se
1206 5465 1460 5538 recipere
1481 5467 1696 5537 volent,
1725 5475 1917 5522 metuo
1941 5483 2011 5522 ne
2032 5466 2208 5524 hosti-

561 5579 671 5632 bus
687 5576 820 5649 plus
838 5591 1007 5644 quain
1023 5574 1147 5631 suis
1169 5573 1607 5647 propugnaculo
1621 5573 1758 5630 sint.
1774 5575 1933 5640 Quod
1951 5575 2106 5632 enim
2123 5576 2206 5631 illi

560 5688 694 5740 ante
725 5682 918 5739 omnia
947 5681 1277 5740 desiderant
1297 5685 1354 5737 et
1374 5681 1640 5738 hostibus
1663 5682 1925 5740 invident
1943 5681 2157 5740 victore
2176 5701 2203 5742 s

2317 4692 2492 4763 πάσης
2521 4693 2710 4754 νυκτὸς
2751 4691 2862 4748 ἅνω
2891 4693 2979 4748 καὶ
3027 4691 3174 4747 κάτω
3221 4698 3323 4760 τῆς
3369 4692 3606 4764 πόλεως,
3637 4691 3940 4766 ὀτρύνοντας

2315 4784 2402 4836 καὶ
2455 4779 2940 4855 διακελευομένους
2999 4780 3273 4852 ἀλλήλοις
3316 4803 3375 4836 τε
3423 4782 3513 4836 καὶ
3559 4787 3674 4844 τοῖς
3722 4781 3809 4836 ἐπὶ
3855 4781 3940 4833 τοῦ

2311 4871 2533 4946 τείχους
2567 4871 2924 4949 ἐγρηγορέναι
2953 4871 3042 4926 καὶ
3090 4873 3276 4947 νήφειν
3324 4871 3416 4925 καὶ
3468 4868 3634 4944 μηδὲν
3666 4874 3776 4924 τῶν
3809 4867 3943 4924 δεον-

2312 4983 2420 5015 των
2443 4960 2715 5016 ἐλλείπειν
2744 4981 2756 4993 ·
2789 4961 2943 5032 ἐξιων
2970 4966 3086 5021 τοῖς
3120 4961 3213 5032 μὲν
3260 4959 3484 5025 οἰκείοις
3529 4958 3795 5037 ἀσφάλεια
3823 4979 3942 5012 παν-

2312 5051 2540 5106 τάπασιν
2598 5047 2768 5120 ἔσται,
2819 5051 2909 5104 καὶ
2966 5053 3026 5105 τὸ
3074 5050 3489 5126 τεθαρρηκότως
3536 5070 3595 5105 τε
3641 5049 3732 5105 καὶ
3777 5046 3940 5118 ἡδέως

2313 5137 2613 5208 καθεύδειν,
2663 5137 2870 5202 εἰδότας
2897 5140 2972 5199 ὡς
3013 5137 3175 5194 ἄλλοι
3217 5139 3322 5213 πρὸ
3369 5137 3544 5194 αὐτῶν
3584 5137 3936 5214 ἐγρηγόρασι”

2313 5229 2652 5301 κατάπληξις
2691 5227 2747 5284 δὲ
2793 5235 2908 5291 τοῖς
2960 5228 3220 5290 ἐναντίοις
3271 5230 3361 5284 καὶ
3410 5224 3607 5306 φόϐος,
3636 5229 3817 5290 καὶτὸ
3846 5249 3941 5298 μηδ

2317 5318 2401 5374 δὲν
2436 5319 2470 5374 ἃ
2503 5321 2578 5393 μὴ
2625 5317 2706 5374 δεῖ
2748 5319 2862 5374 κατ’
2908 5318 3083 5373 αὐτῶν
3127 5317 3426 5394 ἐπιχειρεῖν
3469 5317 3688 5390 ἐννοεῖν,
3717 5319 3754 5387 ἢ
3788 5315 3937 5372 δισκευ

2314 5418 2409 5476 νῆς
2451 5409 2673 5465 ἐννοεῖν.
2722 5405 2969 5464 Τοιοῦτοι
3016 5409 3110 5480 μὶν
3166 5404 3316 5469 ὄντες
3361 5408 3452 5462 καὶ
3499 5407 3674 5472 οὕτως
3713 5403 3938 5483 ἔχοντες,

2319 5501 2449 5571 ύπὶρ
2496 5501 2670 5554 πάντα
2721 5504 2838 5559 τοῖς
2885 5495 3199 5573 χρωμένοις
3249 5493 3457 5552 ἔσονται
3511 5491 3820 5572 πρόϐολονο
3867 5495 3942 5549 ἐάν

2317 5587 2373 5643 δὲ
2403 5588 2535 5663 ἄχρι
2568 5588 2784 5662 βαθείας
2816 5587 3040 5662 ὲσπὲρας
3080 5587 3172 5642 τὸν
3225 5583 3454 5662 δόλιχον
3503 5586 3821 5660 ποιούμενοι
3850 5587 3935 5639 τοῦ

2315 5700 2431 5748 τον,
2491 5675 2652 5733 ἔπειτ’
2699 5675 2871 5734 ο⁹ίκαδ’
2933 5678 3239 5752 ἀναχωρεῖν
3283 5675 3502 5734 οῖωνται
3554 5673 3694 5748 δεῖν,
3731 5673 3936 5743 δέδοικα
