4154 6216
321 412 440 476 523

1341 409 1628 472 ORATIO
1673 411 1770 471 DE
1815 410 2317 472 SUBDITORUM
2364 407 2708 469 OFFlCIIS.

3607 405 3724 468 526

332 545 506 617 δήπου
557 543 795 610 δέδοικα,
851 545 926 619 μὴ
980 550 1104 607 τοῖς
1152 543 1460 617 πολεμίοις,
1495 543 1786 617 περίπολοί
1833 565 1970 604 τινες

2109 543 2372 604 ccedere,
2424 542 2484 597 id
2524 542 2581 597 bi
2612 541 2698 598 vel
2733 541 2986 598 molliter
3013 543 3234 612 agendo
3265 542 3639 611 obtinebunt,
3671 545 3730 599 et

330 632 437 689 ὦσι
473 633 690 708 μᾶλλον
741 636 776 705 ἢ
826 640 941 696 τοῖς
974 634 1198 696 οἰκείοις
1231 653 1244 667 ⁸
1297 633 1329 688 ’ἀ
1372 635 1476 709 γάρ
1529 631 1747 706 μάλιστ’
1785 633 1981 688 ἐκεῖνοι

333 723 648 797 συνεύξαιτο
708 724 885 800 σφίσιν
939 724 1146 792 αὐτοῖς,
1204 723 1293 778 καὶ
1349 722 1555 778 τούτων
1614 723 1982 795 κατεύξαιντο,

333 816 406 876 ὡς
441 813 569 868 ὅταν
622 812 928 887 βούλωνται
977 811 1179 887 ῥᾳδίως
1231 818 1367 887 σφᾶς
1413 811 1610 885 ἐξελεῖν
1660 809 1982 877 δεδυνῆσθαι

333 905 421 959 καί
471 909 790 979 κατασχεῖν,
848 905 1001 958 ταῦθ’
1055 904 1203 958 οὗτοι
1265 901 1336 958 δι’
1392 905 1466 958 ὧν
1517 902 1718 958 οὑτωσὶ
1772 903 1987 975 ῥᾳστω-

336 994 640 1061 νεύσονται,
699 993 1122 1067 κατεργάσωνται
1160 1012 1173 1026 ’
1232 993 1318 1048 καὶ
1379 993 1453 1046 ὧν
1512 991 1838 1062 κατέστησαν
1895 992 1988 1068 φύ-

339 1081 522 1146 λακες,
608 1081 834 1144 τούτους
919 1084 1132 1146 ἑκόντες
1216 1083 1359 1144 ὅντες
1449 1085 1789 1155 προῆσανται
1871 1086 1986 1142 τοῖς

338 1170 562 1246 ἐχθροῖς
596 1190 611 1204 ·
663 1169 817 1244 ε’ίπερ
865 1170 980 1239 ἐξὸν
1024 1171 1057 1224 ἃ
1104 1172 1217 1246 χρὴ
1270 1174 1606 1245 πράττοντας
1651 1171 1741 1224 καὶ
1799 1191 1985 1224 νυκτο-

339 1259 739 1339 φυλακοῦντας,
772 1258 950 1333 ὥσπερ
1002 1258 1157 1336 ἔφην,
1210 1259 1285 1322 εἷς
1323 1258 1506 1326 τέλος,
1552 1258 1735 1314 ἔπειτα
1783 1260 1988 1314 τούτων

339 1351 581 1419 καθάπαξ
642 1350 990 1426 ὑπερφρονεῖν
1046 1349 1136 1403 καὶ
1192 1350 1406 1425 χαίρειν
1463 1355 1578 1410 τοῖς
1637 1347 1790 1412 ὅλοις
1850 1349 1936 1420 ἐᾷν
1972 1368 1984 1379 ο

343 1441 394 1495 οἱ
427 1436 474 1493 δ’
507 1439 612 1494 ὑπὸ
660 1444 758 1493 τοῦ
794 1441 868 1510 μή
921 1445 1104 1494 πονεῖν
1157 1437 1357 1494 ἐθέλειν
1392 1439 1484 1493 καὶ
1531 1435 1831 1513 τρίϐεσθαι,
1864 1437 1990 1494 ἀλλ’

344 1531 493 1600 ὕπνῳ
536 1529 626 1582 καὶ
673 1530 871 1599 νωθείᾳ
919 1525 1221 1596 δουλεύειν,
1271 1528 1360 1582 καὶ
1412 1530 1511 1597 τήν
1560 1530 1736 1584 αὐτῶν
1785 1525 1988 1598 ἡδονήν

344 1618 612 1692 προτέραν
647 1623 744 1672 τοῦ
794 1621 948 1690 κοινῇ
998 1617 1359 1694 ξυμφέροντος
1406 1617 1629 1690 κρίνειν,
1660 1619 1726 1672 τὰ
1772 1622 1994 1672 τοιαῦτα

347 1708 798 1762 λειποτακτοῦσιν
835 1726 846 1739 ·
900 1706 1020 1761 ἄνευ
1051 1703 1108 1760 δὲ
1154 1707 1359 1760 τούτων
1395 1707 1498 1761 οὐκ
1541 1705 1600 1761 ἄν
1650 1701 1772 1786 ἔχοι
1808 1704 1993 1782 λόγον,

347 1805 448 1866 τῆς
504 1799 599 1870 μὶν
657 1795 904 1872 φυλακῆς
949 1798 1074 1858 τοὺς
1133 1795 1357 1869 μισθοὺς
1412 1795 1645 1858 ἐντελεῖς
1697 1792 1995 1870 λαμϐάνειν

351 1885 584 1956 ἰθέλειν,
625 1885 790 1955 αὐτήν
825 1884 882 1940 δὲ
927 1885 1129 1953 ταύτην
1169 1885 1336 1954 ἀτελῆ
1383 1884 1751 1942 καταλείπειν.
1785 1887 1848 1942 Εἰ
1902 1887 1996 1959 μὶν

348 1976 451 2052 γάρ
498 1975 560 2030 ού
606 1973 872 2048 μέλλουσι
913 1972 1000 2029 διὰ
1038 1973 1230 2036 τέλους
1267 1974 1577 2051 φυλάττειν,
1617 1975 1668 2030 τί
1708 1978 1831 2049 περί
1869 1975 1998 2041 τοὺς

355 2065 584 2138 μισθοὺς
627 2059 1152 2139 ἀκριϐολογοῦνταις
1189 2065 1233 2118 εί
1262 2062 1307 2118 δ’
1347 2063 1398 2118 έν
1443 2064 1592 2138 λόγῳ
1624 2070 1788 2119 τοῦτο
1823 2071 1994 2120 ποιεῖν

353 2153 558 2210 οῖονται
603 2150 736 2222 δεῖν,
777 2155 861 2215 οἷς
902 2154 952 2208 έν
990 2151 1176 2226 έκείνῳ
1211 2158 1312 2208 τοῦ
1352 2157 1724 2229 προσήκοντος
1769 2153 1999 2229 ἀλογοῦ-

354 2266 459 2312 σιν,
502 2241 625 2298 οὐδὲ
664 2248 855 2298 τοῦτον
895 2242 948 2296 ἐν
995 2244 1147 2319 λόγῳ
1186 2250 1361 2298 ποιεῖν
1406 2248 1767 2318 μαρτυροῦσιν
1799 2265 1812 2277 ·
1854 2245 2002 2300 ἀλλὰ

353 2335 446 2388 καὶ
497 2335 599 2402 τήν
636 2333 799 2388 πόλιν
851 2333 900 2386 ἐν
959 2331 1019 2386 οὒ
1073 2339 1288 2407 μικροῖς
1338 2331 1559 2405 ἀδικεῖν,
1613 2335 1746 2409 ὑπὲρ
1793 2338 1858 2404 ἧς
1907 2357 2002 2408 μι-

356 2425 718 2500 σθοφοροῦσιν
779 2422 876 2477 οὐκ
943 2419 1158 2492 ἐνδεῶς,
1226 2423 1424 2492 ταύτην
1494 2421 1857 2500 φυλάττοντες
1924 2423 2004 2478 έν-

359 2511 519 2581 ὂεῶς,
556 2514 841 2568 κάντεῦθεν
871 2514 930 2567 ὃν
972 2507 1096 2589 ἔφην
1139 2512 1339 2588 τρόπον
1381 2519 1497 2574 τοῖς
1540 2513 1760 2588 ἐχθροῖς
1805 2511 2006 2588 προδι-

361 2602 546 2667 δόντες
579 2620 594 2634 ⁹
647 2605 723 2667 ὡς
777 2601 867 2657 οὖν
924 2603 975 2657 ὲν
1023 2603 1237 2665 τούτοις
1293 2609 1400 2657 τῶν
1462 2602 1606 2658 ὅλων
1665 2604 2001 2678 πραγμάτων

365 2693 732 2768 ὑπάρχόντων
780 2696 850 2766 τῇ
900 2691 1082 2760 πόλει,
1138 2693 1227 2747 καὶ
1281 2699 1381 2761 τῆς
1440 2695 1628 2761 κοινῆς
1685 2692 2004 2768 ἀσφαλείας,

608 1081 834 1144 τούτους

360 2785 413 2839 εἷ’
473 2780 555 2837 δεῖ
605 2783 886 2855 συντόμως
936 2783 1127 2848 εἴπεῖν,
1188 2781 1422 2838 ἐντεῦθεν
1479 2783 1610 2838 εἶναι
1665 2782 2004 2838 κινδυνευού-

361 2894 464 2942 σης
513 2873 604 2927 καὶ
667 2873 766 2944 μὴ,
821 2871 1027 2924 κελεύω
1078 2873 1168 2924 καὶ
1225 2872 1453 2933 τούτους
1509 2873 1599 2927 καὶ
1657 2873 1749 2934 οὓς
1806 2873 2007 2945 ἀρτίως

359 2961 646 3034 ἐμνήσθιν,
704 2960 1041 3014 παντάπασιν
1110 2959 1467 3035 ἐγρηγορέναι
1528 2962 1618 3016 καὶ
1685 2965 1873 3038 νήφειν
1932 2963 2008 3024 είς

359 3054 500 3108 ἅπαν
536 3071 550 3084 ·
612 3050 700 3106 καὶ
759 3049 902 3106 οὕτω
959 3052 1084 3124 περί
1139 3052 1238 3120 τήν
1302 3051 1552 3131 φυλακὴν
1624 3050 2007 3122 διανίστασθαι,

357 3145 436 3207 ὡς
471 3139 639 3216 μηδὲν
689 3144 852 3210 ⁵ἧττον
902 3135 1250 3216 κύϐερνητῶν
1277 3138 1466 3220 ’ίσχειν
1510 3143 1576 3197 τά
1627 3163 1687 3218 γε
1735 3147 1961 3199 τοιαῦτα
1993 3162 2007 3175 ·

357 3233 450 3288 καὶ
481 3233 584 3308 γὰρ
617 3229 810 3285 ἐκεῖνοι
842 3232 930 3284 καὶ
962 3231 1107 3305 παρὰ
1138 3232 1314 3286 πάντα
1346 3231 1439 3303 μὶν
1470 3228 1647 3301 δήπου
1688 3231 1779 3287 τὸν
1811 3231 2009 3300 πλοῦν,

2086 666 2331 726 quorum
2363 649 2524 721 prius
2553 651 2824 706 custodes
2857 651 3106 718 fuerant,
3148 666 3246 706 eos
3279 650 3528 708 libenter
3556 649 3730 708 hosti-

2088 759 2196 816 bus
2227 759 2476 826 tradent,
2509 763 2634 814 tum
2665 773 2800 814 cum
2833 759 3176 828 permissum
3202 769 3291 815 est
3319 759 3525 816 ofﬁciis
3554 760 3726 816 satis-

2090 865 2294 933 facere,
2329 865 2601 922 excubias
2632 880 2803 936 agere
2823 881 3012 936 usque
3041 867 3112 920 ad
3137 866 3467 937 fastidium,
3489 865 3636 924 dein
3656 867 3731 922 iis

2091 972 2427 1028 valedicere.
2459 973 2503 1026 Ii
2532 972 2742 1026 deinde
2774 972 2873 1043 qui
2907 988 3115 1042 corpus
3149 973 3468 1029 laborando
3491 973 3733 1044 fatigare

2094 1079 2320 1145 nolunt,
2337 1095 2609 1136 somnum
2633 1083 2828 1134 autem
2853 1087 2908 1135 et
2928 1077 3310 1135 indolentiam
3333 1079 3518 1152 magis
3535 1085 3736 1136 amant

2092 1199 2142 1246 et
2177 1190 2278 1262 qui
2311 1188 2666 1262 voluptatem
2698 1188 2981 1260 privatam
3025 1187 3264 1244 utilitati
3296 1189 3537 1260 publica
3569 1195 3737 1246 ante-

2095 1305 2336 1370 ponunt,
2369 1296 2569 1352 ordine
2598 1297 2914 1364 excedent;
2949 1297 3112 1353 nefas
3141 1296 3298 1351 enim
3329 1302 3482 1352 esset
3515 1313 3738 1353 merce-

2095 1405 2229 1461 dem
2262 1405 2545 1476 integram
2578 1406 2876 1475 postulare
2905 1421 3006 1475 pro
3041 1405 3240 1460 labore
3275 1404 3740 1478 peneincboato.

2094 1512 2151 1566 Si
2175 1511 2328 1568 enim
2355 1511 2637 1568 custodia
2658 1527 2840 1583 usque
2865 1512 2932 1566 ad
2962 1511 3138 1566 finem
3156 1527 3390 1583 operam
3413 1513 3552 1566 dare
3575 1527 3741 1567 recu-

2098 1623 2248 1684 sant,
2279 1618 2570 1688 quomodo
2612 1618 2932 1673 mercedem
2967 1617 3255 1688 integram
3297 1615 3745 1688 efﬂagitabunt?

2099 1721 2261 1788 Quod
2291 1721 2341 1777 si
2373 1729 2563 1777 autem
2600 1737 2756 1777 nunc
2787 1721 2980 1777 ofﬁcio
3005 1727 3216 1777 vacant
3241 1723 3398 1793 quod
3420 1721 3591 1793 paulo
3614 1725 3746 1794 post

2101 1829 2573 1900 tergiversantur,
2608 1827 2770 1883 nullo
2807 1829 2940 1897 jure
2981 1826 3325 1882 alterutrum
3359 1827 3599 1895 faciunt,
3631 1829 3746 1885 imo

2030 1931 2076 1997 Β
2107 1939 2308 1996 urbem
2339 1954 2550 2009 magna
2577 1937 2796 2009 injuria
2835 1936 3118 2007 afﬁciunt,
3165 1937 3418 2008 pretium
3459 1936 3746 2010 integrum

2109 2066 2209 2121 pro
2253 2045 2520 2103 custodia
2569 2044 2906 2116 imperfecta
2942 2049 3337 2114 exposcentes.
3382 2045 3528 2108 Quia
3576 2045 3749 2115 igitur

2109 2163 2228 2212 tota
2283 2152 2534 2210 civitatis
2593 2168 2734 2208 cura
2777 2151 2839 2207 in
2887 2151 2960 2207 iis
3010 2152 3260 2223 reposita
3309 2155 3421 2221 est,
3470 2150 3570 2222 qui
3618 2168 3748 2221 pro-

2111 2264 2278 2318 desse
2315 2266 2372 2318 et
2403 2260 2602 2315 obesse
2633 2267 2890 2330 possunt,
2921 2266 2971 2314 et
3008 2262 3126 2314 tota
3157 2274 3350 2315 rerum
3381 2259 3539 2315 salus
3571 2273 3749 2329 penes

2110 2387 2208 2425 eos
2248 2374 2356 2436 est,
2380 2368 2558 2438 jubeo
2601 2365 2873 2436 equidem
2907 2376 2968 2421 ut
3015 2383 3381 2438 summopere
3412 2369 3653 2441 vigilent
3680 2387 3746 2426 ao

2113 2477 2290 2533 sobrii
2322 2476 2460 2535 sint,
2495 2491 2598 2531 nec
2631 2472 2827 2530 minus
2857 2489 2922 2529 ac
2951 2475 3366 2546 gubernatores
3397 2478 3609 2548 navigii
3643 2493 3754 2535 cu-

2115 2601 2239 2640 ram
2289 2589 2462 2653 agant
2520 2583 2622 2654 qui
2672 2597 2770 2653 per
2822 2585 3001 2637 totam
3051 2581 3477 2654 navigationem
3519 2585 3752 2657 quando

2115 2698 2432 2763 tempestas
2454 2689 2721 2759 irruit,ne
2736 2688 2940 2745 minim
2952 2704 3046 2744 um
3063 2691 3298 2761 quidem
3313 2693 3753 2762 agubernaculo

2118 2801 2351 2868 recedit,
2376 2797 2520 2854 nihil
2545 2798 2700 2870 quod
2723 2815 2817 2854 ars
2838 2797 3429 2866 suadet,intentatum
3453 2798 3754 2870 relinquit,

2115 2908 2234 2964 imo
2265 2911 2438 2964 noctu
2469 2905 2683 2978 diuque
2713 2907 2850 2962 facit
2878 2906 3030 2978 quod
3071 2905 3132 2961 in
3163 2905 3557 2977 navigantium
3587 2906 3754 2964 salu-

2118 3021 2231 3072 tem
2262 3016 2536 3088 adjuvare
2584 3019 2788 3087 potest,
2839 3016 3025 3070 undas
3073 3030 3442 3081 mensurans,
3492 3016 3563 3071 ad
3599 3019 3757 3072 astra

2119 3125 2463 3198 suspiciens,
2495 3130 2552 3180 et
2590 3125 2728 3180 inde
2755 3125 2878 3195 ejus
2907 3124 3063 3196 quod
3087 3123 3416 3180 faciendum
3447 3131 3554 3193 est,
3603 3141 3748 3181 con-

2121 3234 2320 3290 silium
2351 3234 2608 3306 capiens.
2643 3233 2803 3298 Quod
2831 3233 2881 3289 si
2913 3232 3402 3305 gubernatoribus
3432 3231 3573 3288 talia
3601 3248 3752 3288 cures

361 3321 469 3396 οὐχ
528 3322 724 3390 ἥκιστα
773 3316 831 3374 δὲ
879 3317 1161 3380 κλύδωνος
1206 3318 1476 3388 ἐπιόντος,
1519 3318 1633 3375 οὔδ’
1682 3319 1770 3376 ἐπὶ
1815 3324 2002 3397 μικρὸν

2119 3346 2278 3411 sunt,
2311 3356 2420 3408 quo
2451 3344 2616 3411 pacto
2649 3339 2810 3394 urbis
2829 3339 3094 3395 aedilibus
3127 3338 3323 3395 minus
3355 3339 3635 3394 sollicitos
3665 3353 3758 3394 es-

357 3410 678 3487 ἀφίστανται
715 3413 823 3464 τῶν
863 3409 1084 3474 οἰάκων,
1130 3408 1245 3462 οὐδ’
1285 3410 1358 3462 ὢν
1397 3411 1431 3477 ἡ
1474 3411 1638 3483 τέχνη
1683 3410 1769 3464 καὶ
1809 3411 1871 3465 τὰ
1911 3419 2010 3480 τῆς

362 3501 554 3576 χρείας
602 3499 901 3574 ἀναγκάζον
949 3498 1176 3574 παρέχει
1211 3517 1224 3530 ο
1277 3497 1422 3553 ἀλλά
1471 3499 1559 3552 καὶ
1612 3500 1842 3575 νύκτωρ,
1896 3499 2008 3555 ἔστι

361 3589 410 3645 δ’
460 3592 552 3645 ὅτε
607 3591 696 3644 καὶ
747 3595 847 3657 τῆς
906 3586 1325 3664 ἐπιγιγνομένης
1382 3588 1612 3660 ἡμέρας,
1669 3590 1820 3642 πάνθ’
1875 3589 2005 3661 ὑπὲρ

361 3687 463 3748 τῆς
493 3683 601 3734 τῶν
648 3676 1001 3751 ἐμπλεόντων
1051 3675 1326 3752 σωτηρίας
1372 3683 1550 3731 ποιεῖν
1601 3676 1807 3732 οῖονται
1861 3685 2004 3756 χρῆ-

361 3789 474 3836 ναι,
527 3769 669 3840 ὁμοῦ
716 3787 772 3821 τε
815 3768 952 3839 πρὸς
997 3770 1144 3840 κῦμα
1190 3761 1702 3842 παραϐαλλόμενοι,
1733 3768 1824 3822 καὶ
1872 3769 2007 3841 πρὸς

362 3855 591 3931 ἀστέρας
651 3860 895 3929 συνεχῶς
954 3854 1284 3931 ἀφορῶντες,
1339 3856 1580 3910 κάκεῖθεν
1642 3851 2008 3927 λαμϐάνοντες

360 3951 460 4000 τοῦ
489 3943 751 4014 ποιητέου
779 3944 841 4000 τὸ
883 3945 1153 4017 σύνθημα.
1197 3946 1326 4000 Εἶτα
1365 3940 1720 4020 κυϐερνήταις
1765 3947 1858 4020 μὲν
1907 3948 2008 4002 οὑ-

360 4033 498 4088 τωσί
533 4031 685 4106 μέλει
717 4038 849 4088 νεῶν
900 4033 987 4087 καὶ
1020 4038 1114 4088 τοῦ
1162 4037 1280 4089 κατ’
1309 4033 1470 4095 αὐτὰς
1505 4035 1780 4108 σωτηρίου
1817 4054 1829 4066 ·
1880 4035 2007 4098 τοὺς

365 4121 422 4178 δὲ
475 4127 583 4178 τῶν
639 4121 854 4178 πόλεων
907 4123 1152 4201 φύλακας
1213 4125 1276 4180 οὐ
1335 4122 1534 4198 πολλῷ
1588 4125 1800 4198 μᾶλλον
1855 4128 2012 4182 ταυτὶ

365 4214 619 4285 πράττειν
687 4214 932 4290 φήσομεν
993 4220 1239 4286 χρῆναις
1300 4213 1426 4268 ὅσον
1485 4215 1590 4288 γὰρ
1652 4214 1915 4288 μειζόνων
1975 4220 2008 4286 ἢ

366 4307 554 4357 ’κεῖνοι
611 4300 982 4375 προΐστανται,
1031 4304 1259 4356 τοσοῦτο
1339 4303 1506 4373 μείζω
1563 4304 1652 4358 καί
1711 4306 1811 4371 τήν
1888 4325 2010 4379 περι

361 4396 534 4446 ταῦτα
565 4388 813 4469 φυλακὴν
867 4389 1176 4468 ὀφείλουσιν
1205 4389 1413 4466 Ἱσχειν,
1447 4397 1663 4464 πτηνῶν
1717 4391 1871 4463 δίκην
1924 4393 2013 4451 διὰ

365 4482 546 4551 πάσης
576 4481 770 4543 κυκτὸς
823 4485 1276 4555 περισκοποῦντες
1303 4482 1370 4536 τὰ
1400 4481 1562 4558 τείχη
1603 4483 1694 4536 καὶ
1736 4484 2012 4556 περιθέονο

361 4591 449 4632 τες
500 4570 712 4642 σύναμα
759 4575 838 4642 τῷ
876 4571 1167 4643 ἀστυνόμῳ
1204 4575 1283 4643 τῷ
1330 4592 1387 4626 τε
1432 4577 1530 4640 τῆς
1582 4570 1795 4636 πόλεως
1838 4574 2014 4646 ἁρμο-

363 4664 465 4734 στῇ
518 4657 846 4735 διεγείρουσι
893 4667 1027 4736 σφᾶς
1077 4662 1168 4716 καὶ
1220 4660 1666 4735 προθυμοτέρους
1710 4667 1789 4733 τῷ
1837 4668 2013 4717 συνεῖ-

364 4770 450 4804 ναι
484 4749 576 4804 καὶ
610 4752 816 4806 συνθεῖν
844 4752 1175 4806 καθιστᾶσιν.
1796 4777 1798 4779 ·

443 4843 534 4903 ις’.
576 4839 725 4896 Ἐπεὶ
775 4837 821 4894 δ’
867 4839 920 4910 ἐξ
967 4841 1221 4895 ἁπάντων
1263 4841 1470 4896 τούτων
1523 4842 1866 4894 συνίστασθαι
1917 4843 2010 4912 μὶν

365 4931 457 4986 καὶ
509 4932 766 5005 πράττειν
817 4928 873 4984 εὖ
920 4929 1144 4985 πόλεσιν
1199 4928 1296 4996 ἔνι,
1357 4931 1446 4985 καὶ
1504 4929 1720 5004 προσέτ’
1773 4929 2012 5007 ἀσφαλέ-

368 5041 538 5076 στατα
585 5018 793 5096 ’ίσχειν,
827 5018 1126 5075 ἐπιδιδόναι
1179 5018 1235 5075 δὲ
1282 5019 1582 5076 τουλοιποῦ
1631 5022 1720 5076 καὶ
1767 5017 2012 5092 αὔξεσθαι

366 5111 584 5172 τούτοις
620 5109 798 5165 οὐκετι
835 5130 847 5142 ⁸
900 5107 982 5165 δεῖ
1030 5108 1087 5166 δὲ
1134 5113 1222 5165 γαὶ
1269 5110 1465 5166 τούτου
1511 5115 1608 5165 τοῦ
1659 5111 1857 5184 μέρους
1907 5111 2014 5187 οὐχ

366 5200 548 5269 ἥκιστ’
597 5199 803 5262 αὐταῖς.
858 5200 930 5255 Οὐ
978 5198 1081 5274 γάρ
1131 5197 1189 5255 εὖ
1236 5202 1488 5275 πράττειν
1553 5201 1715 5272 μόνον
1765 5199 2010 5276 ἀπόχρη,

363 5287 516 5344 ἀλλά
571 5289 660 5342 καὶ
711 5290 847 5362 πρὸς
896 5291 964 5344 τὰ
1003 5291 1235 5363 κρείττω
1282 5291 1370 5345 καὶ
1427 5289 1596 5362 μείζω
1641 5295 1843 5364 χωρεῖν
1891 5290 2012 5344 ἑκά-

363 5395 522 5432 στοτε
571 5374 654 5431 δεῖ
700 5378 789 5430 καὶ
838 5379 1027 5451 πρόσω
1076 5378 1276 5452 βαίνειν
1311 5397 1322 5412 ο
1374 5378 1464 5432 καὶ
1513 5377 1661 5440 ὅλως
1706 5379 1839 5447 μετὰ
1878 5400 2010 5433 παν-

364 5467 458 5528 τὸς
491 5465 573 5521 ἀεὶ
609 5469 748 5540 ,τοῦρ
773 5465 1048 5541 βελτίονος
1097 5467 1186 5522 τὸν
1219 5466 1391 5522 αἰῶνα
1422 5465 1620 5544 διάγειν
1654 5487 1666 5498 ⁸
1722 5466 1830 5522 δεῖν
1882 5469 2010 5523 εἶναι

365 5556 456 5610 καί
514 5556 654 5610 πάνυ
713 5555 858 5633 φημὶ
919 5558 1046 5619 τοὺς
1101 5561 1210 5612 τῶν
1270 5555 1710 5632 πολιτευομένων
1759 5557 2010 5632 ἀρίστους

361 5646 429 5701 τά
456 5647 504 5702 τ’
552 5644 698 5702 ἄλλα
740 5649 830 5702 καὶ
863 5648 1044 5702 ὁτιοῦν
1091 5650 1330 5724 χρηστὸν
1383 5649 1770 5724 εἰργασμένους
1818 5647 2003 5726 διαφε-

365 5738 571 5811 ρόντως
603 5735 839 5793 ἐπαινεῖν
867 5739 955 5794 καὶ
1005 5738 1294 5812 θαυμάζειν
1326 5740 1416 5795 καὶ
1447 5739 1571 5815 περὶ
1603 5739 1852 5801 πλείονος
1885 5761 2007 5795 ποι-

2115 3467 2174 3506 se
2207 3449 2840 3512 Iiceredicemus?Quo
2873 3449 3154 3518 majorum
3187 3449 3344 3504 enim
3375 3465 3567 3504 rerum
3600 3465 3754 3505 cura?

2116 3557 2411 3630 praepositi
2439 3561 2596 3624 sunt,
2622 3556 2899 3626 majorem
2922 3555 3097 3610 etiam
3117 3555 3176 3610 in
3207 3556 3278 3612 iis
3299 3554 3755 3610 sollicitudinem

2117 3681 2328 3736 ponere
2360 3665 2654 3719 debebunt
2681 3668 2756 3732 et,
2810 3662 3110 3718 volucrum
3154 3663 3359 3731 instar,
3394 3663 3608 3718 muenia
3636 3663 3750 3718 cir-

2116 3771 2530 3840 cumvolantes,
2582 3788 2700 3828 una
2743 3787 2876 3828 cum
2909 3771 3070 3827 urbis
3104 3773 3369 3844 praefecto
3399 3771 3470 3825 ad
3502 3769 3752 3842 vigilan-

2119 3882 2258 3936 dum
2289 3886 2343 3936 et
2375 3880 2824 3952 cooperandum,
2857 3897 3004 3952 quos
3039 3897 3142 3951 par
3169 3884 3278 3946 est,
3311 3879 3643 3934 admonere.

2197 4840 2283 4893 t6.
2315 4835 2590 4901 Quamvis
2622 4852 2724 4907 per
2753 4835 2877 4892 hac
2927 4835 3127 4891 omnia
3167 4834 3368 4890 civitas
3395 4831 3588 4905 aliqua
3619 4849 3759 4905 pro-

2123 4949 2399 5019 speritate
2451 4963 2518 5002 ac
2567 4948 2879 5003 securitate
2911 4947 3020 5001 frui
3055 4943 3260 5017 possit,
3292 4942 3349 4996 id
3379 4958 3548 5012 porro
3582 4957 3760 5013 agen-

2123 5056 2265 5111 dum
2288 5059 2465 5111 restat
2486 5058 2551 5110 ut
2570 5055 2683 5111 ista
2712 5053 3066 5126 prosperitas
3098 5054 3344 5107 maneat.
3373 5049 3588 5105 Felices
3608 5049 3760 5106 enim

2123 5163 2276 5221 cives
2304 5177 2435 5218 esse
2462 5178 2577 5218 non
2611 5161 2849 5222 sufficit.
2902 5161 3022 5215 imo
3061 5159 3331 5216 meliores
3359 5158 3418 5214 in
3450 5158 3603 5213 diem
3637 5156 3762 5214 ﬁeri

2122 5285 2364 5352 oportet,
2395 5283 2452 5334 et
2482 5279 2615 5334 inde
2645 5279 2705 5334 in
2750 5278 2968 5334 bonore
3016 5282 3189 5348 atque
3230 5274 3611 5332 admiratione
3639 5290 3764 5332 esse

2122 5398 2274 5470 apud
2305 5396 2569 5470 vulgum,
2601 5397 2649 5451 si
2683 5395 2890 5451 virtute
2928 5394 3241 5451 excellunt.
3273 5394 3340 5449 Et
3368 5409 3429 5450 re
3458 5409 3593 5448 vera
3621 5391 3760 5448 civi-

2123 5517 2213 5568 tas
2245 5513 2357 5569 isto
2387 5513 2559 5568 modo
2592 5511 2931 5583 procedens,
2965 5526 3070 5566 nec
3100 5509 3285 5582 gloria
3317 5523 3422 5565 nec
3451 5507 3578 5562 vita;
3604 5524 3761 5564 com-

2122 5628 2313 5685 modis
2342 5628 2578 5690 carebit,
2611 5627 2844 5700 quando
2893 5627 3030 5682 boni
3063 5643 3253 5682 mores
3283 5626 3482 5697 vigent
3513 5631 3570 5680 et
3601 5625 3761 5696 pravi

2117 5745 2556 5817 perdomantur.
2590 5743 2674 5800 Ita
2703 5743 2856 5799 enim
2888 5741 3068 5799 virtus
3098 5741 3167 5798 ad
3199 5741 3552 5798 altissimum
3578 5738 3743 5796 fasti-
