4154 6216
366 427 482 489 52⁵1

1669 419 2062 482 THEODULI
2103 421 2454 485 MONACEI

3645 424 3766 486 528

369 563 533 638 gium
583 559 856 618 evehetnr
895 559 954 614 et
1003 569 1316 612 numerosa
1362 557 1711 612 sectatorum
1767 555 1997 612 cohorte

2115 557 2419 612 εῖσθαιτῶν
2470 555 2683 630 ἄλλων,
2713 559 2804 614 καὶ
2853 561 3013 612 πᾶσιν
3049 559 3133 620 οἷς
3182 555 3326 620 εἰκὸς
3369 559 3624 613 τουτουσῖ
3675 560 3767 613 θε-

369 670 705 744 stipabitur.
733 665 792 722 Si
817 663 973 721 enim
994 662 1054 719 in
1085 677 1174 730 eo,
1205 665 1271 717 ut
1292 659 1373 718 ait
1391 661 1718 735 Euripides,
1742 662 2006 736 plurima:

368 782 630 838 civitates
661 778 900 850 peccant
923 773 1070 845 quod
1094 771 1394 830 hominem
1417 772 1685 844 probum,
1708 777 2005 830 strenuum

367 901 486 944 non
518 882 822 958 patiuntur
850 877 1074 936 meliori
1105 893 1282 950 quam
1325 876 1546 934 malum
1579 895 1645 934 ac
1676 895 2004 950 perversum

366 991 505 1060 frui,
533 989 658 1047 ﬁeri
692 1004 806 1046 non
833 991 1019 1060 potest
1039 986 1186 1059 quin
1210 984 1388 1053 idem,
1411 985 1461 1041 si
1487 989 1719 1056 propter
1747 1002 1839 1042 res
1864 988 2009 1042 bene

366 1100 563 1172 gestas
613 1115 646 1152 a
668 1094 902 1152 civibus
931 1093 1266 1158 honoratur,
1298 1091 1496 1164 patria:
1525 1093 1850 1148 commodis
1881 1097 2004 1148 stu-

367 1207 534 1274 deat;
569 1203 711 1276 quin
745 1201 934 1275 quivis
965 1200 1149 1257 bonus
1196 1201 1368 1256 citato
1411 1199 1592 1272 gradu
1635 1200 1705 1254 ad
1738 1200 1883 1256 bene
1914 1199 2005 1256 fa-

367 1313 666 1380 ciendum,
704 1309 840 1366 inde
896 1321 1166 1364 coronam
1213 1306 1384 1378 pretii
1431 1304 1555 1362 loco
1578 1310 2004 1378 reportaturus,

369 1421 724 1494 accingatur.
749 1421 864 1474 Nec
886 1415 1120 1472 mirum.
1141 1414 1361 1485 Sparta
1383 1413 1614 1486 quidem
1643 1417 1732 1469 tot
1749 1418 1806 1469 et
1820 1413 2006 1469 taneis

371 1526 544 1582 bonis
574 1525 688 1581 frui
737 1524 940 1578 datum
997 1521 1106 1577 fuit
1155 1538 1188 1578 a
1235 1521 1496 1594 Lycurgo
1541 1517 1874 1591 legislatore
1903 1519 2005 1592 qui

371 1649 600 1690 omnem
666 1639 875 1688 terram
933 1629 1118 1703 gloria
1171 1644 1276 1684 sua
1334 1625 1573 1700 replevit
1629 1626 2005 1699 sempiterna.

369 1740 518 1798 Hinc
549 1739 617 1794 ad
660 1742 861 1795 nostra
910 1751 1089 1808 usque
1136 1740 1395 1806 tempora
1441 1749 1611 1790 nemo
1652 1734 2006 1790 Lacedaemo-

367 1847 598 1906 niorum
622 1845 748 1902 sine
774 1844 940 1900 laude
967 1847 1024 1898 et
1053 1841 1438 1898 admiratione
1464 1839 1816 1898 mentionem
1847 1840 2002 1896 facit.

369 1951 638 2026 Alioquin
688 1950 1120 2025 Epaminondas
1158 1948 1466 2006 Thebanos
1507 1964 1573 2004 eo
1622 1947 1890 2020 perduxit
1938 1951 2004 2004 ut
2035 1925 2082 1992 Β

367 2069 494 2136 post
535 2077 789 2134 pugnam
832 2058 1194 2115 Leuctricam
1237 2056 1307 2112 ab
1357 2054 1648 2112 universis
1677 2059 2004 2112 metueren-

367 2175 485 2236 tur,
523 2183 639 2224 non
679 2166 820 2239 quin
851 2163 1003 2222 altos
1051 2163 1161 2220 sibi
1191 2162 1432 2235 spiritus
1461 2166 1775 2218 sumerent.
1811 2161 2006 2218 Altera

373 2290 441 2331 ex
473 2277 634 2348 parte
661 2270 1074 2344 Amphipolim
1126 2269 1385 2326 Brasidm
1422 2273 1490 2325 ut
1535 2268 1694 2325 heroi
1725 2273 1783 2324 et
1809 2267 2000 2325 consi-

368 2381 534 2438 liario
567 2396 733 2438 sacra
774 2379 960 2436 facere
1008 2376 1231 2450 dignati
1261 2381 1419 2434 sunt.
1451 2377 1604 2448 quod
1636 2391 1735 2432 eos
1763 2391 1798 2431 a
1827 2374 2002 2431 socie.

363 2491 483 2545 tate
523 2485 970 2544 Atbediensium
1016 2483 1350 2540 abduxerat.
1399 2482 1495 2540 Sic
1524 2481 1702 2554 igitur
1730 2481 2004 2555 Spartani

369 2595 716 2668 Lycurgum,
781 2591 1041 2649 Thebani
1089 2589 1568 2662 Epaminondam,
1611 2589 1684 2647 ob
1733 2590 2003 2662 praaclare

361 2701 434 2758 ah
465 2701 610 2774 ipsis
659 2703 790 2756 acta
837 2707 902 2755 ut
944 2697 1099 2755 viros
1146 2698 1615 2770 suprahumanos
1655 2697 1766 2753 diis
1795 2713 2002 2754 accen-

360 2825 550 2875 suere,
597 2808 874 2865 extremis
919 2823 1019 2864 eos
1081 2806 1402 2863 honoribus
1451 2805 1862 2878 gratiﬁcantes.
1906 2806 2001 2862 Sic

361 2931 533 2988 porro
585 2915 868 2990 Smyrnaei
898 2915 1238 2981 Homerum,
1265 2913 1678 2985 Hippocratem
1726 2913 1846 2981 Coi,
1898 2913 2000 2969 De-

361 3023 632 3081 metrium
682 3023 988 3092 Abderita,
1039 3021 1214 3077 Samii
1262 3020 1670 3093 Pythagoram,
1728 3022 1994 3092 Ajantem

357 3129 681 3198 Salaminii,
731 3130 960 3201 Trojani
1009 3129 1332 3198 Hectorem,
1380 3128 1479 3183 alii
1519 3127 1667 3184 alios
1697 3129 1904 3185 mirum
1937 3129 1996 3186 in

359 3238 598 3294 modum
649 3237 975 3292 coluerunt.
1027 3238 1183 3292 Inter
1211 3252 1359 3308 quos
1390 3244 1580 3292 tamen
1611 3235 1994 3293 Athenienses

357 3344 416 3400 in
449 3359 680 3400 summo
730 3343 852 3399 loco
901 3343 1152 3414 ponendi
1199 3347 1358 3398 sunt.
1410 3341 1529 3397 Soli
1575 3341 1728 3398 enim
1778 3346 1992 3398 morta-

353 3451 500 3508 lium
557 3449 876 3507 maximum
927 3464 1239 3504 numerum
1279 3447 1536 3504 virorum
1585 3447 1988 3505 excellentium

353 3557 566 3614 virtute
592 3559 650 3612 et
690 3557 853 3612 factis
901 3572 1016 3612 non
1065 3555 1126 3612 in
1176 3559 1528 3620 Graecorum,
1569 3557 1670 3612 sed
1725 3556 1990 3612 omnium

352 3679 595 3736 prorsus
623 3662 929 3721 hominum
975 3660 1286 3719 utilitatem
1319 3662 1642 3734 progenuit.
1678 3662 1720 3718 li
1754 3663 1994 3734 potissi-

353 3787 514 3828 mum
547 3771 620 3828 ad
651 3770 853 3844 patria
881 3770 1258 3827 necessitates
1297 3769 1622 3840 implendas
1659 3771 1989 3826 contribue-

350 3883 526 3946 runt;
554 3883 780 3936 exteros
811 3877 1061 3952 hospitio
1089 3881 1458 3950 exceperunt,
1495 3877 1748 3946 premiis
1777 3877 1984 3950 dignos

352 3987 732 4052 decorantes;
774 3986 895 4044 sive
942 3985 1264 4054 sacrificiis,
1313 3983 1430 4041 sive
1473 3985 1832 4050 sacerdotiis,
1865 3984 1985 4040 sive

351 4094 611 4151 carmine
657 4100 760 4151 aut
799 4095 1014 4153 statuis
1047 4094 1429 4164 decoravere;
1461 4093 1739 4166 quosdam
1772 4109 1987 4150 corona

349 4216 529 4256 aurea
559 4201 768 4276 dignos
797 4202 1150 4271 habuerunt,
1172 4201 1274 4258 tali
1307 4202 1476 4258 modo
1506 4201 1660 4258 viros
1690 4201 1986 4259 laureatos

351 4311 627 4365 ornantes
657 4315 715 4365 et
765 4309 836 4366 ad
885 4325 1074 4365 rerum
1119 4309 1401 4366 bonarum
1450 4313 1745 4365 certamen
1778 4323 1985 4380 provo-

353 4418 571 4484 cantes,
614 4421 670 4472 et
699 4417 896 4472 eodem
931 4421 1062 4472 actu
1093 4416 1343 4474 civitatis
1373 4417 1668 4472 fortunam
1701 4420 1986 4487 augentes

349 4525 408 4579 et
434 4522 756 4580 virtutibus
785 4524 1121 4580 exercendis
1165 4522 1356 4580 locum
1395 4521 1692 4590 facientes,
1724 4522 1985 4594 ipsorum

345 4629 420 4687 ad
462 4629 710 4704 gloriam
753 4635 1048 4702 utcunque
1097 4647 1208 4688 non
1259 4647 1466 4703 parum
1516 4630 1982 4687 contribuerunt.
2020 4657 2063 4722 Β
2095 4629 2352 4735 ἥήκιγτσίς,

344 4737 506 4804 Quod
538 4736 586 4793 si
636 4735 887 4792 honores
928 4751 1148 4793 merces
1196 4741 1338 4794 sunt
1383 4737 1580 4794 debita
1627 4735 1848 4805 virtuti,
1882 4752 1984 4793 nos

341 4842 390 4899 si
417 4841 626 4914 ingrati
653 4858 881 4910 sumus,
913 4859 1141 4900 summa
1171 4845 1380 4914 dignos
1408 4847 1564 4900 viros
1605 4844 1827 4914 injuria
1856 4844 1985 4900 affi-

343 4949 557 5019 cimus,
591 4965 658 5006 eo
688 4952 840 5022 quod
888 4955 974 5008 eis
1021 4951 1280 5018 debetur,
1327 4951 1670 5021 spoliantes.
1703 4956 1813 5006 Nec
1843 4967 1986 5006 sane

345 5059 477 5116 novi
511 5073 577 5116 ac
605 5058 855 5114 inauditi
904 5058 1154 5116 fecimus
1200 5059 1250 5115 si
1301 5061 1451 5131 quod
1503 5061 1785 5116 debemus
1811 5060 1983 5115 solvi-

341 5183 511 5238 mus;
545 5167 714 5224 factis
743 5167 898 5224 enim
932 5167 1057 5224 suis
1079 5184 1141 5224 se
1161 5167 1232 5224 iis
1251 5167 1380 5224 istis
1410 5168 1756 5224 muneribus
1775 5167 1984 5240 dignos

341 5272 756 5348 prestiterunt,
789 5290 914 5346 quis
937 5274 1048 5331 sibi
1072 5274 1219 5348 ipsis
1240 5277 1424 5347 magis
1445 5291 1624 5346 quam
1648 5275 1817 5330 nobis
1847 5275 1986 5329 dan-

339 5381 498 5440 tibus
529 5381 846 5439 attribuere
877 5385 1147 5454 possunt.

2121 646 2367 723 ραπεύειν
2404 665 2418 680 ⁸
2486 647 2622 722 πρὸς
2698 649 2804 724 γὰρ
2875 647 2955 720 τῷ
3020 647 3119 715 τήν
3192 651 3357 702 ταῦτα
3421 647 3768 722 πράσσουσαν

2115 735 2277 792 πόλιν
2333 735 2570 810 μάλιστα
2611 740 2736 792 νοῦν
2787 731 2935 811 ἔχειν
2989 733 3186 799 δοκεῖν,
3224 735 3312 790 καὶ
3353 733 3508 806 δόξαν
3561 737 3770 812 εὐγνω-

2120 825 2358 899 μοσύνης
2389 825 2660 902 φέρεσθαι,
2697 827 2788 880 καὶ
2835 823 3009 879 πόλλ’
3052 825 3190 897 αὐτῇ
3230 827 3299 880 τά
3344 825 3616 880 κάλλιστα
3663 847 3768 881 πε-

2119 914 2430 990 ριγίγνεται,
2486 917 2587 984 τῆς
2648 934 2708 968 τε
2772 913 3083 988 προσούσης
3147 912 3343 989 ἀρετῆς
3409 915 3764 989 τιμωμένης,

2113 1010 2216 1072 τῆς
2259 1023 2318 1058 τε
2372 1003 2560 1065 κακίας
2611 1005 2851 1074 καθάπαξ
2902 1002 3312 1076 ἀνειργομένης,
3371 1003 3446 1065 ὡς
3503 1004 3603 1072 τὴν
3667 1005 3767 1077 μὲν

2119 1087 2482 1164 μεταϐάλλειν
2515 1089 2572 1145 εὖ
2605 1088 2775 1164 μάλα,
2807 1092 2907 1160 τήν
2935 1089 2982 1144 δ’
3021 1092 3096 1153 εἰς
3127 1092 3252 1146 ὅσον
3294 1090 3462 1160 ἔξεστι
3501 1091 3764 1148 πλεῖστον

2116 1179 2434 1248 ἐπιδιδόναι,
2486 1181 2576 1235 καὶ
2635 1179 2924 1243 πλείστους
2983 1179 3237 1251 ζηλωτὰς
3292 1182 3627 1238 καθιστάναι.
3693 1181 3762 1237 Εἴ·

2115 1268 2218 1342 γὰρ
2250 1266 2302 1322 ἐν
2337 1266 2478 1340 τῷδε
2505 1269 2623 1324 κατ’
2667 1266 2968 1344 Εὐριπίδην
2997 1269 3054 1322 αἱ
3100 1266 3309 1324 πολλαὶ
3358 1272 3622 1344 κάμνουσι
3654 1269 3759 1326 πό-

2116 1355 2253 1425 λεις,
2286 1356 2412 1412 ὅταν
2456 1378 2538 1419 τις
2569 1356 2758 1418 ἐσθλὸς
2805 1359 2891 1412 καὶ
2927 1358 3206 1432 πρόθυμος
3250 1356 3324 1412 ὢν
3371 1359 3530 1435 ἀνὴρ,
3584 1358 3760 1433 μηδὲν

2115 1445 2342 1520 φέρηται
2370 1450 2478 1500 τῶν
2519 1445 2784 1502 κακιόνων
2831 1445 3018 1515 πλέον,
3051 1443 3285 1517 εὔδηλον
3317 1447 3392 1510 ὡς
3441 1447 3568 1504 ὅταν
3597 1449 3763 1511 οὗτος

2115 1531 2277 1597 αὒτὸς
2334 1535 2424 1590 καὶ
2473 1536 2607 1610 ὑπὲρ
2647 1536 2714 1590 τὰ
2759 1538 3057 1612 γιγνόμενα
3102 1535 3392 1614 στέργηται
3441 1539 3530 1592 καὶ
3588 1539 3762 1614 φιλῆο

2114 1643 2224 1690 ται,
2279 1627 2540 1678 τοσοῦτον
2594 1619 2740 1678 ἔσται
2795 1628 2862 1695 τῇ
2915 1623 3166 1702 λαχούσῃ
3223 1625 3382 1680 πόλει
3429 1628 3492 1680 τὸ
3537 1626 3760 1702 κέρδος,

2116 1711 2191 1773 ὡς
2239 1713 2315 1786 μὴ
2369 1713 2534 1785 μόνον
2583 1711 2709 1774 τοὺς
2758 1711 2926 1782 αὐτῆς
2971 1714 3174 1775 πάντας
3227 1713 3398 1790 λόγον
3440 1715 3635 1788 ἀρετῆς
3683 1717 3763 1777 ὡς

2120 1799 2356 1874 μάλιστα
2397 1800 2598 1876 ἴσχειν,
2631 1803 2723 1856 καὶ
2778 1804 2846 1856 τὰ
2898 1801 3114 1878 μεγάλα
3159 1802 3227 1877 τῇ
3275 1801 3491 1878 πατρίδι
3542 1794 3763 1880 φιλοτι-

2119 1892 2333 1964 μεῖσθαι
2369 1891 2682 1965 βούλεσθαι,
2717 1890 2864 1946 ἀλλὰ
2897 1893 2986 1946 καὶ
3027 1890 3151 1953 τοὺς
3192 1889 3513 1963 δπηδήποτε
3549 1893 3763 1958 καλοὺς

2112 1979 2382 2056 κάγαθοὺς
2432 1979 2491 2035 ἐκ
2537 1979 2686 2035 δυοῖν
2743 1977 2934 2036 ποδοῖν
2989 1977 3216 2035 ἐνταῦθα
3273 1987 3502 2057 χωρεῖν,
3563 1981 3762 2038 ἓπιδείυ

2112 2069 2242 2139 ξεως
2293 2067 2469 2124 ε’ίνεκα
2515 2069 2604 2124 καὶ
2655 2071 2948 2146 στεφάνων.
3012 2067 3192 2138 Δῆλον
3253 2067 3328 2126 δέ.
3389 2075 3465 2144 Τῇ
3531 2092 3590 2126 τε
3651 2074 3762 2147 γὰρ

2111 2159 2330 2233 Σπάρτῃ
2359 2159 2632 2214 τοσούτων
2664 2158 2755 2214 καὶ
2795 2157 3140 2228 τηλικούτων
3185 2160 3404 2234 ἀγαθῶν
3441 2160 3760 2217 ἀπολαῦσαι

2108 2247 2198 2302 καὶ
2251 2246 2396 2303 οὕτω
2445 2249 2774 2320 θαυμαστοῖς
2823 2268 2961 2303 τισιν
3024 2247 3156 2322 ἄγαν
3213 2252 3582 2322 κεκοσμῆσθαι
3630 2271 3762 2326 τρο-

2108 2341 2292 2398 παίοις
2343 2335 2432 2392 διὰ
2479 2336 2795 2412 Λυκοῦργον
2842 2337 2931 2391 καὶ
2987 2338 3084 2400 τὰς
3134 2340 3456 2414 Λυκούργου
3515 2342 3759 2412 νομοθεο

2110 2425 2225 2486 σίας
2282 2427 2533 2500 ὑπῆρξεν,
2596 2427 2670 2488 ὡς
2729 2426 2818 2480 καὶ
2876 2433 2975 2495 τῆς
3034 2425 3362 2499 οῗκουμένης
3421 2428 3761 2504 ἑκασταχόσε

2106 2517 2333 2586 ταυτησὶ
2362 2517 2424 2571 τὸ
2454 2513 2618 2578 κλέος
2660 2514 2872 2584 ἐλάσαι,
2917 2515 3007 2570 καὶ
3039 2517 3262 2591 προσέτι
3311 2516 3569 2588 ἀκίνητον
3617 2520 3760 2574 κατᾶ

2107 2603 2310 2668 παντός
2358 2604 2570 2661 ἑστάναι
2609 2611 2706 2662 τοῦ
2755 2607 2960 2681 χρόνου
2996 2626 3008 2638 ·
3059 2603 3254 2662 οὔκουν
3300 2605 3411 2662 ἔστι
3461 2629 3524 2685 γε
3573 2607 3759 2673 οὐδεὶς

2107 2689 2242 2772 ἄχρι
2293 2698 2389 2748 τοῦ
2441 2691 2618 2769 δεῦρο,
2669 2693 2728 2755 ’ὀς
2782 2690 3226 2766 Λακεδαιμονίων
3289 2699 3566 2767 μνησθεὶς,
3629 2697 3755 2754 ἄνευ

2106 2781 2397 2857 ἐγκωμίων
2438 2781 2707 2856 ἐμνήσθη,
2739 2781 2865 2838 αλλ’
2915 2785 3026 2856 ἅμα
3053 2788 3134 2854 τῷ
3181 2787 3514 2856 μεμνῆσθαι,
3547 2785 3637 2840 καὶ
3689 2789 3756 2842 τὸ

2104 2872 2468 2944 θαυμάζεσθαι
2527 2873 2927 2947 συνεισέρχεται
2963 2891 2977 2903 ⁸
3035 2873 3160 2932 τούς
3226 2894 3284 2928 τε
3341 2871 3614 2945 Θηϐαίους
3672 2876 3756 2931 ἐν-

2103 2965 2272 3018 ταῦθα
2321 2961 2483 3033 δόξης
2529 2961 2971 3037 Ἐπαμεινώνδας
3016 2966 3342 3039 προήγαγεν,
3379 2967 3452 3028 ὡς
3501 2969 3592 3022 καὶ
3643 2989 3755 3038 φο-

2105 3049 2295 3128 ϐεροὺς
2321 3059 2438 3116 τοῖς
2482 3059 2610 3108 πᾶσι
2646 3054 2781 3126 μετὰ
2825 3056 2924 3122 τήν
2971 3054 3022 3108 ἐν
3076 3054 3368 3130 Λεύκτροις
3418 3059 3606 3132 μάχην
3655 3081 3752 3133 γε-

2102 3143 2302 3212 νέσθαι,
2359 3143 2451 3198 καὶ
2505 3148 2689 3216 μεῖζον
2739 3145 2775 3214 ἢ
2825 3145 2940 3198 καθ’
2998 3145 3192 3206 αὐτοὺς
3238 3147 3494 3225 φρόνημα
3542 3155 3698 3224 σχεῖν
3735 3170 3748 3182 ·

2103 3231 2215 3286 ἀνθ’
2244 3233 2320 3286 ὧν
2368 3231 2547 3299 ὥσπερ
2581 3231 2981 3309 Ἀμφιπολῖται
3027 3231 3268 3318 ¹Βρασίδᾳ
3316 3237 3558 3311 καθάπερ
3597 3239 3754 3314 ἦρωῖ

2102 3322 2192 3376 καὶ
2223 3320 2436 3394 οἰκία·τῇ
2482 3322 2623 3377 θύειν
2658 3322 2865 3392 ἠξίουν,
2895 3322 2977 3377 ὅτι
3026 3323 3221 3384 αὐτοὺς
3270 3327 3566 3393 ’Δθηναίων
3620 3327 3748 3382 ἀπέ-

2104 3432 2296 3482 στησεν
2331 3429 2345 3443 ·
2395 3411 2538 3466 οὕτω
2586 3416 2898 3486 Λυκοῦργον
2951 3414 3044 3484 μὲν
3098 3419 3456 3487 Σπαρτιᾶται,
3504 3411 3746 3486 Θηϐαῖοι

2103 3499 2160 3558 δὲ
2215 3499 2679 3573 Ἐπαμεινώνδαν,
2746 3499 2816 3556 δι’
2882 3503 3016 3577 ἅπερ
3073 3503 3149 3565 εἰς
3225 3503 3422 3566 αὐτοὺς
3495 3503 3749 3580 ἔδρασαν,

2105 3589 2348 3653 ἴσοθέους
2395 3591 2715 3664 νομίσαντες
2766 3593 2895 3646 εἶναι
2954 3592 3044 3646 καὶ
3100 3600 3201 3660 τῆς
3259 3593 3596 3668 ἀνθρωπείας
3646 3597 3748 3675 φύ-

2101 3701 2235 3742 σεως
2285 3681 2586 3753 κρείττους,
2635 3683 2702 3736 τὰ
2751 3681 2973 3756 μέγιστα
3020 3683 3235 3736 πάντων
3291 3683 3379 3738 καὶ
3427 3690 3592 3757 τιμᾷν
3647 3687 3750 3741 αύ-

2099 3770 2224 3826 τοὺ)
2256 3770 2426 3842 ᾤοντο
2460 3778 2662 3844 χρῆναι
2697 3791 2706 3800 ·
2759 3770 2935 3832 οὕτως
2965 3775 3212 3844 Ὅμηρον
3269 3773 3362 3844 μὲν
3418 3779 3746 3849 Σμυρναῖοι,

2101 3864 2253 3917 Κῶοι
2304 3858 2361 3914 δὲ
2409 3861 2790 3933 Ἱπποκράτην,
2840 3861 2931 3914 καὶ
2990 3862 3338 3934 Δημόκριτον
3393 3858 3747 3937 ’Δϐδηρῖταῃ

2098 3949 2189 4003 καὶ
2248 3949 2450 4022 Σάμιοι
2518 3948 2858 4022 Πυθάγοραν,
2914 3946 3114 4004 Αἴαντα
3191 3947 3247 4004 δὲ
3319 3950 3596 4023 Σαλαμὶς,
3655 3955 3748 4008 καὶ

2096 4042 2272 4112 Τρῶες
2321 4039 2576 4114 ”Εκτορα,
2627 4039 2716 4094 καὶ
2765 4039 2979 4111 ἑτέρους
3033 4037 3210 4112 ἓτεροι
3245 4059 3256 4072 ·
3319 4041 3641 4112 Ἀθηναίους
3692 4040 3750 4098 δὲ

2097 4125 2320 4203 ἐξαιρῶν
2348 4131 2444 4182 τοῦ
2475 4126 2648 4204 λόγου
2681 4145 2695 4159 ’
2741 4129 2894 4200 μόνοι
2938 4129 3041 4205 γὰρ
3070 4133 3150 4201 τῷ
3195 4129 3280 4206 ὑφ’
3320 4129 3468 4204 ἡλίῳ
3499 4132 3748 4201 πάντων,

2097 4217 2144 4272 εἶ
2177 4214 2258 4272 δεῖ
2288 4216 2571 4290 συντόμως
2619 4217 2810 4284 εἰπεῖν,
2843 4215 3134 4278 πλείστους
3181 4239 3238 4272 τε
3285 4219 3373 4273 καὶ
3427 4219 3750 4294 βελτίστους

2095 4307 2184 4362 καὶ
2214 4313 2332 4370 τοῖς
2360 4306 2514 4370 ὅλοις
2544 4307 2864 4382 κρατίστους
2896 4307 2983 4362 καὶ
3026 4310 3320 4384 γεγονότας
3362 4308 3468 4387 οὐχ
3498 4309 3746 4380 Ἕλλησι

2099 4399 2263 4469 μόνον
2297 4395 2444 4452 ἀλλά
2493 4397 2582 4451 καὶ
2633 4403 2790 4451 πᾶσιν
2819 4396 2986 4451 εἰπεῖν
3037 4397 3346 4472 ἀνθρώποις
3393 4400 3467 4459 ὣς
3514 4398 3745 4470 ἀληθῶς

2094 4487 2145 4542 ἐν
2175 4486 2349 4562 καιρῷ
2384 4509 2394 4518 ·
2445 4489 2533 4541 καὶ
2567 4487 2718 4542 αὐτοὶ
2769 4487 2916 4562 παρὰ
2944 4492 3090 4561 σφῶν
3141 4487 3317 4543 αὐτῶν
3371 4489 3447 4550 εἷς
3494 4491 3590 4553 τὰς
3618 4512 3745 4546 κοι-

2092 4576 2183 4639 νὰς
2213 4577 2544 4652 παρείχοντο
2576 4574 2786 4650 χρείας,
2818 4579 2908 4630 καὶ
2947 4575 3078 4637 τοὺς
3129 4575 3386 4648 ἑτέρωθεν
3417 4578 3492 4640 ὡς
3535 4580 3740 4643 αὐτοὺς

2399 4664 2682 4726 τοιούτους
2714 4662 2780 4736 δή
2832 4686 2980 4727 τινας
3029 4665 3442 4740 ἀποφαίνοντες,
3475 4667 3564 4722 καὶ
3609 4669 3745 4722 τού-

2092 4775 2220 4817 τους
2274 4753 2554 4816 κᾶκείνους
2591 4758 2698 4809 τῶν
2751 4752 3093 4828 γιγνομὲνων
3149 4759 3319 4830 γερῶν
3379 4756 3454 4818 ὡς
3517 4756 3742 4828 μάλιστ’

2091 4844 2296 4918 ἠξίουν,
2339 4844 2466 4906 τοὺς
2517 4843 2608 4915 μὲν
2660 4841 2712 4897 ἐν
2769 4843 2938 4918 ἱεροῖς
2977 4863 3034 4896 τε
3077 4845 3167 4898 καὶ
3217 4842 3462 4907 τελεταῖς
3507 4848 3597 4900 καὶ
3648 4849 3742 4902 θυ-

2094 4936 2255 5004 σίαις,
2306 4934 2430 4994 τοὺς
2488 4931 2533 4986 δ’
2587 4933 2636 4986 ἐν
2699 4933 3076 5008 ἐπιγράμμασι
3123 4933 3214 4988 καὶ
3274 4935 3446 4989 εἰκόσι
3501 4941 3593 4989 καὶ
3653 4939 3741 5000 οἷς

2090 5019 2288 5096 ἔξεστιν
2325 5043 2339 5056 σ
2371 5017 2482 5077 ἔστι
2534 5019 2582 5075 δ’
2612 5022 2705 5084 οὓς
2735 5023 2820 5077 καὶ
2872 5028 2989 5084 τοῖς
3025 5024 3160 5096 μετᾶ
3209 5029 3418 5099 χρυσοῦ
3459 5026 3744 5104 στεφάνοις

2090 5111 2355 5186 ἐκόσμουν
2391 5132 2404 5144 °
2457 5112 2599 5186 ὁμοῦ
2634 5112 2728 5182 μὲν
2777 5111 3002 5174 τούτους
3053 5115 3137 5174 οἷς
3189 5111 3322 5187 ἔφην
3374 5110 3743 5188 δωρούμενοι,

2091 5203 2232 5276 ὁμοῦ
2265 5199 2324 5256 δὲ
2353 5200 2440 5255 καὶ
2489 5199 2616 5262 τοὺς
2647 5197 2853 5263 ἄλλους
2887 5201 2975 5256 ἐπὶ
3022 5202 3090 5256 τὰ
3128 5200 3226 5257 ’ίσα
3275 5201 3742 5277 παρακαλοῦντες,

2091 5291 2154 5346 οἷ)
2188 5290 2401 5364 μᾶλλον
2447 5295 2544 5359 τήν
2575 5297 2674 5360 τῆς
2722 5288 2941 5353 πόλεως
2971 5289 3342 5365 εὐδαιμονίαν,
3381 5295 3416 5364 ἢ
3467 5294 3530 5348 τὸ
3573 5294 3746 5350 καλὸν

2089 5379 2178 5436 καὶ
2226 5381 2325 5448 τήν
2374 5379 2570 5454 ἀρετὴν
2616 5378 2676 5434 ἐκ
2718 5379 2933 5435 πάντων
2983 5381 3216 5436 τουτωνὶ
3265 5387 3692 5457 συγκροτοῦντες
3726 5402 3742 5416 ο

2087 5474 2346 5527 τοσοῦτον
2397 5469 2462 5538 ἦν
2511 5475 2628 5532 τοῖς
2669 5469 2941 5532 τοιούτοις
2985 5470 3048 5525 τὸ
3097 5471 3244 5546 παρὰ
3295 5470 3514 5545 μάλιστ’
3564 5479 3746 5529 αυτῶν

2089 5557 2514 5634 συγκεχωρηκός
2549 5578 2560 5591 ·
2623 5555 2804 5614 δίκαιά
2845 5580 2904 5614 τε
2960 5560 3260 5616 ποιούντων
3309 5560 3398 5615 καὶ
3454 5567 3558 5630 τῆς
3617 5584 3744 5638 σφε-

2089 5651 2245 5724 τέρας
2283 5646 2456 5702 αύτῶν
2500 5647 2771 5723 ἀξιόχρεω
2821 5645 3003 5719 δόξης,
3037 5649 3127 5704 καὶ
3176 5653 3274 5705 τοῦ
3313 5650 3435 5722 περὶ
3483 5651 3548 5706 τὰ
3600 5651 3747 5707 καλᾶ

2085 5735 2626 5812 συγκεκληρωμὲνου.
2695 5739 2878 5794 Καίτοι
2941 5739 2990 5793 εἷ’
3041 5740 3104 5794 τὸ
3170 5739 3298 5804 τοὺς
3365 5739 3608 5814 ἀγαθοὺς
3666 5763 3745 5796 τι.
