4154 6216
401 371 521 431 529

409 507 533 574 μᾷν,
563 504 631 571 ἧς
677 502 927 578 ἴσχουσιν
970 504 1189 578 ἀρετῆς,
1244 506 1435 577 μισθός
1482 506 1645 576 ἐστιν,
1692 506 1768 568 ὡς
1817 507 2041 566 ἅπαντες
2072 509 2125 573 Α

404 590 596 659 ἴσασιν,
629 589 862 661 εὔδηλον
919 593 994 655 ὡς
1052 592 1138 648 ἐὰν
1199 595 1274 666 μή
1333 598 1493 649 τοῦτο
1542 600 1808 668 ποιῶμεν,
1839 595 1905 649 τὰ
1956 593 2042 665 μέ-

399 685 538 756 γιστ’
568 680 763 743 αὐτοὺς
822 679 1141 755 ἀδικοῦμεν,
1202 686 1309 737 τῶν
1364 684 1751 757 προσηκόντων
1809 684 2042 739 ἀποστε-

399 775 643 845 ροῦντες.
675 773 785 827 Νῦν
820 770 865 826 δ’
897 770 1050 827 οὐδὲν
1078 774 1282 843 καινὸν,
1317 772 1495 847 οἶμαι,
1528 771 1768 849 δρῶμεν,
1790 778 1853 829 τὸ
1900 774 2044 837 εἰκὸς

398 857 738 923 έκτιννύντες
763 880 777 895 ·
809 862 898 916 καὶ
929 863 959 917 ’ὀ
992 861 1171 940 σφίσιν
1222 863 1409 925 αὐτοῖς
1458 860 1525 919 δι’
1577 865 1650 918 ὧν
1678 868 1923 919 τοιοῦτοι
1976 861 2041 935 δή

398 969 539 1011 τινες
616 948 856 1025 ἔγνωσαν
936 948 1110 1022 ὄντες,
1181 954 1639 1027 παρεσκευάκασιν
1675 970 1689 983 ·
1749 950 1888 1008 ὥστε
1963 954 2046 1013 οἷς

395 1034 619 1111 ἀκριϐεῖ
673 1039 821 1114 λόγῳ
872 1042 1002 1115 παρ’
1041 1042 1245 1096 ἑαυτῶν
1303 1043 1365 1097 οὐ
1423 1042 1548 1117 παρ’
1606 1044 1768 1115 ἡμῶν
1823 1041 2047 1113 ταυτηνὶ

395 1127 724 1198 κομίζονται
764 1131 867 1198 τήν
917 1130 1244 1200 συντέλειαν,
1287 1130 1512 1194 εἰκότως
1559 1130 1620 1187 ἂν
1678 1130 1878 1187 τούτοὺ
1928 1130 2047 1208 σφί-

397 1237 484 1270 σιν
514 1218 726 1285 αὐτοῖς,
760 1219 867 1293 οὐχ
905 1221 1040 1293 ἡμῖν
1072 1216 1252 1295 ἔχοιεν
1291 1222 1474 1295 χάριν.

478 1310 566 1375 ιζ’.
600 1306 673 1361 Οὐ
727 1309 833 1380 μὴν
883 1308 1030 1364 ἀλλᾶ
1074 1309 1163 1363 καὶ
1210 1309 1338 1373 τοὺς
1376 1310 1611 1385 ἀγαθοὺς
1661 1311 1779 1382 μὲν,
1834 1312 1937 1365 οὐκ
1993 1309 2047 1380 ἐξ

396 1394 615 1468 ἀγαθῶν
677 1396 734 1452 δὲ
790 1398 1103 1474 γεγονότας,
1157 1399 1257 1453 οὐκ
1310 1398 1775 1471 ἀποδοκιμαστέον
1839 1398 1929 1455 διά
1981 1400 2043 1454 τὸ

395 1484 559 1559 γένος
609 1485 774 1555 ἐστὶν,
821 1485 970 1542 ἀλλὰ
1020 1487 1088 1542 δι’
1136 1487 1329 1550 αὐτοὺς
1386 1489 1584 1550 αὐτοὺς
1643 1486 2039 1545 σπουδαστέον’

393 1578 635 1628 τοσοῦτο
692 1573 955 1637 καλλίους
1013 1573 1168 1637 ὄντας
1230 1576 1306 1638 εἷς
1362 1574 1663 1651 παράδοξον
1724 1578 1886 1652 φάναι
1932 1582 2039 1633 τῶν

393 1662 717 1741 κατ’ἄμφω
765 1665 1201 1737 σεμνυνομένων,
1233 1664 1357 1719 ὅσον
1415 1667 1465 1720 οἱ
1519 1666 1612 1736 μὲν
1660 1663 1811 1720 οὗδεν
1864 1665 2044 1721 καινὸν

394 1752 561 1818 οἶμαι
602 1751 795 1826 δρῶσι,
827 1758 1110 1816 ποιοῦντες
1139 1753 1172 1807 ἃ
1200 1750 1301 1822 δεῖ,
1321 1754 1410 1809 καὶ
1452 1754 1484 1808 ἃ
1512 1754 1638 1816 τοὺς
1679 1754 1739 1808 έκ
1780 1754 2044 1810 τοιούτων

1399 371 1696 436 ORATIO
1742 374 1843 435 DE
1886 374 2401 435 SUBDITOHUM
2445 373 2801 434 OFFICIIS.

3685 367 3804 425 530

2235 1315 2317 1369 i7.
2352 1313 2495 1371 Boni
2517 1314 2671 1371 cives
2701 1327 2871 1385 porro
2900 1310 3116 1367 vilibus
3148 1310 3291 1367 forte
3321 1310 3662 1381 parentibus
3683 1309 3799 1367 orti

2162 1437 2275 1476 non
2308 1436 2376 1476 ex
2406 1420 2624 1494 origine
2646 1418 2949 1491 judicandi
2983 1421 3140 1488 sunt,
3164 1418 3264 1473 sed
3287 1417 3606 1474 secundum
3641 1417 3800 1489 quod

2159 1532 2302 1586 sunt
2331 1532 2433 1584 aut
2465 1528 2742 1597 fecerunt,
2766 1543 2832 1583 eo
2863 1524 3050 1598 magis
3080 1524 3298 1582 scilicet
3330 1524 3655 1581 honorandi
3687 1540 3799 1596 quo

2161 1637 2350 1710 magis
2394 1654 2428 1693 a
2477 1635 2795 1708 majoribus
2843 1634 3136 1691 diﬂerunt.
3188 1633 3334 1689 Nam
3384 1633 3481 1705 qui
3531 1648 3562 1688 e
3612 1631 3800 1704 pravis

2160 1744 2324 1816 pravi
2352 1743 2531 1816 geniti
2573 1747 2733 1810 sunt,
2782 1743 2924 1815 quid
2956 1741 3114 1799 aliud
3166 1740 3681 1813 reprehensoribus
3710 1755 3802 1795 re-

394 1840 546 1901 εἰκός
568 1859 583 1873 ·
618 1840 733 1895 ἐπεὶ
772 1842 864 1896 καὶ
896 1849 1014 1903 τοῖς
1044 1848 1306 1917 πονηροῖς
1354 1843 1458 1897 κάκ
1502 1848 1759 1918 πονηρῶν
1806 1847 2034 1915 πεφυκό-

574 1928 586 1945 ν
604 1926 646 1949 Ἅι
728 1927 753 1949 η
1046 1932 1057 1949 \
1213 1930 1225 1946 λ
1326 1932 1339 1949 3
1455 1932 1473 1949 κ
1524 1937 1550 1947 φ
1740 1928 1764 1949 Ἰ
1959 1934 1977 1949 \
2000 1932 2011 1949 I

2158 1849 2526 1922 spondebunt
2569 1849 2684 1905 nisi
2735 1850 2889 1920 quod
2947 1847 3188 1921 ignobili
3239 1864 3448 1920 genere
3480 1846 3599 1903 nati
3631 1845 3801 1904 aliter

393 1949 481 1982 σιν
533 1926 686 1983 οὐδὲν
728 1927 903 2004 *ἐτερεν
960 1932 1096 2004 πρὸς
1144 1930 1274 1993 τοὺς
1322 1932 1683 2007 ἐγκαλοῦντας
1738 1928 1904 1988 ἔνεστι
1958 1932 2044 1988 λέ-

388 2039 532 2092 γειν,
566 2017 651 2072 ὅτι
684 2022 760 2089 μή
792 2022 856 2074 τὸ
884 2021 1038 2096 γένος
1069 2021 1159 2075 καὶ
1190 2023 1252 2075 τὸ
1279 2022 1424 2096 παρᾶ
1460 2026 1559 2076 τοῦ
1601 2022 1789 2096 γένους
1837 2024 2040 2078 οὑτωσὶ

390 2104 723 2176 διακεῖσθαι,
775 2110 851 2170 ὡς
900 2111 1069 2181 μόνην
1128 2109 1329 2179 ναύτην
1392 2110 1577 2172 αὐτοῖς
1632 2110 1792 2166 οὖσαν
1851 2112 2043 2186 παραί-

388 2216 554 2265 τησιν
613 2199 701 2251 καί
761 2201 1098 2275 καταφυγήν.
1133 2200 1197 2254 O't
1247 2196 1385 2254 δ’ἐκ
1440 2199 1663 2279 φαύλων
1724 2202 2043 2274 ὁρμώμενοι

388 2290 503 2339 τῶν
562 2284 1043 2359 παραδειγμάτων,
1087 2288 1148 2343 οὐ
1198 2291 1300 2359 τήν
1358 2290 1696 2357 αύτήνοτοῖς
1752 2294 2040 2365 πατράσιν,

391 2374 544 2430 ἀλλὰ
600 2377 887 2449 περιουσίᾳ
949 2377 1159 2454 φύσεως
1244 2378 1425 2452 ἑτέραν
1500 2377 1820 2452 ἐτράποντο,
1877 2378 2041 2435 καλοὶ

390 2464 623 2538 κάγαθοὶ
680 2466 985 2540 γεγονότες,
1016 2466 1107 2521 καὶ
1162 2466 1428 2522 τοσούτου
1476 2466 1652 2538 ζήλου
1706 2467 1795 2522 καὶ
1829 2469 2038 2542 θαύμαι-

386 2574 485 2616 τος
527 2551 693 2624 ἄξιοι,
727 2556 851 2609 ὅσον
887 2557 1057 2631 ψόγου
1088 2556 1177 2610 καὶ
1217 2557 1548 2633 κατηγορίας
1602 2558 1655 2611 οἱ
1703 2559 1802 2625 τὴν
1854 2558 2042 2613 ὑπόθευ

393 2664 477 2697 σιν
530 2640 950 2721 διαφθείραντες,
992 2647 1081 2699 καὶ
1129 2666 1256 2707 τους
1306 2646 1698 2720 γεγεννηκότας
1747 2646 2040 2722 αίσχύναν-

387 2754 480 2794 τες
534 2741 654 2797 τοῖς
710 2736 835 2808 παρ’
893 2736 1119 2793 ἑαυτῶν.
1178 2740 1413 2798 Τούτους
1470 2736 1562 2793 οὖν
1630 2735 1749 2793 δέον
1822 2738 2037 2810 μᾶλλον

391 2821 615 2877 ἐκείνων
672 2826 951 2896 τιμᾶσθαι,
999 2826 1163 2897 ἡμεῖς
1230 2823 1287 2880 δὲ
1342 2827 1431 2880 καὶ
1482 2832 1590 2881 τῶν
1648 2828 2036 2902 προσηκόντων

386 2914 706 2987 ἂποστερεῖν
750 2914 947 2976 αὐτοὺς
994 2915 1296 2989 οἰησόμεθα
1345 2914 1453 2971 δεῖν
1501 2913 1591 2971 διὰ
1635 2924 1735 2986 την
1783 2922 1891 2973 τῶν
1929 2938 2038 2972 πα-

381 3004 558 3071 τέρων
589 3000 941 3079 φαυλότητας
972 3004 1065 3059 καὶ
1094 3010 1210 3066 πῶς
1241 3005 1341 3060 οὐκ
1389 3004 1501 3061 ἄνω
1542 3011 1806 3079 ποταμῶν
1867 3011 2037 3063 ταῦτα

385 3087 694 3163 δράσομεν;
731 3092 998 3167 Περικλέα
1046 3097 1179 3167 γοῦν
1228 3096 1323 3150 τὸν
1361 3095 1705 3166 Ξανθίππου,
1746 3095 1837 3151 καὶ
1890 3103 2037 3171 Πομ-

382 3182 553 3249 πήϊον
586 3183 825 3255 Μάγνον,
850 3182 936 3244 οἷς
992 3182 1075 3237 ὅτι
1139 3180 1228 3237 διὰ
1282 3185 1498 3239 πάντων
1551 3190 1658 3239 τῶν
1717 3183 2034 3241 καλλίστων

2147 1957 2340 2014 facere
2370 1974 2485 2014 non
2517 1955 2811 2029 possunt?
2831 1956 2978 2012 Sunt
3000 1973 3171 2029 porro
3201 1962 3255 2011 et
3287 1956 3519 2013 fuerunt
3541 1955 3641 2027 qui
3674 1970 3798 2010 ma-

2155 2062 2276 2119 lum
2310 2065 2593 2135 majorum
2622 2061 2953 2135 exemplum
3004 2062 3245 2119 minime
3286 2062 3489 2127 secuti,
3518 2062 3670 2118 bona
3701 2061 3797 2117 in-

2153 2170 2283 2228 dole
2313 2170 2476 2241 moti,
2529 2172 2681 2244 frugi
2730 2170 2999 2229 homines
3047 2169 3203 2238 facti,
3252 2168 3638 2226 admiratione
3667 2184 3794 2226 sese

2153 2279 2357 2351 dignos
2406 2279 2784 2336 reddiderunt
2831 2287 2881 2336 et
2931 2279 3166 2352 iniquos
3208 2280 3562 2335 detractores
3601 2285 3654 2334 et
3685 2293 3795 2349 pa-

2154 2393 2347 2444 rentes
2392 2388 2554 2460 ipsos
2603 2387 2819 2458 pudore
2868 2387 3186 2457 replerunt.
3237 2389 3422 2454 Quare
3479 2402 3578 2442 eos
3633 2384 3795 2441 omni

2151 2493 2321 2552 laude
2376 2494 2696 2563 cumulare,
2777 2494 2992 2550 nedum
3068 2493 3142 2550 ob
3209 2496 3518 2565 parentum
3578 2490 3796 2549 scelera

2150 2602 2524 2676 proseindere
2548 2602 2849 2659 debemus.
2883 2600 3160 2658 Periclem
3183 2600 3444 2673 quidem,
3474 2598 3794 2673 Xanthippi

2151 2710 2360 2782 filium,
2383 2719 2436 2767 et
2457 2726 2737 2785 magnum
2760 2709 3103 2782 Pompeium
3127 2708 3227 2780 qui
3250 2707 3398 2765 circa
3421 2708 3620 2764 omnia
3644 2708 3794 2763 inter

2149 2834 2354 2876 omnes
2380 2818 2778 2875 excelluerunt
2805 2825 2861 2874 et
2889 2815 3221 2889 reipublicaa
3252 2815 3503 2872 salutem
3525 2832 3795 2872 summo-

2148 2942 2284 2997 pere
2312 2931 2621 2994 auxerunt,
2653 2924 2899 2982 Romani
2931 2923 3170 2981 maximi
3192 2923 3489 2990 facientes,
3508 2923 3620 2979 sibi
3646 2922 3791 2995 ipsis

2144 3033 2274 3090 laeto
2319 3034 2514 3090 animo
2553 3036 3049 3105 anteposuerunt;
3081 3036 3306 3104 patrem
3336 3033 3554 3098 autem,
3587 3029 3789 3087 homi-

2147 3159 2276 3200 nem
2311 3143 2514 3199 rudem
2548 3141 2691 3198 adeo
2720 3140 2781 3197 in
2803 3141 2936 3197 odio
2958 3139 3305 3207 habuerunt,
3330 3143 3398 3196 ut
3421 3154 3526 3196 nec
3549 3142 3780 3195 mortuo

385 3270 602 3325 πάντων
660 3270 937 3343 ἐκράτουν,
998 3274 1087 3327 καὶ
1144 3273 1213 3327 τὰ
1264 3274 1421 3328 κοινὰ
1498 3272 1739 3346 μάλιστα
1807 3278 2022 3330 πάντων

2145 3253 2522 3325 perceperint,
2578 3252 2676 3308 sed
2727 3266 2758 3306 e
2810 3249 3117 3323 sepulchro
3157 3249 3484 3322 projectum
3529 3248 3779 3321 pessime

384 3358 559 3430 αὔξειν
613 3360 921 3429 ἐπίσταντο,
968 3362 1061 3417 τὸν
1116 3363 1210 3434 μὲν
1275 3362 1532 3438 μεγίστης
1572 3365 1660 3418 καὶ
1711 3366 2025 3436 θαυμαστῆς

382 3450 623 3519 ἠξίωσαν
684 3448 845 3523 δόξης
874 3451 1281 3522 Ῥωμαῖοι,καί
1342 3457 1489 3528 σφῶν
1542 3451 1714 3507 αὐτῶν
1774 3453 1831 3508 εὖ
1877 3453 2025 3527 μάλα

380 3541 797 3614 προύστήσαντο
823 3560 835 3571 ·
868 3544 1124 3595 τοσοῦτον
1153 3543 1289 3615 πρὸς
1318 3541 1409 3595 τὸν
1450 3541 1612 3596 αύτοῦ
1653 3545 1857 3617 πατέρα
1902 3547 2026 3619 τρέ-

380 3650 570 3708 φοντες
617 3636 796 3701 μῖσος,
830 3626 899 3683 δι’
946 3631 1010 3699 ἢν
1058 3630 1205 3705 εἶχεν
1252 3630 1536 3702 ὠμότητα,
1567 3631 1641 3692 ὡς
1703 3630 1844 3705 μηδὲ
1891 3635 2026 3706 μετὰ

376 3718 641 3789 τελευτὴν
697 3719 976 3796 φείσασθαι
1027 3717 1243 3789 τούτου,
1276 3720 1422 3776 ἀλλὰ
1479 3720 1567 3777 καὶ
1624 3724 1809 3797 νεκρὸν
1868 3721 2023 3780 ἐκϐα-

382 3809 593 3877 λόντες,
637 3810 703 3864 τὰ
758 3808 974 3863 πάντων
1022 3809 1170 3881 αὐτῷ
1228 3807 1506 3865 δεινότατα
1563 3814 1910 3885 χρήσασθαι·
1972 3812 2023 3887 ἐξ

378 3898 602 3973 ἐναγοῦς
644 3896 699 3953 δὲ
746 3905 847 3967 τῆς
880 3898 1053 3963 οἶκίας
1083 3897 1158 3952 ὢν
1192 3898 1462 3973 Περικλῆς
1503 3898 1656 3955 οὐδέν
1704 3923 1755 3955 τι
1807 3901 2021 3971 μᾶλλον

378 3988 691 4059 ’Δθηναίοις
735 3990 1015 4060 ἀπηξίωτο
1061 3986 1150 4044 διὰ
1204 3994 1391 4057 ταῦτα,
1432 3991 1559 4046 ἀλλ’
1609 3992 1796 4048 ἅπαντ’
1838 3992 2023 4058 αὐτοῖς

379 4081 470 4147 ἦν,
502 4078 595 4132 καὶ
627 4076 961 4155 δημαγωγὸς
990 4080 1078 4133 καὶ
1124 4076 1381 4151 κηδεμὼν
1426 4080 1516 4134 καὶ
1568 4082 1899 4154 προστάτης,
1931 4084 2024 4138 καὶ

378 4162 701 4237 ξυλλήϐδην
753 4166 944 4234 είπεῖν,
993 4168 1204 4237 ἁπάσης
1253 4167 1549 4231 ἀσφαλείας
1611 4171 1701 4224 καὶ
1752 4172 2022 4247 σωτηρίας

375 4251 674 4327 πρόϐολος.
713 4258 808 4312 Καὶ
844 4259 951 4328 μὴν
982 4257 1162 4330 ὥσπερ
1192 4263 1311 4319 τοῖς
1361 4259 1721 4337 φαυλοτάτοις
1748 4266 1856 4316 τῶν
1889 4263 2025 4318 παί-

378 4344 488 4401 δων
523 4346 621 4400 οὐκ
650 4347 900 4419 ἀξιοῦμεν
930 4347 1066 4401 εἶναι
1096 4347 1231 4420 πρὸς
1262 4345 1416 4417 δόξαν
1447 4349 1546 4415 τήν
1602 4349 1859 4424 πατρῷαν
1905 4351 2021 4420 ἀρε-

372 4438 497 4503 τήν,
532 4434 645 4490 οὐδ’
676 4434 1003 4490 ἐπαινεισθαι
1056 4433 1144 4491 διὰ
1181 4440 1348 4491 ταῦτα
1395 4436 1571 4513 σφίσιν
1622 4437 1842 4511 ἐξέσται,
1876 4439 2024 4497 ἀλλὰ

376 4524 467 4579 καὶ
504 4525 675 4598 μείζω
703 4525 852 4579 ταῦτ’
882 4524 1067 4586 αὐτοῖς
1107 4523 1254 4602 φέρει
1285 4527 1384 4594 τήν
1417 4526 1646 4601 μέμψιν,
1676 4527 1740 4582 τό
1768 4550 1827 4583 τε
1857 4550 2022 4600 πονη-

2134 3359 2452 3416 tractarint.
2503 3358 2753 3415 Pericles
2796 3375 2828 3415 e
2876 3369 3074 3414 contra
3121 3373 3191 3413 ex
3232 3357 3584 3413 infortunato
3617 3360 3777 3428 patre

2133 3466 2417 3524 oriundus
2446 3481 2750 3537 nunquam
2792 3463 3247 3521 Atheniensibus
3277 3461 3595 3534 despicatui
3628 3464 3775 3532 erat,

2132 3574 2251 3631 imo
2279 3574 2476 3632 omnia
2518 3573 2603 3630 eis
2658 3578 2797 3641 erat,
2849 3571 3163 3645 publicola,
3212 3572 3539 3644 prefecius,
3580 3569 3776 3626 omnis

2133 3681 2382 3754 denique
2411 3680 2737 3738 securitatis
2766 3684 2823 3737 et
2866 3679 3077 3737 salutis
3107 3678 3449 3750 sospitator.
3479 3678 3776 3744 Quemad-

2136 3789 2375 3845 modum
2407 3804 2577 3861 porro
2607 3787 2882 3844 nolumus
2913 3802 3121 3858 pravos
3156 3801 3364 3857 pueros
3393 3801 3424 3841 e
3453 3783 3642 3858 gloria
3671 3800 3778 3855 pa-

2135 3900 2297 3953 terna
2337 3897 2591 3953 fructum
2635 3910 2940 3968 usurpare,
2984 3896 3101 3950 imo
3144 3894 3334 3966 magis
3373 3893 3776 3964 vituperamus

2132 4020 2267 4060 cum
2325 4002 2665 4075 parentibus
2724 4006 3180 4073 comparantes;
3233 4000 3317 4057 sic
3375 3998 3781 4056 adolescentes

2133 4111 2278 4166 bene
2326 4110 2558 4178 morati,
2602 4110 2650 4166 si
2684 4110 2945 4182 patribus
2995 4107 3327 4164 illustribus
3372 4106 3494 4162 nati
3525 4110 3685 4173 sunt,
3718 4103 3777 4160 id

2131 4233 2319 4274 unum
2350 4222 2527 4290 agent
2557 4221 2623 4273 ut
2667 4233 2781 4273 non
2823 4216 3014 4273 minus
3056 4228 3233 4287 quam
3277 4214 3569 4287 genitores
3598 4211 3781 4270 bono-

2133 4328 2353 4395 rentur,
2386 4328 2444 4382 et
2473 4328 2628 4381 recte
2657 4323 2915 4396 quidem.
2949 4321 3096 4380 Nam
3136 4336 3243 4378 nec
3284 4321 3469 4379 virtus
3500 4335 3608 4378 nec
3635 4319 3779 4377 vitia

2132 4429 2470 4487 hominibus
2500 4448 2535 4488 a
2563 4434 2776 4487 natura
2804 4429 3069 4503 ingenita
3097 4432 3256 4496 sunt,
3288 4428 3391 4485 sed
3423 4427 3687 4483 studium
3717 4431 3777 4483 et

2128 4537 2296 4596 labor
2339 4539 2651 4612 genuinus,
2707 4538 2863 4611 quod
2901 4539 3099 4597 videre
3140 4537 3277 4594 inde
3319 4541 3410 4594 est
3456 4536 3609 4609 quod
3666 4534 3773 4592 alit

378 4616 510 4689 ροὺς
556 4614 712 4681 εἶναι,
744 4615 806 4669 τό
854 4635 913 4669 τε
964 4616 1039 4687 μή
1073 4619 1153 4686 τῷ
1190 4614 1329 4690 γένει
1378 4611 1708 4688 ξυμϐαίνειν,
1741 4617 1914 4680 οὕτως
1964 4621 2021 4674 oi

2145 4611 2472 4704 nuneribus
2493 4646 2849 4715 honorificis,
2872 4646 3061 4719 panis
3082 4644 3181 4702 alii
3210 4645 3589 4714 afficiuntur;
3614 4641 3771 4716 quod

376 4703 656 4779 σώφρονες
701 4702 791 4756 καὶ
830 4700 1109 4768 ἐπιεικεῖς,
1142 4701 1229 4756 ἐὰν
1274 4701 1363 4757 οὖν
1394 4703 1810 4778 ἐπαινουμένους
1841 4711 2020 4783 σχῶσι

374 4793 635 4866 πατέρας,
669 4787 820 4846 οὐδὲν
860 4793 1022 4860 ἦττον
1075 4788 1286 4865 ἓξουθιν
1336 4793 1369 4847 ἃ
1424 4792 1552 4856 τοὺς
1608 4796 1893 4858 τοιούτους
1942 4784 2065 4852 εί-’

376 4882 497 4949 κὸς,
528 4881 785 4953 τιμᾶσθαι
816 4880 960 4957 λέγω
989 4881 1078 4936 καὶ
1117 4883 1404 4955 τυγχάνειν
1447 4882 1683 4938 ἐπαίκων
1703 4903 1716 4916 ·
1755 4884 1979 4949 εἰκότως
2003 4907 2019 4922 ⁸

378 4969 492 5026 οὔτ’
546 4971 711 5044 ἀρετή
767 4970 869 5046 γάρ
930 4968 1051 5025 οὔτε
1093 4971 1254 5026 κακία
1283 4971 1438 5051 φύσει
1470 4969 1741 5043 δήπουθεν
1768 4980 1886 5034 τοῖς
1925 4977 2020 5029 ἂν-

378 5061 643 5136 θρώποις,
684 5057 832 5114 ἀλλὰ
873 5064 953 5131 τῷ
997 5062 1374 5133 προαιρεῖσθαι
1424 5060 1511 5116 καὶ
1561 5066 1740 5117 πονεῖν
1797 5064 2023 5142 προσγί-

375 5150 600 5224 γνεσθαι
646 5150 869 5226 πέφυκε.
905 5150 1003 5203 Καὶ
1061 5147 1230 5220 δῆλον
1292 5151 1352 5205 ἐκ
1401 5156 1498 5205 τοῦ
1555 5156 1671 5214 τοῖς
1724 5153 1818 5225 μὲν
1864 5154 2019 5228 γέρα,

371 5244 494 5300 τοῖς
542 5234 600 5292 δὲ
646 5237 901 5302 κολάσεις
947 5238 1191 5313 ὡρίσθαι.
1230 5239 1289 5295 Ei
1335 5238 1392 5294 δέ
1434 5261 1497 5315 γε
1526 5239 1681 5320 φύσει
1706 5242 1841 5316 πρὸς
1872 5243 2022 5298 ταῦτ’

371 5328 723 5402 ἐχωροῦμεν,
756 5329 847 5381 καὶ
902 5328 1038 5382 κατὰ
1088 5327 1245 5405 γένος
1300 5328 1490 5404 ἀγαθοὶ
1532 5332 1622 5385 καὶ
1666 5330 1820 5386 κακοί
1877 5353 2019 5396 τινες

370 5414 716 5490 ἧμεν,ούδέν
776 5416 835 5471 ἂν
886 5417 1091 5472 τούτων
1149 5416 1397 5488 ἀπήνταο
1440 5417 1507 5474 τὰ
1560 5421 1665 5495 γὰρ
1720 5421 1866 5496 παρὰ
1919 5425 2019 5487 τῆς

371 5507 586 5586 φύσεως
638 5506 915 5581 ὁποτέρως
965 5505 1024 5561 ἂν
1078 5502 1226 5582 ἔχοι,
1256 5508 1347 5562 καὶ
1390 5510 1481 5563 οἷά
1524 5513 1645 5565 ποτ’
1685 5509 1747 5567 ἂν
1795 5509 1852 5586 ᾖ,
1906 5511 2020 5567 οὐτ’

374 5595 610 5651 ἐπαίνων
642 5591 755 5651 οὔτ’
777 5594 842 5650 αὗ
870 5596 1060 5670 ψόγων
1090 5595 1349 5671 τυγχάνει
1371 5618 1385 5631 ⁸
1416 5596 1504 5653 νῦν
1534 5596 1593 5654 δὶ
1626 5601 1729 5672 έοῖς
1760 5599 1820 5655 ἂν
1851 5599 2024 5675 πράτ-

379 5704 585 5759 τωμεν,
615 5686 681 5741 τὰ
733 5684 828 5760 μὲν
875 5686 1299 5765 στεφανούμεθα,
1332 5686 1399 5742 τὰ
1449 5683 1497 5742 δ’
1524 5686 1797 5764 ὑπέχομεν
1840 5688 2020 5764 δίκην.

2129 4752 2252 4809 fleri
2285 4768 2400 4809 non
2431 4761 2627 4825 posset
2662 4753 2712 4810 si
2758 4752 2951 4811 virtus
2982 4761 3038 4810 et
3065 4752 3208 4810 vitia
3236 4756 3448 4809 natura
3478 4750 3645 4807 nobis
3676 4749 3767 4805 in-

2129 4857 2249 4915 dita
2280 4860 2481 4916 forent.
2534 4861 2683 4917 Hinc
2730 4869 2949 4917 natura
2998 4861 3149 4917 dona
3199 4876 3305 4917 nec
3350 4858 3626 4915 laudibus
3665 4872 3773 4913 nec

2128 4964 2552 5035 vituperatione
2582 4966 2755 5041 digna
2785 4970 2965 5035 sunt;
3001 4982 3106 5038 pro
3134 4966 3207 5021 iis
3241 4971 3438 5022 autem
3472 4980 3601 5036 quas
3630 4979 3771 5036 pro-

2130 5071 2257 5141 prio
2289 5071 2469 5129 Marte
2501 5074 2753 5147 agimus,
2801 5075 2903 5128 aut
2948 5087 3295 5128 coronamur
3323 5075 3427 5127 aut
3465 5069 3643 5125 etiam
3673 5084 3774 5124 ca-

2132 5180 2442 5252 stigamur.
