4154 6216
425 340 539 403 531

429 576 577 635 nihil
607 577 967 641 refutamus;
999 591 1096 630 eos
1125 573 1399 632 omnibus
1429 577 1595 629 terris
1627 574 1954 630 commodis
1985 573 2072 628 di-

432 701 580 759 gnos
622 699 951 750 censemus,
1001 698 1105 738 nec
1159 687 1353 737 tamen
1399 696 1498 737 eos
1528 696 1775 752 quorum
1811 681 2074 736 membra

432 790 705 849 mutilata
734 794 892 857 sunt,
941 789 1196 846 ludibrio
1225 788 1440 845 habere
1471 804 1685 860 eosque
1716 788 1789 844 ob
1821 787 2074 844 infortu-

435 898 598 956 nium
622 898 987 955 subsannare
1008 895 1442 961 debemus,imo
1461 895 2073 952 consolationeeorum

434 1008 664 1064 animos
696 1006 945 1062 mulcere
974 1004 1160 1073 decet,
1212 1004 1388 1075 idque
1435 1018 1501 1060 eo
1546 1003 1753 1076 magis,
1786 1003 1938 1073 quod
1971 1019 2078 1059 nos

431 1114 577 1187 ipsis
607 1112 821 1169 malam
854 1117 1072 1168 sortem
1105 1111 1352 1182 experiri
1392 1110 1734 1183 poterimus.
1767 1109 2077 1180 Nunquam

434 1222 615 1294 igitur
643 1222 1059 1292 desperemus;
1098 1235 1330 1291 semper
1370 1217 1565 1274 verbis
1613 1234 1679 1273 ac
1720 1216 1888 1272 factis
1927 1217 2083 1286 ejus-

438 1329 595 1386 modi
655 1328 997 1384 miserorum
1077 1326 1339 1381 animum
1400 1325 1714 1393 elevamus,
1768 1324 2080 1380 Timonem

434 1434 830 1493 Echecratidae
862 1433 1045 1489 ﬁlium
1079 1433 1151 1489 ob
1181 1430 1380 1489 oculos
1414 1436 1716 1505 pauentes,
1768 1446 1840 1486 ne
1870 1430 1930 1486 in
1964 1430 2075 1485 isto

438 1559 633 1601 rerum
663 1540 1003 1597 discrimine
1033 1538 1402 1596 semimortui
1445 1538 1673 1595 vivendi
1712 1552 1922 1593 causas
1951 1552 2085 1609 per-

439 1652 602 1708 dant.
633 1649 743 1714 Qui
771 1648 926 1704 enim
962 1652 1228 1703 mortuus
1260 1646 1412 1703 male
1439 1646 1625 1713 audit,
1644 1645 1767 1715 jam
1801 1660 1918 1699 non
1950 1659 2084 1698 mrs-

440 1762 529 1814 ret
559 1757 631 1812 ob
661 1772 787 1813 eam
822 1772 965 1811 rem.
997 1755 1055 1809 Si
1102 1759 1301 1810 autem
1343 1752 1552 1819 oculis,
1584 1758 1686 1808 aut
1714 1750 1950 1808 auribus
1982 1754 2086 1806 aut

441 1863 700 1937 quolibet
750 1878 921 1918 sensu
974 1861 1234 1933 privatus
1281 1868 1365 1915 est
1403 1858 1616 1930 aliquis
1647 1859 1995 1914 acerrimum
2026 1856 2087 1912 in
2118 1837 2165 1901 Β

444 1986 579 2028 eum
621 1970 802 2026 telum
859 1969 1354 2039 intorqueremus,
1420 1965 1638 2021 malum
1688 1964 1833 2020 illud
1893 1965 2091 2021 convi—

444 2080 650 2136 ciando
680 2077 1083 2134 obtrudentes.
1116 2076 1210 2133 Sic
1249 2076 1403 2132 enim
1443 2072 1799 2130 infelicitatis
1840 2074 2092 2145 pondere

451 2190 627 2245 etiam
661 2188 844 2259 magis
876 2189 1317 2259 premerentur;
1357 2183 1533 2255 idque
1562 2196 1629 2239 eo
1658 2183 1844 2255 magis
1872 2187 2091 2254 quanto

448 2296 643 2351 minus
673 2293 867 2360 amici,
899 2292 1123 2348 inimici
1165 2292 1287 2362 jam
1339 2290 1497 2357 facti,
1545 2287 1960 2345 consolabundi
1991 2303 2091 2342 ne-

444 2401 567 2462 scio
601 2419 743 2459 num
792 2419 895 2475 per
943 2400 1218 2457 invidiam
1265 2400 1337 2455 ad
1380 2414 1476 2454 eos
1507 2398 1811 2453 accedunt.
1841 2396 1898 2450 Si
1932 2395 2086 2452 enim

446 2513 611 2567 nefas
639 2516 719 2566 est
751 2507 904 2565 malo
933 2506 1127 2578 aliquo
1158 2510 1389 2562 vexatos
1419 2504 1671 2560 ludibrio
1711 2503 1923 2559 habere
1948 2501 2089 2572 (quo

444 2620 579 2691 quid
613 2615 775 2672 aliud
803 2631 981 2687 quam
1032 2630 1138 2670 nos
1184 2613 1344 2684 ipsos
1374 2608 1921 2680 incriminaretur?)
1951 2622 2092 2664 sane

446 2741 684 2781 necesse
702 2729 791 2779 est
811 2727 873 2778 ut
891 2722 1180 2790 eiusmodi
1203 2722 1376 2793 nugis
1398 2719 1812 2786 valedioentes,
1834 2717 2091 2772 humane

447 2848 548 2890 eos
602 2836 919 2888 tractemus
967 2828 1066 2901 qui
1111 2844 1145 2884 a
1191 2828 1425 2883 fortuna
1474 2825 1625 2880 male
1682 2825 2003 2891 habentur;
2036 2826 2095 2879 et

445 2944 652 2996 contra
680 2937 834 2993 enim
863 2933 1088 3008 agendo
1117 2933 1233 2989 illis
1253 2933 1489 3005 quidem
1514 2932 1653 2987 mali
1677 2930 1822 2986 nihil
1852 2930 2091 2998 faciunt,

447 3063 512 3103 se
540 3047 703 3119 ipsos
732 3051 926 3102 autem
962 3041 1371 3115 imprudentia:
1395 3045 1453 3097 et
1486 3037 1934 3095 Inhumanitatis
1964 3052 2093 3093 reos

446 3156 838 3220 ostenderent,
888 3169 1000 3223 quo
1049 3150 1195 3206 nihil
1244 3148 1503 3204 stultius.
1536 3147 1595 3203 Si
1627 3146 1900 3218 deinceps
1932 3143 2085 3216 leges

448 3262 655 3318 divina
685 3260 1029 3333 praecipiunt
1058 3264 1123 3315 ut
1154 3259 1225 3314 iis
1245 3257 1342 3328 qui
1372 3257 1592 3312 laadunt
1612 3256 1758 3310 bene
1784 3254 2085 3320 faciamus,

446 3386 623 3443 quam
652 3368 971 3424 vindictam
1008 3368 1216 3423 eisdem
1267 3368 1503 3420 sument
1545 3365 1614 3418 de
1642 3378 1708 3418 eo
1739 3362 1838 3433 qui
1872 3377 1973 3432 pro
2003 3361 2093 3417 in-

443 3477 809 3535 humanitate
857 3492 962 3532 sua
995 3473 1264 3531 homines
1296 3471 1694 3529 misericordia
1742 3469 1952 3542 dignos
1998 3468 2091 3523 lu—

445 3586 634 3642 dibrio
658 3582 916 3640 habent?
947 3583 1095 3649 Quia
1125 3581 1172 3636 si
1207 3580 1317 3654 ipsi
1341 3583 1399 3636 in
1418 3580 1677 3635 eamdem
1703 3576 2089 3633 calamitatem

447 3693 763 3751 incidunt?
790 3694 848 3750 Si
872 3692 1089 3747 mimus
1112 3692 1258 3746 dura
1274 3694 1381 3758 est,
1410 3688 1738 3745 tolerabunt
1762 3703 1777 3754 ;
1802 3686 1849 3741 si
1872 3684 2089 3757 gravis,

450 3820 565 3878 quo
596 3808 762 3874 pacto
796 3818 908 3857 non
942 3801 1015 3857 iis
1044 3800 1144 3870 qui
1173 3798 1357 3854 vexati
1391 3802 1530 3852 sunt
1559 3793 1941 3853 sublevandis
1962 3808 2093 3861 Ope-

447 3930 572 3969 ram
605 3914 854 3979 dabunt,
886 3925 1175 3966 memores
1205 3912 1489 3980 quantum
1538 3909 1697 3977 ipsos
1727 3919 2007 3971 aerumna,
2040 3902 2092 3957 si

450 4022 756 4091 accideret,
784 4015 1183 4091 opprimeret?
1212 4017 1475 4072 Humane
1516 4014 1698 4087 igitur
1736 4013 1835 4084 qui
1867 4026 2092 4066 meren-

448 4133 566 4194 tur,
597 4126 1031 4199 tergiversando
1080 4123 1378 4197 improbos
1426 4125 1759 4177 tractemus.
1802 4116 1927 4173 Illis
1955 4134 2094 4171 con-

449 4234 750 4289 solationis
781 4249 846 4288 ac
894 4232 1159 4287 fraternis
1209 4227 1508 4286 charitatis
1558 4228 1726 4298 signa
1754 4224 2091 4291 olferamus,

445 4344 752 4397 verborum
802 4337 1257 4397 consolatorium
1313 4334 1571 4393 medulla
1619 4333 1835 4389 malam
1888 4345 2093 4388 eorum

448 4456 668 4509 sortem
702 4449 1047 4507 alleviaturi.

1731 334 2123 398 THEODULI
2167 335 2516 403 MONACHI

500 471 589 526 18.
621 469 739 528 Nos
769 468 1003 541 quidem
1051 466 1145 535 iis,
1195 468 1266 523 de
1311 465 1524 538 quibus
1564 466 1710 523 bene
1739 467 2071 538 opinamur,
2102 472 2157 538 Α

3704 343 3819 405 532

2263 470 2352 537 ιη’.
2381 472 2584 544 ’Ὠσπερ
2636 467 2693 526 δὲ
2737 472 2825 532 οἷς
2867 471 2932 527 τὰ
2981 470 3251 528 κάλλιστα
3292 472 3563 545 σύνισμεν,
3607 474 3826 532 τούτοις

2182 556 2433 631 ἀξιοῦμεν
2486 557 2517 612 ἃ
2577 561 2840 633 προσήκει
2903 562 3230 636 κεχρῆσθαι,
3278 560 3370 615 γαὶ
3439 562 3538 630 τήν
3603 568 3829 634 νομιζο-

2191 648 2353 718 μένην
2392 654 2509 709 τοῖς
2551 649 2825 708 τοιοῦτοις
2885 647 3204 705 ἀποδιδόναι
3251 652 3442 725 φορὰν,
3476 650 3646 715 οὕτως
3701 653 3827 707 ὅταν

2188 736 2531 792 οὑστινασοῦν
2606 741 2714 791 τῶν
2782 758 2833 791 τι
2890 743 2987 793 τοῦ
3063 739 3319 811 σώματος
3394 739 3832 815 πεπηρωμένους

2189 826 2401 898 ὁρῶμεν
2448 827 2549 881 οὐκ
2614 823 2897 897 ὀνειδίζειν
2962 825 3076 883 οὐδ’
3133 827 3441 909 ἐπιχαίρειν
3491 830 3677 892 αὐτοῖς
3737 830 3836 898 τὴν

2186 915 2468 993 συμφορὰν
2517 910 2921 990 ἐπιτρίϐοντας,
2973 915 3118 973 ἀλλά
3174 920 3267 975 καὶ
3324 917 3679 995 συνάχθεσθαι
3729 916 3836 987 δεῖ,

2185 1005 2275 1058 καὶ
2343 1001 2433 1059 διά
2499 1005 2712 1060 πάντων
2777 1006 2957 1076 ἀξιοῦν
3033 1008 3401 1081 προμηθείας,
3462 1008 3579 1082 οὐχ
3651 1009 3839 1077 ἥκισθ’

2188 1096 2347 1166 ἡμῶν
2413 1095 2589 1148 αὐτῶν
2652 1094 2858 1150 τούτων
2927 1096 3354 1171 φροντίζοντας’
3427 1096 3668 1169 μάλιστα
3742 1098 3839 1171 μὲν

2190 1181 2272 1237 ὅτι
2323 1180 2441 1245 δὲος
2492 1184 2552 1237 ὃν
2603 1185 2679 1256 μή
2726 1190 2843 1246 τοῖς
2893 1185 3076 1247 αὐτοῖς
3122 1207 3254 1242 ποτε
3299 1187 3387 1241 καὶ
3420 1184 3572 1243 αῦτοῖ
3605 1186 3839 1262 περιπέ-

2191 1292 2393 1345 σωμεν,
2441 1277 2547 1326 τῶν
2593 1271 3032 1350 ἀναγκαιοτάτων
3084 1274 3193 1330 ἐστὶ
3259 1282 3529 1351 χρησταῖς
3597 1275 3839 1330 ἐντεῦθεν

2189 1365 2307 1422 ταῖς
2382 1359 2565 1417 ἐλπίσι
2622 1366 2830 1437 συζῆν
2888 1359 3056 1419 ἔπειτ’
3114 1363 3175 1419 οὐ
3248 1364 3410 1438 μόνον
3463 1366 3526 1422 τὸ
3585 1365 3841 1442 συγγενὲς

2190 1450 2280 1504 καὶ
2338 1450 2473 1505 κατά
2526 1451 2683 1528 φύσιν
2746 1450 2950 1507 οἰκεῖον
3007 1454 3158 1508 ταῦτ’
3191 1453 3267 1519 είς
3320 1455 3518 1518 αὐτοὺς
3569 1455 3661 1510 καὶ
3718 1453 3841 1510 δια-

2189 1541 2422 1593 νοεῖσθαι
2479 1540 2569 1594 καὶ
2626 1539 2876 1615 πράττειν
2955 1542 3031 1605 ὡς
3102 1540 3325 1615 μάλιστ’
3382 1544 3634 1618 ἐπαίρειν
3697 1543 3845 1600 ἀλλά

2193 1628 2283 1685 καὶ
2334 1628 2528 1684 τούτου
2584 1629 2783 1706 χωρὶς,
2840 1630 2930 1686 καὶ
3000 1631 3222 1705 Τίμωνα
3298 1634 3388 1689 τὸν
3446 1631 3843 1709 Ἐχεκρατίδου

2194 1718 2330 1791 πρὸς
2360 1718 2452 1773 τὸν
2487 1717 2663 1774 αὐτῶν
2709 1720 2888 1775 οἶκτον
2938 1719 3329 1777 ἐπισπάσασθαι
3378 1722 3439 1779 ἄν
3488 1743 3593 1795 μοο
3641 1719 3842 1777 δοκοῦ-

2197 1826 2301 1876 σιν,
2334 1804 2507 1868 οὕτως
2546 1805 2752 1870 ἀθλίως
2796 1810 2887 1863 καὶ
2943 1811 3036 1866 τὸν
3095 1810 3269 1866 αὐτῶν
3318 1808 3841 1885 ἠκρωτηριασμένοι

2200 1896 2341 1969 βίον,
2383 1897 2472 1951 καὶ
2531 1894 2681 1959 ὄντες
2749 1898 2825 1960 ὡς
2883 1899 3051 1954 εἰπεῖν
3107 1902 3445 1972 ἡμιθνῆτες·
3515 1900 3706 1976 ὅτιπερ
3768 1898 3844 1961 εἷς

2200 1988 2401 2053 ζῶντας
2464 1983 2653 2048 ἄλλως
2700 1985 2981 2051 τελοῦντες
3026 1990 3241 2045 τεθνᾶσι
3293 1989 3472 2061 τούτῳ
3519 1993 3597 2062 τῷ
3646 1986 3839 2062 μέρεισ

2200 2075 2246 2147 ᾧ
2277 2075 2363 2129 καὶ
2402 2073 2619 2147 μάλιστ’
2650 2073 2709 2131 ἄν
2752 2098 2833 2138 τις
2881 2077 3108 2141 εἰκότως
3152 2077 3374 2154 ἀλγήσῃ
3401 2098 3413 2111 ⁸
3468 2077 3617 2153 εἴπερ
3671 2079 3701 2134 ὁ
3752 2078 3842 2152 μὲν

2200 2165 2426 2227 τεθνεὼς
2474 2164 2569 2219 κᾶν
2605 2166 2860 2240 μυριάκις
2905 2168 3078 2243 ἀκούῃ
3126 2172 3328 2236 κακῶς,
3362 2166 3517 2224 οὐδὲν
3560 2164 3670 2223 ἔστ’
3703 2167 3847 2240 αὐτῷ

2196 2254 2364 2311 πλέον
2429 2255 2766 2325 ἀναισθήτως
2838 2259 3076 2333 καθάπαξ
3151 2252 3380 2333 ἔχοντι’
3442 2256 3568 2313 ὅταν
3638 2254 3701 2314 δέ
3762 2279 3843 2318 τις

2199 2346 2322 2418 περὶ
2353 2344 2673 2420 όιρθαλμοῦς
2704 2344 2738 2413 ἢ
2767 2347 2882 2402 ὦτα
2930 2347 2964 2416 ἤ
3010 2348 3114 2402 τιν’
3143 2346 3322 2417 ἄλλην
3374 2346 3621 2419 αἴσθησιν
3666 2347 3705 2423 ᾗ
3755 2349 3844 2423 βε-

2200 2429 2545 2508 ϐλαμμένος,
2614 2437 2933 2509 προσθήκην
3017 2443 3118 2505 τῆς
3206 2443 3488 2513 συμφορᾶς
3570 2434 3844 2507 τοῦνειδος

2198 2519 2437 2598 δέχεται,
2481 2523 2572 2578 καὶ
2622 2521 2853 2587 διπλοῦς
2896 2525 3175 2602 ὑφίσταται
3236 2524 3420 2601 βέλος,
3459 2524 3522 2580 τό
3575 2528 3622 2580 θ’
3677 2526 3845 2587 οὕτως

2197 2612 2287 2666 καὶ
2345 2614 2420 2685 μὴ
2469 2618 2586 2674 τοῖς
2644 2611 2839 2678 ἄλλοις
2882 2608 3031 2690 ἔχειν
3079 2613 3214 2670 κατά
3260 2615 3448 2681 ταυτά,
3479 2616 3540 2671 τό
3573 2616 3618 2671 θ’
3671 2614 3842 2678 οὕτως

2198 2699 2370 2777 ἔχων,
2403 2701 2465 2756 οὐ
2497 2699 3022 2777 παραμυθουμένους
3065 2701 3193 2758 ἀλλ’
3223 2705 3607 2780 ἐπιχαίροντας
3652 2703 3803 2779 ἔχειν
3827 2724 3839 2737 ·

2198 2791 2275 2844 ὦν
2323 2783 2483 2867 ἔγωγ’
2513 2790 2573 2845 ἃν
2617 2788 2794 2860 ἡδέως
2842 2790 3143 2865 πυθοίμην,
3174 2793 3359 2867 πότερ’
3388 2794 3576 2854 αὐτοῖς
3623 2795 3840 2856 τούτοις

2198 2884 2317 2943 τοῖς
2347 2881 2493 2937 ταῦτ’
2520 2878 2709 2955 ἔχουσι
2747 2886 3060 2954 νεμεσῶσιν.
3094 2881 3158 2939 Εἰ
3213 2882 3307 2955 μὲν
3355 2882 3458 2959 γὰρ
3506 2888 3621 2946 τοῖς
3676 2881 3837 2958 ἔχου-

2201 2989 2304 3037 σιν,
2368 2970 2469 3024 οὐκ
2523 2967 2631 3025 ἔδει
2689 2967 2867 3041 δήπου
2932 2973 3083 3027 ταῦτ’
3136 2970 3320 3034 αὐτοῖς
3397 2973 3701 3046 προτείνειν
3767 2972 3841 3035 εἷς

2199 3054 2431 3129 ὄνειδος,
2460 3058 2575 3129 ἐξὸν
2622 3064 2757 3139 σφᾶς
2808 3058 2995 3121 ἄλλως
3034 3060 3269 3129 κακίζειν
3299 3081 3311 3093 ·
3343 3058 3492 3117 ἀλλὰ
3544 3062 3652 3134 μὴν
3687 3060 3742 3119 εἴ
3782 3081 3840 3139 γε

2201 3152 2316 3209 τοῖς
2377 3145 2564 3203 πᾶθεσι
2624 3150 2913 3225 φήσουσιν,
2953 3150 3152 3223 ἀνάγκη
3215 3152 3359 3205 πᾶσα
3409 3148 3477 3205 τά
3536 3152 3630 3224 μὲν
3702 3152 3838 3209 ἀπο-

2203 3240 2511 3314 πρὲρεσθαι
2568 3238 2656 3293 καὶ
2714 3240 2893 3316 φαῦλα
2948 3240 3213 3313 νομίζειν,
3261 3245 3377 3303 τοῖς
3438 3239 3495 3296 δὲ
3552 3240 3835 3319 συναλγεῖν

2199 3326 2277 3390 εἷς
2362 3329 2508 3383 ταῦτ’
2578 3326 2938 3403 ἐμπεσοῦσιν·
2992 3329 3187 3385 οὐκοῦν
3273 3333 3354 3392 οἷς
3437 3332 3534 3406 μὲν
3618 3333 3838 3408 θάτερον

2201 3419 2530 3493 ἀναιροῦσιν,
2581 3416 2860 3492 οὐδέτερον
2913 3418 3048 3474 κατὰ
3107 3420 3270 3497 λόγον
3328 3425 3613 3479 ποιοῦσιν·
3648 3423 3739 3484 οἷς
3788 3419 3843 3475 δί

2198 3509 2326 3568 τοὺς
2376 3506 2552 3569 οὕτως
2610 3503 2840 3585 ἔχοντας
2898 3506 3187 3581 κωμῳδεῖν
3243 3510 3355 3567 ἀντὶ
3411 3508 3509 3565 τοῦ
3557 3509 3838 3587 συναλγεῖν

2198 3597 2428 3668 ἀξιοῦσι,
2459 3596 2585 3661 τοὺς
2617 3599 2713 3671 μὲν
2763 3596 2916 3654 οὐδὲν
2969 3600 3150 3654 ὁτιοῦν
3201 3598 3433 3656 ἐντεῦθεν
3486 3601 3836 3676 ἐργάζονται·

2201 3687 2348 3763 σφίσι
2395 3685 2440 3742 δ’
2494 3689 2679 3750 αὐτοῖς
2725 3687 2949 3764 ἀλογίαν
2995 3688 3086 3745 καὶ
3137 3692 3543 3764 μισανθρωπίαν
3585 3692 3652 3747 τὰ
3701 3690 3837 3747 πάν-

2199 3797 2307 3830 των
2360 3774 2615 3852 αἴσχιστα
2666 3782 3020 3852 μαρτυροῦσι.
3076 3779 3267 3837 Καίτοι
3317 3779 3364 3835 εί
3411 3779 3538 3842 τοὺς
3593 3777 3839 3837 ἀδικοῦν-

2201 3886 2296 3928 τας
2356 3864 2412 3919 εῦ
2468 3871 2644 3921 ποιεῖν
2704 3866 2840 3921 θεῖοι
2889 3866 3349 3942 παρακελεύονται
3379 3865 3564 3942 νόμοι,
3595 3869 3657 3925 τὸ
3719 3868 3839 3930 τοὺς

2202 3952 2309 4028 οὐχ
2341 3952 2489 4016 ὅπως
2521 3950 2675 4009 οὐδὲν
2716 3952 3060 4027 ἀδικοῦντας,
3091 3954 3237 4013 ἀλλὰ
3287 3958 3374 4013 καὶ
3424 3954 3513 4013 διὰ
3549 3957 3649 4025 τὴν
3703 3978 3838 4025 συμ-

2202 4051 2371 4121 φορὰν
2426 4040 2613 4106 ἐλέους
2686 4043 2866 4114 ἀξίους
2946 4045 3292 4119 μυκτηρίζειν
3364 4045 3456 4101 καὶ
3524 4040 3836 4101 διαϐάλλειν

2201 4133 2491 4207 αἱρεῖσθαι,
2549 4130 2746 4201 ἡλίκον
2806 4133 2986 4189 θεόθεν
3064 4133 3200 4190 οἴσει
3258 4135 3349 4190 τὸν
3400 4131 3665 4209 ὅλεθρον;
3719 4133 3839 4201 Φέρ’

2202 4218 2290 4275 ἐὰν
2350 4219 2397 4275 δ’
2444 4220 2523 4283 εἷς
2579 4223 2727 4277 ταῦτ’
2776 4221 2960 4284 αὐτοῖς
3024 4222 3358 4296 ἐμπεσοῦσι,
3405 4224 3619 4280 τοῦτονὶ
3675 4243 3836 4300 προσ-

2203 4312 2402 4389 ενεχθῇ
2434 4329 2516 4373 τις
2547 4311 2637 4366 τὸν
2666 4310 2887 4385 τρόπον,
2919 4312 3037 4375 πῶς
3067 4309 3276 4383 ἕξουσιν
3303 4333 3316 4345 ’
3352 4315 3397 4368 εἰ
3448 4314 3542 4387 μὲν
3593 4314 3840 4376 ἐπιεικῶς

2203 4401 2291 4455 καὶ
2344 4398 2600 4474 μετρίως,
2659 4398 2784 4456 οὐδὲ
2838 4400 3063 4466 τούτους
3119 4401 3264 4465 εέκὸς
3342 4404 3428 4467 οἷς
3497 4402 3690 4475 ἀμέλει
3744 4403 3838 4458 πά-

2207 4508 2402 4564 σχουσι
2435 4486 2805 4564 δυσχεραίνειν
2831 4508 2845 4520 ’
2881 4490 2927 4545 εἰ
2958 4487 3014 4547 δὲ
3071 4488 3288 4547 πολλοῦ
3323 4512 3387 4567 γε
3434 4491 3524 4547 καὶ
3567 4496 3665 4547 τοῦ
3713 4513 3838 4547 παν-

2122 4578 2292 4645 Πτὸς
2351 4576 2498 4656 σφίσι
2557 4575 2737 4650 δεήσει
2795 4580 2860 4634 τά
2912 4581 3118 4635 τοιαῦτ’
3177 4581 3525 4659 ἀνασχέσθαι,
3571 4584 3688 4644 πῶς
3749 4579 3841 4636 οὐκ

2202 4667 2419 4729 ἀτόπως
2470 4666 2663 4743 ἔχουσι
2711 4668 2861 4725 ταῦτ’
2887 4667 2963 4731 εἷς
3000 4668 3126 4732 τοὺς
3175 4667 3380 4733 ἀλλους
3424 4676 3599 4727 ποιεῖν
3637 4671 3837 4743 ἀξιοῦν·

2198 4776 2308 4826 τες,
2369 4759 2443 4812 ὢν
2495 4756 2583 4812 ἒάν
2642 4759 2764 4815 ποτ’
2822 4756 2977 4814 αὐτοὶ
3028 4760 3351 4831 πειραθῶσι,
3413 4760 3694 4838 συμφορὰν
3748 4781 3839 4816 νο-

2174 4850 2429 4919 ,μιοῦσι;
2486 4846 2582 4901 Διά
2626 4843 2693 4917 δὴ
2762 4851 2928 4903 ταῦτα
3004 4846 3237 4919 κελεύω,
3292 4848 3355 4904 τὸ
3416 4849 3515 4921 μὶν
3570 4848 3838 4905 τουτοισὶν

2201 4932 2532 5010 ἐπιχαίρειν,
2590 4936 2676 4997 οἷς
2730 4937 2840 5011 οὐχ
2896 4936 3046 5000 ὅπως
3103 4938 3301 5006 ἥκιστα
3350 4938 3565 4994 πάντων
3622 4937 3840 5018 ἐπιχαί-

2207 5044 2341 5098 ρειν,
2371 5024 2519 5080 ἀλλὰ
2576 5026 2664 5080 καὶ
2723 5025 2963 5099 μάλιστα
3008 5026 3250 5100 πάντων,
3281 5029 3368 5090 οἷς
3408 5028 3583 5091 οὕτως
3631 5022 3836 5106 ἔχουσι,

2208 5115 2568 5190 συνάχθεσθαι
2628 5114 3001 5191 χρὴ,χαίρειν
3058 5117 3297 5187 καθάπαξ
3356 5116 3485 5188 ὲᾷνσ
3515 5118 3578 5173 τὸ
3634 5115 3692 5173 δὲ
3746 5119 3837 5181 τῆς

2200 5203 2410 5258 τούτων
2470 5205 2814 5278 παραμυθίας
2873 5205 3292 5277 ἀντιποιεῖσθαι,
3339 5206 3429 5262 καὶ
3487 5203 3578 5262 διὰ
3636 5205 3837 5263 πάντων

2204 5292 2277 5346 ὧν
2334 5289 2501 5364 ἔξεστι
2557 5293 2786 5365 ταυτησὶ
2847 5291 3015 5369 λόγον
3076 5296 3374 5360 ποιεῖσθαι,
3406 5293 3530 5370 περὶ
3581 5297 3722 5352 πάνυ
3760 5315 3836 5350 τοι

2202 5379 2463 5436 πλείστου
2522 5384 2818 5451 ποιεῖσθαι,
2872 5387 3087 5457 πρῶτον
3154 5387 3248 5459 μὲν
3316 5382 3456 5441 ’ίλεω
3513 5383 3604 5440 καὶ
3667 5382 3839 5440 οἴκτου

2207 5470 2409 5541 μεστὴν
2483 5471 2673 5533 αὐτοῖς
2747 5471 3092 5552 εἰσφέροντας
3157 5475 3406 5550 γνώμην,
3477 5468 3664 5530 ἔπειτα
3733 5477 3841 5532 ταῖς

2205 5564 2314 5623 τῶν
2374 5560 2552 5636 λόγων
2612 5559 2877 5635 ἐπῳδαῖς,
2931 5564 3022 5620 καὶ
3082 5564 3244 5641 ῥᾴους
3306 5562 3543 5623 ἐντεῦθεν
3599 5562 3843 5623 τουτουσὶ

2216 5648 2596 5713 καθιστάντας.
