4154 6216
281 357 394 422 533

1271 363 1561 426 ORATIO
1607 360 1710 426 DE
1750 361 2270 462 SU'BDYI‘ORUM
2314 360 2668 421 OFFICIIS.

3553 352 3672 417 534

356 494 438 548 ιϐ’.
489 491 783 566 Ἐχόμενον
835 490 880 548 δ’
925 492 988 548 ἂν
1037 493 1119 565 εἴη
1169 494 1258 550 καὶ
1307 496 1432 568 περὶ
1479 498 1587 551 τῶν
1634 492 1912 551 δουλεύειν

2026 497 2180 574 ξε19.
2217 500 2258 552 E
2285 513 2348 554 re
2389 493 2594 567 utique
2622 498 2712 550 est
2743 493 2851 550 hoc
2881 493 3008 549 loco
3041 489 3111 548 de
3153 489 3332 548 servis
3361 487 3674 562 loqui,lqui

285 579 586 656 εἰληχότων
620 580 653 635 ἃ
709 580 791 636 δεῖ
842 580 1112 638 διελθεῖν’
1164 585 1251 638 καὶ
1303 585 1404 659 γὰρ
1457 581 1523 652 δὴ
1583 589 1691 639 τῶν
1742 584 1917 640 αὐτῶν

283 669 366 724 καί
420 669 568 724 οὗτοι
623 677 742 732 τοῖς
799 673 904 744 πρὸ
963 671 1140 728 αὐτῶν
1194 669 1390 746 ἀμέλει
1449 676 1764 746 πειρῶνται,
1823 673 1914 728 καὶ

279 781 392 821 πως
440 757 802 834 παραπλησίᾳ
846 766 1094 837 χρῶνται
1141 767 1210 838 τῇ
1261 769 1430 838 τύχῃ,
1482 762 1663 838 ὥσπερ
1721 763 1917 818 ἐκεῖνοι

281 851 340 906 τὸ
370 855 546 924 σῶμα,
579 851 656 914 ὡς
687 849 864 908 δὲκαὶ
918 854 1068 910 οὗτοι
1107 855 1206 924 τήν
1243 853 1498 931 σφετέραν
1541 855 1718 911 αὐτῶν
1757 853 1919 910 ἐλευ-

280 939 450 1014 θερίαν
501 939 577 1001 ὡς
625 939 684 995 ἃν
731 962 816 1003 τις
861 943 986 1016 ain;
1029 939 1439 1016 πεπηρωμένοι,
1493 943 1582 1000 καί
1629 944 1776 1018 παρὰ
1820 944 1916 1006 τὰς

279 1033 372 1095 τῆς
427 1029 638 1104 φύσεως
685 1027 1036 1095 δουλεύοντες
1076 1034 1334 1109 ψήφους*
1385 1035 1420 1103 ἡ
1474 1035 1568 1106 μὲν
1611 1033 1714 1107 γὰρ
1762 1031 1916 1092 ἐλευ-

282 1115 460 1191 θέρους
509 1117 716 1182 πάντας
774 1119 1094 1196 ἀνθρώπους
1144 1121 1392 1198 εἴργαστο
1449 1123 1548 1190 τὴν
1600 1123 1801 1199 ἀρχὴν,
1837 1126 1918 1194 τῷ

282 1207 355 1277 μὴ
407 1207 499 1262 τὸν
554 1209 650 1281 μὲν
705 1208 943 1282 μᾶλλον,
990 1211 1080 1267 τὸν
1115 1208 1161 1267 δ’
1191 1214 1374 1282 ἦττον,
1419 1210 1564 1268 ἀλλᾶ
1611 1213 1814 1272 πάντας
1866 1209 1917 1282 ἐξ

279 1293 392 1350 ἴσου
457 1299 570 1352 τῶν
629 1302 758 1372 παρ’
817 1298 983 1368 αὐτῆς
1038 1300 1260 1372 ἀξιῶσαι
1334 1299 1424 1355 καὶ
1497 1301 1633 1355 κατὰ
1721 1299 1914 1356 ταυτὸν

279 1385 480 1458 ἑκάστῳ
531 1381 601 1454 δὴ
653 1383 963 1462 διανεῖμαι⁶
1013 1392 1084 1458 τῇ
1133 1390 1278 1465 τύχῃ
1313 1387 1371 1444 δὲ
1416 1390 1506 1445 καὶ
1535 1395 1654 1451 ταῖς
1698 1396 1798 1457 τῆς
1829 1389 1916 1443 τύ·

277 1493 381 1549 χης
433 1483 697 1550 στροφαῖς
737 1477 827 1532 καὶ
875 1482 954 1550 τῷ
997 1476 1260 1552 μηδέποτ’
1299 1479 1350 1534 ἐν
1396 1483 1578 1552 ταυτῷ
1625 1478 1693 1535 τὰ
1737 1479 1916 1553 πράγ-

281 1583 420 1638 ματα
464 1565 665 1637 μένειν,
705 1565 834 1623 ἀλλ’
874 1564 984 1622 ἅνω
1030 1570 1120 1623 καὶ
1163 1570 1311 1624 κάτω
1361 1567 1608 1644 φέρεσθαι
1658 1570 1748 1623 καὶ
1799 1586 1918 1643 χω-

277 1661 408 1730 ρεῖν,
439 1657 468 1710 6
501 1657 600 1729 μὲν
641 1655 909 1728 δεσπότης
951 1660 978 1713 6
1017 1656 1076 1714 δὲ
1110 1657 1310 1722 δοῦλος
1359 1661 1589 1730 κατέστη
1615 1678 1629 1692 ο
1679 1657 1917 1732 ἐπίδοξοί

275 1765 413 1807 τινες
471 1741 650 1816 ὄντες,
697 1747 788 1802 καὶ
835 1747 986 1802 αὐτοὶ
1047 1748 1224 1822 σφίσιν
1279 1748 1465 1809 αὐτοῖς
1509 1753 1617 1804 τῶν
1663 1747 1914 1802 ἐναντίων

275 1835 389 1930 ποτ’
427 1832 488 1888 ἃν
555 1839 932 1930 πεπειρᾶσθαι,
983 1837 1071 1893 καὶ
1123 1839 1220 1906 τήν
1269 1835 1538 1930 ἀλλήλων
1583 1836 1912 1906 ἀλλάξασθαι
1947 1863 1992 1930 Β

273 1922 442 1998 τύχην
477 1926 621 1980 κατὰ
655 1927 718 1981 τὸ
765 1931 872 1980 τῶν
924 1937 1262 2003 πραγμάτων
1314 1922 1604 2000 ξυμϐαῖνον
1633 1945 1646 1957 '
1701 1925 1912 1999 μᾶλλον

277 2009 330 2066 δὲ
374 2010 651 2084 δεσπότην
705 2015 799 2088 μὲν
851 2014 911 2070 ἂν
961 2014 1092 2070 αὐτὸ
1140 2019 1307 2070 ταῦτο
1357 2017 1524 2090 μόνον
1575 2013 1918 2072 ούδοντινοῦν

274 2105 378 2156 τῶν
428 2103 686 2159 ἁπάντων
739 2101 854 2159 οὐδ’
907 2103 965 2159 ἂν
1017 2107 1095 2167 εἷς
1147 2103 1364 2160 δύναιτο
1425 2104 1638 2176 δεῖξαι·
1685 2105 1916 2168 δούλους

275 2187 320 2245 δ’
347 2192 614 2262 ἅπαντας,
657 2195 876 2256 πάντες.
927 2194 1040 2251 Κᾶν
1088 2194 1192 2270 γὰρ
1230 2197 1328 2264 τήν
1380 2197 1600 2251 ἁπασῶν
1652 2197 1916 2272 μεγίστην

271 2279 448 2356 ἄρχῃς
511 2281 736 2357 λαχὼν,
791 2281 880 2339 καί
941 2285 1113 2347 οὕτως
1166 2283 1322 2340 οὐδὲν
1375 2283 1586 2358 μᾶλλον
1637 2284 1919 2360 ἐλεύθερος

271 2369 328 2424 ἂν
373 2371 516 2442 εἴης,
562 2371 688 2427 ἀλλ’
740 2373 815 2436 είς
869 2371 1102 2435 δούλους
1153 2375 1382 2438 τελεῖς·’
1416 2375 1564 2449 ἀρχῇ
1615 2373 1914 2447 δουλεύων,

269 2459 357 2515 καὶ
420 2466 500 2534 τῷ
575 2467 732 2537 κοινῇ
801 2461 1015 2520 πάντων
1081 2463 1284 2519 ἐθέλειν
1354 2465 1713 2540 προῒσταοθαι
1747 2485 1760 2499 ο
1827 2462 1918 2518 καὶ

268 2559 455 2608 σιωπῶ
513 2555 728 2631 τρυφήν
775 2575 835 2610 τε
883 2556 970 2610 καὶ
1021 2557 1117 2618 τὰς
1186 2555 1283 2611 οὐκ
1341 2555 1733 2629 ἐπαινουμένας
1782 2553 1919 2626 ἡδο-

269 2641 374 2711 ἑὰς,
405 2643 496 2697 καὶ
547 2643 704 2697 πάνθ’
741 2639 918 2715 ἕτερα,
945 2645 1022 2706 οἷς
1067 2641 1266 2716 ἀναδκη
1323 2643 1600 2701 δουλεύειν
1650 2644 1776 2710 τοὺς
1825 2642 1916 2699 οὔ·

267 2751 369 2792 τως
399 2725 661 2806 ἔχοντας.
698 2731 846 2802 Φησὶ
895 2737 1027 2808 γοῦν
1069 2731 1367 2808 Εὐριπίδης
1409 2733 1591 2798 καλῶς
1644 2754 1706 2810 γε
1745 2731 1917 2807 λέγων

267 2821 350 2875 καὶ
379 2828 479 2890 τῆς
516 2829 708 2890 κοινῆς
742 2819 904 2892 δόξης
933 2822 1096 2894 ἀξίως
1119 2844 1132 2855 ·
1169 2848 1196 2876 ‹‹
1231 2827 1341 2879 Φεῦ
1369 2826 1379 2880 !
1415 2823 1513 2880 οὐκ
1539 2817 1652 2878 ἔστι
1705 2825 1914 2894 θνητῶν

267 2908 324 2972 ’ὀς
349 2907 456 2966 ἐστ’
509 2909 798 2985 ἐλεύθερος
827 2930 839 2943 ·
876 2935 906 2963 ››
955 2911 990 2983 ἢ
1052 2912 1356 2988 χρημάτων
1405 2912 1506 2988 γὰρ
1557 2911 1666 2967 ἐστι
1718 2909 1916 2974 δοῦλος

267 3000 298 3069 ἢ
343 2999 522 3075 τύχης
575 3001 611 3071 ἢ
655 2999 794 3056 ὅτων
857 2999 918 3055 ἂν
968 3023 1052 3064 τις
1097 3003 1187 3057 καὶ
1241 3004 1447 3076 φήσαιο
1500 3003 1546 3057 εἰ
1603 3001 1660 3057 δὲ
1715 3003 1916 3076 τρόπον

265 3083 441 3164 ἓτερον
507 3089 803 3166 ἄρχοντες,
887 3087 1068 3165 ἕτερον
1153 3092 1356 3168 τρόπον
1434 3091 1740 3166 ἀρχόμεθα,
1828 3091 1917 3148 καὶ

265 3180 400 3232 τοῦθ’
453 3179 529 3234 ὼν
583 3177 806 3250 ἀληθῶς
857 3181 1072 3253 μᾶλλον
1114 3183 1170 3252 ii’
1215 3187 1385 3251 κεῖνο,
1438 3179 1637 3238 δίκαιοι
1695 3182 1916 3244 πάντως

265 3266 416 3342 ἐσμὲν
470 3270 548 3333 ὥς
627 3271 774 3345 παρὰ
849 3271 1004 3349 φύσιν
1075 3269 1410 3341 κατέστημεν
1494 3271 1779 3348 ἄρχοντες,
1835 3276 1913 3342 τῷ

263 3359 452 3420 πάντας
505 3359 846 3434 ἐλευθέρους,
879 3361 956 3424 ὡς
1003 3355 1162 3438 ἔφην,
1214 3359 1264 3434 ἐξ
1315 3361 1491 3436 ἀρχῆς
1543 3363 1909 3438 γεγενῆσθαι·

261 3447 460 3504 τούτων
519 3451 613 3505 καὶ
673 3447 739 3520 δὴ
785 3451 922 3506 κατὰ
969 3449 1126 3526 φύσιν
1175 3449 1342 3526 λόγου
1391 3451 1682 3520 ποιεῖσθαι,
1727 3449 1916 3506 καὶτὰ

261 3538 554 3614 γιγνόμενα
621 3541 886 3615 χρῆσθαι,
969 3540 1059 3596 καὶ
1149 3541 1226 3614 μὴ
1311 3541 1643 3596 παντάπασιν
1725 3539 1912 3600 αὐτοῖς

262 3627 584 3697 ἐπικεῖσθαι,
643 3627 776 3704 μηδ’
845 3625 1140 3704 ἐπιτρίϐειν
1202 3629 1405 3686 ἐθέλειν
1463 3628 1551 3685 διὰ
1606 3631 1704 3699 τήν
1755 3632 1915 3702 ἡμῶν

260 3738 314 3774 τε
356 3719 625 3776 κᾶκείνων
667 3719 962 3776 ἀντίπαλον
1008 3720 1210 3796 τύχην,
1269 3719 1398 3776 ἀλλ’
1449 3722 1527 3776 ὅσ’
1576 3719 1760 3783 αὐτοῖς
1806 3711 1912 3788 ἕξε-

263 3828 340 3862 στι
383 3809 474 3864 καὶ
525 3807 718 3864 δίδωσι
768 3809 832 3867 τὸ
883 3809 1025 3874 εἰκὸς
1079 3811 1472 3882 ἐπιτάττοντες,
1527 3807 1693 3884 μηδὲν
1729 3805 1915 3863 ἔπειτα

261 3902 870 3978 προσπεριεργάζεσθαι,
919 3899 1050 3976 μηδ’
1107 3902 1319 3977 ἀγνοεῖν
1381 3901 1485 3956 ὑπὸ
1560 3907 1660 3970 τῆς
1719 3895 1915 3954 δεσπο-

260 3987 397 4052 τείας
438 3993 541 4059 τήν
593 3989 768 4070 φύσιν,
824 3991 1006 4062 ὥσπερ
1064 3991 1115 4046 οἷ
1177 3991 1460 4065 μεθύοντες
1517 3998 1644 4052 τούς
1686 3988 1866 4044 αὐτῶν
1898 4006 1910 4018 ·

261 4076 400 4135 ἀλλὰ
426 4080 491 4134 τὸ
525 4079 625 4153 μὲν
671 4077 1110 4158 ἀφιλανθρώπως
1157 4080 1352 4142 αὐτοὺς
1398 4077 1573 4155 ἴσχειν
1629 4079 1718 4133 καὶ
1769 4077 1915 4152 παρά

258 4169 318 4223 τὸ
379 4165 497 4225 δεον
559 4169 836 4244 ἐπιτιμᾷν,
885 4169 976 4225 καί
1033 4165 1220 4245 ὕϐρεσι
1268 4169 1518 4238 πλύνειν,
1568 4167 1765 4224 καὶτὰ
1803 4164 1911 4222 δει-

259 4257 449 4314 νότατα
501 4258 768 4328 ἀπειλεῖν,
817 4261 908 4316 καὶ
957 4264 1247 4338 μαστιγοῦν
1289 4260 1380 4316 καὶ
1430 4257 1538 4315 δεῖν
1610 4258 1701 4314 καὶ
1753 4277 1915 4332 στρε-

261 4341 421 4404 ϐλοῦν
472 4349 564 4404 καὶ
621 4349 812 4420 ξαίνειν
862 4351 998 4405 κατὰ
1025 4354 1123 4406 τοῦ
1170 4351 1346 4406 νώτου
1385 4347 1619 4420 πολλὰς,
1659 4345 1748 4404 καὶ
1803 4346 1912 4420 μήν

258 4435 344 4492 καὶ
393 4443 512 4500 τοῖς
584 4438 716 4514 ὑπὲρ
793 4436 1024 4514 δύναμιν
1104 4439 1376 4517 ἐγχειρεῖν
1459 4436 1684 4500 τούτους
1758 4456 1916 4492 κατα-

260 4527 564 4603 ναγκάζειν,
615 4527 661 4582 εἷ
705 4527 796 4582 καὶ
845 4532 952 4584 τῶν
1003 4530 1144 4584 πάνυ
1193 4550 1279 4584 τοι
1328 4531 1500 4584 ταῦτα
1548 4524 1754 4594 δεινῶν,
1785 4522 1912 4581 ἀλλ’

261 4611 350 4670 οὖν
387 4616 606 4694 φορητά
649 4617 768 4680 πώς
825 4616 936 4673 ἐστι
977 4615 1064 4673 διὰ
1110 4621 1210 4689 τήν
1253 4617 1454 4693 τύχην.
1509 4637 1530 4666 ι
1587 4616 1656 4672 Δῖ
1703 4617 1761 4670 αἴ
1787 4613 1912 4690 γὰρ,
1945 4587 1991 4652 D

259 4705 412 4782 φησί,
441 4705 508 4760 τὸ
557 4703 755 4762 δοῦλον
807 4705 882 4770 ὡς
930 4712 1111 4771 κακῶς
1140 4707 1430 4788 πεφυκέναι
1465 4725 1478 4739 ·
1509 4705 1744 4780 τολμᾶθ⁹
1764 4703 1798 4758 ἃ
1826 4702 1902 4776 μὴ

259 4794 370 4871 χρὴ
399 4798 470 4870 τῇ
507 4795 602 4870 βίᾳ
626 4795 949 4872 νικώμενον.
972 4821 1003 4850 ››

327 4890 373 4938 κθ
443 4886 606 4940 σιοταν
861 4887 877 4908 \
971 4892 999 4903 ~
1102 4884 1129 4942 δ
1307 4892 1335 4902 ~
1437 4881 1462 4905 )1
1679 4884 1700 4902 η
1845 4880 1904 4918 ηρ

378 4928 391 4941 ο
789 4907 877 4943 και
933 4909 1042 4943 των
1135 4907 1378 4943 εσποτων
1437 4905 1576 4941 εστιν
1651 4905 1702 4938 οι
1777 4901 1903 4944 του...

262 4973 627 5050 γιγνομέγους
667 4979 775 5032 τῶν
825 4976 1006 5032 πόνων
1064 4978 1312 5050 μισθοὺς,
1359 4977 1486 5037 τοὺς
1535 4975 1630 5047 μὲν
1669 4971 1720 5046 ἐξ
1766 4975 1908 5045 ἡμι-

263 5061 423 5130 σείας,
485 5065 611 5127 τοὺς
671 5063 730 5120 δὲ
802 5067 890 5121 καὶ
968 5067 1208 5138 καθάπαξ
1289 5067 1604 5138 ἀποστερεῖν
1683 5060 1906 5118 οἴωνται

264 5147 392 5218 δεῖν,
423 5154 512 5207 καὶ
573 5151 805 5218 δούλους
857 5155 1000 5231 λέγω
1052 5157 1142 5212 καὶ
1193 5154 1379 5218 ἄλλως
1428 5151 1742 5226 ἐλευθέρους
1790 5171 1906 5225 μεν,

264 5239 364 5295 ὑπὸ
413 5239 470 5296 δὲ
518 5242 701 5307 πενίας
750 5245 840 5300 καὶ
882 5247 945 5300 τὸ
997 5243 1164 5320 μηδὲν
1223 5239 1370 5326 ἔχειν
1440 5241 1906 5319 ἀναγκαζομένους

266 5331 613 5408 μισθοφορεῖν
663 5334 916 5391 ἑκάστοτε
970 5335 1062 5391 καὶ
1118 5340 1323 5406 πονεῖν,
1387 5334 1476 5390 καὶ
1541 5333 1696 5389 πάνθ’
1776 5329 1908 5404 ὑπὲρ

261 5423 354 5473 τοῦ
405 5421 522 5475 καθ’
578 5424 789 5498 ἡμέραν
852 5423 972 5499 βίου
1023 5425 1112 5480 καὶ
1175 5425 1463 5502 βούλεσθαι
1539 5423 1626 5479 καὶ
1714 5424 1910 5489 ποιεῖν,

264 5509 384 5564 ὅταν
414 5507 508 5564 οὖν
559 5520 893 5588 παρανομεῖν
939 5517 1006 5571 τὰ
1069 5519 1296 5570 τοιαῦτα
1343 5515 1708 5590 προάγωνται,
1763 5513 1916 5566 τοῦτ’

263 5591 371 5652 ἔστι
427 5601 493 5655 τὸ
554 5601 791 5678 μάλιστα
847 5605 1060 5662 πάντων
1113 5605 1507 5683 ἀπηχθημένον
1567 5607 1709 5675 Θεῷ,
1748 5601 1838 5656 καὶ
1889 5601 1918 5654 ὃ

271 5686 401 5762 μηδ’
458 5689 518 5746 ἃν
571 5693 646 5758 εἶς
703 5714 799 5769 μοι
858 5692 1012 5752 δοκεῖ
1061 5695 1141 5770 μὴ
1204 5693 1288 5750 ὅτι
1337 5695 1524 5751 παθεῖν
1569 5689 1919 5766 ἀνασχέσθαι,

2022 605 2224 664 eadem
2254 610 2407 661 sorte
2447 618 2562 673 qua
2612 601 2862 672 majores
2902 601 3170 668 utuntur,
3215 600 3272 653 et
3319 596 3444 668 qui,
3476 597 3526 652 si
3574 593 3674 652 isti

2021 727 2285 782 corpore,
2343 708 2605 766 libertate
2672 723 2779 766 sua
2836 705 3088 762 mutilati
3147 703 3328 762 videri
3404 705 3670 774 possunt,

2024 823 2221 888 utpote
2251 821 2465 884 contra
2495 819 2708 870 natura:
2761 813 2916 885 leges
2951 812 3012 868 in
3043 812 3376 868 servitutem
3427 807 3671 866 redacti-

2023 925 2153 982 Haec
2183 940 2379 982 omnes
2431 921 2700 978 homines
2747 939 2780 976 a
2830 919 3114 992 principio
3168 917 3386 974 liberos
3435 915 3672 984 creavit,

2024 1051 2130 1090 nec
2159 1032 2260 1090 ulli
2313 1031 2703 1104 privilegium,
2737 1029 2838 1086 sed
2879 1027 3271 1100 aequalitatem
3323 1023 3672 1082 conditionis

2024 1140 2252 1197 cunctis
2296 1139 2660 1212 impertivit;
2719 1136 2824 1194 sed
2873 1136 3113 1192 fortunae
3169 1131 3674 1191 vicissitudinibus

2022 1265 2151 1321 quas
2196 1264 2284 1304 res
2316 1262 2618 1318 nunquam
2664 1245 2866 1302 eodem
2919 1243 3044 1300 loco
3097 1241 3414 1298 consistere
3453 1239 3672 1306 sinunt,

2024 1355 2171 1413 alius
2203 1355 2500 1422 dominus,
2533 1354 2682 1410 alius
2721 1369 2924 1409 servus
2955 1351 3164 1408 evasit.
3198 1350 3349 1407 Sunt
3397 1363 3534 1404 sane
3573 1347 3674 1418 qui

2024 1463 2180 1520 mala
2204 1463 2317 1534 ipsi
2347 1462 2502 1534 passi
2535 1465 2674 1518 sunt
2703 1465 2761 1518 et
2792 1461 2936 1516 alios
2984 1463 3050 1515 ut
3099 1459 3292 1514 minus
3343 1458 3678 1529 paterentur

2023 1570 2416 1643 impedierunt
2449 1587 2463 1638 ;
2497 1568 2725 1627 domini
2757 1572 2911 1625 certe
2945 1565 3317 1639 privilegium
3343 1580 3534 1631 nemo,
3557 1579 3672 1621 ser-

2022 1679 2229 1736 vitutis
2253 1679 2644 1736 conditionem
2669 1691 2874 1734 omnes
2900 1673 3406 1732 demonstrabant.
3433 1671 3676 1727 Etiamsi

2025 1787 2180 1844 enim
2209 1803 2454 1843 summas
2484 1802 2680 1844 rerum
2715 1783 3072 1858 potitus-sis,
3109 1780 3490 1838 nihilominus
3529 1778 3677 1835 liber

2029 1913 2142 1954 non
2171 1911 2354 1961 esses,
2385 1895 2502 1950 imo
2533 1894 2774 1953 eervires
2804 1897 2862 1949 et
2891 1893 3035 1966 ipse,
3067 1889 3202 1960 quia
3229 1887 3476 1961 imperio
3497 1885 3676 1942 servis

2025 2008 2082 2060 et
2119 2002 2257 2075 quia
2289 2001 2564 2058 omnibus
2595 2017 2840 2073 praeesse
2889 1999 2994 2054 vis.
3052 1995 3364 2054 Luxuriem
3414 1994 3570 2050 enim
3621 1994 3680 2048 et

2027 2108 2380 2180 voluptatem
2411 2111 2468 2164 et
2497 2109 2704 2164 caetera
2734 2105 2931 2162 omnia
2961 2102 3192 2162 silentio
3225 2109 3524 2176 praetereo,
3555 2097 3673 2170 qui-

2026 2217 2135 2273 bus
2192 2217 2378 2272 virum
2434 2217 2494 2272 in
2551 2213 2650 2272 tali
2684 2213 3018 2272 conditione
3048 2211 3430 2268 constitutum
3462 2207 3679 2264 servire

2029 2340 2264 2380 necesse
2293 2329 2402 2379 est.
2450 2323 2690 2394 Egregie
2723 2323 2900 2392 igitur
2931 2319 3263 2391 Euripides:
3299 2317 3446 2374 Proh
3490 2314 3675 2383 dolor,

2028 2431 2241 2502 inquit,
2276 2446 2448 2487 nemo
2478 2435 2568 2486 est
2613 2430 2778 2485 liber.
2827 2431 2940 2485 Aut
2985 2428 3142 2484 enim
3192 2425 3518 2481 divitiarum
3572 2428 3676 2478 aut

2027 2557 2144 2597 sua;
2175 2538 2347 2598 sortis
2378 2543 2477 2595 aut
2507 2537 2820 2611 cujuslibet
2849 2537 2929 2594 rei
2981 2551 3183 2594 servus
3228 2538 3334 2590 est.
3369 2531 3429 2589 Si
3481 2537 3674 2588 autem

2027 2665 2144 2705 uno
2191 2647 2361 2704 modo
2411 2647 2824 2717 gubernamus,
2875 2645 3052 2702 altero
3102 2643 3502 2716 gubernamur
3545 2639 3676 2710 (hoc

2027 2761 2220 2814 autem
2249 2756 2438 2828 potius
2469 2771 2648 2828 quam
2679 2753 2870 2824 illud),
2902 2756 2962 2809 et
3008 2751 3088 2808 sic
3117 2750 3204 2807 vel
3255 2752 3457 2806 contra
3504 2750 3676 2802 natu-

2027 2847 2151 2920 ram
2182 2862 2602 2936 gubernatores
2640 2859 3058 2916 constituimus
3089 2857 3252 2929 quia,
3285 2859 3349 2909 ut
3395 2853 3674 2922 diximus,

2027 2987 2060 3026 a
2089 2970 2370 3042 principio
2401 2985 2608 3026 omnes
2637 2967 2802 3024 liberi
2835 2967 2953 3022 nati
2987 2980 3212 3020 sumus.
3246 2962 3414 3018 Absit
3437 2979 3468 3018 ι
3499 2959 3668 3018 nobis

2027 3075 2200 3134 sortis
2239 3074 2706 3148 superioritatem
2759 3075 3128 3146 usurpantes,
3162 3069 3420 3141 regimen
3474 3068 3534 3123 in
3573 3083 3672 3123 eos

2026 3199 2292 3242 exercere
2319 3199 2530 3255 eosque
2559 3181 2910 3255 opprimere,
2941 3179 3041 3236 sed
3090 3175 3442 3249 obsequium
3491 3173 3672 3231 ratio-

2027 3291 2222 3348 nabile
2247 3292 2320 3348 iis
2352 3291 2742 3363 imponamus,
2777 3303 2881 3344 nec
2912 3285 3181 3358 gubernii
3213 3283 3432 3341 limites
3483 3289 3676 3339 trans-

2021 3398 2376 3472 grediamur,
2445 3413 2562 3454 non
2606 3397 2728 3466 jam
2780 3393 2966 3450 nostri
3026 3396 3344 3462 compotes,
3396 3392 3460 3446 ut
3505 3387 3673 3446 ebrii.

2023 3509 2248 3562 Interea
2277 3521 2412 3560 vero
2441 3519 2636 3560 servos
2669 3501 2990 3557 inhumane
3021 3501 3297 3566 tractant,
3333 3496 3463 3569 plus
3507 3497 3672 3570 justo

2021 3609 2208 3664 verbis
2255 3609 2564 3681 castigant,
2617 3605 2927 3672 insultant,
2980 3604 3304 3671 minantur,
3353 3601 3668 3674 ﬂagellant,

2022 3717 2332 3773 tormentis
2379 3719 2608 3784 vexant,
2657 3715 2827 3771 dorso
2869 3712 3067 3786 plagas
3116 3710 3406 3784 plurimas
3453 3709 3669 3780 impin-

2023 3829 2190 3896 gunt,
2219 3825 2289 3880 ab
2319 3824 2392 3880 iis
2424 3825 2576 3896 quod
2607 3823 2760 3879 vires
2809 3819 3166 3877 transcendit
3212 3819 3470 3889 exigunt.
3521 3813 3668 3878 Quid

2024 3931 2180 3988 enim
2210 3932 2238 3988 ?
2269 3931 2640 3988 tolerandum
2663 3933 2776 3998 est,
2809 3936 2957 3984 sorte
2989 3928 3072 3982 ita
3103 3924 3350 3982 volente.
3385 3922 3673 3987 Quantum

2024 4041 2268 4110 malum,
2293 4041 2436 4112 prob
2468 4039 2655 4108 dolor,
2679 4037 2752 4094 ad
2767 4035 3100 4094 servitutem
3131 4033 3291 4090 nasci
3317 4033 3330 4089 ί
3361 4030 3666 4088 ferendum

2022 4153 2112 4206 est
2139 4148 2297 4220 quod
2326 4148 2381 4203 vi
2411 4146 2592 4204 averti
2625 4144 2846 4218 nequit.

2087 4927 2178 4983 20.
2220 4926 2460 4992 Quando
2505 4925 2755 4996 despotaa
2795 4922 2977 4994 aliqui
3025 4920 3309 4977 mercedis
3358 4934 3458 4990 pro
3506 4917 3666 4974 labo-

2026 5035 2188 5090 ribus
2217 5033 2494 5107 pmstitis
2523 5031 2730 5087 debitae
2779 5035 2880 5086 aut
2923 5033 3144 5101 partem
3197 5031 3298 5082 aut
3343 5030 3527 5080 totum
3577 5038 3669 5080 re—

2021 5145 2323 5212 scindunt,
2365 5143 2487 5199 sive
2535 5157 2731 5197 servos
2775 5138 2894 5195 sive
2941 5137 3156 5194 liberos
3209 5153 3275 5192 eo
3322 5134 3475 5207 quod
3525 5133 3668 5204 ipsis

2025 5252 2271 5310 debetur
2299 5249 2610 5322 privantes,
2644 5247 2742 5320 qui
2772 5251 2968 5303 tamen
2997 5247 3069 5303 ob
3100 5247 3417 5318 egestatem
3449 5253 3668 5298 rerum‘

2025 5379 2138 5434 que
2168 5360 2470 5434 penuriam
2506 5358 2770 5415 laborare
2797 5357 2853 5411 vi
2884 5355 3066 5413 coacti
3116 5353 3363 5422 debent;
3414 5351 3536 5424 qui,
3570 5349 3667 5404 in-

2023 5487 2218 5544 quam,
2261 5469 2349 5526 his
2393 5469 2453 5525 in
2499 5469 2673 5522 rebus
2722 5465 2940 5536 injuste
2989 5471 3188 5536 agunt,
3241 5477 3365 5519 rem
3427 5456 3665 5519 Numini

2026 5579 2219 5636 divino
2249 5573 2680 5634 odiosissimam
2713 5571 2953 5642 faciunt,
2984 5576 3040 5628 et
3087 5585 3264 5644 quam
3305 5585 3409 5626 nec
3455 5565 3660 5635 oculis,

2029 5703 2134 5745 nec
2179 5686 2416 5744 auribus
2465 5685 2714 5758 perferre
2759 5679 2928 5739 volet.
2960 5677 3260 5748 Quomodo
3315 5676 3471 5735 enim
3526 5690 3662 5732 cum
