3982 6216
427 353 544 416 535

431 598 734 656 laboribus
767 599 1093 655 modestare
1123 601 1181 654 et
1228 613 1403 670 supra
1450 613 1628 668 quam
1684 596 1770 651 fas
1820 598 1909 650 est
1953 599 2077 650 tor-

432 726 631 782 quere,
661 710 780 764 imo
823 709 1037 780 pugnis
1067 709 1284 764 cedere
1315 707 1344 761 ?
1387 707 1610 762 Siccine
1661 705 1926 761 homines
1975 701 2077 774 qui

433 833 533 890 pro
563 817 826 889 improbo
859 817 1056 894 labore
1084 815 1347 870 meritam
1368 815 1689 869 mercedem
1715 815 2073 882 exspectant,

432 927 601 1000 quasi
632 945 692 984 re
723 926 872 984 male
902 934 1068 999 gesta
1093 941 1304 982 vacuos
1335 923 1626 979 dimittere
1645 921 1673 976 ‘l
1721 921 1940 978 Siccine
1979 935 2077 974 eos

432 1037 532 1108 qui
567 1036 710 1091 nulli
737 1033 1026 1106 ejusmodi
1058 1031 1218 1106 operi
1247 1037 1480 1104 tempus
1511 1047 1576 1087 ac
1606 1030 1756 1086 vires
1795 1029 2080 1084 dederunt

431 1159 710 1215 prospera
742 1143 798 1198 in
829 1143 1060 1198 fortuna
1091 1156 1323 1212 ponere,
1357 1145 1413 1194 et
1453 1139 1580 1194 vitae
1629 1135 1906 1192 aerumnis
1955 1133 2082 1189 exi-

434 1266 592 1306 mere
620 1257 678 1306 et
706 1250 823 1305 otio
855 1249 1028 1304 vitam
1074 1248 1318 1304 inertem
1368 1245 1690 1316 transigere
1722 1264 1737 1310 ;
1789 1242 2082 1297 modestos

433 1373 566 1414 vero
597 1358 740 1414 istos
771 1355 1155 1415 mercenarios
1193 1360 1396 1410 contra
1417 1355 1516 1424 jus
1547 1353 1752 1424 fasque
1800 1349 1870 1405 ad
1905 1347 2082 1402 imam

437 1465 734 1522 miseriam
785 1463 1188 1520 crudelissime
1241 1461 1526 1528 detrusos,
1578 1457 1842 1514 mercede
1889 1454 2086 1510 debita

437 1571 718 1646 privare?
769 1573 982 1628 Horum
1035 1571 1270 1642 quidem
1331 1567 1636 1625 hominum
1688 1565 1735 1621 si
1783 1563 2084 1620 adversam

439 1687 733 1742 fortunam
767 1682 936 1737 nobis
968 1677 1372 1736 commiserari
1408 1675 1560 1743 licet,
1591 1677 1838 1730 tortores
1886 1683 2085 1728 eorum

439 1798 594 1850 certe
625 1791 757 1848 odio
787 1790 1022 1857 habere,
1047 1788 1334 1844 malorum
1367 1787 1700 1841 damonum
1733 1781 1857 1837 loco
1877 1793 2091 1852 ponere

445 1901 801 1973 permissum
833 1901 943 1966 est,
977 1897 1076 1969 qui
1127 1895 1389 1952 subditos
1439 1893 1591 1950 male
1635 1895 1884 1946 tractare
1933 1887 2086 1942 haud

452 2010 828 2072 erubescunt,
849 2003 1068 2062 nullam
1097 2004 1202 2060 sibi
1235 2001 1518 2058 rationem
1547 1997 1896 2056 reddendam
1929 1998 2095 2050 autu-

447 2119 647 2184 mant;
682 2131 844 2171 versa
867 2113 1017 2170 enim
1041 2111 1162 2168 vice
1184 2108 1558 2166 humaniores
1591 2121 1651 2162 se
1679 2121 1744 2161 ac
1777 2101 2094 2158 misericor-

446 2227 638 2282 diores
677 2227 1034 2296 prastarent.
1071 2221 1250 2276 Parva
1277 2217 1432 2275 enim
1475 2225 1528 2272 et
1569 2229 1776 2288 parum
1818 2212 2097 2267 duratura

447 2337 587 2390 sunt
619 2349 746 2405 quae
779 2330 1180 2386 fraudulenter
1211 2325 1396 2382 servis
1429 2324 1548 2380 suis
1579 2322 1796 2393 eripere
1841 2318 2097 2384 audent;

1729 347 2128 410 THEODULI
2173 344 2518 407 MONACHI

429 493 654 550 ratione
681 491 768 548 vel
797 491 925 565 ipsa
955 491 1318 548 humanitate
1357 489 1626 560 congruit
1652 488 1896 544 miseros
1923 486 2066 542 istos
2099 539 2105 554 ,

2218 485 2305 541 λλ’
2366 482 2478 539 οὐδ’
2528 485 2602 544 εἰς
2649 483 2818 548 ἀκοὴν
2869 479 3014 539 δλως
3063 474 3315 549 δεδέχθαι
3351 495 3364 508 ο

3697 333 3799 392 536

3413 476 3520 526 ποῦ
3566 471 3666 544 γάρ
3707 469 3802 524 ἐστι

2185 573 2346 650 λόγον
2401 577 2595 642 σῶζον,
2649 568 2864 644 μᾶλλον
2905 565 2962 622 δὲ
3009 571 3123 628 πῶς
3175 566 3277 619 οὐκ
3307 560 3505 616 ἄτοπον
3541 559 3629 614 καὶ
3661 560 3804 632 ὑπερ-

2183 667 2333 742 φυὲς,
2391 663 2516 723 τοῦς
2576 662 2670 734 μὲν
2723 657 3108 733 ταλαιπώρους
3174 653 3399 714 τούτους
3467 649 3805 724 κατατρύχων

2183 761 2302 814 τοῖς
2341 751 2545 828 ἔργοις,
2595 752 2680 806 καὶ
2741 749 2908 823 μηδὲν
2941 747 3180 824 ἀνάγκης
3223 743 3642 820 μηδοπωστιοῦν
3678 737 3806 792 ἀνιέ-

2184 868 2290 912 ναι,
2339 843 2485 898 ἀλλᾶ
2529 841 2619 896 καὶ
2667 837 3004 909 κονδυλίζειν
3063 834 3205 892 ἔστιν
3246 836 3333 890 ὅτε
3371 832 3462 888 καὶ
3494 833 3667 886 παίειν
3698 849 3710 862 θ
3741 829 3808 882 ὧν

2187 935 2244 992 δὲ
2296 936 2454 1012 χάριν
2511 937 2760 1004 πονοῦσι,
2817 932 2891 1005 μή
2953 929 3098 984 ταῦτ’
3170 926 3360 986 αὐτοῖς
3427 921 3684 997 παρέχειν
3733 918 3808 973 αἱ-

2189 1027 2415 1102 ρεῖσθαι,
2459 1022 2602 1078 ἀλλά
2651 1023 2754 1096 πρὸ
2807 1021 2898 1094 μὲν
2959 1023 3066 1074 τῶν
3107 1012 3280 1092 ἔργων
3338 1013 3562 1086 μισθοὺς
3613 1031 3810 1082 μνημο-

2186 1115 2356 1171 νεύειν
2415 1112 2502 1167 καὶ
2551 1113 2872 1181 καταθήσειν
2929 1109 3146 1186 φάσκειν
3216 1103 3474 1176 ἑτοίμως,
3533 1095 3712 1154 ἔπειτα
3764 1095 3812 1151 δὲ

2189 1209 2263 1268 ὼς
2311 1202 2643 1274 ἠδικηκότας
2703 1201 2884 1262 κενοὺς
2944 1199 3342 1270 ἀποπέμπεινς
3427 1191 3520 1251 οὕς
3597 1209 3659 1262 γε
3735 1189 3812 1241 καὶ

2194 1292 2364 1369 μηδὲν
2421 1316 2470 1349 τι
2517 1295 2762 1347 τοιοῦτον
2803 1291 2864 1345 τὸ
2913 1290 3162 1363 παρᾶπαν
3214 1284 3663 1359 ὲργαζουμένους,
3703 1275 3813 1332 ἀλλ’

2193 1386 2321 1440 αὐτὸ
2379 1387 2538 1438 τοῦτο
2592 1381 2750 1454 μόνον
2800 1377 2952 1448 πενίᾳ
2999 1381 3292 1446 οῦζῶντας,
3344 1370 3401 1426 εὖ
3461 1372 3688 1444 πάσχειν
3727 1364 3814 1420 ὑπὸ

2193 1479 2299 1531 τῶν
2355 1473 2598 1548 ἐχόντων
2651 1470 2844 1544 ἐχρῆν,
2877 1468 2966 1522 καὶ
3019 1468 3094 1539 μή
3155 1462 3506 1537 περιορᾶσθαι
3541 1477 3553 1490 ·
3601 1455 3816 1531 μάλιστα

2198 1567 2290 1638 μὶν
2345 1561 2432 1618 διὰ
2485 1563 2583 1632 τὴν
2621 1559 2764 1614 οὕτω
2817 1555 3142 1613 κελεύουσαν
3182 1551 3436 1620 ἐντολήν,
3481 1547 3590 1623 οὐχ
3639 1543 3820 1615 ἥκιστα

2198 1653 2254 1710 δὶ
2301 1655 2388 1708 καὶ
2435 1650 2523 1708 διὰ
2579 1651 2679 1720 τήν
2723 1645 3256 1722 ἐπαμφοτερίζουοαν
3335 1641 3584 1696 ἑκάστοτε
3661 1635 3819 1710 τυχην

2197 1747 2288 1800 καὶ
2341 1744 2462 1803 τοὺς
2513 1744 2613 1796 τοῦ
2667 1737 2787 1816 βίου
2839 1731 3160 1812 στροϐίλους
3195 1752 3208 1764 ⁸
3243 1733 3294 1786 οἱ
3339 1727 3416 1797 δὲ,
3451 1729 3585 1804 πρὸς
3614 1730 3692 1796 τῷ
3723 1746 3819 1796 μη-

2119 1849 2164 1917 B
2199 1833 2349 1896 δενός
2396 1849 2543 1892 τινος
2589 1829 2867 1900 ἀξιοῦσθαι
2913 1825 3187 1893 τοιούτου,
3231 1823 3322 1876 καὶ
3371 1821 3445 1874 ὧν
3497 1820 3630 1894 σφᾶς
3657 1816 3822 1884 ἀξιοῦ-

2201 1946 2281 1978 σιν
2339 1923 2389 1977 οἱ
2447 1923 2607 1976 πόνοι
2655 1918 2744 1973 καὶ
2797 1917 2860 1972 τὸ
2924 1913 3408 1988 ταλαιπωρεῖσθαι,
3475 1908 3566 1961 καὶ
3631 1902 3822 1958 τούτων

2200 2015 2344 2087 παρὰ
2399 2011 2598 2082 πάντας
2655 2007 2780 2070 τοὺς
2855 2007 3059 2080 νόμους
3118 2003 3534 2076 ἀποστεροῦνται
3614 1995 3822 2067 μισθῶν.

2200 2107 2357 2158 Ὅσον
2407 2100 2501 2155 οὖν
2557 2098 2776 2157 τούτοις
2826 2117 2884 2150 τε
2932 2096 3022 2150 καὶ
3069 2097 3184 2154 τοῖς
3236 2089 3422 2150 ἄλλως
3465 2082 3824 2155 ἀδικουμένοις

2205 2193 2564 2266 συνάχθεσθαι
2622 2187 2711 2242 καὶ
2767 2183 3049 2258 συναλγεῖν
3123 2183 3358 2240 ἃπαντας
3433 2173 3536 2242 δεῖ,
3611 2175 3827 2226 τοσοῦτο

2204 2283 2295 2339 καὶ
2347 2279 2426 2338 ἔτι
2479 2277 2690 2354 μᾶλλον
2737 2283 2854 2337 τοῖς
2903 2273 3107 2330 ἀδικεῖν
3173 2267 3545 2345 αῗρουμὲνοις,
3599 2257 3826 2336 ἀπεχθά-

2207 2374 2386 2428 νεσθαι
2433 2371 2520 2424 καὶ
2585 2371 2782 2442 μισεῖν,
2841 2364 2930 2419 καὶ
2977 2361 3114 2416 πάνυ
3165 2381 3250 2414 τοι
3315 2351 3829 2426 κακοδαιμονοῦντας

453 2441 711 2497 maxima
761 2447 952 2495 autem
985 2439 1124 2492 sunt
1155 2435 1307 2490 bona
1329 2431 1546 2504 quibus
1580 2428 1692 2500 ipsi
1720 2427 2011 2492 excidunt,
2043 2426 2104 2478 et

2218 2467 2288 2535 τῷ
2317 2457 2432 2515 ὄντι
2478 2458 2743 2532 νομίζειν,
2790 2454 2852 2510 οὗ
2887 2453 3050 2528 μόνον
3085 2452 3174 2512 οἷς
3215 2446 3358 2503 οὕτω
3407 2443 3828 2518 παρανομοῦντες

458 2549 612 2606 male
643 2565 772 2622 quas
803 2547 860 2602 in
891 2545 1132 2602 istorum
1164 2543 1358 2599 locum
1391 2539 1722 2606 succedent,
1755 2539 1809 2591 et
1841 2549 1964 2606 quae
1987 2545 2101 2586 non

459 2676 565 2732 per
593 2663 826 2729 tempus
859 2653 1088 2726 aliquod
1141 2652 1319 2706 fixum
1351 2647 1667 2712 durabunt,
1701 2644 1796 2700 sed
1830 2647 2105 2698 aeternam

464 2768 646 2822 vitam
683 2765 948 2832 reddent,
982 2762 1132 2834 quod
1183 2765 1336 2816 certe
1383 2766 1644 2814 extrema:
1695 2751 1987 2810 felicitatis
2035 2749 2110 2806 i-

466 2887 646 2944 gnum
681 2873 792 2942 est,
817 2885 945 2942 qua
977 2867 1224 2924 summis
1259 2865 1317 2920 in
1365 2865 1480 2920 Deo
1503 2863 1671 2919 bonis
1705 2859 1814 2915 frui
1848 2855 2032 2923 dabit,
2053 2859 2112 2911 et

467 2977 766 3035 doloribus
798 2981 968 3048 atque
998 2974 1275 3031 aerumnis
1307 2971 1538 3039 liberat,
1569 2969 1626 3024 in
1660 2983 1808 3040 quas
1845 2963 2111 3020 homines

470 3084 716 3154 perversi
752 3088 808 3141 et
835 3082 1102 3140 crudeles
1134 3080 1420 3138 incidunt.
1452 3077 1512 3134 Si
1541 3075 1696 3132 enim
1745 3071 1899 3129 Deus
1929 3071 1978 3127 ei
2015 3067 2114 3141 qui

469 3194 538 3250 de
571 3209 677 3248 uc
721 3191 860 3248 dare
902 3189 1124 3262 aliquid
1173 3187 1433 3259 proximo
1481 3199 1598 3240 non
1647 3181 1789 3249 vult,
1823 3176 2114 3242 irascitur,

471 3301 761 3372 quomodo
791 3297 954 3353 illum
991 3295 1227 3352 habebit
1258 3294 1358 3366 qui
1391 3291 1553 3358 alios,
1583 3297 1642 3346 ut
1675 3289 1783 3356 fur,
1819 3285 2028 3358 spoliat
2058 3291 2116 3340 et

471 3409 754 3484 operariis
805 3405 1131 3464 mercedem
1183 3405 1435 3470 recusat,
1485 3415 1602 3471 quo
1652 3393 1795 3452 nihil
1844 3393 2121 3464 injustius

471 3515 708 3588 reperiri
739 3512 981 3586 potest?

545 4429 635 4486 21.
690 4429 972 4502 Equidem
1052 4443 1258 4486 censeo
1333 4427 1654 4500 unicuique
1720 4430 1977 4484 vestrum
2053 4425 2128 4482 ad

480 4553 627 4610 opu
674 4537 906 4608 aliquod
965 4553 1024 4593 se
1083 4537 1415 4594 accincturo
1471 4536 1586 4592 duo
1646 4537 1836 4592 inesse
1893 4535 2123 4599 debere,

481 4645 738 4716 primum
771 4646 924 4700 bona
954 4649 1011 4700 et
1044 4647 1284 4700 honesta
1317 4661 1518 4716 capere
1547 4643 1789 4700 consilia
1809 4659 1916 4698 suo
1937 4641 2126 4714 ipsius

481 4761 716 4818 nomine
748 4765 804 4816 et
832 4769 1064 4818 caeteros
1096 4761 1164 4816 ad
1197 4761 1351 4816 idem
1387 4760 1699 4826 cohortari,
1731 4764 1788 4814 et
1835 4759 1918 4814 sic
1967 4773 2123 4814 men-

481 4887 595 4934 tem
627 4882 683 4934 et
711 4877 974 4933 animum
997 4877 1069 4934 ad
1090 4875 1368 4932 honestas
1387 4875 1749 4946 operationes
1771 4889 2120 4947 provocare;

481 4997 690 5054 deinde
731 4995 802 5053 iis
834 5013 960 5067 qua
1002 5001 1131 5069 post
1162 4999 1450 5051 maturam
1503 4993 1976 5050 deliberationem
2025 4993 2125 5048 de-

483 5124 638 5174 creta
669 5120 825 5184 sunt,
871 5131 1085 5171 manus
1135 5112 1524 5170 industriosas
1581 5111 1841 5182 injicere,
1884 5123 2127 5180 seseque

483 5237 657 5295 laude
683 5236 926 5308 dignum
958 5235 1194 5291 reddere
1223 5232 1476 5306 expedit.
1522 5230 1773 5302 Legibus
1821 5228 2128 5296 obtempe-

485 5370 612 5410 rare
641 5357 698 5409 et
732 5369 907 5425 opera
937 5351 1211 5424 perficere
1243 5348 1598 5422 gratitudine
1638 5343 2071 5416 compensanda
2099 5360 2130 5400 ο

488 5485 548 5524 re
595 5469 750 5538 erit;
803 5467 1151 5538 nullumque
1211 5464 1510 5536 injustitisa
1580 5461 1773 5517 locum
1820 5459 2132 5515 concedere

487 5583 776 5642 malarum
801 5585 1097 5642 actionum
1131 5583 1304 5638 matri
1326 5585 1383 5638 et
1407 5577 1660 5637 fautrici.
1691 5577 1832 5648 Ejus
1864 5575 1946 5632 rei
1977 5573 2134 5632 testi-

491 5704 756 5762 monium
787 5701 1096 5776 perhibent
1129 5697 1514 5756 Athenienses
1559 5697 1655 5769 qui
1709 5693 1861 5752 bello
1910 5693 2132 5750 Medico

2213 2553 2310 2608 οὐκ
2367 2549 2732 2624 αἰσχύνονται,
2755 2542 2867 2600 οὐδ’
2926 2541 3133 2598 οτίονται
3185 2537 3340 2608 δίκην
3403 2532 3700 2608 ὑφέξεινίῆ
3743 2527 3826 2602 γάρ

2213 2643 2273 2698 ἂν
2305 2641 2724 2714 κακουργοῦντες
2773 2633 3056 2700 ἐπαύοντο,
3099 2627 3246 2686 ἀλλά
3273 2625 3362 2682 καὶ
3403 2625 3490 2685 οἷς
3517 2622 3616 2677 οὗκ
3661 2614 3830 2693 ἔχουσι

2217 2735 2476 2805 ζυνορᾷν’
2539 2729 2613 2788 ὡς
2677 2725 2708 2780 ἃ
2777 2724 2869 2796 μὲν
2927 2725 3019 2775 νῦν
3067 2717 3321 2794 ἁρπάζειν
3367 2713 3460 2768 καὶ
3509 2709 3830 2765 πλεονεκτεῖν

2219 2820 2422 2878 οἵονται
2481 2816 2613 2888 δεῖν,
2669 2819 2838 2872 ταῦτα
2893 2815 3061 2868 πάντα
3121 2809 3289 2883 μικρὰ
3338 2806 3396 2861 τὲ
3447 2803 3578 2870 ἐστι,
3627 2800 3718 2854 καὶ
3753 2796 3836 2852 οὐκ

2249 2913 2270 2934 ’ν
2381 2911 2388 2926 σ
2601 2885 2608 2888 7
2683 2909 2710 2920 ~
2919 2903 2946 2922 ν
3065 2903 3080 2924 ι
3129 2897 3149 2918 λ
3281 2897 3292 2916 s
3487 2896 3513 2908 ο
3599 2888 3624 2906 λ
3658 2890 3672 2908 ε
3775 2885 3837 2918 ο,-

2222 2933 2298 2973 εις
2357 2912 2493 2964 ἁπαν
2557 2925 2812 2981 μενουντα
2847 2923 2858 2935 ·
2911 2925 2982 2956 ων
3034 2897 3061 2954 δ
3127 2919 3276 2954 επειτ
3339 2894 3556 2971 ἀγαθων
3597 2907 3684 2944 οια
3711 2908 3822 2943 ταυε

2223 2999 2595 3066 ἐκπεσοῦνται,
2667 2993 2754 3050 καὶ
2839 2993 2924 3055 οἷς
3001 2989 3051 3063 ἐξ
3139 2986 3370 3061 ἀνάγκης
3445 2981 3838 3056 περιπεσοῦνται

2225 3089 2442 3158 δεινοῖς,
2494 3087 2647 3143 ταῦθ’
2700 3083 2841 3138 οὕτω
2884 3083 2977 3154 μὲν
3037 3075 3147 3134 ἔστι
3196 3077 3441 3151 μέγιστα,
3491 3073 3568 3134 ὡς
3629 3063 3754 3142 μηδ’
3787 3063 3842 3117 εἰ·

2227 3181 2386 3236 κάσαι
2443 3177 2505 3232 τὸ
2561 3175 2812 3250 παράπαν
2867 3171 3079 3244 ἐξεῖναι,
3139 3169 3214 3240 μή
3263 3165 3314 3220 τί
3371 3183 3433 3239 γε
3461 3161 3642 3238 ξφάναι
3677 3153 3844 3212 ,οὕτω

2230 3271 2286 3326 δὲ
2361 3270 2497 3325 κατὰ
2561 3265 2758 3326 παντὸς
2803 3260 3020 3318 ’ἵσταται
3079 3259 3304 3332 χρόνου,
3365 3253 3440 3314 ὡς
3499 3245 3842 3324 μηδηντινοῦν

2230 3360 2481 3436 δέχεσθαι
2533 3357 2711 3427 λῆξιν,
2761 3351 2890 3408 ἀλλ’
2947 3350 3022 3410 εἷς
3082 3349 3377 3421 ἀπέραντον
3409 3341 3586 3410 ἥκειν,
3635 3337 3722 3390 καὶ
3767 3333 3846 3399 τήν

2226 3450 2484 3518 τελευτὴν
2525 3445 2704 3521 ’ίσχειν
2751 3441 3014 3498 ἀθάνατον
3063 3456 3076 3470 ·
3129 3437 3192 3492 οὐ
3247 3436 3355 3508 μὴν
3387 3430 3533 3488 ἀλλὰ
3561 3428 3653 3484 καὶ
3681 3425 3740 3480 τὸ
3765 3443 3844 3476 τυ-

2226 3542 2347 3598 χεῖν
2405 3535 2752 3615 ἀμφοτέρων,
2803 3533 2865 3588 τὸ
2917 3531 3010 3603 μὶν
3055 3525 3197 3583 ’ἐστιν
3243 3521 3482 3598 ἐσχάτης
3523 3512 3844 3589 εὐδαιμονίας

2227 3629 2317 3686 καὶ
2367 3603 2508 3689 ciae.
2539 3603 2668 3686 τοῦς
2721 3619 2810 3676 διὰ
2864 3617 3217 3696 χρηστότητα
3279 3611 3498 3686 τρόπων
3557 3606 3690 3680 μετὰ
3725 3603 3846 3696 9εοῦ

2229 3715 2586 3790 τεταγμὲνους
2633 3689 2927 3767 ἂπολαῦείν
2980 3706 3144 3774 εἰκὸς,
3175 3703 3237 3758 τὸ
3297 3697 3344 3756 δ’
3385 3698 3694 3776 ἀφορήτους
3725 3689 3846 3765 ἔχειν

2231 3806 2320 3860 καὶ
2379 3806 2665 3880 ὑπερφυεῖς
2714 3801 2809 3862 τὰς
2869 3795 3059 3860 ὀδύνας
3091 3815 3104 3828 °
3165 3793 3258 3849 καὶ
3314 3795 3446 3846 πᾶσι
3509 3786 3602 3860 μὲν
3662 3803 3721 3860 γε
3755 3785 3849 3840 τοῖς

2231 3895 2389 3968 κακίᾳ
2447 3898 2698 3964 συζῶσιν,
2741 3890 2848 3964 οὐχ
2901 3885 3098 3956 ἥκιστα
3151 3881 3207 3938 δὲ
3255 3880 3346 3936 καὶ
3391 3885 3508 3939 τοῖς
3559 3873 3752 3932 ἀδικεῖν
3789 3869 3849 3924 ni-

2233 3984 2538 4060 ρουμένοις.
2581 3981 2644 4038 Εἰ
2700 3982 2800 4057 γὰρ
2847 3982 2928 4049 τῷ
2979 3977 3054 4050 μή
3099 3977 3206 4028 τῶν
3265 3970 3511 4025 οἱκείωνῗ
3535 3961 3846 4040 μεταδιδόντι

2229 4081 2366 4150 τιμᾷ
2417 4079 2524 4128 τῶν
2575 4071 2816 4148 ἐσχάτων
2879 4065 3027 4139 Θεός,
3089 4068 3167 4136 τῷ
3221 4061 3310 4118 καὶ
3369 4061 3436 4115 τὰ
3509 4062 3615 4112 τῶν
3686 4052 3846 4109 ἄλλων

2231 4163 2642 4244 ἀφαιρουμένῳ,
2699 4161 2788 4216 καὶ
2854 4158 2980 4219 τοὺς
3054 4159 3160 4211 τῶν
3237 4151 3418 4207 πόνων
3487 4147 3847 4219 ἀποστεροῦντι

2237 4229 2486 4328 μῖσθδῦςξ
2533 4255 2562 4307 δ
2593 4229 2855 4326 ’μείζονος
2905 4243 3115 4308 ἀδικίας
3167 4243 3277 4298 ἐστὶ
3335 4240 3646 4314 γνώρισμα,
3689 4235 3738 4289 τί
3777 4229 3848 4284 καί

2235 4347 2498 4420 χρήσεται
2536 4365 2550 4414 ;

2305 4437 2404 4490 καί.
2467 4429 2735 4506 ’Πγοῦμαι
2786 4425 2833 4484 δ’
2891 4428 3098 4498 ὲκάστῳ
3157 4425 3206 4500 γ’
3263 4422 3414 4494 ὑμῶν
3467 4425 3572 4473 τῶν
3625 4415 3848 4491 πράττειν

2241 4525 2416 4578 ὁτιοῦν
2479 4521 2869 4596 ἐγχειρούντων
2927 4513 3023 4570 δύο
3081 4515 3228 4569 ταῦτ’
3285 4509 3336 4580 ἐξ
3389 4511 3625 4584 ἀνάγκης
3675 4511 3849 4580 χρῆνίῑι

2237 4619 2512 4690 προσεῖναι
2551 4629 2561 4640 ·
2591 4614 2807 4684 πρῶτον
2843 4608 2935 4680 μὲν
2967 4606 3029 4660 τὸ
3071 4601 3424 4658 Βουλεῦεσθαι
3459 4598 3642 4660 καλῶς
3673 4595 3754 4650 καὶ
3781 4589 3852 4644 αὖα

2235 4705 2325 4758 τὸν
2361 4703 2439 4775 ἐφ’
2471 4702 2660 4756 ἑαυτοῦ
2691 4699 2779 4752 καὶ
2812 4695 2904 4751 σὺν
2935 4695 3146 4756 ἇκλοις,
3183 4693 3227 4746 εἰ
3253 4691 3452 4746 τούτου
3475 4686 3652 4759 δεήσει
3681 4703 3693 4716 ·
3714 4687 3850 4738 τοῦτο

2239 4794 2283 4849 δ’
2317 4795 2376 4848 ἂν
2411 4791 2492 4860 ε’ίη
2526 4793 2588 4846 τὸ
2629 4790 2690 4845 οὐ
2731 4789 2893 4861 μόνον
2941 4790 3112 4840 πᾶσαν
3147 4785 3389 4852 ἡντινοῦν
3421 4781 3556 4854 ὑπὲρ
3585 4781 3678 4832 τοῦ
3707 4771 3852 4829 καλοῦ

2231 4885 2321 4939 καὶ
2379 4881 2592 4936 δικαίου
2643 4878 2870 4954 γνώμην
2901 4876 3139 4946 ,κινεῖνῇ
3163 4871 3307 4927 ἀλλᾶ
3357 4870 3450 4925 καὶ
3506 4869 3603 4932 τὰς
3667 4867 3854 4940 ψήφους

2233 4979 2336 5030 τῶν
2390 4971 2724 5047 πραγμάτων
2774 4968 2878 5022 ἀπὸ
2925 4971 3021 5020 τοῦ
3071 4961 3260 5024 τέλους
3313 4959 3520 5016 ἐθέλειν
3560 4957 3810 5012 ποιεῖσθαι
3839 4965 3850 4980 ⁶

2237 5059 2418 5117 ἔπειτα
2448 5062 2512 5114 τὸ
2541 5065 2657 5120 τοῖς
2717 5059 2890 5131 ὀρθῶς
2941 5049 3395 5129 βεϐουλευμένοις
3443 5049 3719 5122 ἐπιμελῶς
3747 5043 3851 5114 ἆγεν

2235 5153 2325 5207 καὶ
2381 5147 2686 5209 σπουδαίως
2745 5146 3116 5220 προσκεῖσθαι,
3167 5141 3253 5196 καὶ
3311 5139 3429 5212 ὅλῳ
3484 5159 3544 5210 γε
3589 5137 3678 5192 καὶ
3725 5129 3852 5188 παντῖ

2239 5241 2368 5316 δρᾷν
2415 5245 2494 5312 τῷ
2553 5241 2731 5310 θυμῷ,
2781 5237 2855 5296 ὼς
2907 5233 2964 5288 ἂν
3017 5234 3106 5287 καὶ
3157 5231 3454 5304 κασορθοῦν
3507 5225 3675 5303 ἔχητε
3717 5225 3852 5298 ῥᾷστα

2237 5333 2328 5388 καὶ
2381 5331 2672 5406 τυγχάνειν
2731 5327 2962 5381 ἐπαίνων
2999 5345 3013 5356 ·
3057 5325 3119 5379 τὸ
3171 5323 3263 5394 μὲν
3315 5319 3402 5374 διὰ
3443 5321 3504 5373 τὸ
3533 5324 3648 5380 τοῖς
3693 5317 3852 5386 νόμοις

2241 5421 2490 5494 ἐμμένειν
2557 5416 2866 5491 βούλεσθαι,
2899 5415 2961 5469 τὸ
3022 5409 3080 5466 δὲ
3129 5417 3228 5480 τῆς
3281 5409 3402 5482 περὶ
3450 5409 3516 5462 τὰ
3565 5403 3692 5482 ἔργα
3725 5399 3854 5475 χάριν

2242 5510 2486 5580 σπουδῆς
2524 5529 2534 5540 ·
2596 5511 2670 5569 ὡς
2724 5511 2784 5560 τό
2842 5525 2900 5580 γε
2957 5505 3074 5556 καθ’
3128 5499 3387 5573 ὁπότερον
3443 5495 3652 5551 τούτων
3687 5489 3850 5550 ἐνδεῖν,

2241 5603 2329 5656 καὶ
2372 5599 2584 5655 ἀδικίαν
2633 5595 2966 5670 προσεῖναιίῇ
2995 5593 3096 5648 οὐκ
3153 5589 3356 5663 ἀγαθὰς
3407 5583 3521 5642 οὐδ’
3553 5581 3852 5670 ἐπαινουμὲτ

2243 5713 2336 5754 νας
2397 5691 2566 5765 ταύτῃ
2618 5687 3006 5762 παρασκευάζει
3053 5681 3149 5744 τὰς
3215 5677 3452 5753 πράξεις.
3507 5677 3776 5750 Μάρτυρες
3817 5655 3851 5719 δ’
