3982 6216
233 395 327 454 537

1163 390 1456 453 ORATIO
1496 390 1602 454 DE
1644 393 2154 459 SUBDITOBUM
2200 398 2551 460 OFFICIIS.

3452 401 3571 461 538

235 530 394 601 ἀμφοῖν
430 526 692 593 Ἀθηναῖοι
738 524 789 578 ἓν
831 528 909 595 τῷ
956 521 1190 595 Μηδικῷ
1239 522 1494 597 πολέμῳ,
1549 526 1681 597 μετά
1730 523 1811 580 δι-

1932 531 2242 589 tortissime
2261 535 2575 605 pugnando
2622 534 3095 605 praeclarissimas
3113 533 3565 605 posthominum
3658 532 3661 541 ⁴

231 614 464 681 καιοσύνης
516 613 600 666 καὶ
654 612 960 686 προθυμίας
1030 612 1332 686 ὑπερφυοῦς
1396 612 1666 668 κάλλιστα
1725 614 1812 668 ἀν-

230 704 416 777 θρώπων
483 703 692 755 πάντων
771 701 1163 776 ἠγωνισμένοι,
1214 700 1303 755 καὶ
1374 703 1471 763 τὰς
1554 702 1811 777 μεγίστας

226 794 295 846 καὶ
345 792 628 863 θαυμαστὰς
682 793 790 845 τῶν
848 789 1094 844 ἁπᾶντων
1155 796 1337 845 πασῶν
1408 792 1509 846 οὐκ
1565 792 1619 846 ἐν
1697 798 1815 857 τοῖς

227 880 477 955 ἔμπροσθεν
542 880 722 954 μόνον,
779 877 926 935 ἀλλᾶ
980 881 1078 934 κάν
1135 886 1250 940 τοῖς
1305 879 1489 936 ἔπειτα
1562 883 1813 960 χρόνοις,

228 973 471 1046 προσθήσω
509 967 563 1025 δὲ
611 972 699 1024 καὶ
748 970 840 1025 τὸν
890 965 1074 1025 ἅπαντ’
1122 969 1294 1025 αἰῶνα
1338 971 1484 1033 νίκας
1531 971 1814 1046 ἀνῃρημὲο

225 1082 285 1116 vet
313 1082 324 1093 ·
349 1064 493 1115 τοῦτο
523 1057 569 1114 δ’
605 1058 696 1114 ἐπὶ
725 1064 832 1113 τῶν
871 1058 1173 1114 Σικελικῶν
1213 1060 1279 1114 τὰ
1309 1060 1521 1115 πάντων
1557 1059 1814 1135 α’ίσχιστα

225 1148 294 1204 διά
342 1151 431 1220 τήν
491 1153 583 1204 τοῦ
642 1152 1072 1224 στρατηγοῦντος
1143 1148 1391 1217 νωθείαν,
1450 1151 1537 1205 καὶ
1592 1150 1812 1224 προσέτι

224 1243 340 1316 συῶν
403 1236 569 1294 αίιτῶν
650 1236 959 1308 πλεονεξίαν
1035 1239 1381 1313 ἠτυχηκότες
1414 1259 1426 1270 ·
1504 1240 1594 1294 καὶ
1664 1240 1815 1295 ταῦθ’

223 1328 335 1383 οὕτω
382 1327 622 1399 πλήθους
688 1329 777 1383 καὶ
841 1328 1099 1403 μεγέθους
1154 1334 1499 1401 παρασκευῆς
1569 1327 1811 1403 ἔχοντες,

222 1418 280 1479 ὡς
317 1418 395 1472 καὶ
446 1424 543 1487 τῆς
592 1417 860 1491 Εὐρώπης
918 1417 1131 1487 ἀπάσης
1185 1415 1422 1472 ἐντεῦθεν
1474 1418 1534 1471 ἃν
1594 1438 1815 1493 περιγε-

219 1507 364 1561 νέσθαι
408 1503 598 1562 δοκεῖν.
653 1505 714 1561 El
758 1506 938 1560 τοίνυν
989 1504 1023 1558 ἃ
1070 1504 1322 1579 πράττειν
1368 1506 1621 1580 αἱρεῖσθε,
1666 1506 1815 1561 ταῦθ’

218 1596 275 1657 ὡς
298 1594 547 1651 κάλλιστα
590 1594 740 1674 ἔχειν
769 1596 1028 1670 αἱρεῖσθε,
1068 1594 1157 1649 καὶ
1208 1596 1344 1669 πρὸς
1396 1596 1548 1667 ὑμῶν
1599 1595 1811 1667 μᾶλλον

216 1686 375 1755 ἣκαθ⁹
421 1686 594 1759 ὑμῶν,
635 1687 724 1747 οἷς
771 1684 904 1764 ἔφην
953 1683 1096 1740 οὕτω
1145 1688 1435 1761 χρηστέον,
1489 1685 1562 1745 ὼς
1612 1683 1811 1754 ταύτην

216 1775 426 1830 ἑκάστοτε
456 1777 645 1844 σώζειν
695 1778 795 1844 τήν
842 1776 1008 1845 τάξιν.
1043 1776 1105 1830 Εἰ
1156 1775 1251 1849 μὲν
1297 1776 1401 1851 γὰρ
1449 1774 1501 1829 ἐν
1541 1773 1652 1846 ’ίσῳ
1698 1781 1814 1836 τοῖς

213 1864 401 1939 ἀλόγοις
448 1866 772 1941 γεγόναμεν,
818 1867 892 1926 ὡς
948 1864 1036 1919 καὶ
1096 1861 1393 1942 φροντίδων
1455 1862 1813 1964 ἀπηλλάχθαι
1849 1897 1892 1964 Β

211 1955 438 2024 καθάπαξ,
481 1956 567 2009 καί
618 1953 852 2028 μηδενὸς
904 1956 1130 2010 ὁτουοῦν
1174 1958 1279 2009 τῶν
1332 1953 1578 2008 ἁπάντων
1631 1951 1812 2021 μέλειν

212 2041 334 2115 ὑμῖν,
379 2043 500 2099 αλλ’
546 2043 741 2106 ἁπλῶς
783 2042 927 2098 οὕτω
975 2045 1239 2108 καθῆσθαι
1295 2048 1413 2106 τοῖς
1462 2041 1814 2118 ἐπιτυχοῦσιν

212 2133 475 2206 χρώμενοι,
503 2132 605 2188 οὐκ
646 2134 706 2187 ἃν
749 2132 980 2212 ε’ίχομεν
1028 2134 1323 2208 πράγματα
1356 2155 1369 2166 ·
1421 2133 1727 2205 ἀνθρώποις
1758 2130 1817 2187 δὲ

210 2221 303 2277 οὖσι
329 2222 411 2277 καὶ
441 2221 755 2299 λογίζεσθαι
793 2222 1076 2302 πεφυκότι,
1129 2222 1219 2277 καὶ
1249 2227 1346 2277 τοῦ
1396 2221 1814 2284 λυσιτελοῦντος

209 2310 251 2371 ἐς
274 2309 343 2367 ἀεὶ
386 2313 645 2385 πρόνοιαν
683 2310 890 2387 ἴσχειν,
935 2311 1142 2367 τούτων
1195 2312 1320 2385 ὑμῖν
1362 2317 1468 2366 τῶν
1516 2312 1814 2388 φαρμάκων

602 2402 723 2458 ὅθεν
754 2403 858 2457 οὐκ
905 2403 964 2457 ἄν
1015 2422 1108 2475 μοι
1158 2398 1365 2457 δοκεῖτε
1410 2406 1507 2456 τοῦ
1537 2402 1816 2475 ποθουμέ-

205 2512 279 2544 νου
306 2488 636 2565 διαμαρτεῖν,
666 2490 796 2548 ἀλλ’
824 2487 1002 2546 ἔσεσθε
1053 2492 1147 2565 μὲν
1178 2490 1231 2553 ἐς
1279 2490 1361 2545 ἀεὶ
1410 2492 1819 2561 κατορθοῦντες,

208 2580 286 2635 Ἦν
311 2578 356 2634 δ’
380 2582 481 2655 ἄρα
508 2581 647 2638 ποτὶ
676 2582 741 2635 τὰ
785 2581 1061 2657 πράγμαθ’
1093 2580 1223 2654 ὑμῖν
1251 2579 1342 2636 καὶ
1389 2580 1536 2656 παρὰ
1563 2581 1625 2635 τὸ
1675 2578 1821 2642 είκὸς

205 2669 456 2747 ἀπαντήσῃ
505 2671 602 2726 καὶ
645 2675 752 2725 τῶν
802 2666 1043 2726 ἐλπίδων
1092 2669 1373 2741 ἐκπέσητε,
1431 2671 1589 2744 ὑμεῖς
1630 2666 1689 2725 δὶ
1729 2668 1822 2725 καὶ

208 2757 352 2821 οὕτως
402 2758 557 2817 οὐδὲν
614 2763 779 2830 ἧττον
831 2756 1011 2815 ’ἑσεσθε
1076 2761 1487 2832 κατορθοῦντες,
1543 2764 1622 2831 τῷ
1683 2758 1825 2814 κάλ-

207 2844 340 2903 λιστα
383 2850 472 2906 καὶ
516 2851 597 2914 ὡς
645 2849 818 2926 ἐχρῆν
867 2850 990 2924 περὶ
1040 2849 1217 2905 αὐτῶν
1269 2846 1681 2925 βεϐουλεῦσθαι,
1733 2849 1825 2905 καὶ

207 2935 352 3007 μηδὲν
376 2960 425 2994 τι
454 2944 564 2996 τῶν
600 2939 824 2995 εἰκότων
853 2938 1235 2995 ἐλλελοιπέναι
1267 2936 1467 2999 δοκεῖν.

259 3028 351 3103 κβ’.
400 3031 462 3085 Ὀ
506 3026 566 3084 δὲ
619 3051 683 3103 με
732 3028 962 3103 πρόσθεν
1011 3026 1278 3099 διέλαθεν,
1331 3033 1422 3083 νῦν
1474 3027 1521 3084 δ’
1566 3032 1695 3098 ἧκεν
1749 3028 1824 3091 είς

206 3120 422 3190 μνήμην,
473 3121 773 3196 ἀναγκαῖον
826 3117 883 3174 δὲ
938 3123 1054 3181 τοῖς
1111 3118 1423 3193 εἰρημένοις
1483 3119 1827 3191 προσθεῖναι,

202 3203 277 3260 ὅτε
304 3206 539 3279 μάλιστα
587 3211 802 3264 πάντων
847 3209 1153 3281 ἀνθρώποις
1184 3214 1481 3282 προσῆκον,
1514 3208 1660 3261 τοῦτ’
1709 3204 1820 3277 ἤδη

204 3290 339 3349 δώσω
376 3301 454 3369 τῷ
504 3295 659 3371 λόγῳ
692 3316 705 3329 ·
756 3295 881 3370 ἐμοὶ
925 3297 1024 3371 γὰρ
1082 3293 1215 3351 ἔνιοι
1269 3300 1380 3351 τῶν
1440 3296 1683 3367 πατὲρων
1735 3291 1823 3348 δο-

197 3385 377 3453 κοῦσιν,
408 3388 490 3448 οἷς
528 3385 628 3456 μὲν
684 3384 896 3458 μᾶλλον
928 3384 1102 3440 αὐτῶν
1152 3383 1333 3463 φιλεῖν
1374 3384 1661 3458 νομίζουσι
1692 3382 1822 3446 τοὺς

196 3472 326 3544 υἱεῖς,
380 3475 471 3530 καί
532 3474 773 3551 στέργειν
834 3476 967 3550 ὑπὲρ
1023 3476 1120 3537 τὰς
1191 3476 1337 3550 σφῶν
1394 3473 1657 3550 κεφαλὰς,
1716 3494 1821 3528 πα-

195 3560 341 3634 τέρων
371 3564 585 3639 ἀγαθῶν
632 3564 709 3626 ὠς
754 3562 976 3634 ἀληθῶς
1005 3560 1161 3638 ἔργον
1212 3568 1388 3619 ποιεῖν
1421 3582 1434 3595 ο
1485 3565 1571 3625 οἷς
1614 3559 1672 3617 δὲ
1713 3565 1821 3617 τῶν

210 2401 390 2463 πάντως
422 2400 503 2457 δεῖ
536 2423 547 2434 ’

198 3650 277 3719 μὲν
301 3650 483 3708 ἄλλων
531 3653 805 3722 ἁπάντων,
832 3654 908 3709 ὧν
958 3651 1006 3708 δ’
1051 3653 1235 3715 αὐτοῖς
1271 3650 1507 3726 μάλιστα
1556 3649 1657 3722 δεῖ,
1685 3649 1822 3707 τού-

195 3759 286 3793 των
314 3743 409 3797 οὐκ
437 3744 629 3816 ἀξιοῦν
676 3741 869 3799 αὐτοὺς
909 3741 1111 3798 οἵονται
1163 3740 1292 3813 δεῖν,
1325 3742 1389 3797 οὐ
1439 3742 1601 3813 μόνον
1643 3741 1819 3796 αὐτῶν

194 3825 235 3898 ἐξ
273 3832 521 3905 ἡμισείας
578 3833 905 3910 φροντίζειν,
939 3831 1084 3888 ἀλλὰ
1129 3828 1271 3906 μηδέ
1318 3828 1497 3910 φιλεῖν
1548 3830 1693 3893 ὅλως
1745 3834 1821 3893 ὼς

195 3915 264 3972 δεῖ
303 3920 493 3985 παῖδας
543 3921 744 3978 εῗδέναι
793 3925 890 3978 τοῦ
936 3924 1155 3977 πάντων
1211 3921 1466 3997 μεγίστου
1512 3920 1601 3976 καὶ
1662 3940 1823 3975 σπου-

194 4004 463 4067 δαιοτάτου
509 4012 606 4067 καὶ
652 4012 790 4067 κατὰ
832 4012 988 4090 φύσιν
1034 4011 1345 4084 ἀνθρώποις
1400 4008 1644 4085 ἔχοντος,
1691 4009 1821 4064 τού-

194 4116 300 4162 τους
345 4102 771 4175 ἀποστεροῦντες
801 4120 815 4134 °
863 4102 1171 4181 χρημάτων
1226 4100 1321 4174 μὲν
1370 4100 1475 4175 γὰρ
1526 4094 1686 4175 ὄγκον
1730 4098 1821 4153 καὶ

190 4184 384 4258 πλῆθος
428 4191 732 4265 κτημάτων
786 4192 874 4247 καὶ
935 4191 1146 4263 πλέθρα
1197 4191 1299 4265 γῆς
1354 4188 1489 4244 τόσα
1541 4188 1631 4242 καὶ
1688 4186 1823 4242 τόσα

190 4278 264 4332 καὶ
303 4280 525 4352 προσέτι
575 4277 934 4336 παντοδαπῶν
989 4277 1352 4356 βοσκημάτων
1405 4275 1626 4354 ἀγέλας,
1656 4278 1824 4332 ταῦτα

194 4366 276 4436 μὲν
305 4367 453 4434 ὅπως
500 4370 661 4425 παισὶ
700 4367 1077 4438 καταλίποιεν,
1107 4368 1280 4423 πάντα
1326 4371 1573 4422 ποιοῦσιν
1608 4386 1620 4397 ·
1671 4366 1821 4427 ὅπως

192 4453 240 4509 δί
285 4458 373 4513 καὶ
428 4456 685 4522 παιδείας
737 4460 827 4515 καὶ
884 4456 1069 4534 λόγων
1128 4458 1447 4533 ἐργάσαιντο
1502 4455 1822 4525 κοινωνοὺς,

192 4548 268 4601 καὶ
312 4551 446 4625 πρὸς
493 4552 599 4620 τήν
647 4551 865 4605 ἁπασῶν
913 4548 1114 4619 τα·5την
1158 4545 1466 4617 καλλίστην
1515 4546 1604 4601 καὶ
1655 4566 1819 4601 σπου-

190 4633 463 4710 δαιοτάτην
535 4641 604 4696 τὰ
679 4638 889 4717 μέγιστ’
960 4639 1144 4700 αὐτοῖς
1222 4635 1541 4706 συνάραιντο
1604 4639 1816 4701 κτῆσιν,

190 4721 250 4778 δι’
293 4729 357 4796 ’ἧς
400 4733 580 4784 πάντα
642 4729 738 4802 μὲν
787 4732 954 4784 ταῦτα
1002 4728 1091 4783 καὶ
1150 4727 1340 4797 σώζειν
1398 4724 1488 4780 καὶ
1547 4723 1817 4793 συναύξειν

187 4809 380 4884 ’ἕξουσιν
428 4816 600 4890 ἆσαεὶ,
652 4817 807 4873 αὐτοὶ
857 4815 914 4872 δὲ
963 4816 1052 4872 καὶ
1100 4820 1246 4895 σφῶν
1294 4815 1471 4870 αὐτῶν
1509 4814 1597 4868 καὶ
1653 4810 1820 4867 πατέ-

191 4922 283 4975 ρων
313 4906 443 4961 εἶναι
500 4904 749 4978 βελτίους
784 4926 795 4939 ⁸
846 4905 935 4962 καὶ
967 4904 1164 4980 φίλους
1216 4905 1309 4977 μὲν
1352 4900 1607 4981 ὠφελεῖν,
1633 4902 1727 4962 τὰς
1767 4900 1824 4956 δὲ

187 4994 344 5051 αὐτῶν
390 4995 662 5073 πατρίδας
706 4995 760 5052 ἓν
800 5001 880 5070 τῷ
928 4994 1267 5073 παρασχόντι
1314 4998 1490 5050 ποιεῖν
1540 4990 1597 5047 εὗ
1632 5010 1644 5022 °
1696 4990 1822 5046 τού-

187 5102 280 5137 των
330 5084 679 5142 οόδοντινοῦν
726 5086 787 5141 τὸ
816 5086 1066 5161 παράπαν
1110 5082 1337 5159 ’ίσχουσι
1383 5081 1572 5157 λόγον,
1623 5080 1669 5152 ᾧ
1721 5078 1821 5152 μά-

189 5169 331 5230 λιστα
381 5179 602 5232 πάντων
658 5176 820 5252 λόγον
853 5170 1000 5250 ἔχειν
1050 5173 1245 5251 ἐχρῆν.
1280 5172 1468 5229 Καίτοι
1517 5171 1545 5225 ὁ
1588 5169 1682 5244 μὲν
1734 5168 1827 5224 λό-

188 5282 308 5336 γους
362 5264 528 5329 εἰδὼς
587 5265 804 5321 κάκεῖνα
853 5265 1252 5340 προσκτήσεται
1313 5260 1493 5332 δήπου
1526 5279 1538 5291 ·
1595 5257 1686 5313 καὶ
1747 5258 1825 5331 μή

188 5355 524 5430 κτησάμενος
584 5356 792 5430 μέντοι,
854 5354 1116 5430 γενναίως
1191 5351 1247 5407 εὗ
1308 5350 1454 5425 μάλα
1524 5347 1614 5404 καὶ
1694 5346 1828 5421 μετᾶ

190 5445 531 5516 Ῡρονήματος
556 5445 649 5500 τὸν
704 5441 1176 5517 ἄπανταδιαξεται
1222 5439 1423 5516 χρόνον
1454 5457 1467 5472 ⁸
1523 5438 1553 5492 ὁ
1600 5433 1657 5491 δὲ
1698 5436 1828 5490 τού-

187 5548 285 5583 των
334 5533 681 5615 ἀρεστηκὼς,
713 5532 810 5589 κᾶν
862 5534 1069 5609 εὐπορῇ
1110 5537 1218 5587 τῶν
1269 5527 1444 5589 Μίδου
1494 5526 1827 5603 χρημάτων,

189 5619 513 5697 θαυμάσαιμ’
544 5622 606 5678 ἃν
649 5623 693 5678 εἰ
730 5623 865 5697 μετᾶ
908 5625 1005 5680 τοῦ
1041 5622 1375 5697 τεταγμένου
1424 5618 1515 5675 καὶ
1546 5617 1826 5696 σώφρονος

194 5704 272 5765 διά
296 5709 488 5776 τέλους
525 5714 692 5790 βιῴη,
710 5711 856 5769 ἀλλὰ
889 5712 966 5789 μή
993 5713 1128 5789 πρὸς
1152 5705 1594 5787 ἀνδραποδώδεις
1624 5701 1828 5779 ἡδονὰς

1926 638 2266 693 memoriam
2326 639 2594 695 victorias
2645 646 3045 711 reportarunt;
3084 657 3250 709 quas,
3302 645 3367 695 ut
3417 639 3565 696 nihil

1926 746 2208 811 omittam,
2267 746 2587 801 foedissima
2644 748 2702 801 in
2761 746 2957 803 Sicilia
3008 747 3203 802 clades
3259 747 3331 801 ob
3393 745 3565 818 primi

1928 850 2179 906 militum
2211 851 2375 908 ducis
2408 852 2697 924 ignaviam
2731 862 2784 909 et
2828 854 3085 925 ipsorum
3119 853 3307 910 malas
3332 854 3566 925 cupidi—

1924 966 2071 1016 tates
2102 962 2299 1017 secula
2328 968 2448 1030 est;
2502 963 2768 1034 quamvis
2798 969 2937 1020 tunc
2981 964 3231 1020 maxime
3261 964 3566 1021 hominum

1928 1068 2303 1126 multitudine
2333 1076 2389 1125 et
2432 1072 2642 1142 opibus
2672 1072 2742 1127 ab
2783 1072 3001 1127 bellum
3034 1074 3350 1143 gerendum
3378 1088 3568 1129 neces-

1929 1174 2099 1230 sariis
2114 1191 2343 1232 omnem
2367 1177 2659 1248 Europam
2684 1178 2865 1233 armis
2893 1180 3205 1250 subjugare
3226 1195 3394 1251 posse
3415 1180 3570 1236 vide-

1929 1290 2142 1341 rentur.
2191 1282 2589 1357 Quodcunque
2636 1285 2817 1356 igitur
2866 1286 3047 1341 facere
3102 1285 3264 1342 vobis
3304 1288 3570 1359 proposi-

1929 1395 2051 1446 tum
2085 1396 2194 1459 est,
2226 1390 2309 1446 ita
2348 1392 2514 1448 facite
2560 1395 2627 1447 ut
2666 1391 2851 1448 bonus
2898 1392 3031 1448 inde
3079 1393 3207 1448 finis
3258 1392 3567 1464 proveniat.

1928 1500 1988 1556 Si
2020 1500 2172 1556 enim
2211 1500 2519 1556 bestiarum
2556 1516 2712 1557 more
2732 1500 2953 1557 nullius
2976 1502 3051 1558 rei
3073 1517 3267 1557 curam
3292 1500 3570 1560 habentes

1926 1609 2109 1680 ignari
2142 1611 2478 1665 sederemus
2541 1610 2901 1681 temporique
2954 1610 3281 1666 indolenter
3337 1611 3569 1668 cedere-

1931 1732 2078 1783 mus,
2129 1715 2277 1770 nihil
2326 1732 2466 1771 sane
2514 1715 2942 1787 perficeremus.
2997 1716 3142 1773 Huic
3192 1717 3371 1789 igitur
3417 1716 3569 1774 malo

1929 1824 2207 1880 remederi
2238 1840 2342 1879 nos
2399 1828 2622 1895 oportet
2651 1826 2753 1896 qui
2779 1825 2848 1880 de
2880 1825 3051 1885 rebus
3102 1823 3458 1881 deliberandi
3515 1828 3572 1882 et

1922 1936 2362 1992 commodorum
2398 1939 2729 1991 nostrorum
2763 1934 3043 1990 rationem
3073 1933 3314 1990 ineundi
3338 1934 3575 1991 faculta-

1922 2047 2039 2097 tem
2072 2042 2380 2108 habemus,
2413 2047 2469 2096 et
2499 2042 2555 2097 id
2588 2044 2742 2113 quod
2777 2043 3069 2098 tendimus
3087 2042 3483 2099 obtinebimus
3512 2046 3571 2099 et

1923 2166 2056 2208 cum
2091 2150 2348 2206 secunda
2378 2150 2612 2205 fortuna
2640 2152 2919 2207 vivemus.
2953 2151 3014 2207 Si
3043 2168 3075 2207 e
3104 2160 3306 2208 contra
3334 2166 3427 2206 res
3453 2151 3570 2207 mi-

1924 2273 2037 2312 nus
2077 2258 2222 2313 bene
2251 2259 2563 2314 succedent
2590 2262 2648 2313 et
2677 2257 2724 2314 si
2751 2259 2905 2330 quod
2946 2258 3271 2329 sperabatis
3300 2275 3413 2315 non
3450 2274 3576 2316 eve-

1926 2365 2032 2431 nit,
2063 2381 2161 2420 vos
2190 2364 2262 2420 ob
2294 2364 2351 2420 id
2386 2381 2500 2420 non
2549 2364 2711 2420 vobis
2740 2365 2994 2430 deeritis,
3026 2374 3081 2422 et
3110 2366 3255 2422 nihil
3285 2366 3570 2423 omittatis

1928 2486 2032 2542 pro
2063 2468 2213 2524 virili
2244 2474 2406 2541 parte
2452 2469 2603 2540 quod
2645 2486 2733 2526 res
2792 2470 3123 2540 desperatae
3180 2472 3569 2540 redintegrare

1929 2575 2139 2633 valeat.

2003 3032 2091 3086 22.
2126 3031 2289 3098 Quod
2324 3047 2414 3087 me
2444 3031 2630 3105 pridie
2662 3033 2912 3103 fugerat,
2936 3033 3057 3104 jam
3087 3032 3150 3087 in
3200 3033 3455 3086 mentem
3486 3042 3574 3085 re-

1937 3138 2125 3194 venit:
2160 3155 2361 3210 quare,
2395 3140 2549 3212 quod
2584 3139 2815 3211 publico
2846 3155 2971 3195 esse
2987 3138 3297 3196 commodo
3325 3137 3577 3203 videtur,

1854 3258 1897 3318 ε
1936 3246 1994 3303 in
2044 3247 2303 3303 medium
2362 3248 2674 3320 proferam.
2726 3246 2887 3303 Multi
2941 3250 3129 3319 patres
3169 3245 3385 3302 liberos
3444 3260 3582 3301 suos

1932 3354 2063 3425 plus
2093 3372 2265 3427 quam
2292 3373 2354 3413 se
2378 3356 2538 3428 ipsos
2562 3357 2809 3412 amando
2834 3360 3060 3429 patrum
3083 3355 3366 3412 bonorum
3388 3356 3578 3413 ofﬁcio

1929 3464 2261 3520 satisfacere
2291 3465 2405 3521 sibi
2435 3465 2725 3531 videntur,
2746 3463 3026 3536 neglectis
3055 3465 3273 3520 caeteris
3305 3466 3422 3521 fere
3444 3482 3577 3521 om-

1930 3570 2104 3628 nibus
2136 3587 2275 3640 quos
2304 3588 2417 3642 pre
2447 3571 2642 3628 lideris
2668 3588 2866 3628 amare
2896 3570 3095 3627 volunt
3118 3589 3132 3640 ;
3153 3576 3405 3629 attamen
3434 3571 3578 3643 ipsis

1930 3677 2127 3732 liberis
2156 3677 2215 3733 in
2248 3678 2604 3749 gravissimis
2636 3680 2814 3735 rebus
2865 3694 3067 3736 curam
3114 3694 3285 3751 quam
3328 3679 3580 3735 maxime

1930 3787 2153 3857 oportet
2186 3800 2300 3840 non
2325 3785 2690 3857 impendunt.
2722 3784 2882 3841 Nihil
2914 3784 3069 3841 enim
3101 3786 3452 3841 intentatum
3485 3800 3580 3841 re-

1932 3890 2209 3965 linquunt
2239 3896 2301 3947 ut
2323 3892 2448 3948 auri
2471 3893 2689 3966 grande
2714 3893 2962 3965 pondus,
2986 3907 3190 3965 greges
3213 3896 3270 3949 et
3289 3908 3456 3965 agros
3478 3892 3579 3947 im-

1932 4014 2168 4055 mensos
2200 3997 2352 4054 natis
2384 3998 2438 4054 in
2465 3998 2710 4055 articulo
2734 4000 2938 4056 mortis
2958 4000 3188 4056 tradant
3208 4018 3224 4069 ;
3248 4001 3320 4056 de
3343 4015 3576 4056 summo

1932 4110 2125 4162 autem
2160 4107 2420 4176 ipsorum
2470 4107 2643 4174 bono,
2678 4107 2832 4163 bona
2879 4107 3252 4163 institutione
3297 4116 3354 4162 et
3397 4106 3575 4163 disci-

1933 4211 2093 4285 plina
2120 4211 2348 4268 liberali
2388 4217 2445 4269 et
2504 4214 2803 4286 praceptis
2845 4228 3091 4285 quorum
3136 4213 3306 4269 venia
3336 4228 3454 4269 rem
3486 4212 3577 4267 fa-

1933 4317 2219 4374 miliarem
2252 4334 2461 4390 augere
2516 4335 2583 4375 ac
2635 4335 2975 4377 conservare
3023 4324 3281 4391 possent,
3333 4319 3577 4374 minime

1933 4434 2157 4482 curant.
2206 4426 2348 4482 Item
2401 4443 2515 4482 non
2565 4430 2894 4485 monstrant
2957 4429 3243 4499 quomodo
3295 4426 3468 4483 amici
3525 4429 3583 4482 et

1932 4534 2084 4590 cives
2117 4535 2435 4605 adjuvandi
2465 4535 2602 4591 sint.
2644 4538 2914 4592 Attamen
2944 4535 3042 4607 qui
3074 4535 3278 4592 litteris
3308 4535 3574 4591 imbutus

1930 4645 2038 4709 est,
2096 4641 2335 4697 fortuna
2383 4641 2769 4698 nihilominus
2817 4643 3166 4715 prospicere,
3215 4647 3273 4698 et
3314 4638 3575 4714 quamvis

1932 4768 2146 4822 pauper
2175 4751 2269 4821 sit,
2302 4752 2604 4810 honestam
2632 4753 2949 4825 transigere
2979 4752 3150 4808 vitam
3186 4750 3413 4823 poterit.
3462 4748 3572 4813 Qui

1931 4856 2085 4913 enim
2115 4858 2326 4914 virtute
2358 4865 2534 4929 caret,
2593 4860 2730 4915 licet
2774 4860 2933 4915 Mida:
2986 4874 3194 4914 aurum
3256 4855 3572 4928 possideat,

1929 4967 2128 5025 nescio
2158 4985 2230 5025 an
2258 4969 2503 5026 honeste
2534 4970 2706 5036 vivat,
2754 4970 2869 5025 imo
2913 4971 2973 5025 in
3020 4967 3250 5027 servilis
3298 4966 3422 5023 vita:
3452 4969 3579 5020 tur-

1934 5073 2255 5145 pitudinem
2280 5076 2843 5149 descendat,qu|ppe
2864 5075 2965 5147 qui
2986 5075 3312 5132 secundum
3337 5070 3578 5129 rationis

1935 5187 2218 5253 precepts
2254 5184 2443 5241 vivere
2472 5201 2587 5241 non
2617 5183 2840 5240 didicit.
