3982 6216
397 353 516 416 539

473 679 566 732 23.
599 677 959 748 Pauperibus
989 676 1122 734 dein
1161 683 1218 733 et
1273 677 1550 732 divitibus
1581 683 1780 734 auctor
1809 693 1940 734 sum
1975 693 2048 732 ne

408 784 558 842 ﬁlios
589 785 644 840 in
678 793 796 840 arte
824 785 1019 857 aliqua
1041 785 1411 842 instruendos
1440 786 1674 840 tradant
1705 785 2046 857 priusquam

403 910 435 948 a
465 897 662 948 tenera
689 897 855 948 atate
900 893 1146 948 Litteras
1177 909 1368 948 sacras
1400 892 1707 948 didicerint
1739 897 1796 947 et
1817 893 1900 946 sic
1923 891 2048 946 ani-

406 1017 569 1056 mum
600 999 982 1072 spiritualiter
1029 1000 1396 1056 nutriverint.
1444 999 1534 1055 Sic
1582 999 1736 1055 enim
1771 999 1932 1054 bona
1965 999 2048 1054 in-

405 1107 556 1164 dolis
587 1108 868 1164 beneﬁcio
895 1108 1034 1164 bene
1065 1108 1136 1162 de
1169 1107 1240 1164 iis
1274 1123 1506 1180 sperare
1547 1112 1820 1180 poterunt
1849 1122 2050 1180 paren-

407 1221 516 1286 tes,
535 1217 854 1272 dummodo
877 1216 986 1285 ipsi
1001 1217 1548 1287 cooperenturidem
1567 1215 1737 1288 quasi
1761 1221 2048 1270 certamen

409 1321 677 1378 ineuntes
709 1329 773 1377 ut
801 1323 976 1378 ﬁnem
1005 1321 1354 1380 laudabilem
1377 1325 1696 1394 attingant;
1720 1323 1810 1378 sin
1831 1323 2050 1390 minus,

408 1429 613 1488 saltem
647 1430 706 1486 in
739 1430 947 1486 litteris
979 1435 1034 1486 et
1059 1431 1285 1486 artibus
1342 1431 1626 1487 elementa
1665 1431 2046 1503 degustarint.

404 1537 551 1594 bene
581 1539 842 1608 persuasi
873 1538 1026 1608 quod
1065 1539 1264 1594 isthec
1285 1538 1358 1594 ad
1377 1539 1522 1594 bene
1538 1539 1844 1594 vivendum
1865 1536 2050 1609 pluri—

403 1659 566 1698 mum
599 1643 998 1710 contribuunt,
1043 1646 1362 1717 praesertim
1415 1645 1514 1700 ubi
1563 1645 1891 1702 litterarum
1935 1647 2052 1698 stu-

411 1751 574 1806 dium
626 1751 852 1808 artibus
909 1755 1254 1810 associatur.
1313 1753 1402 1808 Sic
1467 1753 1846 1810 Athenienses
1902 1749 2051 1805 ﬁlios

413 1860 561 1914 mari
597 1863 1030 1936 assuescebaut,
1081 1867 1148 1918 ut
1194 1863 1332 1918 artis
1383 1861 1666 1918 maritima
1715 1858 2052 1934 peritissimi
2085 1852 2132 1918 B

411 1967 636 2024 fierent.
657 1970 773 2026 Nos
805 1970 1090 2044 praecipue
1106 1987 1240 2026 vero
1262 1969 1582 2042 quiCbristi
1607 1969 1813 2024 fratres
1844 1983 2050 2024 sumus

409 2081 466 2130 et
493 2079 593 2150 qui
623 2079 960 2149 praeclarum
989 2096 1057 2134 ac
1091 2079 1422 2134 mirandum
1457 2094 1668 2134 nomen
1701 2077 2050 2132 Christiano-

409 2203 540 2242 rum
573 2205 1005 2260 nuncupamus.
1039 2203 1154 2244 non
1187 2192 1416 2243 tantum
1451 2187 1651 2242 isthasc
1692 2191 1826 2241 ante
1855 2185 2052 2240 omnia

404 2293 592 2350 facere
623 2299 680 2350 et
711 2293 862 2350 ﬁlios
885 2300 1116 2352 nostros
1143 2309 1478 2350 assuescere
1511 2293 1813 2364 debemus,
1847 2295 1940 2348 sed
1991 2301 2051 2348 ut

404 2399 638 2456 initium
674 2409 728 2456 et
763 2402 938 2458 ﬁnem
993 2401 1396 2474 operationum
1451 2405 1784 2456 nostrarum
1817 2398 2049 2454 intueri.

401 2507 494 2563 Sic
525 2508 680 2563 enim
715 2509 1080 2581 potissimum
1132 2524 1550 2580 cognoscemus
1583 2507 1682 2579 qui
1715 2508 1898 2562 simu
1925 2523 1940 2572 ;
1971 2507 2054 2560 sic

407 2615 676 2672 virtutem
711 2616 1131 2688 amplectamur
1177 2621 1234 2672 et
1283 2615 1680 2672 exercebimus
1728 2615 2050 2671 secundum

401 2723 612 2779 excelsi
652 2725 902 2780 doctoris
949 2724 1312 2780 mandatum.
1367 2725 1473 2789 Qui
1505 2725 1685 2792 enim,
1719 2729 1784 2778 ut
1816 2723 2050 2792 debent,

403 2833 625 2890 atribus
657 2835 988 2890 ediscendis
1015 2849 1254 2904 operam
1305 2838 1517 2890 navant
1564 2839 1620 2889 et
1651 2833 1887 2888 feliciter
1919 2849 2048 2904 pro-

403 2941 766 3012 grediuntur,
801 2943 870 2997 iis
918 2943 1114 2998 datum
1153 2947 1241 2998 est
1285 2943 1352 2996 ad
1399 2957 1694 2996 summum
1749 2939 2047 3010 fastigium

406 3049 715 3104 ascendere
745 3053 800 3104 et
829 3050 1046 3106 caeteris
1093 3049 1365 3105 omnibus
1397 3047 1591 3120 gloriae
1613 3045 1862 3120 palmam
1897 3061 2047 3118 pree-

406 3155 612 3228 ripere.
640 3157 782 3222 Quia
820 3158 977 3213 enim
1008 3161 1065 3212 in
1107 3157 1270 3212 libris
1301 3157 1608 3212 historiam
1653 3157 2050 3224 cognoverunt

1702 355 1804 414 ΤΗ
1815 355 2098 418 EODULI
2145 355 2496 418 MONACHI

2071 491 2126 558 Α
2157 487 2476 558 ἀποκλίνας,
2519 489 2720 558 ὑπέρου
2757 489 3090 563 γυμνότερος
3139 488 3190 542 έν
3231 488 3428 564 βραχεῖ
3473 487 3804 556 κατασταίη,

3723 157 3734 179 ι

3689 355 3801 414 540

2162 579 2239 648 μή
2277 579 2440 652 λόγον
2466 576 2646 652 ’ίσχων
2681 579 3075 650 σωφρονιστήν.

2229 669 2325 740 κγ’.
2375 673 2526 724 Ταῦτ’
2577 665 2677 737 ἄρα
2723 667 2814 721 καὶ
2865 667 3060 735 πένησι
3107 667 3198 720 καὶ
3249 665 3536 726 πλουσίοις
3591 662 3806 720 κελεύω

2163 759 2236 830 μή
2283 757 2544 832 πρότερον
2596 757 2670 818 εἷς
2715 756 2908 831 τέχνας
2961 753 3026 824 δή
3077 777 3223 817 τινας
3269 755 3397 818 τοὺς
3435 756 3572 816 υἱεῖς
3621 775 3812 828 παρα-

2157 848 2414 918 πέμπειν,
2447 847 2574 918 πρὶν
2620 843 2678 900 ἂν
2727 845 2923 908 αὐτοὺς
2975 845 3138 920 ἄχρις
3184 841 3420 916 ἥϐης,ἤ
3471 845 3562 900 καὶ
3611 845 3811 917 μικρὸν

2158 937 2263 1008 πρὸ
2320 943 2419 1004 τῆς
2471 931 2639 1006 ἥϐης,
2697 933 3010 1010 γράμμασιν
3069 936 3239 1010 ἱεροῖς
3301 931 3658 998 ἐκπαιδεύειν,
3717 933 3810 988 καὶ

2159 1025 2305 1080 οὕτω
2365 1028 2463 1094 τήν
2519 1031 2668 1106 σφῶν
2723 1027 2907 1100 ψυχήν
2965 1026 3387 1096 κατατρίζοντας
3445 1026 3533 1080 καὶ
3595 1045 3812 1098 προκα-

2159 1116 2462 1182 θιστάντας,
2521 1115 2606 1170 ἐὰν
2689 1116 2782 1186 μὲν
2861 1113 2918 1170 εὖ
2983 1113 3156 1190 ἔχωσι
3229 1113 3454 1192 φύσεως,
3509 1113 3600 1168 καὶ
3675 1117 3810 1168 θαυ-

2164 1205 2366 1276 μαστάς
2415 1225 2562 1266 τινας
2611 1203 2846 1260 έντεῦθεν
2909 1205 3228 1260 ὑποτείνωσι
3285 1205 3380 1266 τὰς
3435 1201 3694 1272 ἐλπίδας,
3745 1203 3805 1257 οὗ

2163 1293 2324 1364 μόνον
2357 1293 2551 1356 αὐτοὺς
2579 1293 2664 1364 ὲᾷν
2704 1295 2905 1364 ταύτην
2949 1294 3022 1356 εἰς
3065 1292 3224 1356 τέλος
3265 1295 3458 1362 σώζειν
3497 1293 3597 1360 τὴν
3633 1295 3806 1362 τάξιν,

2159 1379 2307 1436 ἀλλὰ
2361 1384 2450 1436 καί
2505 1380 2608 1444 ἓως
2665 1381 2831 1453 ἔξεστι
2897 1382 3186 1454 ξυμπονεῖν
3245 1382 3333 1436 καὶ
3411 1383 3810 1456 ξυμπράττειν,

2161 1471 2250 1524 καὶ
2301 1471 2454 1526 πάντ’
2503 1471 2686 1532 αὐτοῖς
2737 1471 3184 1546 συναγωνίζεσθαι
3231 1469 3432 1544 τρόπον
3465 1490 3478 1502 ·
3535 1471 3610 1532 ὡς
3685 1469 3810 1544 μέγ’

2159 1559 2358 1626 ἀγαθὸν
2417 1559 2695 1628 ἔσομενοις
2751 1565 2830 1632 τῷ
2887 1563 2992 1634 βίῳ
3053 1559 3262 1638 φύσεώς
3327 1581 3384 1615 τε
3443 1561 3640 1634 ῥώμης
3717 1561 3808 1614 καὶ

2161 1647 2428 1718 σπουδῆς,
2496 1650 2585 1706 καὶ
2643 1651 2716 1704 ὧν
2779 1651 2920 1712 εἰκὸς
2977 1649 3383 1704 συνελθόντων·
3441 1649 3527 1704 ἐὰν
3581 1647 3640 1704 δὲ
3705 1651 3810 1720 μή,

2161 1739 2274 1792 τότ’
2325 1736 2430 1808 ἤδη
2474 1741 2562 1794 καὶ
2611 1741 2671 1794 τὸ
2702 1745 2808 1794 τῶν
2855 1743 3064 1817 τεχνῶν
3113 1738 3165 1792 ἐν
3215 1745 3411 1812 καιρῷ,
3445 1739 3518 1800 ὡς
3569 1737 3630 1792 ἃν
3683 1739 3812 1793 Ex:-

2161 1827 2391 1902 τέρωθεν
2455 1833 2552 1882 τοῦ
2605 1849 2663 1884 τε
2721 1827 2874 1905 λόγῳ
2925 1829 3014 1883 καὶ
3073 1826 3290 1896 παιδείᾳ
3357 1829 3806 1902 στοιχειωθῆναι,

2159 1921 2256 1970 τοῢ
2285 1937 2342 1972 τε
2371 1919 2438 1972 τὰ
2469 1919 2604 1990 πρὸς
2657 1915 2860 1972 δίαιταν
2895 1917 2951 1972 εὖ
3003 1915 3154 1990 μάλα
3197 1917 3370 1992 σφίσιν
3417 1917 3600 1978 αὐτοῖς
3633 1916 3812 1971 ἐκπο-

2163 2007 2327 2082 ρίζειν
2377 2005 2596 2078 εἷδὲναι,
2637 2007 2904 2064 κάλλιστα
2945 2009 3036 2063 καὶ
3087 2009 3162 2070 ὡς
3211 2010 3382 2083 ἓχρῆν
3431 2012 3677 2082 χρῶνται
3723 2011 3810 2078 τῷ

2163 2098 2270 2170 βίῳ
2305 2118 2316 2130 ·
2363 2100 2454 2154 καὶ
2489 2099 2708 2172 μάλισθ’
2751 2099 2876 2154 ὅταν
2911 2101 3048 2172 μετὰ
3093 2101 3192 2168 τήν
3241 2104 3348 2154 τῶν
3393 2101 3602 2173 τεχνῶν
3631 2099 3806 2173 ἀσχο-

2161 2187 2282 2242 λίαν
2341 2188 2738 2263 ἐνασχολῶνται
2797 2185 3060 2262 βιϐλίοις.
3107 2190 3298 2245 Καίτοι
3357 2189 3404 2244 εἷ
3457 2190 3606 2250 ὅπως
3665 2189 3810 2264 κρα-

2157 2277 2332 2332 τιστοί
2387 2299 2528 2340 τινες
2585 2280 2682 2334 εἶεν
2741 2280 3015 2348 Ἀθηναῖοι
3069 2280 3134 2334 τὰ
3188 2280 3430 2347 ναυτικὰ,
3481 2279 3638 2334 πλεῖν
3699 2279 3808 2348 πρὸ

2159 2373 2266 2422 τῶν
2321 2365 2509 2424 ἄλλων
2563 2367 2692 2432 τοὺς
2751 2369 2947 2431 παῖδας
3009 2367 3308 2438 ἐδίδασκον,
3367 2371 3458 2424 καὶ
3535 2369 3807 2424 θάλατταν

2159 2457 2454 2530 προοίμιον
2485 2461 2756 2514 ποιεῖσθαι
2793 2465 2890 2514 τοῦ
2942 2459 3061 2534 βίου
3097 2481 3110 2493 ·
3226 2463 3322 2514 τοῦ
3355 2479 3416 2534 γε
3467 2457 3614 2514 πολὺ
3671 2457 3816 2530 μᾶλ-

2163 2545 2260 2602 λον
2313 2549 2475 2620 ἡμεῖς
2525 2549 2575 2604 οἱ
2627 2553 2723 2604 τοῖ’)
2771 2553 3012 2622 Χριστοῦ
3057 2550 3338 2618 κοινωνοὶ,
3377 2550 3468 2604 καὶ
3513 2550 3612 2616 τήν
3665 2549 3816 2624 μεγί-

2159 2657 2291 2706 στην
2325 2637 2413 2692 καὶ
2466 2639 2778 2710 θαυμαστὴν
2823 2638 3024 2708 ταύτην
3073 2638 3238 2694 αὐτοῦ
3287 2639 3595 2713 πρόσρησιν
3649 2657 3812 2710 περι-

2161 2726 2422 2798 κείμενοι,
2475 2727 2766 2804 ὑερείλομεν
2813 2729 2898 2782 καὶ
2951 2725 3153 2784 δίκαιοι
3203 2730 3422 2789 πάντως
3479 2726 3665 2800 ἐσμὲν,
3727 2729 3812 2800 μὴ

2165 2817 2325 2888 μόνον
2371 2815 2798 2892 προύργιαίτερα
2845 2818 3116 2872 ποιεῖσθαι
3162 2819 3228 2872 τὰ
3277 2817 3496 2878 τούτου.
3556 2817 3648 2872 καὶ
3691 2825 3811 2879 τοῖς

2159 2906 2312 2958 παισὶ
2355 2907 2462 2978 πρὸ
2507 2911 2616 2960 τῶν
2665 2905 2856 2960 ἄλλων
2903 2908 3052 2962 ταῦτ’
3111 2906 3470 2981 εἰσηγεῖσθαι,
3525 2905 3674 2964 ἀλλὰ
3717 2907 3814 2960 καὶ

2160 2999 2350 3066 πρῶτα
2379 2999 2484 3048 τῶν
2525 2992 2712 3050 ἄλλων
2763 2997 3039 3066 ἁπάντων,
3073 2995 3160 3050 καὶ
3195 2996 3328 3068 μέσα
3377 2995 3468 3051 καὶ
3519 2995 3810 3050 τελευταῖα

2158 3087 2324 3138 ταῦτα
2379 3085 2694 3139 ποιεῖσθαι·
2757 3083 2808 3140 έν
2868 3083 3045 3156 τούτῳ
3101 3084 3202 3159 γὰρ
3258 3081 3372 3138 ἔστι
3441 3085 3532 3140 καὶ
3589 3087 3654 3139 τὸ
3719 3107 3810 3158 γι-

3781 3177 3808 3190 θ’

2159 3175 2384 3230 νώσκειν
2435 3169 2700 3250 ἀκριϐῶς,
2749 3177 2880 3250 ὅπερ
2931 3176 3112 3247 ἐσμὲν,
3161 3177 3249 3230 καὶ
3307 3176 3446 3250 πρὸς
3505 3176 3702 3249 ἀρετήν
3755 3177 3808 3230 εὗ

403 3261 474 3316 de
513 3265 840 3331 temporum
899 3268 957 3318 et
1011 3261 1272 3317 locorum
1329 3261 1759 3333 opportunitate
1815 3261 2048 3331 quando

2316 3229 2325 3230 ί
2472 3229 2525 3250 fill
2612 3229 2700 3244 η’.
2760 3229 2766 3230 7
2808 3229 2871 3250 ῨῨΓ
2940 3229 2945 3230 ⁷
2995 3229 3112 3247 ri"
3164 3229 3208 3230 7M
3353 3229 3445 3250 [⁷⁷
3512 3229 3668 3249 ’t""l
3760 3229 3773 3230 γ

2163 3260 2484 3330 διακεῖσθαι,
2536 3265 2624 3318 καὶ
2677 3263 2877 3334 ταύτης
2943 3265 3160 3336 μάλιστ’
3219 3265 3616 3320 ἀντιποιεῖσθαι
3671 3267 3810 3320 κατά

399 3367 552 3424 bella
585 3375 725 3426 sunt
771 3371 1022 3442 gerenda
1071 3373 1431 3442 cognoscunt
1474 3369 1807 3439 optimeque
1860 3369 2058 3424 sciunt

400 3481 588 3533 contra
620 3493 768 3546 quos
799 3477 1225 3546 dimicandum,
1256 3482 1316 3534 et
1345 3481 1549 3532 contra
1600 3493 1745 3548 quos
1788 3491 1904 3531 non
1945 3483 2052 3542 est,

411 3591 468 3643 et
497 3587 652 3660 quod
685 3587 948 3645 faciendo
979 3592 1080 3644 aut
1109 3587 1353 3644 victores
1385 3591 1485 3641 aut
1513 3585 1648 3642 victi
1703 3589 1894 3642 erunt.
1945 3585 2052 3648 Qui

415 3703 630 3766 autem,
676 3697 872 3754 minus
901 3699 1047 3755 bene
1087 3696 1363 3766 instituti,
1396 3695 1474 3752 nil
1507 3695 1619 3752 nisi
1653 3713 1816 3751 arma
1845 3694 2054 3762 sciunt,

413 3808 450 3862 ii
489 3809 738 3864 ferarum
771 3809 944 3866 modo
967 3809 1024 3863 in
1049 3807 1563 3864 deliberationibus
1585 3809 1642 3860 et
1663 3805 1719 3860 in
1747 3803 2056 3876 pugnando

407 3931 566 3986 usque
597 3917 1029 3988 pracipitanter
1048 3919 1254 3988 agunt,
1281 3921 1338 3970 et
1355 3919 1550 3970 tamen
1577 3913 1794 3985 smpius
1815 3911 2054 3966 victores

405 4023 704 4088 recedunt,
735 4023 796 4078 in
829 4038 968 4094 pace
1001 4021 1188 4078 rudes.
1224 4020 1537 4090 Eurydices
1561 4019 1891 4090 exemplum
1939 4017 2056 4070 mi—

405 4131 672 4200 randum,
707 4131 823 4186 imo
855 4130 1204 4186 imitandum
1228 4131 1504 4200 reperias,
1537 4144 1668 4199 quae
1689 4125 2052 4182 cumliberos

407 4253 549 4293 suos
604 4237 814 4292 mirum
875 4237 936 4292 in
997 4237 1234 4294 modum
1294 4241 1534 4306 amaret,
1585 4231 2055 4306 sapientiamque

409 4359 612 4400 eorum
643 4345 857 4402 animis
887 4345 1195 4400 infundere
1243 4347 1500 4416 cuperet,
1552 4341 1831 4414 magistro
1859 4343 2054 4394 amoto

407 4453 536 4524 ipa
565 4451 710 4524 ipsis
741 4452 1023 4524 magistra
1065 4467 1194 4508 esse
1223 4452 1427 4517 voluit,
1459 4451 1610 4522 quod
1661 4463 1791 4504 cum
1833 4463 1934 4518 per
1981 4447 2056 4502 fe-

405 4561 621 4616 minam
655 4557 942 4632 illyricam
973 4559 1396 4630 barbaramque
1443 4555 1640 4629 perﬁci
1675 4571 1789 4610 non
1833 4557 2050 4626 posset,

403 4685 519 4724 una
551 4683 680 4724 cum
709 4667 861 4723 natis
891 4665 1290 4722 adolescentiae
1321 4663 1516 4720 studia
1537 4661 1869 4728 renovavit;
1895 4659 2046 4732 quod

404 4776 641 4850 quidem
673 4775 817 4831 adeo
849 4775 994 4830 bene
1023 4773 1215 4842 cessit,
1265 4777 1330 4828 ut
1379 4771 1562 4827 musis
1609 4769 1784 4826 hocce
1815 4783 2046 4824 carmen

407 4883 683 4940 obtulerit
713 4889 779 4941 ut
809 4889 864 4940 et
889 4899 990 4954 pro
1023 4899 1084 4939 se
1115 4883 1238 4954 ipsa
1267 4881 1484 4954 gratias
1515 4881 1710 4952 ageret
1731 4880 1786 4933 et
1805 4879 2046 4934 caeteros

405 4996 670 5048 moneret
707 4996 774 5047 ut
801 5007 1034 5048 summo
1083 5005 1216 5046 cum
1246 4989 1450 5044 ardore
1479 4987 1796 5042 liberorum
1827 4985 2047 5038 educa-

403 5099 548 5154 tioni
581 5100 1013 5156 incumberunt.
1045 5097 1147 5154 Est
1177 5103 1370 5154 autem
1401 5092 1808 5166 hujuscemodi
1835 5107 1848 5146 :

2117 3401 2136 3412 ,
2163 3355 2224 3406 τὸ
2271 3351 2478 3408 ἐκείνου
2523 3353 2742 3408 κελεῦον
2779 3373 2790 3384 ·

2841 3353 2956 3408 ἐπεὶ
3007 3353 3094 3408 καὶ
3141 3359 3258 3414 τοὶς
3304 3353 3374 3408 τὰ
3419 3355 3650 3409 τακτικὰ
3711 3375 3808 3426 με-

2162 3447 2388 3514 τιοῦσιν,
2437 3446 2518 3504 οἷς
2572 3444 2665 3514 μὲν
2725 3443 3006 3517 ἀπῆρχθαι
3065 3443 3270 3498 τούτων
3331 3443 3508 3498 αὐτῶν
3565 3443 3806 3498 ἐντεῦθεν

2165 3530 2390 3604 ὑπῆρξε,
2447 3533 2664 3592 τούτοις
2729 3531 2822 3602 μὲν
2881 3531 3118 3606 ἀρίστοις
3187 3533 3317 3586 εἶναι
3393 3531 3642 3604 περίεστι
3715 3533 3804 3586 καί

2165 3627 2378 3694 κρατεῖν
2435 3621 2760 3694 ἑκασταχοῦ.
2823 3623 2898 3676 Δι’
2953 3622 3024 3674 ὧν
3081 3623 3188 3694 γὰρ
3247 3622 3500 3676 ἑκάστοτε
3565 3617 3806 3694 βιϐλίοις

2163 3709 2254 3764 καὶ
2291 3716 2520 3786 γραφαῖς
2573 3708 2888 3782 ὁμιλοῦσιν,
2924 3709 3070 3764 ἳσασι
3121 3711 3258 3766 πάνυ
3309 3711 3535 3782 καιροὺς
3583 3711 3678 3764 καὶ
3727 3713 3810 3764 τό-

2163 3821 2300 3864 πους
2347 3797 2620 3872 πολέμου,
2679 3800 2765 3854 καὶ
2821 3800 2928 3854 τίσι
2971 3797 3052 3854 δεῖ
3115 3803 3498 3875 μεμαχῆσθαι,
3555 3801 3650 3855 καὶ
3701 3801 3802 3854 τίσι

2167 3891 2268 3963 μή,
2299 3891 2388 3944 καὶ
2435 3890 2508 3951 ὡς
2545 3889 2612 3944 τὰ
2659 3891 2744 3944 καὶ
2795 3891 2862 3944 τὰ
2899 3894 3204 3954 ποιοῦντες,
3233 3895 3322 3946 νῦν
3371 3891 3466 3963 μὲν
3519 3891 3800 3964 περιέσον-

2161 3999 2272 4046 ται,
2305 3983 2392 4034 νῦν
2427 3976 2472 4034 δ’
2522 3981 2850 4050 ἡττήσονται
2887 3999 2898 4012 °
2931 3980 3059 4041 τοὺς
3089 3977 3146 4034 δὲ
3195 3981 3272 4052 μὴ
3301 3980 3468 4054 ταύτῃ
3524 3978 3799 4052 διακειμέ-

2163 4090 2310 4138 νους,
2367 4069 2458 4123 καὶ
2517 4067 2681 4122 πλέον
2745 4066 2896 4124 οὐδὲν
2953 4067 3142 4124 ὅπλων
3203 4067 3438 4139 εἰδότας,
3491 4069 3618 4126 ἀλλ’
3661 4067 3798 4142 ἀμφὶ

2161 4159 2306 4213 ταῦτ’
2339 4155 2568 4232 ἔχοντας
2615 4157 2804 4230 μόνον,
2829 4155 2972 4218 ’ίδοις
3003 4157 3063 4212 ἂν
3113 4158 3302 4230 ἀλόγῳ
3345 4158 3528 4234 θράσει
3569 4159 3802 4233 χρωμέ-

2161 4267 2286 4310 νους
2333 4247 2586 4320 καὶπερὶ
2641 4245 2846 4320 βουλὰς
2903 4267 2960 4301 τε
3015 4245 3105 4302 καὶ
3163 4249 3378 4320 πράξεις
3431 4251 3528 4302 τοῦ
3587 4245 3802 4308 δέοντος

2163 4336 2511 4412 ὑστεροῦντας
2542 4355 2554 4366 ’
2607 4335 2656 4404 ἐξ
2697 4337 2772 4390 ὧν
2823 4337 2898 4398 ὡς
2953 4338 3020 4392 τὰ
3073 4334 3260 4392 πολλὰ
3317 4335 3656 4414 σφάλλεσθαι
3711 4337 3800 4390 καὶ

2161 4427 2408 4480 νικᾶσθαι
2457 4419 2736 4498 ξυμϐαίνει
2771 4445 2784 4458 ·
2845 4425 2888 4480 εἰ
2947 4423 3004 4480 δὲ
3047 4427 3136 4482 καὶ
3193 4427 3490 4500 κατορθοῦν
3551 4425 3800 4501 ἔχουσιν,

2159 4513 2305 4570 ἀλλὰ
2369 4521 2550 4588 μεῖζον
2601 4515 2660 4570 ἂν
2719 4515 2786 4584 ἦν
2847 4515 3030 4576 αὐτοῖς
3083 4515 3612 4589 παρεσκευασμένοις
3667 4515 3804 4570 ἐκεί-

2079 4611 2128 4677 Ῑ)
2159 4627 2286 4668 νως.
2337 4605 2408 4660 Τὸ
2453 4603 2510 4660 δὲ
2557 4612 2655 4674 τῆς
2717 4603 3023 4679 Εὐρυδίκης
3075 4605 3165 4660 καὶ
3217 4611 3402 4678 μεῖζον
3447 4605 3714 4680 ἀτεχνῶς,

2161 4693 2298 4750 ὥστε
2347 4695 2637 4768 θαυμάζειν
2689 4687 2834 4768 ἔχειν
2881 4693 3065 4763 ἀξίως,
3121 4696 3194 4766 μή
3247 4695 3298 4750 τί
3348 4715 3410 4768 γε
3467 4693 3554 4750 καὶ
3609 4699 3796 4767 μιμεῖ-

2159 4787 2328 4838 σθαι·
2391 4783 2608 4860 λέγεται
2665 4783 2768 4858 γὰρ
2827 4783 2901 4845 ὡς
2959 4781 3148 4852 ἐπειδὴ
3207 4783 3551 4860 φιλοτεκνίας
3621 4783 3796 4845 οὕτως

2152 4875 2320 4952 εἶχεν,
2386 4873 2460 4936 ὡς
2507 4877 2596 4929 καὶ
2647 4873 2834 4950 σοφίαν
2893 4879 3010 4936 ταῖς
3059 4877 3234 4930 αὐτῶν
3295 4874 3522 4930 ἐνθεῖναι
3583 4879 3790 4948 ψυχαῖς

2151 4963 2274 5037 περῖ
2305 4962 2563 5018 πλείστου
2613 4965 2904 5034 ποιεῖσθαι,
2935 4959 3196 5018 ἐϐούλετο
3231 4965 3324 5034 μὶν
3373 4964 3434 5018 οὐ
3483 4961 3794 5034 διδάξασθαι

2149 5055 2394 5116 τούτους,
2427 5051 2554 5108 ἀλλ’
2595 5050 2731 5120 αὒτή
2768 5051 2944 5122 δήπου
2973 5051 3040 5108 ti
3087 5057 3312 5108 τοιαῦτα
3351 5049 3560 5125 διδάξαι
3595 5071 3608 5082 ·
3643 5053 3798 5124 ἀμή-

2153 5163 2318 5216 χανον
2381 5139 2436 5196 δὲ
2489 5143 2819 5198 παντάπασιν
2872 5141 2938 5210 ἦν
3014 5139 3294 5214 Ἰλλυρίδα
3351 5141 3440 5196 καὶ
3521 5135 3794 5216 βάρϐαρον

2153 5229 2340 5302 οὖσαν,
2395 5231 2494 5304 tiqui
2535 5235 2633 5296 τῆς
2680 5229 2904 5300 ἡλικίας
2947 5231 3112 5306 ἧφθαι
3163 5227 3410 5292 παιδείας
3445 5249 3457 5260 ·
3513 5231 3598 5284 καὶ
3649 5229 3794 5284 οὕτω

2153 5323 2212 5376 τὸ
2273 5319 2708 5393 σπουδαζόμενον
2783 5318 3036 5376 κάλλιστ’
3109 5319 3316 5390 ἀνῦσαι,
3375 5321 3449 5382 ὡς
3525 5319 3614 5374 καί
3675 5325 3794 5380 ταῖς

2158 5410 2384 5483 μούσαις
2433 5411 2584 5466 ταῦτ’
2633 5411 2901 5468 ἀναθεῖναι
2951 5411 3016 5466 τὰ
3075 5409 3198 5480 ἔπη,
3253 5411 3393 5482 ὁμοῦ
3453 5409 3546 5483 μὶν
3601 5407 3792 5471 αὐταῖς

2153 5502 2314 5574 χάριν
2347 5497 2544 5570 εἰδυῖα,
2575 5501 2715 5574 ὁμοῦ
2747 5497 2804 5554 δέ
2851 5499 2940 5554 καὶ
2979 5499 3362 5574 προτρέπουσα
3407 5497 3533 5560 τοὺς
3585 5497 3794 5560 ἄλλους

2147 5595 2322 5646 πᾶσαν
2357 5589 2490 5665 ὑπὲρ
2521 5593 2627 5646 τῶν
2659 5587 2864 5648 παίδων
2897 5588 3160 5668 εἰσφέρειν
3193 5585 3456 5660 σπουδήν.
