3982 6216
3378 364 3494 424 542

1775 500 1822 563 Α
1925 498 2198 571 Eurydice
2256 499 2661 568 Hisropolitana
2721 499 2879 556 hosce
2960 515 3144 556 versus
3222 501 3497 554 consecrat

1853 588 2027 641 musis
2055 607 2074 642 :
2106 584 2189 642 Ea:
2209 587 2479 643 laudabili
2509 587 2775 642 desiderio
2816 588 3052 656 litteras,
3084 587 3352 643 orationis
3369 588 3499 656 fun-

1856 671 2119 729 damenta
2148 691 2260 729 una
2290 691 2409 729 cum
2441 676 2592 728 natis
2629 673 2870 728 edidicit.

150 361 238 419 5U
1107 361 1395 422 ORATIO
1441 361 1542 428 DE
1586 359 2088 430 SUBDITORUI
2134 366 2484 430 OFFICllS.

148 487 436 577 Εὐρυδίκη
478 489 990 577 Ἱεραπολιῆτις
1034 490 1212 577 τῷδ’
1252 491 1532 577 ἀνέθιηκε

207 560 486 629 Μούσαις,
527 560 796 617 εῧϊστον
1050 563 1296 618 ἑλοῦσα
1341 560 1565 619 πόθον.

207 636 940 688 ›ααιιαταγὰο.ιινηιιεῖα
1013 635 1565 688 όγων,ιιήτηονεοι

150 636 624 709 Γραμ-ματαγαρ,
648 640 940 709 μνημεῖα
963 635 1444 709 λό-γων,μήτηρ
1468 641 1747 708 γεγαυῖα

207 701 427 761 astam
467 701 814 773 ἡϐώντων,
854 701 1230 777 ἐξεπόνησε
1261 701 1493 779 μαθεῖν
1533 701 1632 780 (ἰ).

207 844 284 901 κδ’.
313 849 421 901 ’Ἐτι
448 847 629 902 τοίνυν
673 845 974 924 φυλακτέον
1025 848 1152 920 ὑμῖν
1204 846 1317 903 ἐστὶ
1365 849 1565 910 παντὸς
1614 848 1749 921 μᾶλ-

154 937 242 1004 λον,
272 939 336 1007 μὴ
381 935 585 1006 λάθητε
633 937 760 997 τοὺς
806 933 1001 998 παῖδας
1051 938 1136 998 οἷς
1174 936 1273 991 οὐκ
1317 936 1488 1012 ἐχρῆν
1533 937 1748 1010 ἐπιτρέ-

152 1029 298 1097 ψαντες
353 1031 669 1101 σοφισταῖς“
731 1023 858 1081 ἀλλ’
916 1024 1069 1100 εἴπερ
1143 1025 1317 1080 αὐτῶν
1387 1029 1512 1100 ὑμῖν
1595 1027 1748 1099 μέλει

151 1117 263 1175 ὅπως
305 1115 422 1175 τούς
471 1136 530 1170 τε
581 1114 778 1191 λόγους
827 1118 928 1186 τήν
976 1137 1034 1169 τε
1083 1117 1267 1189 ψυχὴν
1322 1112 1529 1171 ἔσονται
1567 1114 1752 1190 βέλτι-

150 1223 259 1267 στοι,
286 1205 361 1257 καὶ
395 1203 810 1266 λυσιτελοῦντες
845 1205 993 1281 σφίσι
1027 1225 1086 1260 τε
1115 1203 1301 1266 αὐτοῖς
1347 1207 1436 1259 καὶ
1489 1211 1604 1266 τοῖς
1652 1204 1750 1260 ἆλ-

145 1289 258 1361 λοις,
285 1287 517 1347 ἔστωσαν
553 1296 726 1364 οὗτοι,
759 1293 820 1348 οὐ
861 1290 1134 1348 παιδεύειν
1179 1295 1273 1368 μὲν
1322 1293 1539 1368 ἁγαθοὶ,
1573 1296 1752 1349 σκαιοὶ

142 1379 176 1434 δ’
225 1381 390 1444 ἄλλως
447 1383 541 1438 καὶ
601 1383 950 1462 διεφθορότες
1012 1383 1138 1446 τοὺς
1197 1384 1454 1458 τρόπους,
1516 1383 1628 1438 οὐδ’
1687 1381 1751 1437 αὖ

139 1473 333 1544 γρῃστοὶ
367 1474 461 1544 μὲν
493 1473 585 1527 καὶ
617 1473 901 1542 ἐπιεικεῖς,
940 1474 1042 1527 ὑπὸ
1075 1470 1134 1527 δὲ
1177 1473 1526 1551 τραυλότητος
1570 1473 1752 1546 λόγων

140 1560 489 1634 λυμαινόμενοι
557 1559 735 1632 δήπου
787 1567 904 1623 τοῖς
959 1564 1142 1624 νέοις·
1196 1562 1322 1616 ἀλλ’
1375 1560 1466 1622 οὓς
1526 1556 1750 1622 ἅπαντες

141 1647 257 1702 ἴσασι
300 1650 381 1703 καὶ
432 1649 617 1725 λόγων
666 1651 822 1726 ἰσχὺν
873 1652 962 1705 καὶ
1011 1653 1132 1725 βίον
1174 1650 1529 1722 κατάλληλον
1562 1673 1752 1720 κεκτη·

144 1740 300 1804 μένους
327 1745 437 1802 τοῖς
469 1739 670 1814 λόγοις
696 1759 707 1770 ·
738 1740 827 1795 καὶ
860 1741 962 1795 οὐκ
1004 1740 1063 1794 ἂν
1114 1738 1301 1803 ἄλλως
1351 1739 1438 1810 ε’ίη
1489 1741 1750 1814 γενέσθαι,

1928 855 2016 908 24.
2052 853 2197 908 Illud
2233 859 2552 927 praesertim
2585 857 2903 912 cavendum
2925 862 3032 925 est,
3068 874 3181 913 non
3213 856 3501 926 sopbista-

1860 975 1988 1016 rum
2019 961 2234 1018 scholis
2269 963 2420 1018 ﬁlios
2449 965 2924 1030 committamus;
2957 968 3018 1018 at
3045 965 3094 1019 si
3140 963 3308 1019 nobis
3337 962 3498 1018 cordi

1859 1071 1946 1123 est
1975 1073 2042 1122 ut
2067 1069 2130 1123 in
2159 1069 2367 1124 litteris
2397 1086 2464 1124 ac
2521 1070 2782 1126 moribus
2812 1086 2979 1140 quam
3042 1069 3293 1124 maxime
3323 1069 3501 1140 proli-

1860 1176 2039 1242 ciant,
2071 1181 2128 1232 et
2158 1177 2269 1232 sibi
2319 1181 2375 1232 et
2405 1177 2534 1233 aliis
2593 1192 2768 1249 quam
2828 1176 3127 1232 utilissimi
3159 1177 3320 1237 fiant.
3357 1193 3501 1248 prae-

1860 1287 2118 1356 ceptores
2150 1300 2264 1340 non
2297 1283 2333 1338 ii
2367 1289 2676 1340 sumentur
2707 1286 2804 1356 qui
2841 1284 2984 1340 bene
3013 1284 3251 1355 quidem
3281 1283 3502 1340 litteras

1860 1393 2088 1461 docent,
2137 1393 2327 1464 pravis
2384 1397 2580 1448 autem
2640 1398 2794 1459 sunt,
2855 1393 3148 1461 moribus;
3209 1399 3312 1448 aut
3366 1394 3504 1448 dum

1863 1501 2051 1570 quoad
2087 1501 2488 1570 moresintegri
2514 1507 2671 1568 sunt,
2703 1518 2910 1564 parum
2935 1501 3128 1557 idonei
3151 1501 3220 1555 ad
3243 1501 3507 1572 discipli-

1863 1625 1996 1665 nam
2051 1610 2516 1666 adolescentibus
2560 1612 2923 1679 tradendam,
2970 1613 3089 1667 imo
3146 1612 3184 1666 ii
3253 1611 3506 1684 eligendi

1862 1721 2033 1772 erunt
2052 1733 2299 1789 quorum
2333 1720 2655 1774 doctrinam
2689 1719 2952 1775 moribus
2984 1719 3336 1790 respondere
3366 1734 3506 1775 con-

141 1829 208 1878 καὶ
248 1828 314 1888 ὡς
357 1830 466 1904 οὐχ
516 1830 650 1904 ὑπὲρ
699 1835 806 1884 τῶν
849 1827 1057 1885 παίδων
1095 1829 1310 1902 μᾶλλον
1413 1829 1546 1902 ὑπὲρ
1597 1831 1750 1900 ὑμῶν

1865 1829 2007 1893 tat;
2042 1825 2126 1882 sic
2155 1829 2312 1882 enim
2341 1832 2399 1882 et
2427 1826 2754 1898 discipulis,
2788 1834 2847 1883 et
2903 1826 3068 1882 nobis
3100 1831 3156 1883 et
3213 1826 3504 1900 magistris

143 1916 280 1970 aeta"
334 1920 419 1972 καὶ
471 1918 696 1993 προσέτ’
754 1920 932 1974 αὐτῶν
1009 1915 1371 1989 διδασκάλων,
1425 1918 1636 1993 γνοίητ’
1693 1915 1751 1972 ἃν

144 2003 236 2060 ιὶιδί.
268 2008 325 2062 Εἰ
383 2009 489 2083 γὰρ
536 2009 602 2062 τα
655 2009 748 2081 μέν
800 2013 988 2079 πρῶτα
1037 2012 1140 2062 τῶν
1197 2008 1536 2082 μαθημάτων
1590 2004 1747 2061 δυνα-

148 2118 239 2164 μεις
273 2097 401 2152 εἶσὶν
462 2098 722 2174 ἑκατέρου
774 2099 926 2173 βίου,
956 2099 1045 2153 καὶ
1095 2101 1209 2154 οἷον
1261 2097 1537 2158 ὑποθέσεις
1569 2095 1634 2166 δή
1669 2119 1749 2152 τι·

143 2206 208 2247 νες
248 2187 329 2242 καὶ
376 2187 713 2258 παρασκευαὶ
761 2191 859 2242 τοῦ
903 2187 1038 2262 πρὸς
1089 2187 1286 2262 ἀρετήν
1315 2186 1350 2258 ἣ
1382 2186 1572 2242 κακίαν
1602 2185 1751 2250 ὅπως

138 2273 182 2326 ἂν
223 2275 365 2351 τύχοι
424 2285 706 2353 χωρῆσαι,
729 2280 824 2338 τὰς
877 2273 933 2331 δέ
975 2282 1082 2331 τῶν
1121 2277 1251 2330 νέων
1285 2277 1466 2351 ψυχὰς
1511 2274 1749 2350 μάλιστα

141 2365 214 2434 μὲν
263 2369 343 2420 καὶ
402 2364 493 2421 διὰ
553 2367 614 2422 τὸ
647 2371 822 2440 κηροῦ
873 2363 1026 2434 δίκην
1074 2363 1430 2441 ἀπαλωτέρας
1490 2364 1623 2420 εἶναι
1670 2369 1750 2437 τῷ

137 2456 307 2528 χρόνῳ,
339 2453 446 2532 οὔχ
477 2457 679 2525 ἥκιστα
712 2454 768 2510 δέ
797 2455 888 2511 καὶ
918 2454 1005 2510 διὰ
1034 2457 1094 2511 τὸ
1141 2453 1610 2529 μηδουστινασοῦν
1661 2477 1748 2509 πω

136 2548 219 2596 τῶν
245 2547 489 2601 ἐναντίων
541 2555 863 2622 χαρακτῆρα
913 2544 1186 2620 δεδέχθαι,
1221 2545 1362 2601 οὕτω
1398 2547 1494 2620 μέν
1539 2543 1748 2622 ρᾳδίας,

139 2634 251 2689 οὕτω
295 2633 342 2690 δ’
387 2637 466 2700 εἰς
532 2634 815 2713 ὑποδοχὴν
864 2636 1117 2710 ἑτοίμους
1167 2637 1302 2690 εἶναι
1337 2631 1642 2709 ξυμϐαίνει,
1674 2636 1748 2696 ὡς

139 2724 259 2786 εὐθὺς
318 2728 544 2787 τούτοις
604 2724 903 2802 ἐνίσχεσθαι
957 2727 1044 2781 καὶ
1103 2725 1428 2801 παραμένειν
1490 2725 1564 2785 εἰς
1611 2726 1748 2780 ἅπαν

140 2811 336 2883 εὕδῃ).ον
398 2818 475 2878 ὡς
551 2816 638 2871 ἐὰν
705 2817 798 2887 μὲν
862 2817 1050 2876 αὐτοῖς
1111 2816 1325 2889 χρηστά
1381 2815 1747 2890 προσαγάγηςι

137 2905 377 2979 χρηστοὺς
432 2905 646 2962 ἔσεσθαί
711 2927 795 2959 σοι
853 2905 941 2959 καὶ
999 2905 1281 2966 τοιούτους
1331 2902 1629 2978 προσδόκα,
1662 2903 1750 2957 καί

138 3013 201 3046 σοι
243 2992 390 3066 δόξαν
440 2995 556 3071 οὐχ
595 2998 757 3064 ἦττον
805 2997 1061 3070 φέροντας
1086 3013 1100 3026 '
1137 2994 1224 3049 ἐὰν
1276 2992 1333 3049 δὶ
1363 2995 1461 3066 μή,
1492 3001 1591 3063 τῆς
1624 2995 1744 3069 περὶ

132 3088 270 3138 ταῦτα
313 3083 643 3160 διαμαρτίας
696 3085 851 3146 αὐτὸς
913 3083 974 3138 σὺ
1035 3086 1227 3140 ταυτὸν
1294 3084 1489 3138 αἰτιῶ·
1546 3084 1634 3136 καὶ
1686 3085 1747 3136 σὺ

133 3172 314 3240 μᾶλλον
347 3173 549 3235 δώσεις
575 3175 672 3244 τήν
708 3171 862 3244 δίκην
911 3176 986 3244 μὴ
1035 3174 1374 3245 θαυμαστοῦς
1421 3194 1569 3234 τινας
1616 3173 1743 3226 τού-

129 3283 229 3324 τυυς
273 3262 572 3336 ἐπιστήσας
625 3263 747 3324 τοὺς
806 3263 1067 3324 πλάστας.
1104 3265 1249 3335 Ἐξὸν
1311 3261 1402 3317 οὖν
1452 3263 1540 3315 καὶ
1591 3259 1744 3315 παιδί

129 3354 200 3404 καὶ
244 3359 416 3426 σαυτῷ
471 3353 546 3408 δι’
576 3355 646 3407 ὧν
701 3353 832 3430 ἔφην
881 3353 943 3406 τὰ
1006 3352 1262 3426 βέλτιστα
1310 3354 1620 3430 χρήσασθαι
1665 3349 1756 3405 καί

130 3441 241 3514 μέγα
287 3442 697 3516 παρασκευάσαι
751 3447 987 3519 φρονεῖν,
1041 3441 1136 3494 εἶτ’
1186 3439 1293 3514 οὐχ
1344 3441 1581 3512 αἱρήσῃ;
1632 3442 1758 3494 Ὅτε

129 3531 210 3601 γὰρ
263 3529 384 3586 οὐδὲ
442 3537 562 3593 τοῖς
621 3535 851 3606 τυχοῦσι
912 3536 1019 3585 τῶν
1080 3528 1265 3602 μύθων
1297 3529 1530 3602 πρὸςτᾶ
1568 3525 1760 3582 παιδία

132 3623 406 3692 κεχρῆσθαι
470 3620 700 3676 Πλάτων
755 3621 849 3681 τας
905 3619 1086 3680 tit-0.7.;
1147 3616 1344 3688 έᾷ,διὰ
1402 3619 1463 3672 τὸ
1518 3619 1592 3691 μή
1643 3623 1760 3682 τοῖς

133 3707 333 3782 στύλοις
392 3710 634 3785 έξαρχῆς
696 3709 1003 3779 ἐνειθίσθαι,
1045 3707 1104 3770 ὅς
1160 3729 1219 3782 γε
1267 3705 1392 3762 οὐδὲ
1452 3703 1760 3783 βαρϐάρους

135 3795 239 3850 ἀλλ’
271 3797 606 3871 Ἑλληνίδας
655 3798 854 3859 ταύτας
902 3798 1038 3853 εἶναι
1085 3796 1316 3867 κελεύει,
1351 3797 1497 3866 ἦπου
1546 3802 1651 3851 τῶν
1699 3817 1761 3872 γε

135 3886 410 3944 παιδευτῶν
466 3895 588 3952 τοῖς
637 3891 698 3944 ού
748 3887 931 3949 καλῶς
982 3886 1174 3966 ἔχουσι
1222 3887 1348 3949 τοὺς
1380 3887 1516 3950 υἱεῖς
1550 3885 1756 3962 ἐπιτρέ-

136 3996 234 4028 πειν
283 3983 386 4032 τῶν
450 3977 822 4033 ἀτοπωτάτων
883 3977 941 4032 ἂν
1001 3976 1127 4046 ε’ίη·
1190 3977 1302 4051 χρή
1361 3977 1463 4051 γὰρ
1513 3975 1650 4030 κατᾶ
1697 3975 1759 4031 τὸ

133 4061 240 4128 ἔπος
272 4094 298 4119 ιι
330 4065 483 4122 παῖδ’
517 4063 591 4122 ἔτ’
620 4067 775 4122 ἐόντα
805 4066 944 4122 καλὰ
985 4064 1326 4138 διδασκέμεν.
1363 4089 1390 4116 ››
1433 4063 1604 4120 Ἀλλὰ
1652 4066 1758 4138 μήν

133 4155 208 4206 καὶ
260 4163 375 4220 τοῖς
435 4153 788 4212 διδάσκουσιν
849 4157 1034 4220 αὐτοῖς
1093 4154 1198 4231 οὐχ
1241 4154 1368 4209 ὅσον
1420 4153 1496 4216 εἷς
1546 4148 1761 4209 ἔπαινον

129 4245 254 4318 φέρει
340 4249 432 4301 καί
515 4244 706 4320 κέρδος
765 4269 790 4299 ι
854 4245 1040 4318 μύθων
1110 4266 1167 4300 τε
1229 4243 1474 4320 ῥητῆρας
1530 4237 1760 4316 ἔμμεναι

127 4335 420 4408 πρηκτῆρας
486 4337 535 4390 τ’
583 4329 793 4411 ἔργων’
859 4359 885 4385 n
949 4333 1094 4388 ἀλλὰ
1162 4333 1250 4388 καὶ
1338 4337 1480 4386 πᾶσα
1554 4329 1758 4408 ἃνάγκη

126 4423 388 4486 τοιούτους
440 4422 511 4494 δή
557 4445 704 4486 τινας
744 4424 937 4486 αὐτοὺς
995 4423 1151 4495 εἶναι,
1185 4423 1219 4493 ἢ
1273 4420 1506 4495 μηδενὸς
1551 4420 1614 4474 τὸ
1655 4441 1761 4475 πα-

128 4511 277 4582 ρ-ίπαν
322 4514 509 4586 ἀξίους
567 4514 726 4584 εἶναι,
763 4513 892 4587 μηδ’
942 4509 1154 4568 ἀκούειν
1205 4511 1351 4573 ὅλως
1401 4512 1430 4566 ’ὀ
1478 4510 1762 4584 προῄρην-

127 4599 201 4652 ταί
252 4622 307 4658 τι
362 4602 456 4658 καὶ
521 4600 797 4678 λέγονται.
838 4604 999 4656 Ὅταν
1051 4601 1151 4676 γὰρ
1203 4600 1352 4654 τουτὶ
1406 4596 1494 4654 διὰ
1548 4601 1762 4652 πάντων
1794 4595 1840 4661 D

126 4692 376 4765 κτεατήσῃ,
442 4692 520 4754 ὡς
589 4691 774 4765 μόνοις
830 4689 1006 4762 δήπου
1058 4694 1174 4753 τοῖς
1232 4688 1398 4768 ἄμφω
1452 4687 1761 4764 κρατίστοις

124 4773 287 4833 δοτέον
346 4781 465 4835 ἐστὶ
532 4781 657 4843 τοὺς
717 4777 936 4852 παῖδας,
995 4780 1315 4853 αἳρήσονται
1387 4777 1476 4832 καὶ
1544 4774 1765 4839 ἄκοντες

126 4866 284 4936 οὗτοι,
333 4868 537 4944 ἐάνπερ
596 4870 696 4925 οὒκ
750 4871 874 4939 ὦσι,
907 4874 1148 4925 τοιοῦτοι
1209 4865 1274 4938 δή
1336 4887 1477 4928 τινες
1537 4871 1765 4942 γεγενῆ-

127 4957 231 5009 σθαι
277 4960 368 5013 καὶ
441 4963 618 5013 πᾶσαν
681 4959 812 5033 ὑπὲρ
867 4959 1040 5014 αὐτοῦ
1095 4959 1293 5013 τούτου
1352 4953 1593 5024 σπουδὴν
1654 4954 1762 5009 slo-

127 5046 332 5122 ενέγκαι,
395 5047 604 5111 εἰδότες
664 5050 740 5114 ὡς
798 5047 953 5104 οὐδὲν
1007 5048 1192 5110 αὐτοῖς
1253 5045 1399 5102 ἔσται
1459 5043 1626 5100 πλέον
1685 5045 1760 5113 μὴ

123 5135 270 5209 τιῦτῃ
325 5135 731 5212 διακειμένοις·
794 5136 935 5193 ὥστε
1009 5137 1098 5191 καὶ
1179 5135 1228 5206 ἐξ
1310 5136 1382 5190 ὧν
1448 5132 1761 5209 βελτίστους

127 5225 282 5288 οὕτως
334 5223 482 5298 ἕξετε
546 5229 672 5288 τοὺς
747 5227 905 5296 υἱεῖς,
964 5227 1053 5282 καὶ
1110 5225 1160 5298 ἐξ
1220 5225 1293 5279 ὧν
1356 5225 1543 5284 αὐτοῖς
1606 5223 1762 5294 ὑμεῖς

126 5317 535 5388 σδνησθήσεσθε,
577 5315 666 5370 καὶ
714 5317 799 5376 οἷς
847 5320 962 5377 τοῖς
1003 5311 1348 5369 διδάσκουσιν
1382 5314 1559 5376 οὕτως
1588 5305 1760 5385 ἔχου-

126 5423 196 5457 σιν
228 5405 418 5462 ἅπανθ’
445 5402 554 5475 ἕξει
584 5403 790 5476 καλῶς,
820 5405 910 5462 καὶ
963 5406 1047 5467 οἷς
1099 5403 1143 5460 εί
1197 5405 1273 5479 μὴ
1321 5401 1494 5466 οὕτως
1539 5396 1757 5476 ἔχουσιν

1863 1932 2007 1989 bene
2037 1935 2371 1990 consultum
2402 1936 2532 1991 erit.
2568 1935 2628 1990 Si
2657 1937 2815 1991 enim
2841 1937 3116 1990 doctrinm
3147 1935 3415 2006 primiti
3437 1952 3502 1990 ac

1860 2042 2245 2098 fundamenta
2267 2048 2574 2114 utramque
2603 2045 2781 2099 vitam
2804 2048 3138 2100 sustentant
3159 2051 3214 2101 et
3232 2045 3504 2102 vlrtutem

1862 2155 1962 2204 aut
1992 2149 2132 2205 vitia
2187 2151 2399 2219 fovent,
2460 2152 2514 2207 id
2566 2167 2679 2208 non
2730 2156 2818 2208 est
2866 2152 3324 2209 obliviscendum
3357 2154 3505 2225 quod

1861 2274 2171 2328 puerorum
2205 2259 2387 2315 animi
2429 2276 2618 2315 ceram
2671 2261 2914 2317 mollitie
2961 2269 3189 2334 atqueat
3238 2265 3294 2318 et
3337 2261 3504 2318 facile

1861 2365 2286 2421 conviventium
2320 2367 2633 2438 imaginem
2665 2374 2720 2424 et
2749 2370 3079 2441 exemplum
3112 2370 3418 2426 imitantur
3446 2374 3505 2426 et

1860 2471 2107 2529 ﬁdeliter
2135 2473 2485 2544 exprimunt.
2519 2475 2666 2532 Hinc
2697 2481 2848 2547 patet
2872 2479 3027 2548 quod
3059 2477 3108 2533 si
3129 2477 3327 2533 istbtsc
3348 2478 3504 2533 bona

1861 2585 2020 2648 sunt,
2054 2582 2190 2638 boni
2221 2589 2280 2638 et
2309 2583 2418 2654 ipsi
2473 2589 2664 2649 erunt,
2695 2593 2749 2639 et
2806 2590 2966 2640 tuam
3016 2585 3200 2656 ipsius
3256 2585 3503 2659 gloriam

1860 2682 2174 2752 augebunt.
2197 2685 2296 2739 Sin
2329 2683 2525 2740 minus
2552 2684 2749 2741 laetum
2783 2686 3033 2741 fructum
3066 2686 3201 2742 inde
3233 2686 3499 2758 percipis,

1860 2787 2060 2860 teipse
2080 2794 2347 2846 accusato
2370 2790 2469 2861 qui
2494 2790 2688 2846 minus
2700 2792 2882 2848 bonos
2905 2797 3281 2865 praeceptores
3299 2792 3500 2848 liberis

1859 2900 1978 2956 tuis
2011 2901 2339 2975 prafecisti.
2374 2903 2536 2976 Quod
2567 2903 2616 2964 si
2674 2907 2731 2959 et
2787 2903 2890 2960 tibi
2942 2909 3000 2960 et
3044 2903 3502 2966 adolescentibus

1859 3027 2014 3067 nunc
2046 3009 2407 3083 potissimum
2428 3017 2684 3086 tempore
2703 3029 2790 3070 re
2821 3018 3135 3085 praesentes
3157 3013 3213 3068 in
3243 3016 3498 3072 vestrum

1861 3122 2190 3174 convertere
2246 3121 2616 3176 commodum
2668 3120 2823 3186 licet,
2855 3135 2961 3176 cur
3018 3136 3134 3176 non
3191 3121 3499 3180 consilium

1776 3221 1818 3285 C
1860 3243 2090 3299 aequum
2122 3226 2371 3298 capitis?
2399 3227 2548 3288 Dum
2581 3227 2743 3286 Plato
2800 3227 3070 3300 prohibet
3126 3245 3195 3288 ne
3251 3229 3504 3287 nutrices

1866 3352 2097 3405 teneros
2122 3349 2438 3406 infantium
2453 3347 2680 3404 animos
2704 3347 2974 3406 absurdis
2997 3348 3223 3406 labellis
3242 3348 3511 3404 imbuant

1867 3470 1940 3510 ne
1973 3455 2056 3511 sic
2096 3456 2384 3514 malarum
2445 3472 2641 3513 rerum
2705 3457 2970 3528 germina
3025 3461 3318 3525 serantur,
3347 3463 3406 3514 et
3461 3457 3513 3513 si

1867 3580 2001 3620 eum
2028 3563 2088 3620 in
2121 3564 2295 3638 ﬁnem
2331 3566 2561 3622 Grecae
2581 3581 2700 3634 eas,
2720 3581 2836 3621 non
2861 3564 3146 3622 Barbarae
3168 3565 3338 3634 jubet
3361 3581 3511 3629 esse.

1870 3681 2018 3738 nihil
2051 3698 2191 3738 sane
2217 3682 2536 3738 absurdius
2566 3687 2656 3738 est
2684 3698 2860 3755 quam
2917 3681 3067 3739 filios
3120 3688 3350 3742 nostros
3391 3701 3514 3740 ma-

1867 3789 2065 3861 gistris
2117 3789 2438 3861 reprobatis
2483 3791 2790 3848 conﬁdere.
2834 3789 3004 3860 Nam,
3040 3794 3101 3846 ut
3128 3795 3218 3848 est
3271 3792 3331 3849 in
3382 3808 3516 3862 pro-

1871 3897 2086 3965 verbio,
2139 3898 2196 3952 in
2257 3902 2451 3953 tenera
2506 3903 2670 3954 aetate
2707 3897 2970 3955 animum
3021 3899 3283 3957 honestis
3339 3901 3513 3958 rebus

1869 4007 2230 4062 assuefacere
2245 4011 2488 4078 oportet,
2513 4007 2661 4064 sicut
2681 4008 3154 4080 pretceptoribus
3173 4024 3290 4064 non
3305 4025 3514 4080 parum

1867 4111 2025 4168 laudi
2052 4119 2134 4168 est
2165 4112 2440 4169 doctrina
2472 4113 2919 4169 concordantem
2949 4115 3152 4183 degere
3175 4114 3379 4180 vitam,
3404 4114 3516 4170 nisi

1868 4219 1930 4276 in
1959 4219 2224 4276 omnium
2251 4224 2650 4292 contemptum
2682 4221 2887 4277 cadere
2929 4220 3154 4277 volunt.
3206 4221 3308 4277 His
3339 4221 3517 4293 igitur

1868 4325 2304 4385 conditionibus
2335 4327 2566 4398 optimis
2588 4343 2816 4398 semper
2865 4328 3154 4399 magistris
3176 4329 3339 4400 pueri
3369 4331 3514 4385 edu-

1869 4433 2043 4490 candi
2074 4433 2386 4498 dabuntur,
2419 4433 2520 4504 qui
2543 4434 2974 4491 educandorum
2998 4451 3191 4492 curam
3217 4435 3515 4492 habebunt

1871 4556 1998 4596 eam
2030 4557 2156 4612 quas
2188 4542 2412 4597 fructus
2443 4543 2590 4599 ferat
2614 4543 2826 4613 justas.
2859 4543 2945 4601 Ita
2974 4545 3073 4602 fiet
3103 4550 3168 4602 ut
3207 4545 3312 4601 lilii
3341 4546 3516 4602 vestri

1874 4648 2099 4706 favente
2128 4649 2384 4706 Minerva
2414 4649 2525 4706 laeti
2551 4660 2881 4722 augescunt,
2913 4657 2970 4709 et
3000 4659 3065 4710 ut
3098 4653 3326 4725 vosipsi
3352 4653 3515 4710 vobis

1874 4756 2365 4828 congratulemini
2387 4757 2604 4816 talibus
2633 4759 2808 4818 vitam
2839 4761 3094 4828 dedise,
3117 4765 3176 4818 et
3203 4766 3268 4818 ut
3299 4777 3515 4832 praise-

1869 4867 2064 4936 ptores
2097 4864 2362 4921 laborum
2393 4882 2635 4922 suorum
2669 4869 2995 4925 mercedem
3019 4869 3289 4927 auferant
3320 4874 3378 4926 et
3398 4869 3514 4928 lau-

1867 4969 2043 5024 dibus
2067 4969 2351 5027 cumulati
2373 4973 2430 5028 id
2456 4989 2634 5028 unum
2659 4979 2836 5045 agant
2861 4984 2919 5029 ut
2949 4974 3213 5031 alumnos
3235 4975 3426 5047 bonis,
3452 4981 3516 5032 ut

1866 5077 2009 5143 dixi,
2041 5077 2267 5134 artibus
2297 5080 2482 5150 adjuti
2513 5097 2687 5152 quam
2723 5084 2969 5138 maxime
3018 5082 3356 5154 provehant.
3389 5084 3512 5140 Huc

1866 5186 2088 5240 accedit
2117 5187 2269 5258 quod
2299 5205 2414 5244 non
2445 5188 2678 5244 obvium
2728 5205 3141 5262 quemcunque
3193 5196 3510 5264 pracepto-

1865 5307 1986 5347 rem
2019 5291 2229 5366 eligere
2268 5295 2516 5366 expedit,
2575 5295 2674 5366 qui
2735 5296 2971 5352 nomine
3025 5303 3255 5354 tantum
3321 5302 3410 5354 est
3459 5304 3516 5356 et

1863 5401 2053 5473 specie
2079 5404 2333 5468 externa,
2367 5402 2582 5475 quippe
2611 5404 2710 5475 qui
2741 5405 3054 5476 prudentes
3093 5411 3149 5464 et
3177 5406 3343 5479 puris
3378 5423 3511 5466 mo-

185 5612 255 5679 (t)
286 5610 500 5683 Egstat
529 5610 638 5665 hoc
667 5611 1032 5683 epigramma
1053 5607 1202 5663 inter
1237 5607 1526 5680 Adespota
1556 5605 1616 5662 in
1646 5601 1924 5660 Brunckii
1980 5602 2272 5661 Analectis
2327 5601 2391 5660 T.
2456 5601 2551 5671 Ill,
2605 5622 2662 5677 p.
2725 5607 2851 5677 183,
2908 5615 3214 5683 sumptum
3272 5628 3342 5670 ex
3380 5614 3516 5672 Plu-

125 5683 314 5742 tarcho
346 5681 430 5744 De
463 5679 787 5758 puerorum
809 5679 1168 5740 educatione.
