4100 6218
497 383 616 444 543

1801 375 2196 437 THEODULI
2241 377 2602 440 MONACHI

3770 379 3882 438 544

503 515 664 572 ribus
695 519 752 570 et
779 511 1090 568 virtutibus
1136 511 1320 566 ornati
1351 525 1478 566 esse
1535 510 1747 565 debent
1795 513 1975 564 utres
2015 510 2142 580 ipsa

2268 509 2366 584 aiax
2421 513 2552 586 ὅπερ
2611 507 2828 585 ἔχουσιν
2877 509 3074 581 ἕξουσι,
3133 510 3345 564 πάντων
3413 509 3592 564 ε’ίνεκα
3655 508 3884 564 σπουδα-

503 619 783 692 exposcit.
845 617 1130 688 Impedire
1176 617 1332 672 enim
1383 617 1695 687 quominus
1758 615 2150 672 adolescentes

503 727 671 782 foedis
703 725 1047 781 libidinibus
1107 723 1448 794 indulgeant
1505 727 1560 776 et
1617 723 1688 776 ad
1747 723 2018 778 virtutem
2051 737 2149 777 eos

503 834 834 906 perducere,
897 833 1096 904 fugere
1141 833 1346 896 otium,
1405 829 1623 884 litteras
1693 835 1751 885 et
1809 833 1962 886 artes
2019 845 2150 886 vere

501 955 696 995 amare
725 943 783 996 et
813 940 1010 994 studia
1055 939 1192 994 aleae
1249 941 1308 992 et
1363 935 1712 1008 spectaculis
1777 943 2146 1008 anteponere,

507 1064 622 1104 uno
653 1050 826 1102 verbo
857 1049 1034 1102 rebus
1055 1045 1234 1101 salvis
1251 1045 1364 1100 frui
1393 1047 1460 1100 ab
1489 1045 1618 1100 istis
1651 1045 1878 1115 pendet.
1911 1045 2074 1110 Quod
2097 1045 2146 1100 si

503 1163 752 1223 utraque
807 1169 900 1208 res
933 1153 1120 1208 locum
1183 1151 1356 1206 habet
1405 1154 1462 1205 et
1517 1151 1764 1205 invicem
1813 1151 2146 1220 concordat,

503 1275 600 1315 vos
631 1259 868 1330 quidem
927 1258 1206 1313 omnibus
1264 1257 1527 1312 numeris
1583 1256 1834 1312 absoluti
1899 1257 1946 1311 si
2003 1257 2148 1312 estis

505 1365 760 1422 multum
793 1369 962 1420 natos
991 1364 1357 1420 honorabitis
1381 1383 1396 1432 ;
1420 1368 1676 1420 vestrum
1709 1365 1864 1419 enim
1897 1373 1982 1420 est
2003 1380 2148 1434 quo-

503 1475 648 1532 tidie
675 1477 748 1532 ab
773 1476 846 1530 iis
887 1477 1172 1531 rationem
1207 1489 1440 1545 poscere
1487 1489 1803 1545 eorumque
1855 1477 2008 1530 facta
2063 1473 2150 1528 in-

504 1583 814 1653 vestigare.
847 1581 1010 1644 Quod
1051 1581 1151 1636 ubi
1183 1585 1450 1653 parentes
1479 1587 1538 1636 et
1597 1589 1972 1651 praeceptores
2021 1581 2150 1636 ani-

507 1690 964 1754 madverterunt,
994 1704 1060 1744 eo
1091 1688 1392 1743 ardentius
1423 1689 1494 1742 ad
1545 1705 1690 1759 opus
1745 1687 2148 1758 accingentur.

508 1795 726 1866 Volupe
755 1796 909 1850 enim
941 1795 1016 1850 iis
1059 1799 1148 1850 est
1202 1795 1568 1852 alumnarum
1623 1795 1916 1866 ingenium
1974 1813 2146 1852 orna-

509 1904 658 1960 visse
689 1909 746 1960 et
777 1903 1128 1970 illustrasse,
1159 1907 1464 1975 postquam
1495 1903 1608 1974 ipsi
1641 1904 1710 1958 ab
1741 1903 1946 1960 iisdem
1969 1903 2116 1959 inilii

507 2011 726 2082 egressi
755 2018 912 2065 sunt.

583 2919 674 2974 25.
707 2921 834 2974 Haec
891 2919 1088 2974 eadem
1143 2935 1260 2973 non
1313 2918 1500 2974 solum
1557 2918 1628 2973 de
1689 2917 1917 2986 litteris,
1952 2917 2048 2974 sed
2083 2919 2155 2973 de

512 3025 786 3082 omnibus
817 3025 1042 3080 artibus
1070 3025 1218 3080 dico.
1249 3027 1365 3080 Vos
1414 3031 1606 3080 autem
1654 3029 2008 3082 mementote
2039 3043 2154 3082 non

511 3133 568 3189 in
601 3133 932 3188 divitiarum
967 3149 1032 3188 ac
1063 3149 1238 3206 opum
1273 3133 1630 3188 abundantia
1654 3139 1708 3189 et
1737 3135 1894 3190 inani
1929 3133 2152 3206 gloria;

513 3240 612 3295 sed
645 3239 704 3294 in
735 3255 967 3295 morum
1001 3240 1332 3310 integritate
1360 3243 1418 3294 et
1465 3241 1588 3295 vitae
1641 3239 1944 3296 sanctitate
1977 3239 2148 3294 finem
2183 3255 2226 3321 ρ

513 3348 800 3403 bonorum
831 3348 1007 3402 situm
1043 3363 1172 3403 esse
1227 3351 1285 3403 et
1341 3347 1413 3402 iis
1463 3349 1822 3420 propositum
1883 3351 1978 3416 qui
2025 3365 2158 3406 vere

513 3457 752 3528 sapiunt
781 3461 838 3512 et
867 3457 1135 3528 pietatem
1187 3457 1406 3513 colunt.
1473 3457 1618 3514 Illud
1667 3473 1797 3514 vero
1845 3457 2157 3530 voluptatis

514 3570 828 3622 ectatores
859 3573 991 3621 ante
1030 3567 1228 3622 omnia
1283 3572 1608 3637 sequuntur
1653 3571 1710 3622 et
1741 3565 2034 3624 luxuriose
2065 3567 2160 3622 vi-

511 3676 673 3726 vant.
707 3673 870 3738 Quod
903 3671 952 3728 si
983 3671 1168 3728 virtus
1223 3673 1378 3728 vitiis
1411 3677 1664 3746 prmstat,
1695 3679 1756 3728 ut
1813 3673 2007 3730 anima
2037 3691 2156 3729 cor-

515 3781 638 3854 pori
695 3797 927 3853 quoque
987 3782 1268 3852 superior,
1321 3787 1430 3850 est,
1491 3781 1714 3838 meliori
1774 3783 1952 3838 nostri
2013 3783 2160 3855 parti

519 3890 704 3960 major
759 3905 898 3946 cura
962 3890 1226 3945 debetur.
1283 3891 1416 3948 Ideo
1485 3891 1658 3946 Deum
1719 3891 1777 3946 in
1834 3890 2160 3946 actionibus

519 3996 734 4052 nostris
765 3997 1048 4064 colamus,
1083 4014 1186 4053 nec
1217 3999 1448 4054 divitias
1481 4000 1548 4054 ad
1582 3999 1905 4070 voluptates
1949 3999 2162 4054 absur-

515 4103 622 4158 das
653 4103 1082 4174 impendamus,
1115 4109 1310 4176 utpote
1349 4123 1476 4177 qus.-
1525 4107 1898 4162 abutentibus
1927 4121 2158 4161 omnem

517 4209 796 4280 peccandi
825 4227 1026 4266 ansam
1057 4212 1199 4266 dant
1227 4213 1472 4284 ideoque
1531 4213 1810 4286 fugiendae
1841 4218 1998 4269 sunt.
2033 4213 2158 4268 Non

519 4317 676 4371 enim
697 4315 758 4372 in
797 4317 1018 4372 divitiis
1049 4317 1234 4374 virtus
1263 4321 1375 4375 sita
1401 4323 1510 4388 est,
1551 4321 1652 4375 sed
1705 4321 1917 4376 virtute
1947 4318 2163 4374 divitias

519 4427 658 4478 sunt
689 4423 1074 4494 acquirendae.
1109 4424 1226 4480 Hoc
1257 4433 1450 4482 autem
1483 4427 1624 4498 quid
1657 4427 1814 4484 aliud
1848 4431 1936 4484 est
1959 4427 2068 4482 nisi
2095 4441 2164 4481 ex

521 4529 674 4584 bona
703 4529 918 4598 indole,
950 4547 1077 4601 quae
1107 4532 1408 4600 debemus,
1435 4533 1636 4601 facere,
1661 4539 1717 4589 et
1739 4535 1884 4590 bene
1915 4550 2020 4589 nos
2051 4533 2161 4588 ha-

2257 599 2410 654 στέον
2441 601 2562 672 περὶ
2602 607 2708 654 τῶν
2741 597 2946 654 παίδων
2985 603 3041 654 ’ὀν
3091 597 3286 672 ε’ίρηκα
3333 598 3556 670 τρόπον.
3591 605 3710 654 Ἔτι
3759 602 3886 672 πρὸς

2255 689 2466 750 τούτοις
2523 691 2636 768 χρὴ
2701 692 2775 760 μή
2833 689 2960 750 τοὺς
3031 690 3295 763 τυχόντας
3369 689 3637 742 ποιεῖσθαι
3697 687 3888 742 παιδα·

2256 781 2490 852 γωγους,
2533 777 2646 833 οὐδ’
2696 781 2960 850 ὀνόματος
3009 778 3202 838 ἁπλῶς
3268 777 3768 846 ἀντιποιουμένους,
3806 777 3890 832 καὶ

2254 872 2413 922 τοῦτο
2476 867 2637 939 μόνον
2691 867 3005 936 δοκοῦντας,
3036 865 3183 922 ἀλλᾶ
3231 867 3367 921 κατὰ
3424 871 3588 920 ταῦτα
3647 873 3768 928 τοῖς
3819 865 3892 920 δι-

2258 954 2552 1018 δασκάλοις
2611 958 2698 1012 καὶ
2758 958 3035 1034 σώφρονας
3093 956 3182 1010 καὶ
3243 956 3506 1028 κοσμίους
3563 955 3652 1009 καὶ
3689 959 3894 1030 φρενῶν

2257 1045 2313 1099 εὖ
2371 1046 2624 1114 ἥκοντας,
2669 1046 2758 1100 καὶ
2821 1042 2988 1118 μηδὲν
3059 1041 3336 1105 ἐνδέοντας
3395 1043 3612 1097 ἐκείνων
3665 1047 3738 1114 τῇ
3793 1047 3896 1096 τῶν

2255 1136 2474 1208 τρόπων
2523 1137 2709 1210 ἀρετῇ,
2747 1134 2788 1188 εἰ
2843 1135 2917 1206 μὴ
2962 1133 3050 1186 καὶ
3099 1131 3299 1203 πολλῷ
3346 1133 3564 1204 μείζους
3613 1129 3798 1200 ὄντας,
3827 1133 3898 1194 ὡς

2257 1221 2419 1300 ἔγωγ’
2451 1225 2508 1278 ἂν
2569 1226 2756 1298 φαίην,
2789 1225 2878 1278 καὶ
2928 1225 2990 1277 τὸ
3049 1224 3190 1285 εἰκὸς
3247 1221 3481 1280 ἀπαιτεῖ.
3512 1223 3582 1278 Τὸ
3629 1225 3734 1296 γὰρ
3773 1223 3896 1284 τοὺς

2255 1313 2406 1374 νέους
2467 1313 2782 1390 ἀφίστασθαι
2833 1313 2928 1387 μὲν
2975 1317 3080 1366 τῶν
3130 1314 3190 1366 οὐ
3245 1310 3427 1366 καλῶν
3467 1309 3896 1386 ἡδονῶν,ἀρετῇ

2257 1398 2314 1454 δὲ
2363 1402 2572 1480 χαίρειν
2623 1403 2712 1456 καὶ
2751 1409 2868 1464 τοῖς
2911 1407 3010 1467 τῆς
3061 1404 3260 1472 ἀρετῆς
3316 1400 3568 1466 κάλλεσι,
3615 1407 3796 1473 μισεῖν
3845 1400 3896 1456 δὲ

2255 1493 2466 1567 ἀργίαν,
2497 1497 2604 1546 τῶν
2642 1490 2696 1546 δὲ
2743 1491 2918 1567 λόγων
2967 1493 3022 1546 εὖ
3069 1491 3216 1564 μάλα
3265 1491 3434 1567 λόγον
3483 1493 3784 1557 ποιεῖσθαι,
3813 1495 3894 1544 καὶ

2255 1585 2382 1646 τοὺς
2438 1583 2560 1656 περὶ
2617 1586 2782 1637 ταῦτα
2828 1584 3022 1644 πόνους
3067 1579 3255 1650 ἡδίους
3313 1581 3549 1654 νομίζειν
3617 1577 3802 1636 κύϐων
3847 1603 3898 1636 τε

2256 1674 2344 1728 καὶ
2394 1674 2654 1746 θεάτρων,
2687 1671 2775 1726 καὶ
2823 1671 2886 1724 τὸ
2935 1671 3148 1743 ξύμπαν
3199 1671 3390 1740 εἰπεῖν,
3434 1670 3523 1724 διὰ
3571 1671 3796 1726 πάντων
3847 1669 3898 1723 εὖ

2257 1761 2426 1836 ἔχειν,
2459 1761 2512 1815 ἐν
2563 1761 2776 1822 τούτοις
2822 1761 3060 1832 μάλιστα
3106 1765 3322 1815 κεῖται·

3707 1758 3730 1776 Ν

3373 1761 3645 1814 τοιούτοιν
3703 1761 3750 1813 δ’
3799 1761 3898 1832 ἀμ·

2125 1857 2380 1959 εΒφοῖν
2423 1847 2622 1920 ὄντοιν,
2672 1851 2761 1904 καὶ
2833 1848 2976 1904 οὕτω
3047 1849 3284 1922 μάλιστα
3347 1847 3896 1924 συγκεκροτημένων,

2271 1941 2282 1954 .
2343 1941 2352 1956 ,
2559 1945 2584 1955 .,
2777 1939 2790 1953 .
2881 1939 2894 1958 ς
3069 1941 3080 1951 .
3121 1939 3134 1958 ρ
3201 1943 3226 1952 ..
3393 1939 3406 1958 ,
3635 1958 3674 1959 η
3755 1943 3778 1952 -
3887 1957 3896 1959 _

2259 1941 2466 2016 ἀνάγκη
2515 1945 2658 1994 πᾶσα
2705 1939 2794 1992 καὶ
2841 1939 2907 1992 τὰ
2956 1941 3080 2012 παρ’
3115 1939 3266 2011 ὑμῶν
3313 1939 3528 1998 τούτοις
3577 1943 3898 2012 προσεῖναι·

2259 2031 2321 2084 ού
2371 2033 2474 2106 γὰρ
2519 2029 2655 2104 πρὸς
2705 2032 2804 2098 τὴν
2851 2033 2958 2083 τῶν
3003 2025 3208 2082 παίδων
3265 2025 3621 2100 εὐδοκίμησιν
3677 2028 3900 2102 ἀπόχρη

2263 2121 2399 2192 μόνα
2443 2121 2510 2174 τὰ
2541 2121 2773 2184 ⁷κείνων,
2808 2118 2953 2174 ἂλλὰ
2993 2119 3080 2174 καὶ
3133 2125 3230 2186 τῆς
3283 2117 3545 2192 ὑμετέρας
3593 2117 3900 2180 συντελείας

2259 2207 2524 2282 προσδεῖ·
2557 2213 2797 2284 συνεχῶς
2844 2209 3030 2268 αὐτοῖς
3079 2207 3413 2280 ἐνορώντων,
3463 2210 3561 2260 τοῦ
3611 2207 3732 2260 καθ’
3785 2207 3902 2259 Exi-

2261 2321 2390 2366 στην
2457 2299 2530 2360 ὡς
2605 2297 2772 2352 εἰπεῖν
2847 2297 3216 2352 ἀπαιτούντων
3293 2295 3552 2356 εὐθύνας·
3611 2294 3747 2350 ἐπὰν
3805 2296 3898 2370 γὰρ

2258 2389 2348 2442 καὶ
2399 2385 2740 2464 παιδαγωγοὶ
2789 2389 2876 2441 καὶ
2921 2385 3242 2442 διδάσκαλοι
3289 2391 3457 2440 ταῦτα
3487 2387 3897 2447 συναίσθωνται,

2259 2475 2674 2550 σπουδαιότεροι
2731 2477 2947 2539 πάντως
2997 2477 3118 2550 περὶ
3191 2475 3384 2537 αὐτοὺς
3455 2471 3704 2530 ἔσονται·
3765 2473 3902 2548 μᾶλ-

2260 2567 2355 2622 λον
2409 2566 2466 2622 δὲ
2513 2569 2689 2622 πάντα
2735 2569 2903 2622 πόνον
2971 2570 3223 2638 νομιοῦσι
3289 2565 3566 2642 ῥᾳστώνην
3617 2565 3754 2638 ὑπὲρ
3809 2569 3899 2619 τοῦ

2259 2655 2443 2732 λόγων
2473 2657 2696 2718 τούτους
2735 2655 3016 2730 ἐμπλῆσαι
3055 2656 3144 2711 καὶ
3193 2661 3524 2724 καταστῆσαι
3567 2659 3897 2732 περιφανεῖς,

2262 2747 2476 2804 οἳκοθεν
2533 2747 2622 2801 καὶ
2678 2747 2876 2808 αὐτοὺς
2934 2747 3040 2800 ἀπὸ
3085 2749 3193 2800 τῶν
3245 2743 3384 2799 ’ίσων
3417 2747 3682 2822 ἀφορμῶν
3717 2746 3901 2818 ὁρμω-

2267 2839 2477 2910 μένους.

2334 2949 2415 2984 κε.
2447 2928 2627 2982 Ταυτὰ
2677 2923 2736 2980 δὲ
2781 2929 2947 2980 ταῦτα
2997 2924 3140 3000 λέγω
3189 2925 3280 2978 καὶ
3333 2925 3457 2998 περί
3503 2929 3692 2978 πασῶν
3729 2923 3900 2993 δήπου

2265 3021 2474 3090 τεχνῶν
2531 3015 2590 3070 οὐ
2652 3015 2833 3089 λόγων
2877 3015 3091 3086 μόνων·
3129 3014 3284 3084 ὑμεῖς
3343 3011 3422 3082 δὲ,
3473 3011 3544 3066 ἵν’
3575 3011 3760 3082 εἰδῆτε
3817 3011 3902 3066 καὶ

2265 3111 2448 3176 τοῦτο,
2508 3106 2582 3178 μὴ
2669 3107 2921 3178 χρήμασι
3005 3101 3380 3176 περιρρεῖσθαι
3455 3102 3546 3155 καὶ
3605 3103 3902 3172 κτημάτων

2267 3193 2622 3248 παντοδαπῶν
2664 3194 2935 3266 εὐπορεῖν,
2977 3191 3066 3246 καὶ
3118 3189 3280 3260 δόξης
3331 3190 3598 3266 μετέχειν,
3657 3189 3902 3259 ζηλωτὸν

3729 3277 3904 3356 ἔργοις

2266 3379 2440 3446 κομᾷν
2487 3372 2576 3427 καὶ
2638 3371 2810 3426 πάντα
2879 3368 3148 3446 διαφέρειν
3196 3373 3287 3423 τὸν
3343 3369 3499 3441 βίον·
3549 3370 3610 3422 τὸ
3665 3369 3759 3440 μὲν
3809 3369 3902 3442 γάρ

2271 3283 2482 3358 μᾶλλον
2552 3283 2790 3358 ἡγεῖσθε,
2847 3282 2880 3350 ἧ
2933 3281 3157 3352 τρόποις
3237 3285 3502 3354 χρηστοῖς
3570 3279 3660 3333 καὶ

2266 3465 2403 3519 ἐστιν
2454 3463 2509 3516 εὗ
2560 3461 2900 3539 φρονούντων
2955 3461 3028 3519 ὡς
3085 3459 3331 3528 ἀληθῶς,
3363 3457 3452 3512 καὶ
3513 3458 3664 3520 ὅπως
3697 3453 3902 3512 ἔσονται

2267 3551 2537 3626 θεοφιλεῖς
2590 3551 2678 3606 καὶ
2729 3555 2819 3604 νῦν
2869 3551 2959 3603 καὶ
3019 3547 3092 3609 εἷς
3149 3547 3304 3608 αὖθις
3361 3544 3739 3602 σπευδόντων·
3773 3543 3904 3598 τὸδ’

2267 3641 2470 3711 ἡδονὴν
2517 3641 2676 3714 μόνον
2733 3639 3040 3710 ζητούντων
3079 3637 3168 3690 καὶ
3215 3641 3418 3710 τρυφᾷν
3453 3631 3598 3714 ἔχειν
3635 3635 3694 3689 ἐκ
3726 3655 3902 3708 περιτο

2265 3737 2361 3786 τοῦ
2415 3730 2462 3800 ἐξ
2520 3731 2593 3784 ὦν
2645 3730 2678 3782 a
2739 3726 2878 3802 μηδέ
2934 3728 3110 3794 λεγειν
3183 3721 3380 3796 ἔξεστιν
3449 3725 3678 3796 ἀπαντᾷ.
3739 3725 3796 3778 Εἰ
3853 3719 3904 3776 δὲ

2268 3823 2414 3878 τοῦτ’
2463 3820 2668 3875 ἐκείνου
2718 3822 2904 3892 χεῖρον
2951 3819 3232 3884 τοσοῦτον,
3275 3814 3399 3870 ὅσον
3449 3816 3602 3889 ψυχή
3659 3815 3903 3886 σώματος

2269 3909 2549 3985 κρείττων,
2583 3907 2909 3962 ἀποστατέον
2969 3906 3030 3960 ἂν
3081 3903 3163 3974 ε’ίη
3209 3904 3404 3958 τούτου
3451 3907 3738 3970 τοσοῦτον,
3787 3900 3900 3955 ὅσον

2271 4004 2456 4076 ψυχῆς
2515 3998 2898 4076 φροντιστέον·
2959 3996 3049 4050 καὶ
3107 3993 3384 4068 πειρατέον
3437 3993 3679 4061 καθάπαξ
3739 3994 3904 4066 θεοφι-

2273 4093 2386 4152 λεῖς
2445 4091 2581 4144 εἶναι
2633 4087 2720 4142 διὰ
2775 4089 2840 4142 τὰ
2889 4083 3037 4162 ἔργα,
3067 4107 3157 4141 και
3219 4087 3292 4158 μή
3347 4083 3547 4140 ’κείνου
3577 4083 3901 4138 παντάπασιν

2274 4180 2672 4258 ἀποστρόφους,
2727 4184 2807 4249 τῷ
2861 4179 2994 4251 πρὸς
3055 4175 3291 4236 ἀτόπους
3347 4173 3546 4240 ἡδονὰς
3603 4171 3674 4228 δι’
3715 4173 3904 4248 ἀρετῆς

2271 4269 2531 4325 ἀπουσίαν
2563 4269 2801 4346 χρῆσθαι
2835 4271 2913 4336 τῷ
2943 4263 3168 4337 πλούτῳ
3194 4285 3204 4296 ·
3241 4265 3301 4327 ὃς
3339 4265 3403 4318 ού
3441 4264 3602 4335 μόνον
3655 4267 3734 4332 τῶ
3781 4261 3908 4336 πρὸς

2273 4365 2441 4414 πᾶσαν
2499 4358 2688 4412 κακίαν
2747 4361 2864 4417 τοῖς
2920 4354 2982 4409 ού
3059 4353 3244 4414 καλῶς
3319 4351 3633 4428 χρωμένοις
3697 4349 3903 4427 ἐφόδιον

2272 4449 2566 4524 γίγνεσθαι,
2599 4447 2854 4523 φευκτέος
2903 4444 2964 4498 ἂν
3033 4443 3121 4514 ε’ίη
3185 4441 3400 4516 μᾶλλον
3458 4441 3493 4510 ἢ
3529 4438 3906 4507 σπουδαστέος,

2273 4537 2400 4593 ἀλλ’
2451 4537 2531 4591 ὅτι
2609 4537 2697 4590 καὶ
2757 4535 2949 4588 τούτου
3007 4534 3206 4608 χωρὶς,
3269 4531 3368 4586 οὐκ
3419 4530 3468 4586 ἐν
3521 4535 3600 4602 τῷ
3655 4528 3902 4583 πλουτεῖν

523 4645 656 4702 bere
683 4647 858 4702 etiam
894 4646 1019 4703 sine
1047 4647 1296 4719 opibus;
1335 4651 1382 4704 si
1413 4649 1542 4721 quis
1573 4656 1764 4707 autem
1815 4651 2157 4722 pecuniosus

2273 4629 2464 4690 ἁπλῶς
2513 4629 2622 4682 ἐστι
2669 4629 2728 4681 τὸ
2777 4625 2835 4680 εὖ
2883 4627 3156 4698 πράττειν,
3193 4621 3318 4678 ἀλλ’
3353 4621 3405 4676 ἐν
3453 4627 3532 4692 τῷ
3563 4619 3618 4676 εὖ
3659 4621 3904 4693 πράττειν

521 4767 630 4831 est,
651 4763 874 4819 felicior
893 4779 1021 4821 esse
1043 4765 1256 4837 poterit
1277 4769 1578 4838 propterea
1608 4768 1760 4839 quod
1785 4765 1915 4824 aliis
1937 4785 2165 4839 quoque

523 4890 668 4944 bene
699 4889 885 4945 facere
915 4895 1126 4962 potest.
1169 4891 1330 4957 Quod
1363 4891 1412 4947 si
1444 4891 1710 4948 virtutem
1745 4893 2016 4950 secundae
2047 4895 2166 4948 for-

523 5009 680 5060 tuna
707 5007 1062 5079 conjungere
1083 5006 1283 5074 vultis,
1315 5024 1434 5063 rem
1469 5007 1638 5066 laude
1659 5009 1894 5080 dignam
1919 5007 2168 5065 feceritis

525 5119 792 5178 Felicitas
823 5123 979 5178 enim
1001 5127 1090 5180 est
1118 5124 1383 5180 activitas
1432 5126 1615 5180 animi
1639 5141 1740 5195 per
1787 5125 2054 5180 virtutem
2097 5125 2171 5180 ad

525 5239 701 5295 vitam
734 5241 1068 5310 perfectam.
1095 5241 1152 5298 Si
1187 5247 1380 5297 autem
1428 5241 1639 5298 virtute
1695 5241 1909 5298 omissa
1962 5257 2172 5312 argen-

527 5359 652 5410 tum
691 5357 1092 5414 tantummodo
1121 5357 1432 5424 venamini,
1467 5356 1588 5412 fieri
1619 5373 1732 5412 non
1787 5361 1972 5427 potest
2028 5355 2172 5426 quin

523 5475 610 5524 ter
639 5469 900 5528 infelices
931 5471 1064 5529 facti
1113 5473 1174 5527 in
1233 5473 1540 5528 duraturae
1599 5471 1880 5527 labamini
1934 5470 2176 5527 calami-

525 5591 674 5644 tates
707 5607 722 5658 ;
753 5606 888 5646 nam
923 5607 1038 5648 non
1097 5590 1214 5646 nisi
1270 5589 1692 5646 semihomines
1731 5587 1918 5656 eritis,
1967 5589 2176 5644 animis

529 5701 752 5760 ratione
798 5705 1042 5779 omissa,
1097 5707 1354 5776 corporis
1403 5707 1630 5762 tantum
1675 5721 1876 5763 curam
1917 5708 2174 5777 agentes,

2273 4721 2335 4774 τό
2393 4739 2451 4794 γε
2507 4715 2785 4771 πλουτεῖν.
2823 4714 2892 4769 Εὖ
2954 4713 3009 4768 δὲ
3065 4713 3318 4786 πράττειν
3361 4713 3414 4766 τί
3465 4711 3524 4765 ἃν
3555 4709 3638 4780 ε’ίη
3675 4707 3906 4781 μᾶλλον,

2275 4810 2308 4878 ἢ
2369 4808 2502 4861 κατά
2556 4806 2741 4878 ψυχὴν
2799 4801 2855 4857 εὖ
2901 4803 3186 4881 πεφυκέναι
3237 4802 3328 4856 καὶ
3386 4801 3638 4875 πράττειν
3703 4799 3736 4851 ἃ
3795 4795 3904 4861 δεῖς

2277 4901 2349 4964 ὡς
2403 4900 2432 4954 ὅ
2483 4919 2542 4974 γε
2599 4901 2849 4958 τοιοῦτος
2902 4897 2990 4950 καὶ
3053 4895 3356 4969 χρημάτων
3429 4891 3552 4946 ἄνευ
3611 4893 3690 4952 οἷς
3743 4889 3908 4950 οὕτως

2279 4989 2417 5064 ἔχει,
2451 4987 2662 5044 πάντων
2713 4985 2982 5040 κάλλιστα
3023 4981 3140 5059 ἔχει
3172 5004 3184 5016 ·
3232 4985 3320 5037 καὶ
3369 4981 3572 5036 τούτων
3629 4979 3708 5034 ἔτι
3749 4998 3906 5046 προσ-

2281 5083 2470 5148 όντων,
2519 5075 2991 5149 εὐδαιμονέστερος
3039 5075 3096 5128 ἓὶν
3145 5072 3226 5144 ε’ίη
3279 5073 3368 5126 καὶ
3419 5070 3615 5142 πολλῶ
3665 5069 3906 5146 βελτίων,

2279 5175 2356 5242 τῷ
2401 5173 2490 5225 καί
2533 5169 2658 5228 τοὺς
2707 5165 2914 5226 ἄλλους
2964 5165 3020 5218 εὖ
3075 5170 3247 5218 ποιεῖν
3287 5160 3561 5216 δύνασθαι.
3597 5159 3660 5214 Εἰ
3695 5159 3788 5232 μὲν
3817 5157 3903 5210 οὗν

2287 5261 2420 5334 μετά
2473 5257 2570 5314 τού
2625 5257 2876 5330 πράττειν
2929 5255 2960 5309 ἃ
3018 5253 3098 5308 δεῖ
3154 5253 3242 5306 καὶ
3291 5253 3550 5308 πλουτεῖν
3580 5248 3756 5304 οἳεσθε
3790 5247 3906 5312 δεῖν,

2283 5351 2370 5402 καὶ
2403 5353 2497 5402 τοῦ
2528 5345 2826 5402 καλλίστου
2869 5340 3030 5398 τοῦδε
3077 5343 3318 5396 ποιεῖσθε
3355 5340 3518 5413 λόγον
3553 5335 3904 5408 συνδυασμοῦ,

2285 5437 2528 5508 ζηλωτοὶ
2571 5439 2784 5497 πάντως
2831 5433 2948 5488 ἐστὲ
2993 5433 3082 5486 καὶ
3131 5429 3390 5486 πλείστου
3437 5431 3582 5488 τινὸς
3621 5427 3756 5496 ἄξιοι
3783 5445 3794 5458 ·
3827 5425 3906 5478 εύο

2287 5525 2542 5599 δαιμονία
2599 5527 2700 5600 γάρ
2759 5523 2868 5578 ἐστι
2925 5521 3168 5595 ἐνέργεια
3223 5523 3406 5593 ψυχῆς
3461 5519 3578 5572 κατ’
3621 5517 3812 5590 ἀρετὴν
3859 5511 3906 5566 ἐν

2291 5617 2394 5688 βίῳ
2475 5614 2703 5686 τελείῳ·
2765 5613 2810 5667 εἷ
2885 5609 2930 5664 δ’
3001 5611 3194 5686 ἀρετῆς
3279 5607 3606 5684 ἀλογοῦντες
3683 5601 3905 5670 καθάπαξ

2291 5705 2462 5762 ἐκεῖνο
2527 5707 2694 5778 μόνον
2773 5699 3019 5774 διώκετε,
3075 5699 3164 5756 καὶ
3243 5697 3393 5762 ὅπως
3456 5693 3596 5772 ἕξετε
3667 5695 3909 5771 χρήματα
