4100 6218
277 354 395 418 διε

1291 354 1583 422 ORATIO
1627 355 1730 420 os
1769 305 2274 422 susurrones
2315 357 2670 423 ornans.

2579 245 2590 270 l

3561 365 3692 448 διε

281 487 566 567 προῦργου
638 490 900 558 ποιεῖσθε,
956 491 1166 568 ἀνάγκη
1243 494 1388 547 πᾶσα
1455 489 1802 567 τρισαθλίους
1868 513 1911 548 τι

2040 509 2321 584 illamque
2364 529 2465 585 pro
2493 513 2814 570 accesseris
2842 518 2946 570 aut
2975 514 3145 588 plane
3177 516 3338 572 nulla
3367 516 3679 584 habentes,

284 580 428 652 ὑμᾶς
501 580 632 635 εἶναι
700 581 792 636 καὶ
864 579 1284 654 κακοδαίμονας,
1338 582 1428 636 καὶ
1495 581 1717 658 προσέτι
1775 579 1923 638 δυοῖν

278 669 590 744 ἐνίσχεσθαι
629 675 745 725 τοῖν
791 671 1094 741 κακίστοιν,
1141 674 1223 743 τῷ
1270 671 1318 724 θ’
1365 669 1400 725 ἃ
1445 673 1520 745 μή
1573 673 1805 750 πέφυκεν
1848 673 1924 735 εἰς

276 759 416 812 ἅπαν
464 763 666 831 μενεῖν,
700 757 826 815 ἀλλ’
857 757 985 814 ὅσον
1035 759 1096 814 ἃν
1147 759 1344 816 αὐτίκα
1398 763 1726 831 πεπαῦσθαι,
1755 766 1924 818 ταῦτα

274 847 396 920 περί
449 846 707 910 πλείονος
748 847 897 924 ἄγειν
939 853 1051 904 τῶν
1099 847 1176 912 είς
1221 850 1361 905 ἅπαν
1406 851 1732 922 μενοόντων,
1763 855 1842 923 τῷ
1871 851 1923 922 ἐξ

277 937 536 1008 ἡμισείας
598 938 777 1011 ὥσπερ
847 938 924 1000 εἰς
990 936 1306 1013 ἀνθρώπους
1360 938 1538 995 τελεῖν
1587 939 1921 1012 νομίζεσθαι,

282 1021 350 1078 δι’
381 1026 454 1078 ὧν
485 1026 704 1099 σώματι
740 1027 834 1099 μὲν
865 1032 956 1081 καί
1005 1033 1123 1088 τοῖς
1177 1027 1254 1090 εἷς
1300 1032 1460 1100 σῶμα
1491 1029 1714 1106 φέρουσι
1747 1027 1926 1099 δήπου

280 1113 581 1190 προσὲχετε
633 1117 814 1188 μόνον,
855 1118 1040 1190 ψυχὴν
1093 1115 1151 1172 δὲ
1199 1116 1381 1193 ὥσπερ
1430 1118 1465 1188 ἢ
1521 1119 1710 1190 μηκέτ’
1741 1117 1926 1188 οὖσαν,

278 1206 316 1274 ἢ
368 1201 529 1260 οὖσαν
579 1206 695 1278 μὶν,
725 1205 1018 1278 τηνάλλως
1065 1205 1122 1261 δέ
1169 1207 1258 1261 καί
1309 1208 1428 1262 οἷον
1479 1207 1737 1284 ἰφόλκιον
1783 1207 1928 1282 παρά

277 1292 486 1371 ῳαῦλον
532 1297 782 1350 πονεῖσθε
808 1315 820 1327 ·
863 1297 926 1364 ἢν
973 1295 1162 1364 ἐπειδὴ
1211 1297 1346 1352 κατὰ
1391 1295 1521 1360 τοὺς
1566 1300 1664 1366 τῆς
1717 1298 1929 1375 φύσεως

275 1385 515 1456 θεσμοὺς
567 1382 714 1459 ἴσχει
759 1385 822 1439 τὸ
864 1384 1082 1458 κράτος,
1127 1381 1245 1440 δέον
1298 1386 1388 1440 καὶ
1446 1387 1571 1460 παρ’
1630 1389 1765 1458 ἡμῖν
1811 1383 1926 1458 μείς

274 1479 432 1542 ζονος
481 1474 757 1542 ἀξιοῦσθαι
805 1472 1084 1546 προνοίας,
1131 1474 1221 1529 καὶ
1262 1476 1330 1528 τὰ
1375 1471 1635 1548 πρεσϐεῖα
1680 1480 1760 1547 τῷ
1813 1472 1930 1530 ὄντι

273 1563 568 1638 φέρεσθαι*
623 1559 772 1636 οἶδ’
818 1563 900 1622 οἷς
949 1567 1239 1634 ποιοῦμεν,
1271 1559 1656 1636 κινδυνεύομεν
1707 1563 1928 1638 ἀνατρέ-

269 1672 396 1705 πειν
445 1654 550 1720 τὴν
606 1652 776 1722 τάξιν,
839 1656 912 1724 τῷ
980 1650 1192 1728 χείρονι
1263 1652 1362 1719 τήν
1421 1653 1718 1726 ἠγεμονίαν
1787 1655 1932 1728 παρά

271 1741 434 1817 φύσιν
505 1739 780 1811 διδόντες,
829 1742 919 1796 καὶ
997 1746 1259 1815 ποταμῶν
1328 1740 1436 1800 ἅνω
1511 1744 1577 1799 τὰ
1636 1743 1933 1821 πράγματα

266 1829 572 1904 κρίνοντες.

340 1921 446 1983 κς’.
479 1921 690 1976 ’¹Επειτ’
735 1919 780 1974 εί
825 1921 920 1994 μὲν
969 1919 1081 1976 ἔστι
1130 1922 1284 2000 ψυχὴ
1337 1922 1592 1994 σώματος
1640 1924 1913 1993 σύστασις,

267 2010 456 2084 ὥσπερ
518 2010 611 2065 οὖν
672 2009 838 2078 ἐστιν,
879 2013 1017 2082 αὐτή
1079 2009 1134 2067 δὲ
1209 2010 1429 2074 οὐδενὸς
1505 2012 1682 2087 ὲτέρευ
1745 2011 1914 2069 δεῖται

263 2103 408 2174 πρὸς
457 2101 728 2170 σύστασιν,
781 2100 928 2156 ἀλλὰ
973 2107 1114 2155 κινεῖ
1163 2102 1256 2174 μὲν
1306 2103 1396 2157 καί
1446 2108 1708 2172 ζωοποιεῖ
1754 2107 1915 2159 τοῦτο

267 2194 528 2257 συνοῦσα,
561 2187 771 2260 ἐξιοῦσα
803 2186 860 2244 δὲ
889 2191 950 2244 τὸ
985 2190 1078 2262 μὶν
1112 2190 1263 2253 εὐθὺς
1317 2190 1532 2270 οἴχεται
1572 2192 1661 2247 καὶ
1708 2191 1918 2268 καταβ-

268 2285 373 2353 ρεῖ,
402 2283 494 2334 καί
539 2281 676 2354 πρὸς
721 2279 785 2334 τὸ
837 2279 1009 2352 μηδὲν
1053 2277 1161 2350 ἤδη
1195 2287 1390 2355 χωρεῖ.
1424 2283 1459 2351 ἡ
1493 2279 1540 2336 δ’
1571 2279 1723 2338 οὐδὲν
1749 2285 1914 2352 ἧττον

267 2371 358 2424 καὶ
393 2367 569 2432 οὕτως
601 2368 712 2424 ἐστὶ
745 2370 922 2444 ψυχή,
957 2371 1158 2445 ἀνάγκη
1206 2369 1263 2425 δὲ
1309 2372 1410 2440 τήν
1460 2371 1632 2435 οὕτως
1679 2369 1912 2450 ἔχουσαν

266 2463 531 2514 τοσοῦτον
577 2458 746 2529 μείζω
795 2459 884 2512 καὶ
932 2458 1264 2532 τιμιωτέραν
1311 2462 1532 2516 τουτουὶ
1578 2462 1913 2536 καθεστάναι,

265 2549 397 2604 ὅσον
433 2553 531 2603 τοῦ
582 2547 968 2620 συνισταμένου
1005 2548 1066 2603 to‘
1119 2554 1391 2620 συνιστᾷν,
1421 2552 1509 2604 καί
1559 2555 1656 2606 τοῦ
1699 2557 1788 2607 νῦν
1819 2574 1912 2625 μεν

262 2638 444 2706 ὄντος,
477 2642 564 2692 νῦν
623 2635 669 2692 δ’
718 2636 815 2693 οῦκ
863 2638 1036 2706 ὄντος,
1094 2639 1155 2694 τό
1213 2642 1264 2715 γ’
1323 2639 1579 2704 ὡσαότως
1629 2641 1756 2718 ἔχον
1806 2642 1914 2714 ἀεὶ,

265 2728 507 2801 κάκείνῳ
552 2729 761 2784 τούτων
801 2726 976 2783 αἴτιον
1025 2726 1103 2801 δν,
1135 2727 1374 2804 ἐσχάτης
1421 2729 1605 2792 ἀνοίας
1655 2731 1718 2786 ἂν
1757 2733 1843 2802 εἴη
1876 2733 1911 2802 ἢ

264 2820 595 2894 παρανοίας,
625 2817 661 2887 ἢ
720 2817 820 2874 οὐκ
876 2815 975 2873 οἷδ’
1006 2820 1037 2873 ὅ
1091 2840 1142 2873 τι
1201 2819 1290 2873 καὶ
1347 2823 1454 2895 φῶ,
1493 2819 1694 2890 ταύτην
1755 2822 1914 2896 θερα-

263 2908 454 2964 πεύειν
504 2908 751 2986 ἄφὲντας,
779 2906 977 2963 τούτου
1035 2908 1414 2987 φροντίζοντας
1471 2909 1770 2986 φαίνεσθαι,
1821 2910 1910 2965 καὶ

261 3007 370 3068 τῆς
414 2998 620 3075 ἀλόγου
663 3019 714 3054 τε
755 3001 844 3053 καὶ
895 3000 1096 3070 θνητῆς
1144 3001 1243 3069 τὴν
1291 2997 1522 3074 λογικήν
1554 3020 1611 3054 τε
1639 2999 1730 3054 καὶ
1780 3000 1913 3054 ἀθά-

260 3110 426 3144 νατον
473 3089 595 3162 περῖ
651 3087 942 3151 ἐλάττονος
1004 3093 1197 3163 μοῖραν
1255 3091 1547 3147 ποιεῖσθαι.
1585 3094 1642 3144 '0
1693 3089 1786 3162 μὶν
1819 3088 1911 3143 οὖν

259 3178 312 3248 ἐξ
378 3178 656 3253 Αἰγύπτου
717 3176 997 3242 Πλωτῖνος
1047 3180 1175 3252 μήθ’
1215 3179 1349 3252 ὑπὲρ
1387 3182 1484 3234 τοῦ
1541 3176 1696 3242 ὄντος
1742 3177 1912 3242 ὄντως

260 3265 430 3337 δόξης
462 3251 624 3329 εἰδὼς
671 3266 704 3320 ἃ
743 3265 845 3331 δεῖ,
881 3270 1010 3339 μήθ’
1041 3269 1114 3322 ὧν
1165 3251 1328 3340 ἡμεῖς
1364 3265 1533 3339 μηδὲν
1562 3266 1902 3342 προσδοκῶν,
1938 3251 1987 3317 Ο

253 3359 522 3411 τοσοῦτον
582 3356 779 3434 ἀπεῖχε
829 3360 932 3412 τοῦ
990 3357 1244 3428 σώματος
1294 3357 1492 3430 ὁρμαῖς
1549 3358 1636 3411 καὶ
1699 3358 1906 3426 ὁπηοῦν

257 3445 492 3522 ἐφιέναι,
527 3447 651 3501 ὅσον
707 3451 803 3500 τοῦ
859 3452 960 3515 τῆς
1013 3449 1198 3520 ψυχῆς
1249 3445 1465 3518 κόσμου
1522 3446 1611 3500 καὶ
1662 3444 1904 3508 κάλλους

253 3536 470 3592 ἐτίθετο
512 3536 710 3612 λόγον’
743 3536 886 3592 οὕτω
927 3535 983 3592 δὲ
1032 3539 1230 3607 ταύτην
1279 3542 1387 3593 τῶν
1437 3539 1704 3612 μεγίστων
1749 3538 1904 3608 ἠξίου

254 3625 354 3682 καὶ
404 3627 480 3680 ὧν
531 3625 768 3699 μάλιστα
814 3627 951 3700 χρὴ,
983 3624 1112 3680 ὥσθ’
1141 3625 1225 3682 ὅτι
1279 3628 1353 3699 μή
1407 3628 1545 3701 μόνῃ
1585 3629 1774 3701 ταυτῃὶ
1803 3649 1906 3682 πε-

257 3723 410 3791 ριῆν,
470 3716 498 3768 ὁ
557 3713 602 3769 δ’
651 3715 830 3787 ὥσπερ
905 3715 1078 3787 ἑαυτῷ
1145 3713 1532 3790 δυσχεραίνειν,
1607 3719 1699 3772 καὶ
1768 3719 1904 3793 πρὸς

255 3805 532 3880 αἰσχύνης
579 3805 828 3880 ἡγεῖσθαι
873 3805 972 3874 τήν
1009 3805 1142 3876 μετὰ
1172 3805 1426 3877 σώματος
1461 3807 1666 3862 δίαιταν
1693 3827 1707 3840 ο
1739 3809 1906 3863 ταυτᾶ

252 3899 430 3950 ταῦτα
469 3893 791 3970 φιλοσοφῶν
840 3897 918 3965 τῷ
964 3898 1060 3948 τοῦ
1091 3896 1304 3966 Ἰεσσαὶ,
1341 3893 1718 3972 δεσμωτήριον
1769 3897 1906 3953 ἀπο-

253 3985 523 4040 καλοῦντι
550 3986 614 4039 τὸ
645 3989 825 4056 σῶμα,
855 3985 948 4038 καὶ
981 3982 1070 4039 διὰ
1100 3983 1259 4040 τοῦτο
1288 3988 1387 4054 τὴν
1415 3980 1600 4057 ἔξοδον
1646 3987 1902 4043 ἐπνσπεό-

255 4073 450 4130 δοντι·
513 4076 677 4148 ἡμεῖς
735 4071 813 4145 δὲ,
847 4071 892 4129 ὣ
947 4079 1106 4130 κενοῦ
1164 4077 1402 4137 πάθουςί
1437 4079 1534 4146 τὴν
1593 4075 1905 4133 δεσποτείαν

250 4169 354 4221 τοῦ
405 4167 502 4218 νοῦ
556 4163 879 4239 κατάγοντες
937 4163 1012 4226 εἰς
1071 4161 1346 4235 δουλείαν,
1377 4165 1466 4221 καὶ
1506 4168 1568 4221 τὸ
1599 4168 1900 4240 θαυμαστὸν

248 4253 344 4311 καὶ
405 4256 687 4308 θεσπέσιον
744 4253 898 4308 τουτὶ
956 4260 1150 4328 χρῆμα
1197 4253 1286 4308 καὶ
1344 4257 1442 4318 τῆς
1501 4256 1759 4311 ἀνωτάτω
1811 4257 1902 4311 καὶ

250 4347 486 4421 πρώτης
535 4343 711 4406 αἰτίας
769 4343 1007 4415 μάλιστα
1069 4345 1338 4421 ξυγγενὲς,
1401 4345 1730 4419 μολόνοντες
1785 4351 1900 4408 τοῖς

252 4435 565 4513 αἰσχίστοις
619 4431 770 4488 οὐδὲν
836 4435 898 4489 τὸ
968 4433 1217 4508 παράπαν
1287 4433 1512 4507 οἰόμεθα
1565 4431 1730 4510 δρᾷν·
1785 4435 1903 4490 οὐδ’

251 4528 406 4598 ἡμᾶς
463 4521 663 4584 αὐτοὺς
705 4523 1088 4598 καταισχύνειν
1145 4523 1318 4588 οὕτως
1382 4522 1623 4602 ἔχοντες,
1690 4523 1901 4599 μᾶλλον

1948 1869 1996 1935 Β

2033 618 2092 674 in
2126 635 2336 674 vanum
2385 619 2742 675 laborabitis.
2793 619 2896 676 Ubi
2948 626 3143 679 autem
3189 621 3312 689 illa,
3359 626 3424 679 ut
3465 631 3677 680 natura

2031 724 2372 795 praescribit,
2429 725 2782 794 dominatur,
2833 729 3031 784 omnia
3088 727 3232 786 bene
3289 728 3514 798 cedent,
3572 745 3677 785 nec

2035 831 2410 888 metuendum
2453 842 2538 888 est
2586 847 2658 888 ne
2701 832 2961 890 ordinem
3009 835 3396 892 intervertatis
3437 842 3492 891 et
3522 837 3676 892 malo

2034 939 2320 1012 principio
2353 946 2552 996 contra
2592 947 2860 998 naturam
2905 941 3258 1015 indulgeatis
3287 949 3346 1000 et
3375 961 3548 1016 pravo
3568 945 3674 1014 ‘ju-

2034 1049 2186 1106 dicio
2215 1049 2410 1106 omnia
2439 1050 2830 1108 confundatie.

2092 1920 2184 1975 26.
2215 1920 2274 1976 Si
2304 1920 2560 1990 denique
2589 1918 2788 1974 anima
2815 1919 3075 1990 corporis
3105 1920 3530 1977 adminiculum
3562 1929 3669 1989 est,

2026 2025 2302 2097 nullaque
2333 2041 2394 2079 re
2437 2025 2509 2080 ad
2540 2025 2664 2080 suis
2701 2025 3188 2082 sustentationem
3221 2036 3370 2100 eget,
3399 2029 3501 2084 sed
3523 2027 3672 2084 illud

2025 2136 2216 2187 movet
2243 2135 2298 2187 et
2327 2131 2600 2200 vivificat,
2631 2147 2661 2185 e
2699 2147 2939 2203 corpore
2979 2136 3175 2188 autem
3209 2132 3406 2190 exiens
3444 2134 3582 2188 facit
3612 2138 3676 2189 ut

2023 2239 2134 2295 hoc
2163 2255 2373 2310 corpus
2419 2238 2615 2294 subito
2665 2238 3023 2294 dissolvatur
3070 2245 3130 2296 et
3181 2239 3242 2295 in
3294 2239 3546 2296 nihilum
3577 2257 3677 2297 re-

2024 2350 2191 2418 deat;
2223 2348 2418 2405 anima
2458 2353 2654 2404 tamen
2685 2347 3074 2404 nihilominus
3117 2348 3416 2420 perdurat,
3455 2353 3512 2406 et
3539 2365 3672 2405 cor-

2023 2472 2161 2527 pore
2217 2460 2378 2512 tanto
2435 2457 2624 2526 major
2679 2459 2787 2522 est,
2847 2464 3066 2528 quanto
3128 2454 3374 2527 simplex
3411 2460 3672 2512 creatura

2024 2566 2213 2633 major
2239 2569 2329 2619 est
2347 2564 2694 2634 composita,
2723 2579 2847 2634 que
2867 2577 3019 2617 nunc
3039 2567 3150 2628 est,
3176 2577 3328 2617 nunc
3352 2561 3667 2630 evanescit,

2021 2671 2516 2728 absurdissimum
2538 2685 2681 2726 sane
2695 2672 2852 2726 esset
2870 2672 2928 2724 et
2949 2668 3393 2737 stultissimum,
3413 2669 3669 2725 animam

2021 2780 2079 2835 in
2123 2777 2455 2834 servitutem
2503 2777 2782 2850 redigere,
2822 2775 3018 2844 reique
3058 2774 3377 2830 irrationali
3415 2783 3469 2831 et
3507 2791 3671 2832 mor-

2020 2883 2144 2954 tali,
2175 2883 2396 2954 corpori
2436 2882 2703 2955 inquam,
2755 2897 2876 2938 rem
2910 2881 3250 2938 rationalem
3283 2889 3335 2936 et
3366 2882 3669 2938 immorta-

2019 2991 2133 3048 lem
2180 2989 2485 3061 subjicere.
2538 2987 2802 3046 Plotinus
2849 2988 3085 3060 quidem
3139 2987 3434 3060 Egyptian
3464 2989 3564 3060 qui
3595 2990 3668 3046 de

2019 3114 2214 3156 rerum
2253 3097 2509 3154 essentia
2554 3095 2819 3153 eruditus
2859 3098 2920 3150 ut
2949 3109 3122 3151 nemo
3165 3094 3354 3168 magis
3401 3095 3508 3152 fuit
3536 3113 3664 3154 cor-

2020 3205 2174 3278 poris
2205 3202 2512 3272 minorem,
2545 3202 2755 3258 animin
2785 3200 3072 3272 majorem
3105 3199 3308 3256 habuit
3337 3200 3621 3259 rationem
3649 3219 3663 3269 ;

2017 3325 2198 3382 quare
2257 3308 2407 3364 hanc
2465 3306 2709 3363 maximi
2773 3305 3104 3371 aestimavit,
3161 3305 3418 3376 corporis
3471 3313 3664 3364 autem

2015 3416 2413 3475 exeietentiam
2461 3417 2522 3471 in
2571 3414 2827 3470 inferiori
2881 3413 3007 3470 loco
3055 3413 3272 3485 posuit,
3321 3421 3382 3468 ut
3419 3415 3665 3471 Davidee

2015 3540 2223 3595 corpus
2247 3537 2538 3580 carcerem
2571 3520 2890 3592 appellans,
2924 3520 3077 3577 unde
3096 3519 3252 3575 exire
3274 3519 3662 3592 maximepere

2015 3631 2470 3688 desiderandnm
2523 3634 2632 3685 est.
2679 3628 2818 3696 Noe,
2850 3643 2884 3683 o
2925 3626 3276 3683 stultitiaml
3310 3626 3522 3683 mentis
3552 3627 3658 3682 do-

2013 3739 2390 3796 minationem
2421 3737 2481 3792 in
2512 3735 2847 3792 servitutem
2877 3733 3230 3807 redegimus,
3253 3737 3310 3791 et
3329 3734 3410 3789 sic
3430 3747 3659 3790 summa

2003 3849 2148 3904 imis
2179 3845 2600 3903 confundentes
2631 3843 2799 3916 quasi
2827 3858 2888 3898 re
2940 3843 3086 3898 bene
3117 3846 3276 3914 gesta
3300 3840 3656 3914 gloriamur!

2011 3971 2119 4011 nos
2145 3953 2288 4010 citra
2319 3967 2555 4008 omnem
2604 3950 2884 4022 pudorem
2928 3965 3033 4004 nos
3067 3948 3205 4004 sitos
3235 3947 3563 4019 opinantes.
3588 3949 3659 4004 de

2013 4062 2172 4120 clade
2201 4059 2561 4118 exsultamue
2603 4057 2771 4130 quasi
2801 4056 3018 4114 nemini
3059 4057 3341 4112 rationem
3375 4056 3659 4114 reddituri

2011 4187 2108 4236 aut
2157 4175 2592 4234 retributionem
2643 4173 2960 4248 aliquando
3017 4173 3324 4243 accepturi.
3389 4175 3657 4230 Attamen

2011 4293 2296 4352 ratiocinii
2343 4291 2526 4348 solius
2563 4306 2671 4363 Ope
2710 4290 2815 4345 rite
2863 4293 2920 4345 et
2963 4288 3270 4344 hominum
3305 4305 3460 4344 more
3490 4305 3660 4362 agere

2009 4410 2286 4467 valemus.
2319 4407 2468 4464 Num
2515 4407 2678 4462 Plato
2725 4405 2798 4461 ob
2825 4405 2884 4460 id
2916 4405 3072 4476 quod
3107 4403 3408 4459 rationalis
3444 4420 3547 4460 nec
3579 4403 3659 4458 ir-

2011 4524 2309 4581 rationalis
2350 4528 2505 4578 esset
2543 4519 2909 4592 superbivit?
2940 4520 3054 4576 Nos
3085 4523 3280 4576 autem
3313 4519 3416 4592 qui
3449 4519 3658 4576 bestia-

255 4616 354 4688 μὲν
408 4613 503 4668 οὖν
553 4611 644 4667 καὶ
695 4609 784 4667 διὰ
830 4615 1044 4668 πάντων
1077 4614 1150 4676 ὡς
1183 4613 1302 4668 οἷόν
1329 4635 1388 4669 τε
1416 4615 1636 4684 ταυνηνὶ
1668 4635 1898 4690 συγκρο-

2019 4658 2142 4698 rum
2173 4641 2356 4697 instar
2385 4638 2578 4711 pravis
2609 4637 2896 4694 servimus
2921 4635 3364 4706 cupiditatibus,
3391 4639 3656 4691 naturam

252 4707 460 4774 τοῦμεν
513 4703 614 4770 τὴν
670 4703 858 4770 ἧτταν,
911 4702 1091 4776 ὥσπερ
1149 4701 1186 4772 ἢ
1239 4700 1444 4777 μηδὲνα
1494 4705 1617 4778 περὶ
1669 4701 1902 4777 μηδενὸς

253 4789 519 4852 δώσοντες
577 4789 762 4866 λόγον,
822 4791 857 4860 ἢ
916 4797 1089 4866 γερῶν
1145 4790 1388 4864 οἰόμενοι
1443 4793 1752 4864 τεύξεσθαι·
1810 4793 1900 4848 καί

259 4885 372 4956 μὴν
429 4882 516 4942 οἷς
571 4882 666 4956 μὲν
718 4882 871 4955 λόγῳ
919 4881 1008 4934 καὶ
1057 4877 1266 4953 διανοίᾳ
1312 4884 1449 4957 πρὸς
1507 4883 1715 4938 ἅπαντα
1745 4883 1898 4958 χρώ-

259 4975 416 5044 μεθα,
449 4972 541 5026 καὶ
591 4971 724 5044 μετὰ
769 4975 867 5025 τοῦ
917 4967 1245 5026 διανοεῖσθαί
1290 4992 1349 5026 τε
1386 4970 1474 5026 καὶ
1522 4977 1736 5048 φρονεῖν
1785 4976 1900 5032 τοῖς

253 5061 566 5136 πράγμασιν
635 5059 990 5136 ἐγχειροῦμεν
1057 5061 1134 5124 εἷς
1207 5061 1527 5136 ἀνθρώπους
1595 5058 1897 5132 τελοῦμεν·

252 5148 450 5223 ἀμέλει
479 5151 569 5203 καὶ
602 5150 834 5204 Πλάτων
867 5149 951 5204 ὅτι
982 5169 1082 5224 περ
1116 5149 1214 5204 οὐκ
1244 5147 1469 5224 ἄλογος,
1501 5148 1646 5203 ἀλλὰ.
1676 5148 1900 5226 λογικὸς

249 5239 513 5316 ἐγεγόνει,
553 5238 1082 5318 μεγαλαυχούμενος
1129 5240 1194 5308 ἦν
1223 5259 1236 5270 ·
1289 5240 1370 5301 οἷς
1416 5237 1465 5292 δ’
1514 5237 1685 5298 οὕτως
1735 5238 1902 5309 ἀνοή-

249 5346 388 5398 1:me
411 5326 838 5402 dldymvﬁlxnv
887 5336 1004 5391 τοῖς
1052 5329 1269 5385 πάθεσιν
1321 5327 1652 5402 ὑποκείμεθα
1680 5329 1768 5383 καὶ
1798 5331 1899 5400 τὴν

256 5420 510 5475 ὑπόθεσιν
588 5417 1014 5493 παραϐαίνομεν,
1078 5420 1179 5486 τήν
1250 5418 1404 5497 φύσιν
1472 5416 1817 5492 ἂρνούμεθα⁸
1871 5420 1900 5473 ’ὁ

251 5509 342 5564 καὶ
402 5507 768 5580 θαυμάζωΙεῖ
827 5505 1066 5584 ἀλόγους
1127 5505 1222 5580 μὲν
1279 5527 1450 5579 τινος.
1483 5509 1632 5580 ἡμᾶς
1681 5527 1898 5582 προσει-

251 5599 449 5660 πόντος
511 5595 610 5651 οὐκ
665 5596 726 5651 ἂν
783 5597 1152 5672 ἠνεσχόμεθα,
1183 5595 1337 5650 αὐτοὶ
1396 5593 1453 5652 δὶ
1501 5597 1582 5661 οἷς
1631 5600 1898 5669 ποιοῦμεν

251 5685 484 5760 ἀλογίαν
535 5691 838 5760 νοσοῦντες,
873 5686 974 5742 οὐκ
1019 5685 1414 5759 αἰσθανόμεθα·
1448 5684 1511 5741 οὖ
1565 5691 1749 5758 μεῖζον
1800 5687 1897 5740 οὐ-

2011 4773 2318 4830 negamus.
2349 4756 2512 4812 Certe
2554 4753 2604 4810 si
2645 4754 2780 4825 quis
2821 4752 3056 4824 stupido
3089 4768 3195 4808 nos
3230 4751 3658 4822 alloqueretnr,

2009 4893 2156 4949 aegre
2212 4877 2515 4940 ferremus,
2576 4888 2682 4928 nec
2738 4872 3004 4928 videmus
3053 4887 3160 4927 nos
3206 4871 3362 4940 ipsos
3400 4868 3656 4924 stultitiae

2011 4994 2212 5050 morbo
2268 4991 2582 5057 laborare;
2634 5004 2749 5060 quo
2799 4987 2941 5043 nihil
2999 4985 3247 5057 turpius.
3299 4984 3447 5040 Dum
3495 4987 3653 5040 enim

2010 5107 2159 5180 parti
2188 5107 2399 5164 animai
2439 5105 2585 5161 male
2614 5120 2772 5160 sane
2819 5099 3195 5170 attendimus,
3239 5098 3455 5156 mentis
3503 5115 3657 5154 sane

2009 5223 2292 5279 rationem
2326 5219 2546 5274 nullam
2582 5219 2884 5282 habemus,
2917 5215 2972 5270 id
3005 5214 3162 5285 quod
3195 5212 3339 5268 nihil
3372 5212 3528 5267 aliud
3568 5221 3655 5268 est

2010 5337 2123 5395 nisi
2154 5335 2467 5401 dementia,
2519 5333 2703 5400 caligo
2735 5347 2860 5402 qua
2889 5345 2919 5384 e
2960 5327 3332 5402 passionibus
3371 5343 3654 5384 emanane

2003 5452 2294 5526 judicium
2327 5450 2602 5506 obscurat
2630 5450 2688 5500 et
2715 5445 2974 5501 animum
3006 5443 3078 5500 ad
3111 5457 3406 5500 servorum
3441 5442 3652 5498 fmdam

2007 5570 2395 5627 conditionem
2427 5564 2706 5622 detrudit.
2741 5563 2800 5618 In
2833 5561 3108 5618 omnibus
3145 5560 3321 5634 igitur
3351 5561 3494 5617 ratio
3518 5577 3651 5638 opo-

2005 5693 2180 5758 retur,
2214 5689 2271 5742 et
2300 5701 2391 5742 res
2424 5682 2594 5742 salvae
2625 5687 2816 5741 erunt.
