3982 6216
402 347 514 405 551
1615 345 2043 410 NICEPHORL

2156 347 2588 414 CALLISTUS.
3679 345 3774 405 552

405 481 604 538 Dicata
633 479 810 536 editio
841 480 1572 536 Graeco-Latinacnrdinali
1589 480 1850 536 Richelio
1873 487 2115 550 est,cnm
2133 483 2462 554 imperatori
2478 484 2566 554 (ut
2589 483 2909 540 versionem
2927 500 3091 538 suam
3109 481 3362 554 Langus)
3383 479 3706 537 oblaturum
3726 494 3778 533 se

403 570 566 626 illam
595 569 838 624 Ducmus
871 569 1334 640 promisisset,ex
1381 571 1548 640 cujus
1583 571 1930 626 bibliotheca
1956 573 2211 628 codicem
2227 573 2490 630 Graecum
2520 573 2988 644 acceperat.Vide
3021 573 3410 640 Lambecium,
3443 567 3656 640 lib.i,p.
3673 568 3776 622 158.

477 661 600 714 Alia
633 658 938 729 Nicephori
973 659 1151 730 hujus
1183 661 1400 730 scripta
1431 665 1569 716 sunt
1603 679 1615 714 :

473 746 762 822 Σύνταγμα
795 747 1072 818 detemplo
1101 752 1150 802 et
1175 747 1463 803 miraculis
1523 750 1738 808 Sanctae
1767 752 1954 808 Mariae
2011 751 2082 804 ad
2109 753 2314 823 fontem
2375 769 2489 808 uno
2535 769 2568 807 a
2621 752 2782 808 CPoli
2843 753 3052 817 stadio,
3102 751 3257 822 quod
3301 749 3401 804 lib.
3462 765 3552 810 xv,
3606 764 3722 819 cap.
3752 749 3780 802 6

399 837 757 908 Nicephorus
787 853 846 891 se
904 837 1209 908 scripsisse
1267 843 1532 908 testatur,
1593 840 1781 895 adhuc
1813 841 2154 908 ,exstatims.
2203 842 2262 896 in
2293 841 2659 896 bibliothecis
2690 842 2951 898 Caesarea
2981 847 3038 896 et
3069 841 3346 895 Vaticana
3380 855 3393 893 :
3435 840 3508 893 De
3539 838 3778 893 Caesareo

401 928 595 982 codice
624 927 745 983 Jac.
779 929 1078 982 Gretserus
1111 929 1180 982 ad
1215 929 1500 984 Codicum
1552 946 1607 1000 p.
1631 931 1736 984 232
1755 933 1946 986 Exstat
1985 931 2215 987 Viennae
2245 931 2305 985 in
2358 933 2604 988 Caesarea
2637 933 2775 987 Bibl.
2817 933 3067 1000 fortassis
3113 933 3336 985 unicum
3377 931 3537 984 totius
3565 929 3784 996 Europae

401 1019 697 1090 exemplor,
721 1020 811 1074 cui
839 1019 949 1074 nisi
969 1020 1072 1072 cito
1115 1024 1471 1074 succurratur
1528 1019 1668 1092 (vidi
1725 1024 1872 1076 enim
1929 1025 1988 1076 et
2045 1023 2362 1093 percucurri
2421 1023 2654 1078 allatum
2713 1022 3053 1078 Monac/rium
3102 1028 3151 1074 et
3211 1027 3313 1074 huc:
3354 1017 3778 1087 lngolstadium)

393 1120 668 1191 penitusa
719 1117 900 1172 blattis
931 1118 1198 1188 lineisque
1227 1117 1584 1172 corrodetur:
1616 1123 1666 1173 et
1713 1119 1834 1188 jam
1881 1135 2030 1174 nunc
2084 1121 2292 1192 aliquot
2337 1123 2405 1174 ab
2445 1123 2604 1192 aquis
2651 1123 2881 1190 pessime
2937 1127 3210 1189 acceptam
3269 1121 3367 1183 est,
3403 1120 3498 1184 ita,
3534 1119 3590 1170 ut
3621 1115 3785 1169 multa

404 1207 510 1277 legi
554 1214 846 1278 nequeant,
877 1208 1192 1278 prmserlim
1221 1209 1320 1262 sub
1350 1208 1537 1277 ﬁnem.
1585 1207 1724 1263 Vide
1749 1215 1806 1264 et
1836 1209 2184 1278 Nesselium,
2219 1216 2378 1280 parte
2409 1209 2475 1277 V,
2537 1228 2592 1280 p.
2633 1211 2754 1277 153,
2787 1210 2888 1264 154
2918 1209 3016 1281 (ο).
3051 1207 3316 1264 Vaticani
3347 1205 3562 1262 codicis
3597 1205 3786 1260 memi-

401 1300 488 1354 nit
521 1298 863 1354 Lambecius
891 1299 961 1353 ad
996 1297 1276 1354 Codinum
1309 1314 1439 1370 pag.
1475 1291 1598 1366 1'99,
1631 1305 1686 1354 et
1715 1300 1962 1355 Allatius
1993 1301 2065 1354 de
2105 1301 2444 1356 Simeonum
2473 1301 2731 1372 scriptis,
2760 1317 2886 1372 pag,
2920 1299 3008 1354 88.
3043 1300 3122 1354 De
3153 1297 3370 1369 templo
3401 1295 3496 1352 illo
3539 1300 3596 1352 et
3625 1295 3784 1361 fonte,

403 1387 702 1444 miraculis
734 1387 968 1455 celebri,
1027 1388 1314 1444 videndus
1363 1388 1612 1459 Cangius
1647 1389 1704 1443 in
1766 1389 1924 1444 CPoli
1956 1377 2271 1444 Christiana
2306 1389 2405 1445 lib.
2459 1407 2531 1456 iv,
2567 1405 2697 1460 pag.
2737 1389 2980 1460 183seq.
3015 1388 3214 1442 Exstat
3255 1393 3314 1441 et
3343 1387 3400 1440 in
3423 1385 3626 1442 eodem
3655 1381 3784 1440 bibl.

404 1477 676 1534 Caesareae
708 1477 902 1533 codice
931 1477 1238 1548 Nicephori
1285 1476 1580 1533 Acoluthia
1609 1479 1731 1534 sive
1760 1479 2017 1550 Ofﬁcium
2065 1481 2196 1550 festi
2223 1479 2582 1534 dedicationis
2635 1479 2826 1550 templi
2857 1477 3022 1548 hujus
3079 1481 3130 1533 et
3177 1491 3354 1532 canon
3401 1475 3524 1531 sive
3571 1474 3783 1543 hymno,

407 1583 538 1622 cum
573 1567 833 1636 antiquis
861 1565 1014 1622 notis
1047 1567 1306 1622 musicis.
1340 1565 1430 1638 [V.
1465 1566 1638 1638 paulo
1669 1570 1800 1622 ante
1854 1568 2174 1642 adnotata.]

479 1657 765 1728 Catalogus
811 1659 1201 1726 imperatorum
1245 1655 1684 1724 CPolitanorum,
1727 1657 1970 1712 versibus
2018 1657 2288 1729 iambicis,
2329 1658 2522 1715 Grasse
2551 1673 2584 1714 e
2629 1657 2826 1714 codice
2854 1655 3070 1728 duplici
3104 1655 3283 1728 regio,
3319 1655 3376 1709 in
3409 1651 3624 1710 Labbei
3656 1657 3786 1708 Pro—

403 1748 592 1802 tretico
629 1747 756 1802 hist.
801 1747 930 1816 Byz.
961 1761 1093 1818 pag.
1126 1745 1215 1800 34.
1251 1745 1310 1800 ln
1343 1746 1561 1816 codice,
1611 1762 1784 1818 quem
1833 1749 1923 1803 Jo.
1959 1748 2195 1818 Langus
2225 1748 2448 1816 evolvit,
2509 1754 2566 1804 et
2597 1749 2782 1820 qualis
2839 1748 3032 1804 Grmce
3061 1747 3258 1802 editus
3289 1743 3520 1800 Basileaa
3555 1743 3712 1810 1536,
3739 1742 3786 1808 8,

405 1837 470 1891 ad
497 1835 716 1891 calcem
749 1836 1276 1907 Epigrammeatum
1308 1851 1600 1891 sacrorum
1630 1836 1914 1892 Theodori
1945 1837 2260 1906 Prodromi,
2295 1839 2790 1909 quemadmodum
2817 1843 2873 1892 et
2901 1837 2964 1892 in
2995 1837 3175 1892 altero
3207 1834 3384 1903 regio,
3413 1833 3628 1890 desinit
3657 1839 3786 1888 cata-

403 1926 574 1997 logus
601 1925 692 1981 hic
742 1926 799 1980 in
836 1925 1114 1982 Adronico
1155 1925 1412 1996 juniore.
1463 1927 1706 1984 Caeteros
1767 1929 1838 1983 ad
1869 1928 2311 1984 Constantinum
2364 1928 2754 1999 Paleologum
2803 1943 3008 1999 usque,
3040 1925 3341 1991 recentior,
3375 1925 3552 1990 utﬁt,
3595 1938 3790 1977 manus

407 2017 650 2074 addidit.
687 2019 894 2088 (Fabr.)
945 2018 1242 2073 Florentia
1271 2017 1330 2072 in
1366 2017 1504 2072 bibl.
1543 2019 1747 2074 Medic.
1782 2019 1907 2074 cod.
1943 2021 2030 2087 16,
2065 2036 2152 2074 nr.
2183 2020 2274 2090 20,
2309 2020 2453 2091 plut.
2499 2021 2590 2087 87,
2621 2019 2866 2075 Carnem
2895 2017 3214 2073 iambicum
3249 2017 3318 2070 de
3349 2013 3790 2086 imperatoribus

405 2109 644 2165 orientis
671 2127 704 2163 a
761 2107 1138 2164 Constantino
1195 2111 1217 2164 Ι
1248 2109 1316 2163 ad
1351 2110 1793 2164 Censtantinum
1843 2109 1958 2179 XV,
1992 2109 2226 2165 nomine
2275 2111 2512 2181 quidem
2543 2111 2798 2165 auctoris
2831 2125 2944 2164 non
2975 2109 3197 2176 addito,
3231 2108 3330 2162 sed
3367 2105 3570 2177 Langii
3601 2113 3792 2162 aucto-

405 2201 576 2256 ritate
610 2205 800 2255 motus
825 2199 1146 2271 Nicephoro
1177 2199 1378 2254 tribuit
1413 2199 1656 2254 Bandin.
1691 2200 1813 2256 Cat.
1867 2201 2032 2255 codd.
2064 2199 2160 2255 Gr.
2201 2217 2330 2272 pag'
2391 2202 2514 2256 400.
2547 2231 2616 2242 -
2643 2201 2708 2256 In
2755 2201 2860 2256 cod.
2907 2199 3124 2255 Veneto
3169 2198 3346 2254 Marc.
3407 2197 3534 2265 375,
3587 2196 3792 2266 scripto

404 2307 539 2348 ann.
575 2291 736 2357 1426,
767 2299 850 2346 est
879 2289 1115 2360 Niceph.
1149 2289 1504 2361 Xanthopuli
1529 2291 1780 2360 Catalog.
1813 2290 1957 2362 imp.
1987 2289 2184 2346 CPolis
2231 2291 2375 2362 (Cat.
2413 2291 2580 2346 codd.
2613 2291 2708 2346 Gr.
2745 2307 2802 2360 p,
2835 2289 2986 2360 304.)
3033 2291 3092 2343 in
3125 2289 3250 2344 cod.
3285 2287 3642 2342 Barocciano
3664 2283 3792 2340 bibl.

404 2383 620 2438 Bodlei.
649 2385 699 2438 d.
735 2381 825 2442 59,
857 2379 979 2436 Nic.
1011 2380 1154 2438 Call.
1187 2379 1560 2453 cbronologia
1593 2381 1924 2453 imperator.
1960 2400 1994 2437 a
2023 2381 2401 2438 Constantino
2441 2382 2517 2436 M.
2553 2383 2626 2436 ad
2655 2381 3053 2436 Andronicum
3087 2380 3166 2436 III
3199 2379 3484 2436 versibus.
3517 2406 3586 2416 —
3623 2377 3791 2432 Paris.

401 2471 460 2525 in
491 2470 630 2526 bibl.
671 2471 834 2542 publ.
885 2471 944 2526 in
975 2471 1103 2526 cod.
1135 2471 1263 2536 535,
1297 2487 1356 2525 n.
1387 2471 1486 2538 34;
1519 2470 1641 2530 Nic,
1695 2471 1834 2527 Call.
1895 2471 2146 2544 Catalog.
2181 2473 2600 2542 imperatorum
2659 2477 2714 2526 et
2746 2472 3205 2542 patriarcharum
3237 2469 3706 2526 CPolitanorum.
3735 2497 3794 2507 —

405 2559 470 2615 In
493 2559 618 2614 cod'
657 2559 814 2630 1630,
851 2577 906 2614 n.
944 2561 994 2628 1,
1051 2560 1228 2616 Catal.
1285 2559 1750 2631 patriarcharum
1807 2561 2020 2628 CPolit,
2055 2561 2330 2617 desinens
2369 2563 2426 2616 in
2461 2563 2776 2616 Athanasio
2809 2578 2946 2617 ann.
2987 2561 3119 2616 Chr.
3167 2561 3325 2615 1302.
3358 2591 3426 2599 —
3457 2558 3526 2624 N,
3563 2559 3652 2624 11,
3684 2561 3791 2612 Cat.

401 2649 824 2722 imperatorum
873 2647 1341 2719 CPolitanorum,
1400 2650 1662 2706 versibus
1721 2651 2028 2718 iambicis;
2063 2652 2218 2708 idem
2253 2670 2492 2722 prorsus
2521 2669 2652 2708 cum
2709 2653 2833 2718 illo,
2869 2653 2966 2724 qui
2999 2653 3148 2708 inter
3178 2651 3326 2722 Opp.
3357 2649 3647 2704 Theodori
3677 2648 3798 2703 Por-

405 2740 592 2796 dromi
622 2740 813 2794 editus
845 2745 953 2794 est.
986 2769 1056 2779 —
1087 2739 1152 2794 In
1185 2737 1291 2794 cod
1325 2740 1480 2808 1790,
1523 2757 1580 2794 ιι.
1639 2740 1694 2806 2,
1723 2740 1846 2794 Nic.
1880 2741 2059 2798 Catal.
2093 2741 2410 2798 ofﬁciorum
2445 2743 2589 2796 auls:
2619 2743 2955 2808 CPolitanaa,
2989 2741 3258 2796 versibus
3308 2739 3580 2810 politicis.
3617 2738 3794 2793 Carm.

401 2831 471 2884 de
503 2831 769 2900 imperat.
821 2829 1126 2884 exhibetur
1184 2829 1241 2883 in
1283 2833 1438 2884 tomo
1499 2831 1519 2884 l
1575 2830 1836 2886 Historia
1883 2832 2255 2903 Byzantines;
2293 2845 2422 2901 pag.
2475 2833 2769 2894 17,Venet.
2833 2831 2989 2885 1729.
3049 2861 3120 2870 —
3168 2829 3408 2898 Niceph.
3450 2826 3794 2898 Xanthopuli

403 2919 692 2974 Excidium
741 2919 1298 2991 Hierosolymitanum
1348 2920 1606 2976 versibus
1639 2921 1904 2976 iambicis
1953 2923 2074 2988 158,
2122 2937 2254 2976 cum
2303 2923 2509 2976 Latina
2547 2921 2798 2976 iambica
2845 2923 2978 2975 Fed.
3041 2919 3262 2974 Morelli
3323 2919 3700 2987 Metaphraei,
3747 2921 3796 2970 in

408 3009 626 3066 Morelli
663 3009 1024 3079 Expositione
1058 3009 1376 3064 thematum
1407 3009 1840 3066 Dominicorum
1895 3019 1953 3066 et
2001 3011 2468 3068 memorabilium
2521 3027 2646 3082 quae
2681 3011 3088 3077 Hierosolymis
3149 3015 3309 3063 sunt.
3341 3008 3523 3063 Paris.
3559 3009 3718 3072 16:20,
3749 3009 3794 3059 8.

407 3097 472 3151 V.
509 3098 659 3153 intra
687 3097 788 3153 lib.
817 3116 873 3162 ν,
899 3115 1024 3168 cap.
1055 3099 1181 3164 717,
1213 3097 1324 3153 vol.
1363 3097 1484 3164 Vll,
1517 3104 1625 3154 vet.
1660 3100 1980 3170 edit.(Harl.
2017 3103 2036 3172 )

481 3189 772 3257 (.‘atalogus
802 3187 1250 3259 patriarcharum
1283 3186 1723 3256 CPolitanorum,
1764 3191 2003 3244 versibus
2047 3191 2300 3246 iambicis
2329 3193 2521 3244 Graece
2573 3190 2630 3244 in
2665 3189 2870 3244 eodem
2915 3189 3128 3243 Labbei
3159 3188 3544 3257 Protreptico,
3579 3203 3708 3258 pag.
3735 3186 3798 3240 35

393 3294 494 3348 seq
531 3320 542 3344 ,
577 3283 632 3330 et
663 3279 734 3332 ad
768 3277 978 3332 calcem
1039 3277 1541 3348 Epigrammatum
1573 3278 1859 3332 Theodori
1907 3279 2224 3334 Prodromi.
2281 3279 2496 3334 Definit
2529 3279 2582 3332 in
2620 3278 2716 3332 141
2752 3277 3007 3342 Callisto,
3039 3293 3208 3346 quem
3241 3276 3635 3347 patriarcham
3667 3291 3794 3330 con-

394 3367 584 3424 stituit
607 3367 696 3424 Jo.
731 3369 1194 3436 Cantacuzenus,
1229 3373 1292 3422 ut
1323 3369 1447 3438 ipse
1470 3368 1780 3437 imperator
1812 3375 2010 3424 narrat
2043 3369 2138 3436 IV,
2175 3369 2261 3435 17,
2293 3369 2436 3422 Hist.
2469 3368 2746 3438 Sequitur
2785 3367 3266 3436 apudgLabbeum
3307 3367 3461 3420 alius
3507 3367 3796 3436 catalogus

395 3457 590 3514 nescio
619 3475 734 3529 quo
765 3463 1018 3524 auctore,
1067 3474 1180 3512 non
1223 3459 1475 3528 criptus
1525 3474 1710 3526 versu,
1757 3458 1856 3514 sed
1903 3459 2029 3514 sola
2077 3459 2316 3514 nomine
2365 3457 2468 3511 149
2518 3455 2979 3528 patriarcharum
3031 3456 3304 3520 referens,
3358 3455 3432 3509 ad
3477 3453 3792 3524 Josepbum

395 3563 602 3618 usque,
637 3548 735 3618 qui
767 3545 1065 3604 Florentiae
1095 3545 1154 3602 in
1187 3545 1430 3602 concilio
1466 3547 1714 3618 generali
1749 3547 1889 3603 obiit
1929 3563 2046 3604 non
2071 3548 2172 3604 diu
2205 3551 2336 3604 ante
2371 3547 2573 3602 urbem
2635 3549 2864 3616 captam
2910 3561 2944 3599 a
2973 3544 3178 3599 Turcis
3225 3543 3434 3615 (h).;At
3461 3543 3668 3599 Seriem
3701 3557 3792 3612 pa-

2157 3749 2339 3815 Atque
2371 3745 2577 3810 Kollar,
2625 3746 2684 3798 in
2718 3749 2854 3800 nota
2885 3747 2946 3813 Α,
2980 3762 3038 3816 p.
3075 3745 3196 3812 131,
3243 3747 3446 3798 contra
3470 3742 3792 3816 Gretserum

2157 3811 2373 3882 mo-net,
2408 3819 2662 3872 codicem
2710 3817 2898 3872 adhuc
2937 3811 3062 3871 esse
3117 3811 3336 3871 salvum
3369 3811 3795 3886 atqueincolu-

2157 3905 2328 3956 mem,
2371 3889 2626 3944 editione
2663 3894 2861 3944 autem
2909 3887 3090 3956 illius,
3121 3903 3281 3956 cum,
3313 3902 3444 3956 quae
3486 3885 3794 3940 CPolitana

2157 3959 2408 4032 historice
2441 3959 2626 4015 lucem
2691 3959 2948 4032 aliquam
3009 3959 3416 4032 adfunderent,
3477 3974 3546 4032 ea
3597 3956 3794 4027 partim

471 3747 546 3818 (g)
580 3745 760 3800 Multo
790 3746 1065 3816 copiosus
1089 3745 1638 3818 recenset_codicem
1671 3744 2044 3818 GaesareumB

399 3815 644 3874 Lam'bec.
681 3818 734 3871 in
796 3818 1117 3872 Comment.
1182 3823 1321 3872 tom.
1355 3815 1499 3888 Vill,
1563 3817 1753 3884 p.119
1807 3835 1936 3888 sqq.
1982 3820 2041 3872 In

401 3891 504 3946 Illo
527 3891 650 3946 cod.
688 3895 990 3944 servantur
1021 3905 1032 3942 :
1065 3890 1086 3943 1
1131 3889 1435 3960 Nicephori
1470 3887 1688 3944 Callisti
1713 3887 2044 3954 Acoluthia,

399 3964 518 4016 sive
581 3961 836 4030 Ofﬁcium
890 3960 1019 4028 festi
1049 3960 1405 4014 dedicationis
1437 3961 1623 4028 templi
1680 3963 1739 4014 Β.
1808 3962 2046 4029 Virginis

397 4035 498 4088 Dei
531 4047 714 4103 perae,
768 4034 1089 4100 cognomine
1137 4031 1320 4086 Fontis
1373 4047 1420 4085 s.
1455 4033 1527 4084 ad
1575 4032 1814 4086 Fontem.
1851 4032 2048 4086 Exstat

401 4105 622 4158 ibidem
671 4103 980 4174 Nicephori
1039 4104 1222 4158 Canon
1286 4120 1298 4156 :
1341 4103 1629 4156 insertum
1661 4109 1751 4157 est
1779 4103 2043 4172 ejusdem

397 4177 794 4246 Synamarium,
829 4192 879 4230 s.
913 4175 1178 4230 Narratio
1224 4175 1517 4230 succincta
1566 4175 1639 4246 de
1669 4175 1914 4244 origine,
1959 4176 2045 4228 in-

405 4245 697 4302 cremento
744 4251 798 4300 et
837 4247 1136 4302 miraculis
1169 4247 1341 4301 istius
1373 4245 1600 4316 templi,
1633 4262 1810 4316 quam
1844 4263 2045 4300 narra-

402 4319 622 4374 tionem
664 4317 952 4388 integram
1003 4317 1348 4374 Lambecius
1392 4319 1585 4372 Grmce
1633 4333 1700 4371 ex
1752 4316 1852 4372 illo
1917 4318 2042 4372 cod.

403 4390 684 4454 exhibuit,
717 4395 771 4444 et
804 4406 934 4460 pag.
971 4391 1071 4445 123
1121 4391 1378 4454 adnotat,
1411 4389 1466 4442 id
1525 4389 1904 4460 Synaxarium
1929 4405 2044 4443 non

403 4467 628 4517 exstare
658 4463 815 4516 inter
843 4477 911 4515 ea
940 4462 1198 4530 ejusdem
1233 4460 1542 4531 Nicephori
1563 4462 1894 4532 synaxaria,
1919 4477 2045 4532 quas

403 4534 551 4588 libro
601 4533 990 4588 ecclesiastico
1051 4532 1400 4594 Graecorum,
1447 4531 1662 4587 Triodio
1685 4531 1861 4600 dicto,
1910 4531 2047 4586 sunt

401 4605 834 4674 inserts,neque
853 4605 914 4658 in
932 4603 1144 4660 Triodio
1162 4604 1278 4658 sive
1302 4604 1632 4674 Synaxariis
1671 4603 1726 4658 in
1753 4603 2046 4674 praecipua

402 4677 618 4732 Triodii
655 4677 820 4742 festa,
856 4677 1070 4747 quibus
1103 4677 1588 4745 uniuscujusque,
1625 4675 1748 4730 dies
1781 4676 1912 4730 festi
1957 4677 2044 4727 in-

405 4749 634 4804 dicatur
668 4747 846 4814 oriuo,
899 4748 956 4802 in
1011 4749 1139 4802 cod.
1190 4749 1429 4808 Vindob.
1479 4748 1584 4800 322
1623 4747 1716 4816 (de
1761 4763 1876 4816 quo
1915 4749 2046 4800 vide

402 4820 693 4876 Lambecii
725 4820 1052 4886 Comment,
1087 4826 1227 4874 tom.
1273 4823 1356 4886 V,.
1383 4837 1438 4889 p.
1471 4821 1618 4888 596).
1653 4819 1889 4888 insuper
1917 4835 2046 4872 esse

401 4893 692 4948 diversum
725 4891 912 4946 abilla
939 4893 1008 4946 de
1030 4893 1232 4948 eodem
1255 4893 1468 4961 templo
1492 4891 1843 4959 narratione,
1869 4906 2042 4960 quam

403 4963 765 5035 Nicephorus
815 4962 880 5018 H.
918 4965 976 5018 Ε.
1037 4963 1136 5018 lib.
1169 4980 1260 5033 xv,
1321 4979 1368 5018 c.
1401 4963 1471 5016 25
1517 4966 1572 5016 et
1611 4963 1699 5035 26,
1742 4962 1985 5035 intexuit
2026 4979 2040 5026 ;

402 5033 632 5092 videtur
689 5041 883 5090 tamen
925 5035 1222 5090 Lambecio
1271 5035 1488 5087 editum
1523 5033 1740 5087 essein
1780 5034 2043 5088 Penteco—

401 5110 568 5162 stario
601 5112 939 5174 Graecorum,
975 5111 1274 5174 Venet.ap.
1306 5105 1786 5159 Jac.Leoncinum
1827 5105 2042 5172 1579A.

402 5179 556 5242 Quod
587 5179 809 5240 colligit
863 5179 914 5232 is
945 5193 1011 5233 ex
1045 5178 1167 5233 loco
1220 5195 1252 5231 a
1285 5177 1474 5231 Leone
1503 5176 1716 5231 Allatio
1747 5177 1804 5230 in
1839 5175 1886 5230 Il
1921 5177 2044 5230 Dis-

401 5251 632 5306 sert.du
667 5249 799 5304 libri
831 5249 1433 5314 eccles:ast.Graacor.,
1467 5267 1516 5314 p.
1551 5248 1679 5314 230,
1714 5249 1992 5318 producto
2025 5267 2038 5312 ;

405 5327 462 5376 et
495 5321 604 5376 alia
637 5322 802 5376 docte
859 5321 1143 5376 observat.
1197 5351 1262 5359 —
1310 5322 1365 5376 2.
1401 5319 1706 5389 Nicephori
1741 5319 1920 5389 libi-er
1973 5320 2046 5372 De

408 5395 638 5464 origine,
673 5397 950 5448 structura
979 5401 1032 5448 ct
1061 5391 1348 5448 miraculis
1399 5388 1702 5464 memorati
1750 5388 1944 5464 templi
1981 5391 2038 5442 Β.

413 5462 650 5534 Virginis
677 5467 926 5534 Deiparz
947 5471 1014 5519 ad
1033 5465 1343 5533 fontem,de
1373 5481 1484 5530 quo
1519 5462 1741 5516 multus
1771 5465 1860 5515 est
1881 5462 2042 5534 Lam-

407 5533 532 5591 bec.
563 5537 686 5607 (qui
727 5533 978 5606 seripsit,
1023 5553 1084 5592 se
1129 5537 1523 5608 apographum
1571 5533 1942 5604 Syntagmatis
1973 5537 2042 5608 de

406 5605 624 5677 templo
655 5613 709 5662 et
741 5605 1038 5664 miraculis
1069 5605 1278 5664 sanctae
1313 5605 1524 5670 Mariae,
1557 5615 1688 5672 etc.,
1721 5605 2046 5677 communi-

403 5676 589 5748 casse,
641 5683 704 5734 ut
758 5680 1046 5745 ederetur,
1078 5697 1206 5736 cum
1247 5679 1518 5735 Renioldo
1557 5677 1794 5746 Dehnio,
1859 5676 1916 5732 S.
1963 5677 2040 5748 J.)

2157 4033 2281 4102 ipse
2305 4031 2574 4086 Callistus
2607 4028 2866 4086 Historias
2900 4047 3013 4086 sum
3043 4033 3246 4086 eccles.
3283 4028 3646 4090 inseruisset,
3682 4043 3794 4102 par-

2153 4098 2261 4157 tim
2293 4121 2360 4157 ex
2393 4103 2652 4172 Procopii
2683 4104 3011 4158 Caesariens.
3047 4101 3118 4156 de
3151 4103 3296 4170 imp.
3326 4101 3640 4155 Justiniani
3677 4098 3794 4153 adi-

2156 4175 2302 4229 ﬁciis
2331 4192 2522 4244 opere,
2585 4175 2732 4228 unde
2772 4173 3048 4229 Callistus
3101 4173 3316 4239 hausit,
3355 4173 3794 4244 patuerintico-

2155 4243 2383 4316 gnosci,
2401 4249 2632 4314 prepter
2663 4245 3105 4316 reliquaignota
3126 4253 3179 4301 et
3211 4243 3480 4316 fabulosa
3503 4243 3796 4316 sexaginta

2155 4313 2413 4387 quatuor
2433 4313 2733 4384 miracula,
2769 4313 2951 4388 posse
2971 4315 3395 4388 rempublicam
3429 4315 3602 4370 litter.
3639 4313 3794 4388 facile

2155 4384 2366 4443 carere.
2431 4391 2506 4442 De
2562 4392 2714 4458 fonte
2769 4384 2868 4444 illo
2927 4389 3052 4456 ipso
3076 4384 3132 4443 et
3161 4388 3280 4443 ade
3321 4387 3392 4442 ad
3426 4384 3793 4458 tontemrvide

2155 4469 2363 4530 praster
2393 4457 2762 4515 Lambecium
2799 4461 2843 4515 Ι.
2876 4475 2926 4520 c,
2962 4475 3316 4531 snonymum
3349 4459 3408 4512 in
3441 4457 3792 4531 Antii/aitait.

2155 4527 2486 4598 CPolitanis,
2553 4531 2647 4586 lib.
2713 4549 2796 4596 ιιι,
2857 4537 2996 4586 sect.
3061 4527 3182 4598 159,
3239 4535 3386 4600 part.
3447 4545 3534 4590 ιιι,
3595 4527 3708 4582 vol.
3759 4545 3794 4600 ι.

2153 4603 2378 4674 Imperii
2437 4603 2752 4662 Orientalis.
2794 4621 2827 4658 a
2883 4603 3177 4658 Bandurio
3236 4599 3377 4674 editi
3437 4617 3500 4674 p.
3550 4601 3663 4674 56,
3707 4599 3792 4652 ed.

2153 4671 2362 4738 Paris,
2397 4677 2514 4728 sive
2547 4692 2602 4745 p,
2637 4675 2704 4728 49
2737 4692 2823 4745 sq.
2859 4675 3179 4730 ed.Venet.:
3211 4679 3269 4745 et
3305 4671 3592 4728 Bandurit
3615 4671 3794 4745 Notas

2155 4749 2222 4799 ad
2261 4749 2317 4798 h.
2355 4749 2390 4800 Ι.
2428 4747 2482 4799 in
2516 4741 2628 4812 vol,
2665 4747 2732 4808 ll,
2769 4741 2896 4816 pag.
2927 4747 3030 4800 534
3055 4747 3144 4800 ed.
3177 4744 3381 4800 Venet.
3417 4761 3466 4797 s.
3503 4761 3558 4816 p.
3595 4741 3792 4816 159Led

2155 4821 2342 4872 Paris.
2377 4849 2442 4856 ——
2483 4820 2532 4872 ν.
2571 4812 3056 4886 Ειυψϊδάὶωωω.
3092 4823 3222 4878 etc.,
3255 4820 3310 4870 in
3345 4817 3456 4869 vol.
3493 4812 3665 4869 lX.B.
3697 4812 3792 4868 Gr.

2155 4908 2210 4961 p.
2249 4893 2367 4944 118.
2409 4919 2470 4961 -έη
2533 4889 2592 4944 In
2626 4891 2765 4944 bibl.
2805 4891 2961 4960 publ.
3003 4889 3182 4944 Paris.
3214 4889 3540 4961 Symaria
3571 4887 3790 4940 suntin

2153 4959 2322 5016 codd.
2361 4960 2572 5026 tribus,
2607 4963 2675 5016 de
2705 4959 2922 5030 quibus
2942 4969 3164 5031 postea.
3198 4959 3378 5031 (Harl.
3405 4961 3430 5031 _)

2227 5033 2302 5103 ιιι)
2334 5025 2604 5103 Οιιιιωθιι
2637 5025 2958 5088 iambicurri
3005 5034 3075 5086 de
3109 5025 3792 5103 patriarchisCIjolitLin

2153 5099 2294 5158 cod!
2319 5103 2521 5157 Medic.
2555 5102 2802 5158 Florent.
2837 5105 2927 5172 16,
2961 5120 2992 5156 n
3022 5099 3122 5158 21.‘
3147 5101 3291 5174 plut.
3325 5101 3417 5156 87.
3459 5102 3508 5154 γ.
3549 5099 3792 5174 Bandin.

2153 5177 2195 5230 Ι.
2239 5191 2288 5228 c.
2327 5191 2456 5244 pag,
2489 5175 2610 5229 400.
2655 5206 2724 5214 —
2782 5169 2919 5229 Nic.’
2961 5175 3100 5230 Call.
3147 5169 3522 5240 'Chronologia
3559 5169 3792 5244 patriar-

2151 5243 2380 5300 charum
2438 5247 2576 5301 (.‘Pol
2629 5247 2802 5316 CXIV,
2858 5263 3100 5316 quorum
3135 5252 3462 5312 postremus
3495 5243 3792 5316 (esththa-

2154 5318 2370 5384 nasius,
2403 5317 2460 5371 in
2493 5319 2619 5374 cod.
2657 5312 2984 5384 Barocciﬁi),
3011 5317 3155 5372 bibl.
3199 5317 3443 5380 Bodlei.,
3475 5325 3532 5370 et
3587 5315 3646 5368 in
3668 5312 3791 5368 cod.

2157 5391 2276 5450 142,
2323 5405 2380 5445 n.
2431 5390 2520 5450 23,
2583 5389 2836 5460 Catalog,
2890 5390 3289 5460 episcoporum
3355 5387 3790 5460 CPolitanorum

2150 5463 2412 5526 288;sed
2445 5461 2750 5532 Catalogus
2788 5457 3024 5532 iste'(ut
3077 5457 3156 5516 ait
3195 5457 3636 5532 auctor._codd.
3689 5459 3790 5532 An-

2151 5533 2280 5602 glice
2321 5537 2366 5596 t,
2403 5551 2456 5602 p,
2499 5535 2609 5602 18).
2648 5528 2835 5601 prout
2873 5528 3054 5588 exstat
3111 5531 3264 5602 apud
3325 5528 3788 5602 Scaligerum_in

2151 5600 2816 5663 Eusebio'suo.'desinit
2865 5606 2920 5659 in
2967 5600 3188 5660 Photio.
3223 5606 3436 5658 Verum
3483 5601 3575 5656 hic
3613 5600 3790 5654 codex

2149 5675 2379 5732 exhibet
2409 5685 2539 5748 post
2567 5675 2840 5733 Photium
2872 5677 3102 5734 circiter
3143 5677 3213 5731 42
3261 5677 3563 5747 episcopos
3605 5685 3788 5742 usque
