3982 6216
409 361 528 435 555
1607 369 2104 439 NICEPHORUS
2147 356 2601 438 GALLISTUS.
3685 376 3774 436 sas

478 503 746 581 Τριῳδίου
779 508 996 582 σύνοψις
1025 503 1406 584 ἀκριϐεστάτη.

477 598 762 656 Volumen
794 603 980 656 totum
1012 599 1235 657 claudit
1262 597 1402 673 εὖχή
1433 595 1914 676 ὲξομολογήσεως,
1939 615 2049 672 pro:

931 614 980 655 ω
1012 599 1235 657 claudit
1262 597 1402 673 εὖχή
1433 595 1914 676 ὲξομολογήσεως,
1939 615 2130 672 prosa,
2163 615 2280 656 non
2311 613 2503 654 versu.

477 689 654 747 Manu
683 688 901 744 exarati
929 689 1251 746 etiamnum
1281 689 1341 745 in
1373 689 1740 747 bibliothecis
1799 695 2112 746 occurrunt
2142 689 2322 760 hujus
2386 685 2696 761 Nicephori
2763 689 2964 764 hymni
3005 692 3172 764 varii,
3217 701 3280 749 ut
3339 687 3689 768 χαιρετισμός
3737 692 3785 746 in

412 781 476 838 B.
516 781 814 850 Virginem.
848 779 1052 850 Incipit
1086 797 1100 836 :
1158 779 1352 852 Χαῖρε,
1382 777 1624 854 ἆνωτὲρα
1680 783 1788 834 τῶν
1845 783 1984 855 νοιρέ

2213 779 2310 834 ric.
2341 811 2412 820 —
2453 779 2648 835 Exstat
2707 779 2766 836 in
2824 783 2954 838 cod.
2992 783 3120 854 299,
3161 800 3221 840 n.
3284 783 3340 852 6,
3375 784 3444 838 de
3500 799 3616 854 quo
3649 781 3785 853 plura

409 871 646 942 scripsit
682 869 948 926 Lambec.
983 870 1307 926 Comment.
1339 876 1482 926 tom.
1513 873 1584 939 ν,
1619 887 1750 944 pag.
1781 870 1909 926 563.
1941 900 2009 911 —
2048 871 2113 926 In
2143 869 2270 926 cod.
2302 869 2426 930 343.
2455 886 2514 924 n.
2558 871 2646 938 11,
2681 869 2866 927 Paris.
2899 871 3043 928 bibl.
3081 873 3244 946 publ.
3278 879 3422 930 sunt
3467 871 3786 944 Xantbopuli

412 959 631 1016 Versus
662 959 896 1016 iambici
926 959 996 1015 de
1027 959 1334 1015 duodecim
1367 957 1532 1017 festis
1563 959 1906 1016 Dominicis.
1941 959 2142 1032 (Harl).

482 1051 741 1122 Troparia
795 1048 920 1116 duo,
955 1051 1015 1102 in
1069 1048 1332 1116 eamdem,
1364 1049 1567 1106 ordine
1625 1049 1963 1122 alphabeti:
2027 1067 2054 1104 u

2259 1045 2484 1120 incipit,
2535 1050 2810 1122 ’Δχρκντε
2873 1050 3114 1125 Παρθένα
3175 1057 3346 1128 μῆτερ
3407 1054 3566 1118 Θεοῦ,
3624 1051 3779 1119 πάσης

407 1139 752 1215 ἀνθρωπίνης
785 1136 1038 1212 βοηθείας
1069 1135 1383 1201 ἀπολυθείς.
1415 1139 1698 1209 Alterum,
1731 1144 2010 1214 ’Ἃχραντα
2059 1137 2314 1212 Παρθένε,
2349 1143 2521 1212 μῆτερ
2582 1141 2736 1208 Θεοῦ,
2769 1140 2804 1209 ἠ
2865 1137 3226 1214 δεδοξασμένῃ
3290 1141 3421 1216 ὑπὲρ
3481 1147 3650 1196 πᾶσαν
3701 1143 3791 1220 95-

411 1248 492 1286 σιν
528 1229 767 1304 βροτῶν.
802 1228 1010 1301 (Fabr.)
1042 1259 1112 1268 —
1143 1226 1200 1284 ln
1258 1229 1383 1284 cod.
1417 1228 1851 1286 Vindobonensi
1906 1227 2165 1284 Caesareo
2193 1226 2318 1298 299,
2375 1245 2433 1283 n.
2469 1230 2522 1289 6,
2556 1227 2818 1300 Troparia
2875 1229 2982 1286 duo
3013 1231 3074 1286 in
3137 1231 3342 1304 Virgin.
3379 1231 3640 1300 Mariam,
3663 1237 3789 1288 teste

410 1321 679 1378 Lambec.
711 1320 933 1376 Comm.
965 1323 1108 1376 tom.
1141 1322 1210 1380 V,
1244 1335 1375 1390 pag.
1409 1319 1536 1375 E63.
1570 1319 1774 1392 (Harl.)

483 1410 782 1484 Συναξάρια
812 1407 889 1470 εἰς
919 1409 1014 1472 τὰς
1046 1407 1354 1482 ἐπισήμους
1382 1411 1478 1464 τοῦ
1532 1404 1792 1482 τριῳδίου
1851 1406 2055 1484 ἑορτὰς,

2223 1410 2416 1464 uaria
2470 1410 2529 1464 in
2601 1413 2886 1482 praecipua
2937 1411 3154 1467 'D'iodii
3205 1415 3366 1482 festa,
3411 1411 3614 1484 quibus
3653 1415 3795 1469 unius

409 1503 678 1576 cuiusque
705 1517 892 1556 corum
925 1499 1209 1556 indicatur
1231 1501 1408 1572 origo,
1439 1501 1682 1573 qualitas
1711 1505 1762 1556 et
1805 1499 2174 1571 dispositionis
2220 1500 2381 1556 ratio.
2411 1498 2761 1557 Combeﬁsio
2809 1499 3047 1572 quidem
3097 1503 3158 1558 in
3208 1497 3350 1559 bibl.
3382 1503 3802 1560 Concionatoria

407 1593 605 1666 judice
635 1590 908 1648 Triodium
941 1591 1262 1648 Graecorum
1290 1590 1622 1662 Mcephorus
1675 1591 1907 1661 pessime
1943 1588 2162 1659 habuit,
2197 1588 2328 1644 dum
2389 1589 2720 1660 Synaxariis
2774 1590 3024 1660 augendo
3079 1594 3216 1657 suis,
3256 1592 3432 1664 ipsius
3466 1609 3532 1648 ac
3561 1597 3802 1667 sequioris

416 1683 646 1741 Graecia
680 1679 959 1737 erroribus
989 1679 1258 1752 inferciit.
1299 1678 1572 1736 Pluribus
1603 1679 1708 1734 hac
1741 1680 1812 1735 de
1843 1695 1901 1734 re
1931 1677 2308 1750 conqueritur
2339 1677 2452 1734 Leo
2485 1676 2757 1750 Allatius,
2790 1695 2965 1750 quem
2999 1679 3049 1734 si
3099 1680 3290 1752 placet
3317 1680 3443 1736 vide
3473 1681 3711 1738 Dissert.
3742 1688 3802 1740 De

421 1772 587 1828 libris
630 1769 1038 1826 ecclesiasticis
1090 1769 1448 1838 Graecorum,
1479 1783 1612 1841 pag.
1643 1768 1736 1833 70,
1767 1767 1838 1822 92
1894 1783 2043 1840 seq.,
2081 1767 2203 1836 113,
2228 1765 2374 1837 229;
2437 1770 2494 1822 et
2549 1771 2751 1823 contra
2806 1767 3237 1840 lloltingerum,
3269 1785 3400 1841 pag.
3441 1771 3586 1840 124;
3641 1787 3704 1827 ac
3744 1773 3802 1827 de

423 1863 643 1936 synodo
676 1860 956 1916 Pholiana
985 1877 1040 1932 p.
1073 1858 1179 1914 326
1207 1875 1318 1930 sq.,
1349 1857 1456 1914 527
1484 1873 1574 1930 sq.
1605 1857 1702 1930 (ο).
1736 1857 1867 1913 Haec
1895 1856 2206 1930 Nicephori
2245 1856 2561 1929 Synaxaria
2611 1857 2668 1912 in
2719 1857 2980 1930 linguam
3029 1858 3288 1916 Graecam
3337 1859 3641 1933 vulgarem
3688 1878 3801 1918 con-

425 1967 592 2007 versa
622 1969 656 2008 a
693 1949 962 2006 Mattbaeo
1002 1948 1223 2021 Cigula,
1256 1947 1483 2020 Cyprio,
1514 1951 1572 2002 et
1627 1945 1880 2002 Maximo
1936 1946 2262 2016 Margunio,
2295 1944 2646 2017 Cytheorum
2706 1947 3000 2019 episcopo,
3035 1947 3375 2019 prodierunt
3432 1953 3637 2006 Venet.
3668 1951 3802 2020 apud

417 2042 730 2101 Antonium
795 2039 1080 2097 Pinellum
1143 2055 1282 2096 ann.
1317 2039 1474 2102 1607,
1505 2039 1666 2102 1637,
1698 2037 1860 2106 1648,
1892 2037 1945 2092 4.
1973 2038 1989 2092 '.

2267 2043 2404 2092 est:
2464 2035 2760 2110 Συναξάρια
2790 2036 2915 2105 ἤτοι
2977 2037 3089 2110 βίοι
3146 2037 3310 2112 ἁγίων
3366 2035 3427 2094 ἔκ.
3482 2046 3586 2108 τῆς
3616 2036 3801 2110 Ἕλλης-

415 2139 572 2202 νικῆς
602 2131 856 2209 γλώττης
887 2127 1320 2204 μεταφρασθέντα
1348 2126 1492 2202 παρὰ
1522 2125 1776 2200 Μαξῖμου
1805 2129 2066 2181 ταπεινοῦ
2098 2123 2398 2180 ἐπισκόπου
2432 2125 2687 2201 Κυθήρων
2723 2124 2799 2188 εἷς
2830 2127 3021 2196 κοινὴν
3051 2126 3344 2206 ὠφέλειαν.

486 2225 675 2280 Sermo
705 2224 765 2278 in
796 2221 1014 2278 laudem
1071 2219 1255 2276 Mariae
1315 2218 1673 2288 Magdalenaz,
1704 2235 1772 2274 ex
1829 2218 1955 2273 cod.
2016 2217 2222 2274 Medic.
2252 2216 2347 2286 33,
2379 2232 2438 2274 n.
2473 2217 2560 2285 18,
2596 2217 2740 2289 plut.
2774 2218 2829 2288 9,
2869 2217 3062 2275 editus
3117 2237 3152 2276 a
3211 2221 3456 2278 Bandin.
3521 2222 3586 2278 in
3640 2222 3800 2280 Catal.

415 2314 581 2371 codd.
615 2313 714 2370 Gr.
746 2314 802 2382 1,
836 2327 968 2385 pag.
1001 2309 1264 2375 446-455,
1299 2315 1357 2367 et
1385 2308 1444 2364 in
1477 2309 1834 2364 Monumentis
1866 2305 2034 2364 Grec.
2068 2307 2324 2364 Ecclesiae
2351 2311 2455 2362 vet.
2486 2305 2740 2364 Floreat.
2774 2307 2933 2375 1762,
2971 2310 3024 2378 8,
3057 2308 3170 2368 vol.
3203 2309 3298 2377 Ill,
3336 2327 3394 2366 n.
3426 2311 3484 2368 5.
3511 2342 3581 2352 —
3611 2311 3803 2368 Praeter

417 2421 486 2462 ea
515 2403 574 2460 in
608 2402 749 2459 bibl.
783 2401 942 2474 pubi.
977 2399 1158 2456 Paris.
1189 2397 1438 2471 aliisque
1469 2399 1858 2470 reperiuntur.

489 2494 885 2552 Commentarii
915 2509 978 2548 ιη
1006 2493 1274 2558 Psalmos,
1307 2493 1367 2546 in
1399 2491 1526 2546 cod.
1559 2489 1746 2546 Paris.
1781 2487 1910 2555 149,
1949 2493 2006 2544 et
2035 2489 2094 2544 in
2125 2489 2251 2545 cod.
2285 2488 2536 2560 quodam
2571 2487 2710 2546 bibl.
2741 2488 3018 2546 Escorial.

485 2587 681 2645 Oratio
711 2585 778 2640 de
803 2585 941 2655 festo
969 2581 1326 2642 Orthodoxiae
1355 2581 1412 2638 in
1445 2581 1574 2636 cod.
1605 2578 1788 2635 Paris.
1819 2577 1978 2643 1090,
2013 2595 2070 2634 n.
2115 2580 2166 2647 1,
2197 2582 2254 2634 et
2282 2577 2341 2633 in
2372 2580 2498 2643 eod.
2533 2578 2661 2634 cod.
2693 2594 2753 2636 n.
2782 2577 2837 2634 2.

495 2673 736 2731 Homilia
765 2673 826 2728 in
855 2669 1220 2728 Nativitatcm
1252 2668 1482 2725 Christi.
1515 2671 1578 2725 In
1611 2667 1804 2724 Indice
1833 2670 1956 2725 Cat.
1988 2667 2166 2724 Codd.
2199 2666 2380 2724 Paris.
2413 2666 2460 2722 ll
2491 2675 2626 2722 tom.
2663 2667 2940 2723 tribuitur
2967 2665 3289 2738 Nicephoro
3319 2669 3577 2727 Callisto.

493 2765 736 2823 Homilia
776 2767 836 2819 in
867 2762 1083 2819 laudem
1127 2763 1354 2818 Joannis
1401 2762 1736 2831 Jejunatoris
1784 2775 1898 2815 sec.
1933 2759 2114 2815 lndic.
2154 2759 2276 2815 Cat.
2309 2759 2369 2813 in
2425 2759 2552 2814 cod.
2613 2759 2798 2814 Paris.
2829 2759 2957 2826 767,
2991 2775 3048 2814 n.
3078 2759 3170 2830 20,
3205 2760 3307 2817 sed
3355 2767 3496 2818 tom.
3531 2763 3600 2832 ll,
3635 2765 3803 2822 Catal.

427 2872 558 2929 pag.
593 2857 714 2921 143,
747 2854 858 2910 sub
887 2853 1123 2908 nomine
1154 2851 1388 2912 Callisti,
1417 2850 1751 2922 patriarcha:
1781 2849 2092 2908 CPolitani.
2125 2848 2438 2904 indicatur.

497 2945 826 3016 Xanthopuli
853 2943 1076 3015 epistola
1107 2941 1176 2996 ad
1204 2941 1721 3013 Orphanotrophum
1752 2943 1808 2994 in
1840 2939 1944 2994 cod
1967 2981 1978 2994 .
2003 2939 2264 2994 Parisino
2293 2939 2454 2994 2105.
2489 2955 2546 2992 n.
2579 2938 2671 2994 31.

499 3037 797 3091 Rhetorices
820 3037 1298 3105 progymnasmata
1330 3031 1388 3085 in
1445 3031 1576 3087 cod.
1610 3029 1794 3085 Paris.
1822 3029 1982 3096 2988,
2019 3045 2075 3083 n.
2112 3030 2160 3097 1,
2193 3031 2293 3082 aut
2349 3028 2544 3098 potius
2583 3031 2776 3100 partes
2831 3029 3145 3100 quaedam;
3180 3046 3315 3087 nam
3377 3049 3510 3107 pag.
3542 3035 3650 3092 586
3700 3039 3809 3093 Cat.

430 3127 555 3183 haec
587 3131 676 3181 est
705 3123 1010 3194 descriplio
1045 3140 1056 3177 :
1091 3121 1398 3192 Nicephori
1433 3119 1652 3178 Callisti
1685 3118 1896 3176 Fabula
1927 3135 2044 3174 una
2074 3125 2130 3174 et
2159 3117 2429 3186 Narratio
2470 3136 2624 3185 nua;
2659 3119 2796 3174 item
2829 3119 3036 3182 Chriae,
3070 3137 3199 3193 quae
3247 3123 3442 3180 omnia
3493 3132 3633 3182 sunt
3662 3125 3813 3200 quasi

427 3213 692 3287 quaedam
725 3211 1038 3268 rhetorices
1070 3216 1576 3282 progymnasmata
1606 3225 1620 3264 :
1656 3208 1768 3264 inc.
1804 3205 1938 3280 Εἶχέ
1968 3224 2101 3260 ποτε
2129 3202 2236 3280 παῤ
2267 3205 2462 3278 ἑαυτῷ.
2495 3207 2606 3262 Sed
2642 3207 3011 3264 Monllaucon
3043 3209 3103 3265 in
3146 3209 3581 3284 Paleaographia
3611 3215 3812 3284 Greca,

424 3303 528 3362 lib.
562 3321 603 3372 ι,
636 3321 760 3374 cap.
790 3305 848 3366 7,
879 3303 936 3356 in
978 3301 1140 3356 Notis
1173 3317 1315 3354 mss.
1349 3299 1680 3354 Grecorum
1713 3315 1844 3353 saec.
1875 3314 2158 3368 xiv,.pag.
2190 3297 2278 3363 70,
2311 3298 2383 3352 ad
2436 3313 2652 3353 annum
2695 3299 2853 3366 1341,
2887 3300 3086 3365 refert,
3119 3299 3229 3356 hoc
3283 3302 3520 3360 circiter
3573 3309 3814 3378 tempore

425 3397 685 3453 codicem
722 3393 944 3466 regium
976 3389 1108 3447 3271
1148 3407 1181 3446 a
1209 3391 1498 3462 Stephano
1537 3391 1791 3462 quodam
1839 3389 2198 3460 descriptum
2249 3405 2396 3455 esse,
2430 3390 2532 3460 qui
2579 3388 2881 3456 Nicephori
2930 3391 3142 3446 Callisti
3189 3390 3476 3450 Rhetorica
3531 3405 3584 3452 et
3630 3397 3818 3468 aliquot

427 3485 700 3560 Opuscula
728 3483 1052 3555 exscripsit.
1091 3482 1145 3537 ι’.
1179 3481 1391 3545 Oudin,
1427 3480 1464 3534 l.
1499 3498 1549 3535 c.
1587 3495 1717 3552 pag.
1745 3480 1873 3540 718.
1907 3488 1958 3535 el
1995 3494 2173 3549 supra
2204 3478 2260 3533 in
2296 3478 2404 3534 vol.
2438 3479 2526 3546 Vl,
2554 3495 2610 3550 p.
2647 3480 2769 3535 134.

495 3581 819 3648 Fragmenta
851 3574 1014 3645 plura
1043 3572 1102 3627 in
1133 3571 1262 3628 cod.
1289 3570 1468 3626 Paris.
1498 3570 1628 3635 950,
1681 3587 1737 3624 n.
1771 3569 1838 3623 14
1860 3600 1926 3610 --
1951 3569 2056 3634 18;
2091 3584 2146 3623 n.
2189 3567 2260 3622 de
2289 3568 2471 3623 Paulo
2503 3568 2906 3636 Samosateno,
2929 3569 3001 3626 de
3034 3570 3330 3628 miraculis
3379 3573 3452 3629 ab
3488 3574 3814 3646 Euphemia,

427 3668 711 3742 Glyceria,
738 3672 794 3720 et
822 3664 883 3720 Β.
915 3661 1149 3734 Virgine
1183 3661 1360 3716 Maria
1387 3659 1649 3732 patratis,
1684 3663 1858 3730 atque
1880 3658 1950 3713 de
1973 3657 2150 3712 variis
2180 3663 2398 3713 sanctas
2427 3657 2618 3713 crucis
2650 3657 3008 3714 nominibus.

506 3758 633 3814 Vita
661 3753 845 3811 sancti
887 3752 1115 3808 Androm
1145 3750 1373 3823 apostoli
1410 3754 1460 3806 et
1488 3751 1660 3821 primi
1689 3751 1922 3820 episcopi
1952 3748 2264 3814 CPolitani,
2300 3747 2484 3802 Laida
2543 3747 2602 3802 in
2634 3749 2758 3803 cod.
2791 3747 3076 3805 Vossiano
3107 3749 3160 3818 4,
3194 3767 3250 3806 n.
3280 3751 3339 3820 5,
3369 3753 3472 3808 sed
3505 3754 3812 3810 secundum

425 3850 743 3908 Monti’aue.
778 3845 834 3900 in
885 3837 1313 3914 Palmograpbia
1379 3842 1595 3906 Graeca,
1627 3838 1726 3894 lib.
1761 3854 1835 3905 ιν,
1883 3855 2010 3908 cap.
2066 3836 2123 3902 9,
2152 3853 2282 3908 pag.
2326 3837 2450 3905 323,
2483 3836 2700 3892 dicitur
2753 3853 2883 3892 esse
2940 3839 2998 3892 in
3051 3840 3178 3895 cod.
3209 3841 3404 3897 Graeco
3457 3845 3636 3916 Regio
3668 3843 3816 3910 2458,

422 3958 560 3997 ann.
620 3937 724 3994 Ch.
785 3934 923 3990 1286
977 3934 1220 4004 scripto,
1284 3933 1410 3987 l’ita
1461 3932 1644 3987 sancti
1698 3928 1929 3984 Andreae
1984 3928 2226 3985 Junioris
2285 3943 2320 3982 a
2375 3926 2693 3998 Nicephoro
2752 3925 3010 3996 Callisto,
3070 3927 3286 4002 Magna:
3346 3931 3606 3989 ecclesiae
3663 3949 3817 4005 pres-

425 4031 650 4086 bvtero.

464 4047 743 4174 ylllzliiiilize
771 4111 1059 4181 Nicephori
1082 4109 1326 4174 Callisti,
1359 4107 1755 4181 Chrysostomi
1789 4117 1840 4162 et
1872 4104 2120 4162 aliorum
2151 4105 2211 4160 in
2241 4105 2370 4162 cod.
2402 4103 2731 4162 Colbertino
2760 4105 2922 4174 5108,
2962 4122 3136 4162 manu
3179 4108 3499 4181 Paphnutii
3541 4110 3818 4170 monachi.

423 4205 724 4280 Thyepolii
757 4206 813 4259 d.
845 4206 936 4271 20,
968 4202 1105 4259 Jun.
1140 4217 1274 4257 ann.
1315 4199 1450 4254 1568
1475 4205 1734 4264 exarata,
1767 4201 1913 4254 teste
1947 4195 2257 4252 Montfauc.
2283 4195 2321 4250 l.
2355 4195 2452 4251 cit.
2490 4213 2617 4266 pag.
2647 4197 2745 4250 91.

500 4297 728 4354 Scholia
756 4312 848 4351 seu
881 4295 1088 4350 Glossa:
1118 4293 1176 4346 in
1207 4295 1376 4347 oratt.
1409 4289 1664 4360 Gregorii
1696 4287 2065 4356 Nazianzeni,
2099 4288 2155 4342 in
2189 4285 2354 4342 codd.
2389 4283 2624 4343 Venetis
2670 4285 2846 4342 Marc.
2877 4288 2948 4342 76
2999 4291 3054 4342 et
3078 4288 3167 4343 77.
3209 4289 3264 4346 ν.
3297 4289 3477 4346 Catal.
3510 4289 3681 4348 codd.
3715 4292 3818 4356 Gr.,

506 4402 640 4456 pag.
671 4385 741 4440 53
769 4390 826 4438 et
853 4383 945 4450 54,
978 4387 1034 4437 et
1064 4380 1359 4436 Possevin.
1393 4379 1464 4433 ad
1496 4377 1710 4433 calcem
1745 4379 2052 4448 Apparatus
2070 4378 2236 4441 sacri,
2269 4391 2401 4446 pag.
2433 4375 2523 4430 28.

491 4471 814 4552 Νικηφόρον.)
848 4469 1179 4534 Καλλίστου,
1212 4465 1472 4542 ἑρμηνεία
1499 4463 1596 4520 τοῦ
1626 4466 1936 4529 κοντακίοο,
1967 4467 2063 4518 τοῦ
2095 4461 2272 4530 οἴκου,
2303 4463 2393 4517 καὶ
2423 4467 2520 4517 rei
2551 4460 3052 4546 ὲξαποςτειλαρίου,
3075 4465 3240 4520 πόθεν
3270 4465 3445 4530 οὕτως
3477 4466 3783 4539 ἐκλήθησαν
3809 4511 3823 4524 .

422 4549 686 4637 ἡρωττίθὴ
723 4557 780 4614 δὲ
811 4559 958 4633 παρὰ
985 4560 1082 4612 τοῦ
1115 4556 1413 4611 canori-ceu
1446 4553 1816 4628 ἱερομονάχου
1851 4549 1994 4626 Κυρί]

2296 4549 2729 4626 ἀρχιμανδρῖτου
2755 4568 2768 4581 ⁸
2803 4553 2860 4609 in
2895 4556 3024 4610 cod.
3061 4553 3324 4612 Naniano
3363 4557 3491 4627 228,
3525 4573 3580 4614 n.
3621 4559 3707 4628 19,
3737 4573 3823 4614 se-

423 4655 598 4711 cund.
633 4651 810 4707 Catal.
847 4652 1010 4706 codd.
1043 4649 1137 4704 Gr.
1172 4647 1317 4703 Nan.
1347 4663 1404 4720 p.
1440 4645 1562 4701 421.
1596 4646 1802 4718 (Ηανι.)

501 4741 824 4815 Nicephoro
857 4755 1091 4812 quoque
1122 4736 1383 4804 Callisto,
1416 4737 1574 4792 velut
1628 4733 1869 4796 auctori.
1902 4733 2155 4790 tribuere
2186 4749 2300 4789 non
2337 4732 2623 4789 dubitavit
2677 4733 3032 4791 Huml'redus
3087 4735 3252 4810 Hody
3307 4736 3540 4795 brevem
3589 4738 3826 4809 librum,

421 4850 593 4909 quem
627 4851 657 4890 e
689 4848 795 4888 ms.
828 4830 1179 4887 Barocciano
1210 4827 1390 4884 edidit
1419 4833 1614 4885 Graece
1655 4831 1713 4881 et
1763 4823 1963 4880 Latine
1995 4824 2104 4879 sub
2138 4823 2303 4879 titulo
2337 4839 2350 4878 :
2383 4823 2691 4894 Anglicani
2720 4823 3029 4881 schismatis
3059 4825 3396 4898 redargulio,
3432 4829 3490 4885 in
3535 4845 3652 4901 quo
3691 4829 3826 4884 libro

419 4923 688 4998 pluribus
719 4919 998 4994 exemplis
1027 4921 1328 4992 probatur,
1365 4918 1668 4988 episcopos
1700 4917 1914 4984 injuste
1947 4913 2236 4984 depositos
2265 4913 2571 4970 orthodoxi
2605 4916 2956 4971 successoris
3011 4917 3477 4974 communionem
3522 4935 3823 4992 nunquam

421 5014 725 5087 refugisse.
767 5010 950 5068 Oxon.
1003 5009 1163 5078 1691,
1192 5010 1222 5064 4
1273 5025 1287 5064 :
1340 5005 1566 5076 Σύναξις
1613 5003 1673 5060 ἐκ
1720 5008 1824 5060 τῶν
1873 5001 1993 5060 tua)

2255 5005 2335 5057 μῶν
2381 5002 2661 5078 ἱστοριῶν,
2711 5009 2820 5064 etc.
2873 5005 3026 5062 Idem
3072 5008 3361 5081 scriptum
3411 5011 3715 5067 editurum
3772 5023 3827 5066 se

421 5281 776 5356 Xantbopuli
809 5280 1079 5356 Collectio
1101 5283 1371 5356 Sctorum
1400 5277 1843 5356 per_an_nuxn'__ad
1878 5277 2071 5356 sipgu-
2177 5295 2318 5356 γμᾳ,
2345 5279 2478 5342 etc.,
2511 5275 2843 5356 attulimus.
2876 5309 2946 5319 -—
2968 5276 3173 5356 _Paris.
3221 5281 3278 5356 in
3328 5279 3470 5335 bibl.
3523 5281 3692 5356 publ.
3727 5291 3828 5356 tres

421 5355 510 5411 los
545 5347 1066 5421 medses,versibus
1098 5347 1561 5410 iambicistide
1591 5347 2066 5406 Moutl'auc.Bibl.
2179 5348 2342 5421 codd.
2369 5348 2674 5421 continent
2705 5349 3022 5416 Synaxaria
3071 5351 3308 5421 Nicepb.
3345 5347 3672 5408 secundum
3715 5353 3826 5408 Cat.

425 5427 654 5483 Coislin.
690 5445 743 5498 p.
779 5419 901 5482 184.
934 5426 1140 5497 (Harl).
1329 5497 1333 5498 ί
1388 5495 1399 5498 _
1485 5494 1574 5498 η,
1758 5497 1762 5498 ί
1829 5491 1894 5498 ___
2010 5491 2021 5498 _
2179 5424 2249 5498 (Vt.
2288 5419 2581 5498 lndic.)_in
2633 5421 2762 5498 cod.
2964 5427 3183 5498 Auctor
3217 5419 3414 5479 Catal.
3453 5427 3618 5480 codd.
3661 5425 3828 5495 p.57,

497 5499 566 5570 (ο)
599 5499 662 5554 ln
689 5491 841 5572 food.
877 5491 1135 5572 Caesareo
1199 5491 2069 5572 Υἱηᾴοὺηέἓνὲξὶ,ειιιιὶῃΝξοορζιἐ
2179 5492 2280 5558 ait,
2312 5494 2524 5572 essem
2557 5507 2702 5572 Opus
2737 5493 3022 5572 ineditum
3057 5499 3115 5550 et
3147 5496 3206 5550 in
3256 5513 3342 5572 eo
3373 5513 3412 5572 _a
3439 5491 3826 5572 veleruzirSy-

422 5563 762 5641 Synaxaria,
795 5578 904 5625 etc.
933 5587 986 5624 ν.
1022 5569 1190 5639 plura
1215 5568 1272 5624 in
1307 5567 1753 5641 L‘imbec._tom.
1788 5563 1854 5631 V,
1880 5565 2074 5641 b,_5_9_6
2181 5564 2409 5619 naxaris
2438 5564 2497 5620 in
2529 5563 2736 5641 primis
2767 5565 3084 5634 diversum,
3118 5567 3271 5641 quod
3307 5567 3388 5641 ibi
3438 5567 3639 5641 varios,
3673 5563 3825 5641 Grai:

425 5635 588 5766 seqq.
620 5640 700 5698 De
746 5635 1064 5710 Synaxari'o
1113 5643 1226 5698 alio
1273 5641 1388 5696 vid.
1435 5637 1704 5718 Lam‘bec.
1745 5635 2070 5724 ton1.Ylll,
2178 5651 2379 5692 corum
2440 5635 2824 5694 recentiorum
2883 5652 3104 5695 errores
3136 5635 3574 5712 'deprebendas.
3619 5637 3830 5712 (Hm-1.)

425 5729 482 5766 n.
573 5711 817 5766 19.123.
850 5719 907 5766 et
961 5729 1090 5766 aute
1149 5727 1329 5766 supra
1385 5711 1456 5766 ad
1514 5708 1822 5766 Nicephori
1886 5726 2072 5761 acvu-

425 5729 482 5782 P.
507 5708 658 5778 T19,
694 5708 818 5780 123⁷,
850 5719 907 5769 et
961 5729 1090 5784 quae
1149 5727 1329 5784 supra
1385 5711 1456 5767 ad
1514 5708 1822 5782 Nicephori
1886 5708 2072 5761 σύντκ-
