4100 6218
278 371 397 434 557
1537 373 1959 436 DEDICATIO
2007 374 2206 437 EDIT.
2256 372 2434 434 1630.
3568 375 3689 436 558

280 508 633 579 promiserat
661 507 1004 578 Cotelerius,
1038 510 1366 566 Monument.
1399 508 1608 566 Eccles.
1635 510 1860 578 Graecae,
1892 509 1992 578 Ill,
2017 525 2148 582 pag.
2182 509 2308 564 645.
2342 507 2575 579 Oﬁendi,
2608 506 2818 578 inquit.
2871 507 2931 562 in
2978 509 3238 580 opusculo
3266 526 3413 566 nunc
3451 510 3684 580 inedita,

278 599 433 664 olim,
456 601 507 654 si
535 600 674 655 Deus
704 600 930 666 dederit,
963 601 1185 668 edendo,
1208 602 1272 657 de
1300 602 1500 658 celebri
1529 601 1826 657 schismate
1855 602 1918 657 ob
1945 601 2233 673 Josephum
2278 600 2734 671 patriarcharum
2766 601 2803 655 C
2833 602 2952 656 Pol.
3004 617 3423 669 successorem,
3455 602 3684 659 Arsenii

283 688 533 762 depositi
557 706 695 745 ann.
731 690 866 745 Chr.
902 692 1060 759 1266,
1095 697 1151 747 et
1182 691 1479 757 Germani,
1523 691 1622 762 qui
1652 709 1712 748 se
1746 691 1917 763 paulo
1968 696 2096 763 post
2127 691 2508 745 abdicaveral.
2564 690 2848 745 Caeterum
2907 707 3022 745 non
3081 690 3426 763 Niceplioro,
3457 695 3556 749 sed
3589 693 3686 750 alii

279 780 592 853 antiquiori
619 781 905 850 scriptori,
939 782 1039 853 qui
1071 799 1206 838 ann.
1241 783 1372 838 Chr.
1411 783 1548 837 1267
1579 798 1712 838 eum
1771 782 2121 854 composuit,
2183 781 2376 836 deberi
2432 781 2586 836 hunc
2636 780 2923 847 libellum,
2983 791 3134 836 recte
3192 789 3393 853 postea
3451 786 3686 856 agnovit

275 871 402 943 ipse
433 870 622 926 editor
651 872 1004 928 Humfredus
1039 872 1274 928 Hodius.
1312 872 1450 929 Vide
1488 874 1616 944 ejus
1646 877 1829 928 Letter
1857 882 1907 929 to
1937 890 1969 927 a
2014 871 2218 942 friend,
2251 873 2579 941 concerning
2637 887 2672 924 a
2727 871 3011 925 collection
3054 873 3118 942 of
3161 888 3387 941 canens,
3446 874 3680 932 Oxford.

277 962 441 1029 1692,
475 963 527 1027 4,
562 979 694 1034 pag.
729 963 816 1016 42.
2007 961 2010 964 ’

347 1053 561 1108 Beatus
592 1053 911 1108 Rhenanus
939 1052 1116 1108 Basil.
1154 1053 1312 1121 1535,
1347 1053 1442 1109 fol.
1478 1054 1673 1109 Ruﬁni
1733 1054 1869 1110 Hist.
1922 1053 2305 1111 ecclesiasticae
2354 1057 2411 1107 et
2458 1053 2717 1108 Historiae
2766 1053 3040 1122 tripartiae
3092 1052 3398 1125 Epiphanii
3457 1055 3686 1114 schola—

272 1143 425 1209 stici,
471 1160 598 1214 pag.
632 1143 923 1198 590—615
961 1144 1268 1214 subjunxit
1297 1143 1599 1199 Historiam
1617 1144 2040 1200 ecclesiasticam
2069 1161 2102 1198 a
2132 1143 2434 1214 Nicephoro
2465 1142 2644 1198 Graeco
2677 1143 2937 1198 monacho
2963 1145 3327 1214 conscriptam
3375 1153 3429 1200 et
3478 1148 3684 1203 incerto

269 1237 576 1304 interprete
595 1236 722 1304 jam
751 1235 882 1288 olim
920 1234 1107 1289 Latine
1136 1251 1372 1301 versam,
1406 1252 1532 1306 qua:
1564 1234 1718 1290 velut
1749 1236 2163 1290 continuatura
2193 1234 2563 1304 Tripartitam
2596 1233 2802 1303 incipit
2850 1252 2881 1288 a
2939 1236 3303 1306 temporibus
3367 1237 3680 1293 Theodosii

266 1323 555 1393 Junioris,
589 1323 924 1395 desinitque
954 1325 1012 1379 in
1047 1329 1231 1379 morte
1261 1325 1574 1392 Anastasii,
1609 1341 1781 1396 quem
1814 1325 2060 1395 impium
2093 1329 2254 1379 vocat
2283 1332 2332 1379 et
2361 1341 2394 1377 a
2424 1324 2777 1394 quibusdam
2813 1323 3057 1378 fulmine
3086 1323 3278 1380 divino
3338 1343 3682 1397 percussum

271 1413 421 1467 tradi
457 1413 685 1468 scribit.
718 1411 843 1467 Non
877 1413 1046 1468 modo
1099 1415 1330 1468 brevius
1385 1413 1553 1484 longe
1589 1414 1816 1486 singula
1873 1412 2264 1484 persequitur,
2320 1428 2494 1482 quam
2535 1412 2899 1483 Nicephorus
2947 1411 3409 1471 Callistuslibris
3436 1431 3554 1484 xxv,
3588 1431 3680 1483 xv,

267 1519 388 1566 xvi,
459 1503 559 1557 sed
611 1506 668 1557 et
724 1502 888 1558 aliter
946 1502 1225 1558 nonnulla
1283 1505 1477 1571 refert,
1533 1508 1598 1559 ut
1655 1504 1835 1558 alium
1894 1502 2060 1558 illum
2100 1503 2276 1558 fuisse
2324 1503 2714 1573 Nicephorum
2781 1502 2856 1558 sit
2912 1518 3170 1570 necesse,
3221 1503 3355 1560 licet
3413 1505 3680 1562 Callistus

267 1593 452 1649 etiam
487 1594 812 1648 monachus
844 1594 1026 1650 fuisse
1057 1593 1196 1648 viris
1227 1595 1414 1650 doctis
1442 1594 1718 1650 videatur.
1766 1595 1922 1662 Vide,
1962 1609 2088 1666 quae
2118 1594 2188 1648 de
2218 1593 2308 1648 his
2365 1593 2742 1649 Collectaneis
2797 1593 3047 1649 Jacobus
3103 1593 3331 1663 Billius,
3366 1596 3467 1651 lib.
3515 1597 3678 1654 iObs.

263 1699 410 1738 sacr.
437 1699 566 1754 cap.
605 1684 689 1739 16.

337 1778 420 1828 De
445 1773 731 1844 excerptis
763 1789 794 1827 e
822 1773 1109 1829 Theodori
1139 1773 1368 1829 lecloris
1401 1774 1567 1830 libris
1597 1774 1823 1830 duobus
1853 1775 2101 1829 Historia
2131 1774 2530 1840 ecclesiasticae,
2565 1789 2692 1844 quas
2718 1773 2923 1829 titulus
2954 1774 3254 1844 proﬁtetur
3305 1780 3541 1849 accepta
3568 1774 3676 1831 ἀπὸ

262 1869 458 1940 φωνῆς
491 1863 812 1940 Νικηφόρον
847 1861 1163 1918 Καλλίστου
1195 1867 1291 1918 τοῦ
1321 1862 1740 1934 Ξανθοπούλου,
1774 1866 1881 1920 dici

847 1861 1163 1918 Καλλίστου
1195 1867 1291 1918 τοῦ
1321 1862 1740 1934 Ξανθοπούλου,
1774 1866 1995 1920 dictum
2018 1865 2078 1920 in
2109 1865 2432 1920 Theodoro.

611 2230 1842 2404 ΝΙΚΗΦΡΟΥ
1977 2229 3327 2403 ΚΑΛΛΙΣΤΟΥ

1327 2531 1576 2627 ΤΟΥ
1665 2531 2613 2629 ΞΑΝΘΟΠΟΥΛΟΥ

731 2756 2294 2889 ΕΚΚΑΗΣΙΑΣΤΙΚΗΣ
2379 2763 3201 2892 ΙΣΤΟΡΙΑΣ

1611 2992 2034 3092 BIBAIA
2115 2997 2318 3095 IH’.

910 3335 2017 3502 NICEPHORI
2133 3338 3036 3508 CALLISTI

1605 3617 2237 3706 XAN'l‘HOPU
2252 3620 2363 3705 LI

830 3817 2152 3941 ECCLESIASTICAE
2265 3818 3120 3946 HISTORLE

1626 4050 1921 4134 LIBRI
2002 4051 2323 4159 XVIII,

254 4214 334 4270 In
415 4209 566 4269 duos
623 4218 804 4290 tomos
849 4204 1151 4290 distinqn',
1185 4204 1286 4290 ﬁde
1323 4202 1565 4290 __Graice
1648 4221 1802 4290 nunc
1880 4202 2143 4290 primum
2226 4203 2394 4290 editi.
2482 4206 2731 4290 Adjecta
2813 4215 2898 4270 est
2981 4208 3173 4271 latina
3256 4210 3682 4290 interpretatio

341 4292 604 4351 Joannis
663 4287 878 4366 Longi,
938 4306 974 4346 a
1031 4286 1108 4346 It.
1170 4283 1245 4344 P.
1305 4283 1609 4345 Frontone
1679 4283 1918 4359 Ducaso,
1980 4286 2278 4346 societatis
2343 4286 2484 4347 Jesu
2548 4287 2820 4366 theologo
2878 4308 3011 4350 cum
3073 4294 3298 4354 Graecis
3352 4283 3574 4353 collata
3627 4302 3684 4354 et

345 4372 688 4448 recognita.

251 4525 506 4588 (Lutetia;
537 4522 881 4578 Parisiorum,
917 4519 1228 4582 Sumptibus
1261 4517 1560 4567 Sebastiani
1591 4521 1642 4567 et
1666 4516 1870 4643 ἓξὲξ-ἐοέ

2062 4517 2243 4589 moisy,
2276 4517 2361 4591 _via
2381 4517 2640 4578 Jacobaaa,
2669 4520 2768 4570 sub
2809 4521 3058 4582 Ciconiis,
3083 4522 3223 4584 1630,
3267 4537 3384 4575 cum
3406 4525 3681 4589 privilegio

2062 4593 2309 4630 anissimi.

1593 4839 2015 4904 ARMANDO
2053 4841 2369 4903 JOANNI

823 4940 1498 5006 ILLUSTRISSIMO
1540 4941 1610 5002 S.
1658 4940 1733 5002 li.
1781 4941 1862 5002 E.
1930 4939 2400 5003 CARDINALI
2443 4941 2560 5002 DE
2611 4943 3122 5007 RICHELIEU.

341 5099 682 5180 Nicephori
769 5099 1009 5161 Callisti
1079 5095 1406 5178 aliquando
1491 5105 1745 5156 tenemus
1800 5094 2135 5156 historiam.
2198 5094 2609 5158 Illustrissime
2671 5096 3047 5176 Cardinalis,
3108 5101 3214 5178 qui
3300 5121 3479 5175 nunc,
3545 5113 3682 5181 post

262 5207 504 5284 longam
559 5200 1074 5282 periculosamque
1119 5197 1540 5277 jactationem,
1593 5196 1654 5254 in
1699 5194 1838 5255 sinu
1897 5203 2010 5254 tua:
2061 5213 2366 5275 purpurae,
2446 5206 2728 5276 tanquam
2786 5202 2852 5256 in
2902 5206 3088 5276 portu
3134 5199 3568 5278 placidissimo,
3629 5205 3687 5263 si

255 5307 512 5386 pateris,
591 5305 982 5380 conquiescet.
1047 5295 1177 5357 Heu
1258 5294 1474 5376 quibus
1531 5296 1635 5353 ille
1679 5294 1943 5373 iactatus
1997 5295 2138 5368 fatis
2162 5295 2184 5350 ,ν
2241 5292 2425 5373 Apud
2485 5295 2800 5354 Matt/tiam
2862 5300 3191 5358 Corvinum
3259 5301 3552 5378 quondam
3612 5307 3682 5361 in

253 5402 459 5486 pretio
515 5398 780 5475 habitus,
842 5401 907 5456 in
968 5403 1315 5476 potestatem
1369 5396 1520 5455 venit
1566 5401 1778 5471 postea
1838 5391 2252 5453 Barbarorum
2316 5413 2335 5452 :
2395 5403 2448 5452 et
2505 5393 2713 5453 Turcis
2774 5392 3162 5457 Pannoniam
3236 5400 3676 5461 invadentibus.

264 5507 375 5565 via:
422 5507 601 5562 unius
667 5499 886 5560 militis
931 5500 1067 5576 fuit
1127 5495 1356 5572 praeda.
1405 5500 1690 5558 Servatus
1746 5503 1828 5554 est
1900 5501 2116 5557 autem,
2161 5511 2277 5551 non
2354 5493 2639 5564 historiae,
2691 5511 2794 5552 nec
2864 5513 3061 5555 rerum
3129 5517 3282 5578 quas
3338 5502 3683 5562 continebat

265 5606 508 5671 merito,
570 5599 666 5660 sed
719 5597 977 5677 quadam
1037 5601 1338 5675 elegantia
1404 5593 1787 5664 characteris,
1841 5599 2009 5664 cujus
2084 5597 2259 5653 etiam
2338 5591 2615 5673 beneﬁcio
2676 5590 3206 5676 Constantinopoli
3259 5602 3465 5660 vaeniit
3521 5608 3682 5662 inter

268 5702 668 5767 delicatorum
734 5695 1187 5779 supellectilem,
1247 5695 1423 5774 quasi
1501 5696 1720 5754 cultius
1796 5691 2042 5770 aliquod
2126 5692 2514 5768 mancipium.
2575 5691 2927 5770 Emptorem
2995 5703 3191 5757 autem
3266 5697 3494 5759 invenit
3551 5720 3678 5760 eum
