  <div class='ocr_page' id='page_1' title='image "/cluster/home/n/w/nwhite01/storage/ocr_20150623/145/hvd.32044054086921/285.png"; bbox 0 0 4100 6218; ppageno 0'>
   <div class='ocr_carea' id='block_1_1' title="bbox 421 332 2040 402">
    <p class='ocr_par' dir='ltr' id='par_1_1' title="bbox 421 332 2040 400">
     <span class='ocr_line' id='line_1_1' title="bbox 421 332 2040 400; baseline 0.001 -6"><span class='ocrx_word' id='word_1_1' title='bbox 421 332 540 394; x_wconf 78' lang='grc'><strong><em>559</em></strong></span> <span class='ocrx_word' id='word_1_2' title='bbox 1705 335 2040 400; x_wconf 76' lang='lat' dir='ltr'><strong><em>NICEPHC</em></strong></span> 
     </span>
    </p>
   </div>
   <div class='ocr_carea' id='block_1_2' title="bbox 2210 332 3829 402">
    <p class='ocr_par' dir='ltr' id='par_1_2' title="bbox 2210 332 3829 402">
     <span class='ocr_line' id='line_1_2' title="bbox 2210 332 3829 402; baseline 0.005 -8"><span class='ocrx_word' id='word_1_3' title='bbox 2210 332 2408 394; x_wconf 75' lang='lat' dir='ltr'><strong><em>JALLI</em></strong></span> <span class='ocrx_word' id='word_1_4' title='bbox 2417 333 2536 394; x_wconf 84' lang='lat' dir='ltr'><strong><em>STI</em></strong></span> <span class='ocrx_word' id='word_1_5' title='bbox 3715 339 3829 402; x_wconf 76' lang='grc'><strong><em>560</em></strong></span> 
     </span>
    </p>
   </div>
   <div class='ocr_carea' id='block_1_3' title="bbox 420 467 3834 552">
    <p class='ocr_par' dir='ltr' id='par_1_3' title="bbox 420 467 3834 552">
     <span class='ocr_line' id='line_1_3' title="bbox 420 467 3834 552; baseline 0.002 -22"><span class='ocrx_word' id='word_1_6' title='bbox 420 475 528 550; x_wconf 88' lang='lat' dir='ltr'><strong><em>qui</em></strong></span> <span class='ocrx_word' id='word_1_7' title='bbox 579 469 837 550; x_wconf 79' lang='lat' dir='ltr'><strong><em>publicis</em></strong></span> <span class='ocrx_word' id='word_1_8' title='bbox 887 469 1160 531; x_wconf 81' lang='lat' dir='ltr'><strong><em>invidens</em></strong></span> <span class='ocrx_word' id='word_1_9' title='bbox 1213 472 1557 546; x_wconf 78' lang='lat' dir='ltr'><strong><em>commodis,</em></strong></span> <span class='ocrx_word' id='word_1_10' title='bbox 1639 491 1808 532; x_wconf 90' lang='lat' dir='ltr'><strong><em>suum</em></strong></span> <span class='ocrx_word' id='word_1_11' title='bbox 1881 472 2087 552; x_wconf 76' lang='lat' dir='ltr'><strong><em>fecisse</em></strong></span> <span class='ocrx_word' id='word_1_12' title='bbox 2164 467 2501 542; x_wconf 80' lang='lat' dir='ltr'><strong><em>videbatur,</em></strong></span> <span class='ocrx_word' id='word_1_13' title='bbox 2561 487 2631 529; x_wconf 91' lang='lat' dir='ltr'><strong><em>ne</em></strong></span> <span class='ocrx_word' id='word_1_14' title='bbox 2697 477 2843 530; x_wconf 82' lang='lat' dir='ltr'><strong><em>esset</em></strong></span> <span class='ocrx_word' id='word_1_15' title='bbox 2923 468 3204 530; x_wconf 87' lang='lat' dir='ltr'><strong><em>aliorum.</em></strong></span> <span class='ocrx_word' id='word_1_16' title='bbox 3280 470 3408 534; x_wconf 83' lang='lat' dir='ltr'><strong><em>Sed</em></strong></span> <span class='ocrx_word' id='word_1_17' title='bbox 3457 473 3696 536; x_wconf 83' lang='lat' dir='ltr'><strong><em>tandem</em></strong></span> <span class='ocrx_word' id='word_1_18' title='bbox 3761 475 3834 535; x_wconf 91' lang='lat' dir='ltr'><strong><em>ab</em></strong></span> 
     </span>
    </p>
   </div>
   <div class='ocr_carea' id='block_1_4' title="bbox 421 565 3838 651">
    <p class='ocr_par' dir='ltr' id='par_1_4' title="bbox 421 565 3838 651">
     <span class='ocr_line' id='line_1_4' title="bbox 421 565 3838 651; baseline 0.002 -25"><span class='ocrx_word' id='word_1_19' title='bbox 421 567 652 648; x_wconf 88' lang='lat' dir='ltr'><strong><em>injusto</em></strong></span> <span class='ocrx_word' id='word_1_20' title='bbox 683 567 920 628; x_wconf 89' lang='lat' dir='ltr'><strong><em>domino</em></strong></span> <span class='ocrx_word' id='word_1_21' title='bbox 951 569 1010 626; x_wconf 88' lang='lat' dir='ltr'><strong><em>in</em></strong></span> <span class='ocrx_word' id='word_1_22' title='bbox 1047 567 1344 645; x_wconf 74' lang='lat' dir='ltr'><strong><em>familiam</em></strong></span> <span class='ocrx_word' id='word_1_23' title='bbox 1397 573 1788 650; x_wconf 78' lang='lat' dir='ltr'><strong><em>imperatoris</em></strong></span> <span class='ocrx_word' id='word_1_24' title='bbox 1841 571 2119 640; x_wconf 76' lang='lat' dir='ltr'><strong><em>transiit,</em></strong></span> <span class='ocrx_word' id='word_1_25' title='bbox 2179 586 2246 628; x_wconf 92' lang='lat' dir='ltr'><strong><em>ac</em></strong></span> <span class='ocrx_word' id='word_1_26' title='bbox 2293 565 2670 646; x_wconf 74' lang='lat' dir='ltr'><strong><em>postliminio</em></strong></span> <span class='ocrx_word' id='word_1_27' title='bbox 2737 571 3046 627; x_wconf 85' lang='lat' dir='ltr'><strong><em>restitutus</em></strong></span> <span class='ocrx_word' id='word_1_28' title='bbox 3115 586 3207 629; x_wconf 83' lang='lat' dir='ltr'><strong><em>eos</em></strong></span> <span class='ocrx_word' id='word_1_29' title='bbox 3275 578 3362 629; x_wconf 84' lang='lat' dir='ltr'><strong><em>est</em></strong></span> <span class='ocrx_word' id='word_1_30' title='bbox 3419 571 3576 630; x_wconf 89' lang='lat' dir='ltr'><strong><em>unde</em></strong></span> <span class='ocrx_word' id='word_1_31' title='bbox 3629 576 3838 651; x_wconf 82' lang='lat' dir='ltr'><strong><em>fuerat</em></strong></span> 
     </span>
    </p>
   </div>
   <div class='ocr_carea' id='block_1_5' title="bbox 421 663 3838 749">
    <p class='ocr_par' dir='ltr' id='par_1_5' title="bbox 421 663 3838 749">
     <span class='ocr_line' id='line_1_5' title="bbox 421 663 3838 749; baseline 0 -20"><span class='ocrx_word' id='word_1_32' title='bbox 421 665 668 728; x_wconf 75' lang='lat' dir='ltr'><strong><em>ablatus</em></strong></span> <span class='ocrx_word' id='word_1_33' title='bbox 727 687 747 727; x_wconf 92' lang='lat'><strong><em>:</em></strong></span> <span class='ocrx_word' id='word_1_34' title='bbox 805 677 1014 727; x_wconf 84' lang='lat' dir='ltr'><strong><em>auctor</em></strong></span> <span class='ocrx_word' id='word_1_35' title='bbox 1067 667 1365 749; x_wconf 77' lang='lat' dir='ltr'><strong><em>siquidem</em></strong></span> <span class='ocrx_word' id='word_1_36' title='bbox 1423 671 1545 748; x_wconf 90' lang='lat' dir='ltr'><strong><em>ipse</em></strong></span> <span class='ocrx_word' id='word_1_37' title='bbox 1601 667 1978 744; x_wconf 84' lang='lat' dir='ltr'><strong><em>Nicephorus</em></strong></span> <span class='ocrx_word' id='word_1_38' title='bbox 2028 685 2202 726; x_wconf 90' lang='lat' dir='ltr'><strong><em>suum</em></strong></span> <span class='ocrx_word' id='word_1_39' title='bbox 2263 669 2626 744; x_wconf 80' lang='lat' dir='ltr'><strong><em>imperatore</em></strong></span> <span class='ocrx_word' id='word_1_40' title='bbox 2709 663 2960 745; x_wconf 87' lang='lat' dir='ltr'><strong><em>dignum</em></strong></span> <span class='ocrx_word' id='word_1_41' title='bbox 3045 686 3255 727; x_wconf 89' lang='lat' dir='ltr'><strong><em>munus</em></strong></span> <span class='ocrx_word' id='word_1_42' title='bbox 3301 668 3719 748; x_wconf 88' lang='lat' dir='ltr'><strong><em>judicaverat,</em></strong></span> <span class='ocrx_word' id='word_1_43' title='bbox 3783 680 3838 731; x_wconf 90' lang='lat' dir='ltr'><strong><em>et</em></strong></span> 
     </span>
    </p>
   </div>
   <div class='ocr_carea' id='block_1_6' title="bbox 418 765 3832 848">
    <p class='ocr_par' dir='ltr' id='par_1_6' title="bbox 418 765 3832 848">
     <span class='ocr_line' id='line_1_6' title="bbox 418 765 3832 848; baseline 0.002 -24"><span class='ocrx_word' id='word_1_44' title='bbox 418 765 785 846; x_wconf 79' lang='lat' dir='ltr'><strong><em>Palaeologo,</em></strong></span> <span class='ocrx_word' id='word_1_45' title='bbox 859 766 956 827; x_wconf 87' lang='lat' dir='ltr'><strong><em>uti</em></strong></span> <span class='ocrx_word' id='word_1_46' title='bbox 1009 766 1263 847; x_wconf 83' lang='lat' dir='ltr'><strong><em>suspicio</em></strong></span> <span class='ocrx_word' id='word_1_47' title='bbox 1323 777 1434 843; x_wconf 86' lang='lat' dir='ltr'><strong><em>est,</em></strong></span> <span class='ocrx_word' id='word_1_48' title='bbox 1493 767 1806 828; x_wconf 83' lang='lat' dir='ltr'><strong><em>historiam</em></strong></span> <span class='ocrx_word' id='word_1_49' title='bbox 1863 776 2265 828; x_wconf 84' lang='lat' dir='ltr'><strong><em>consecrarat.</em></strong></span> <span class='ocrx_word' id='word_1_50' title='bbox 2325 765 2590 826; x_wconf 85' lang='lat' dir='ltr'><strong><em>Joannes</em></strong></span> <span class='ocrx_word' id='word_1_51' title='bbox 2645 767 2912 845; x_wconf 85' lang='lat' dir='ltr'><strong><em>Longus,</em></strong></span> <span class='ocrx_word' id='word_1_52' title='bbox 2947 765 3043 826; x_wconf 88' lang='lat' dir='ltr'><strong><em>vir</em></strong></span> <span class='ocrx_word' id='word_1_53' title='bbox 3085 765 3152 826; x_wconf 87' lang='lat' dir='ltr'><strong><em>de</em></strong></span> <span class='ocrx_word' id='word_1_54' title='bbox 3209 767 3524 848; x_wconf 81' lang='lat' dir='ltr'><strong><em>republica</em></strong></span> <span class='ocrx_word' id='word_1_55' title='bbox 3583 770 3832 832; x_wconf 86' lang='lat' dir='ltr'><strong><em>littera-</em></strong></span> 
     </span>
    </p>
   </div>
   <div class='ocr_carea' id='block_1_7' title="bbox 418 863 3832 946">
    <p class='ocr_par' dir='ltr' id='par_1_7' title="bbox 418 863 3832 946">
     <span class='ocr_line' id='line_1_7' title="bbox 418 863 3832 946; baseline 0.001 -22"><span class='ocrx_word' id='word_1_56' title='bbox 418 870 520 924; x_wconf 83' lang='lat' dir='ltr'><strong><em>rio</em></strong></span> <span class='ocrx_word' id='word_1_57' title='bbox 573 867 786 946; x_wconf 86' lang='lat' dir='ltr'><strong><em>optime</em></strong></span> <span class='ocrx_word' id='word_1_58' title='bbox 845 867 1106 940; x_wconf 88' lang='lat' dir='ltr'><strong><em>meritus,</em></strong></span> <span class='ocrx_word' id='word_1_59' title='bbox 1168 883 1296 926; x_wconf 88' lang='lat' dir='ltr'><strong><em>eum</em></strong></span> <span class='ocrx_word' id='word_1_60' title='bbox 1349 871 1588 946; x_wconf 90' lang='lat' dir='ltr'><strong><em>primus</em></strong></span> <span class='ocrx_word' id='word_1_61' title='bbox 1633 885 1663 926; x_wconf 93' lang='lat' dir='ltr'><strong><em>e</em></strong></span> <span class='ocrx_word' id='word_1_62' title='bbox 1739 864 2134 925; x_wconf 59' lang='lat' dir='ltr'><strong><em>Bibliotheca;</em></strong></span> <span class='ocrx_word' id='word_1_63' title='bbox 2209 863 2464 924; x_wconf 85' lang='lat' dir='ltr'><strong><em>vinculis</em></strong></span> <span class='ocrx_word' id='word_1_64' title='bbox 2511 863 2792 937; x_wconf 73' lang='lat' dir='ltr'><strong><em>exsolvit,</em></strong></span> <span class='ocrx_word' id='word_1_65' title='bbox 2854 883 2924 924; x_wconf 90' lang='lat' dir='ltr'><strong><em>ac</em></strong></span> <span class='ocrx_word' id='word_1_66' title='bbox 2971 866 3146 924; x_wconf 91' lang='lat' dir='ltr'><strong><em>Latio</em></strong></span> <span class='ocrx_word' id='word_1_67' title='bbox 3205 864 3468 938; x_wconf 86' lang='lat' dir='ltr'><strong><em>donavit,</em></strong></span> <span class='ocrx_word' id='word_1_68' title='bbox 3529 887 3644 946; x_wconf 91' lang='lat' dir='ltr'><strong><em>quo</em></strong></span> <span class='ocrx_word' id='word_1_69' title='bbox 3713 867 3832 928; x_wconf 84' lang='lat' dir='ltr'><strong><em>sibi</em></strong></span> 
     </span>
    </p>
   </div>
   <div class='ocr_carea' id='block_1_8' title="bbox 413 962 3828 1044">
    <p class='ocr_par' dir='ltr' id='par_1_8' title="bbox 413 962 3828 1044">
     <span class='ocr_line' id='line_1_8' title="bbox 413 962 3828 1044; baseline 0.002 -22"><span class='ocrx_word' id='word_1_70' title='bbox 413 969 659 1023; x_wconf 81' lang='lat' dir='ltr'><strong><em>nomine</em></strong></span> <span class='ocrx_word' id='word_1_71' title='bbox 711 962 816 1023; x_wconf 86' lang='lat' dir='ltr'><strong><em>etsi</em></strong></span> <span class='ocrx_word' id='word_1_72' title='bbox 871 964 1202 1024; x_wconf 77' lang='lat' dir='ltr'><strong><em>obstrinxit</em></strong></span> <span class='ocrx_word' id='word_1_73' title='bbox 1251 969 1576 1036; x_wconf 86' lang='lat' dir='ltr'><strong><em>universos,</em></strong></span> <span class='ocrx_word' id='word_1_74' title='bbox 1635 983 1754 1024; x_wconf 86' lang='lat' dir='ltr'><strong><em>non</em></strong></span> <span class='ocrx_word' id='word_1_75' title='bbox 1822 973 2024 1024; x_wconf 86' lang='lat' dir='ltr'><strong><em>tamen</em></strong></span> <span class='ocrx_word' id='word_1_76' title='bbox 2080 964 2276 1042; x_wconf 67' lang='lat' dir='ltr'><strong><em>cﬂecit</em></strong></span> <span class='ocrx_word' id='word_1_77' title='bbox 2343 969 2412 1023; x_wconf 87' lang='lat' dir='ltr'><strong><em>ut</em></strong></span> <span class='ocrx_word' id='word_1_78' title='bbox 2473 962 2660 1040; x_wconf 89' lang='lat' dir='ltr'><strong><em>ipsum</em></strong></span> <span class='ocrx_word' id='word_1_79' title='bbox 2715 981 2744 1022; x_wconf 87' lang='lat' dir='ltr'><strong><em>e</em></strong></span> <span class='ocrx_word' id='word_1_80' title='bbox 2801 962 2972 1022; x_wconf 89' lang='lat' dir='ltr'><strong><em>vultu</em></strong></span> <span class='ocrx_word' id='word_1_81' title='bbox 3028 965 3436 1044; x_wconf 82' lang='lat' dir='ltr'><strong><em>Nicephorum</em></strong></span> <span class='ocrx_word' id='word_1_82' title='bbox 3487 985 3652 1026; x_wconf 79' lang='lat' dir='ltr'><strong><em>nosse</em></strong></span> <span class='ocrx_word' id='word_1_83' title='bbox 3709 987 3828 1027; x_wconf 89' lang='lat' dir='ltr'><strong><em>non</em></strong></span> 
     </span>
    </p>
   </div>
   <div class='ocr_carea' id='block_1_9' title="bbox 413 1059 3827 1142">
    <p class='ocr_par' dir='ltr' id='par_1_9' title="bbox 413 1059 3827 1142">
     <span class='ocr_line' id='line_1_9' title="bbox 413 1059 3827 1142; baseline 0.001 -20"><span class='ocrx_word' id='word_1_84' title='bbox 413 1070 692 1140; x_wconf 87' lang='lat' dir='ltr'><strong><em>cuperent</em></strong></span> <span class='ocrx_word' id='word_1_85' title='bbox 741 1061 790 1122; x_wconf 91' lang='lat' dir='ltr'><strong><em>ii</em></strong></span> <span class='ocrx_word' id='word_1_86' title='bbox 835 1062 1050 1142; x_wconf 85' lang='lat' dir='ltr'><strong><em>quibus</em></strong></span> <span class='ocrx_word' id='word_1_87' title='bbox 1125 1061 1507 1142; x_wconf 71' lang='lat' dir='ltr'><strong><em>antiquitatis</em></strong></span> <span class='ocrx_word' id='word_1_88' title='bbox 1579 1062 1841 1122; x_wconf 88' lang='lat' dir='ltr'><strong><em>studium</em></strong></span> <span class='ocrx_word' id='word_1_89' title='bbox 1899 1072 1958 1121; x_wconf 91' lang='lat' dir='ltr'><strong><em>et</em></strong></span> <span class='ocrx_word' id='word_1_90' title='bbox 2017 1065 2236 1124; x_wconf 56' lang='lat' dir='ltr'><strong><em>Graeca</em></strong></span> <span class='ocrx_word' id='word_1_91' title='bbox 2291 1059 2592 1136; x_wconf 60' lang='lat' dir='ltr'><strong><em>facundia</em></strong></span> <span class='ocrx_word' id='word_1_92' title='bbox 2650 1059 2914 1139; x_wconf 83' lang='lat' dir='ltr'><strong><em>dignitas</em></strong></span> <span class='ocrx_word' id='word_1_93' title='bbox 2959 1071 3102 1121; x_wconf 87' lang='lat' dir='ltr'><strong><em>esset</em></strong></span> <span class='ocrx_word' id='word_1_94' title='bbox 3163 1063 3222 1120; x_wconf 85' lang='lat' dir='ltr'><strong><em>in</em></strong></span> <span class='ocrx_word' id='word_1_95' title='bbox 3294 1069 3519 1142; x_wconf 87' lang='lat' dir='ltr'><strong><em>pretio.</em></strong></span> <span class='ocrx_word' id='word_1_96' title='bbox 3579 1063 3827 1126; x_wconf 65' lang='lat' dir='ltr'><strong><em>Prwter</em></strong></span> 
     </span>
    </p>
   </div>
   <div class='ocr_carea' id='block_1_10' title="bbox 416 1159 3826 1242">
    <p class='ocr_par' dir='ltr' id='par_1_10' title="bbox 416 1159 3826 1242">
     <span class='ocr_line' id='line_1_10' title="bbox 416 1159 3826 1242; baseline 0.002 -24"><span class='ocrx_word' id='word_1_97' title='bbox 416 1169 657 1219; x_wconf 59' lang='lat' dir='ltr'><strong><em>exteros</em></strong></span> <span class='ocrx_word' id='word_1_98' title='bbox 709 1171 904 1220; x_wconf 90' lang='lat' dir='ltr'><strong><em>autem</em></strong></span> <span class='ocrx_word' id='word_1_99' title='bbox 949 1159 1163 1222; x_wconf 84' lang='lat' dir='ltr'><strong><em>Jacobi</em></strong></span> <span class='ocrx_word' id='word_1_100' title='bbox 1225 1159 1470 1222; x_wconf 83' lang='lat' dir='ltr'><strong><em>Thuani</em></strong></span> <span class='ocrx_word' id='word_1_101' title='bbox 1515 1163 1582 1220; x_wconf 88' lang='lat' dir='ltr'><strong><em>in</em></strong></span> <span class='ocrx_word' id='word_1_102' title='bbox 1663 1171 1874 1222; x_wconf 88' lang='lat' dir='ltr'><strong><em>senatu</em></strong></span> <span class='ocrx_word' id='word_1_103' title='bbox 1947 1159 2294 1221; x_wconf 74' lang='lat' dir='ltr'><strong><em>Parisiensi</em></strong></span> <span class='ocrx_word' id='word_1_104' title='bbox 2353 1159 2664 1234; x_wconf 68' lang='lat' dir='ltr'><strong><em>pmsidis,</em></strong></span> <span class='ocrx_word' id='word_1_105' title='bbox 2729 1169 2782 1219; x_wconf 90' lang='lat' dir='ltr'><strong><em>et</em></strong></span> <span class='ocrx_word' id='word_1_106' title='bbox 2849 1162 3008 1218; x_wconf 87' lang='lat' dir='ltr'><strong><em>inter</em></strong></span> <span class='ocrx_word' id='word_1_107' title='bbox 3076 1163 3313 1238; x_wconf 81' lang='lat' dir='ltr'><strong><em>egregie</em></strong></span> <span class='ocrx_word' id='word_1_108' title='bbox 3387 1161 3577 1223; x_wconf 87' lang='lat' dir='ltr'><strong><em>doctos</em></strong></span> <span class='ocrx_word' id='word_1_109' title='bbox 3633 1165 3826 1242; x_wconf 84' lang='lat' dir='ltr'><strong><em>facile</em></strong></span> 
     </span>
    </p>
   </div>
   <div class='ocr_carea' id='block_1_11' title="bbox 407 1257 3822 1340">
    <p class='ocr_par' dir='ltr' id='par_1_11' title="bbox 407 1257 3822 1340">
     <span class='ocr_line' id='line_1_11' title="bbox 407 1257 3822 1340; baseline 0.002 -24"><span class='ocrx_word' id='word_1_110' title='bbox 407 1259 734 1339; x_wconf 88' lang='lat' dir='ltr'><strong><em>principis,</em></strong></span> <span class='ocrx_word' id='word_1_111' title='bbox 793 1259 856 1318; x_wconf 90' lang='lat' dir='ltr'><strong><em>in</em></strong></span> <span class='ocrx_word' id='word_1_112' title='bbox 911 1259 1063 1320; x_wconf 89' lang='lat' dir='ltr'><strong><em>hanc</em></strong></span> <span class='ocrx_word' id='word_1_113' title='bbox 1109 1279 1309 1320; x_wconf 89' lang='lat' dir='ltr'><strong><em>curam</em></strong></span> <span class='ocrx_word' id='word_1_114' title='bbox 1367 1261 1604 1320; x_wconf 87' lang='lat' dir='ltr'><strong><em>animus</em></strong></span> <span class='ocrx_word' id='word_1_115' title='bbox 1661 1265 1914 1332; x_wconf 74' lang='lat' dir='ltr'><strong><em>exarsit,</em></strong></span> <span class='ocrx_word' id='word_1_116' title='bbox 1963 1261 2372 1340; x_wconf 85' lang='lat' dir='ltr'><strong><em>pugnavitque</em></strong></span> <span class='ocrx_word' id='word_1_117' title='bbox 2427 1260 2592 1318; x_wconf 88' lang='lat' dir='ltr'><strong><em>omni</em></strong></span> <span class='ocrx_word' id='word_1_118' title='bbox 2643 1277 2765 1338; x_wconf 90' lang='lat' dir='ltr'><strong><em>qua</em></strong></span> <span class='ocrx_word' id='word_1_119' title='bbox 2821 1257 3058 1318; x_wconf 88' lang='lat' dir='ltr'><strong><em>valebat</em></strong></span> <span class='ocrx_word' id='word_1_120' title='bbox 3114 1266 3350 1336; x_wconf 87' lang='lat' dir='ltr'><strong><em>gratia,</em></strong></span> <span class='ocrx_word' id='word_1_121' title='bbox 3413 1273 3468 1320; x_wconf 92' lang='lat' dir='ltr'><strong><em>et</em></strong></span> <span class='ocrx_word' id='word_1_122' title='bbox 3543 1267 3822 1340; x_wconf 77' lang='lat' dir='ltr'><strong><em>perfecit,</em></strong></span> 
     </span>
    </p>
   </div>
   <div class='ocr_carea' id='block_1_12' title="bbox 411 1355 3825 1439">
    <p class='ocr_par' dir='ltr' id='par_1_12' title="bbox 411 1355 3825 1439">
     <span class='ocr_line' id='line_1_12' title="bbox 411 1355 3825 1439; baseline 0.001 -21"><span class='ocrx_word' id='word_1_123' title='bbox 411 1368 474 1418; x_wconf 92' lang='lat' dir='ltr'><strong><em>ut</em></strong></span> <span class='ocrx_word' id='word_1_124' title='bbox 534 1378 564 1418; x_wconf 91' lang='lat' dir='ltr'><strong><em>e</em></strong></span> <span class='ocrx_word' id='word_1_125' title='bbox 621 1358 982 1419; x_wconf 83' lang='lat' dir='ltr'><strong><em>bibliotheca</em></strong></span> <span class='ocrx_word' id='word_1_126' title='bbox 1039 1361 1418 1438; x_wconf 85' lang='lat' dir='ltr'><strong><em>imperatoris</em></strong></span> <span class='ocrx_word' id='word_1_127' title='bbox 1469 1363 1777 1438; x_wconf 75' lang='lat' dir='ltr'><strong><em>exemplar</em></strong></span> <span class='ocrx_word' id='word_1_128' title='bbox 1835 1361 2026 1438; x_wconf 89' lang='lat' dir='ltr'><strong><em>ipsum</em></strong></span> <span class='ocrx_word' id='word_1_129' title='bbox 2096 1358 2374 1420; x_wconf 63' lang='lat' dir='ltr'><strong><em>Graecum</em></strong></span> <span class='ocrx_word' id='word_1_130' title='bbox 2423 1355 2592 1418; x_wconf 85' lang='lat' dir='ltr'><strong><em>nobis</em></strong></span> <span class='ocrx_word' id='word_1_131' title='bbox 2651 1357 2858 1418; x_wconf 84' lang='lat' dir='ltr'><strong><em>liceret</em></strong></span> <span class='ocrx_word' id='word_1_132' title='bbox 2913 1358 3279 1424; x_wconf 73' lang='lat' dir='ltr'><strong><em>exscribere,</em></strong></span> <span class='ocrx_word' id='word_1_133' title='bbox 3331 1360 3491 1439; x_wconf 88' lang='lat' dir='ltr'><strong><em>quod</em></strong></span> <span class='ocrx_word' id='word_1_134' title='bbox 3544 1373 3825 1424; x_wconf 87' lang='lat' dir='ltr'><strong><em>accurate</em></strong></span> 
     </span>
    </p>
   </div>
   <div class='ocr_carea' id='block_1_13' title="bbox 403 1457 3824 1539">
    <p class='ocr_par' dir='ltr' id='par_1_13' title="bbox 403 1457 3824 1539">
     <span class='ocr_line' id='line_1_13' title="bbox 403 1457 3824 1539; baseline 0.002 -25"><span class='ocrx_word' id='word_1_135' title='bbox 403 1461 816 1535; x_wconf 55' lang='lat' dir='ltr'><strong><em>praestitimus.</em></strong></span> <span class='ocrx_word' id='word_1_136' title='bbox 873 1457 1077 1536; x_wconf 73' lang='lat' dir='ltr'><strong><em>Hujus</em></strong></span> <span class='ocrx_word' id='word_1_137' title='bbox 1135 1467 1327 1517; x_wconf 87' lang='lat' dir='ltr'><strong><em>autem</em></strong></span> <span class='ocrx_word' id='word_1_138' title='bbox 1377 1459 1462 1516; x_wconf 88' lang='lat' dir='ltr'><strong><em>ad</em></strong></span> <span class='ocrx_word' id='word_1_139' title='bbox 1514 1461 1869 1537; x_wconf 82' lang='lat' dir='ltr'><strong><em>transcripti</em></strong></span> <span class='ocrx_word' id='word_1_140' title='bbox 1922 1458 2104 1537; x_wconf 78' lang='lat' dir='ltr'><strong><em>fidem</em></strong></span> <span class='ocrx_word' id='word_1_141' title='bbox 2185 1459 2402 1518; x_wconf 87' lang='lat' dir='ltr'><strong><em>Latina</em></strong></span> <span class='ocrx_word' id='word_1_142' title='bbox 2483 1464 2679 1516; x_wconf 87' lang='lat' dir='ltr'><strong><em>versio</em></strong></span> <span class='ocrx_word' id='word_1_143' title='bbox 2762 1459 3088 1538; x_wconf 73' lang='lat' dir='ltr'><strong><em>explorata</em></strong></span> <span class='ocrx_word' id='word_1_144' title='bbox 3157 1465 3579 1539; x_wconf 87' lang='lat' dir='ltr'><strong><em>commissaque</em></strong></span> <span class='ocrx_word' id='word_1_145' title='bbox 3629 1471 3719 1520; x_wconf 87' lang='lat' dir='ltr'><strong><em>est</em></strong></span> <span class='ocrx_word' id='word_1_146' title='bbox 3789 1482 3824 1522; x_wconf 91' lang='lat' dir='ltr'><strong><em>a</em></strong></span> 
     </span>
    </p>
   </div>
   <div class='ocr_carea' id='block_1_14' title="bbox 415 1553 3824 1636">
    <p class='ocr_par' dir='ltr' id='par_1_14' title="bbox 415 1553 3824 1636">
     <span class='ocr_line' id='line_1_14' title="bbox 415 1553 3824 1636; baseline 0.001 -22"><span class='ocrx_word' id='word_1_147' title='bbox 415 1553 488 1615; x_wconf 78' lang='lat' dir='ltr'><strong><em>Ii.</em></strong></span> <span class='ocrx_word' id='word_1_148' title='bbox 543 1555 616 1616; x_wconf 88' lang='grc' dir='ltr'><strong><em>Ρ.</em></strong></span> <span class='ocrx_word' id='word_1_149' title='bbox 679 1553 976 1615; x_wconf 82' lang='lat' dir='ltr'><strong><em>Frontone</em></strong></span> <span class='ocrx_word' id='word_1_150' title='bbox 1038 1555 1250 1616; x_wconf 78' lang='lat' dir='ltr'><strong><em>Ducaeo</em></strong></span> <span class='ocrx_word' id='word_1_151' title='bbox 1307 1575 1338 1615; x_wconf 94' lang='lat' dir='ltr'><strong><em>e</em></strong></span> <span class='ocrx_word' id='word_1_152' title='bbox 1382 1562 1664 1616; x_wconf 86' lang='lat' dir='ltr'><strong><em>societate</em></strong></span> <span class='ocrx_word' id='word_1_153' title='bbox 1719 1556 1880 1620; x_wconf 86' lang='lat' dir='ltr'><strong><em>Jesu.</em></strong></span> <span class='ocrx_word' id='word_1_154' title='bbox 1941 1563 2048 1636; x_wconf 88' lang='lat' dir='ltr'><strong><em>qui</em></strong></span> <span class='ocrx_word' id='word_1_155' title='bbox 2103 1575 2228 1616; x_wconf 90' lang='lat' dir='ltr'><strong><em>eam</em></strong></span> <span class='ocrx_word' id='word_1_156' title='bbox 2288 1557 2690 1631; x_wconf 84' lang='lat' dir='ltr'><strong><em>interpolavit</em></strong></span> <span class='ocrx_word' id='word_1_157' title='bbox 2744 1575 2970 1614; x_wconf 87' lang='lat' dir='ltr'><strong><em>omnem</em></strong></span> <span class='ocrx_word' id='word_1_158' title='bbox 3024 1565 3083 1614; x_wconf 91' lang='lat' dir='ltr'><strong><em>et</em></strong></span> <span class='ocrx_word' id='word_1_159' title='bbox 3135 1563 3456 1616; x_wconf 83' lang='lat' dir='ltr'><strong><em>recensuit.</em></strong></span> <span class='ocrx_word' id='word_1_160' title='bbox 3507 1559 3657 1618; x_wconf 84' lang='lat' dir='ltr'><strong><em>Non</em></strong></span> <span class='ocrx_word' id='word_1_161' title='bbox 3717 1559 3824 1618; x_wconf 91' lang='lat' dir='ltr'><strong><em>du-</em></strong></span> 
     </span>
    </p>
   </div>
   <div class='ocr_carea' id='block_1_15' title="bbox 411 1651 3822 1736">
    <p class='ocr_par' dir='ltr' id='par_1_15' title="bbox 411 1651 3822 1736">
     <span class='ocr_line' id='line_1_15' title="bbox 411 1651 3822 1736; baseline 0.001 -25"><span class='ocrx_word' id='word_1_162' title='bbox 411 1651 661 1712; x_wconf 89' lang='lat' dir='ltr'><strong><em>bitamus</em></strong></span> <span class='ocrx_word' id='word_1_163' title='bbox 718 1663 906 1714; x_wconf 72' lang='lat' dir='ltr'><strong><em>autem</em></strong></span> <span class='ocrx_word' id='word_1_164' title='bbox 965 1655 1070 1715; x_wconf 88' lang='lat' dir='ltr'><strong><em>isto</em></strong></span> <span class='ocrx_word' id='word_1_165' title='bbox 1126 1673 1423 1734; x_wconf 85' lang='lat' dir='ltr'><strong><em>sponsore,</em></strong></span> <span class='ocrx_word' id='word_1_166' title='bbox 1485 1653 1904 1736; x_wconf 82' lang='lat' dir='ltr'><strong><em>Nicephorum</em></strong></span> <span class='ocrx_word' id='word_1_167' title='bbox 1985 1657 2148 1714; x_wconf 89' lang='lat' dir='ltr'><strong><em>hunc</em></strong></span> <span class='ocrx_word' id='word_1_168' title='bbox 2221 1665 2486 1712; x_wconf 85' lang='lat' dir='ltr'><strong><em>nostrum</em></strong></span> <span class='ocrx_word' id='word_1_169' title='bbox 2553 1671 2902 1732; x_wconf 89' lang='lat' dir='ltr'><strong><em>germanum</em></strong></span> <span class='ocrx_word' id='word_1_170' title='bbox 2951 1671 3238 1724; x_wconf 88' lang='lat' dir='ltr'><strong><em>asserere,</em></strong></span> <span class='ocrx_word' id='word_1_171' title='bbox 3297 1663 3352 1714; x_wconf 90' lang='lat' dir='ltr'><strong><em>et</em></strong></span> <span class='ocrx_word' id='word_1_172' title='bbox 3409 1658 3504 1714; x_wconf 86' lang='lat' dir='ltr'><strong><em>vel</em></strong></span> <span class='ocrx_word' id='word_1_173' title='bbox 3561 1656 3822 1717; x_wconf 87' lang='lat' dir='ltr'><strong><em>Callisto</em></strong></span> 
     </span>
    </p>
   </div>
   <div class='ocr_carea' id='block_1_16' title="bbox 406 1750 3822 1832">
    <p class='ocr_par' dir='ltr' id='par_1_16' title="bbox 406 1750 3822 1832">
     <span class='ocr_line' id='line_1_16' title="bbox 406 1750 3822 1832; baseline 0.001 -22"><span class='ocrx_word' id='word_1_174' title='bbox 406 1753 580 1830; x_wconf 81' lang='lat' dir='ltr'><strong><em>patri</em></strong></span> <span class='ocrx_word' id='word_1_175' title='bbox 636 1751 715 1830; x_wconf 90' lang='lat' dir='ltr'><strong><em>(si</em></strong></span> <span class='ocrx_word' id='word_1_176' title='bbox 765 1751 966 1812; x_wconf 86' lang='lat' dir='ltr'><strong><em>redeat</em></strong></span> <span class='ocrx_word' id='word_1_177' title='bbox 1047 1756 1111 1812; x_wconf 89' lang='lat' dir='ltr'><strong><em>in</em></strong></span> <span class='ocrx_word' id='word_1_178' title='bbox 1191 1751 1364 1832; x_wconf 90' lang='lat' dir='ltr'><strong><em>vivis)</em></strong></span> <span class='ocrx_word' id='word_1_179' title='bbox 1437 1752 1970 1832; x_wconf 78' lang='lat' dir='ltr'><strong><em>recognoscenrlum</em></strong></span> <span class='ocrx_word' id='word_1_180' title='bbox 2033 1752 2202 1812; x_wconf 89' lang='lat' dir='ltr'><strong><em>dare.</em></strong></span> <span class='ocrx_word' id='word_1_181' title='bbox 2261 1751 2434 1812; x_wconf 87' lang='lat' dir='ltr'><strong><em>Nunc</em></strong></span> <span class='ocrx_word' id='word_1_182' title='bbox 2493 1751 2689 1816; x_wconf 89' lang='lat' dir='ltr'><strong><em>illum.</em></strong></span> <span class='ocrx_word' id='word_1_183' title='bbox 2743 1750 3152 1812; x_wconf 87' lang='lat' dir='ltr'><strong><em>lllustrissime</em></strong></span> <span class='ocrx_word' id='word_1_184' title='bbox 3213 1751 3593 1822; x_wconf 81' lang='lat' dir='ltr'><strong><em>Cardinalis,</em></strong></span> <span class='ocrx_word' id='word_1_185' title='bbox 3659 1755 3822 1815; x_wconf 83' lang='lat' dir='ltr'><strong><em>orbis</em></strong></span> 
     </span>
    </p>
   </div>
   <div class='ocr_carea' id='block_1_17' title="bbox 410 1847 3820 1932">
    <p class='ocr_par' dir='ltr' id='par_1_17' title="bbox 410 1847 3820 1932">
     <span class='ocr_line' id='line_1_17' title="bbox 410 1847 3820 1932; baseline -0 -19"><span class='ocrx_word' id='word_1_186' title='bbox 410 1848 803 1913; x_wconf 85' lang='lat' dir='ltr'><strong><em>Christianus</em></strong></span> <span class='ocrx_word' id='word_1_187' title='bbox 865 1855 1090 1916; x_wconf 66' lang='lat' dir='ltr'><strong><em>Galliae</em></strong></span> <span class='ocrx_word' id='word_1_188' title='bbox 1145 1851 1452 1912; x_wconf 86' lang='lat' dir='ltr'><strong><em>debiturus</em></strong></span> <span class='ocrx_word' id='word_1_189' title='bbox 1499 1861 1600 1922; x_wconf 89' lang='lat' dir='ltr'><strong><em>est,</em></strong></span> <span class='ocrx_word' id='word_1_190' title='bbox 1651 1855 1758 1932; x_wconf 87' lang='lat' dir='ltr'><strong><em>qui</em></strong></span> <span class='ocrx_word' id='word_1_191' title='bbox 1803 1871 1911 1932; x_wconf 88' lang='lat' dir='ltr'><strong><em>per</em></strong></span> <span class='ocrx_word' id='word_1_192' title='bbox 1959 1861 2011 1911; x_wconf 90' lang='lat' dir='ltr'><strong><em>te</em></strong></span> <span class='ocrx_word' id='word_1_193' title='bbox 2078 1851 2218 1932; x_wconf 85' lang='lat' dir='ltr'><strong><em>jam</em></strong></span> <span class='ocrx_word' id='word_1_194' title='bbox 2279 1851 2376 1910; x_wconf 83' lang='lat' dir='ltr'><strong><em>illi</em></strong></span> <span class='ocrx_word' id='word_1_195' title='bbox 2423 1853 2610 1910; x_wconf 88' lang='lat' dir='ltr'><strong><em>multa</em></strong></span> <span class='ocrx_word' id='word_1_196' title='bbox 2657 1849 2846 1910; x_wconf 85' lang='lat' dir='ltr'><strong><em>debet.</em></strong></span> <span class='ocrx_word' id='word_1_197' title='bbox 2921 1849 3117 1930; x_wconf 82' lang='lat' dir='ltr'><strong><em>Atque</em></strong></span> <span class='ocrx_word' id='word_1_198' title='bbox 3167 1847 3265 1909; x_wconf 76' lang='lat' dir='ltr'><strong><em>hic</em></strong></span> <span class='ocrx_word' id='word_1_199' title='bbox 3319 1869 3496 1930; x_wconf 89' lang='lat' dir='ltr'><strong><em>quam</em></strong></span> <span class='ocrx_word' id='word_1_200' title='bbox 3553 1857 3636 1912; x_wconf 87' lang='lat' dir='ltr'><strong><em>sit</em></strong></span> <span class='ocrx_word' id='word_1_201' title='bbox 3689 1863 3820 1912; x_wconf 85' lang='lat' dir='ltr'><strong><em>tuus</em></strong></span> 
     </span>
    </p>
   </div>
   <div class='ocr_carea' id='block_1_18' title="bbox 409 1949 3820 2032">
    <p class='ocr_par' dir='ltr' id='par_1_18' title="bbox 409 1949 3820 2032">
     <span class='ocr_line' id='line_1_18' title="bbox 409 1949 3820 2032; baseline 0.001 -26"><span class='ocrx_word' id='word_1_202' title='bbox 409 1951 538 2030; x_wconf 86' lang='lat' dir='ltr'><strong><em>ipsa</em></strong></span> <span class='ocrx_word' id='word_1_203' title='bbox 581 1957 842 2010; x_wconf 87' lang='lat' dir='ltr'><strong><em>nominis</em></strong></span> <span class='ocrx_word' id='word_1_204' title='bbox 874 1952 1154 2014; x_wconf 81' lang='lat' dir='ltr'><strong><em>iudicatio</em></strong></span> <span class='ocrx_word' id='word_1_205' title='bbox 1216 1951 1604 2012; x_wconf 81' lang='lat' dir='ltr'><strong><em>demonstrat.</em></strong></span> <span class='ocrx_word' id='word_1_206' title='bbox 1667 1953 1854 2017; x_wconf 82' lang='lat' dir='ltr'><strong><em>Quem</em></strong></span> <span class='ocrx_word' id='word_1_207' title='bbox 1899 1957 2054 2012; x_wconf 86' lang='lat' dir='ltr'><strong><em>enim</em></strong></span> <span class='ocrx_word' id='word_1_208' title='bbox 2123 1951 2382 2032; x_wconf 85' lang='lat' dir='ltr'><strong><em>appellet</em></strong></span> <span class='ocrx_word' id='word_1_209' title='bbox 2437 1949 2623 2010; x_wconf 87' lang='lat' dir='ltr'><strong><em>alium</em></strong></span> <span class='ocrx_word' id='word_1_210' title='bbox 2685 1953 3022 2024; x_wconf 70' lang='grc' dir='ltr'><strong><em>Νικηφορος.</em></strong></span> <span class='ocrx_word' id='word_1_211' title='bbox 3075 1969 3255 2032; x_wconf 90' lang='lat' dir='ltr'><strong><em>quam</em></strong></span> <span class='ocrx_word' id='word_1_212' title='bbox 3309 1969 3440 2010; x_wconf 87' lang='lat' dir='ltr'><strong><em>eum</em></strong></span> <span class='ocrx_word' id='word_1_213' title='bbox 3494 1951 3603 2031; x_wconf 88' lang='lat' dir='ltr'><strong><em>qui</em></strong></span> <span class='ocrx_word' id='word_1_214' title='bbox 3663 1971 3820 2032; x_wconf 81' lang='lat' dir='ltr'><strong><em>quo-</em></strong></span> 
     </span>
    </p>
   </div>
   <div class='ocr_carea' id='block_1_19' title="bbox 405 2049 3820 2131">
    <p class='ocr_par' dir='ltr' id='par_1_19' title="bbox 405 2049 3820 2131">
     <span class='ocr_line' id='line_1_19' title="bbox 405 2049 3820 2131; baseline 0 -23"><span class='ocrx_word' id='word_1_215' title='bbox 405 2069 636 2131; x_wconf 86' lang='lat' dir='ltr'><strong><em>cunque</em></strong></span> <span class='ocrx_word' id='word_1_216' title='bbox 687 2051 802 2112; x_wconf 76' lang='lat' dir='ltr'><strong><em>z&#39;ter</em></strong></span> <span class='ocrx_word' id='word_1_217' title='bbox 845 2053 990 2127; x_wconf 82' lang='lat' dir='ltr'><strong><em>fecit</em></strong></span> <span class='ocrx_word' id='word_1_218' title='bbox 1047 2055 1364 2114; x_wconf 86' lang='lat' dir='ltr'><strong><em>victoriam</em></strong></span> <span class='ocrx_word' id='word_1_219' title='bbox 1423 2051 1846 2114; x_wconf 80' lang='lat' dir='ltr'><strong><em>circumtulisse</em></strong></span> <span class='ocrx_word' id='word_1_220' title='bbox 1911 2053 2064 2112; x_wconf 86' lang='lat' dir='ltr'><strong><em>visus</em></strong></span> <span class='ocrx_word' id='word_1_221' title='bbox 2114 2061 2216 2110; x_wconf 83' lang='lat' dir='ltr'><strong><em>est.</em></strong></span> <span class='ocrx_word' id='word_1_222' title='bbox 2283 2051 2396 2125; x_wconf 80' lang='lat' dir='ltr'><strong><em>Qui</em></strong></span> <span class='ocrx_word' id='word_1_223' title='bbox 2471 2049 2826 2110; x_wconf 77' lang='lat' dir='ltr'><strong><em>rebellantes</em></strong></span> <span class='ocrx_word' id='word_1_224' title='bbox 2882 2053 3230 2128; x_wconf 87' lang='lat' dir='ltr'><strong><em>provincias</em></strong></span> <span class='ocrx_word' id='word_1_225' title='bbox 3287 2069 3402 2110; x_wconf 79' lang='lat' dir='ltr'><strong><em>non</em></strong></span> <span class='ocrx_word' id='word_1_226' title='bbox 3473 2059 3592 2110; x_wconf 90' lang='lat' dir='ltr'><strong><em>tam</em></strong></span> <span class='ocrx_word' id='word_1_227' title='bbox 3677 2070 3820 2130; x_wconf 88' lang='lat' dir='ltr'><strong><em>par-</em></strong></span> 
     </span>
    </p>
   </div>
   <div class='ocr_carea' id='block_1_20' title="bbox 403 2147 3819 2232">
    <p class='ocr_par' dir='ltr' id='par_1_20' title="bbox 403 2147 3819 2232">
     <span class='ocr_line' id='line_1_20' title="bbox 403 2147 3819 2232; baseline 0.001 -26"><span class='ocrx_word' id='word_1_228' title='bbox 403 2147 588 2226; x_wconf 88' lang='lat' dir='ltr'><strong><em>sibus,</em></strong></span> <span class='ocrx_word' id='word_1_229' title='bbox 641 2169 825 2230; x_wconf 90' lang='lat' dir='ltr'><strong><em>quam</em></strong></span> <span class='ocrx_word' id='word_1_230' title='bbox 883 2153 1146 2212; x_wconf 85' lang='lat' dir='ltr'><strong><em>victoriis</em></strong></span> <span class='ocrx_word' id='word_1_231' title='bbox 1199 2150 1550 2230; x_wconf 85' lang='lat' dir='ltr'><strong><em>peragravit</em></strong></span> <span class='ocrx_word' id='word_1_232' title='bbox 1607 2168 1626 2208; x_wconf 90' lang='lat'><strong><em>:</em></strong></span> <span class='ocrx_word' id='word_1_233' title='bbox 1683 2157 1790 2229; x_wconf 87' lang='lat' dir='ltr'><strong><em>qui</em></strong></span> <span class='ocrx_word' id='word_1_234' title='bbox 1861 2151 2182 2232; x_wconf 84' lang='lat' dir='ltr'><strong><em>felicitate,</em></strong></span> <span class='ocrx_word' id='word_1_235' title='bbox 2243 2147 2595 2226; x_wconf 85' lang='lat' dir='ltr'><strong><em>vigilantia,</em></strong></span> <span class='ocrx_word' id='word_1_236' title='bbox 2677 2151 2897 2208; x_wconf 85' lang='lat' dir='ltr'><strong><em>virtute</em></strong></span> <span class='ocrx_word' id='word_1_237' title='bbox 2951 2148 3257 2228; x_wconf 87' lang='lat' dir='ltr'><strong><em>quidquid</em></strong></span> <span class='ocrx_word' id='word_1_238' title='bbox 3315 2147 3596 2209; x_wconf 83' lang='lat' dir='ltr'><strong><em>hactenus</em></strong></span> <span class='ocrx_word' id='word_1_239' title='bbox 3669 2153 3819 2213; x_wconf 83' lang='lat' dir='ltr'><strong><em>Gal-</em></strong></span> 
     </span>
    </p>
   </div>
   <div class='ocr_carea' id='block_1_21' title="bbox 408 2245 3820 2329">
    <p class='ocr_par' dir='ltr' id='par_1_21' title="bbox 408 2245 3820 2329">
     <span class='ocr_line' id='line_1_21' title="bbox 408 2245 3820 2329; baseline 0.001 -23"><span class='ocrx_word' id='word_1_240' title='bbox 408 2249 510 2306; x_wconf 60' lang='lat' dir='ltr'><strong><em>tia</em></strong></span> <span class='ocrx_word' id='word_1_241' title='bbox 537 2249 818 2308; x_wconf 88' lang='lat' dir='ltr'><strong><em>beatitati</em></strong></span> <span class='ocrx_word' id='word_1_242' title='bbox 856 2247 1190 2322; x_wconf 85' lang='lat' dir='ltr'><strong><em>obstiterat,</em></strong></span> <span class='ocrx_word' id='word_1_243' title='bbox 1248 2252 1454 2308; x_wconf 85' lang='lat' dir='ltr'><strong><em>evertit</em></strong></span> <span class='ocrx_word' id='word_1_244' title='bbox 1511 2249 1884 2329; x_wconf 86' lang='lat' dir='ltr'><strong><em>disjecitque.</em></strong></span> <span class='ocrx_word' id='word_1_245' title='bbox 1965 2247 2178 2327; x_wconf 86' lang='lat' dir='ltr'><strong><em>Pergis</em></strong></span> <span class='ocrx_word' id='word_1_246' title='bbox 2233 2260 2422 2308; x_wconf 90' lang='lat' dir='ltr'><strong><em>autem</em></strong></span> <span class='ocrx_word' id='word_1_247' title='bbox 2477 2248 2654 2308; x_wconf 86' lang='lat' dir='ltr'><strong><em>etiam</em></strong></span> <span class='ocrx_word' id='word_1_248' title='bbox 2711 2265 2890 2323; x_wconf 86' lang='lat' dir='ltr'><strong><em>nunc,</em></strong></span> <span class='ocrx_word' id='word_1_249' title='bbox 2955 2245 3370 2308; x_wconf 84' lang='lat' dir='ltr'><strong><em>lllustrissime</em></strong></span> <span class='ocrx_word' id='word_1_250' title='bbox 3437 2247 3820 2321; x_wconf 80' lang='lat' dir='ltr'><strong><em>Cardinalis,</em></strong></span> 
     </span>
    </p>
   </div>
   <div class='ocr_carea' id='block_1_22' title="bbox 399 2344 3814 2426">
    <p class='ocr_par' dir='ltr' id='par_1_22' title="bbox 399 2344 3814 2426">
     <span class='ocr_line' id='line_1_22' title="bbox 399 2344 3814 2426; baseline 0.001 -23"><span class='ocrx_word' id='word_1_251' title='bbox 399 2344 556 2405; x_wconf 87' lang='lat' dir='ltr'><strong><em>alios</em></strong></span> <span class='ocrx_word' id='word_1_252' title='bbox 615 2349 681 2406; x_wconf 86' lang='lat' dir='ltr'><strong><em>in</em></strong></span> <span class='ocrx_word' id='word_1_253' title='bbox 736 2367 874 2407; x_wconf 87' lang='lat' dir='ltr'><strong><em>oras</em></strong></span> <span class='ocrx_word' id='word_1_254' title='bbox 961 2349 1076 2408; x_wconf 87' lang='lat' dir='ltr'><strong><em>vim</em></strong></span> <span class='ocrx_word' id='word_1_255' title='bbox 1145 2349 1414 2408; x_wconf 89' lang='lat' dir='ltr'><strong><em>eamdem</em></strong></span> <span class='ocrx_word' id='word_1_256' title='bbox 1503 2347 1815 2426; x_wconf 78' lang='lat' dir='ltr'><strong><em>beneﬁcam</em></strong></span> <span class='ocrx_word' id='word_1_257' title='bbox 1897 2350 2294 2426; x_wconf 88' lang='lat' dir='ltr'><strong><em>invictamque</em></strong></span> <span class='ocrx_word' id='word_1_258' title='bbox 2353 2345 2658 2406; x_wconf 86' lang='lat' dir='ltr'><strong><em>deducere.</em></strong></span> <span class='ocrx_word' id='word_1_259' title='bbox 2697 2345 3004 2416; x_wconf 73' lang='lat' dir='ltr'><strong><em>Exstabit,</em></strong></span> <span class='ocrx_word' id='word_1_260' title='bbox 3067 2364 3138 2406; x_wconf 81' lang='lat' dir='ltr'><strong><em>ne</em></strong></span> <span class='ocrx_word' id='word_1_261' title='bbox 3192 2344 3422 2414; x_wconf 85' lang='lat' dir='ltr'><strong><em>dubita,</em></strong></span> <span class='ocrx_word' id='word_1_262' title='bbox 3479 2345 3640 2406; x_wconf 86' lang='lat' dir='ltr'><strong><em>alter</em></strong></span> <span class='ocrx_word' id='word_1_263' title='bbox 3697 2347 3814 2407; x_wconf 90' lang='lat' dir='ltr'><strong><em>ali-</em></strong></span> 
     </span>
    </p>
   </div>
   <div class='ocr_carea' id='block_1_23' title="bbox 395 2443 3808 2527">
    <p class='ocr_par' dir='ltr' id='par_1_23' title="bbox 395 2443 3808 2527">
     <span class='ocr_line' id='line_1_23' title="bbox 395 2443 3808 2527; baseline 0.001 -25"><span class='ocrx_word' id='word_1_264' title='bbox 395 2445 638 2523; x_wconf 83' lang='lat' dir='ltr'><strong><em>quando</em></strong></span> <span class='ocrx_word' id='word_1_265' title='bbox 695 2445 1089 2526; x_wconf 74' lang='lat' dir='ltr'><strong><em>Nicephorus,</em></strong></span> <span class='ocrx_word' id='word_1_266' title='bbox 1169 2454 1277 2527; x_wconf 86' lang='lat' dir='ltr'><strong><em>qui</em></strong></span> <span class='ocrx_word' id='word_1_267' title='bbox 1361 2459 1596 2507; x_wconf 89' lang='lat' dir='ltr'><strong><em>tuarum</em></strong></span> <span class='ocrx_word' id='word_1_268' title='bbox 1655 2447 2044 2506; x_wconf 85' lang='lat' dir='ltr'><strong><em>victoriarum</em></strong></span> <span class='ocrx_word' id='word_1_269' title='bbox 2094 2464 2335 2505; x_wconf 88' lang='lat' dir='ltr'><strong><em>cursum</em></strong></span> <span class='ocrx_word' id='word_1_270' title='bbox 2399 2447 2646 2524; x_wconf 83' lang='lat' dir='ltr'><strong><em>posteris</em></strong></span> <span class='ocrx_word' id='word_1_271' title='bbox 2701 2443 3056 2523; x_wconf 73' lang='lat' dir='ltr'><strong><em>explicabit.</em></strong></span> <span class='ocrx_word' id='word_1_272' title='bbox 3115 2463 3464 2525; x_wconf 89' lang='lat' dir='ltr'><strong><em>quanquam</em></strong></span> <span class='ocrx_word' id='word_1_273' title='bbox 3520 2453 3588 2504; x_wconf 88' lang='lat' dir='ltr'><strong><em>ut</em></strong></span> <span class='ocrx_word' id='word_1_274' title='bbox 3641 2446 3808 2523; x_wconf 85' lang='lat' dir='ltr'><strong><em>facta</em></strong></span> 
     </span>
    </p>
   </div>
   <div class='ocr_carea' id='block_1_24' title="bbox 401 2543 3808 2626">
    <p class='ocr_par' dir='ltr' id='par_1_24' title="bbox 401 2543 3808 2626">
     <span class='ocr_line' id='line_1_24' title="bbox 401 2543 3808 2626; baseline 0.001 -25"><span class='ocrx_word' id='word_1_275' title='bbox 401 2551 506 2602; x_wconf 90' lang='lat' dir='ltr'><strong><em>tua</em></strong></span> <span class='ocrx_word' id='word_1_276' title='bbox 561 2563 726 2604; x_wconf 79' lang='lat' dir='ltr'><strong><em>nemo</em></strong></span> <span class='ocrx_word' id='word_1_277' title='bbox 783 2549 1028 2625; x_wconf 85' lang='lat' dir='ltr'><strong><em>scriptis</em></strong></span> <span class='ocrx_word' id='word_1_278' title='bbox 1111 2545 1382 2618; x_wconf 84' lang='lat' dir='ltr'><strong><em>celebret,</em></strong></span> <span class='ocrx_word' id='word_1_279' title='bbox 1437 2547 1616 2626; x_wconf 78' lang='lat' dir='ltr'><strong><em>fama</em></strong></span> <span class='ocrx_word' id='word_1_280' title='bbox 1661 2557 1852 2605; x_wconf 90' lang='lat' dir='ltr'><strong><em>tamen</em></strong></span> <span class='ocrx_word' id='word_1_281' title='bbox 1913 2545 2190 2625; x_wconf 88' lang='lat' dir='ltr'><strong><em>loquetur</em></strong></span> <span class='ocrx_word' id='word_1_282' title='bbox 2243 2546 2393 2623; x_wconf 88' lang='lat' dir='ltr'><strong><em>ipsa,</em></strong></span> <span class='ocrx_word' id='word_1_283' title='bbox 2453 2563 2636 2624; x_wconf 85' lang='lat' dir='ltr'><strong><em>neque</em></strong></span> <span class='ocrx_word' id='word_1_284' title='bbox 2695 2553 2942 2602; x_wconf 89' lang='lat' dir='ltr'><strong><em>ventura</em></strong></span> <span class='ocrx_word' id='word_1_285' title='bbox 3005 2543 3076 2602; x_wconf 90' lang='lat' dir='ltr'><strong><em>de</em></strong></span> <span class='ocrx_word' id='word_1_286' title='bbox 3133 2552 3188 2603; x_wconf 87' lang='lat' dir='ltr'><strong><em>te</em></strong></span> <span class='ocrx_word' id='word_1_287' title='bbox 3241 2555 3378 2604; x_wconf 73' lang='lat' dir='ltr'><strong><em>aetas</em></strong></span> <span class='ocrx_word' id='word_1_288' title='bbox 3437 2543 3564 2604; x_wconf 89' lang='lat' dir='ltr'><strong><em>ulla</em></strong></span> <span class='ocrx_word' id='word_1_289' title='bbox 3611 2555 3808 2623; x_wconf 85' lang='lat' dir='ltr'><strong><em>postea</em></strong></span> 
     </span>
    </p>
   </div>
   <div class='ocr_carea' id='block_1_25' title="bbox 402 2639 3802 2724">
    <p class='ocr_par' dir='ltr' id='par_1_25' title="bbox 402 2639 3802 2724">
     <span class='ocr_line' id='line_1_25' title="bbox 402 2639 3802 2724; baseline 0.001 -24"><span class='ocrx_word' id='word_1_290' title='bbox 402 2643 765 2702; x_wconf 84' lang='lat' dir='ltr'><strong><em>conticescet.</em></strong></span> <span class='ocrx_word' id='word_1_291' title='bbox 819 2641 940 2702; x_wconf 85' lang='lat' dir='ltr'><strong><em>Nos</em></strong></span> <span class='ocrx_word' id='word_1_292' title='bbox 1027 2653 1183 2703; x_wconf 88' lang='lat' dir='ltr'><strong><em>certe</em></strong></span> <span class='ocrx_word' id='word_1_293' title='bbox 1235 2645 1392 2722; x_wconf 82' lang='lat' dir='ltr'><strong><em>quod</em></strong></span> <span class='ocrx_word' id='word_1_294' title='bbox 1449 2647 1574 2703; x_wconf 77' lang='lat' dir='ltr'><strong><em>rita</em></strong></span> <span class='ocrx_word' id='word_1_295' title='bbox 1658 2653 1943 2724; x_wconf 83' lang='lat' dir='ltr'><strong><em>suppetet,</em></strong></span> <span class='ocrx_word' id='word_1_296' title='bbox 2007 2645 2128 2702; x_wconf 86' lang='lat' dir='ltr'><strong><em>tuis</em></strong></span> <span class='ocrx_word' id='word_1_297' title='bbox 2174 2641 2448 2702; x_wconf 87' lang='lat' dir='ltr'><strong><em>obstricti</em></strong></span> <span class='ocrx_word' id='word_1_298' title='bbox 2517 2647 2837 2722; x_wconf 82' lang='lat' dir='ltr'><strong><em>ornatique</em></strong></span> <span class='ocrx_word' id='word_1_299' title='bbox 2895 2639 3216 2712; x_wconf 80' lang='lat' dir='ltr'><strong><em>beneﬁciis,</em></strong></span> <span class='ocrx_word' id='word_1_300' title='bbox 3299 2643 3522 2722; x_wconf 86' lang='lat' dir='ltr'><strong><em>quiqui</em></strong></span> <span class='ocrx_word' id='word_1_301' title='bbox 3577 2661 3802 2712; x_wconf 81' lang='lat' dir='ltr'><strong><em>sumus,</em></strong></span> 
     </span>
    </p>
   </div>
   <div class='ocr_carea' id='block_1_26' title="bbox 403 2739 2442 2822">
    <p class='ocr_par' dir='ltr' id='par_1_26' title="bbox 403 2739 2442 2822">
     <span class='ocr_line' id='line_1_26' title="bbox 403 2739 2442 2822; baseline 0 -23"><span class='ocrx_word' id='word_1_302' title='bbox 403 2739 594 2816; x_wconf 76' lang='lat' dir='ltr'><strong><em>ﬁdam</em></strong></span> <span class='ocrx_word' id='word_1_303' title='bbox 623 2757 850 2820; x_wconf 86' lang='lat' dir='ltr'><strong><em>semper</em></strong></span> <span class='ocrx_word' id='word_1_304' title='bbox 877 2741 1232 2820; x_wconf 84' lang='lat' dir='ltr'><strong><em>obsequendi</em></strong></span> <span class='ocrx_word' id='word_1_305' title='bbox 1261 2741 1620 2803; x_wconf 84' lang='lat' dir='ltr'><strong><em>voluntatem</em></strong></span> <span class='ocrx_word' id='word_1_306' title='bbox 1647 2741 1926 2822; x_wconf 74' lang='lat' dir='ltr'><strong><em>proﬁteri.</em></strong></span> <span class='ocrx_word' id='word_1_307' title='bbox 1957 2761 2071 2800; x_wconf 88' lang='lat' dir='ltr'><strong><em>non</em></strong></span> <span class='ocrx_word' id='word_1_308' title='bbox 2100 2740 2442 2807; x_wconf 80' lang='lat' dir='ltr'><strong><em>desinemus.</em></strong></span> 
     </span>
    </p>
   </div>
   <div class='ocr_carea' id='block_1_27' title="bbox 1081 2868 2334 2939">
    <p class='ocr_par' dir='ltr' id='par_1_27' title="bbox 1081 2868 2334 2939">
     <span class='ocr_line' id='line_1_27' title="bbox 1081 2868 2334 2939; baseline -0.003 -9"><span class='ocrx_word' id='word_1_309' title='bbox 1081 2869 1396 2930; x_wconf 85' lang='lat' dir='ltr'><strong><em>lllustriss.</em></strong></span> <span class='ocrx_word' id='word_1_310' title='bbox 1431 2881 1488 2930; x_wconf 89' lang='lat' dir='ltr'><strong><em>et</em></strong></span> <span class='ocrx_word' id='word_1_311' title='bbox 1521 2869 1921 2932; x_wconf 83' lang='lat' dir='ltr'><strong><em>Reverendiss.</em></strong></span> <span class='ocrx_word' id='word_1_312' title='bbox 1963 2868 2334 2939; x_wconf 88' lang='lat' dir='ltr'><strong><em>Cardinalis,</em></strong></span> 
     </span>
    </p>
   </div>
   <div class='ocr_carea' id='block_1_28' title="bbox 1917 2989 3138 3074">
    <p class='ocr_par' dir='ltr' id='par_1_28' title="bbox 1917 2989 3138 3074">
     <span class='ocr_line' id='line_1_28' title="bbox 1917 2989 3138 3074; baseline -0.002 -19"><span class='ocrx_word' id='word_1_313' title='bbox 1917 2989 1924 2994; x_wconf 67' lang='grc'><strong>’</strong></span> <span class='ocrx_word' id='word_1_314' title='bbox 1963 2993 2340 3055; x_wconf 83' lang='lat' dir='ltr'><strong><em>Deditissimi</em></strong></span> <span class='ocrx_word' id='word_1_315' title='bbox 2367 2991 2817 3074; x_wconf 85' lang='lat' dir='ltr'><strong><em>humillimique</em></strong></span> <span class='ocrx_word' id='word_1_316' title='bbox 2849 2992 3138 3064; x_wconf 80' lang='lat' dir='ltr'><strong><em>Clientes,</em></strong></span> 
     </span>
    </p>
   </div>
   <div class='ocr_carea' id='block_1_29' title="bbox 1839 3131 3363 3195">
    <p class='ocr_par' dir='ltr' id='par_1_29' title="bbox 1839 3131 3363 3195">
     <span class='ocr_line' id='line_1_29' title="bbox 1839 3131 3363 3195; baseline -0.003 0"><span class='ocrx_word' id='word_1_317' title='bbox 1839 3137 2254 3195; x_wconf 74' lang='lat' dir='ltr'><strong><em>SEBASTIANUB</em></strong></span> <span class='ocrx_word' id='word_1_318' title='bbox 2297 3149 2370 3192; x_wconf 79' lang='lat' dir='ltr'><strong>ET</strong></span> <span class='ocrx_word' id='word_1_319' title='bbox 2413 3132 2684 3192; x_wconf 79' lang='lat' dir='ltr'><strong><em>GABRIEL</em></strong></span> <span class='ocrx_word' id='word_1_320' title='bbox 2726 3131 3034 3191; x_wconf 66' lang='lat' dir='ltr'><strong><em>Cnsnorsv</em></strong></span> <span class='ocrx_word' id='word_1_321' title='bbox 3077 3147 3363 3193; x_wconf 71' lang='lat' dir='ltr'><strong><em>PRATBES.</em></strong></span> 
     </span>
    </p>
   </div>
   <div class='ocr_carea' id='block_1_30' title="bbox 406 3289 3805 3322">
    <p class='ocr_par' dir='ltr' id='par_1_30' title="bbox 406 3289 3805 3322">
     <span class='ocr_line' id='line_1_30' title="bbox 406 3289 3805 3322; baseline -0.002 0"><span class='ocrx_word' id='word_1_322' title='bbox 406 3289 3805 3322; x_wconf 56' lang='grc' dir='ltr'>Μ</span> 
     </span>
    </p>
   </div>
   <div class='ocr_carea' id='block_1_31' title="bbox 1495 3471 2728 3610">
    <p class='ocr_par' dir='ltr' id='par_1_31' title="bbox 1495 3471 2728 3610">
     <span class='ocr_line' id='line_1_31' title="bbox 1495 3471 2728 3610; baseline -0.008 0"><span class='ocrx_word' id='word_1_323' title='bbox 1495 3471 2728 3610; x_wconf 84' lang='grc' dir='ltr'><strong><em>ΠΡΟΣΦΩΝΗΜΑ</em></strong></span> 
     </span>
    </p>
   </div>
   <div class='ocr_carea' id='block_1_32' title="bbox 1797 3707 2489 3762">
    <p class='ocr_par' dir='ltr' id='par_1_32' title="bbox 1797 3707 2489 3762">
     <span class='ocr_line' id='line_1_32' title="bbox 1797 3707 2489 3762; baseline -0.009 0"><span class='ocrx_word' id='word_1_324' title='bbox 1797 3711 1882 3762; x_wconf 84' lang='grc' dir='ltr'><strong>ΕΝ</strong></span> <span class='ocrx_word' id='word_1_325' title='bbox 1927 3711 2104 3760; x_wconf 79' lang='grc' dir='ltr'><strong><em>ΕΙΔΕΙ</em></strong></span> <span class='ocrx_word' id='word_1_326' title='bbox 2145 3707 2489 3758; x_wconf 80' lang='grc' dir='ltr'><strong><em>ΕΓΚΩΜΙΟΥ</em></strong></span> 
     </span>
    </p>
   </div>
   <div class='ocr_carea' id='block_1_33' title="bbox 779 3824 3442 3883">
    <p class='ocr_par' dir='ltr' id='par_1_33' title="bbox 779 3824 3442 3883">
     <span class='ocr_line' id='line_1_33' title="bbox 779 3824 3442 3883; baseline -0.002 -1"><span class='ocrx_word' id='word_1_327' title='bbox 779 3833 888 3882; x_wconf 83' lang='grc' dir='ltr'><strong><em>ΕΙΣ</em></strong></span> <span class='ocrx_word' id='word_1_328' title='bbox 925 3831 1051 3882; x_wconf 79' lang='lat' dir='ltr'><strong><em>TON</em></strong></span> <span class='ocrx_word' id='word_1_329' title='bbox 1093 3831 1608 3883; x_wconf 75' lang='grc' dir='ltr'><strong><em>ΕΥΣΕΒΕΣΤΔΤΟΝ</em></strong></span> <span class='ocrx_word' id='word_1_330' title='bbox 1651 3829 1768 3882; x_wconf 84' lang='grc' dir='ltr'><strong><em>ΚΑΙ</em></strong></span> <span class='ocrx_word' id='word_1_331' title='bbox 1806 3827 2012 3882; x_wconf 82' lang='grc' dir='ltr'><strong>ΑΓΙΟΝ</strong></span> <span class='ocrx_word' id='word_1_332' title='bbox 2057 3825 2246 3878; x_wconf 79' lang='grc' dir='ltr'><strong><em>ΠΜΩΝ</em></strong></span> <span class='ocrx_word' id='word_1_333' title='bbox 2289 3824 2776 3876; x_wconf 78' lang='grc' dir='ltr'><strong><em>ΑΥΤΟΚΡΑΤΟΡΔ</em></strong></span> <span class='ocrx_word' id='word_1_334' title='bbox 2821 3825 2995 3876; x_wconf 77' lang='grc' dir='ltr'><strong><em>ΥΠΕΡ</em></strong></span> <span class='ocrx_word' id='word_1_335' title='bbox 3034 3827 3164 3877; x_wconf 84' lang='grc' dir='ltr'><strong><em>ΤΗΣ</em></strong></span> <span class='ocrx_word' id='word_1_336' title='bbox 3205 3825 3442 3878; x_wconf 81' lang='grc' dir='ltr'><strong><em>ΒΙΒΛΟΥ</em></strong></span> 
     </span>
    </p>
   </div>
   <div class='ocr_carea' id='block_1_34' title="bbox 1523 3915 2677 3973">
    <p class='ocr_par' dir='ltr' id='par_1_34' title="bbox 1523 3915 2677 3973">
     <span class='ocr_line' id='line_1_34' title="bbox 1523 3915 2677 3973; baseline -0.006 0"><span class='ocrx_word' id='word_1_337' title='bbox 1523 3921 1659 3973; x_wconf 79' lang='grc' dir='ltr'><strong><em>ΤΗΣ</em></strong></span> <span class='ocrx_word' id='word_1_338' title='bbox 1701 3916 2298 3971; x_wconf 77' lang='grc' dir='ltr'><strong><em>ΕΚΚΑΗΣΙΛΣΤΙΚΗΣ</em></strong></span> <span class='ocrx_word' id='word_1_339' title='bbox 2345 3915 2677 3968; x_wconf 85' lang='grc' dir='ltr'><strong><em>ΙΣΤΟΡΙΔΣ.</em></strong></span> 
     </span>
    </p>
   </div>
   <div class='ocr_carea' id='block_1_35' title="bbox 983 4073 3248 4276">
    <p class='ocr_par' dir='ltr' id='par_1_35' title="bbox 983 4073 3248 4276">
     <span class='ocr_line' id='line_1_35' title="bbox 983 4073 3248 4276; baseline -0.003 0"><span class='ocrx_word' id='word_1_340' title='bbox 983 4151 1913 4276; x_wconf 84' lang='lat' dir='ltr'><strong><em>ALLOCUTIO</em></strong></span> <span class='ocrx_word' id='word_1_341' title='bbox 2005 4073 3248 4273; x_wconf 47' lang='lat' dir='ltr'><strong><em>E-NCOMIAS&#39;J‘ICA</em></strong></span> 
     </span>
    </p>
   </div>
   <div class='ocr_carea' id='block_1_36' title="bbox 1043 4362 3188 4430">
    <p class='ocr_par' dir='ltr' id='par_1_36' title="bbox 1043 4362 3188 4430">
     <span class='ocr_line' id='line_1_36' title="bbox 1043 4362 3188 4430; baseline -0.002 0"><span class='ocrx_word' id='word_1_342' title='bbox 1043 4371 1148 4430; x_wconf 83' lang='lat' dir='ltr'><strong><em>AD</em></strong></span> <span class='ocrx_word' id='word_1_343' title='bbox 1197 4367 1598 4430; x_wconf 87' lang='lat' dir='ltr'><strong><em>PIISSIMUM</em></strong></span> <span class='ocrx_word' id='word_1_344' title='bbox 1643 4365 1742 4427; x_wconf 87' lang='lat' dir='ltr'><strong><em>ET</em></strong></span> <span class='ocrx_word' id='word_1_345' title='bbox 1785 4363 2150 4426; x_wconf 83' lang='lat' dir='ltr'><strong><em>SANCTUM</em></strong></span> <span class='ocrx_word' id='word_1_346' title='bbox 2199 4362 2766 4424; x_wconf 75' lang='lat' dir='ltr'><strong><em>IMPERATOREM</em></strong></span> <span class='ocrx_word' id='word_1_347' title='bbox 2813 4365 3188 4426; x_wconf 82' lang='lat' dir='ltr'><strong><em>NOSTRUM</em></strong></span> 
     </span>
    </p>
   </div>
   <div class='ocr_carea' id='block_1_37' title="bbox 907 4525 3322 4622">
    <p class='ocr_par' dir='ltr' id='par_1_37' title="bbox 907 4525 3322 4622">
     <span class='ocr_line' id='line_1_37' title="bbox 907 4525 3322 4622; baseline 0.002 -4"><span class='ocrx_word' id='word_1_348' title='bbox 907 4528 1266 4618; x_wconf 77' lang='lat' dir='ltr'>SUPER</span> <span class='ocrx_word' id='word_1_349' title='bbox 1351 4528 1703 4618; x_wconf 70' lang='lat' dir='ltr'><strong><em>LIBHO</em></strong></span> <span class='ocrx_word' id='word_1_350' title='bbox 1781 4525 2350 4614; x_wconf 77' lang='lat' dir='ltr'><strong><em>HISTORLE</em></strong></span> <span class='ocrx_word' id='word_1_351' title='bbox 2413 4525 3322 4622; x_wconf 69' lang='lat' dir='ltr'><strong><em>ECCLESIASTICZE.</em></strong></span> 
     </span>
    </p>
   </div>
   <div class='ocr_carea' id='block_1_38' title="bbox 481 4822 2100 4910">
    <p class='ocr_par' dir='ltr' id='par_1_38' title="bbox 481 4831 2100 4909">
     <span class='ocr_line' id='line_1_38' title="bbox 481 4831 2100 4909; baseline -0.005 -17"><span class='ocrx_word' id='word_1_352' title='bbox 481 4836 516 4892; x_wconf 90' lang='lat' dir='ltr'><strong>I</strong></span> <span class='ocrx_word' id='word_1_353' title='bbox 558 4831 960 4891; x_wconf 82' lang='lat' dir='ltr'><strong><em>Ecclesiaslica</em></strong></span> <span class='ocrx_word' id='word_1_354' title='bbox 1007 4831 1252 4888; x_wconf 80' lang='lat' dir='ltr'><strong><em>Hisloria</em></strong></span> <span class='ocrx_word' id='word_1_355' title='bbox 1308 4831 1648 4902; x_wconf 79' lang='lat' dir='ltr'><strong><em>composita,</em></strong></span> <span class='ocrx_word' id='word_1_356' title='bbox 1711 4831 2100 4909; x_wconf 19' lang='lat' dir='ltr'><strong><em>multorumﬁ</em></strong></span> 
     </span>
    </p>
   </div>
   <div class='ocr_carea' id='block_1_39' title="bbox 2178 4822 3797 4910">
    <p class='ocr_par' dir='ltr' id='par_1_39' title="bbox 2248 4822 3797 4906">
     <span class='ocr_line' id='line_1_39' title="bbox 2248 4822 3797 4906; baseline 0.002 -24"><span class='ocrx_word' id='word_1_357' title='bbox 2248 4825 2408 4898; x_wconf 77' lang='grc' dir='ltr'><strong><em>Ἐμοὶ</em></strong></span> <span class='ocrx_word' id='word_1_358' title='bbox 2465 4822 2522 4880; x_wconf 78' lang='grc' dir='ltr'><strong><em>δὲ</em></strong></span> <span class='ocrx_word' id='word_1_359' title='bbox 2578 4823 2678 4901; x_wconf 75' lang='grc' dir='ltr'><strong><em>ἄρα</em></strong></span> <span class='ocrx_word' id='word_1_360' title='bbox 2737 4825 3195 4898; x_wconf 80' lang='grc' dir='ltr'><strong><em>ἐκκλησιαστικήν</em></strong></span> <span class='ocrx_word' id='word_1_361' title='bbox 3257 4831 3494 4906; x_wconf 74' lang='grc' dir='ltr'><strong><em>ἱστορίαν</em></strong></span> <span class='ocrx_word' id='word_1_362' title='bbox 3551 4831 3797 4906; x_wconf 68' lang='grc' dir='ltr'><strong><em>ᾑρημένῳ</em></strong></span> 
     </span>
    </p>
   </div>
   <div class='ocr_carea' id='block_1_40' title="bbox 421 4915 2040 4998">
    <p class='ocr_par' dir='ltr' id='par_1_40' title="bbox 421 4919 2032 4998">
     <span class='ocr_line' id='line_1_40' title="bbox 421 4919 2032 4998; baseline -0.004 -20"><span class='ocrx_word' id='word_1_363' title='bbox 421 4941 542 4998; x_wconf 85' lang='lat' dir='ltr'><strong><em>quo</em></strong></span> <span class='ocrx_word' id='word_1_364' title='bbox 563 4929 620 4979; x_wconf 81' lang='lat' dir='ltr'><strong><em>et</em></strong></span> <span class='ocrx_word' id='word_1_365' title='bbox 649 4921 1128 4980; x_wconf 77' lang='lat' dir='ltr'><strong><em>admirandorurn</em></strong></span> <span class='ocrx_word' id='word_1_366' title='bbox 1188 4919 1442 4976; x_wconf 82' lang='lat' dir='ltr'><strong><em>virorum</em></strong></span> <span class='ocrx_word' id='word_1_367' title='bbox 1503 4920 1676 4975; x_wconf 85' lang='lat' dir='ltr'><strong><em>rebus</em></strong></span> <span class='ocrx_word' id='word_1_368' title='bbox 1706 4920 1882 4991; x_wconf 81' lang='lat' dir='ltr'><strong><em>gestis</em></strong></span> <span class='ocrx_word' id='word_1_369' title='bbox 1913 4935 1946 4973; x_wconf 84' lang='lat' dir='ltr'><strong><em>a</em></strong></span> <span class='ocrx_word' id='word_1_370' title='bbox 1977 4934 2032 4972; x_wconf 83' lang='grc' dir='ltr'><strong><em>ω</em></strong></span> 
     </span>
    </p>
   </div>
   <div class='ocr_carea' id='block_1_41' title="bbox 2176 4915 3795 4998">
    <p class='ocr_par' dir='ltr' id='par_1_41' title="bbox 2181 4915 3795 4996">
     <span class='ocr_line' id='line_1_41' title="bbox 2181 4915 3795 4996; baseline 0.006 -27"><span class='ocrx_word' id='word_1_371' title='bbox 2181 4917 2511 4986; x_wconf 78' lang='grc' dir='ltr'><strong><em>συντάττειν,</em></strong></span> <span class='ocrx_word' id='word_1_372' title='bbox 2577 4917 2666 4972; x_wconf 73' lang='grc' dir='ltr'><strong><em>καὶ</em></strong></span> <span class='ocrx_word' id='word_1_373' title='bbox 2752 4915 2982 4974; x_wconf 80' lang='grc' dir='ltr'>πολλῶν</span> <span class='ocrx_word' id='word_1_374' title='bbox 3065 4919 3154 4974; x_wconf 82' lang='grc' dir='ltr'>καὶ</span> <span class='ocrx_word' id='word_1_375' title='bbox 3227 4921 3520 4976; x_wconf 79' lang='grc' dir='ltr'><strong><em>θεσπεσίων</em></strong></span> <span class='ocrx_word' id='word_1_376' title='bbox 3601 4921 3795 4996; x_wconf 69' lang='grc' dir='ltr'><strong><em>πράξεις</em></strong></span> 
     </span>
    </p>
   </div>
   <div class='ocr_carea' id='block_1_42' title="bbox 417 5001 2036 5088">
    <p class='ocr_par' dir='ltr' id='par_1_42' title="bbox 417 5008 2036 5084">
     <span class='ocr_line' id='line_1_42' title="bbox 417 5008 2036 5084; baseline -0.005 -14"><span class='ocrx_word' id='word_1_377' title='bbox 417 5011 678 5084; x_wconf 71' lang='lat' dir='ltr'><strong><em>scriptis,</em></strong></span> <span class='ocrx_word' id='word_1_378' title='bbox 711 5011 931 5067; x_wconf 84' lang='lat' dir='ltr'><strong><em>nemini</em></strong></span> <span class='ocrx_word' id='word_1_379' title='bbox 965 5011 1219 5082; x_wconf 80' lang='lat' dir='ltr'><strong><em>profecto</em></strong></span> <span class='ocrx_word' id='word_1_380' title='bbox 1251 5025 1395 5079; x_wconf 86' lang='lat' dir='ltr'><strong><em>Opus</em></strong></span> <span class='ocrx_word' id='word_1_381' title='bbox 1455 5009 1533 5074; x_wconf 87' lang='lat' dir='ltr'><strong><em>id,</em></strong></span> <span class='ocrx_word' id='word_1_382' title='bbox 1596 5023 1762 5080; x_wconf 81' lang='lat' dir='ltr'><strong><em>quam</em></strong></span> <span class='ocrx_word' id='word_1_383' title='bbox 1818 5008 1943 5074; x_wconf 83' lang='lat' dir='ltr'><strong><em>tibi,</em></strong></span> <span class='ocrx_word' id='word_1_384' title='bbox 1980 5023 2036 5062; x_wconf 87' lang='lat' dir='ltr'><strong><em>re</em></strong></span> 
     </span>
    </p>
   </div>
   <div class='ocr_carea' id='block_1_43' title="bbox 2176 5001 3795 5088">
    <p class='ocr_par' dir='ltr' id='par_1_43' title="bbox 2179 5001 3795 5088">
     <span class='ocr_line' id='line_1_43' title="bbox 2179 5001 3795 5088; baseline 0.002 -28"><span class='ocrx_word' id='word_1_385' title='bbox 2179 5001 2386 5080; x_wconf 83' lang='grc' dir='ltr'>ἀνδρῶν</span> <span class='ocrx_word' id='word_1_386' title='bbox 2443 5004 2764 5080; x_wconf 73' lang='grc' dir='ltr'><strong><em>πειρωμένῳ</em></strong></span> <span class='ocrx_word' id='word_1_387' title='bbox 2823 5004 2887 5077; x_wconf 83' lang='grc' dir='ltr'><strong><em>’ὀή</em></strong></span> <span class='ocrx_word' id='word_1_388' title='bbox 2956 5009 3294 5085; x_wconf 75' lang='grc' dir='ltr'><strong><em>ξυγγράφειν,</em></strong></span> <span class='ocrx_word' id='word_1_389' title='bbox 3351 5009 3456 5065; x_wconf 86' lang='grc' dir='ltr'>τίνι</span> <span class='ocrx_word' id='word_1_390' title='bbox 3525 5033 3584 5088; x_wconf 82' lang='grc' dir='ltr'><strong>γε</strong></span> <span class='ocrx_word' id='word_1_391' title='bbox 3655 5009 3795 5080; x_wconf 73' lang='grc' dir='ltr'><strong><em>ἄλλῳ</em></strong></span> 
     </span>
    </p>
   </div>
   <div class='ocr_carea' id='block_1_44' title="bbox 413 5094 2032 5174">
    <p class='ocr_par' dir='ltr' id='par_1_44' title="bbox 413 5099 2032 5172">
     <span class='ocr_line' id='line_1_44' title="bbox 413 5099 2032 5172; baseline -0.005 -13"><span class='ocrx_word' id='word_1_392' title='bbox 413 5105 565 5160; x_wconf 76' lang='lat' dir='ltr'><strong><em>otius</em></strong></span> <span class='ocrx_word' id='word_1_393' title='bbox 585 5102 998 5165; x_wconf 79' lang='lat' dir='ltr'><strong><em>consecrarim,</em></strong></span> <span class='ocrx_word' id='word_1_394' title='bbox 1032 5102 1369 5172; x_wconf 76' lang='lat' dir='ltr'><strong><em>imperator,</em></strong></span> <span class='ocrx_word' id='word_1_395' title='bbox 1404 5099 1732 5171; x_wconf 81' lang='lat' dir='ltr'><strong><em>principum</em></strong></span> <span class='ocrx_word' id='word_1_396' title='bbox 1795 5099 2032 5154; x_wconf 77' lang='lat' dir='ltr'><strong><em>omnium</em></strong></span> 
     </span>
    </p>
   </div>
   <div class='ocr_carea' id='block_1_45' title="bbox 2170 5094 3789 5174">
    <p class='ocr_par' dir='ltr' id='par_1_45' title="bbox 2170 5094 3789 5174">
     <span class='ocr_line' id='line_1_45' title="bbox 2170 5094 3789 5174; baseline 0.001 -25"><span class='ocrx_word' id='word_1_397' title='bbox 2170 5094 2368 5166; x_wconf 78' lang='grc' dir='ltr'>ταύτην</span> <span class='ocrx_word' id='word_1_398' title='bbox 2405 5096 2674 5150; x_wconf 76' lang='grc' dir='ltr'>ἀναθεῖναι</span> <span class='ocrx_word' id='word_1_399' title='bbox 2715 5105 3009 5170; x_wconf 74' lang='grc' dir='ltr'>προσῆκεν,</span> <span class='ocrx_word' id='word_1_400' title='bbox 3119 5099 3230 5168; x_wconf 78' lang='grc' dir='ltr'>σοὶ,</span> <span class='ocrx_word' id='word_1_401' title='bbox 3285 5097 3555 5174; x_wconf 73' lang='grc' dir='ltr'><strong><em>βασιλέων</em></strong></span> <span class='ocrx_word' id='word_1_402' title='bbox 3597 5101 3789 5155; x_wconf 71' lang='grc' dir='ltr'>πάντων</span> 
     </span>
    </p>
   </div>
   <div class='ocr_carea' id='block_1_46' title="bbox 407 5183 2026 5266">
    <p class='ocr_par' dir='ltr' id='par_1_46' title="bbox 407 5187 2026 5260">
     <span class='ocr_line' id='line_1_46' title="bbox 407 5187 2026 5260; baseline -0.005 -12"><span class='ocrx_word' id='word_1_403' title='bbox 407 5193 620 5248; x_wconf 75' lang='lat' dir='ltr'><strong><em>Christi</em></strong></span> <span class='ocrx_word' id='word_1_404' title='bbox 660 5192 1064 5246; x_wconf 78' lang='lat' dir='ltr'><strong><em>amantissimo</em></strong></span> <span class='ocrx_word' id='word_1_405' title='bbox 1097 5195 1272 5260; x_wconf 76' lang='lat' dir='ltr'><strong><em>atque</em></strong></span> <span class='ocrx_word' id='word_1_406' title='bbox 1321 5187 1772 5251; x_wconf 82' lang='lat' dir='ltr'><strong><em>humanissimo,</em></strong></span> <span class='ocrx_word' id='word_1_407' title='bbox 1805 5187 1902 5255; x_wconf 85' lang='lat' dir='ltr'><strong><em>qui</em></strong></span> <span class='ocrx_word' id='word_1_408' title='bbox 1933 5203 2026 5241; x_wconf 89' lang='lat' dir='ltr'><strong><em>om</em></strong></span> 
     </span>
    </p>
   </div>
   <div class='ocr_carea' id='block_1_47' title="bbox 2174 5183 3793 5266">
    <p class='ocr_par' dir='ltr' id='par_1_47' title="bbox 2174 5183 3793 5266">
     <span class='ocr_line' id='line_1_47' title="bbox 2174 5183 3793 5266; baseline 0.004 -28"><span class='ocrx_word' id='word_1_409' title='bbox 2174 5183 2632 5260; x_wconf 73' lang='grc' dir='ltr'><strong><em>φιλοχριστότατε</em></strong></span> <span class='ocrx_word' id='word_1_410' title='bbox 2698 5187 2786 5240; x_wconf 77' lang='grc' dir='ltr'>καὶ</span> <span class='ocrx_word' id='word_1_411' title='bbox 2856 5187 3358 5263; x_wconf 75' lang='grc' dir='ltr'><strong><em>φιλανθρωπότατε,</em></strong></span> <span class='ocrx_word' id='word_1_412' title='bbox 3417 5191 3588 5252; x_wconf 69' lang='grc' dir='ltr'>πάσας</span> <span class='ocrx_word' id='word_1_413' title='bbox 3647 5187 3793 5266; x_wconf 76' lang='grc' dir='ltr'>ἄρδην</span> 
     </span>
    </p>
   </div>
   <div class='ocr_carea' id='block_1_48' title="bbox 404 5268 2023 5353">
    <p class='ocr_par' dir='ltr' id='par_1_48' title="bbox 404 5276 2012 5353">
     <span class='ocr_line' id='line_1_48' title="bbox 404 5276 2012 5353; baseline -0.005 -16"><span class='ocrx_word' id='word_1_414' title='bbox 404 5299 511 5337; x_wconf 84' lang='lat' dir='ltr'><strong><em>nos</em></strong></span> <span class='ocrx_word' id='word_1_415' title='bbox 547 5299 788 5353; x_wconf 82' lang='lat' dir='ltr'><strong><em>prorsus</em></strong></span> <span class='ocrx_word' id='word_1_416' title='bbox 837 5281 1080 5336; x_wconf 76' lang='lat' dir='ltr'><strong><em>virtutes</em></strong></span> <span class='ocrx_word' id='word_1_417' title='bbox 1137 5277 1500 5348; x_wconf 74' lang='lat' dir='ltr'><strong><em>complexus,</em></strong></span> <span class='ocrx_word' id='word_1_418' title='bbox 1536 5276 1680 5332; x_wconf 85' lang='lat' dir='ltr'><strong><em>nihil</em></strong></span> <span class='ocrx_word' id='word_1_419' title='bbox 1713 5293 1906 5331; x_wconf 84' lang='lat' dir='ltr'><strong><em>rerum</em></strong></span> <span class='ocrx_word' id='word_1_420' title='bbox 1941 5293 2012 5344; x_wconf 74' lang='grc' dir='ltr'><strong><em>μυ</em></strong></span> 
     </span>
    </p>
   </div>
   <div class='ocr_carea' id='block_1_49' title="bbox 2172 5268 3791 5353">
    <p class='ocr_par' dir='ltr' id='par_1_49' title="bbox 2173 5268 3791 5350">
     <span class='ocr_line' id='line_1_49' title="bbox 2173 5268 3791 5350; baseline 0.001 -24"><span class='ocrx_word' id='word_1_421' title='bbox 2173 5275 2264 5326; x_wconf 76' lang='grc' dir='ltr'><strong><em>ἅτε</em></strong></span> <span class='ocrx_word' id='word_1_422' title='bbox 2315 5268 2640 5328; x_wconf 73' lang='grc' dir='ltr'><strong><em>συλλαϐόντι</em></strong></span> <span class='ocrx_word' id='word_1_423' title='bbox 2687 5274 2781 5334; x_wconf 69' lang='grc' dir='ltr'><strong><em>τὰς</em></strong></span> <span class='ocrx_word' id='word_1_424' title='bbox 2841 5274 3051 5348; x_wconf 75' lang='grc' dir='ltr'><strong><em>ἀρετὰς,</em></strong></span> <span class='ocrx_word' id='word_1_425' title='bbox 3096 5275 3186 5330; x_wconf 81' lang='grc' dir='ltr'>καὶ</span> <span class='ocrx_word' id='word_1_426' title='bbox 3253 5273 3524 5350; x_wconf 80' lang='grc' dir='ltr'>μηδεμίαν</span> <span class='ocrx_word' id='word_1_427' title='bbox 3581 5269 3791 5350; x_wconf 73' lang='grc' dir='ltr'><strong><em>ὑπερϐο-</em></strong></span> 
     </span>
    </p>
   </div>
   <div class='ocr_carea' id='block_1_50' title="bbox 401 5360 2020 5439">
    <p class='ocr_par' dir='ltr' id='par_1_50' title="bbox 401 5365 2018 5437">
     <span class='ocr_line' id='line_1_50' title="bbox 401 5365 2018 5437; baseline -0.004 -12"><span class='ocrx_word' id='word_1_428' title='bbox 401 5370 832 5426; x_wconf 81' lang='lat' dir='ltr'><strong><em>cbcrrimarum</em></strong></span> <span class='ocrx_word' id='word_1_429' title='bbox 866 5375 921 5424; x_wconf 79' lang='lat' dir='ltr'><strong><em>et</em></strong></span> <span class='ocrx_word' id='word_1_430' title='bbox 965 5367 1584 5424; x_wconf 69' lang='lat' dir='ltr'><strong><em>excellentissinzarum</em></strong></span> <span class='ocrx_word' id='word_1_431' title='bbox 1617 5365 2018 5437; x_wconf 68' lang='lat' dir='ltr'><strong><em>praetermisist</em></strong></span> 
     </span>
    </p>
   </div>
   <div class='ocr_carea' id='block_1_51' title="bbox 2172 5360 3791 5439">
    <p class='ocr_par' dir='ltr' id='par_1_51' title="bbox 2174 5360 3791 5439">
     <span class='ocr_line' id='line_1_51' title="bbox 2174 5360 3791 5439; baseline 0.001 -23"><span class='ocrx_word' id='word_1_432' title='bbox 2174 5360 2280 5430; x_wconf 75' lang='grc' dir='ltr'>λήν</span> <span class='ocrx_word' id='word_1_433' title='bbox 2309 5367 2417 5417; x_wconf 79' lang='grc' dir='ltr'><strong><em>τῶν</em></strong></span> <span class='ocrx_word' id='word_1_434' title='bbox 2454 5367 2711 5439; x_wconf 76' lang='grc' dir='ltr'>χρηστῶν</span> <span class='ocrx_word' id='word_1_435' title='bbox 2747 5362 2798 5418; x_wconf 77' lang='grc' dir='ltr'>ἐν</span> <span class='ocrx_word' id='word_1_436' title='bbox 2833 5361 3014 5420; x_wconf 78' lang='grc' dir='ltr'>οὐδενὶ</span> <span class='ocrx_word' id='word_1_437' title='bbox 3045 5364 3512 5434; x_wconf 74' lang='grc' dir='ltr'><strong><em>καταλελοιπὸτις</em></strong></span> <span class='ocrx_word' id='word_1_438' title='bbox 3546 5365 3608 5420; x_wconf 70' lang='grc' dir='ltr'>οὗ</span> <span class='ocrx_word' id='word_1_439' title='bbox 3635 5361 3791 5420; x_wconf 59' lang='lat' dir='ltr'><strong><em>noni</em></strong></span> 
     </span>
    </p>
   </div>
   <div class='ocr_carea' id='block_1_52' title="bbox 409 5451 2028 5529">
    <p class='ocr_par' dir='ltr' id='par_1_52' title="bbox 409 5452 2024 5529">
     <span class='ocr_line' id='line_1_52' title="bbox 409 5452 2024 5529; baseline -0.004 -17"><span class='ocrx_word' id='word_1_440' title='bbox 409 5457 476 5512; x_wconf 83' lang='lat' dir='ltr'><strong><em>Et</em></strong></span> <span class='ocrx_word' id='word_1_441' title='bbox 505 5475 636 5512; x_wconf 86' lang='lat' dir='ltr'><strong><em>cum</em></strong></span> <span class='ocrx_word' id='word_1_442' title='bbox 701 5459 994 5529; x_wconf 77' lang='lat' dir='ltr'><strong><em>permulta</em></strong></span> <span class='ocrx_word' id='word_1_443' title='bbox 1053 5463 1226 5526; x_wconf 84' lang='lat' dir='ltr'><strong><em>atque</em></strong></span> <span class='ocrx_word' id='word_1_444' title='bbox 1283 5455 1424 5511; x_wconf 85' lang='lat' dir='ltr'><strong><em>adeo</em></strong></span> <span class='ocrx_word' id='word_1_445' title='bbox 1483 5452 1934 5510; x_wconf 81' lang='lat' dir='ltr'><strong><em>innumerabilia</em></strong></span> <span class='ocrx_word' id='word_1_446' title='bbox 1968 5459 2024 5506; x_wconf 85' lang='lat' dir='ltr'><strong><em>lu</em></strong></span> 
     </span>
    </p>
   </div>
   <div class='ocr_carea' id='block_1_53' title="bbox 2168 5451 3787 5529">
    <p class='ocr_par' dir='ltr' id='par_1_53' title="bbox 2177 5451 3787 5528">
     <span class='ocr_line' id='line_1_53' title="bbox 2177 5451 3787 5528; baseline 0.001 -23"><span class='ocrx_word' id='word_1_447' title='bbox 2177 5451 2270 5524; x_wconf 73' lang='grc' dir='ltr'><strong><em>μὲν</em></strong></span> <span class='ocrx_word' id='word_1_448' title='bbox 2319 5452 2408 5505; x_wconf 82' lang='grc' dir='ltr'><strong><em>καὶ</em></strong></span> <span class='ocrx_word' id='word_1_449' title='bbox 2453 5451 2600 5506; x_wconf 82' lang='grc' dir='ltr'><strong><em>ἄλλα</em></strong></span> <span class='ocrx_word' id='word_1_450' title='bbox 2645 5473 2711 5506; x_wconf 77' lang='grc' dir='ltr'><strong><em>τα</em></strong></span> <span class='ocrx_word' id='word_1_451' title='bbox 2754 5455 3173 5528; x_wconf 75' lang='grc' dir='ltr'><strong><em>κατορθώματα,</em></strong></span> <span class='ocrx_word' id='word_1_452' title='bbox 3219 5457 3309 5509; x_wconf 80' lang='grc' dir='ltr'><strong><em>καὶ</em></strong></span> <span class='ocrx_word' id='word_1_453' title='bbox 3357 5457 3432 5517; x_wconf 83' lang='grc' dir='ltr'><strong><em>ὡς</em></strong></span> <span class='ocrx_word' id='word_1_454' title='bbox 3477 5457 3588 5510; x_wconf 79' lang='grc' dir='ltr'><strong><em>οἷον</em></strong></span> <span class='ocrx_word' id='word_1_455' title='bbox 3643 5454 3787 5508; x_wconf 81' lang='grc' dir='ltr'><strong><em>εἰπεῖν</em></strong></span> 
     </span>
    </p>
   </div>
   <div class='ocr_carea' id='block_1_54' title="bbox 407 5537 2026 5618">
    <p class='ocr_par' dir='ltr' id='par_1_54' title="bbox 407 5543 2026 5616">
     <span class='ocr_line' id='line_1_54' title="bbox 407 5543 2026 5616; baseline -0.004 -14"><span class='ocrx_word' id='word_1_456' title='bbox 407 5547 528 5602; x_wconf 76' lang='lat' dir='ltr'><strong><em>sint</em></strong></span> <span class='ocrx_word' id='word_1_457' title='bbox 561 5547 831 5616; x_wconf 72' lang='lat' dir='ltr'><strong><em>praeclare</em></strong></span> <span class='ocrx_word' id='word_1_458' title='bbox 855 5547 1032 5612; x_wconf 79' lang='lat' dir='ltr'><strong><em>facta,</em></strong></span> <span class='ocrx_word' id='word_1_459' title='bbox 1055 5545 1372 5600; x_wconf 78' lang='lat' dir='ltr'><strong><em>orationem</em></strong></span> <span class='ocrx_word' id='word_1_460' title='bbox 1411 5549 1664 5600; x_wconf 79' lang='lat' dir='ltr'><strong><em>nostram</em></strong></span> <span class='ocrx_word' id='word_1_461' title='bbox 1701 5543 1870 5612; x_wconf 83' lang='lat' dir='ltr'><strong><em>longe</em></strong></span> <span class='ocrx_word' id='word_1_462' title='bbox 1899 5558 2026 5612; x_wconf 72' lang='lat' dir='ltr'><strong><em>cupi</em></strong></span> 
     </span>
    </p>
   </div>
   <div class='ocr_carea' id='block_1_55' title="bbox 2168 5537 3787 5618">
    <p class='ocr_par' dir='ltr' id='par_1_55' title="bbox 2177 5537 3787 5618">
     <span class='ocr_line' id='line_1_55' title="bbox 2177 5537 3787 5618; baseline 0.001 -25"><span class='ocrx_word' id='word_1_463' title='bbox 2177 5539 2397 5614; x_wconf 77' lang='grc' dir='ltr'><strong><em>ἄπειρα,</em></strong></span> <span class='ocrx_word' id='word_1_464' title='bbox 2457 5540 2546 5594; x_wconf 78' lang='grc' dir='ltr'>καὶ</span> <span class='ocrx_word' id='word_1_465' title='bbox 2610 5540 2770 5616; x_wconf 84' lang='grc' dir='ltr'>λόγον</span> <span class='ocrx_word' id='word_1_466' title='bbox 2829 5537 3142 5598; x_wconf 75' lang='grc' dir='ltr'>ἐκϐαίνοντα</span> <span class='ocrx_word' id='word_1_467' title='bbox 3191 5545 3284 5599; x_wconf 81' lang='grc' dir='ltr'><strong><em>τὸν</em></strong></span> <span class='ocrx_word' id='word_1_468' title='bbox 3343 5545 3629 5618; x_wconf 66' lang='grc' dir='ltr'>ἡμέτερον,</span> <span class='ocrx_word' id='word_1_469' title='bbox 3679 5543 3787 5597; x_wconf 71' lang='grc' dir='ltr'><strong><em>Θεοῦ</em></strong></span> 
     </span>
    </p>
   </div>
   <div class='ocr_carea' id='block_1_56' title="bbox 413 5629 2032 5710">
    <p class='ocr_par' dir='ltr' id='par_1_56' title="bbox 413 5629 2032 5700">
     <span class='ocr_line' id='line_1_56' title="bbox 413 5629 2032 5700; baseline -0.003 -12"><span class='ocrx_word' id='word_1_470' title='bbox 413 5633 628 5700; x_wconf 77' lang='lat' dir='ltr'><strong><em>rantis,</em></strong></span> <span class='ocrx_word' id='word_1_471' title='bbox 661 5649 835 5690; x_wconf 82' lang='lat' dir='ltr'><strong><em>manu</em></strong></span> <span class='ocrx_word' id='word_1_472' title='bbox 871 5634 1063 5690; x_wconf 82' lang='lat' dir='ltr'><strong><em>divina</em></strong></span> <span class='ocrx_word' id='word_1_473' title='bbox 1116 5630 1418 5690; x_wconf 82' lang='lat' dir='ltr'><strong><em>consilium</em></strong></span> <span class='ocrx_word' id='word_1_474' title='bbox 1473 5648 1642 5688; x_wconf 87' lang='lat' dir='ltr'><strong><em>omne</em></strong></span> <span class='ocrx_word' id='word_1_475' title='bbox 1703 5639 1863 5689; x_wconf 81' lang='lat' dir='ltr'><strong><em>tuum</em></strong></span> <span class='ocrx_word' id='word_1_476' title='bbox 1896 5637 1950 5686; x_wconf 74' lang='lat' dir='ltr'><strong><em>et</em></strong></span> <span class='ocrx_word' id='word_1_477' title='bbox 1983 5629 2032 5684; x_wconf 82' lang='lat' dir='ltr'><strong><em>fa</em></strong></span> 
     </span>
    </p>
   </div>
   <div class='ocr_carea' id='block_1_57' title="bbox 2164 5629 3783 5710">
    <p class='ocr_par' dir='ltr' id='par_1_57' title="bbox 2175 5629 3783 5710">
     <span class='ocr_line' id='line_1_57' title="bbox 2175 5629 3783 5710; baseline 0 -26"><span class='ocrx_word' id='word_1_478' title='bbox 2175 5629 2322 5707; x_wconf 78' lang='grc' dir='ltr'>χειρὶ</span> <span class='ocrx_word' id='word_1_479' title='bbox 2371 5631 2505 5704; x_wconf 84' lang='grc' dir='ltr'>πρὸς</span> <span class='ocrx_word' id='word_1_480' title='bbox 2565 5635 2734 5686; x_wconf 72' lang='grc' dir='ltr'>πᾶσαν</span> <span class='ocrx_word' id='word_1_481' title='bbox 2791 5631 2880 5687; x_wconf 70' lang='grc' dir='ltr'>καὶ</span> <span class='ocrx_word' id='word_1_482' title='bbox 2941 5631 3152 5707; x_wconf 70' lang='grc' dir='ltr'><strong><em>βουλὴν</em></strong></span> <span class='ocrx_word' id='word_1_483' title='bbox 3202 5634 3293 5689; x_wconf 75' lang='grc' dir='ltr'><strong><em>καὶ</em></strong></span> <span class='ocrx_word' id='word_1_484' title='bbox 3335 5636 3526 5710; x_wconf 70' lang='grc' dir='ltr'>πρᾶξιν</span> <span class='ocrx_word' id='word_1_485' title='bbox 3577 5631 3783 5708; x_wconf 69' lang='grc' dir='ltr'><strong><em>ὃδὴ-(ου-</em></strong></span> 
     </span>
    </p>
   </div>
  </div>
