4100 6218
354 302 470 363 561

3552 152 3647 211 ,Χ

1842 305 2287 369 DEDICATIO.
3651 270 3775 362 se»,

362 436 550 507 μένου,
612 436 828 492 πάντων
885 434 933 491 δ’
990 433 1185 513 ἓμοιγε
1246 435 1520 512 μέγιστον,
1570 436 1659 492 καὶ
1707 437 1781 499 ὡς
1824 438 1881 493 ἂν
1928 461 2010 502 τις

2124 445 2282 499 ctum
2340 442 2621 514 dirigente
2654 460 2667 499 :
2700 445 2843 512 tum,
2874 445 2938 498 ut
2993 441 3137 497 mihi
3165 438 3400 512 quidem
3431 437 3678 505 videtur,
3712 438 3770 491 et

357 525 635 603 εὺστόχως
684 527 816 604 φαίη
864 525 1160 599 ἐπίσημον,
1190 527 1225 595 ἡ
1258 520 1520 597 εὐσέϐεια,
1565 527 1601 595 ἢ
1632 535 1718 581 ’τε
1757 529 1877 601 περὶ
1914 531 2014 597 τὴν

354 621 595 690 Χριστοῦ
674 614 1012 687 Ἐκκλησίαν
1091 613 1342 685 σπουδὴ,
1420 618 1508 671 καὶ
1568 618 1596 671 ὁ
1661 619 1783 691 περὶ
1844 617 2013 688 αὐτὴν

356 700 618 777 ἔνθερμος
679 708 795 761 οἷον
850 706 945 760 καὶ
1001 704 1273 783 ἄφραστος
1334 702 1492 775 ἔρως,
1545 707 1635 761 καὶ
1687 708 1753 762 τΞι
1814 710 1877 762 σα
1926 706 2014 763 διὰ

352 794 558 864 ταῦτην
593 793 831 868 τρόπαιά
869 815 929 849 τε
976 794 1067 848 καὶ
1106 794 1418 868 νικητήρια.
1476 796 1577 851 ’Ήν
1633 792 1769 865 δῆτα
1814 795 2012 869 πολλῷ

358 883 446 938 καὶ
509 883 690 958 μυρίῳ
756 881 916 955 σάλῳ
971 887 1079 938 τῶν
1151 889 1252 952 τῆς
1312 877 1621 946 δυσσεϐείας
1707 885 2011 957 ῥευμάτων,

360 971 624 1045 σκληρῶν
692 994 749 1026 τε
813 971 1137 1043 πνευμάτων
1202 972 1534 1034 ἀντιπνοίαις
1594 971 1852 1049 ἀμηγέπη
1914 997 2011 1052 φε-

360 1060 600 1134 ρομένην
658 1060 850 1133 εὑρὼν,
909 1061 1082 1116 πάντα
1141 1061 1367 1132 θέμενος
1429 1060 1482 1116 ἐν
1562 1058 1817 1136 δευτέρῳ,
1875 1066 2013 1138 πρὸς

357 1149 487 1211 τοὺς
545 1150 671 1212 σοὺς
724 1148 997 1224 γαληνοὺς
1054 1148 1281 1221 λιμένας
1336 1149 1598 1225 ἀσφαλῶς
1660 1149 2010 1224 διανήξασθαι

358 1238 449 1292 καὶ
504 1245 734 1314 κατᾶραι
790 1239 1199 1314 παρεσκευάσω.
1260 1240 1358 1294 Καὶ
1415 1245 1503 1295 νῦν
1565 1237 1832 1305 ἅκλαστος
1892 1241 2008 1297 δια-

362 1327 621 1400 μένουσα,
683 1330 776 1383 οἷα
832 1325 900 1397 δη
950 1335 1041 1384 τὸν
1094 1331 1406 1409 πρόσφατον
1455 1330 1623 1405 ῥύπον
1673 1331 2007 1404 ἀποθεμένη,

357 1413 450 1467 καὶ
519 1414 657 1488 πρὸς
724 1416 825 1482 τὴν
905 1412 1138 1489 ἀρχαίαν
1218 1416 1582 1492 ὲπαναχθεῖσα
1661 1418 2008 1493 εὐπρέπειαν,

362 1501 581 1574 μᾶλλον
624 1500 680 1558 δὲ
717 1504 815 1572 τήν
862 1501 922 1559 ἐκ
965 1511 1065 1574 τῆς
1120 1504 1290 1575 ζάλης
1349 1505 1535 1578 ἅλμην
1581 1512 1698 1571 τοῖς
1744 1514 1851 1563 τῶν
1899 1513 2004 1564 σῶν

358 1591 549 1670 λόγων
631 1591 1038 1667 ποτιμωτάτοις
1107 1592 1317 1670 ῥοθίοις
1405 1596 1827 1670 ἀποκλυσαμένη
1916 1600 2007 1653 καὶ

358 1681 743 1752 ἆποπτύσασα,
811 1682 896 1738 σοὶ
951 1689 1032 1755 τῷ
1089 1682 1148 1739 ἐκ
1204 1685 1338 1741 Θεοῦ
1392 1693 1741 1763 κοσμαγωγῴ
1795 1711 1854 1745 τε
1916 1691 2004 1746 καὶ

2124 537 2282 591 recte
2330 532 2621 606 quispiam
2675 532 2903 600 dixerit,
2936 530 3200 588 omnium
3237 528 3491 585 maxima
3535 530 3593 582 et
3630 524 3773 580 illu-

2125 623 2416 678 strissima
2461 625 2550 678 est
2606 620 2815 693 pietas,
2847 622 3267 693 egregiumque
3326 618 3385 674 in
3448 613 3765 672 Ecclesiam

2123 711 2336 768 Christi
2385 712 2747 779 studium,et
2784 711 3037 781 ﬂagrans
3085 718 3259 781 atque
3313 704 3675 763 incredibilis
3707 703 3769 758 in

2122 801 2388 857 eamdem
2432 816 2618 866 amor,
2656 804 2712 856 et
2753 816 2902 872 quas
2950 800 3080 869 ejus
3137 797 3373 854 nomine
3433 792 3769 867 reportasti,

2120 888 2372 945 victorias
2428 893 2485 946 et
2525 892 2760 961 tropaea.
2820 890 2952 955 Quae
3003 903 3145 943 sane
3204 885 3407 958 pietas,
3466 880 3771 940 immensis

2121 980 2411 1036 saavientis
2445 979 2761 1052 impietatis
2795 977 3093 1044 ﬂuctibus,
3122 974 3601 1044 immanibusque
3626 985 3767 1027 con-

2121 1069 2468 1126 ﬂictantium
2498 1074 2805 1126 ventorum
2840 1065 3110 1141 procellis
3131 1065 3243 1122 huc
3263 1071 3440 1135 atque
3467 1061 3607 1118 illuc
3627 1073 3772 1132 quo-
3855 1102 3869 1123 ,

2119 1160 2431 1216 dammodo
2489 1159 2650 1221 gravi
2695 1157 3012 1229 jactatione
3061 1155 3298 1226 agitata,
3325 1151 3605 1209 beneﬁcio
3638 1152 3771 1204 tan-

2118 1249 2252 1306 dem
2274 1257 2396 1317 tuo,
2419 1249 2521 1322 qui
2552 1249 2723 1306 rebus
2773 1247 3048 1305 omnibus
3089 1244 3220 1302 aliis
3249 1239 3621 1316 posthabitis,
3659 1237 3766 1294 hoc

2119 1354 2302 1394 unum
2334 1338 2557 1395 curaris
2580 1338 2854 1406 maxime,
2876 1341 3000 1393 tuto
3024 1336 3092 1390 ad
3117 1331 3503 1405 tranquillum
3531 1333 3760 1401 portum

2116 1432 2282 1483 tuum
2315 1427 2553 1484 annavit
2583 1432 2758 1499 atque
2775 1423 3071 1498 applicuit.
3096 1423 3166 1478 Et
3204 1437 3359 1477 nunc
3382 1420 3625 1487 integra,
3643 1415 3763 1472 vel-

2120 1518 2201 1574 uti
2217 1519 2429 1575 recenti
2449 1518 2563 1574 situ
2579 1517 2803 1589 abjecto
2817 1520 2874 1572 et
2888 1515 3136 1588 pristina
3149 1511 3438 1585 veterique
3467 1510 3767 1565 venustate

2118 1614 2370 1680 recepta,
2400 1624 2500 1664 seu
2534 1607 2728 1681 potius
2750 1604 3070 1678 salsugine,
3107 1617 3280 1674 quam
3312 1616 3381 1656 ex
3421 1598 3766 1670 tempestate

2116 1701 2476 1769 conceperat,
2509 1696 2789 1752 orationis
2824 1698 2937 1750 tua:
2959 1690 3310 1748 suavissimo
3341 1688 3537 1745 sonitu
3571 1699 3768 1756 repur-

357 1766 691 1879 κυϐερνήτῃ,
733 1770 870 1877 εἴπω
913 1769 957 1827 δ’
998 1774 1081 1827 ὅτι
1129 1775 1217 1828 καὶ
1262 1775 1391 1849 ἱερῷ
1437 1776 1826 1854 νυμφοστόλῳ,
1867 1778 2005 1848 ἀξιό-

2120 1789 2249 1857 gata
2297 1766 2468 1857 atque
2508 1786 2740 1855 rejects,
2767 1782 2873 1838 tibi
2906 1782 3102 1837 divino
3151 1778 3309 1835 orbis
3360 1774 3566 1833 rectori
3594 1778 3767 1845 atque

359 1882 546 1940 χρεων
586 1862 686 1928 τήν
735 1861 899 1936 χάριν
953 1860 1294 1937 ἀποπληροῖ,
1342 1862 1589 1940 διάτορον
1641 1869 1754 1921 οἷον
1788 1868 1879 1922 καὶ
1913 1888 2006 1938 με.

357 1951 543 2023 γάλην
603 1951 839 2026 ῥηγνῦσα
901 1954 1105 2029 φωνὴν,
1152 1953 1225 2014 ὡς
1272 1950 1360 2008 διὰ
1413 1959 1513 2009 σοῦ
1561 1956 1756 2017 πάντες
1796 1955 2007 2013 ’ἄσυλον

357 2040 423 2094 τὸ
460 2044 661 2112 χρῆμα
716 2046 817 2109 τῆς
877 2037 1149 2096 εὓσεϐείας
1200 2046 1513 2117 τηροῦντες,
1575 2044 1628 2099 ἐν
1673 2049 1752 2117 τῷ
1804 2041 2010 2121 βεϐαίῳ

358 2126 585 2182 ἑστάναι
637 2134 738 2197 τῆς
794 2124 1101 2200 ἀκιϐδήλου
1159 2129 1395 2207 περῥῶς
1454 2132 1680 2207 οἰόμεθα
1751 2135 2010 2206 πίστεως,

357 2217 461 2284 τήν
492 2215 633 2294 ἀμφὶ
666 2220 746 2288 τῷ
798 2222 912 2288 Θεῷ
958 2218 1327 2293 πλανωμένην
1375 2220 1529 2295 δόξαν
1581 2221 1772 2299 πόρῥω
1803 2246 1900 2297 πη,
1935 2226 2012 2288 ὥς

364 2327 429 2379 γε
478 2306 548 2375 ἦν
599 2306 767 2373 εἰκὸς,
815 2304 1213 2383 διαρῥίψαντες.
1249 2310 1322 2365 Οὐ
1374 2312 1481 2385 μὴν
1533 2310 1659 2368 ἀλλ’
1708 2312 1752 2368 εἷ
1806 2315 1900 2388 μὶν
1945 2317 2012 2384 ἦν

366 2395 493 2470 ἐμοὶ
554 2400 913 2471 σκοπουμένῳ
969 2400 1151 2475 ἀρχῆς
1195 2400 1287 2455 ἀπ’
1330 2400 1497 2477 ἄκρας
1548 2409 1664 2466 τοῖς
1714 2409 1829 2464 σοῖς
1876 2405 2015 2461 κατὰ

366 2487 533 2560 μέρος
579 2486 776 2541 ἅπασιν
833 2488 1140 2560 ἐπιστῆναι,
1200 2512 1339 2553 οιαις
1389 2512 1448 2547 τε
1499 2491 1674 2568 ῥίζαις
1721 2498 1828 2549 τῶν
1887 2493 2011 2568 περῖ

362 2575 423 2630 σὲ
481 2577 820 2649 πραγμάτων
873 2578 969 2640 τὰς
1016 2579 1266 2657 ἀφορμὰς
1311 2583 1346 2651 ἡ
1382 2582 1551 2637 πάντα
1604 2589 1784 2659 σοφῶς
1833 2581 2014 2655 διεξά-

357 2685 537 2739 γουσα
594 2666 834 2739 Πρόνοια
889 2662 1238 2737 κατεϐάλετο,
1299 2668 1555 2738 διελθεῖν,
1613 2673 1701 2727 ἐπὶ
1758 2673 1891 2747 μέγα
1951 2674 2009 2729 ἂν

357 2753 427 2808 τὰ
472 2762 574 2823 τῆς
608 2762 820 2833 γραφῆς
876 2755 1092 2830 ἐξετάθη
1158 2780 1273 2831 μοι,
1333 2759 1423 2814 καὶ
1483 2763 1795 2841 συγγραφήν
1854 2761 2015 2834 ἔδοξα

366 2841 585 2917 μᾶλλον
640 2846 675 2917 ἢ
733 2846 1117 2921 προσφώνημα
1173 2846 1566 2925 διεξέρχεσθαι.
1637 2838 1770 2909 Νυνὶ
1829 2850 1875 2908 δ’
1930 2838 2019 2907 ἐπ’

362 2931 511 2990 ἄλλα
548 2955 643 3008 μοι
693 2938 790 2990 τοῦ
838 2937 1044 2991 σκοποῦ
1094 2935 1416 3011 βλέποντος,
1471 2946 1718 3017 σμικρῶν
1752 2938 2012 3013 δήτινων

364 3022 492 3079 ὅσον
542 3023 774 3099 ἅψασθαι
821 3030 926 3081 τῶν
987 3030 1115 3092 σῶν,
1176 3028 1267 3084 καὶ
1343 3026 1661 3104 ἐπιδραμεῖν
1732 3027 1880 3087 ἔσται
1934 3036 2015 3104 τῷ

366 3108 554 3189 λόγῳο
588 3112 805 3170 ἐκείνων
849 3113 917 3185 δὴ
947 3121 1028 3189 τῷ
1074 3119 1371 3189 καθήκοντι
1415 3122 1806 3193 προσηκόντως
1864 3122 2013 3197 μάλα

2118 1873 2506 1946 gubernatori.
2538 1887 2818 1944 sacroque
2849 1871 2956 1943 (sic
2995 1869 3153 1925 enim
3179 1866 3512 1932 dicendum)
3543 1861 3771 1934 auspici

2119 1974 2172 2021 et
2201 1965 2474 2033 curatori,
2491 1963 2810 2036 condignas
2841 1961 3012 2018 refert
3027 1955 3328 2031 gratias,
3353 1956 3566 2011 claram
3587 1950 3769 2009 veluti

2118 2057 2177 2110 et
2205 2053 2495 2125 ingentem
2526 2051 2801 2109 amittens
2831 2065 3049 2117 vocem,
3069 2063 3274 2104 omnes
3304 2060 3408 2101 nos
3439 2059 3544 2117 per
3572 2046 3627 2097 te
3657 2040 3769 2096 sal-

2119 2159 2248 2199 vam
2264 2148 2440 2214 atque
2451 2139 2786 2197 inviolatam
2801 2138 3117 2196 retinentes
3131 2133 3769 2208 pietatem,constanter

2121 2231 2483 2303 ﬁrmiterque
2521 2230 2577 2285 in
2614 2229 2852 2285 sinceras
2883 2227 3015 2283 fidei
3057 2224 3364 2291 sententia,
3399 2220 3672 2294 opinione
3702 2217 3774 2274 de

2119 2319 2371 2376 Numine
2400 2318 2592 2376 divino
2615 2334 2876 2386 errones,
2909 2318 2989 2372 ita
3021 2320 3082 2371 ut
3112 2312 3512 2377 conveniebat,
3545 2307 3768 2379 longis-

2119 2409 2268 2467 sime
2298 2410 2620 2481 repudiata.
2643 2408 2979 2465 consistere.
3004 2405 3214 2461 Verum
3236 2402 3549 2465 enimvero,
3567 2395 3767 2454 sideli-

2122 2498 2417 2555 beratione
2448 2496 2639 2555 habita
2675 2514 2766 2553 res
2795 2502 2924 2552 tuas
2955 2512 2987 2550 a
3021 2494 3207 2566 primo
3239 2490 3405 2547 initio
3426 2486 3769 2559 singillatim

2121 2588 2405 2661 proslqui,
2463 2604 2679 2661 quasve
2722 2585 2949 2642 radices
3021 2585 3313 2640 actionum
3362 2585 3772 2647 tuarum.quaa

2121 2678 2320 2736 omnia
2368 2678 2656 2749 sapienter
2730 2674 3037 2733 constituit
3110 2672 3305 2727 divina
3379 2664 3768 2733 Providentia,

2123 2769 2323 2840 egerit,
2356 2783 2641 2839 exponere
2690 2765 2916 2831 vellem,
2950 2763 3011 2818 in
3060 2762 3411 2817 immensum
3455 2754 3639 2812 oratio
3670 2766 3777 2807 ex-‘

2123 2862 2426 2925 cresceret,
2460 2855 2834 2913 ethistoriam
2869 2852 3081 2926 potius,
3105 2866 3280 2922 quam
3314 2845 3505 2919 operis
3536 2843 3771 2899 dedica-

2125 2945 2342 3002 tionem
2396 2947 2702 3002 instituere
2750 2944 2999 2999 vidercr.
3046 2940 3156 2996 Sed
3217 2952 3353 2994 cum
3410 2934 3565 2991 aliud
3627 2929 3774 2988 scri-

2120 3037 2295 3093 bendi
2324 3035 2631 3094 consilium
2662 3033 2806 3091 mihi
2836 3033 2913 3088 sit
2943 3028 3327 3104 propositum,
3353 3039 3567 3098 paucas
3598 3036 3775 3094 quas-

2124 3128 2259 3184 dam
2314 3143 2407 3183 res
2445 3132 2580 3183 tuas
2636 3125 2697 3180 in
2745 3123 3057 3197 prasentia
3110 3118 3393 3186 attingere
3432 3119 3606 3184 atque
3636 3126 3766 3167 ora-

364 3203 773 3278 ταμιευομένων
832 3210 1009 3281 καιρῷ
1054 3205 1171 3264 ἐπεί
1216 3208 1303 3264 τοί
1350 3229 1410 3284 γε
1449 3189 1535 3263 καὶ
1582 3189 1794 3279 ἆλλως,
1843 3189 1906 3269 τό
1952 3235 2010 3285 γε

2122 3218 2280 3274 tione
2332 3216 2720 3288 prestringere
2747 3189 2853 3270 'est
2898 3214 3091 3268 visum
3129 3224 3144 3263 :
3178 3204 3420 3277 reliquis
3472 3218 3580 3259 suo
3639 3199 3764 3257 loco

365 3296 454 3347 νῦν
513 3294 780 3369 ᾔρημὲνῳ
825 3294 1027 3373 λέγειν,
1058 3300 1093 3367 ἡ
1126 3299 1409 3373 περιουσία
1457 3306 1564 3356 τῶν
1604 3307 1710 3357 σῶν
1751 3310 2009 3378 χρηστῶν

368 3383 445 3444 εἷς
502 3385 693 3453 καινὴν
751 3383 876 3459 ἐμοί
939 3406 1058 3441 τινα
1132 3388 1470 3463 περιίσταται
1547 3387 1772 3461 ἔνδειαν,
1832 3380 2013 3463 ἥκιστ’

370 3472 496 3527 έῶσ’
558 3473 765 3529 ἀνύτειν
820 3476 881 3530 τὸ
929 3477 1064 3549 πρὸς
1124 3476 1353 3552 βουλῆς,
1413 3477 1628 3535 πάντων
1683 3481 1756 3544 ὡς
1796 3481 1847 3537 ἐν
1894 3480 2012 3538 λει-

370 3563 513 3631 μῶνι
571 3561 811 3634 ποικίλῳ
859 3560 1053 3637 σχεδὸν
1108 3565 1195 3619 καί
1235 3566 1457 3641 μυρίαις
1505 3567 1747 3642 βρίθοντι
1796 3570 2007 3644 χάρισι,

365 3651 506 3724 πρὸς
559 3650 721 3705 ἑαυτὰ
770 3648 998 3708 ἕκαστον
1059 3655 1427 3727 μεθελκόντων
1486 3658 1574 3713 καὶ
1640 3661 1888 3735 κατέχειν
1938 3657 2004 3730 δὴ

368 3736 621 3817 σφοδρῶς
666 3743 1038 3815 πειρωμένων,
1090 3743 1252 3801 Ἀλλ’
1305 3744 1415 3821 ἐγὼ
1457 3747 1555 3821 μὲν
1603 3745 1711 3819 ἤδη
1765 3748 1881 3805 λύω
1919 3752 2008 3804 τὸν

366 3827 534 3904 λόγον
563 3848 575 3860 ’
624 3827 782 3892 τόσος
833 3826 881 3885 δ’
928 3828 1071 3888 ἔσται
1128 3832 1255 3897 ὅσος
1304 3832 1426 3905 δῆτ’
1466 3837 1709 3912 ἀρκέσαι,
1765 3836 2007 3913 ἀμυδρὸν

368 3920 487 3973 οἷον
542 3919 634 3973 τὸν
696 3921 816 3995 περὶ
879 3919 935 3975 σέ
993 3942 1087 3994 μοι
1147 3925 1314 3979 πόθον
1375 3922 1720 3998 ἐνδείξασθαι,
1792 3929 1879 3983 καὶ
1946 3931 2008 3985 τὸ

367 4004 554 4063 εὔνουν
635 4010 769 4080 μετά
854 4010 1157 4087 παρῥησίας
1223 4012 1650 4090 ἀφοσιώσασθαι,
1727 4014 1862 4093 ἄχρι
1938 4017 2005 4089 δὴ

362 4101 462 4153 τοῦ
522 4095 679 4173 δεῦρο
740 4100 1069 4177 ὑποχωροῦν
1126 4102 1215 4158 καὶ
1271 4106 1665 4180 κρυπτόμενον.
1717 4112 1822 4164 Σὸν
1857 4106 1902 4164 δ’
1946 4107 2006 4163 ἃν

366 4185 454 4252 εἴη
485 4193 587 4257 τῆς
632 4190 840 4263 ἡμέρον
888 4190 977 4245 καὶ
1026 4190 1384 4267 φιλαθρώπου
1432 4199 1618 4272 ψυχῆς
1661 4195 1832 4254 ⁹ίλεων
1881 4198 2004 4273 ἐμοὶ

364 4275 578 4364 ἐνορᾷν,
641 4277 836 4351 θάρσος
870 4280 918 4334 τ’
961 4278 1201 4357 ἄρῥητον
1249 4281 1481 4339 ἐνιέναι*
1522 4286 1612 4342 καὶ
1650 4288 1756 4362 πρό
1799 4295 1859 4364 γε
1904 4292 2010 4344 τῶν

365 4363 583 4436 ἄλλων,
627 4364 680 4421 εἷ’
717 4388 771 4422 τι
823 4370 900 4442 μὴ
946 4370 1081 4424 κατὰ
1132 4368 1296 4449 λόγον
1341 4378 1420 4444 τῷ
1463 4376 1691 4450 παρόντι
1738 4363 1836 4450 μοι
1885 4399 2010 4433 συν-

361 4456 601 4532 τάγματι
660 4454 930 4531 λέλεκται,
991 4463 1324 4538 συγγνώμην
1389 4462 1691 4541 βραϐεύειν,
1736 4468 1828 4523 καὶ
1892 4473 2009 4531 ταῖς

2120 3314 2177 3365 et
2214 3306 2483 3378 tempori,
2520 3322 2620 3378 pro
2664 3321 2729 3360 eo
2772 3310 2944 3375 atque
2983 3301 3166 3366 decet,
3208 3300 3360 3352 recte
3400 3290 3707 3349 reservatis
3751 3305 3767 3345 :

2120 3393 2442 3468 praesrtim
2501 3409 2631 3448 cum
2685 3391 2739 3446 id
2774 3389 2928 3462 quod
2979 3403 3133 3442 nunc
3166 3398 3399 3457 quoque
3452 3381 3642 3436 dicere
3669 3378 3760 3434 in-

2119 3485 2303 3555 stitui,
2379 3488 2615 3556 prepter
2687 3480 3082 3537 abundantem
3187 3479 3361 3545 atque
3437 3469 3764 3527 exuberan-

2116 3580 2232 3632 tem
2291 3590 2487 3630 rerum
2554 3571 2801 3644 copiam,
2861 3584 2951 3625 me
3030 3567 3101 3621 ad
3180 3576 3387 3619 novam
3468 3558 3763 3631 quandam

2117 3664 2339 3737 redigat
2365 3662 2623 3735 inopiam
2659 3677 2674 3715 :
2705 3660 2789 3714 ita
2831 3666 2899 3713 ut
2938 3657 3110 3712 etiam
3143 3671 3209 3710 ea
3249 3667 3376 3725 quae
3406 3649 3596 3720 cupio,
3632 3661 3761 3717 per-

2117 3736 2287 3810 ﬁcere
2317 3758 2493 3824 atque
2521 3751 2669 3821 stylo
2685 3747 3220 3817 exsequinequeam
3238 3757 3332 3797 :eo
3353 3740 3506 3810 quod
3520 3736 3760 3809 perinde

2116 3845 2381 3917 atquein
2420 3846 2582 3915 prato
2630 3840 2810 3903 vario,
2841 3833 3277 3903 innumerisque
3326 3825 3760 3885 ammnitatibus

2117 3914 2387 3997 scatenti,
2422 3932 2491 3985 ad
2523 3944 2583 3984 se
2633 3940 2874 3999 quasque
2924 3938 3016 3979 res
3048 3936 3140 3976 me
3180 3918 3543 3990 pertrahant,
3573 3914 3772 3980 eisque

2116 4021 2441 4078 tractandis
2505 4017 2751 4074 retinere
2822 4016 3122 4071 conentur.
3155 4008 3439 4064 Caeterum
3525 4000 3775 4059 orationi

2120 4129 2260 4168 meaa
2304 4111 2544 4167 modum
2595 4109 2891 4178 imponam
2944 4119 2957 4157 :
3000 4117 3126 4174 qua:
3167 4113 3281 4155 non
3315 4094 3541 4167 longior
3572 4093 3767 4147 futura

2118 4208 2228 4272 est,
2251 4217 2429 4274 quam
2479 4208 2542 4256 ut
2587 4196 3050 4267 qualemcunque
3095 4189 3300 4247 saltem
3352 4184 3467 4241 mei
3512 4198 3651 4274 erga
3703 4186 3761 4236 te

2118 4272 2338 4349 amoris
2394 4293 2451 4347 et
2507 4285 2779 4345 desiderii
2836 4280 3323 4356 signiﬁcationem
3367 4273 3659 4340 exhibeat,
3707 4272 3765 4326 et

2118 4398 2224 4455 ego
2253 4379 2545 4453 egregiam
2578 4376 2638 4432 in
2669 4379 2728 4430 te
2755 4371 3116 4429 voluntatem
3149 4382 3364 4433 meam,
3390 4362 3623 4455 quised
3655 4359 3764 4415 hoc

2117 4450 2315 4542 usque
2332 4450 2568 4538 tempus
2598 4469 2751 4520 tecta
2788 4459 3131 4531 occultaque
3159 4456 3290 4522 fuit,
3325 4470 3459 4542 cum
3491 4450 3764 4542 libertate

360 4553 466 4641 τῆς
514 4553 614 4641 σῆς
671 4543 943 4641 ἀκριϐείας
998 4552 1338 4625 προσθήκαις
1387 4539 1477 4611 καὶ
1529 4557 1868 4632 ἀφαιρέσεσιν
1919 4558 2009 4614 ἐκ·

2120 4539 2313 4633 palam
2359 4555 2674 4613 declarem.
2705 4552 2839 4608 Tuas
2898 4565 3030 4605 vero
3083 4539 3555 4641 mansuetudinis
3594 4542 3770 4608 atque

360 4636 643 4713 καθαίρειν
693 4639 792 4725 τὴλν
852 4643 1183 4720 συγγραφήν.
1238 4646 1460 4708 Πάντως
1500 4649 1604 4725 γάρ
1635 4647 1664 4703 ὅ
1690 4647 1744 4704 τί
1774 4648 1835 4703 ἂν
1864 4651 1899 4718 ἡ
1934 4650 2001 4716 σή

362 4730 551 4803 ψῆφος
588 4722 871 4804 ἀκριϐοῦν
926 4726 1134 4799 ἕλοιτο,
1177 4729 1354 4788 ἐκεῖνο
1409 4732 1476 4804 δὴ
1514 4722 1696 4811 ’κᾶμοὶ
1748 4738 1840 4793 καὶ
1872 4742 2002 4792 πᾶσι

360 4812 561 4891 σχεδὸν
595 4815 757 4892 φῖλον
804 4812 951 4873 ἔσται
1008 4820 1099 4874 καὶ
1152 4821 1575 4899 ἀσφαλέστατον,
1624 4826 1839 4883 πάντων
1886 4825 2004 4881 ὅσοι

356 4905 624 4981 γεγόνασι
686 4905 925 4979 μάλιστα
974 4915 1093 4973 τοῖς
1148 4913 1419 4976 τοιούτοις
1475 4914 1550 4978 είς
1611 4916 1777 4990 βάθος
1834 4915 2011 4987 ἐξικέ-

356 4997 479 5050 σθιιι
532 4994 623 5050 καὶ
682 4992 893 5070 διορᾷν,
941 4998 1098 5075 τάχει
1143 5022 1202 5056 τε
1248 5002 1336 5057 καὶ
1389 5004 1595 5078 μεγέθει
1655 5004 1863 5081 φύσεως
1917 5006 2008 5079 γέ-

362 5103 459 5159 ρας
509 5085 648 5159 πρὸς
698 5090 832 5140 Θεοῦ
875 5087 1133 5163 εἰληχότι
1162 5110 1176 5123 ·
1217 5093 1351 5167 πρὸς
1392 5092 1447 5148 δὲ
1483 5092 1660 5169 λέγειν
1699 5116 1758 5149 τε
1798 5094 1887 5149 καὶ
1918 5115 2013 5171 φι-

354 5173 617 5253 λοσοφεῖν
684 5176 750 5229 τά
796 5176 911 5230 θεῖα
959 5178 1258 5257 σωφρόνως
1314 5182 1427 5255 ἅμα
1474 5183 1563 5238 καὶ
1608 5179 1847 5259 ἀκριϐῶς
1906 5179 2014 5237 δέει

356 5263 508 5339 μάλα
564 5261 770 5335 πολλῷ
829 5261 1080 5339 διειδότι,
1138 5274 1218 5341 νῷ
1271 5291 1330 5326 τε
1386 5270 1450 5326 αὗ
1497 5273 1584 5327 καὶ
1625 5271 1851 5349 γλώττῃ
1894 5269 2019 5327 δια-

346 5351 625 5427 τρανοόσῃ
683 5351 747 5407 τὸ
815 5358 1218 5431 παριστάμενον
1271 5359 1337 5415 τά
1392 5382 1454 5436 γε
1509 5366 1735 5418 τοιαῦτα
1779 5360 2020 5438 διευκρι-

355 5449 471 5500 νεῖν
517 5442 766 5516 ἰσχυρῶς
807 5440 995 5522 ἔχοντι
1019 5466 1033 5481 ο
1082 5447 1158 5510 ὡς
1201 5450 1420 5524 θάτερον
1461 5452 1566 5507 ὑπὸ
1604 5451 1829 5526 θατέρου
1870 5473 2020 5529 γνω-

351 5535 593 5619 ρίζισθαι
631 5551 648 5566 ·
702 5531 786 5588 ὅτι
830 5555 893 5610 γε
947 5535 1080 5592 κάπὶ
1142 5538 1357 5615 βασάνῳ
1412 5538 1551 5611 δῆτα
1605 5546 1675 5619 τῇ
1725 5547 1793 5618 σῇ
1841 5539 2022 5606 οὐδεὶς

350 5624 497 5681 οὕτω
530 5623 736 5699 θρασὺς
764 5630 854 5681 καί
886 5624 1150 5699 αὐθάδης,
1182 5627 1309 5686 ὥστ’
1354 5626 1536 5689 ἔπειτα
1576 5630 1644 5705 δὴ
1685 5635 1777 5690 καί
1826 5631 2024 5690 δάκτυ-

2116 4630 2501 4708 humanitatis
2538 4645 2731 4713 fuerit,
2762 4651 2825 4697 ut
2874 4655 2969 4696 me
3015 4636 3240 4710 placide
3282 4630 3548 4704 aspiciat,
3581 4631 3761 4697 atque

2113 4740 2389 4796 ﬁduciam
2446 4735 2644 4791 animo
2700 4746 2829 4788 meo
2877 4730 3073 4799 addat,
3120 4726 3178 4780 in
3238 4721 3434 4795 primis
3495 4732 3656 4783 vero,
3715 4713 3768 4769 si

2117 4827 2257 4900 quid
2281 4824 2476 4881 minus
2509 4832 2659 4879 recte
2685 4819 2746 4876 in
2787 4819 2897 4875 hoc
2930 4830 3101 4888 opere
3127 4832 3160 4870 a
3188 4828 3282 4867 me
3310 4810 3535 4865 dictum
3568 4802 3765 4900 fuerit,

2119 4890 2186 4972 ut
2214 4913 2358 4970 mihi
2389 4914 2672 4984 ignoscat,
2704 4907 3131 4975 historiamque
3182 4913 3397 4963 meam,
3432 4911 3534 4966 pro
3557 4890 3770 4964 judicii

2121 5005 2214 5062 sui
2262 5001 2605 5068 acrimonia,
2646 4996 2915 5055 addendo
2965 4997 3137 5064 atque
3192 4984 3506 5044 adimendo
3564 4996 3773 5051 repur-

2123 5098 2237 5168 get.
2268 5090 2558 5162 Quidquid
2589 5088 2745 5145 enim
2768 5081 3031 5142 valculus
3064 5086 3202 5136 tuus
3227 5072 3553 5134 accuratius
3576 5084 3765 5125 emen-

2125 5166 2367 5249 daverit,
2398 5181 2456 5236 id
2478 5184 2536 5236 et
2566 5177 2707 5233 mihi
2738 5180 2795 5233 et
2824 5171 3097 5229 omnibus
3128 5167 3258 5225 aliis
3281 5167 3506 5238 gratum
3532 5166 3775 5249 certum-

2127 5288 2238 5345 que
2266 5245 2574 5328 habebitur
2605 5286 2620 5328 ;
2673 5269 2980 5336 propterea
3035 5258 3186 5332 quod
3218 5261 3275 5313 et
3313 5251 3619 5345 omnibus,
3642 5245 3775 5319 qui-

2130 5339 2382 5436 cumque
2435 5362 2615 5424 t'uere,
2665 5355 2769 5411 tibi
2814 5352 3067 5408 maxime
3134 5345 3455 5421 perspicere
3523 5339 3661 5395 talia
3716 5343 3775 5394 et

2130 5432 2579 5524 deprehendere.
2615 5442 3072 5515 promptitudine
3091 5449 3143 5495 et
3173 5432 3496 5493 acrimonia
3526 5435 3771 5494 natura,

2131 5523 2231 5600 Dei
2291 5542 2442 5596 dono
2493 5534 2803 5607 contigerit
2866 5548 2880 5586 :
2939 5535 2997 5587 et.
3047 5528 3200 5603 quod
3259 5526 3544 5581 disserere
3599 5523 3773 5607 atq-ue

2135 5631 2455 5705 disputare,
2516 5603 2910 5683 moderatione
2959 5620 3144 5691 justa,
3202 5619 3262 5675 et
3321 5613 3531 5672 timore
3587 5603 3771 5667 multo
