  <div class='ocr_page' id='page_1' title='image "/cluster/home/n/w/nwhite01/storage/ocr_20150623/145/hvd.32044054086921/287.png"; bbox 0 0 4100 6218; ppageno 0'>
   <div class='ocr_carea' id='block_1_1' title="bbox 378 334 542 402">
    <p class='ocr_par' dir='ltr' id='par_1_1' title="bbox 378 334 542 402">
     <span class='ocr_line' id='line_1_1' title="bbox 378 334 542 402; baseline 0 -6"><span class='ocrx_word' id='word_1_1' title='bbox 378 334 542 402; x_wconf 70' lang='grc' dir='ltr'>,ὀθ3</span> 
     </span>
    </p>
   </div>
   <div class='ocr_carea' id='block_1_2' title="bbox 1714 336 2537 403">
    <p class='ocr_par' dir='ltr' id='par_1_2' title="bbox 1714 336 2537 403">
     <span class='ocr_line' id='line_1_2' title="bbox 1714 336 2537 403; baseline -0.002 -1"><span class='ocrx_word' id='word_1_2' title='bbox 1714 339 2132 403; x_wconf 80' lang='lat' dir='ltr'><strong>NICEPHORI</strong></span> <span class='ocrx_word' id='word_1_3' title='bbox 2176 336 2537 403; x_wconf 79' lang='lat' dir='ltr'><strong>CALLISTI</strong></span> 
     </span>
    </p>
   </div>
   <div class='ocr_carea' id='block_1_3' title="bbox 3716 338 3837 399">
    <p class='ocr_par' dir='ltr' id='par_1_3' title="bbox 3716 338 3837 399">
     <span class='ocr_line' id='line_1_3' title="bbox 3716 338 3837 399; baseline 0 -2"><span class='ocrx_word' id='word_1_4' title='bbox 3716 338 3837 399; x_wconf 69' lang='lat' dir='ltr'><strong>5M</strong></span> 
     </span>
    </p>
   </div>
   <div class='ocr_carea' id='block_1_4' title="bbox 426 467 2086 547">
    <p class='ocr_par' dir='ltr' id='par_1_4' title="bbox 426 472 2080 547">
     <span class='ocr_line' id='line_1_4' title="bbox 426 472 2080 547; baseline 0.002 -18"><span class='ocrx_word' id='word_1_5' title='bbox 426 472 714 543; x_wconf 86' lang='lat' dir='ltr'><strong>adhibito,</strong></span> <span class='ocrx_word' id='word_1_6' title='bbox 733 476 803 532; x_wconf 88' lang='lat' dir='ltr'><strong>de</strong></span> <span class='ocrx_word' id='word_1_7' title='bbox 834 476 1010 532; x_wconf 89' lang='lat' dir='ltr'><strong>rebus</strong></span> <span class='ocrx_word' id='word_1_8' title='bbox 1039 475 1253 531; x_wconf 83' lang='lat' dir='ltr'><strong>divinis</strong></span> <span class='ocrx_word' id='word_1_9' title='bbox 1278 474 1556 547; x_wconf 76' lang='lat' dir='ltr'><strong>eXplieate</strong></span> <span class='ocrx_word' id='word_1_10' title='bbox 1578 476 1733 532; x_wconf 88' lang='lat' dir='ltr'><strong>noris</strong></span> <span class='ocrx_word' id='word_1_11' title='bbox 1757 493 1771 530; x_wconf 92' lang='lat'><strong>:</strong></span> <span class='ocrx_word' id='word_1_12' title='bbox 1808 480 2080 547; x_wconf 64' lang='lat' dir='ltr'><strong>praeterea</strong></span> 
     </span>
    </p>
   </div>
   <div class='ocr_carea' id='block_1_5' title="bbox 2197 467 3838 547">
    <p class='ocr_par' dir='ltr' id='par_1_5' title="bbox 2197 467 3838 546">
     <span class='ocr_line' id='line_1_5' title="bbox 2197 467 3838 546; baseline -0.003 -18"><span class='ocrx_word' id='word_1_13' title='bbox 2197 473 2290 528; x_wconf 90' lang='grc' dir='ltr'><strong>λον</strong></span> <span class='ocrx_word' id='word_1_14' title='bbox 2348 471 2563 545; x_wconf 78' lang='grc' dir='ltr'>τολμᾷν</span> <span class='ocrx_word' id='word_1_15' title='bbox 2621 477 2742 532; x_wconf 86' lang='grc' dir='ltr'>ταῖς</span> <span class='ocrx_word' id='word_1_16' title='bbox 2796 476 3028 546; x_wconf 71' lang='grc' dir='ltr'>γραφαῖς</span> <span class='ocrx_word' id='word_1_17' title='bbox 3081 467 3423 527; x_wconf 73' lang='grc' dir='ltr'>ἐπιϐάλλειν.</span> <span class='ocrx_word' id='word_1_18' title='bbox 3495 473 3594 529; x_wconf 77' lang='grc' dir='ltr'>Καὶ</span> <span class='ocrx_word' id='word_1_19' title='bbox 3651 474 3838 525; x_wconf 79' lang='grc' dir='ltr'>τοίνυν</span> 
     </span>
    </p>
   </div>
   <div class='ocr_carea' id='block_1_6' title="bbox 427 564 2076 637">
    <p class='ocr_par' dir='ltr' id='par_1_6' title="bbox 427 564 2076 637">
     <span class='ocr_line' id='line_1_6' title="bbox 427 564 2076 637; baseline 0 -17"><span class='ocrx_word' id='word_1_20' title='bbox 427 564 588 635; x_wconf 91' lang='lat' dir='ltr'><strong>quod</strong></span> <span class='ocrx_word' id='word_1_21' title='bbox 636 567 830 620; x_wconf 86' lang='lat' dir='ltr'><strong>mente</strong></span> <span class='ocrx_word' id='word_1_22' title='bbox 876 564 1198 635; x_wconf 82' lang='lat' dir='ltr'><strong>concipere,</strong></span> <span class='ocrx_word' id='word_1_23' title='bbox 1248 567 1307 619; x_wconf 90' lang='lat' dir='ltr'><strong>et</strong></span> <span class='ocrx_word' id='word_1_24' title='bbox 1355 580 1451 620; x_wconf 87' lang='lat' dir='ltr'><strong>ore</strong></span> <span class='ocrx_word' id='word_1_25' title='bbox 1508 564 1723 621; x_wconf 91' lang='lat' dir='ltr'><strong>diserto</strong></span> <span class='ocrx_word' id='word_1_26' title='bbox 1767 564 1963 637; x_wconf 83' lang='lat' dir='ltr'><strong>eloqui</strong></span> <span class='ocrx_word' id='word_1_27' title='bbox 2018 566 2076 621; x_wconf 90' lang='lat' dir='ltr'>id</span> 
     </span>
    </p>
   </div>
   <div class='ocr_carea' id='block_1_7' title="bbox 429 654 2079 727">
    <p class='ocr_par' dir='ltr' id='par_1_7' title="bbox 429 654 2079 727">
     <span class='ocr_line' id='line_1_7' title="bbox 429 654 2079 727; baseline 0 -17"><span class='ocrx_word' id='word_1_28' title='bbox 429 655 584 723; x_wconf 91' lang='lat' dir='ltr'><strong>quod</strong></span> <span class='ocrx_word' id='word_1_29' title='bbox 620 656 802 710; x_wconf 87' lang='lat' dir='ltr'><strong>visum</strong></span> <span class='ocrx_word' id='word_1_30' title='bbox 851 658 961 721; x_wconf 89' lang='lat' dir='ltr'><strong>est,</strong></span> <span class='ocrx_word' id='word_1_31' title='bbox 994 654 1354 726; x_wconf 89' lang='lat' dir='ltr'><strong>insuperque</strong></span> <span class='ocrx_word' id='word_1_32' title='bbox 1403 654 1660 725; x_wconf 90' lang='lat' dir='ltr'><strong>idipsum</strong></span> <span class='ocrx_word' id='word_1_33' title='bbox 1696 657 1871 727; x_wconf 81' lang='lat' dir='ltr'><strong>probe</strong></span> <span class='ocrx_word' id='word_1_34' title='bbox 1927 656 2079 725; x_wconf 84' lang='lat' dir='ltr'><strong>diju-</strong></span> 
     </span>
    </p>
   </div>
   <div class='ocr_carea' id='block_1_8' title="bbox 2186 559 3842 636">
    <p class='ocr_par' dir='ltr' id='par_1_8' title="bbox 2186 559 3842 636">
     <span class='ocr_line' id='line_1_8' title="bbox 2186 559 3842 636; baseline -0.002 -19"><span class='ocrx_word' id='word_1_35' title='bbox 2186 560 2375 636; x_wconf 79' lang='grc' dir='ltr'>παρεῖς</span> <span class='ocrx_word' id='word_1_36' title='bbox 2439 564 2507 617; x_wconf 77' lang='grc' dir='ltr'>τὰ</span> <span class='ocrx_word' id='word_1_37' title='bbox 2571 559 2778 629; x_wconf 75' lang='grc' dir='ltr'>πολλὰ,</span> <span class='ocrx_word' id='word_1_38' title='bbox 2840 560 3078 616; x_wconf 70' lang='grc' dir='ltr'>ἐντεῦθέν</span> <span class='ocrx_word' id='word_1_39' title='bbox 3139 562 3299 615; x_wconf 83' lang='grc' dir='ltr'>ποθεν</span> <span class='ocrx_word' id='word_1_40' title='bbox 3359 565 3466 615; x_wconf 79' lang='grc' dir='ltr'><strong>τῶν</strong></span> <span class='ocrx_word' id='word_1_41' title='bbox 3544 561 3669 636; x_wconf 84' lang='grc' dir='ltr'><strong>περί</strong></span> <span class='ocrx_word' id='word_1_42' title='bbox 3744 564 3842 614; x_wconf 66' lang='grc' dir='ltr'><strong>σου</strong></span> 
     </span>
    </p>
   </div>
   <div class='ocr_carea' id='block_1_9' title="bbox 2187 652 2745 728">
    <p class='ocr_par' dir='ltr' id='par_1_9' title="bbox 2187 652 2745 728">
     <span class='ocr_line' id='line_1_9' title="bbox 2187 652 2745 728; baseline -0.002 -19"><span class='ocrx_word' id='word_1_43' title='bbox 2187 653 2371 728; x_wconf 87' lang='grc' dir='ltr'>λόγων</span> <span class='ocrx_word' id='word_1_44' title='bbox 2400 652 2745 727; x_wconf 71' lang='grc' dir='ltr'>ἀπάρχομαι.</span> 
     </span>
    </p>
   </div>
   <div class='ocr_carea' id='block_1_10' title="bbox 427 742 3844 817">
    <p class='ocr_par' dir='ltr' id='par_1_10' title="bbox 427 742 3844 817">
     <span class='ocr_line' id='line_1_10' title="bbox 427 742 3844 817; baseline -0 -17"><span class='ocrx_word' id='word_1_45' title='bbox 427 746 645 813; x_wconf 90' lang='lat' dir='ltr'><strong>dicare,</strong></span> <span class='ocrx_word' id='word_1_46' title='bbox 674 746 756 801; x_wconf 88' lang='lat' dir='ltr'><strong>ita</strong></span> <span class='ocrx_word' id='word_1_47' title='bbox 806 751 870 801; x_wconf 91' lang='lat' dir='ltr'><strong>ut</strong></span> <span class='ocrx_word' id='word_1_48' title='bbox 941 744 1190 801; x_wconf 89' lang='lat' dir='ltr'><strong>alterum</strong></span> <span class='ocrx_word' id='word_1_49' title='bbox 1247 746 1319 801; x_wconf 90' lang='lat' dir='ltr'><strong>ab</strong></span> <span class='ocrx_word' id='word_1_50' title='bbox 1379 744 1561 801; x_wconf 88' lang='lat' dir='ltr'><strong>altero</strong></span> <span class='ocrx_word' id='word_1_51' title='bbox 1604 750 1998 816; x_wconf 89' lang='lat' dir='ltr'><strong>pernoscatur,</strong></span> <span class='ocrx_word' id='word_1_52' title='bbox 2030 746 2245 817; x_wconf 83' lang='lat' dir='ltr'><strong>optime</strong></span> <span class='ocrx_word' id='word_1_53' title='bbox 2301 746 2505 816; x_wconf 87' lang='lat' dir='ltr'><strong>possis.</strong></span> <span class='ocrx_word' id='word_1_54' title='bbox 2576 748 2778 816; x_wconf 77' lang='lat' dir='ltr'><strong>Neque</strong></span> <span class='ocrx_word' id='word_1_55' title='bbox 2844 744 3115 814; x_wconf 89' lang='lat' dir='ltr'><strong>quisdam</strong></span> <span class='ocrx_word' id='word_1_56' title='bbox 3186 742 3473 815; x_wconf 87' lang='lat' dir='ltr'><strong>reperitur</strong></span> <span class='ocrx_word' id='word_1_57' title='bbox 3519 760 3647 799; x_wconf 88' lang='lat' dir='ltr'><strong>esse</strong></span> <span class='ocrx_word' id='word_1_58' title='bbox 3723 749 3844 798; x_wconf 84' lang='lat' dir='ltr'><strong>tam</strong></span> 
     </span>
    </p>
   </div>
   <div class='ocr_carea' id='block_1_11' title="bbox 429 831 3843 909">
    <p class='ocr_par' dir='ltr' id='par_1_11' title="bbox 429 831 3843 909">
     <span class='ocr_line' id='line_1_11' title="bbox 429 831 3843 909; baseline -0.001 -18"><span class='ocrx_word' id='word_1_59' title='bbox 429 838 619 892; x_wconf 81' lang='lat' dir='ltr'><strong>audax</strong></span> <span class='ocrx_word' id='word_1_60' title='bbox 650 841 707 892; x_wconf 86' lang='lat' dir='ltr'><strong>et</strong></span> <span class='ocrx_word' id='word_1_61' title='bbox 753 836 1113 901; x_wconf 86' lang='lat' dir='ltr'><strong>temerarius,</strong></span> <span class='ocrx_word' id='word_1_62' title='bbox 1142 836 1265 909; x_wconf 84' lang='lat' dir='ltr'><strong>qui,</strong></span> <span class='ocrx_word' id='word_1_63' title='bbox 1304 841 1434 906; x_wconf 89' lang='lat' dir='ltr'><strong>post</strong></span> <span class='ocrx_word' id='word_1_64' title='bbox 1464 834 1666 891; x_wconf 84' lang='lat' dir='ltr'><strong>limam</strong></span> <span class='ocrx_word' id='word_1_65' title='bbox 1708 837 2113 907; x_wconf 87' lang='lat' dir='ltr'><strong>judiciumqne</strong></span> <span class='ocrx_word' id='word_1_66' title='bbox 2141 842 2331 902; x_wconf 90' lang='lat' dir='ltr'><strong>tuum,</strong></span> <span class='ocrx_word' id='word_1_67' title='bbox 2374 834 2626 906; x_wconf 79' lang='lat' dir='ltr'><strong>digitum</strong></span> <span class='ocrx_word' id='word_1_68' title='bbox 2679 831 2950 889; x_wconf 87' lang='lat' dir='ltr'><strong>adbibere</strong></span> <span class='ocrx_word' id='word_1_69' title='bbox 3007 831 3241 905; x_wconf 80' lang='lat' dir='ltr'><strong>scriptis</strong></span> <span class='ocrx_word' id='word_1_70' title='bbox 3272 838 3591 889; x_wconf 86' lang='lat' dir='ltr'><strong>susteneat.</strong></span> <span class='ocrx_word' id='word_1_71' title='bbox 3631 834 3843 904; x_wconf 78' lang='lat' dir='ltr'><strong>Itaque</strong></span> 
     </span>
    </p>
   </div>
   <div class='ocr_carea' id='block_1_12' title="bbox 430 924 2652 987">
    <p class='ocr_par' dir='ltr' id='par_1_12' title="bbox 430 924 2652 987">
     <span class='ocr_line' id='line_1_12' title="bbox 430 924 2652 987; baseline -0.002 -6"><span class='ocrx_word' id='word_1_72' title='bbox 430 926 607 982; x_wconf 89' lang='lat' dir='ltr'><strong>rebus</strong></span> <span class='ocrx_word' id='word_1_73' title='bbox 654 925 862 982; x_wconf 89' lang='lat' dir='ltr'><strong>multis</strong></span> <span class='ocrx_word' id='word_1_74' title='bbox 893 926 1148 987; x_wconf 88' lang='lat' dir='ltr'><strong>omissis,</strong></span> <span class='ocrx_word' id='word_1_75' title='bbox 1172 926 1308 981; x_wconf 89' lang='lat' dir='ltr'><strong>inde</strong></span> <span class='ocrx_word' id='word_1_76' title='bbox 1340 925 1576 980; x_wconf 79' lang='lat' dir='ltr'><strong>tandem</strong></span> <span class='ocrx_word' id='word_1_77' title='bbox 1613 926 1934 981; x_wconf 89' lang='lat' dir='ltr'><strong>orationem</strong></span> <span class='ocrx_word' id='word_1_78' title='bbox 1981 927 2054 980; x_wconf 91' lang='lat' dir='ltr'><strong>de</strong></span> <span class='ocrx_word' id='word_1_79' title='bbox 2084 927 2258 981; x_wconf 84' lang='lat' dir='ltr'><strong>rebus</strong></span> <span class='ocrx_word' id='word_1_80' title='bbox 2284 926 2405 980; x_wconf 84' lang='lat' dir='ltr'><strong>tuis</strong></span> <span class='ocrx_word' id='word_1_81' title='bbox 2433 924 2652 981; x_wconf 89' lang='lat' dir='ltr'><strong>ordiar.</strong></span> 
     </span>
    </p>
   </div>
   <div class='ocr_carea' id='block_1_13' title="bbox 500 1013 2072 1085">
    <p class='ocr_par' dir='ltr' id='par_1_13' title="bbox 500 1013 2072 1085">
     <span class='ocr_line' id='line_1_13' title="bbox 500 1013 2072 1085; baseline -0.003 -12"><span class='ocrx_word' id='word_1_82' title='bbox 500 1013 559 1073; x_wconf 75' lang='lat'><strong>3</strong></span> <span class='ocrx_word' id='word_1_83' title='bbox 622 1015 764 1070; x_wconf 87' lang='lat' dir='ltr'><strong>Cum</strong></span> <span class='ocrx_word' id='word_1_84' title='bbox 822 1014 977 1071; x_wconf 89' lang='lat' dir='ltr'><strong>enim</strong></span> <span class='ocrx_word' id='word_1_85' title='bbox 1052 1014 1227 1070; x_wconf 91' lang='lat' dir='ltr'><strong>veluti</strong></span> <span class='ocrx_word' id='word_1_86' title='bbox 1313 1014 1603 1085; x_wconf 83' lang='lat' dir='ltr'><strong>quispiam</strong></span> <span class='ocrx_word' id='word_1_87' title='bbox 1669 1030 1868 1070; x_wconf 88' lang='lat' dir='ltr'><strong>eorum</strong></span> <span class='ocrx_word' id='word_1_88' title='bbox 1971 1014 2072 1085; x_wconf 89' lang='lat' dir='ltr'><strong>qui</strong></span> 
     </span>
    </p>
   </div>
   <div class='ocr_carea' id='block_1_14' title="bbox 430 1102 2076 1177">
    <p class='ocr_par' dir='ltr' id='par_1_14' title="bbox 430 1102 2076 1177">
     <span class='ocr_line' id='line_1_14' title="bbox 430 1102 2076 1177; baseline -0.002 -16"><span class='ocrx_word' id='word_1_89' title='bbox 430 1104 717 1177; x_wconf 71' lang='lat' dir='ltr'><strong>singulari</strong></span> <span class='ocrx_word' id='word_1_90' title='bbox 780 1102 882 1160; x_wconf 88' lang='lat' dir='ltr'><strong>Dei</strong></span> <span class='ocrx_word' id='word_1_91' title='bbox 965 1105 1117 1159; x_wconf 88' lang='lat' dir='ltr'><strong>dono</strong></span> <span class='ocrx_word' id='word_1_92' title='bbox 1183 1102 1302 1159; x_wconf 86' lang='lat' dir='ltr'><strong>dati</strong></span> <span class='ocrx_word' id='word_1_93' title='bbox 1367 1109 1526 1171; x_wconf 89' lang='lat' dir='ltr'><strong>sunt,</strong></span> <span class='ocrx_word' id='word_1_94' title='bbox 1591 1105 1943 1173; x_wconf 88' lang='lat' dir='ltr'><strong>optimorum</strong></span> <span class='ocrx_word' id='word_1_95' title='bbox 2020 1110 2076 1159; x_wconf 89' lang='lat' dir='ltr'><strong>et</strong></span> 
     </span>
    </p>
   </div>
   <div class='ocr_carea' id='block_1_15' title="bbox 430 1191 2072 1259">
    <p class='ocr_par' dir='ltr' id='par_1_15' title="bbox 430 1191 2072 1259">
     <span class='ocr_line' id='line_1_15' title="bbox 430 1191 2072 1259; baseline -0.004 -8"><span class='ocrx_word' id='word_1_96' title='bbox 430 1194 934 1251; x_wconf 88' lang='lat' dir='ltr'><strong>nobilissimorum</strong></span> <span class='ocrx_word' id='word_1_97' title='bbox 984 1192 1214 1249; x_wconf 85' lang='lat' dir='ltr'><strong>illorum</strong></span> <span class='ocrx_word' id='word_1_98' title='bbox 1283 1191 1559 1259; x_wconf 90' lang='lat' dir='ltr'><strong>virorum,</strong></span> <span class='ocrx_word' id='word_1_99' title='bbox 1622 1192 1803 1259; x_wconf 83' lang='lat' dir='ltr'><strong>nasci,</strong></span> <span class='ocrx_word' id='word_1_100' title='bbox 1861 1198 1915 1247; x_wconf 89' lang='lat' dir='ltr'><strong>et</strong></span> <span class='ocrx_word' id='word_1_101' title='bbox 1963 1192 2072 1245; x_wconf 91' lang='lat' dir='ltr'><strong>im-</strong></span> 
     </span>
    </p>
   </div>
   <div class='ocr_carea' id='block_1_16' title="bbox 430 1281 2075 1356">
    <p class='ocr_par' dir='ltr' id='par_1_16' title="bbox 430 1281 2075 1356">
     <span class='ocr_line' id='line_1_16' title="bbox 430 1281 2075 1356; baseline -0.002 -16"><span class='ocrx_word' id='word_1_102' title='bbox 430 1285 657 1356; x_wconf 89' lang='lat' dir='ltr'><strong>perium</strong></span> <span class='ocrx_word' id='word_1_103' title='bbox 706 1283 766 1338; x_wconf 90' lang='lat' dir='ltr'><strong>in</strong></span> <span class='ocrx_word' id='word_1_104' title='bbox 826 1283 1094 1341; x_wconf 84' lang='lat' dir='ltr'><strong>homines</strong></span> <span class='ocrx_word' id='word_1_105' title='bbox 1170 1281 1472 1338; x_wconf 89' lang='lat' dir='ltr'><strong>universos</strong></span> <span class='ocrx_word' id='word_1_106' title='bbox 1549 1282 1845 1350; x_wconf 82' lang='lat' dir='ltr'><strong>suscipere</strong></span> <span class='ocrx_word' id='word_1_107' title='bbox 1905 1281 2075 1337; x_wconf 88' lang='lat' dir='ltr'><strong>debe-</strong></span> 
     </span>
    </p>
   </div>
   <div class='ocr_carea' id='block_1_17' title="bbox 431 1370 2074 1444">
    <p class='ocr_par' dir='ltr' id='par_1_17' title="bbox 431 1370 2074 1444">
     <span class='ocr_line' id='line_1_17' title="bbox 431 1370 2074 1444; baseline -0.001 -16"><span class='ocrx_word' id='word_1_108' title='bbox 431 1389 548 1442; x_wconf 85' lang='lat' dir='ltr'><strong>res,</strong></span> <span class='ocrx_word' id='word_1_109' title='bbox 580 1375 773 1444; x_wconf 89' lang='lat' dir='ltr'><strong>magni</strong></span> <span class='ocrx_word' id='word_1_110' title='bbox 809 1371 1038 1427; x_wconf 86' lang='lat' dir='ltr'><strong>consilii</strong></span> <span class='ocrx_word' id='word_1_111' title='bbox 1071 1370 1329 1441; x_wconf 83' lang='lat' dir='ltr'><strong>angelus,</strong></span> <span class='ocrx_word' id='word_1_112' title='bbox 1362 1387 1429 1427; x_wconf 88' lang='lat' dir='ltr'><strong>ac</strong></span> <span class='ocrx_word' id='word_1_113' title='bbox 1476 1372 1673 1442; x_wconf 82' lang='lat' dir='ltr'><strong>potius</strong></span> <span class='ocrx_word' id='word_1_114' title='bbox 1704 1386 1894 1426; x_wconf 87' lang='lat' dir='ltr'><strong>rerum</strong></span> <span class='ocrx_word' id='word_1_115' title='bbox 1949 1371 2074 1426; x_wconf 89' lang='lat' dir='ltr'><strong>uui-</strong></span> 
     </span>
    </p>
   </div>
   <div class='ocr_carea' id='block_1_18' title="bbox 430 1458 2069 1532">
    <p class='ocr_par' dir='ltr' id='par_1_18' title="bbox 430 1458 2069 1532">
     <span class='ocr_line' id='line_1_18' title="bbox 430 1458 2069 1532; baseline -0.002 -14"><span class='ocrx_word' id='word_1_116' title='bbox 430 1477 732 1518; x_wconf 85' lang='lat' dir='ltr'><strong>versarum</strong></span> <span class='ocrx_word' id='word_1_117' title='bbox 780 1462 947 1517; x_wconf 87' lang='lat' dir='ltr'><strong>Pater</strong></span> <span class='ocrx_word' id='word_1_118' title='bbox 993 1468 1164 1532; x_wconf 84' lang='lat' dir='ltr'><strong>atque</strong></span> <span class='ocrx_word' id='word_1_119' title='bbox 1207 1465 1413 1526; x_wconf 86' lang='lat' dir='ltr'><strong>rector,</strong></span> <span class='ocrx_word' id='word_1_120' title='bbox 1448 1459 1754 1516; x_wconf 82' lang='lat' dir='ltr'><strong>consilium</strong></span> <span class='ocrx_word' id='word_1_121' title='bbox 1813 1458 2069 1529; x_wconf 86' lang='lat' dir='ltr'><strong>agitavit,</strong></span> 
     </span>
    </p>
   </div>
   <div class='ocr_carea' id='block_1_19' title="bbox 430 1548 2075 1623">
    <p class='ocr_par' dir='ltr' id='par_1_19' title="bbox 430 1548 2075 1623">
     <span class='ocr_line' id='line_1_19' title="bbox 430 1548 2075 1623; baseline -0.004 -15"><span class='ocrx_word' id='word_1_122' title='bbox 430 1555 488 1608; x_wconf 88' lang='lat' dir='ltr'><strong>et</strong></span> <span class='ocrx_word' id='word_1_123' title='bbox 516 1551 586 1606; x_wconf 90' lang='lat' dir='ltr'><strong>ad</strong></span> <span class='ocrx_word' id='word_1_124' title='bbox 636 1566 736 1607; x_wconf 89' lang='lat' dir='ltr'><strong>eos</strong></span> <span class='ocrx_word' id='word_1_125' title='bbox 794 1551 892 1623; x_wconf 91' lang='lat' dir='ltr'><strong>qui</strong></span> <span class='ocrx_word' id='word_1_126' title='bbox 932 1566 1068 1605; x_wconf 90' lang='lat' dir='ltr'><strong>cum</strong></span> <span class='ocrx_word' id='word_1_127' title='bbox 1120 1548 1219 1605; x_wconf 89' lang='lat' dir='ltr'><strong>illo</strong></span> <span class='ocrx_word' id='word_1_128' title='bbox 1265 1549 1532 1619; x_wconf 85' lang='lat' dir='ltr'><strong>ejusdem</strong></span> <span class='ocrx_word' id='word_1_129' title='bbox 1578 1558 1717 1603; x_wconf 90' lang='lat' dir='ltr'><strong>sunt</strong></span> <span class='ocrx_word' id='word_1_130' title='bbox 1747 1553 1968 1603; x_wconf 66' lang='lat' dir='ltr'><strong>natura:</strong></span> <span class='ocrx_word' id='word_1_131' title='bbox 2021 1557 2075 1603; x_wconf 88' lang='lat' dir='ltr'><strong>et</strong></span> 
     </span>
    </p>
   </div>
   <div class='ocr_carea' id='block_1_20' title="bbox 430 1636 2075 1711">
    <p class='ocr_par' dir='ltr' id='par_1_20' title="bbox 430 1636 2075 1711">
     <span class='ocr_line' id='line_1_20' title="bbox 430 1636 2075 1711; baseline -0.002 -16"><span class='ocrx_word' id='word_1_132' title='bbox 430 1639 670 1697; x_wconf 91' lang='lat' dir='ltr'><strong>honoris</strong></span> <span class='ocrx_word' id='word_1_133' title='bbox 711 1655 726 1695; x_wconf 90' lang='lat'><strong>:</strong></span> <span class='ocrx_word' id='word_1_134' title='bbox 770 1640 1068 1696; x_wconf 86' lang='lat' dir='ltr'><strong>Faciamus</strong></span> <span class='ocrx_word' id='word_1_135' title='bbox 1109 1638 1348 1711; x_wconf 84' lang='lat' dir='ltr'><strong>(inquit)</strong></span> <span class='ocrx_word' id='word_1_136' title='bbox 1394 1655 1629 1695; x_wconf 88' lang='lat' dir='ltr'><strong>rursum</strong></span> <span class='ocrx_word' id='word_1_137' title='bbox 1673 1636 1970 1693; x_wconf 87' lang='lat' dir='ltr'><strong>hominem</strong></span> <span class='ocrx_word' id='word_1_138' title='bbox 2001 1637 2075 1692; x_wconf 90' lang='lat' dir='ltr'><strong>ad</strong></span> 
     </span>
    </p>
   </div>
   <div class='ocr_carea' id='block_1_21' title="bbox 429 1726 2076 1801">
    <p class='ocr_par' dir='ltr' id='par_1_21' title="bbox 429 1726 2076 1801">
     <span class='ocr_line' id='line_1_21' title="bbox 429 1726 2076 1801; baseline -0.001 -19"><span class='ocrx_word' id='word_1_139' title='bbox 429 1727 743 1801; x_wconf 83' lang='lat' dir='ltr'><strong>imaginem</strong></span> <span class='ocrx_word' id='word_1_140' title='bbox 790 1732 1067 1797; x_wconf 88' lang='lat' dir='ltr'><strong>nostram,</strong></span> <span class='ocrx_word' id='word_1_141' title='bbox 1097 1733 1155 1784; x_wconf 87' lang='lat' dir='ltr'><strong>et</strong></span> <span class='ocrx_word' id='word_1_142' title='bbox 1208 1728 1644 1784; x_wconf 82' lang='lat' dir='ltr'><strong>similitudinem</strong></span> <span class='ocrx_word' id='word_1_143' title='bbox 1704 1726 1876 1797; x_wconf 89' lang='lat' dir='ltr'><strong>primi</strong></span> <span class='ocrx_word' id='word_1_144' title='bbox 1918 1726 2076 1781; x_wconf 91' lang='lat' dir='ltr'><strong>illius</strong></span> 
     </span>
    </p>
   </div>
   <div class='ocr_carea' id='block_1_22' title="bbox 431 1816 2075 1889">
    <p class='ocr_par' dir='ltr' id='par_1_22' title="bbox 431 1816 2075 1889">
     <span class='ocr_line' id='line_1_22' title="bbox 431 1816 2075 1889; baseline -0.002 -16"><span class='ocrx_word' id='word_1_145' title='bbox 431 1819 533 1889; x_wconf 88' lang='lat' dir='ltr'><strong>qui</strong></span> <span class='ocrx_word' id='word_1_146' title='bbox 584 1819 807 1873; x_wconf 91' lang='lat' dir='ltr'><strong>dudum</strong></span> <span class='ocrx_word' id='word_1_147' title='bbox 855 1817 1126 1873; x_wconf 86' lang='lat' dir='ltr'><strong>difﬂuxit.</strong></span> <span class='ocrx_word' id='word_1_148' title='bbox 1152 1818 1219 1872; x_wconf 86' lang='lat' dir='ltr'><strong>Et</strong></span> <span class='ocrx_word' id='word_1_149' title='bbox 1248 1818 1443 1873; x_wconf 90' lang='lat' dir='ltr'><strong>editus</strong></span> <span class='ocrx_word' id='word_1_150' title='bbox 1485 1834 1568 1886; x_wconf 87' lang='lat' dir='ltr'><strong>es,</strong></span> <span class='ocrx_word' id='word_1_151' title='bbox 1601 1817 1795 1872; x_wconf 85' lang='lat' dir='ltr'><strong>divina</strong></span> <span class='ocrx_word' id='word_1_152' title='bbox 1826 1816 2075 1887; x_wconf 86' lang='lat' dir='ltr'><strong>quadam</strong></span> 
     </span>
    </p>
   </div>
   <div class='ocr_carea' id='block_1_23' title="bbox 430 1904 2075 1977">
    <p class='ocr_par' dir='ltr' id='par_1_23' title="bbox 430 1904 2075 1977">
     <span class='ocr_line' id='line_1_23' title="bbox 430 1904 2075 1977; baseline -0.001 -17"><span class='ocrx_word' id='word_1_153' title='bbox 430 1906 486 1961; x_wconf 91' lang='lat' dir='ltr'><strong>vi</strong></span> <span class='ocrx_word' id='word_1_154' title='bbox 507 1911 563 1961; x_wconf 86' lang='lat' dir='ltr'><strong>et</strong></span> <span class='ocrx_word' id='word_1_155' title='bbox 594 1910 823 1971; x_wconf 86' lang='lat' dir='ltr'><strong>natura,</strong></span> <span class='ocrx_word' id='word_1_156' title='bbox 848 1907 1052 1976; x_wconf 88' lang='lat' dir='ltr'><strong>spiritu</strong></span> <span class='ocrx_word' id='word_1_157' title='bbox 1074 1908 1202 1961; x_wconf 69' lang='lat' dir='ltr'><strong>vita:</strong></span> <span class='ocrx_word' id='word_1_158' title='bbox 1233 1906 1336 1960; x_wconf 90' lang='lat' dir='ltr'><strong>tibi</strong></span> <span class='ocrx_word' id='word_1_159' title='bbox 1367 1906 1583 1973; x_wconf 75' lang='lat' dir='ltr'><strong>afﬂato,</strong></span> <span class='ocrx_word' id='word_1_160' title='bbox 1615 1907 1713 1977; x_wconf 87' lang='lat' dir='ltr'><strong>qui</strong></span> <span class='ocrx_word' id='word_1_161' title='bbox 1737 1906 1925 1960; x_wconf 88' lang='lat' dir='ltr'><strong>vitalis</strong></span> <span class='ocrx_word' id='word_1_162' title='bbox 1946 1904 2075 1958; x_wconf 88' lang='lat' dir='ltr'><strong>aliis</strong></span> 
     </span>
    </p>
   </div>
   <div class='ocr_carea' id='block_1_24' title="bbox 431 1994 2074 2067">
    <p class='ocr_par' dir='ltr' id='par_1_24' title="bbox 431 1994 2074 2067">
     <span class='ocr_line' id='line_1_24' title="bbox 431 1994 2074 2067; baseline -0.001 -19"><span class='ocrx_word' id='word_1_163' title='bbox 431 1996 637 2064; x_wconf 87' lang='lat' dir='ltr'><strong>virtus,</strong></span> <span class='ocrx_word' id='word_1_164' title='bbox 669 1996 1078 2067; x_wconf 64' lang='lat' dir='ltr'><strong>primitiaeque,</strong></span> <span class='ocrx_word' id='word_1_165' title='bbox 1099 2000 1157 2051; x_wconf 94' lang='lat' dir='ltr'><strong>et</strong></span> <span class='ocrx_word' id='word_1_166' title='bbox 1191 1994 1362 2067; x_wconf 89' lang='lat' dir='ltr'><strong>quasi</strong></span> <span class='ocrx_word' id='word_1_167' title='bbox 1392 1996 1627 2067; x_wconf 88' lang='lat' dir='ltr'><strong>quidam</strong></span> <span class='ocrx_word' id='word_1_168' title='bbox 1667 1995 1816 2050; x_wconf 87' lang='lat' dir='ltr'><strong>alius</strong></span> <span class='ocrx_word' id='word_1_169' title='bbox 1845 1994 2074 2065; x_wconf 88' lang='lat' dir='ltr'><strong>generis</strong></span> 
     </span>
    </p>
   </div>
   <div class='ocr_carea' id='block_1_25' title="bbox 434 2083 2073 2157">
    <p class='ocr_par' dir='ltr' id='par_1_25' title="bbox 434 2083 2073 2157">
     <span class='ocr_line' id='line_1_25' title="bbox 434 2083 2073 2157; baseline -0.002 -17"><span class='ocrx_word' id='word_1_170' title='bbox 434 2084 704 2157; x_wconf 83' lang='lat' dir='ltr'><strong>princeps</strong></span> <span class='ocrx_word' id='word_1_171' title='bbox 741 2086 798 2139; x_wconf 91' lang='lat' dir='ltr'><strong>in</strong></span> <span class='ocrx_word' id='word_1_172' title='bbox 839 2085 977 2140; x_wconf 88' lang='lat' dir='ltr'><strong>orbe</strong></span> <span class='ocrx_word' id='word_1_173' title='bbox 1027 2090 1225 2141; x_wconf 88' lang='lat' dir='ltr'><strong>nostro</strong></span> <span class='ocrx_word' id='word_1_174' title='bbox 1275 2086 1509 2140; x_wconf 89' lang='lat' dir='ltr'><strong>futurus</strong></span> <span class='ocrx_word' id='word_1_175' title='bbox 1556 2101 1707 2140; x_wconf 90' lang='lat' dir='ltr'><strong>eras.</strong></span> <span class='ocrx_word' id='word_1_176' title='bbox 1740 2083 1863 2147; x_wconf 88' lang='lat' dir='ltr'><strong>Qua</strong></span> <span class='ocrx_word' id='word_1_177' title='bbox 1893 2084 1953 2137; x_wconf 90' lang='lat' dir='ltr'><strong>in</strong></span> <span class='ocrx_word' id='word_1_178' title='bbox 1995 2099 2073 2150; x_wconf 88' lang='lat' dir='ltr'><strong>re,</strong></span> 
     </span>
    </p>
   </div>
   <div class='ocr_carea' id='block_1_26' title="bbox 432 2173 2076 2245">
    <p class='ocr_par' dir='ltr' id='par_1_26' title="bbox 432 2173 2076 2245">
     <span class='ocr_line' id='line_1_26' title="bbox 432 2173 2076 2245; baseline -0.002 -16"><span class='ocrx_word' id='word_1_179' title='bbox 432 2173 555 2241; x_wconf 90' lang='lat' dir='ltr'><strong>illa,</strong></span> <span class='ocrx_word' id='word_1_180' title='bbox 587 2174 827 2245; x_wconf 91' lang='lat' dir='ltr'><strong>perinde</strong></span> <span class='ocrx_word' id='word_1_181' title='bbox 882 2179 1059 2245; x_wconf 88' lang='lat' dir='ltr'><strong>atque</strong></span> <span class='ocrx_word' id='word_1_182' title='bbox 1122 2175 1507 2230; x_wconf 88' lang='lat' dir='ltr'><strong>instrumento</strong></span> <span class='ocrx_word' id='word_1_183' title='bbox 1574 2178 1630 2229; x_wconf 90' lang='lat' dir='ltr'><strong>et</strong></span> <span class='ocrx_word' id='word_1_184' title='bbox 1683 2179 1915 2229; x_wconf 90' lang='lat' dir='ltr'><strong>auctore</strong></span> <span class='ocrx_word' id='word_1_185' title='bbox 1969 2189 2076 2227; x_wconf 89' lang='lat' dir='ltr'><strong>usa</strong></span> 
     </span>
    </p>
   </div>
   <div class='ocr_carea' id='block_1_27' title="bbox 434 2262 2073 2335">
    <p class='ocr_par' dir='ltr' id='par_1_27' title="bbox 434 2262 2073 2335">
     <span class='ocr_line' id='line_1_27' title="bbox 434 2262 2073 2335; baseline -0.002 -16"><span class='ocrx_word' id='word_1_186' title='bbox 434 2268 525 2319; x_wconf 87' lang='lat' dir='ltr'><strong>est</strong></span> <span class='ocrx_word' id='word_1_187' title='bbox 582 2267 745 2333; x_wconf 84' lang='lat' dir='ltr'><strong>patre</strong></span> <span class='ocrx_word' id='word_1_188' title='bbox 787 2268 907 2333; x_wconf 89' lang='lat' dir='ltr'><strong>tuo,</strong></span> <span class='ocrx_word' id='word_1_189' title='bbox 950 2263 1051 2335; x_wconf 88' lang='lat' dir='ltr'><strong>qui</strong></span> <span class='ocrx_word' id='word_1_190' title='bbox 1099 2265 1385 2334; x_wconf 79' lang='lat' dir='ltr'><strong>maiorum</strong></span> <span class='ocrx_word' id='word_1_191' title='bbox 1444 2279 1684 2318; x_wconf 89' lang='lat' dir='ltr'><strong>suorum</strong></span> <span class='ocrx_word' id='word_1_192' title='bbox 1746 2262 2073 2333; x_wconf 88' lang='lat' dir='ltr'><strong>splendore,</strong></span> 
     </span>
    </p>
   </div>
   <div class='ocr_carea' id='block_1_28' title="bbox 437 2352 2077 2424">
    <p class='ocr_par' dir='ltr' id='par_1_28' title="bbox 437 2352 2077 2424">
     <span class='ocr_line' id='line_1_28' title="bbox 437 2352 2077 2424; baseline -0.001 -16"><span class='ocrx_word' id='word_1_193' title='bbox 437 2352 758 2420; x_wconf 85' lang='lat' dir='ltr'><strong>nobilitate,</strong></span> <span class='ocrx_word' id='word_1_194' title='bbox 805 2354 1190 2416; x_wconf 83' lang='lat' dir='ltr'><strong>amplitudine</strong></span> <span class='ocrx_word' id='word_1_195' title='bbox 1249 2352 1461 2424; x_wconf 72' lang='lat' dir='ltr'><strong>glorise,</strong></span> <span class='ocrx_word' id='word_1_196' title='bbox 1512 2361 1631 2408; x_wconf 87' lang='lat' dir='ltr'><strong>arte</strong></span> <span class='ocrx_word' id='word_1_197' title='bbox 1688 2352 2077 2422; x_wconf 82' lang='lat' dir='ltr'><strong>imperatoria,</strong></span> 
     </span>
    </p>
   </div>
   <div class='ocr_carea' id='block_1_29' title="bbox 435 2440 2077 2514">
    <p class='ocr_par' dir='ltr' id='par_1_29' title="bbox 435 2440 2077 2514">
     <span class='ocr_line' id='line_1_29' title="bbox 435 2440 2077 2514; baseline -0.002 -17"><span class='ocrx_word' id='word_1_198' title='bbox 435 2440 673 2513; x_wconf 90' lang='lat' dir='ltr'><strong>opibus,</strong></span> <span class='ocrx_word' id='word_1_199' title='bbox 694 2441 893 2499; x_wconf 82' lang='lat' dir='ltr'><strong>adhaec</strong></span> <span class='ocrx_word' id='word_1_200' title='bbox 915 2442 1241 2514; x_wconf 86' lang='lat' dir='ltr'><strong>prudentia,</strong></span> <span class='ocrx_word' id='word_1_201' title='bbox 1275 2442 1634 2510; x_wconf 87' lang='lat' dir='ltr'><strong>fortitudine,</strong></span> <span class='ocrx_word' id='word_1_202' title='bbox 1665 2449 1721 2497; x_wconf 92' lang='lat' dir='ltr'><strong>et</strong></span> <span class='ocrx_word' id='word_1_203' title='bbox 1750 2448 1971 2497; x_wconf 62' lang='lat' dir='ltr'><strong>natura</strong></span> <span class='ocrx_word' id='word_1_204' title='bbox 2001 2440 2077 2512; x_wconf 91' lang='lat' dir='ltr'><strong>vi,</strong></span> 
     </span>
    </p>
   </div>
   <div class='ocr_carea' id='block_1_30' title="bbox 433 2530 2079 2605">
    <p class='ocr_par' dir='ltr' id='par_1_30' title="bbox 433 2530 2079 2605">
     <span class='ocr_line' id='line_1_30' title="bbox 433 2530 2079 2605; baseline -0.002 -16"><span class='ocrx_word' id='word_1_205' title='bbox 433 2533 881 2604; x_wconf 86' lang='lat' dir='ltr'><strong>antiquissimos</strong></span> <span class='ocrx_word' id='word_1_206' title='bbox 924 2549 1185 2605; x_wconf 90' lang='lat' dir='ltr'><strong>quosque</strong></span> <span class='ocrx_word' id='word_1_207' title='bbox 1235 2534 1442 2605; x_wconf 87' lang='lat' dir='ltr'><strong>suique</strong></span> <span class='ocrx_word' id='word_1_208' title='bbox 1472 2538 1529 2590; x_wconf 91' lang='lat' dir='ltr'><strong>et</strong></span> <span class='ocrx_word' id='word_1_209' title='bbox 1584 2532 1765 2590; x_wconf 78' lang='lat' dir='ltr'><strong>nostri</strong></span> <span class='ocrx_word' id='word_1_210' title='bbox 1794 2530 2079 2604; x_wconf 92' lang='lat' dir='ltr'><strong>temporis</strong></span> 
     </span>
    </p>
   </div>
   <div class='ocr_carea' id='block_1_31' title="bbox 438 2620 2079 2693">
    <p class='ocr_par' dir='ltr' id='par_1_31' title="bbox 438 2620 2079 2693">
     <span class='ocr_line' id='line_1_31' title="bbox 438 2620 2079 2693; baseline -0.002 -17"><span class='ocrx_word' id='word_1_211' title='bbox 438 2620 733 2693; x_wconf 88' lang='lat' dir='ltr'><strong>principes</strong></span> <span class='ocrx_word' id='word_1_212' title='bbox 784 2620 1131 2677; x_wconf 76' lang='lat' dir='ltr'><strong>obsecravit.</strong></span> <span class='ocrx_word' id='word_1_213' title='bbox 1190 2621 1306 2677; x_wconf 86' lang='lat' dir='ltr'><strong>Nec</strong></span> <span class='ocrx_word' id='word_1_214' title='bbox 1367 2620 1472 2688; x_wconf 93' lang='lat' dir='ltr'><strong>illi,</strong></span> <span class='ocrx_word' id='word_1_215' title='bbox 1523 2637 1658 2676; x_wconf 91' lang='lat' dir='ltr'><strong>cum</strong></span> <span class='ocrx_word' id='word_1_216' title='bbox 1742 2624 1913 2676; x_wconf 89' lang='lat' dir='ltr'><strong>antea</strong></span> <span class='ocrx_word' id='word_1_217' title='bbox 1988 2634 2079 2673; x_wconf 87' lang='lat' dir='ltr'><strong>res</strong></span> 
     </span>
    </p>
   </div>
   <div class='ocr_carea' id='block_1_32' title="bbox 438 2708 2079 2781">
    <p class='ocr_par' dir='ltr' id='par_1_32' title="bbox 438 2708 2079 2781">
     <span class='ocr_line' id='line_1_32' title="bbox 438 2708 2079 2781; baseline -0.002 -15"><span class='ocrx_word' id='word_1_218' title='bbox 438 2708 659 2766; x_wconf 87' lang='lat' dir='ltr'><strong>multas</strong></span> <span class='ocrx_word' id='word_1_219' title='bbox 715 2725 817 2779; x_wconf 91' lang='lat' dir='ltr'><strong>pro</strong></span> <span class='ocrx_word' id='word_1_220' title='bbox 865 2709 1145 2765; x_wconf 83' lang='lat' dir='ltr'><strong>Romanis</strong></span> <span class='ocrx_word' id='word_1_221' title='bbox 1192 2711 1423 2781; x_wconf 88' lang='lat' dir='ltr'><strong>egisset,</strong></span> <span class='ocrx_word' id='word_1_222' title='bbox 1481 2708 1655 2764; x_wconf 89' lang='lat' dir='ltr'><strong>aliam</strong></span> <span class='ocrx_word' id='word_1_223' title='bbox 1710 2710 1783 2765; x_wconf 90' lang='lat' dir='ltr'><strong>ob</strong></span> <span class='ocrx_word' id='word_1_224' title='bbox 1839 2723 2079 2763; x_wconf 88' lang='lat' dir='ltr'><strong>causam</strong></span> 
     </span>
    </p>
   </div>
   <div class='ocr_carea' id='block_1_33' title="bbox 437 2798 2081 2871">
    <p class='ocr_par' dir='ltr' id='par_1_33' title="bbox 437 2798 2081 2871">
     <span class='ocr_line' id='line_1_33' title="bbox 437 2798 2081 2871; baseline -0.002 -17"><span class='ocrx_word' id='word_1_225' title='bbox 437 2798 591 2855; x_wconf 87' lang='lat' dir='ltr'><strong>Deus</strong></span> <span class='ocrx_word' id='word_1_226' title='bbox 638 2799 936 2871; x_wconf 80' lang='lat' dir='ltr'><strong>imperiale</strong></span> <span class='ocrx_word' id='word_1_227' title='bbox 992 2800 1227 2855; x_wconf 85' lang='lat' dir='ltr'><strong>tradidit</strong></span> <span class='ocrx_word' id='word_1_228' title='bbox 1281 2804 1595 2869; x_wconf 88' lang='lat' dir='ltr'><strong>sceptrum,</strong></span> <span class='ocrx_word' id='word_1_229' title='bbox 1650 2815 1825 2871; x_wconf 87' lang='lat' dir='ltr'><strong>quam</strong></span> <span class='ocrx_word' id='word_1_230' title='bbox 1897 2803 1961 2852; x_wconf 90' lang='lat' dir='ltr'><strong>ut</strong></span> <span class='ocrx_word' id='word_1_231' title='bbox 2017 2803 2081 2852; x_wconf 91' lang='lat' dir='ltr'><strong>tu</strong></span> 
     </span>
    </p>
   </div>
   <div class='ocr_carea' id='block_1_34' title="bbox 439 2887 2082 2960">
    <p class='ocr_par' dir='ltr' id='par_1_34' title="bbox 439 2887 2082 2960">
     <span class='ocr_line' id='line_1_34' title="bbox 439 2887 2082 2960; baseline -0.001 -17"><span class='ocrx_word' id='word_1_232' title='bbox 439 2887 610 2943; x_wconf 83' lang='lat' dir='ltr'><strong>facile</strong></span> <span class='ocrx_word' id='word_1_233' title='bbox 656 2899 711 2945; x_wconf 87' lang='lat' dir='ltr'><strong>et</strong></span> <span class='ocrx_word' id='word_1_234' title='bbox 759 2889 1128 2949; x_wconf 88' lang='lat' dir='ltr'><strong>incruentum</strong></span> <span class='ocrx_word' id='word_1_235' title='bbox 1181 2890 1468 2946; x_wconf 83' lang='lat' dir='ltr'><strong>obtineres</strong></span> <span class='ocrx_word' id='word_1_236' title='bbox 1504 2890 1837 2960; x_wconf 87' lang='lat' dir='ltr'><strong>imperium,</strong></span> <span class='ocrx_word' id='word_1_237' title='bbox 1875 2887 2082 2958; x_wconf 82' lang='lat' dir='ltr'><strong>pietate</strong></span> 
     </span>
    </p>
   </div>
   <div class='ocr_carea' id='block_1_35' title="bbox 438 2976 2085 3049">
    <p class='ocr_par' dir='ltr' id='par_1_35' title="bbox 438 2976 2085 3049">
     <span class='ocr_line' id='line_1_35' title="bbox 438 2976 2085 3049; baseline -0.002 -14"><span class='ocrx_word' id='word_1_238' title='bbox 438 2985 496 3035; x_wconf 90' lang='lat' dir='ltr'><strong>et</strong></span> <span class='ocrx_word' id='word_1_239' title='bbox 526 2978 879 3036; x_wconf 79' lang='lat' dir='ltr'><strong>facinoribus</strong></span> <span class='ocrx_word' id='word_1_240' title='bbox 910 2980 1184 3043; x_wconf 89' lang='lat' dir='ltr'><strong>omnibus</strong></span> <span class='ocrx_word' id='word_1_241' title='bbox 1210 2980 1377 3035; x_wconf 90' lang='lat' dir='ltr'><strong>bonis</strong></span> <span class='ocrx_word' id='word_1_242' title='bbox 1408 2980 1637 3034; x_wconf 89' lang='lat' dir='ltr'><strong>futurus</strong></span> <span class='ocrx_word' id='word_1_243' title='bbox 1674 2979 1844 3049; x_wconf 92' lang='lat' dir='ltr'><strong>longe</strong></span> <span class='ocrx_word' id='word_1_244' title='bbox 1879 2976 2085 3033; x_wconf 89' lang='lat' dir='ltr'><strong>claris-</strong></span> 
     </span>
    </p>
   </div>
   <div class='ocr_carea' id='block_1_36' title="bbox 441 3066 2087 3140">
    <p class='ocr_par' dir='ltr' id='par_1_36' title="bbox 441 3066 2087 3140">
     <span class='ocr_line' id='line_1_36' title="bbox 441 3066 2087 3140; baseline -0.002 -16"><span class='ocrx_word' id='word_1_245' title='bbox 441 3068 628 3124; x_wconf 88' lang='lat' dir='ltr'><strong>simus</strong></span> <span class='ocrx_word' id='word_1_246' title='bbox 661 3083 674 3122; x_wconf 90' lang='lat'><strong>:</strong></span> <span class='ocrx_word' id='word_1_247' title='bbox 704 3071 787 3123; x_wconf 77' lang='lat' dir='ltr'><strong>eis</strong></span> <span class='ocrx_word' id='word_1_248' title='bbox 829 3069 1043 3140; x_wconf 90' lang='lat' dir='ltr'><strong>quippe</strong></span> <span class='ocrx_word' id='word_1_249' title='bbox 1093 3068 1265 3125; x_wconf 90' lang='lat' dir='ltr'><strong>rebus</strong></span> <span class='ocrx_word' id='word_1_250' title='bbox 1303 3068 1607 3124; x_wconf 84' lang='lat' dir='ltr'><strong>verissime</strong></span> <span class='ocrx_word' id='word_1_251' title='bbox 1649 3069 1959 3137; x_wconf 86' lang='lat' dir='ltr'><strong>imperator</strong></span> <span class='ocrx_word' id='word_1_252' title='bbox 1989 3066 2087 3120; x_wconf 89' lang='lat' dir='ltr'><strong>de-</strong></span> 
     </span>
    </p>
   </div>
   <div class='ocr_carea' id='block_1_37' title="bbox 441 3156 2083 3230">
    <p class='ocr_par' dir='ltr' id='par_1_37' title="bbox 441 3156 2083 3230">
     <span class='ocr_line' id='line_1_37' title="bbox 441 3156 2083 3230; baseline -0.004 -15"><span class='ocrx_word' id='word_1_253' title='bbox 441 3158 717 3216; x_wconf 88' lang='lat' dir='ltr'><strong>claratur.</strong></span> <span class='ocrx_word' id='word_1_254' title='bbox 767 3159 1247 3230; x_wconf 87' lang='lat' dir='ltr'><strong>Quandoquidem</strong></span> <span class='ocrx_word' id='word_1_255' title='bbox 1300 3174 1432 3215; x_wconf 91' lang='lat' dir='ltr'><strong>vero</strong></span> <span class='ocrx_word' id='word_1_256' title='bbox 1496 3157 1599 3213; x_wconf 94' lang='lat' dir='ltr'><strong>tibi</strong></span> <span class='ocrx_word' id='word_1_257' title='bbox 1675 3172 1928 3229; x_wconf 82' lang='lat' dir='ltr'><strong>quoque,</strong></span> <span class='ocrx_word' id='word_1_258' title='bbox 1982 3156 2083 3227; x_wconf 89' lang='lat' dir='ltr'><strong>qui</strong></span> 
     </span>
    </p>
   </div>
   <div class='ocr_carea' id='block_1_38' title="bbox 2250 1007 3842 1087">
    <p class='ocr_par' dir='ltr' id='par_1_38' title="bbox 2250 1007 3842 1087">
     <span class='ocr_line' id='line_1_38' title="bbox 2250 1007 3842 1087; baseline -0.002 -20"><span class='ocrx_word' id='word_1_259' title='bbox 2250 1012 2401 1067; x_wconf 85' lang='grc' dir='ltr'><strong>Ἐπεὶ</strong></span> <span class='ocrx_word' id='word_1_260' title='bbox 2447 1013 2548 1087; x_wconf 79' lang='grc' dir='ltr'><strong>γὰρ</strong></span> <span class='ocrx_word' id='word_1_261' title='bbox 2609 1007 2843 1083; x_wconf 83' lang='grc' dir='ltr'>ἔμελλες</span> <span class='ocrx_word' id='word_1_262' title='bbox 2900 1007 3195 1079; x_wconf 85' lang='grc' dir='ltr'>τίκτεσθαι,</span> <span class='ocrx_word' id='word_1_263' title='bbox 3245 1011 3341 1065; x_wconf 80' lang='grc' dir='ltr'>οἷά</span> <span class='ocrx_word' id='word_1_264' title='bbox 3383 1032 3468 1073; x_wconf 87' lang='grc' dir='ltr'><strong>τις</strong></span> <span class='ocrx_word' id='word_1_265' title='bbox 3517 1014 3624 1065; x_wconf 78' lang='grc' dir='ltr'><strong>τῶν</strong></span> <span class='ocrx_word' id='word_1_266' title='bbox 3658 1009 3842 1065; x_wconf 69' lang='grc' dir='ltr'>πάλαι</span> 
     </span>
    </p>
   </div>
   <div class='ocr_carea' id='block_1_39' title="bbox 2181 1097 3842 1176">
    <p class='ocr_par' dir='ltr' id='par_1_39' title="bbox 2181 1097 3842 1176">
     <span class='ocr_line' id='line_1_39' title="bbox 2181 1097 3842 1176; baseline -0.002 -20"><span class='ocrx_word' id='word_1_267' title='bbox 2181 1102 2325 1176; x_wconf 80' lang='grc' dir='ltr'>παρᾶ</span> <span class='ocrx_word' id='word_1_268' title='bbox 2385 1105 2518 1157; x_wconf 79' lang='grc' dir='ltr'>Θεοῦ</span> <span class='ocrx_word' id='word_1_269' title='bbox 2575 1097 2877 1174; x_wconf 76' lang='grc' dir='ltr'><strong>δεδομένων</strong></span> <span class='ocrx_word' id='word_1_270' title='bbox 2930 1102 3064 1172; x_wconf 79' lang='grc' dir='ltr'>ἡμῖν</span> <span class='ocrx_word' id='word_1_271' title='bbox 3116 1099 3349 1175; x_wconf 83' lang='grc' dir='ltr'>ἀρίστων</span> <span class='ocrx_word' id='word_1_272' title='bbox 3405 1100 3496 1155; x_wconf 81' lang='grc' dir='ltr'><strong>καὶ</strong></span> <span class='ocrx_word' id='word_1_273' title='bbox 3571 1098 3842 1176; x_wconf 78' lang='grc' dir='ltr'>γενναίων</span> 
     </span>
    </p>
   </div>
   <div class='ocr_carea' id='block_1_40' title="bbox 2181 1187 3842 1266">
    <p class='ocr_par' dir='ltr' id='par_1_40' title="bbox 2181 1187 3842 1266">
     <span class='ocr_line' id='line_1_40' title="bbox 2181 1187 3842 1266; baseline -0.002 -20"><span class='ocrx_word' id='word_1_274' title='bbox 2181 1189 2397 1246; x_wconf 76' lang='grc' dir='ltr'><strong>ἐκείνων</strong></span> <span class='ocrx_word' id='word_1_275' title='bbox 2459 1187 2692 1265; x_wconf 83' lang='grc' dir='ltr'>ἀνδρῶν,</span> <span class='ocrx_word' id='word_1_276' title='bbox 2749 1192 2836 1244; x_wconf 88' lang='grc' dir='ltr'><strong>καὶ</strong></span> <span class='ocrx_word' id='word_1_277' title='bbox 2896 1191 2995 1256; x_wconf 79' lang='grc' dir='ltr'><strong>τήν</strong></span> <span class='ocrx_word' id='word_1_278' title='bbox 3050 1190 3189 1245; x_wconf 81' lang='grc' dir='ltr'>κατᾶ</span> <span class='ocrx_word' id='word_1_279' title='bbox 3254 1190 3469 1245; x_wconf 72' lang='grc' dir='ltr'>πάντων</span> <span class='ocrx_word' id='word_1_280' title='bbox 3529 1189 3842 1266; x_wconf 76' lang='grc' dir='ltr'>ἡγεμονίαν</span> 
     </span>
    </p>
   </div>
   <div class='ocr_carea' id='block_1_41' title="bbox 2181 1277 3847 1355">
    <p class='ocr_par' dir='ltr' id='par_1_41' title="bbox 2181 1277 3847 1355">
     <span class='ocr_line' id='line_1_41' title="bbox 2181 1277 3847 1355; baseline -0.001 -20"><span class='ocrx_word' id='word_1_281' title='bbox 2181 1281 2585 1355; x_wconf 84' lang='grc' dir='ltr'>κληρώσασθαι,</span> <span class='ocrx_word' id='word_1_282' title='bbox 2621 1281 2648 1334; x_wconf 83' lang='grc' dir='ltr'>ὁ</span> <span class='ocrx_word' id='word_1_283' title='bbox 2687 1286 2786 1349; x_wconf 77' lang='grc' dir='ltr'><strong>τῆς</strong></span> <span class='ocrx_word' id='word_1_284' title='bbox 2830 1278 3079 1353; x_wconf 83' lang='grc' dir='ltr'><strong>μεγάλης</strong></span> <span class='ocrx_word' id='word_1_285' title='bbox 3124 1277 3333 1352; x_wconf 81' lang='grc' dir='ltr'>βουλῆς</span> <span class='ocrx_word' id='word_1_286' title='bbox 3373 1279 3636 1354; x_wconf 78' lang='grc' dir='ltr'>ἄγγελος,</span> <span class='ocrx_word' id='word_1_287' title='bbox 3694 1278 3847 1350; x_wconf 77' lang='grc' dir='ltr'>μᾶλ-</span> 
     </span>
    </p>
   </div>
   <div class='ocr_carea' id='block_1_42' title="bbox 2184 1367 3843 1443">
    <p class='ocr_par' dir='ltr' id='par_1_42' title="bbox 2184 1367 3843 1443">
     <span class='ocr_line' id='line_1_42' title="bbox 2184 1367 3843 1443; baseline -0.002 -19"><span class='ocrx_word' id='word_1_288' title='bbox 2184 1368 2283 1424; x_wconf 75' lang='grc' dir='ltr'><strong>λον</strong></span> <span class='ocrx_word' id='word_1_289' title='bbox 2340 1367 2385 1423; x_wconf 87' lang='grc' dir='ltr'>δ’</span> <span class='ocrx_word' id='word_1_290' title='bbox 2426 1371 2453 1423; x_wconf 97' lang='lat'><strong>6</strong></span> <span class='ocrx_word' id='word_1_291' title='bbox 2493 1374 2600 1425; x_wconf 82' lang='grc' dir='ltr'><strong>τῶν</strong></span> <span class='ocrx_word' id='word_1_292' title='bbox 2642 1370 2857 1423; x_wconf 83' lang='grc' dir='ltr'>πάντων</span> <span class='ocrx_word' id='word_1_293' title='bbox 2900 1371 3084 1441; x_wconf 71' lang='grc' dir='ltr'>Πατήρ</span> <span class='ocrx_word' id='word_1_294' title='bbox 3132 1390 3191 1423; x_wconf 87' lang='grc' dir='ltr'><strong>τε</strong></span> <span class='ocrx_word' id='word_1_295' title='bbox 3219 1368 3312 1424; x_wconf 82' lang='grc' dir='ltr'><strong>καὶ</strong></span> <span class='ocrx_word' id='word_1_296' title='bbox 3360 1370 3611 1443; x_wconf 83' lang='grc' dir='ltr'>ἡγεμὼν,</span> <span class='ocrx_word' id='word_1_297' title='bbox 3667 1368 3843 1425; x_wconf 73' lang='grc' dir='ltr'>πάλιν</span> 
     </span>
    </p>
   </div>
   <div class='ocr_carea' id='block_1_43' title="bbox 2180 1457 3844 1535">
    <p class='ocr_par' dir='ltr' id='par_1_43' title="bbox 2180 1457 3844 1535">
     <span class='ocr_line' id='line_1_43' title="bbox 2180 1457 3844 1535; baseline -0.001 -22"><span class='ocrx_word' id='word_1_298' title='bbox 2180 1460 2237 1513; x_wconf 76' lang='grc' dir='ltr'>ἓν</span> <span class='ocrx_word' id='word_1_299' title='bbox 2289 1457 2521 1532; x_wconf 78' lang='grc' dir='ltr'>βουλαῖς</span> <span class='ocrx_word' id='word_1_300' title='bbox 2575 1460 2659 1528; x_wconf 71' lang='grc' dir='ltr'>ἧν,</span> <span class='ocrx_word' id='word_1_301' title='bbox 2708 1459 2799 1513; x_wconf 86' lang='grc' dir='ltr'><strong>καὶ</strong></span> <span class='ocrx_word' id='word_1_302' title='bbox 2847 1460 2981 1532; x_wconf 85' lang='grc' dir='ltr'>πρὸς</span> <span class='ocrx_word' id='word_1_303' title='bbox 3032 1459 3099 1512; x_wconf 77' lang='grc' dir='ltr'>τὰ</span> <span class='ocrx_word' id='word_1_304' title='bbox 3146 1464 3367 1535; x_wconf 69' lang='grc' dir='ltr'>συμφυῆ</span> <span class='ocrx_word' id='word_1_305' title='bbox 3425 1458 3515 1513; x_wconf 82' lang='grc' dir='ltr'><strong>καί</strong></span> <span class='ocrx_word' id='word_1_306' title='bbox 3564 1458 3844 1531; x_wconf 84' lang='grc' dir='ltr'>ὁμότιμα,</span> 
     </span>
    </p>
   </div>
   <div class='ocr_carea' id='block_1_44' title="bbox 2183 1546 3848 1625">
    <p class='ocr_par' dir='ltr' id='par_1_44' title="bbox 2183 1546 3848 1625">
     <span class='ocr_line' id='line_1_44' title="bbox 2183 1546 3848 1625; baseline 0 -21"><span class='ocrx_word' id='word_1_307' title='bbox 2183 1551 2531 1621; x_wconf 76' lang='grc' dir='ltr'>Ποιήσωμεν,</span> <span class='ocrx_word' id='word_1_308' title='bbox 2598 1546 2751 1610; x_wconf 78' lang='grc' dir='ltr'>αὖθις</span> <span class='ocrx_word' id='word_1_309' title='bbox 2821 1546 3125 1622; x_wconf 79' lang='grc' dir='ltr'>ἄνθρωπον,</span> <span class='ocrx_word' id='word_1_310' title='bbox 3192 1547 3365 1625; x_wconf 80' lang='grc' dir='ltr'>ἔλεγε,</span> <span class='ocrx_word' id='word_1_311' title='bbox 3452 1549 3571 1603; x_wconf 86' lang='grc' dir='ltr'>κατ’</span> <span class='ocrx_word' id='word_1_312' title='bbox 3657 1548 3848 1604; x_wconf 78' lang='grc' dir='ltr'>εἰκόνα</span> 
     </span>
    </p>
   </div>
   <div class='ocr_carea' id='block_1_45' title="bbox 2182 1635 3847 1712">
    <p class='ocr_par' dir='ltr' id='par_1_45' title="bbox 2182 1635 3847 1712">
     <span class='ocr_line' id='line_1_45' title="bbox 2182 1635 3847 1712; baseline -0.001 -20"><span class='ocrx_word' id='word_1_313' title='bbox 2182 1638 2450 1712; x_wconf 77' lang='grc' dir='ltr'>ἡμετέραν</span> <span class='ocrx_word' id='word_1_314' title='bbox 2503 1637 2596 1692; x_wconf 84' lang='grc' dir='ltr'><strong>καὶ</strong></span> <span class='ocrx_word' id='word_1_315' title='bbox 2653 1639 2768 1691; x_wconf 82' lang='grc' dir='ltr'>καθ’</span> <span class='ocrx_word' id='word_1_316' title='bbox 2842 1637 3105 1709; x_wconf 87' lang='grc' dir='ltr'>ὁμοίωσιν</span> <span class='ocrx_word' id='word_1_317' title='bbox 3174 1641 3269 1691; x_wconf 78' lang='grc' dir='ltr'><strong>τοῦ</strong></span> <span class='ocrx_word' id='word_1_318' title='bbox 3327 1638 3549 1709; x_wconf 83' lang='grc' dir='ltr'><strong>πρώτου</strong></span> <span class='ocrx_word' id='word_1_319' title='bbox 3629 1635 3847 1692; x_wconf 74' lang='grc' dir='ltr'>ἐκείνου</span> 
     </span>
    </p>
   </div>
   <div class='ocr_carea' id='block_1_46' title="bbox 2182 1724 3847 1801">
    <p class='ocr_par' dir='ltr' id='par_1_46' title="bbox 2182 1724 3847 1801">
     <span class='ocr_line' id='line_1_46' title="bbox 2182 1724 3847 1801; baseline 0 -20"><span class='ocrx_word' id='word_1_320' title='bbox 2182 1726 2353 1781; x_wconf 82' lang='grc' dir='ltr'>πάλαι</span> <span class='ocrx_word' id='word_1_321' title='bbox 2414 1724 2777 1801; x_wconf 76' lang='grc' dir='ltr'>διαρῥυὲντος.</span> <span class='ocrx_word' id='word_1_322' title='bbox 2840 1725 2939 1781; x_wconf 82' lang='grc' dir='ltr'><strong>Καὶ</strong></span> <span class='ocrx_word' id='word_1_323' title='bbox 2996 1725 3191 1798; x_wconf 83' lang='grc' dir='ltr'>ἀθρόον</span> <span class='ocrx_word' id='word_1_324' title='bbox 3261 1724 3536 1781; x_wconf 75' lang='grc' dir='ltr'>ἐπλάττου</span> <span class='ocrx_word' id='word_1_325' title='bbox 3592 1730 3662 1800; x_wconf 78' lang='grc' dir='ltr'><strong>τῇ</strong></span> <span class='ocrx_word' id='word_1_326' title='bbox 3727 1727 3847 1796; x_wconf 74' lang='grc' dir='ltr'>θείᾳ</span> 
     </span>
    </p>
   </div>
   <div class='ocr_carea' id='block_1_47' title="bbox 2186 1816 3846 1895">
    <p class='ocr_par' dir='ltr' id='par_1_47' title="bbox 2186 1816 3846 1895">
     <span class='ocr_line' id='line_1_47' title="bbox 2186 1816 3846 1895; baseline 0.001 -24"><span class='ocrx_word' id='word_1_327' title='bbox 2186 1817 2360 1895; x_wconf 68' lang='grc' dir='ltr'>φύσει,</span> <span class='ocrx_word' id='word_1_328' title='bbox 2420 1820 2561 1889; x_wconf 87' lang='grc' dir='ltr'>πνοῇ</span> <span class='ocrx_word' id='word_1_329' title='bbox 2620 1822 2766 1886; x_wconf 80' lang='grc' dir='ltr'>ζωῆς</span> <span class='ocrx_word' id='word_1_330' title='bbox 2825 1816 3219 1893; x_wconf 72' lang='grc' dir='ltr'>ἐμφυσώμενος</span> <span class='ocrx_word' id='word_1_331' title='bbox 3302 1818 3505 1885; x_wconf 83' lang='grc' dir='ltr'>ζωτική</span> <span class='ocrx_word' id='word_1_332' title='bbox 3564 1822 3687 1879; x_wconf 83' lang='grc' dir='ltr'>τοῖς</span> <span class='ocrx_word' id='word_1_333' title='bbox 3752 1817 3846 1872; x_wconf 75' lang='grc' dir='ltr'>αλ-</span> 
     </span>
    </p>
   </div>
   <div class='ocr_carea' id='block_1_48' title="bbox 2109 1881 3843 1981">
    <p class='ocr_par' dir='ltr' id='par_1_48' title="bbox 2109 1881 3843 1981">
     <span class='ocr_line' id='line_1_48' title="bbox 2109 1881 3843 1981; baseline -0.001 -19"><span class='ocrx_word' id='word_1_334' title='bbox 2109 1881 2153 1945; x_wconf 81' lang='grc' dir='ltr'><strong>Β</strong></span> <span class='ocrx_word' id='word_1_335' title='bbox 2186 1881 2307 1968; x_wconf 82' lang='grc' dir='ltr'>λοις</span> <span class='ocrx_word' id='word_1_336' title='bbox 2339 1881 2562 1978; x_wconf 70' lang='grc' dir='ltr'>μέλλων</span> <span class='ocrx_word' id='word_1_337' title='bbox 2614 1881 2865 1978; x_wconf 40' lang='grc' dir='ltr'>δύναμις,</span> <span class='ocrx_word' id='word_1_338' title='bbox 2893 1881 3278 1980; x_wconf 38' lang='grc' dir='ltr'>χρηματίζειν,</span> <span class='ocrx_word' id='word_1_339' title='bbox 3313 1881 3418 1960; x_wconf 27' lang='grc' dir='ltr'>*καὶ</span> <span class='ocrx_word' id='word_1_340' title='bbox 3462 1881 3695 1981; x_wconf 75' lang='grc' dir='ltr'>ἀπαρχὴ</span> <span class='ocrx_word' id='word_1_341' title='bbox 3749 1907 3843 1961; x_wconf 84' lang='grc' dir='ltr'><strong>καὶ</strong></span> 
     </span>
    </p>
   </div>
   <div class='ocr_carea' id='block_1_49' title="bbox 2181 1992 3842 2070">
    <p class='ocr_par' dir='ltr' id='par_1_49' title="bbox 2181 1992 3842 2070">
     <span class='ocr_line' id='line_1_49' title="bbox 2181 1992 3842 2070; baseline 0.001 -20"><span class='ocrx_word' id='word_1_342' title='bbox 2181 1996 2450 2070; x_wconf 81' lang='grc' dir='ltr'>γενάρχης</span> <span class='ocrx_word' id='word_1_343' title='bbox 2507 1994 2601 2049; x_wconf 72' lang='grc' dir='ltr'><strong>οἷά</strong></span> <span class='ocrx_word' id='word_1_344' title='bbox 2648 2016 2732 2057; x_wconf 91' lang='grc' dir='ltr'><strong>τις</strong></span> <span class='ocrx_word' id='word_1_345' title='bbox 2797 1992 2968 2056; x_wconf 72' lang='grc' dir='ltr'>ἄλλος</span> <span class='ocrx_word' id='word_1_346' title='bbox 3034 1996 3244 2067; x_wconf 82' lang='grc' dir='ltr'>κόσμου</span> <span class='ocrx_word' id='word_1_347' title='bbox 3308 1999 3406 2049; x_wconf 75' lang='grc' dir='ltr'><strong>τοῦ</strong></span> <span class='ocrx_word' id='word_1_348' title='bbox 3472 1996 3595 2050; x_wconf 84' lang='grc' dir='ltr'>καθ’</span> <span class='ocrx_word' id='word_1_349' title='bbox 3662 1998 3842 2067; x_wconf 76' lang='grc' dir='ltr'>ἡμᾶς,</span> 
     </span>
    </p>
   </div>
   <div class='ocr_carea' id='block_1_50' title="bbox 2182 2083 3841 2163">
    <p class='ocr_par' dir='ltr' id='par_1_50' title="bbox 2182 2083 3841 2163">
     <span class='ocr_line' id='line_1_50' title="bbox 2182 2083 3841 2163; baseline 0 -24"><span class='ocrx_word' id='word_1_350' title='bbox 2182 2085 2408 2162; x_wconf 75' lang='grc' dir='ltr'>ἀφορμῇ</span> <span class='ocrx_word' id='word_1_351' title='bbox 2440 2106 2547 2139; x_wconf 90' lang='grc' dir='ltr'>τινι</span> <span class='ocrx_word' id='word_1_352' title='bbox 2591 2085 2886 2163; x_wconf 85' lang='grc' dir='ltr'>χρώμενος</span> <span class='ocrx_word' id='word_1_353' title='bbox 2935 2084 3025 2139; x_wconf 74' lang='grc' dir='ltr'>καὶ</span> <span class='ocrx_word' id='word_1_354' title='bbox 3077 2084 3239 2156; x_wconf 75' lang='grc' dir='ltr'>αἰτίῳ</span> <span class='ocrx_word' id='word_1_355' title='bbox 3288 2083 3452 2155; x_wconf 89' lang='grc' dir='ltr'>πατρί</span> <span class='ocrx_word' id='word_1_356' title='bbox 3492 2106 3555 2157; x_wconf 87' lang='grc' dir='ltr'><strong>γε</strong></span> <span class='ocrx_word' id='word_1_357' title='bbox 3592 2090 3676 2157; x_wconf 80' lang='grc' dir='ltr'><strong>τῷ</strong></span> <span class='ocrx_word' id='word_1_358' title='bbox 3722 2090 3841 2157; x_wconf 78' lang='grc' dir='ltr'><strong>σῷ·</strong></span> 
     </span>
    </p>
   </div>
   <div class='ocr_carea' id='block_1_51' title="bbox 2183 2171 3843 2250">
    <p class='ocr_par' dir='ltr' id='par_1_51' title="bbox 2183 2171 3843 2250">
     <span class='ocr_line' id='line_1_51' title="bbox 2183 2171 3843 2250; baseline -0.001 -21"><span class='ocrx_word' id='word_1_359' title='bbox 2183 2174 2244 2229; x_wconf 81' lang='grc' dir='ltr'>ἐκ</span> <span class='ocrx_word' id='word_1_360' title='bbox 2290 2175 2579 2248; x_wconf 90' lang='grc' dir='ltr'>προγόνων</span> <span class='ocrx_word' id='word_1_361' title='bbox 2629 2172 2695 2243; x_wconf 76' lang='grc' dir='ltr'><strong>δή</strong></span> <span class='ocrx_word' id='word_1_362' title='bbox 2741 2195 2906 2228; x_wconf 87' lang='grc' dir='ltr'>τινων</span> <span class='ocrx_word' id='word_1_363' title='bbox 2952 2173 3187 2250; x_wconf 79' lang='grc' dir='ltr'>εὐγενείᾳ</span> <span class='ocrx_word' id='word_1_364' title='bbox 3233 2175 3319 2227; x_wconf 81' lang='grc' dir='ltr'><strong>καὶ</strong></span> <span class='ocrx_word' id='word_1_365' title='bbox 3381 2175 3600 2249; x_wconf 77' lang='grc' dir='ltr'>μεγὲθει</span> <span class='ocrx_word' id='word_1_366' title='bbox 3650 2171 3843 2245; x_wconf 78' lang='grc' dir='ltr'>δόξης,</span> 
     </span>
    </p>
   </div>
   <div class='ocr_carea' id='block_1_52' title="bbox 2187 2260 3846 2340">
    <p class='ocr_par' dir='ltr' id='par_1_52' title="bbox 2187 2260 3846 2340">
     <span class='ocr_line' id='line_1_52' title="bbox 2187 2260 3846 2340; baseline 0.001 -23"><span class='ocrx_word' id='word_1_367' title='bbox 2187 2264 2487 2336; x_wconf 82' lang='grc' dir='ltr'>στρατηγίᾳ</span> <span class='ocrx_word' id='word_1_368' title='bbox 2536 2271 2593 2318; x_wconf 75' lang='grc' dir='ltr'><em>τέ</em></span> <span class='ocrx_word' id='word_1_369' title='bbox 2650 2262 2739 2318; x_wconf 83' lang='grc' dir='ltr'><strong>καὶ</strong></span> <span class='ocrx_word' id='word_1_370' title='bbox 2797 2264 3045 2336; x_wconf 83' lang='grc' dir='ltr'>πλούτῳ,</span> <span class='ocrx_word' id='word_1_371' title='bbox 3103 2264 3238 2337; x_wconf 87' lang='grc' dir='ltr'>πρὸς</span> <span class='ocrx_word' id='word_1_372' title='bbox 3299 2260 3357 2317; x_wconf 71' lang='grc' dir='ltr'>δὲ</span> <span class='ocrx_word' id='word_1_373' title='bbox 3406 2263 3497 2316; x_wconf 82' lang='grc' dir='ltr'><strong>καὶ</strong></span> <span class='ocrx_word' id='word_1_374' title='bbox 3546 2266 3846 2340; x_wconf 76' lang='grc' dir='ltr'>φρονήσει,</span> 
     </span>
    </p>
   </div>
   <div class='ocr_carea' id='block_1_53' title="bbox 2185 2351 3846 2428">
    <p class='ocr_par' dir='ltr' id='par_1_53' title="bbox 2185 2351 3846 2428">
     <span class='ocr_line' id='line_1_53' title="bbox 2185 2351 3846 2428; baseline 0.001 -22"><span class='ocrx_word' id='word_1_375' title='bbox 2185 2351 2401 2423; x_wconf 67' lang='grc' dir='ltr'>ἀνδρείᾳ</span> <span class='ocrx_word' id='word_1_376' title='bbox 2430 2373 2489 2407; x_wconf 83' lang='grc' dir='ltr'><strong>τε</strong></span> <span class='ocrx_word' id='word_1_377' title='bbox 2539 2354 2631 2407; x_wconf 80' lang='grc' dir='ltr'><strong>καὶ</strong></span> <span class='ocrx_word' id='word_1_378' title='bbox 2679 2353 2795 2425; x_wconf 82' lang='grc' dir='ltr'>ὥρᾳ</span> <span class='ocrx_word' id='word_1_379' title='bbox 2842 2353 3076 2428; x_wconf 79' lang='grc' dir='ltr'>φύσεως,</span> <span class='ocrx_word' id='word_1_380' title='bbox 3123 2352 3251 2415; x_wconf 76' lang='grc' dir='ltr'>τοὺς</span> <span class='ocrx_word' id='word_1_381' title='bbox 3298 2351 3533 2409; x_wconf 84' lang='grc' dir='ltr'>ἔκπαλαι</span> <span class='ocrx_word' id='word_1_382' title='bbox 3584 2355 3679 2409; x_wconf 86' lang='grc' dir='ltr'><strong>καὶ</strong></span> <span class='ocrx_word' id='word_1_383' title='bbox 3721 2353 3846 2409; x_wconf 84' lang='grc' dir='ltr'>τότε</span> 
     </span>
    </p>
   </div>
   <div class='ocr_carea' id='block_1_54' title="bbox 2186 2439 3847 2517">
    <p class='ocr_par' dir='ltr' id='par_1_54' title="bbox 2186 2439 3847 2517">
     <span class='ocr_line' id='line_1_54' title="bbox 2186 2439 3847 2517; baseline 0.001 -21"><span class='ocrx_word' id='word_1_384' title='bbox 2186 2441 2279 2496; x_wconf 87' lang='grc' dir='ltr'><strong>καὶ</strong></span> <span class='ocrx_word' id='word_1_385' title='bbox 2329 2446 2420 2495; x_wconf 82' lang='grc' dir='ltr'><strong>νῦν</strong></span> <span class='ocrx_word' id='word_1_386' title='bbox 2466 2441 2908 2517; x_wconf 78' lang='grc' dir='ltr'>ἀποκρύπτοντι·</span> <span class='ocrx_word' id='word_1_387' title='bbox 2959 2443 3005 2513; x_wconf 81' lang='grc' dir='ltr'>ᾧ</span> <span class='ocrx_word' id='word_1_388' title='bbox 3056 2439 3146 2495; x_wconf 75' lang='grc' dir='ltr'><strong>διὰ</strong></span> <span class='ocrx_word' id='word_1_389' title='bbox 3192 2444 3247 2496; x_wconf 76' lang='grc' dir='ltr'>σὲ</span> <span class='ocrx_word' id='word_1_390' title='bbox 3305 2443 3435 2505; x_wconf 84' lang='grc' dir='ltr'>Θεὸς</span> <span class='ocrx_word' id='word_1_391' title='bbox 3480 2443 3573 2498; x_wconf 79' lang='grc' dir='ltr'><strong>καὶ</strong></span> <span class='ocrx_word' id='word_1_392' title='bbox 3631 2444 3698 2498; x_wconf 87' lang='grc' dir='ltr'>τὸ</span> <span class='ocrx_word' id='word_1_393' title='bbox 3755 2444 3847 2517; x_wconf 88' lang='grc' dir='ltr'><strong>βα-</strong></span> 
     </span>
    </p>
   </div>
   <div class='ocr_carea' id='block_1_55' title="bbox 2191 2529 3844 2607">
    <p class='ocr_par' dir='ltr' id='par_1_55' title="bbox 2191 2529 3844 2607">
     <span class='ocr_line' id='line_1_55' title="bbox 2191 2529 3844 2607; baseline 0.001 -22"><span class='ocrx_word' id='word_1_394' title='bbox 2191 2529 2394 2586; x_wconf 87' lang='grc' dir='ltr'>σίλειον</span> <span class='ocrx_word' id='word_1_395' title='bbox 2451 2530 2746 2606; x_wconf 78' lang='grc' dir='ltr'>ἐγχειρίζει</span> <span class='ocrx_word' id='word_1_396' title='bbox 2795 2537 3095 2605; x_wconf 79' lang='grc' dir='ltr'>σκῆπτρον,</span> <span class='ocrx_word' id='word_1_397' title='bbox 3144 2529 3333 2586; x_wconf 84' lang='grc' dir='ltr'>πολλὰ</span> <span class='ocrx_word' id='word_1_398' title='bbox 3384 2532 3650 2607; x_wconf 83' lang='grc' dir='ltr'>πρότερον</span> <span class='ocrx_word' id='word_1_399' title='bbox 3709 2534 3844 2606; x_wconf 70' lang='grc' dir='ltr'>ὑπὲρ</span> 
     </span>
    </p>
   </div>
   <div class='ocr_carea' id='block_1_56' title="bbox 2191 2618 3845 2695">
    <p class='ocr_par' dir='ltr' id='par_1_56' title="bbox 2191 2618 3845 2695">
     <span class='ocr_line' id='line_1_56' title="bbox 2191 2618 3845 2695; baseline 0.002 -22"><span class='ocrx_word' id='word_1_400' title='bbox 2191 2621 2479 2692; x_wconf 82' lang='grc' dir='ltr'>Ῥωμαίων</span> <span class='ocrx_word' id='word_1_401' title='bbox 2543 2623 2871 2694; x_wconf 76' lang='grc' dir='ltr'>μογήσαντι,</span> <span class='ocrx_word' id='word_1_402' title='bbox 2925 2618 3015 2675; x_wconf 69' lang='grc' dir='ltr'>’ίνα</span> <span class='ocrx_word' id='word_1_403' title='bbox 3075 2621 3158 2675; x_wconf 88' lang='grc' dir='ltr'><strong>σοὶ</strong></span> <span class='ocrx_word' id='word_1_404' title='bbox 3217 2619 3404 2695; x_wconf 76' lang='grc' dir='ltr'>ῥᾴδιον</span> <span class='ocrx_word' id='word_1_405' title='bbox 3464 2621 3548 2692; x_wconf 75' lang='grc' dir='ltr'><strong>εἴη</strong></span> <span class='ocrx_word' id='word_1_406' title='bbox 3599 2623 3666 2676; x_wconf 87' lang='grc' dir='ltr'>τὸ</span> <span class='ocrx_word' id='word_1_407' title='bbox 3715 2623 3845 2676; x_wconf 78' lang='grc' dir='ltr'><strong>ταὺ-</strong></span> 
     </span>
    </p>
   </div>
   <div class='ocr_carea' id='block_1_57' title="bbox 2188 2709 3843 2784">
    <p class='ocr_par' dir='ltr' id='par_1_57' title="bbox 2188 2709 3843 2784">
     <span class='ocr_line' id='line_1_57' title="bbox 2188 2709 3843 2784; baseline 0.001 -19"><span class='ocrx_word' id='word_1_408' title='bbox 2188 2732 2288 2780; x_wconf 92' lang='grc' dir='ltr'><strong>την</strong></span> <span class='ocrx_word' id='word_1_409' title='bbox 2346 2712 2666 2781; x_wconf 77' lang='grc' dir='ltr'>κτήσασθαι,</span> <span class='ocrx_word' id='word_1_410' title='bbox 2725 2712 2814 2766; x_wconf 82' lang='grc' dir='ltr'><strong>καὶ</strong></span> <span class='ocrx_word' id='word_1_411' title='bbox 2876 2710 3206 2782; x_wconf 83' lang='grc' dir='ltr'>ἀναίμακτον</span> <span class='ocrx_word' id='word_1_412' title='bbox 3264 2709 3510 2784; x_wconf 79' lang='grc' dir='ltr'>εὐσεϐείᾳ</span> <span class='ocrx_word' id='word_1_413' title='bbox 3555 2712 3650 2768; x_wconf 82' lang='grc' dir='ltr'><strong>καὶ</strong></span> <span class='ocrx_word' id='word_1_414' title='bbox 3711 2719 3843 2769; x_wconf 76' lang='grc' dir='ltr'>πᾶσι</span> 
     </span>
    </p>
   </div>
   <div class='ocr_carea' id='block_1_58' title="bbox 2192 2800 3844 2875">
    <p class='ocr_par' dir='ltr' id='par_1_58' title="bbox 2192 2800 3844 2875">
     <span class='ocr_line' id='line_1_58' title="bbox 2192 2800 3844 2875; baseline 0.002 -20"><span class='ocrx_word' id='word_1_415' title='bbox 2192 2807 2461 2875; x_wconf 80' lang='grc' dir='ltr'>χρηστοῖς</span> <span class='ocrx_word' id='word_1_416' title='bbox 2527 2800 2874 2874; x_wconf 79' lang='grc' dir='ltr'>σεμνύνεσθαι</span> <span class='ocrx_word' id='word_1_417' title='bbox 2944 2800 3234 2874; x_wconf 76' lang='grc' dir='ltr'>μέλληντι,</span> <span class='ocrx_word' id='word_1_418' title='bbox 3297 2806 3381 2864; x_wconf 84' lang='grc' dir='ltr'>οἷς</span> <span class='ocrx_word' id='word_1_419' title='bbox 3428 2806 3456 2858; x_wconf 90' lang='grc' dir='ltr'>ὁ</span> <span class='ocrx_word' id='word_1_420' title='bbox 3512 2810 3637 2866; x_wconf 86' lang='grc' dir='ltr'>ταῖς</span> <span class='ocrx_word' id='word_1_421' title='bbox 3696 2804 3844 2875; x_wconf 77' lang='grc' dir='ltr'>ἄλη·</span> 
     </span>
    </p>
   </div>
   <div class='ocr_carea' id='block_1_59' title="bbox 2192 2885 3846 2966">
    <p class='ocr_par' dir='ltr' id='par_1_59' title="bbox 2192 2885 3846 2966">
     <span class='ocr_line' id='line_1_59' title="bbox 2192 2885 3846 2966; baseline 0 -22"><span class='ocrx_word' id='word_1_422' title='bbox 2192 2888 2357 2950; x_wconf 83' lang='grc' dir='ltr'>θείαις</span> <span class='ocrx_word' id='word_1_423' title='bbox 2420 2888 2675 2963; x_wconf 81' lang='grc' dir='ltr'>βασιλεὺς</span> <span class='ocrx_word' id='word_1_424' title='bbox 2735 2885 3117 2945; x_wconf 82' lang='grc' dir='ltr'>διαδείκνυται.</span> <span class='ocrx_word' id='word_1_425' title='bbox 3193 2890 3345 2945; x_wconf 83' lang='grc' dir='ltr'>Ἐπεὶ</span> <span class='ocrx_word' id='word_1_426' title='bbox 3403 2888 3451 2944; x_wconf 88' lang='grc' dir='ltr'>δ’</span> <span class='ocrx_word' id='word_1_427' title='bbox 3516 2890 3699 2966; x_wconf 83' lang='grc' dir='ltr'>ἐχρῆν</span> <span class='ocrx_word' id='word_1_428' title='bbox 3761 2913 3846 2947; x_wconf 86' lang='grc' dir='ltr'><strong>σοι</strong></span> 
     </span>
    </p>
   </div>
   <div class='ocr_carea' id='block_1_60' title="bbox 2191 2979 3851 3056">
    <p class='ocr_par' dir='ltr' id='par_1_60' title="bbox 2191 2979 3851 3056">
     <span class='ocr_line' id='line_1_60' title="bbox 2191 2979 3851 3056; baseline 0.001 -22"><span class='ocrx_word' id='word_1_429' title='bbox 2191 2980 2373 3034; x_wconf 76' lang='grc' dir='ltr'>καὶτὸ</span> <span class='ocrx_word' id='word_1_430' title='bbox 2424 2979 2704 3053; x_wconf 83' lang='grc' dir='ltr'>βασίλειον</span> <span class='ocrx_word' id='word_1_431' title='bbox 2754 2979 3128 3054; x_wconf 78' lang='grc' dir='ltr'>ηὐτρεπίσθαι,</span> <span class='ocrx_word' id='word_1_432' title='bbox 3174 2985 3309 3035; x_wconf 80' lang='grc' dir='ltr'>Θεοῦ</span> <span class='ocrx_word' id='word_1_433' title='bbox 3357 2980 3506 3056; x_wconf 81' lang='grc' dir='ltr'>χειρὶ</span> <span class='ocrx_word' id='word_1_434' title='bbox 3553 2984 3660 3049; x_wconf 73' lang='grc' dir='ltr'>τὴν</span> <span class='ocrx_word' id='word_1_435' title='bbox 3712 2984 3851 3036; x_wconf 79' lang='grc' dir='ltr'>κατά</span> 
     </span>
    </p>
   </div>
   <div class='ocr_carea' id='block_1_61' title="bbox 2193 3066 3850 3148">
    <p class='ocr_par' dir='ltr' id='par_1_61' title="bbox 2193 3066 3850 3148">
     <span class='ocr_line' id='line_1_61' title="bbox 2193 3066 3850 3148; baseline 0.002 -25"><span class='ocrx_word' id='word_1_436' title='bbox 2193 3069 2411 3124; x_wconf 81' lang='grc' dir='ltr'>πάντων</span> <span class='ocrx_word' id='word_1_437' title='bbox 2444 3069 2624 3144; x_wconf 78' lang='grc' dir='ltr'>ἀρχὴν</span> <span class='ocrx_word' id='word_1_438' title='bbox 2670 3066 2922 3144; x_wconf 68' lang='grc' dir='ltr'>δέχεσθαι</span> <span class='ocrx_word' id='word_1_439' title='bbox 2972 3068 3255 3142; x_wconf 83' lang='grc' dir='ltr'>μέλλοντι,</span> <span class='ocrx_word' id='word_1_440' title='bbox 3308 3069 3526 3143; x_wconf 83' lang='grc' dir='ltr'>μᾶλλον</span> <span class='ocrx_word' id='word_1_441' title='bbox 3562 3068 3612 3126; x_wconf 77' lang='grc' dir='ltr'>δ’</span> <span class='ocrx_word' id='word_1_442' title='bbox 3661 3070 3850 3148; x_wconf 83' lang='grc' dir='ltr'>ἐγχει-</span> 
     </span>
    </p>
   </div>
   <div class='ocr_carea' id='block_1_62' title="bbox 2199 3156 3852 3234">
    <p class='ocr_par' dir='ltr' id='par_1_62' title="bbox 2199 3156 3852 3234">
     <span class='ocr_line' id='line_1_62' title="bbox 2199 3156 3852 3234; baseline 0.002 -22"><span class='ocrx_word' id='word_1_443' title='bbox 2199 3156 2429 3232; x_wconf 80' lang='grc' dir='ltr'>ρισθέντι</span> <span class='ocrx_word' id='word_1_444' title='bbox 2486 3158 2577 3214; x_wconf 84' lang='grc' dir='ltr'><strong>καὶ</strong></span> <span class='ocrx_word' id='word_1_445' title='bbox 2636 3160 2743 3231; x_wconf 85' lang='grc' dir='ltr'>πρὸ</span> <span class='ocrx_word' id='word_1_446' title='bbox 2799 3157 3077 3233; x_wconf 70' lang='grc' dir='ltr'>γενέσεως,</span> <span class='ocrx_word' id='word_1_447' title='bbox 3133 3166 3411 3233; x_wconf 81' lang='grc' dir='ltr'>προσῆκον</span> <span class='ocrx_word' id='word_1_448' title='bbox 3470 3157 3529 3215; x_wconf 69' lang='grc' dir='ltr'>δὶ</span> <span class='ocrx_word' id='word_1_449' title='bbox 3609 3162 3718 3234; x_wconf 83' lang='grc' dir='ltr'>ἄρα</span> <span class='ocrx_word' id='word_1_450' title='bbox 3775 3166 3852 3233; x_wconf 75' lang='grc' dir='ltr'><strong>τῷ</strong></span> 
     </span>
    </p>
   </div>
   <div class='ocr_carea' id='block_1_63' title="bbox 442 3245 2086 3325">
    <p class='ocr_par' dir='ltr' id='par_1_63' title="bbox 442 3246 2085 3321">
     <span class='ocr_line' id='line_1_63' title="bbox 442 3246 2085 3321; baseline -0.002 -17"><span class='ocrx_word' id='word_1_451' title='bbox 442 3249 760 3321; x_wconf 87' lang='lat' dir='ltr'><strong>imperium</strong></span> <span class='ocrx_word' id='word_1_452' title='bbox 790 3250 848 3305; x_wconf 91' lang='lat' dir='ltr'><strong>in</strong></span> <span class='ocrx_word' id='word_1_453' title='bbox 877 3251 1179 3305; x_wconf 90' lang='lat' dir='ltr'><strong>universos</strong></span> <span class='ocrx_word' id='word_1_454' title='bbox 1208 3265 1239 3304; x_wconf 92' lang='lat' dir='ltr'><strong>e</strong></span> <span class='ocrx_word' id='word_1_455' title='bbox 1269 3265 1447 3303; x_wconf 90' lang='lat' dir='ltr'><strong>manu</strong></span> <span class='ocrx_word' id='word_1_456' title='bbox 1487 3246 1588 3303; x_wconf 91' lang='lat' dir='ltr'><strong>Dei</strong></span> <span class='ocrx_word' id='word_1_457' title='bbox 1630 3247 1822 3302; x_wconf 89' lang='lat' dir='ltr'><strong>fueras</strong></span> <span class='ocrx_word' id='word_1_458' title='bbox 1850 3262 2085 3315; x_wconf 90' lang='lat' dir='ltr'><strong>suscep-</strong></span> 
     </span>
    </p>
   </div>
   <div class='ocr_carea' id='block_1_64' title="bbox 2197 3245 3852 3325">
    <p class='ocr_par' dir='ltr' id='par_1_64' title="bbox 2200 3245 3852 3325">
     <span class='ocr_line' id='line_1_64' title="bbox 2200 3245 3852 3325; baseline 0.002 -24"><span class='ocrx_word' id='word_1_459' title='bbox 2200 3246 2447 3318; x_wconf 75' lang='grc' dir='ltr'>τοσούτῳ</span> <span class='ocrx_word' id='word_1_460' title='bbox 2508 3252 2608 3316; x_wconf 82' lang='grc' dir='ltr'><strong>τῆς</strong></span> <span class='ocrx_word' id='word_1_461' title='bbox 2674 3246 2856 3324; x_wconf 84' lang='grc' dir='ltr'>ἀρχῆς</span> <span class='ocrx_word' id='word_1_462' title='bbox 2923 3248 3014 3301; x_wconf 79' lang='grc' dir='ltr'><strong>καὶ</strong></span> <span class='ocrx_word' id='word_1_463' title='bbox 3076 3249 3288 3322; x_wconf 68' lang='grc' dir='ltr'>μεγέθει</span> <span class='ocrx_word' id='word_1_464' title='bbox 3354 3248 3444 3303; x_wconf 84' lang='grc' dir='ltr'><strong>καὶ</strong></span> <span class='ocrx_word' id='word_1_465' title='bbox 3521 3245 3702 3325; x_wconf 76' lang='grc' dir='ltr'>ὄγκῳ,</span> <span class='ocrx_word' id='word_1_466' title='bbox 3763 3250 3852 3304; x_wconf 80' lang='grc' dir='ltr'><strong>καὶ</strong></span> 
     </span>
    </p>
   </div>
   <div class='ocr_carea' id='block_1_65' title="bbox 444 3338 2092 3410">
    <p class='ocr_par' dir='ltr' id='par_1_65' title="bbox 444 3338 2092 3410">
     <span class='ocr_line' id='line_1_65' title="bbox 444 3338 2092 3410; baseline -0.002 -16"><span class='ocrx_word' id='word_1_467' title='bbox 444 3344 636 3408; x_wconf 89' lang='lat' dir='ltr'><strong>turus,</strong></span> <span class='ocrx_word' id='word_1_468' title='bbox 683 3355 779 3394; x_wconf 89' lang='lat' dir='ltr'><strong>seu</strong></span> <span class='ocrx_word' id='word_1_469' title='bbox 848 3340 1041 3410; x_wconf 86' lang='lat' dir='ltr'><strong>potius</strong></span> <span class='ocrx_word' id='word_1_470' title='bbox 1117 3344 1250 3395; x_wconf 88' lang='lat' dir='ltr'><strong>ante</strong></span> <span class='ocrx_word' id='word_1_471' title='bbox 1335 3338 1693 3393; x_wconf 84' lang='lat' dir='ltr'><strong>nativitatem</strong></span> <span class='ocrx_word' id='word_1_472' title='bbox 1770 3352 2092 3407; x_wconf 89' lang='lat' dir='ltr'><strong>receperas,</strong></span> 
     </span>
    </p>
   </div>
   <div class='ocr_carea' id='block_1_66' title="bbox 445 3427 2093 3501">
    <p class='ocr_par' dir='ltr' id='par_1_66' title="bbox 445 3427 2093 3501">
     <span class='ocr_line' id='line_1_66' title="bbox 445 3427 2093 3501; baseline -0.003 -16"><span class='ocrx_word' id='word_1_473' title='bbox 445 3429 807 3501; x_wconf 83' lang='lat' dir='ltr'><strong>imperialem</strong></span> <span class='ocrx_word' id='word_1_474' title='bbox 858 3430 1097 3485; x_wconf 89' lang='lat' dir='ltr'><strong>domum</strong></span> <span class='ocrx_word' id='word_1_475' title='bbox 1126 3436 1180 3484; x_wconf 85' lang='lat' dir='ltr'><strong>et</strong></span> <span class='ocrx_word' id='word_1_476' title='bbox 1208 3427 1395 3486; x_wconf 86' lang='lat' dir='ltr'><strong>aulam</strong></span> <span class='ocrx_word' id='word_1_477' title='bbox 1427 3428 1634 3483; x_wconf 78' lang='lat' dir='ltr'><strong>instrui</strong></span> <span class='ocrx_word' id='word_1_478' title='bbox 1665 3428 1940 3497; x_wconf 87' lang='lat' dir='ltr'><strong>oportuit,</strong></span> <span class='ocrx_word' id='word_1_479' title='bbox 1965 3443 2093 3497; x_wconf 68' lang='lat' dir='ltr'><strong>qua:</strong></span> 
     </span>
    </p>
   </div>
   <div class='ocr_carea' id='block_1_67' title="bbox 447 3515 2095 3590">
    <p class='ocr_par' dir='ltr' id='par_1_67' title="bbox 447 3515 2095 3590">
     <span class='ocr_line' id='line_1_67' title="bbox 447 3515 2095 3590; baseline -0.004 -14"><span class='ocrx_word' id='word_1_480' title='bbox 447 3534 588 3576; x_wconf 87' lang='lat' dir='ltr'><strong>sane</strong></span> <span class='ocrx_word' id='word_1_481' title='bbox 616 3522 736 3575; x_wconf 85' lang='lat' dir='ltr'><strong>tam</strong></span> <span class='ocrx_word' id='word_1_482' title='bbox 778 3519 986 3590; x_wconf 87' lang='lat' dir='ltr'><strong>ingens</strong></span> <span class='ocrx_word' id='word_1_483' title='bbox 1015 3525 1071 3573; x_wconf 89' lang='lat' dir='ltr'><strong>et</strong></span> <span class='ocrx_word' id='word_1_484' title='bbox 1091 3517 1351 3589; x_wconf 89' lang='lat' dir='ltr'><strong>amplum</strong></span> <span class='ocrx_word' id='word_1_485' title='bbox 1375 3517 1603 3574; x_wconf 86' lang='lat' dir='ltr'><strong>deceret</strong></span> <span class='ocrx_word' id='word_1_486' title='bbox 1633 3515 1944 3588; x_wconf 87' lang='lat' dir='ltr'><strong>imperium</strong></span> <span class='ocrx_word' id='word_1_487' title='bbox 1980 3532 1993 3570; x_wconf 90' lang='lat'><strong>:</strong></span> <span class='ocrx_word' id='word_1_488' title='bbox 2025 3531 2095 3570; x_wconf 87' lang='lat' dir='ltr'><strong>ea</strong></span> 
     </span>
    </p>
   </div>
   <div class='ocr_carea' id='block_1_68' title="bbox 447 3605 2092 3681">
    <p class='ocr_par' dir='ltr' id='par_1_68' title="bbox 447 3605 2092 3681">
     <span class='ocr_line' id='line_1_68' title="bbox 447 3605 2092 3681; baseline -0.004 -16"><span class='ocrx_word' id='word_1_489' title='bbox 447 3625 679 3681; x_wconf 88' lang='lat' dir='ltr'><strong>quoque</strong></span> <span class='ocrx_word' id='word_1_490' title='bbox 735 3610 1227 3679; x_wconf 81' lang='lat' dir='ltr'><strong>quemadmodum</strong></span> <span class='ocrx_word' id='word_1_491' title='bbox 1289 3607 1475 3679; x_wconf 91' lang='lat' dir='ltr'><strong>primo</strong></span> <span class='ocrx_word' id='word_1_492' title='bbox 1534 3605 1615 3660; x_wconf 88' lang='lat' dir='ltr'><strong>illi</strong></span> <span class='ocrx_word' id='word_1_493' title='bbox 1682 3608 1863 3661; x_wconf 76' lang='lat' dir='ltr'><strong>Adam</strong></span> <span class='ocrx_word' id='word_1_494' title='bbox 1933 3605 2092 3661; x_wconf 91' lang='lat' dir='ltr'><strong>orbis</strong></span> 
     </span>
    </p>
   </div>
   <div class='ocr_carea' id='block_1_69' title="bbox 447 3693 2091 3769">
    <p class='ocr_par' dir='ltr' id='par_1_69' title="bbox 447 3693 2091 3769">
     <span class='ocr_line' id='line_1_69' title="bbox 447 3693 2091 3769; baseline -0.004 -13"><span class='ocrx_word' id='word_1_495' title='bbox 447 3702 773 3762; x_wconf 85' lang='lat' dir='ltr'><strong>universus,</strong></span> <span class='ocrx_word' id='word_1_496' title='bbox 797 3701 853 3753; x_wconf 87' lang='lat' dir='ltr'><strong>et</strong></span> <span class='ocrx_word' id='word_1_497' title='bbox 874 3697 1203 3769; x_wconf 89' lang='lat' dir='ltr'><strong>quicunque</strong></span> <span class='ocrx_word' id='word_1_498' title='bbox 1233 3700 1466 3752; x_wconf 86' lang='lat' dir='ltr'><strong>tandem</strong></span> <span class='ocrx_word' id='word_1_499' title='bbox 1500 3697 1607 3757; x_wconf 72' lang='lat' dir='ltr'><strong>fuit</strong></span> <span class='ocrx_word' id='word_1_500' title='bbox 1638 3696 1943 3767; x_wconf 87' lang='lat' dir='ltr'><strong>paradisus</strong></span> <span class='ocrx_word' id='word_1_501' title='bbox 1975 3693 2091 3764; x_wconf 89' lang='lat' dir='ltr'><strong>ille,</strong></span> 
     </span>
    </p>
   </div>
   <div class='ocr_carea' id='block_1_70' title="bbox 440 3776 2091 3859">
    <p class='ocr_par' dir='ltr' id='par_1_70' title="bbox 440 3776 2091 3859">
     <span class='ocr_line' id='line_1_70' title="bbox 440 3776 2091 3859; baseline -0.002 -16"><span class='ocrx_word' id='word_1_502' title='bbox 440 3776 740 3859; x_wconf 76' lang='lat' dir='ltr'><strong>condigna</strong></span> <span class='ocrx_word' id='word_1_503' title='bbox 770 3791 1089 3858; x_wconf 63' lang='lat' dir='ltr'><strong>praeparata</strong></span> <span class='ocrx_word' id='word_1_504' title='bbox 1135 3791 1237 3841; x_wconf 82' lang='lat' dir='ltr'><strong>est.</strong></span> <span class='ocrx_word' id='word_1_505' title='bbox 1274 3786 1351 3842; x_wconf 86' lang='lat' dir='ltr'><strong>Ea</strong></span> <span class='ocrx_word' id='word_1_506' title='bbox 1382 3802 1515 3841; x_wconf 90' lang='lat' dir='ltr'><strong>vero</strong></span> <span class='ocrx_word' id='word_1_507' title='bbox 1548 3790 1671 3840; x_wconf 84' lang='lat' dir='ltr'><strong>erat</strong></span> <span class='ocrx_word' id='word_1_508' title='bbox 1710 3802 1852 3842; x_wconf 85' lang='lat' dir='ltr'><strong>nova</strong></span> <span class='ocrx_word' id='word_1_509' title='bbox 1892 3785 2091 3854; x_wconf 89' lang='lat' dir='ltr'><strong>Edem,</strong></span> 
     </span>
    </p>
   </div>
   <div class='ocr_carea' id='block_1_71' title="bbox 448 3874 2091 3947">
    <p class='ocr_par' dir='ltr' id='par_1_71' title="bbox 448 3874 2091 3947">
     <span class='ocr_line' id='line_1_71' title="bbox 448 3874 2091 3947; baseline -0.003 -13"><span class='ocrx_word' id='word_1_510' title='bbox 448 3881 720 3934; x_wconf 88' lang='lat' dir='ltr'><strong>terrestre</strong></span> <span class='ocrx_word' id='word_1_511' title='bbox 752 3877 985 3943; x_wconf 72' lang='lat' dir='ltr'><strong>coelum,</strong></span> <span class='ocrx_word' id='word_1_512' title='bbox 1011 3876 1265 3947; x_wconf 87' lang='lat' dir='ltr'><strong>paradisi</strong></span> <span class='ocrx_word' id='word_1_513' title='bbox 1295 3875 1470 3931; x_wconf 87' lang='lat' dir='ltr'><strong>veluti</strong></span> <span class='ocrx_word' id='word_1_514' title='bbox 1523 3874 1865 3945; x_wconf 85' lang='lat' dir='ltr'><strong>primarium</strong></span> <span class='ocrx_word' id='word_1_515' title='bbox 1899 3891 2091 3932; x_wconf 82' lang='lat' dir='ltr'><strong>exem-</strong></span> 
     </span>
    </p>
   </div>
   <div class='ocr_carea' id='block_1_72' title="bbox 450 3965 2096 4042">
    <p class='ocr_par' dir='ltr' id='par_1_72' title="bbox 450 3965 2096 4042">
     <span class='ocr_line' id='line_1_72' title="bbox 450 3965 2096 4042; baseline -0.004 -17"><span class='ocrx_word' id='word_1_516' title='bbox 450 3969 593 4042; x_wconf 84' lang='lat' dir='ltr'><strong>plar,</strong></span> <span class='ocrx_word' id='word_1_517' title='bbox 628 3968 813 4039; x_wconf 88' lang='lat' dir='ltr'><strong>patria</strong></span> <span class='ocrx_word' id='word_1_518' title='bbox 858 3967 1096 4039; x_wconf 88' lang='lat' dir='ltr'><strong>quidem</strong></span> <span class='ocrx_word' id='word_1_519' title='bbox 1145 3972 1263 4032; x_wconf 83' lang='lat' dir='ltr'><strong>tua,</strong></span> <span class='ocrx_word' id='word_1_520' title='bbox 1304 3981 1616 4021; x_wconf 88' lang='lat' dir='ltr'><strong>commune</strong></span> <span class='ocrx_word' id='word_1_521' title='bbox 1673 3971 1868 4020; x_wconf 89' lang='lat' dir='ltr'><strong>autem</strong></span> <span class='ocrx_word' id='word_1_522' title='bbox 1926 3965 2096 4020; x_wconf 88' lang='lat' dir='ltr'><strong>Chri-</strong></span> 
     </span>
    </p>
   </div>
   <div class='ocr_carea' id='block_1_73' title="bbox 452 4054 2096 4124">
    <p class='ocr_par' dir='ltr' id='par_1_73' title="bbox 452 4054 2096 4124">
     <span class='ocr_line' id='line_1_73' title="bbox 452 4054 2096 4124; baseline -0.002 -11"><span class='ocrx_word' id='word_1_523' title='bbox 452 4060 772 4113; x_wconf 85' lang='lat' dir='ltr'><strong>stianorum</strong></span> <span class='ocrx_word' id='word_1_524' title='bbox 822 4057 1083 4112; x_wconf 90' lang='lat' dir='ltr'><strong>omnium</strong></span> <span class='ocrx_word' id='word_1_525' title='bbox 1134 4056 1519 4124; x_wconf 88' lang='lat' dir='ltr'><strong>domicilium,</strong></span> <span class='ocrx_word' id='word_1_526' title='bbox 1554 4055 1787 4113; x_wconf 88' lang='lat' dir='ltr'><strong>urbium</strong></span> <span class='ocrx_word' id='word_1_527' title='bbox 1828 4054 2096 4109; x_wconf 88' lang='lat' dir='ltr'><strong>videlicet</strong></span> 
     </span>
    </p>
   </div>
   <div class='ocr_carea' id='block_1_74' title="bbox 452 4145 2095 4216">
    <p class='ocr_par' dir='ltr' id='par_1_74' title="bbox 452 4145 2095 4216">
     <span class='ocr_line' id='line_1_74' title="bbox 452 4145 2095 4216; baseline -0.003 -14"><span class='ocrx_word' id='word_1_528' title='bbox 452 4146 719 4202; x_wconf 87' lang='lat' dir='ltr'><strong>omnium</strong></span> <span class='ocrx_word' id='word_1_529' title='bbox 742 4147 961 4216; x_wconf 89' lang='lat' dir='ltr'><strong>regina.</strong></span> <span class='ocrx_word' id='word_1_530' title='bbox 986 4145 1175 4201; x_wconf 89' lang='lat' dir='ltr'><strong>Simul</strong></span> <span class='ocrx_word' id='word_1_531' title='bbox 1201 4151 1373 4216; x_wconf 77' lang='lat' dir='ltr'><strong>atque</strong></span> <span class='ocrx_word' id='word_1_532' title='bbox 1403 4148 1555 4201; x_wconf 87' lang='lat' dir='ltr'><strong>enim</strong></span> <span class='ocrx_word' id='word_1_533' title='bbox 1589 4146 1711 4213; x_wconf 90' lang='lat' dir='ltr'><strong>ipse</strong></span> <span class='ocrx_word' id='word_1_534' title='bbox 1737 4160 1805 4200; x_wconf 84' lang='lat' dir='ltr'><strong>ex</strong></span> <span class='ocrx_word' id='word_1_535' title='bbox 1836 4148 2095 4198; x_wconf 85' lang='lat' dir='ltr'><strong>materno</strong></span> 
     </span>
    </p>
   </div>
   <div class='ocr_carea' id='block_1_75' title="bbox 454 4233 2093 4308">
    <p class='ocr_par' dir='ltr' id='par_1_75' title="bbox 454 4233 2093 4308">
     <span class='ocr_line' id='line_1_75' title="bbox 454 4233 2093 4308; baseline -0.003 -17"><span class='ocrx_word' id='word_1_536' title='bbox 454 4234 720 4308; x_wconf 88' lang='lat' dir='ltr'><strong>prodiisti</strong></span> <span class='ocrx_word' id='word_1_537' title='bbox 775 4233 1054 4301; x_wconf 85' lang='lat' dir='ltr'><strong>thalamo,</strong></span> <span class='ocrx_word' id='word_1_538' title='bbox 1091 4235 1427 4304; x_wconf 67' lang='lat' dir='ltr'><strong>praedonum</strong></span> <span class='ocrx_word' id='word_1_539' title='bbox 1475 4250 1739 4298; x_wconf 78' lang='lat' dir='ltr'><strong>examen,</strong></span> <span class='ocrx_word' id='word_1_540' title='bbox 1772 4233 1926 4303; x_wconf 90' lang='lat' dir='ltr'><strong>quod</strong></span> <span class='ocrx_word' id='word_1_541' title='bbox 1966 4248 2093 4287; x_wconf 90' lang='lat' dir='ltr'><strong>eam</strong></span> 
     </span>
    </p>
   </div>
   <div class='ocr_carea' id='block_1_76' title="bbox 438 4321 2095 4395">
    <p class='ocr_par' dir='ltr' id='par_1_76' title="bbox 438 4321 2095 4395">
     <span class='ocr_line' id='line_1_76' title="bbox 438 4321 2095 4395; baseline -0.002 -15"><span class='ocrx_word' id='word_1_542' title='bbox 438 4325 627 4395; x_wconf 72' lang='lat' dir='ltr'><strong>.longo</strong></span> <span class='ocrx_word' id='word_1_543' title='bbox 678 4332 934 4394; x_wconf 87' lang='lat' dir='ltr'><strong>tempore</strong></span> <span class='ocrx_word' id='word_1_544' title='bbox 984 4324 1288 4389; x_wconf 79' lang='lat' dir='ltr'><strong>afﬂixerat,</strong></span> <span class='ocrx_word' id='word_1_545' title='bbox 1320 4323 1456 4379; x_wconf 91' lang='lat' dir='ltr'><strong>inde</strong></span> <span class='ocrx_word' id='word_1_546' title='bbox 1504 4332 1589 4379; x_wconf 86' lang='lat' dir='ltr'><strong>est</strong></span> <span class='ocrx_word' id='word_1_547' title='bbox 1627 4321 2095 4394; x_wconf 83' lang='lat' dir='ltr'><strong>expulsum,ter-</strong></span> 
     </span>
    </p>
   </div>
   <div class='ocr_carea' id='block_1_77' title="bbox 456 4412 2095 4485">
    <p class='ocr_par' dir='ltr' id='par_1_77' title="bbox 456 4412 2095 4485">
     <span class='ocr_line' id='line_1_77' title="bbox 456 4412 2095 4485; baseline -0.004 -14"><span class='ocrx_word' id='word_1_548' title='bbox 456 4430 585 4471; x_wconf 88' lang='lat' dir='ltr'><strong>rore</strong></span> <span class='ocrx_word' id='word_1_549' title='bbox 650 4414 1077 4485; x_wconf 86' lang='lat' dir='ltr'><strong>quodammodo</strong></span> <span class='ocrx_word' id='word_1_550' title='bbox 1152 4413 1482 4484; x_wconf 86' lang='lat' dir='ltr'><strong>perculsum</strong></span> <span class='ocrx_word' id='word_1_551' title='bbox 1568 4416 1742 4483; x_wconf 85' lang='lat' dir='ltr'><strong>atque</strong></span> <span class='ocrx_word' id='word_1_552' title='bbox 1815 4412 2095 4476; x_wconf 80' lang='lat' dir='ltr'><strong>accisam,</strong></span> 
     </span>
    </p>
   </div>
   <div class='ocr_carea' id='block_1_78' title="bbox 455 4500 2100 4579">
    <p class='ocr_par' dir='ltr' id='par_1_78' title="bbox 455 4500 2100 4579">
     <span class='ocr_line' id='line_1_78' title="bbox 455 4500 2100 4579; baseline -0.005 -17"><span class='ocrx_word' id='word_1_553' title='bbox 455 4520 913 4579; x_wconf 82' lang='lat' dir='ltr'><strong>germanumque</strong></span> <span class='ocrx_word' id='word_1_554' title='bbox 980 4501 1151 4575; x_wconf 83' lang='lat' dir='ltr'><strong>plane</strong></span> <span class='ocrx_word' id='word_1_555' title='bbox 1222 4503 1530 4567; x_wconf 66' lang='lat' dir='ltr'><strong>heredem,</strong></span> <span class='ocrx_word' id='word_1_556' title='bbox 1578 4500 1981 4572; x_wconf 81' lang='lat' dir='ltr'><strong>imperatorem</strong></span> <span class='ocrx_word' id='word_1_557' title='bbox 2043 4503 2100 4559; x_wconf 83' lang='lat' dir='ltr'><strong>et</strong></span> 
     </span>
    </p>
   </div>
   <div class='ocr_carea' id='block_1_79' title="bbox 455 4589 2094 4666">
    <p class='ocr_par' dir='ltr' id='par_1_79' title="bbox 455 4589 2094 4666">
     <span class='ocr_line' id='line_1_79' title="bbox 455 4589 2094 4666; baseline -0.006 -12"><span class='ocrx_word' id='word_1_558' title='bbox 455 4596 812 4656; x_wconf 86' lang='lat' dir='ltr'><strong>conditorem</strong></span> <span class='ocrx_word' id='word_1_559' title='bbox 842 4596 990 4666; x_wconf 85' lang='lat' dir='ltr'><strong>ejus,</strong></span> <span class='ocrx_word' id='word_1_560' title='bbox 1022 4593 1265 4649; x_wconf 86' lang='lat' dir='ltr'><strong>veritum</strong></span> <span class='ocrx_word' id='word_1_561' title='bbox 1292 4612 1304 4649; x_wconf 94' lang='lat'>:</span> <span class='ocrx_word' id='word_1_562' title='bbox 1331 4593 1430 4664; x_wconf 90' lang='lat' dir='ltr'><strong>qui</strong></span> <span class='ocrx_word' id='word_1_563' title='bbox 1456 4607 1593 4649; x_wconf 84' lang='lat' dir='ltr'><strong>sane</strong></span> <span class='ocrx_word' id='word_1_564' title='bbox 1626 4591 1946 4661; x_wconf 63' lang='lat' dir='ltr'><strong>pradones,</strong></span> <span class='ocrx_word' id='word_1_565' title='bbox 1977 4589 2094 4645; x_wconf 84' lang='lat' dir='ltr'><strong>exi-</strong></span> 
     </span>
    </p>
   </div>
   <div class='ocr_carea' id='block_1_80' title="bbox 455 4682 2093 4757">
    <p class='ocr_par' dir='ltr' id='par_1_80' title="bbox 455 4682 2093 4757">
     <span class='ocr_line' id='line_1_80' title="bbox 455 4682 2093 4757; baseline -0.005 -14"><span class='ocrx_word' id='word_1_566' title='bbox 455 4692 581 4743; x_wconf 88' lang='lat' dir='ltr'><strong>tum</strong></span> <span class='ocrx_word' id='word_1_567' title='bbox 640 4691 812 4757; x_wconf 86' lang='lat' dir='ltr'><strong>stqne</strong></span> <span class='ocrx_word' id='word_1_568' title='bbox 853 4686 1052 4757; x_wconf 84' lang='lat' dir='ltr'><strong>fugam</strong></span> <span class='ocrx_word' id='word_1_569' title='bbox 1122 4682 1528 4748; x_wconf 80' lang='lat' dir='ltr'><strong>acceleranles,</strong></span> <span class='ocrx_word' id='word_1_570' title='bbox 1577 4688 1854 4753; x_wconf 81' lang='lat' dir='ltr'><strong>tanquam</strong></span> <span class='ocrx_word' id='word_1_571' title='bbox 1922 4696 2093 4735; x_wconf 91' lang='lat' dir='ltr'><strong>coru-</strong></span> 
     </span>
    </p>
   </div>
   <div class='ocr_carea' id='block_1_81' title="bbox 457 4772 2095 4845">
    <p class='ocr_par' dir='ltr' id='par_1_81' title="bbox 457 4772 2095 4845">
     <span class='ocr_line' id='line_1_81' title="bbox 457 4772 2095 4845; baseline -0.005 -11"><span class='ocrx_word' id='word_1_572' title='bbox 457 4776 645 4835; x_wconf 85' lang='lat' dir='ltr'><strong>scanti</strong></span> <span class='ocrx_word' id='word_1_573' title='bbox 673 4792 814 4832; x_wconf 83' lang='lat' dir='ltr'><strong>ense</strong></span> <span class='ocrx_word' id='word_1_574' title='bbox 851 4779 953 4830; x_wconf 90' lang='lat' dir='ltr'><strong>tuo</strong></span> <span class='ocrx_word' id='word_1_575' title='bbox 984 4775 1175 4845; x_wconf 78' lang='lat' dir='ltr'><strong>ejecti,</strong></span> <span class='ocrx_word' id='word_1_576' title='bbox 1199 4773 1347 4828; x_wconf 83' lang='lat' dir='ltr'><strong>alius</strong></span> <span class='ocrx_word' id='word_1_577' title='bbox 1397 4772 1509 4827; x_wconf 91' lang='lat' dir='ltr'><strong>alio</strong></span> <span class='ocrx_word' id='word_1_578' title='bbox 1543 4772 1812 4843; x_wconf 77' lang='lat' dir='ltr'><strong>profugit.</strong></span> <span class='ocrx_word' id='word_1_579' title='bbox 1844 4772 1930 4827; x_wconf 89' lang='lat' dir='ltr'><strong>Ad</strong></span> <span class='ocrx_word' id='word_1_580' title='bbox 1962 4786 2095 4827; x_wconf 89' lang='lat' dir='ltr'><strong>eum</strong></span> 
     </span>
    </p>
   </div>
   <div class='ocr_carea' id='block_1_82' title="bbox 458 4863 2100 4937">
    <p class='ocr_par' dir='ltr' id='par_1_82' title="bbox 458 4863 2100 4937">
     <span class='ocr_line' id='line_1_82' title="bbox 458 4863 2100 4937; baseline -0.005 -14"><span class='ocrx_word' id='word_1_581' title='bbox 458 4872 695 4935; x_wconf 87' lang='lat' dir='ltr'><strong>modum</strong></span> <span class='ocrx_word' id='word_1_582' title='bbox 728 4865 830 4921; x_wconf 91' lang='lat' dir='ltr'><strong>illa</strong></span> <span class='ocrx_word' id='word_1_583' title='bbox 895 4881 1000 4937; x_wconf 88' lang='lat' dir='ltr'><strong>per</strong></span> <span class='ocrx_word' id='word_1_584' title='bbox 1042 4870 1098 4919; x_wconf 88' lang='lat' dir='ltr'><strong>te</strong></span> <span class='ocrx_word' id='word_1_585' title='bbox 1142 4863 1310 4918; x_wconf 88' lang='lat' dir='ltr'><strong>nobis</strong></span> <span class='ocrx_word' id='word_1_586' title='bbox 1356 4863 1631 4919; x_wconf 86' lang='lat' dir='ltr'><strong>omnibus</strong></span> <span class='ocrx_word' id='word_1_587' title='bbox 1679 4865 2012 4932; x_wconf 87' lang='lat' dir='ltr'><strong>repurgata,</strong></span> <span class='ocrx_word' id='word_1_588' title='bbox 2043 4864 2100 4916; x_wconf 88' lang='lat' dir='ltr'><strong>et</strong></span> 
     </span>
    </p>
   </div>
   <div class='ocr_carea' id='block_1_83' title="bbox 457 4949 2101 5025">
    <p class='ocr_par' dir='ltr' id='par_1_83' title="bbox 457 4949 2101 5025">
     <span class='ocr_line' id='line_1_83' title="bbox 457 4949 2101 5025; baseline -0.004 -14"><span class='ocrx_word' id='word_1_589' title='bbox 457 4957 563 5011; x_wconf 88' lang='lat' dir='ltr'><strong>tibi</strong></span> <span class='ocrx_word' id='word_1_590' title='bbox 597 4956 844 5011; x_wconf 87' lang='lat' dir='ltr'><strong>nutricia</strong></span> <span class='ocrx_word' id='word_1_591' title='bbox 882 4960 1056 5025; x_wconf 85' lang='lat' dir='ltr'><strong>atque</strong></span> <span class='ocrx_word' id='word_1_592' title='bbox 1093 4953 1391 5009; x_wconf 84' lang='lat' dir='ltr'><strong>educatrix</strong></span> <span class='ocrx_word' id='word_1_593' title='bbox 1421 4952 1571 5007; x_wconf 85' lang='lat' dir='ltr'><strong>facta</strong></span> <span class='ocrx_word' id='word_1_594' title='bbox 1607 4958 1715 5014; x_wconf 87' lang='lat' dir='ltr'><strong>est.</strong></span> <span class='ocrx_word' id='word_1_595' title='bbox 1749 4951 1978 5007; x_wconf 88' lang='lat' dir='ltr'><strong>duabus</strong></span> <span class='ocrx_word' id='word_1_596' title='bbox 2009 4949 2101 5004; x_wconf 87' lang='lat' dir='ltr'><strong>his</strong></span> 
     </span>
    </p>
   </div>
   <div class='ocr_carea' id='block_1_84' title="bbox 458 5040 2097 5115">
    <p class='ocr_par' dir='ltr' id='par_1_84' title="bbox 458 5040 2097 5115">
     <span class='ocr_line' id='line_1_84' title="bbox 458 5040 2097 5115; baseline -0.004 -14"><span class='ocrx_word' id='word_1_597' title='bbox 458 5047 636 5101; x_wconf 91' lang='lat' dir='ltr'><strong>rebus</strong></span> <span class='ocrx_word' id='word_1_598' title='bbox 674 5046 730 5100; x_wconf 89' lang='lat' dir='ltr'><strong>in</strong></span> <span class='ocrx_word' id='word_1_599' title='bbox 764 5049 818 5100; x_wconf 91' lang='lat' dir='ltr'><strong>te</strong></span> <span class='ocrx_word' id='word_1_600' title='bbox 866 5049 1041 5115; x_wconf 87' lang='lat' dir='ltr'><strong>atque</strong></span> <span class='ocrx_word' id='word_1_601' title='bbox 1085 5042 1186 5098; x_wconf 91' lang='lat' dir='ltr'><strong>illa</strong></span> <span class='ocrx_word' id='word_1_602' title='bbox 1216 5043 1495 5097; x_wconf 89' lang='lat' dir='ltr'><strong>divinitus</strong></span> <span class='ocrx_word' id='word_1_603' title='bbox 1526 5042 1774 5113; x_wconf 80' lang='lat' dir='ltr'><strong>benigne</strong></span> <span class='ocrx_word' id='word_1_604' title='bbox 1806 5040 2097 5111; x_wconf 66' lang='lat' dir='ltr'><strong>praestitis.</strong></span> 
     </span>
    </p>
   </div>
   <div class='ocr_carea' id='block_1_85' title="bbox 457 5129 2099 5206">
    <p class='ocr_par' dir='ltr' id='par_1_85' title="bbox 457 5129 2099 5206">
     <span class='ocr_line' id='line_1_85' title="bbox 457 5129 2099 5206; baseline -0.005 -14"><span class='ocrx_word' id='word_1_605' title='bbox 457 5137 653 5206; x_wconf 85' lang='lat' dir='ltr'><strong>Neque</strong></span> <span class='ocrx_word' id='word_1_606' title='bbox 700 5135 850 5190; x_wconf 91' lang='lat' dir='ltr'><strong>enim</strong></span> <span class='ocrx_word' id='word_1_607' title='bbox 892 5134 1012 5199; x_wconf 92' lang='lat' dir='ltr'><strong>illa,</strong></span> <span class='ocrx_word' id='word_1_608' title='bbox 1062 5149 1192 5205; x_wconf 73' lang='lat' dir='ltr'><strong>quae</strong></span> <span class='ocrx_word' id='word_1_609' title='bbox 1238 5148 1425 5204; x_wconf 90' lang='lat' dir='ltr'><strong>nuper</strong></span> <span class='ocrx_word' id='word_1_610' title='bbox 1486 5132 1803 5187; x_wconf 89' lang='lat' dir='ltr'><strong>admodum</strong></span> <span class='ocrx_word' id='word_1_611' title='bbox 1860 5129 2099 5184; x_wconf 82' lang='lat' dir='ltr'><strong>liberam</strong></span> 
     </span>
    </p>
   </div>
   <div class='ocr_carea' id='block_1_86' title="bbox 457 5217 2101 5295">
    <p class='ocr_par' dir='ltr' id='par_1_86' title="bbox 457 5217 2101 5295">
     <span class='ocr_line' id='line_1_86' title="bbox 457 5217 2101 5295; baseline -0.005 -14"><span class='ocrx_word' id='word_1_612' title='bbox 457 5226 642 5282; x_wconf 89' lang='lat' dir='ltr'><strong>lucem</strong></span> <span class='ocrx_word' id='word_1_613' title='bbox 691 5225 884 5281; x_wconf 88' lang='lat' dir='ltr'><strong>videre</strong></span> <span class='ocrx_word' id='word_1_614' title='bbox 930 5228 1198 5295; x_wconf 83' lang='lat' dir='ltr'><strong>cceperat,</strong></span> <span class='ocrx_word' id='word_1_615' title='bbox 1222 5224 1281 5279; x_wconf 93' lang='lat' dir='ltr'><strong>in</strong></span> <span class='ocrx_word' id='word_1_616' title='bbox 1328 5221 1440 5277; x_wconf 91' lang='lat' dir='ltr'><strong>alio</strong></span> <span class='ocrx_word' id='word_1_617' title='bbox 1495 5222 1997 5292; x_wconf 88' lang='lat' dir='ltr'><strong>qu0piam,quam</strong></span> <span class='ocrx_word' id='word_1_618' title='bbox 2038 5217 2101 5273; x_wconf 90' lang='lat' dir='ltr'><strong>in</strong></span> 
     </span>
    </p>
   </div>
   <div class='ocr_carea' id='block_1_87' title="bbox 459 5308 2099 5383">
    <p class='ocr_par' dir='ltr' id='par_1_87' title="bbox 459 5308 2099 5383">
     <span class='ocr_line' id='line_1_87' title="bbox 459 5308 2099 5383; baseline -0.005 -12"><span class='ocrx_word' id='word_1_619' title='bbox 459 5324 516 5371; x_wconf 89' lang='lat' dir='ltr'><strong>te</strong></span> <span class='ocrx_word' id='word_1_620' title='bbox 564 5331 700 5383; x_wconf 92' lang='lat' dir='ltr'><strong>uno,</strong></span> <span class='ocrx_word' id='word_1_621' title='bbox 742 5315 997 5369; x_wconf 82' lang='lat' dir='ltr'><strong>debitam</strong></span> <span class='ocrx_word' id='word_1_622' title='bbox 1047 5314 1289 5383; x_wconf 80' lang='lat' dir='ltr'><strong>gloriam</strong></span> <span class='ocrx_word' id='word_1_623' title='bbox 1348 5311 1623 5382; x_wconf 87' lang='lat' dir='ltr'><strong>consequi</strong></span> <span class='ocrx_word' id='word_1_624' title='bbox 1686 5312 1874 5382; x_wconf 77' lang='lat' dir='ltr'><strong>potuit</strong></span> <span class='ocrx_word' id='word_1_625' title='bbox 1928 5325 1941 5363; x_wconf 90' lang='lat'>:</span> <span class='ocrx_word' id='word_1_626' title='bbox 2000 5308 2099 5379; x_wconf 90' lang='lat' dir='ltr'><strong>qui</strong></span> 
     </span>
    </p>
   </div>
   <div class='ocr_carea' id='block_1_88' title="bbox 463 5400 2099 5476">
    <p class='ocr_par' dir='ltr' id='par_1_88' title="bbox 463 5400 2099 5476">
     <span class='ocr_line' id='line_1_88' title="bbox 463 5400 2099 5476; baseline -0.005 -16"><span class='ocrx_word' id='word_1_627' title='bbox 463 5408 712 5460; x_wconf 84' lang='lat' dir='ltr'><strong>maxime</strong></span> <span class='ocrx_word' id='word_1_628' title='bbox 765 5404 998 5476; x_wconf 82' lang='lat' dir='ltr'><strong>quidem</strong></span> <span class='ocrx_word' id='word_1_629' title='bbox 1065 5404 1137 5458; x_wconf 90' lang='lat' dir='ltr'><strong>ad</strong></span> <span class='ocrx_word' id='word_1_630' title='bbox 1203 5402 1448 5474; x_wconf 91' lang='lat' dir='ltr'><strong>gloriam</strong></span> <span class='ocrx_word' id='word_1_631' title='bbox 1516 5401 1617 5457; x_wconf 92' lang='lat' dir='ltr'><strong>Dei</strong></span> <span class='ocrx_word' id='word_1_632' title='bbox 1666 5400 2099 5473; x_wconf 85' lang='lat' dir='ltr'><strong>propagandam</strong></span> 
     </span>
    </p>
   </div>
   <div class='ocr_carea' id='block_1_89' title="bbox 463 5485 2104 5561">
    <p class='ocr_par' dir='ltr' id='par_1_89' title="bbox 463 5485 2104 5561">
     <span class='ocr_line' id='line_1_89' title="bbox 463 5485 2104 5561; baseline -0.005 -13"><span class='ocrx_word' id='word_1_633' title='bbox 463 5494 832 5561; x_wconf 86' lang='lat' dir='ltr'><strong>processeris,</strong></span> <span class='ocrx_word' id='word_1_634' title='bbox 859 5490 909 5547; x_wconf 66' lang='grc' dir='ltr'><strong><em>Δ</em></strong></span> <span class='ocrx_word' id='word_1_635' title='bbox 934 5496 992 5547; x_wconf 89' lang='lat' dir='ltr'><strong>et</strong></span> <span class='ocrx_word' id='word_1_636' title='bbox 1022 5507 1252 5546; x_wconf 87' lang='lat' dir='ltr'><strong>summa</strong></span> <span class='ocrx_word' id='word_1_637' title='bbox 1282 5491 1542 5546; x_wconf 90' lang='lat' dir='ltr'><strong>omnium</strong></span> <span class='ocrx_word' id='word_1_638' title='bbox 1566 5488 1845 5561; x_wconf 81' lang='lat' dir='ltr'><strong>dignitate</strong></span> <span class='ocrx_word' id='word_1_639' title='bbox 1866 5485 2104 5542; x_wconf 89' lang='lat' dir='ltr'><strong>honoris</strong></span> 
     </span>
    </p>
   </div>
   <div class='ocr_carea' id='block_1_90' title="bbox 463 5575 2103 5652">
    <p class='ocr_par' dir='ltr' id='par_1_90' title="bbox 463 5575 2103 5652">
     <span class='ocr_line' id='line_1_90' title="bbox 463 5575 2103 5652; baseline -0.003 -17"><span class='ocrx_word' id='word_1_640' title='bbox 463 5587 666 5637; x_wconf 89' lang='lat' dir='ltr'><strong>auctus</strong></span> <span class='ocrx_word' id='word_1_641' title='bbox 693 5580 776 5637; x_wconf 89' lang='lat' dir='ltr'><strong>sis</strong></span> <span class='ocrx_word' id='word_1_642' title='bbox 807 5598 821 5636; x_wconf 92' lang='lat'>:</span> <span class='ocrx_word' id='word_1_643' title='bbox 856 5597 1044 5652; x_wconf 89' lang='lat' dir='ltr'><strong>neque</strong></span> <span class='ocrx_word' id='word_1_644' title='bbox 1074 5580 1248 5635; x_wconf 85' lang='lat' dir='ltr'><strong>etiam</strong></span> <span class='ocrx_word' id='word_1_645' title='bbox 1286 5578 1394 5634; x_wconf 89' lang='lat' dir='ltr'><strong>tibi</strong></span> <span class='ocrx_word' id='word_1_646' title='bbox 1442 5591 1555 5649; x_wconf 69' lang='lat' dir='ltr'><strong>prae</strong></span> <span class='ocrx_word' id='word_1_647' title='bbox 1609 5577 1707 5633; x_wconf 87' lang='lat' dir='ltr'><strong>illa</strong></span> <span class='ocrx_word' id='word_1_648' title='bbox 1754 5575 2103 5647; x_wconf 87' lang='lat' dir='ltr'><strong>condignius</strong></span> 
     </span>
    </p>
   </div>
   <div class='ocr_carea' id='block_1_91' title="bbox 463 5662 2101 5742">
    <p class='ocr_par' dir='ltr' id='par_1_91' title="bbox 463 5662 2101 5742">
     <span class='ocr_line' id='line_1_91' title="bbox 463 5662 2101 5742; baseline -0.004 -15"><span class='ocrx_word' id='word_1_649' title='bbox 463 5671 798 5742; x_wconf 86' lang='lat' dir='ltr'><strong>contingere</strong></span> <span class='ocrx_word' id='word_1_650' title='bbox 890 5670 1076 5741; x_wconf 89' lang='lat' dir='ltr'><strong>potuit</strong></span> <span class='ocrx_word' id='word_1_651' title='bbox 1179 5667 1543 5726; x_wconf 76' lang='lat' dir='ltr'><strong>domicilium</strong></span> <span class='ocrx_word' id='word_1_652' title='bbox 1637 5671 1695 5723; x_wconf 89' lang='lat' dir='ltr'><strong>et</strong></span> <span class='ocrx_word' id='word_1_653' title='bbox 1800 5662 2101 5723; x_wconf 87' lang='lat' dir='ltr'><strong>habitatio.</strong></span> 
     </span>
    </p>
   </div>
   <div class='ocr_carea' id='block_1_92' title="bbox 2201 3334 3850 3414">
    <p class='ocr_par' dir='ltr' id='par_1_92' title="bbox 2201 3334 3850 3414">
     <span class='ocr_line' id='line_1_92' title="bbox 2201 3334 3850 3414; baseline 0.002 -23"><span class='ocrx_word' id='word_1_654' title='bbox 2201 3341 2366 3391; x_wconf 75' lang='grc' dir='ltr'>τοῦτο</span> <span class='ocrx_word' id='word_1_655' title='bbox 2411 3334 2477 3406; x_wconf 79' lang='grc' dir='ltr'><strong>δή</strong></span> <span class='ocrx_word' id='word_1_656' title='bbox 2540 3357 2648 3403; x_wconf 88' lang='grc' dir='ltr'>σοι,</span> <span class='ocrx_word' id='word_1_657' title='bbox 2680 3339 2817 3391; x_wconf 80' lang='grc' dir='ltr'>καθὰ</span> <span class='ocrx_word' id='word_1_658' title='bbox 2866 3338 2954 3391; x_wconf 81' lang='grc' dir='ltr'>καὶ</span> <span class='ocrx_word' id='word_1_659' title='bbox 3006 3342 3084 3408; x_wconf 76' lang='grc' dir='ltr'>τῷ</span> <span class='ocrx_word' id='word_1_660' title='bbox 3141 3339 3347 3412; x_wconf 78' lang='grc' dir='ltr'>πρώτῳ</span> <span class='ocrx_word' id='word_1_661' title='bbox 3405 3337 3595 3411; x_wconf 81' lang='grc' dir='ltr'>ἐκείνῳ</span> <span class='ocrx_word' id='word_1_662' title='bbox 3649 3338 3850 3414; x_wconf 72' lang='grc' dir='ltr'>Ἀδὰμ,</span> 
     </span>
    </p>
   </div>
   <div class='ocr_carea' id='block_1_93' title="bbox 2202 3424 3853 3501">
    <p class='ocr_par' dir='ltr' id='par_1_93' title="bbox 2202 3424 3853 3501">
     <span class='ocr_line' id='line_1_93' title="bbox 2202 3424 3853 3501; baseline 0.002 -22"><span class='ocrx_word' id='word_1_663' title='bbox 2202 3425 2407 3498; x_wconf 80' lang='grc' dir='ltr'>κόσμος</span> <span class='ocrx_word' id='word_1_664' title='bbox 2449 3424 2610 3493; x_wconf 77' lang='grc' dir='ltr'>ἄτας,</span> <span class='ocrx_word' id='word_1_665' title='bbox 2661 3424 2749 3478; x_wconf 86' lang='grc' dir='ltr'><strong>καὶ</strong></span> <span class='ocrx_word' id='word_1_666' title='bbox 2808 3424 2955 3485; x_wconf 78' lang='grc' dir='ltr'>ὅστις</span> <span class='ocrx_word' id='word_1_667' title='bbox 3015 3426 3147 3479; x_wconf 79' lang='grc' dir='ltr'>ποτὶ</span> <span class='ocrx_word' id='word_1_668' title='bbox 3205 3426 3271 3494; x_wconf 79' lang='grc' dir='ltr'>ἦν</span> <span class='ocrx_word' id='word_1_669' title='bbox 3328 3426 3534 3489; x_wconf 84' lang='grc' dir='ltr'>ἐκεῖνος</span> <span class='ocrx_word' id='word_1_670' title='bbox 3591 3426 3853 3501; x_wconf 72' lang='grc' dir='ltr'>παραδει-</span> 
     </span>
    </p>
   </div>
   <div class='ocr_carea' id='block_1_94' title="bbox 2203 3512 3850 3590">
    <p class='ocr_par' dir='ltr' id='par_1_94' title="bbox 2203 3512 3850 3590">
     <span class='ocr_line' id='line_1_94' title="bbox 2203 3512 3850 3590; baseline 0.002 -22"><span class='ocrx_word' id='word_1_671' title='bbox 2203 3535 2322 3580; x_wconf 87' lang='grc' dir='ltr'>σος,</span> <span class='ocrx_word' id='word_1_672' title='bbox 2373 3514 2673 3590; x_wconf 78' lang='grc' dir='ltr'>ἀξιόχρεων</span> <span class='ocrx_word' id='word_1_673' title='bbox 2723 3514 3159 3588; x_wconf 83' lang='grc' dir='ltr'>προητοίμαστο.</span> <span class='ocrx_word' id='word_1_674' title='bbox 3191 3516 3259 3570; x_wconf 85' lang='grc' dir='ltr'><strong>Τὸ</strong></span> <span class='ocrx_word' id='word_1_675' title='bbox 3292 3512 3348 3570; x_wconf 82' lang='grc' dir='ltr'>δὲ</span> <span class='ocrx_word' id='word_1_676' title='bbox 3376 3516 3443 3583; x_wconf 81' lang='grc' dir='ltr'><strong>ἧν</strong></span> <span class='ocrx_word' id='word_1_677' title='bbox 3470 3519 3505 3584; x_wconf 78' lang='grc' dir='ltr'>ἡ</span> <span class='ocrx_word' id='word_1_678' title='bbox 3534 3514 3631 3571; x_wconf 78' lang='grc' dir='ltr'>νὲα</span> <span class='ocrx_word' id='word_1_679' title='bbox 3664 3514 3850 3589; x_wconf 77' lang='grc' dir='ltr'>Ἐδέμ,</span> 
     </span>
    </p>
   </div>
   <div class='ocr_carea' id='block_1_95' title="bbox 2203 3602 3852 3682">
    <p class='ocr_par' dir='ltr' id='par_1_95' title="bbox 2203 3602 3852 3682">
     <span class='ocr_line' id='line_1_95' title="bbox 2203 3602 3852 3682; baseline 0.002 -24"><span class='ocrx_word' id='word_1_680' title='bbox 2203 3604 2232 3658; x_wconf 88' lang='grc' dir='ltr'>ὁ</span> <span class='ocrx_word' id='word_1_681' title='bbox 2274 3603 2361 3658; x_wconf 81' lang='grc' dir='ltr'>ἐπὶ</span> <span class='ocrx_word' id='word_1_682' title='bbox 2410 3610 2516 3677; x_wconf 79' lang='grc' dir='ltr'>γῆς</span> <span class='ocrx_word' id='word_1_683' title='bbox 2574 3604 2825 3677; x_wconf 84' lang='grc' dir='ltr'>οὐρανὸς,</span> <span class='ocrx_word' id='word_1_684' title='bbox 2875 3606 2938 3659; x_wconf 87' lang='grc' dir='ltr'>τὸ</span> <span class='ocrx_word' id='word_1_685' title='bbox 2983 3608 3080 3659; x_wconf 79' lang='grc' dir='ltr'><strong>τοῦ</strong></span> <span class='ocrx_word' id='word_1_686' title='bbox 3127 3602 3455 3680; x_wconf 79' lang='grc' dir='ltr'>παραδείσου</span> <span class='ocrx_word' id='word_1_687' title='bbox 3505 3608 3627 3660; x_wconf 85' lang='grc' dir='ltr'>οἷον</span> <span class='ocrx_word' id='word_1_688' title='bbox 3686 3606 3852 3682; x_wconf 74' lang='grc' dir='ltr'><strong>ἀρχὲο</strong></span> 
     </span>
    </p>
   </div>
   <div class='ocr_carea' id='block_1_96' title="bbox 2200 3691 3851 3768">
    <p class='ocr_par' dir='ltr' id='par_1_96' title="bbox 2200 3691 3851 3768">
     <span class='ocr_line' id='line_1_96' title="bbox 2200 3691 3851 3768; baseline 0.001 -21"><span class='ocrx_word' id='word_1_689' title='bbox 2200 3711 2408 3748; x_wconf 83' lang='grc' dir='ltr'>τυπον·</span> <span class='ocrx_word' id='word_1_690' title='bbox 2468 3694 2503 3760; x_wconf 80' lang='grc' dir='ltr'>ἡ</span> <span class='ocrx_word' id='word_1_691' title='bbox 2562 3694 2627 3762; x_wconf 69' lang='grc' dir='ltr'>σὴ</span> <span class='ocrx_word' id='word_1_692' title='bbox 2710 3693 2803 3764; x_wconf 76' lang='grc' dir='ltr'>μὲν</span> <span class='ocrx_word' id='word_1_693' title='bbox 2869 3693 3085 3768; x_wconf 86' lang='grc' dir='ltr'>πατρὶς,</span> <span class='ocrx_word' id='word_1_694' title='bbox 3142 3696 3299 3762; x_wconf 87' lang='grc' dir='ltr'>κοινὴ</span> <span class='ocrx_word' id='word_1_695' title='bbox 3370 3691 3418 3748; x_wconf 90' lang='grc' dir='ltr'>δ’</span> <span class='ocrx_word' id='word_1_696' title='bbox 3470 3697 3634 3765; x_wconf 74' lang='grc' dir='ltr'>ἡμῶν</span> <span class='ocrx_word' id='word_1_697' title='bbox 3704 3695 3851 3750; x_wconf 70' lang='grc' dir='ltr'>ἑστία</span> 
     </span>
    </p>
   </div>
   <div class='ocr_carea' id='block_1_97' title="bbox 2202 3781 3850 3854">
    <p class='ocr_par' dir='ltr' id='par_1_97' title="bbox 2202 3781 3850 3854">
     <span class='ocr_line' id='line_1_97' title="bbox 2202 3781 3850 3854; baseline 0.001 -17"><span class='ocrx_word' id='word_1_698' title='bbox 2202 3783 2413 3837; x_wconf 71' lang='grc' dir='ltr'>πάντων</span> <span class='ocrx_word' id='word_1_699' title='bbox 2461 3786 2802 3854; x_wconf 76' lang='grc' dir='ltr'>Χριστιανῶν</span> <span class='ocrx_word' id='word_1_700' title='bbox 2829 3802 2842 3814; x_wconf 88' lang='grc'><strong>·</strong></span> <span class='ocrx_word' id='word_1_701' title='bbox 2885 3784 2918 3851; x_wconf 78' lang='grc' dir='ltr'>ἡ</span> <span class='ocrx_word' id='word_1_702' title='bbox 2962 3786 3073 3837; x_wconf 81' lang='grc' dir='ltr'>τῶν</span> <span class='ocrx_word' id='word_1_703' title='bbox 3113 3781 3327 3837; x_wconf 83' lang='grc' dir='ltr'>πόλεων</span> <span class='ocrx_word' id='word_1_704' title='bbox 3364 3782 3585 3838; x_wconf 83' lang='grc' dir='ltr'>ἀπασῶν</span> <span class='ocrx_word' id='word_1_705' title='bbox 3631 3782 3850 3854; x_wconf 82' lang='grc' dir='ltr'>δηλαδή</span> 
     </span>
    </p>
   </div>
   <div class='ocr_carea' id='block_1_98' title="bbox 2209 3870 3851 3949">
    <p class='ocr_par' dir='ltr' id='par_1_98' title="bbox 2209 3870 3851 3949">
     <span class='ocr_line' id='line_1_98' title="bbox 2209 3870 3851 3949; baseline 0.002 -24"><span class='ocrx_word' id='word_1_706' title='bbox 2209 3870 2447 3947; x_wconf 82' lang='grc' dir='ltr'>βασιλίς.</span> <span class='ocrx_word' id='word_1_707' title='bbox 2496 3872 2670 3944; x_wconf 78' lang='grc' dir='ltr'>Ὁμοῦ</span> <span class='ocrx_word' id='word_1_708' title='bbox 2725 3892 2784 3925; x_wconf 88' lang='grc' dir='ltr'><strong>τε</strong></span> <span class='ocrx_word' id='word_1_709' title='bbox 2830 3872 2932 3945; x_wconf 79' lang='grc' dir='ltr'><strong>γὰρ</strong></span> <span class='ocrx_word' id='word_1_710' title='bbox 2978 3872 3143 3935; x_wconf 78' lang='grc' dir='ltr'>αὐτὸς</span> <span class='ocrx_word' id='word_1_711' title='bbox 3190 3877 3297 3927; x_wconf 80' lang='grc' dir='ltr'>τῶν</span> <span class='ocrx_word' id='word_1_712' title='bbox 3349 3878 3636 3949; x_wconf 79' lang='grc' dir='ltr'>μητρικῶν</span> <span class='ocrx_word' id='word_1_713' title='bbox 3690 3874 3851 3929; x_wconf 73' lang='grc' dir='ltr'>θαλά-</span> 
     </span>
    </p>
   </div>
   <div class='ocr_carea' id='block_1_99' title="bbox 2209 3959 3854 4036">
    <p class='ocr_par' dir='ltr' id='par_1_99' title="bbox 2209 3959 3854 4036">
     <span class='ocr_line' id='line_1_99' title="bbox 2209 3959 3854 4036; baseline 0.001 -22"><span class='ocrx_word' id='word_1_714' title='bbox 2209 3981 2323 4033; x_wconf 89' lang='grc' dir='ltr'><strong>μων</strong></span> <span class='ocrx_word' id='word_1_715' title='bbox 2389 3959 2703 4035; x_wconf 74' lang='grc' dir='ltr'>προὲθορες,</span> <span class='ocrx_word' id='word_1_716' title='bbox 2769 3962 2859 4015; x_wconf 77' lang='grc' dir='ltr'>καὶ</span> <span class='ocrx_word' id='word_1_717' title='bbox 2945 3962 3007 4015; x_wconf 82' lang='grc' dir='ltr'>τὸ</span> <span class='ocrx_word' id='word_1_718' title='bbox 3099 3962 3431 4036; x_wconf 61' lang='grc' dir='ltr'>βιασάμενον</span> <span class='ocrx_word' id='word_1_719' title='bbox 3517 3962 3728 4034; x_wconf 69' lang='grc' dir='ltr'>ταύτην</span> <span class='ocrx_word' id='word_1_720' title='bbox 3798 3963 3854 4018; x_wconf 77' lang='grc' dir='ltr'>ἐκ</span> 
     </span>
    </p>
   </div>
   <div class='ocr_carea' id='block_1_100' title="bbox 2204 4047 3848 4127">
    <p class='ocr_par' dir='ltr' id='par_1_100' title="bbox 2204 4047 3848 4127">
     <span class='ocr_line' id='line_1_100' title="bbox 2204 4047 3848 4127; baseline 0.002 -23"><span class='ocrx_word' id='word_1_721' title='bbox 2204 4047 2419 4105; x_wconf 75' lang='grc' dir='ltr'>πολλοῦ</span> <span class='ocrx_word' id='word_1_722' title='bbox 2475 4048 2769 4123; x_wconf 77' lang='grc' dir='ltr'>λῃστρικὸν</span> <span class='ocrx_word' id='word_1_723' title='bbox 2829 4049 3027 4106; x_wconf 76' lang='grc' dir='ltr'>ἐκεῖθεν</span> <span class='ocrx_word' id='word_1_724' title='bbox 3077 4050 3367 4120; x_wconf 75' lang='grc' dir='ltr'>ἠλαύνετο,</span> <span class='ocrx_word' id='word_1_725' title='bbox 3425 4053 3618 4126; x_wconf 69' lang='grc' dir='ltr'>φρίξαν</span> <span class='ocrx_word' id='word_1_726' title='bbox 3670 4052 3848 4127; x_wconf 81' lang='grc' dir='ltr'>ὥσπερ</span> 
     </span>
    </p>
   </div>
   <div class='ocr_carea' id='block_1_101' title="bbox 2205 4134 3846 4217">
    <p class='ocr_par' dir='ltr' id='par_1_101' title="bbox 2205 4134 3846 4217">
     <span class='ocr_line' id='line_1_101' title="bbox 2205 4134 3846 4217; baseline 0.002 -25"><span class='ocrx_word' id='word_1_727' title='bbox 2205 4138 2293 4192; x_wconf 79' lang='grc' dir='ltr'><strong>καὶ</strong></span> <span class='ocrx_word' id='word_1_728' title='bbox 2351 4134 2629 4210; x_wconf 73' lang='grc' dir='ltr'>συντριϐἒν</span> <span class='ocrx_word' id='word_1_729' title='bbox 2689 4140 2779 4193; x_wconf 83' lang='grc' dir='ltr'><strong>καὶ</strong></span> <span class='ocrx_word' id='word_1_730' title='bbox 2836 4141 2926 4194; x_wconf 87' lang='grc' dir='ltr'>τὸν</span> <span class='ocrx_word' id='word_1_731' title='bbox 2986 4142 3205 4211; x_wconf 61' lang='grc' dir='ltr'>γνήσιον</span> <span class='ocrx_word' id='word_1_732' title='bbox 3267 4140 3438 4201; x_wconf 80' lang='grc' dir='ltr'>ὅντως</span> <span class='ocrx_word' id='word_1_733' title='bbox 3492 4141 3846 4217; x_wconf 74' lang='grc' dir='ltr'>κληρονόμον</span> 
     </span>
    </p>
   </div>
   <div class='ocr_carea' id='block_1_102' title="bbox 2203 4225 3851 4302">
    <p class='ocr_par' dir='ltr' id='par_1_102' title="bbox 2203 4225 3851 4302">
     <span class='ocr_line' id='line_1_102' title="bbox 2203 4225 3851 4302; baseline 0.001 -19"><span class='ocrx_word' id='word_1_734' title='bbox 2203 4228 2295 4283; x_wconf 79' lang='grc' dir='ltr'><strong>καὶ</strong></span> <span class='ocrx_word' id='word_1_735' title='bbox 2340 4227 2561 4301; x_wconf 73' lang='grc' dir='ltr'>βασιλέα</span> <span class='ocrx_word' id='word_1_736' title='bbox 2613 4228 2703 4283; x_wconf 84' lang='grc' dir='ltr'>καὶ</span> <span class='ocrx_word' id='word_1_737' title='bbox 2755 4228 3010 4299; x_wconf 74' lang='grc' dir='ltr'>οἰκιστὴν</span> <span class='ocrx_word' id='word_1_738' title='bbox 3059 4228 3230 4299; x_wconf 72' lang='grc' dir='ltr'>αὐτῆς</span> <span class='ocrx_word' id='word_1_739' title='bbox 3281 4225 3556 4285; x_wconf 67' lang='grc' dir='ltr'>αἴδεσθεν·</span> <span class='ocrx_word' id='word_1_740' title='bbox 3613 4233 3707 4287; x_wconf 85' lang='grc' dir='ltr'>καὶ</span> <span class='ocrx_word' id='word_1_741' title='bbox 3757 4234 3851 4302; x_wconf 72' lang='grc' dir='ltr'><strong>τήν</strong></span> 
     </span>
    </p>
   </div>
   <div class='ocr_carea' id='block_1_103' title="bbox 2207 4314 3847 4395">
    <p class='ocr_par' dir='ltr' id='par_1_103' title="bbox 2207 4314 3847 4395">
     <span class='ocr_line' id='line_1_103' title="bbox 2207 4314 3847 4395; baseline 0.001 -23"><span class='ocrx_word' id='word_1_742' title='bbox 2207 4314 2385 4389; x_wconf 79' lang='grc' dir='ltr'>ἔξοδον</span> <span class='ocrx_word' id='word_1_743' title='bbox 2454 4315 2944 4386; x_wconf 75' lang='grc' dir='ltr'>κατασπεύδοντες,</span> <span class='ocrx_word' id='word_1_744' title='bbox 3032 4318 3123 4373; x_wconf 81' lang='grc' dir='ltr'><strong>ἅτε</strong></span> <span class='ocrx_word' id='word_1_745' title='bbox 3208 4316 3263 4373; x_wconf 76' lang='grc' dir='ltr'>δὲ</span> <span class='ocrx_word' id='word_1_746' title='bbox 3320 4324 3428 4392; x_wconf 82' lang='grc' dir='ltr'>τῇ.</span> <span class='ocrx_word' id='word_1_747' title='bbox 3475 4316 3847 4395; x_wconf 71' lang='grc' dir='ltr'>πιλῦουμένῃ</span> 
     </span>
    </p>
   </div>
   <div class='ocr_carea' id='block_1_104' title="bbox 2205 4405 3851 4486">
    <p class='ocr_par' dir='ltr' id='par_1_104' title="bbox 2205 4405 3851 4486">
     <span class='ocr_line' id='line_1_104' title="bbox 2205 4405 3851 4486; baseline 0.004 -27"><span class='ocrx_word' id='word_1_748' title='bbox 2205 4408 2321 4463; x_wconf 79' lang='grc' dir='ltr'>κατ’</span> <span class='ocrx_word' id='word_1_749' title='bbox 2370 4405 2542 4460; x_wconf 80' lang='grc' dir='ltr'>αὐτῶν</span> <span class='ocrx_word' id='word_1_750' title='bbox 2594 4410 2662 4472; x_wconf 77' lang='grc' dir='ltr'><strong>τῇ</strong></span> <span class='ocrx_word' id='word_1_751' title='bbox 2715 4406 2957 4486; x_wconf 65' lang='grc' dir='ltr'>ῥομφαίᾳ</span> <span class='ocrx_word' id='word_1_752' title='bbox 3010 4405 3409 4481; x_wconf 70' lang='grc' dir='ltr'>ἐκϐιαζόμενοι,</span> <span class='ocrx_word' id='word_1_753' title='bbox 3459 4406 3635 4470; x_wconf 70' lang='grc' dir='ltr'>ἄλλος</span> <span class='ocrx_word' id='word_1_754' title='bbox 3683 4410 3851 4466; x_wconf 80' lang='grc' dir='ltr'>ἀλλα·</span> 
     </span>
    </p>
   </div>
   <div class='ocr_carea' id='block_1_105' title="bbox 2209 4493 3851 4570">
    <p class='ocr_par' dir='ltr' id='par_1_105' title="bbox 2209 4493 3851 4570">
     <span class='ocr_line' id='line_1_105' title="bbox 2209 4493 3851 4570; baseline 0.004 -21"><span class='ocrx_word' id='word_1_755' title='bbox 2209 4500 2314 4570; x_wconf 76' lang='grc' dir='ltr'>χοῦ</span> <span class='ocrx_word' id='word_1_756' title='bbox 2378 4493 2769 4569; x_wconf 81' lang='grc' dir='ltr'>διεδίδρασκον.</span> <span class='ocrx_word' id='word_1_757' title='bbox 2826 4498 2923 4551; x_wconf 77' lang='grc' dir='ltr'><strong>Καὶ</strong></span> <span class='ocrx_word' id='word_1_758' title='bbox 2981 4498 3159 4552; x_wconf 78' lang='grc' dir='ltr'>τοίνυν</span> <span class='ocrx_word' id='word_1_759' title='bbox 3211 4499 3346 4568; x_wconf 72' lang='grc' dir='ltr'>αὕτη</span> <span class='ocrx_word' id='word_1_760' title='bbox 3399 4497 3489 4552; x_wconf 82' lang='grc' dir='ltr'><strong>διὰ</strong></span> <span class='ocrx_word' id='word_1_761' title='bbox 3544 4504 3643 4554; x_wconf 78' lang='grc' dir='ltr'>σοῦ</span> <span class='ocrx_word' id='word_1_762' title='bbox 3695 4506 3851 4555; x_wconf 74' lang='grc' dir='ltr'>πᾶσιν</span> 
     </span>
    </p>
   </div>
   <div class='ocr_carea' id='block_1_106' title="bbox 2210 4585 3852 4661">
    <p class='ocr_par' dir='ltr' id='par_1_106' title="bbox 2210 4585 3852 4661">
     <span class='ocr_line' id='line_1_106' title="bbox 2210 4585 3852 4661; baseline 0.005 -25"><span class='ocrx_word' id='word_1_763' title='bbox 2210 4587 2344 4656; x_wconf 84' lang='grc' dir='ltr'>ἡμῖν</span> <span class='ocrx_word' id='word_1_764' title='bbox 2406 4585 2632 4653; x_wconf 79' lang='grc' dir='ltr'>ἀνεῖται,</span> <span class='ocrx_word' id='word_1_765' title='bbox 2680 4585 2780 4661; x_wconf 3' lang='grc' dir='ltr'>,καὶ</span> <span class='ocrx_word' id='word_1_766' title='bbox 2840 4587 2922 4640; x_wconf 75' lang='grc' dir='ltr'><strong>σοὶ</strong></span> <span class='ocrx_word' id='word_1_767' title='bbox 2980 4588 3179 4661; x_wconf 73' lang='grc' dir='ltr'>τροφὸς</span> <span class='ocrx_word' id='word_1_768' title='bbox 3238 4586 3427 4659; x_wconf 83' lang='grc' dir='ltr'>ἀρίστη</span> <span class='ocrx_word' id='word_1_769' title='bbox 3485 4588 3575 4642; x_wconf 82' lang='grc' dir='ltr'><strong>καὶ</strong></span> <span class='ocrx_word' id='word_1_770' title='bbox 3632 4590 3852 4660; x_wconf 80' lang='grc' dir='ltr'>τιθηνὸς</span> 
     </span>
    </p>
   </div>
   <div class='ocr_carea' id='block_1_107' title="bbox 2208 4670 3851 4756">
    <p class='ocr_par' dir='ltr' id='par_1_107' title="bbox 2208 4670 3851 4756">
     <span class='ocr_line' id='line_1_107' title="bbox 2208 4670 3851 4756; baseline 0.005 -30"><span class='ocrx_word' id='word_1_771' title='bbox 2208 4672 2431 4749; x_wconf 81' lang='grc' dir='ltr'>γίνεται,</span> <span class='ocrx_word' id='word_1_772' title='bbox 2475 4670 2569 4728; x_wconf 64' lang='grc' dir='ltr'>δύο</span> <span class='ocrx_word' id='word_1_773' title='bbox 2618 4676 2824 4729; x_wconf 74' lang='grc' dir='ltr'>τούτων</span> <span class='ocrx_word' id='word_1_774' title='bbox 2885 4674 2973 4729; x_wconf 80' lang='grc' dir='ltr'><strong>ἐπὶ</strong></span> <span class='ocrx_word' id='word_1_775' title='bbox 3034 4677 3116 4730; x_wconf 81' lang='grc' dir='ltr'><strong>σοὶ</strong></span> <span class='ocrx_word' id='word_1_776' title='bbox 3175 4677 3342 4751; x_wconf 66' lang='grc' dir='ltr'>ταύτῃ</span> <span class='ocrx_word' id='word_1_777' title='bbox 3400 4676 3578 4732; x_wconf 83' lang='grc' dir='ltr'>θεόθεν</span> <span class='ocrx_word' id='word_1_778' title='bbox 3635 4678 3851 4756; x_wconf 74' lang='grc' dir='ltr'>φιλοτί-</span> 
     </span>
    </p>
   </div>
   <div class='ocr_carea' id='block_1_108' title="bbox 2212 4762 3849 4841">
    <p class='ocr_par' dir='ltr' id='par_1_108' title="bbox 2212 4762 3849 4841">
     <span class='ocr_line' id='line_1_108' title="bbox 2212 4762 3849 4841; baseline 0.005 -24"><span class='ocrx_word' id='word_1_779' title='bbox 2212 4784 2328 4836; x_wconf 86' lang='grc' dir='ltr'><strong>μως</strong></span> <span class='ocrx_word' id='word_1_780' title='bbox 2379 4762 2823 4837; x_wconf 78' lang='grc' dir='ltr'>ἐξεργασθέντων.</span> <span class='ocrx_word' id='word_1_781' title='bbox 2877 4763 3011 4821; x_wconf 69' lang='grc' dir='ltr'>Οὔτε</span> <span class='ocrx_word' id='word_1_782' title='bbox 3060 4766 3162 4841; x_wconf 65' lang='grc' dir='ltr'><strong>γαρ</strong></span> <span class='ocrx_word' id='word_1_783' title='bbox 3212 4764 3346 4836; x_wconf 63' lang='grc' dir='ltr'>αὕτη</span> <span class='ocrx_word' id='word_1_784' title='bbox 3402 4766 3483 4840; x_wconf 70' lang='grc' dir='ltr'><strong>ἐφ’</strong></span> <span class='ocrx_word' id='word_1_785' title='bbox 3516 4765 3628 4839; x_wconf 82' lang='grc' dir='ltr'>ὅτῳ</span> <span class='ocrx_word' id='word_1_786' title='bbox 3668 4765 3849 4841; x_wconf 74' lang='grc' dir='ltr'>ἄλλῳ,</span> 
     </span>
    </p>
   </div>
   <div class='ocr_carea' id='block_1_109' title="bbox 2209 4850 3846 4928">
    <p class='ocr_par' dir='ltr' id='par_1_109' title="bbox 2209 4850 3846 4928">
     <span class='ocr_line' id='line_1_109' title="bbox 2209 4850 3846 4928; baseline 0.002 -21"><span class='ocrx_word' id='word_1_787' title='bbox 2209 4853 2330 4928; x_wconf 75' lang='grc' dir='ltr'>ἄρτι</span> <span class='ocrx_word' id='word_1_788' title='bbox 2397 4854 2510 4925; x_wconf 65' lang='grc' dir='ltr'>φῶς</span> <span class='ocrx_word' id='word_1_789' title='bbox 2580 4850 2767 4908; x_wconf 75' lang='grc' dir='ltr'>ἰδοῦσα</span> <span class='ocrx_word' id='word_1_790' title='bbox 2841 4853 3165 4927; x_wconf 78' lang='grc' dir='ltr'>ἐλεύθερον,</span> <span class='ocrx_word' id='word_1_791' title='bbox 3230 4855 3293 4909; x_wconf 81' lang='grc' dir='ltr'>τὸ</span> <span class='ocrx_word' id='word_1_792' title='bbox 3371 4862 3472 4924; x_wconf 78' lang='grc' dir='ltr'><strong>τῆς</strong></span> <span class='ocrx_word' id='word_1_793' title='bbox 3540 4856 3846 4928; x_wconf 64' lang='grc' dir='ltr'>ἀνηκούσης</span> 
     </span>
    </p>
   </div>
   <div class='ocr_carea' id='block_1_110' title="bbox 2208 4941 3845 5019">
    <p class='ocr_par' dir='ltr' id='par_1_110' title="bbox 2208 4941 3845 5019">
     <span class='ocr_line' id='line_1_110' title="bbox 2208 4941 3845 5019; baseline 0.003 -23"><span class='ocrx_word' id='word_1_794' title='bbox 2208 4941 2366 5011; x_wconf 77' lang='grc' dir='ltr'>δόξης</span> <span class='ocrx_word' id='word_1_795' title='bbox 2411 4943 2531 5016; x_wconf 72' lang='grc' dir='ltr'>εἶχε</span> <span class='ocrx_word' id='word_1_796' title='bbox 2573 4943 2982 5017; x_wconf 64' lang='grc' dir='ltr'>κληρώσασθαι,</span> <span class='ocrx_word' id='word_1_797' title='bbox 3041 4946 3074 5013; x_wconf 72' lang='grc' dir='ltr'><strong>ἢ</strong></span> <span class='ocrx_word' id='word_1_798' title='bbox 3138 4944 3223 4999; x_wconf 79' lang='grc' dir='ltr'><strong>ἐπὶ</strong></span> <span class='ocrx_word' id='word_1_799' title='bbox 3279 4944 3362 4999; x_wconf 77' lang='grc' dir='ltr'><strong>σοὶ</strong></span> <span class='ocrx_word' id='word_1_800' title='bbox 3412 4942 3478 5013; x_wconf 79' lang='grc' dir='ltr'>δὴ</span> <span class='ocrx_word' id='word_1_801' title='bbox 3530 4946 3619 5000; x_wconf 78' lang='grc' dir='ltr'><strong>καὶ</strong></span> <span class='ocrx_word' id='word_1_802' title='bbox 3674 4947 3845 5019; x_wconf 87' lang='grc' dir='ltr'>μόνῳ,</span> 
     </span>
    </p>
   </div>
   <div class='ocr_carea' id='block_1_111' title="bbox 2205 5030 3844 5109">
    <p class='ocr_par' dir='ltr' id='par_1_111' title="bbox 2205 5030 3844 5109">
     <span class='ocr_line' id='line_1_111' title="bbox 2205 5030 3844 5109; baseline 0.002 -22"><span class='ocrx_word' id='word_1_803' title='bbox 2205 5037 2284 5103; x_wconf 79' lang='grc' dir='ltr'>τῷ</span> <span class='ocrx_word' id='word_1_804' title='bbox 2352 5030 2712 5106; x_wconf 67' lang='grc' dir='ltr'>διαφερόντως</span> <span class='ocrx_word' id='word_1_805' title='bbox 2786 5034 2878 5105; x_wconf 75' lang='grc' dir='ltr'>μὲν</span> <span class='ocrx_word' id='word_1_806' title='bbox 2941 5034 3016 5094; x_wconf 56' lang='grc' dir='ltr'><strong>είς</strong></span> <span class='ocrx_word' id='word_1_807' title='bbox 3076 5031 3233 5107; x_wconf 79' lang='grc' dir='ltr'>δόξαν</span> <span class='ocrx_word' id='word_1_808' title='bbox 3291 5040 3424 5090; x_wconf 74' lang='grc' dir='ltr'>Θεοῦ</span> <span class='ocrx_word' id='word_1_809' title='bbox 3480 5037 3844 5109; x_wconf 68' lang='grc' dir='ltr'>,προελθόντι,</span> 
     </span>
    </p>
   </div>
   <div class='ocr_carea' id='block_1_112' title="bbox 2205 5120 3842 5199">
    <p class='ocr_par' dir='ltr' id='par_1_112' title="bbox 2205 5120 3842 5199">
     <span class='ocr_line' id='line_1_112' title="bbox 2205 5120 3842 5199; baseline 0.003 -23"><span class='ocrx_word' id='word_1_810' title='bbox 2205 5130 2374 5193; x_wconf 64' lang='grc' dir='ltr'>τιμὴς</span> <span class='ocrx_word' id='word_1_811' title='bbox 2423 5120 2469 5175; x_wconf 84' lang='grc' dir='ltr'>δ’</span> <span class='ocrx_word' id='word_1_812' title='bbox 2526 5123 2739 5192; x_wconf 66' lang='grc' dir='ltr'>ἀπάσης</span> <span class='ocrx_word' id='word_1_813' title='bbox 2794 5123 3081 5198; x_wconf 68' lang='grc' dir='ltr'>ὑπέρτερον</span> <span class='ocrx_word' id='word_1_814' title='bbox 3142 5120 3559 5198; x_wconf 75' lang='grc' dir='ltr'>περιϐαλομὲνῳ</span> <span class='ocrx_word' id='word_1_815' title='bbox 3615 5126 3842 5199; x_wconf 78' lang='grc' dir='ltr'>ἀξίωμα·</span> 
     </span>
    </p>
   </div>
   <div class='ocr_carea' id='block_1_113' title="bbox 2209 5209 3846 5289">
    <p class='ocr_par' dir='ltr' id='par_1_113' title="bbox 2209 5209 3846 5289">
     <span class='ocr_line' id='line_1_113' title="bbox 2209 5209 3846 5289; baseline 0.004 -25"><span class='ocrx_word' id='word_1_816' title='bbox 2209 5210 2361 5268; x_wconf 82' lang='grc' dir='ltr'>Ἀλλ’</span> <span class='ocrx_word' id='word_1_817' title='bbox 2396 5209 2520 5267; x_wconf 70' lang='grc' dir='ltr'>οὐδὲ</span> <span class='ocrx_word' id='word_1_818' title='bbox 2568 5212 2649 5266; x_wconf 87' lang='grc' dir='ltr'><strong>σοί</strong></span> <span class='ocrx_word' id='word_1_819' title='bbox 2702 5214 2752 5285; x_wconf 75' lang='grc' dir='ltr'>γ’</span> <span class='ocrx_word' id='word_1_820' title='bbox 2803 5213 2958 5273; x_wconf 74' lang='grc' dir='ltr'>αὖθις</span> <span class='ocrx_word' id='word_1_821' title='bbox 3011 5211 3152 5268; x_wconf 73' lang='grc' dir='ltr'>ἄλλο</span> <span class='ocrx_word' id='word_1_822' title='bbox 3200 5234 3252 5268; x_wconf 86' lang='grc' dir='ltr'><strong>τι</strong></span> <span class='ocrx_word' id='word_1_823' title='bbox 3301 5216 3408 5289; x_wconf 83' lang='grc' dir='ltr'>πρὸ</span> <span class='ocrx_word' id='word_1_824' title='bbox 3455 5214 3658 5284; x_wconf 76' lang='grc' dir='ltr'>ταύτης</span> <span class='ocrx_word' id='word_1_825' title='bbox 3702 5214 3846 5285; x_wconf 78' lang='grc' dir='ltr'>ἄξιον</span> 
     </span>
    </p>
   </div>
   <div class='ocr_carea' id='block_1_114' title="bbox 2207 5298 3843 5375">
    <p class='ocr_par' dir='ltr' id='par_1_114' title="bbox 2207 5298 3843 5375">
     <span class='ocr_line' id='line_1_114' title="bbox 2207 5298 3843 5375; baseline 0.004 -23"><span class='ocrx_word' id='word_1_826' title='bbox 2207 5306 2480 5372; x_wconf 77' lang='grc' dir='ltr'>προσῆκεν</span> <span class='ocrx_word' id='word_1_827' title='bbox 2541 5300 2670 5356; x_wconf 73' lang='grc' dir='ltr'>εἶναι</span> <span class='ocrx_word' id='word_1_828' title='bbox 2728 5302 2790 5355; x_wconf 84' lang='grc' dir='ltr'>τὸ</span> <span class='ocrx_word' id='word_1_829' title='bbox 2845 5298 3167 5374; x_wconf 71' lang='grc' dir='ltr'>ἐνδιαίτημα</span> <span class='ocrx_word' id='word_1_830' title='bbox 3230 5324 3289 5357; x_wconf 85' lang='grc' dir='ltr'><strong>τε</strong></span> <span class='ocrx_word' id='word_1_831' title='bbox 3362 5303 3452 5357; x_wconf 81' lang='grc' dir='ltr'><strong>καὶ</strong></span> <span class='ocrx_word' id='word_1_832' title='bbox 3512 5304 3843 5375; x_wconf 76' lang='grc' dir='ltr'>οἰκητήριον.</span> 
     </span>
    </p>
   </div>
   <div class='ocr_carea' id='block_1_115' title="bbox 2208 5388 3847 5466">
    <p class='ocr_par' dir='ltr' id='par_1_115' title="bbox 2208 5388 3847 5466">
     <span class='ocr_line' id='line_1_115' title="bbox 2208 5388 3847 5466; baseline 0.002 -21"><span class='ocrx_word' id='word_1_833' title='bbox 2208 5392 2379 5461; x_wconf 78' lang='grc' dir='ltr'>’Ὀπερ</span> <span class='ocrx_word' id='word_1_834' title='bbox 2434 5388 2529 5443; x_wconf 77' lang='grc' dir='ltr'>οὖν</span> <span class='ocrx_word' id='word_1_835' title='bbox 2589 5390 2778 5451; x_wconf 74' lang='grc' dir='ltr'>εἰωθὸς</span> <span class='ocrx_word' id='word_1_836' title='bbox 2835 5390 2893 5446; x_wconf 86' lang='grc' dir='ltr'><strong>’ὸν</strong></span> <span class='ocrx_word' id='word_1_837' title='bbox 2956 5395 3093 5464; x_wconf 76' lang='grc' dir='ltr'>Θεῷ,</span> <span class='ocrx_word' id='word_1_838' title='bbox 3147 5390 3427 5466; x_wconf 74' lang='grc' dir='ltr'>πόρῥωθεν</span> <span class='ocrx_word' id='word_1_839' title='bbox 3495 5392 3590 5456; x_wconf 69' lang='grc' dir='ltr'><strong>τας</strong></span> <span class='ocrx_word' id='word_1_840' title='bbox 3652 5393 3847 5448; x_wconf 76' lang='grc' dir='ltr'>ὑποθέ-</span> 
     </span>
    </p>
   </div>
   <div class='ocr_carea' id='block_1_116' title="bbox 2208 5477 3843 5555">
    <p class='ocr_par' dir='ltr' id='par_1_116' title="bbox 2208 5477 3843 5555">
     <span class='ocr_line' id='line_1_116' title="bbox 2208 5477 3843 5555; baseline 0.001 -22"><span class='ocrx_word' id='word_1_841' title='bbox 2208 5498 2318 5539; x_wconf 84' lang='grc' dir='ltr'>σεις</span> <span class='ocrx_word' id='word_1_842' title='bbox 2377 5483 2486 5534; x_wconf 80' lang='grc' dir='ltr'>τῶν</span> <span class='ocrx_word' id='word_1_843' title='bbox 2554 5480 2813 5552; x_wconf 75' lang='grc' dir='ltr'>μεγάλων</span> <span class='ocrx_word' id='word_1_844' title='bbox 2880 5480 3211 5555; x_wconf 74' lang='grc' dir='ltr'>πραγμάτων</span> <span class='ocrx_word' id='word_1_845' title='bbox 3278 5477 3843 5555; x_wconf 71' lang='grc' dir='ltr'>προκαταϐαλλεσθαι,</span> 
     </span>
    </p>
   </div>
   <div class='ocr_carea' id='block_1_117' title="bbox 2208 5567 3842 5644">
    <p class='ocr_par' dir='ltr' id='par_1_117' title="bbox 2208 5567 3842 5644">
     <span class='ocr_line' id='line_1_117' title="bbox 2208 5567 3842 5644; baseline 0 -21"><span class='ocrx_word' id='word_1_846' title='bbox 2208 5568 2394 5629; x_wconf 83' lang='grc' dir='ltr'>καλῶς</span> <span class='ocrx_word' id='word_1_847' title='bbox 2447 5573 2660 5637; x_wconf 74' lang='grc' dir='ltr'>ποιοῦν,</span> <span class='ocrx_word' id='word_1_848' title='bbox 2710 5570 2799 5624; x_wconf 81' lang='grc' dir='ltr'><strong>καὶ</strong></span> <span class='ocrx_word' id='word_1_849' title='bbox 2852 5567 3196 5644; x_wconf 70' lang='grc' dir='ltr'>συνέδραμεν.</span> <span class='ocrx_word' id='word_1_850' title='bbox 3250 5569 3407 5626; x_wconf 83' lang='grc' dir='ltr'>Ἀλλ’</span> <span class='ocrx_word' id='word_1_851' title='bbox 3459 5569 3610 5633; x_wconf 79' lang='grc' dir='ltr'>ὅπως</span> <span class='ocrx_word' id='word_1_852' title='bbox 3639 5567 3720 5627; x_wconf 78' lang='grc' dir='ltr'>ἔτι</span> <span class='ocrx_word' id='word_1_853' title='bbox 3752 5572 3842 5644; x_wconf 77' lang='grc' dir='ltr'>μὶν</span> 
     </span>
    </p>
   </div>
   <div class='ocr_carea' id='block_1_118' title="bbox 2211 5656 3845 5735">
    <p class='ocr_par' dir='ltr' id='par_1_118' title="bbox 2211 5656 3845 5735">
     <span class='ocr_line' id='line_1_118' title="bbox 2211 5656 3845 5735; baseline 0 -20"><span class='ocrx_word' id='word_1_854' title='bbox 2211 5656 2537 5733; x_wconf 83' lang='grc' dir='ltr'>σπαργάνοις</span> <span class='ocrx_word' id='word_1_855' title='bbox 2594 5657 2948 5734; x_wconf 79' lang='grc' dir='ltr'>ἐνειλημὲνος</span> <span class='ocrx_word' id='word_1_856' title='bbox 3003 5660 3090 5714; x_wconf 78' lang='grc' dir='ltr'><strong>καὶ</strong></span> <span class='ocrx_word' id='word_1_857' title='bbox 3160 5660 3577 5735; x_wconf 74' lang='grc' dir='ltr'>τιθηνούμενος,</span> <span class='ocrx_word' id='word_1_858' title='bbox 3631 5661 3726 5723; x_wconf 68' lang='grc' dir='ltr'><strong>τὰς</strong></span> <span class='ocrx_word' id='word_1_859' title='bbox 3798 5659 3845 5715; x_wconf 67' lang='grc' dir='ltr'>ἓν</span> 
     </span>
    </p>
   </div>
  </div>
