4100 6218
352 394 472 457 565

1829 388 2268 453 DEDICATIO.

358 526 440 582 σοὶ
501 524 814 598 μελλούσας
857 526 963 578 τῶν
1013 523 1352 598 πραγμάτων
1406 521 1685 598 ὑπέφαινες
1752 523 2000 596 χάριτας,

2121 525 2505 596 Quapropter,
2537 523 2709 581 sicuti
2742 524 2898 581 Deus
2943 522 3154 579 solitus
3200 524 3288 576 est
3326 518 3563 591 longius
3585 517 3761 577 etiam

357 620 719 691 προσκιρτῶν,
780 614 854 676 ὡς
921 612 982 667 ἄν
1037 634 1121 675 τις
1198 611 1357 689 φαίη,
1444 610 1532 665 καὶ
1620 608 2005 685 διαλλόμενος,

354 710 537 778 σεμνῷ
587 704 674 760 καὶ
724 702 997 779 βασιλικῷ
1039 707 1118 775 τῷ
1173 703 1558 777 προσχήματι,
1588 701 1677 755 καὶ
1717 702 1816 771 τήν
1866 704 2005 775 ἡμε-

352 797 509 870 ριν-ἠν
560 794 761 849 πλάσιν
806 793 1180 865 πλαττόμενος
1216 811 1230 824 ·
1282 790 1375 846 οἷά
1404 812 1485 853 τις
1513 789 1784 866 γηραλέον
1822 791 2004 866 αὐχῶν

351 885 637 963 φρόνημα,
698 883 761 939 τὸ
815 883 1003 958 περιόν
1065 902 1148 936 σοι
1219 887 1321 949 τῆς
1394 877 1667 943 εὐσεϐείας
1750 877 2006 947 ἐδείκνυς,

351 976 429 1037 ὡς
485 974 745 1043 Ἰωάννης
800 971 1241 1043 καθαλλομενος,
1285 970 1373 1026 καὶ
1432 975 1748 1046 προσκυνῶν
1802 972 1893 1025 τὸν
1954 971 2004 1025 ἐν

350 1060 509 1116 ὕδασι
555 1064 652 1129 τήν
688 1062 847 1136 χάριν
909 1081 993 1116 σοι
1051 1060 1415 1135 χαριζόμενον
1451 1080 1463 1091 ·

355 1148 525 1226 μέχρι
586 1148 652 1221 δή
715 1170 772 1204 σε
826 1147 1193 1224 παραγγεῖλαι
1249 1149 1340 1203 τὸν
1395 1147 1647 1220 μείρακα,
1678 1147 1727 1202 τί
1772 1150 1882 1222 χρή
1915 1149 2005 1202 καὶ

349 1238 530 1315 λέγειν
578 1258 592 1306 ;
655 1238 825 1307 Πλὴν,
882 1238 912 1293 8
966 1259 1147 1316 φασιν,
1207 1235 1269 1292 ἐκ
1322 1237 1550 1311 πρώτης
1595 1243 1861 1312 γραμμῆς
1916 1236 2005 1291 καὶ

648 1332 675 1342 -ρ
777 1327 801 1345 ν
1136 1327 1149 1346 ν
1202 1321 1255 1351 ορ
1478 1326 1491 1346 ς
1585 1327 1599 1343 ε
1834 1326 1848 1342 ς
1990 1324 2004 1343 ς

348 1331 459 1403 πρό
504 1349 563 1401 γε
609 1349 714 1382 των
768 1327 980 1395 αλλων,
1011 1329 1046 1395 ἡ
1100 1347 1364 1397 ευσεοεια,
1402 1347 1493 1381 και
1546 1347 1609 1381 το
1640 1323 1888 1404 θεοφιλες
1917 1346 2006 1381 και

345 1418 414 1472 τὸ
474 1412 856 1490 φιλάνθρωπόν
914 1437 997 1471 σοι
1056 1412 1436 1485 ἐσπουδάζετο,
1493 1415 1739 1470 ἁπάντων
1800 1412 1866 1485 δὴ
1916 1413 2009 1469 καὶ

348 1512 464 1561 τῶν
523 1504 736 1575 ἄλλίὒν,
811 1505 909 1560 ὅσα
984 1502 1423 1581 περισπούδαστα
1507 1504 1599 1557 καὶ
1677 1502 2005 1577 ὑμνούμενα,

351 1595 871 1669 συμπαραθεόντων,
936 1598 1032 1649 σοῦ
1103 1614 1161 1670 γε
1230 1592 1647 1665 προκόπτοντος
1717 1592 1768 1648 ἐν
1815 1592 2008 1664 ἡλικίᾳ

351 1684 446 1740 καὶ
500 1684 655 1755 σοσίᾳ
706 1683 795 1738 καὶ
856 1683 1063 1759 χάριτι,
1123 1682 1185 1737 οὐ
1242 1683 1321 1755 τῷ
1370 1677 1669 1755 λαμϐάνειν
1743 1679 2005 1741 ἐπίδοσιν.

349 1778 435 1845 τῷ
494 1771 552 1829 δέ
607 1794 667 1849 γε
720 1777 888 1828 ταῦτα
944 1772 1443 1847 συμπαρασκαίρειν
1497 1793 1555 1827 τε
1619 1772 1708 1826 καὶ
1784 1792 2006 1827 συνανα-

1524 1060 1614 1115 καὶ
1672 1057 1851 1114 τᾶλλα
1909 1057 2008 1114 ὅσα

2119 619 2291 672 antea
2322 630 2663 687 magnarum
2689 630 2881 671 rerum
2906 615 3102 685 jacere
3124 612 3529 675 fundamenta,
3559 608 3761 666 itidem

2121 704 2325 762 merito
2365 721 2596 777 quoque
2624 712 2751 762 tum
2782 705 2838 759 id
2872 710 2961 760 est
2992 704 3064 759 ab
3104 718 3169 759 eo
3204 702 3439 758 factum.
3471 698 3760 758 Sedenim.

2119 799 2185 849 ut
2226 812 2360 850 cum
2382 795 2705 851 etiamnum
2729 794 2926 851 fasciis
2948 791 3267 865 puerilibus
3290 789 3686 858 involvereris,
3709 791 3765 845 et

2118 900 2153 940 a
2183 885 2409 941 nutrice
2439 886 2753 955 curareris,
2790 885 3040 940 futuram
3072 897 3266 938 rerum
3297 881 3535 949 gratiam
3567 877 3765 935 exsul-

2121 978 2270 1044 tans,
2294 981 2470 1047 atque
2492 979 2583 1046 (ut
2602 975 2688 1032 sic
2710 974 2999 1045 quispiam
3026 973 3204 1045 dicat)
3233 971 3565 1036 subsiliens,
3605 967 3765 1041 gravi

2118 1068 2291 1135 atque
2321 1063 2608 1134 imperiali
2653 1065 2911 1136 corporis
2958 1062 3158 1119 habitu
3190 1060 3559 1119 exhibueris:
3593 1062 3767 1130 atque

2117 1150 2272 1209 inter
2300 1153 2702 1224 quotidianam
2737 1154 3134 1210 membrorum
3169 1151 3572 1224 fingendorum
3601 1163 3765 1205 com-

2120 1242 2494 1312 positionem,
2553 1241 2791 1299 senilem
2834 1241 3262 1314 quodammodo
3312 1255 3425 1310 pra
3471 1242 3527 1294 to
3577 1238 3767 1294 ferens

2120 1330 2517 1400 prudentiam,
2584 1330 2964 1389 excellentem
3023 1330 3085 1386 in
3143 1337 3196 1385 te
3251 1328 3547 1401 pietatem;
3597 1325 3768 1383 sicuti

2116 1422 2385 1489 Joannes,
2418 1419 2736 1488 exsultans,
2782 1424 2840 1475 et
2880 1435 3010 1477 eum
3044 1418 3144 1490 qui
3190 1416 3291 1473 tibi
3342 1418 3399 1473 in
3449 1416 3626 1473 undis
3677 1416 3770 1471 lu-

2119 1509 2398 1567 stralibus
2458 1511 2702 1580 gratiam
2763 1510 3052 1567 concessit
3099 1507 3370 1574 adorans,
3420 1504 3765 1563 ostenderis.

2116 1600 2308 1671 Atque
2337 1600 2484 1657 alias
2514 1617 2606 1658 res
2657 1611 2803 1665 tuas,
2837 1600 3021 1657 donec
3050 1615 3118 1656 ex
3164 1598 3411 1653 infantia
3452 1598 3525 1652 ad
3579 1595 3771 1668 pueri-

2122 1687 2233 1743 lem
2270 1690 2582 1760 pervenisti
2613 1695 2863 1758 eetatem,
2915 1688 3055 1759 quid
3088 1687 3278 1744 dicere
3323 1684 3577 1742 attinet?
3630 1700 3771 1756 pre-

2118 1780 2378 1850 terquam
2411 1780 2566 1851 quod
2597 1779 2762 1848 (utin
2797 1777 3102 1851 proverbio
3131 1777 3244 1848 est)
3277 1793 3311 1832 a
3355 1775 3545 1847 prima
3593 1773 3767 1839 linea,

352 1862 686 1929 δείκνυσθαι,
736 1861 827 1917 καὶ
884 1864 1046 1934 πῆξιν
1093 1855 1395 1934 λαμϐάνειν
1453 1865 1532 1932 τῷ
1606 1868 1705 1929 τῆς
1787 1860 2000 1931 ἡλικίας

524 1953 536 1966 .
839 1952 852 1966 .
951 1955 978 1966 ..
1118 1955 1142 1965 -
1214 1948 1272 1966 ν..
1467 1950 1479 1966 ς
1595 1952 1677 1966 λ..
1805 1951 1819 1966 .
1885 1951 1898 1966 .

2118 1866 2176 1923 in
2214 1868 2420 1940 primis
2451 1869 2658 1941 pietas,
2690 1884 2854 1926 amor
2881 1867 3005 1938 Dei,
3044 1876 3097 1924 et
3140 1865 3476 1923 humanitas
3505 1862 3608 1918 tibi
3639 1868 3769 1918 stu-

349 1953 709 2025 προσῆκοντι,
764 1952 853 2006 καί
914 1955 991 2019 τῷ
1047 1955 1146 2005 τοῦ
1204 1948 1375 2019 ἤθους
1432 1950 1677 2006 εὐσταθεῖ
1730 1951 1821 2006 καὶ
1873 1951 2004 2007 ἀπε-

350 2044 618 2117 ξεσμένῳ.
670 2041 768 2098 Καὶ
819 2039 938 2107 δῆτ’
986 2040 1068 2096 ἐπ’
1119 2043 1289 2118 ἀγαθῇ
1336 2042 1426 2096 καὶ
1490 2040 1634 2116 καλῇ
1673 2039 1901 2116 κρηπῖδι
1933 2046 2001 2116 τῇ

353 2128 603 2204 εὐσεϐείᾳ
654 2129 839 2206 ἀνδρία
889 2132 985 2205 μὲν
1038 2152 1122 2186 σοι
1169 2134 1361 2204 πρῶτα
1413 2128 1698 2205 ἐπέτρεχεν
1744 2150 1757 2163 ⁸
1808 2130 1897 2186 ἰπὶ
1946 2128 2004 2186 δὲ

349 2222 528 2296 ταύτῃ
560 2222 649 2275 καὶ
682 2222 940 2299 φρόνησις
992 2218 1171 2274 εἵπετο
1204 2239 1216 2250 ·
1270 2220 1405 2293 πρὸς
1453 2216 1510 2274 δὲ
1552 2218 1643 2273 καὶ
1685 2219 1749 2275 τὸ
1793 2239 2004 2297 σωφρο-

349 2317 460 2365 νεῖν
513 2310 757 2379 ἐπήνθει,
804 2309 895 2364 καὶ
942 2312 978 2379 ἡ
1029 2305 1344 2379 δικαιοσύνη
1403 2306 1744 2383 παραθέδυσα
1788 2309 2005 2370 ταύταις

354 2400 513 2473 ἐπῄει
550 2417 563 2430 ⁸
616 2401 650 2468 ἡ
710 2405 886 2473 χρυσῆ
938 2402 1019 2471 τῲ
1076 2398 1188 2453 ὄντι
1246 2398 1398 2474 σειρᾶ
1452 2398 1542 2453 καὶ
1598 2403 1714 2461 τοῖς
1773 2397 2006 2460 πολλοῖς

355 2488 607 2551 ἃπλοκος
643 2509 656 2521 ο
716 2488 782 2557 ἢν
834 2487 896 2542 σὺ
954 2489 1170 2542 πάντων
1231 2487 1420 2561 ἄριστα
1467 2485 1776 2558 διαπλέξας,
1810 2490 2005 2558 καινήν

356 2600 480 2633 τινα
538 2576 626 2632 καὶ
674 2577 827 2648 ξένην
876 2576 1136 2651 ἁρμονίαν
1207 2572 1376 2639 ὅντως
1444 2575 1833 2653 ἆναπειργάσω.
1897 2576 2009 2639 Τὰς

352 2669 489 2743 γὰρ,
533 2666 589 2722 ἐν
637 2668 855 2730 ταύταις
908 2661 1215 2741 ὑπερϐολὰς
1264 2666 1657 2741 παρωσάμενος
1699 2667 1788 2721 καὶ
1821 2666 2009 2722 ἐλλεί-

346 2760 498 2831 ψεις,
542 2756 609 2811 τὰ
667 2755 803 2830 μέσα
854 2757 1062 2811 τούτων
1112 2752 1290 2832 ἔσχες,
1327 2756 1454 2829 μίαν
1506 2756 1725 2830 ἀρετὴν,
1766 2758 2006 2831 καθάπαξ

343 2848 452 2916 τήν
480 2843 747 2917 καθόλου,
780 2844 839 2900 ἒκ
858 2844 1067 2900 τούτων
1097 2844 1565 2920 ἐφαρμοσάμενος.

2117 1956 2214 2013 dio
2245 1958 2385 2013 fuit:
2418 1973 2554 2015 cum
2595 1958 2831 2030 quidem
2870 1966 2924 2014 et
2970 1958 3087 2014 alia
3134 1956 3352 2024 omnia,
3387 1970 3513 2027 qua!
3544 1969 3685 2009 cura
3714 1955 3773 2008 et

2120 2045 2294 2103 laude
2320 2048 2498 2121 digna
2527 2052 2688 2116 sunt,
2738 2050 3166 2112 concurrerent,
3194 2049 3252 2101 et
3277 2050 3340 2101 tu
3369 2048 3536 2100 astate
3567 2040 3766 2103 simul.

2120 2136 2409 2206 sapientia
2436 2142 2497 2194 et
2525 2141 2708 2210 gratia
2754 2137 3129 2210 procederes:
3160 2152 3276 2193 non
3326 2135 3560 2205 quidem
3612 2130 3771 2210 quod

2115 2204 2477 2284 incrementa
2518 2204 2639 2285 haec
2685 2204 2850 2284 in'te
2897 2230 3188 2297 caperent,
3241 2204 3353 2282 sed
3389 2224 3544 2296 quod
3594 2204 3774 2278 simul

2116 2332 2245 2372 sese
2274 2316 2617 2387 proferrent,
2682 2321 2860 2389 atque
2904 2316 3263 2376 exhibereut,
3323 2313 3771 2382 firmitatemque

2120 2421 2251 2461 cum
2285 2411 2474 2474 astate,
2506 2423 2736 2463 morum
2770 2408 3048 2478 gravitate
3068 2412 3125 2462 et
3153 2405 3383 2461 cultura
3402 2406 3771 2477 augescente,

2118 2503 2508 2558 assumerent.
2540 2500 2724 2568 Atque
2754 2498 3023 2568 equidem
3067 2498 3138 2552 ad
3185 2495 3489 2566 pulchrum
3526 2495 3770 2550 bonum-

2124 2600 2233 2655 que
2265 2586 2734 2655 fundamentum,
2774 2587 3049 2658 pietatem
3084 2584 3295 2657 ipsam,
3337 2584 3613 2641 fortitudo
3644 2582 3773 2655 pri-

2123 2690 2286 2730 mum
2344 2676 2631 2733 accessit:
2694 2676 2844 2731 hanc
2914 2679 3230 2732 consecuta
3281 2678 3372 2731 est
3444 2674 3771 2745 prudentia,

2121 2763 2331 2820 deinde
2362 2765 2746 2836 temperantia
2779 2765 2955 2821 etiam
2991 2765 3260 2825 efﬂoruit.
3298 2764 3533 2819 Advenit
3565 2763 3634 2818 ad
3669 2762 3775 2817 has

2114 2849 2349 2920 justitia
2379 2866 2630 2922 quoque,
2680 2868 2854 2908 aurea
2901 2852 3019 2908 hac
3068 2867 3323 2923 prorsus,
3374 2865 3552 2922 quam
3606 2848 3775 2903 multi

349 2938 707 3010 complicare
737 2942 792 2993 et
838 2941 1184 2993 connectere
1240 2940 1560 3007 nequeunt,
1618 2943 1840 2992 catena.
1891 2937 2032 2993 Eam
2081 2955 2216 2995 vero
2261 2944 2325 2996 tu
2376 2941 2639 2997 omnium
2690 2940 3079 3012 pulcherrime
3126 2940 3507 3008 concinnans,
3559 2953 3768 2994 novam

346 3028 668 3099 quamdam
694 3034 748 3082 et
777 3025 1186 3081 admirandam
1210 3024 1379 3097 plane
1412 3023 1702 3097 perfecisti
1734 3026 2017 3082 virtutum
2049 3027 2416 3087 harmoniam
2448 3038 2502 3088 et
2532 3035 2902 3088 concentum.
2934 3030 3080 3087 Nam
3116 3046 3246 3103 quas
3270 3030 3330 3086 in
3364 3030 3437 3087 iis
3460 3028 3548 3085 vel
3583 3029 3777 3085 abun-

348 3119 517 3184 dant,
544 3119 634 3174 vel
668 3118 974 3184 deficiunt,
1003 3116 1161 3172 vitiis
1191 3114 1414 3173 scilicet
1462 3115 1609 3187 ipsis
1667 3116 1919 3188 rejectis,
1952 3117 2143 3175 media
2197 3134 2263 3176 es
2319 3119 2681 3194 complexus,
2740 3126 2799 3180 et
2853 3136 3034 3179 unam
3092 3135 3325 3192 prorsus
3380 3135 3449 3177 ex
3504 3119 3589 3176 eis
3645 3124 3782 3175 tan-

350 3226 531 3282 quam
566 3206 955 3266 universaiem
985 3208 1261 3264 virtutem
1289 3206 1614 3264 confecisti.

426 3393 528 3449 Καί
582 3390 680 3448 ἵνα
727 3389 780 3446 ἒν
844 3388 994 3463 μέσῳ
1044 3388 1310 3462 συντέμω,
1367 3385 1485 3443 ἐπεὶ
1541 3392 1609 3462 τῇ
1670 3386 1786 3460 θείᾳ
2045 3400 2084 3464 C

354 3480 550 3538 δοκοῦν
581 3481 676 3553 ἦν,
726 3482 783 3535 σὶ
825 3481 987 3553 μόνον
1036 3484 1142 3534 τῶν
1198 3485 1301 3547 τῆς
1358 3477 1541 3552 ἀρχῆς
1604 3478 1801 3532 οἰάκων
1862 3477 2015 3551 ὑπερ-

347 3573 646 3642 καθῆσθαι,
688 3570 739 3642 ἐξ
796 3570 1095 3646 ἀνθρώπων
1132 3570 1225 3641 μὲν
1263 3568 1326 3624 τὸ
1379 3569 1560 3643 χρεὼν
1618 3565 2011 3643 λειτουργήσας

352 3664 381 3717 ὁ
439 3662 625 3723 κοινὸς
681 3663 840 3733 ἡμῶν
899 3654 1178 3732 πρόϐολός
1224 3678 1283 3714 τε
1348 3657 1437 3713 καὶ
1500 3653 1776 3732 βασιλεὺς,
1818 3657 1910 3718 σὸς
1954 3657 2012 3711 6‘s

349 3754 533 3826 πατήρ
565 3772 619 3807 τι
678 3751 769 3806 καὶ
826 3748 1124 3818 παιδευτὴς
1180 3746 1404 3823 γίνεται,
1439 3745 1526 3802 ἒπί
1572 3747 1711 3820 μέγα
1741 3745 2007 3822 πρότερον

349 3844 451 3913 τήν
499 3842 791 3915 Ῥωμαίων
846 3840 1146 3917 ἡγεμονίαν
1216 3838 1291 3903 ὡς
1354 3837 1462 3892 ἀπὸ
1518 3835 1745 3912 κέντρολ
1804 3836 2008 3893 κύκλον

350 3928 631 3987 ἐπιδοῦναι
711 3931 1142 4005 παρασκευάσας,
1228 3931 1609 4003 στρατηγικαῖς
1691 3945 1831 3981 τισιν
1918 3924 2006 4000 ἐμ-

349 4020 610 4096 πειρίαις,
669 4019 760 4075 καὶ
808 4025 927 4081 ταῖς
983 4019 1104 4074 κατ’
1162 4016 1374 4097 ἒχθρῶν
1434 4017 1631 4084 νίκαις,
1680 4015 1771 4070 καὶ
1831 4016 1999 4090 μεγά-

351 4108 466 4165 λων
521 4109 858 4181 πραγμάτων
911 4106 1240 4178 διοικήσεσιν
1302 4104 1521 4176 ἄλλαις,
1582 4105 1727 4161 πολύ
1780 4126 1832 4160 τι
1906 4103 1998 4160 καὶ

352 4198 495 4274 μέγα
553 4196 715 4261 κλέος
762 4204 883 4260 τυῖς
942 4199 1029 4277 ὐφ’
1083 4196 1246 4267 ἣλιον
1313 4195 1476 4251 ἅπασι
1559 4192 1997 4257 καταλελοιπώς.

347 4290 424 4343 Σὺ
469 4286 540 4356 δ’,
591 4289 636 4343 ὦ
681 4287 956 4361 κράτιστε,
984 4287 1047 4342 τὸ
1096 4286 1292 4357 κράτος
1346 4284 1510 4357 μόνος
1558 4282 1993 4363 ἀμφιασάμενος,

344 4378 505 4442 εὐθὺς
590 4379 723 4454 ὑπὲρ
801 4378 969 4433 αὐτοῦ
1035 4379 1251 4449 πρῶτον
1326 4374 1639 4451 παρατάττῃ
1712 4378 1869 4442 Θεοῦ,
1924 4376 1993 4447 τῇ

344 4469 506 4542 ἐνθὲῳ
565 4468 846 4541 συναστείᾳ
893 4466 955 4523 ἔκ
999 4468 1245 4540 πρώτης,
1302 4464 1333 4520 ὅ
1371 4486 1520 4543 φασι,
1557 4470 1659 4534 τῆς
1703 4462 1992 4541 ἆφιτηρίας

346 4558 479 4634 ὑπὲρ
529 4563 630 4613 τοῦ
677 4559 976 4634 χρίσαντος
1017 4557 1326 4632 χρώμενος.
1386 4554 1492 4612 Καὶ
1541 4553 1739 4625 τοίνυν,
1778 4550 1853 4615 ὥς
1898 4572 1992 4618 μοι

342 4652 528 4728 φθάνει
586 4648 1014 4724 προειρημένον,
1078 4648 1178 4717 τὴν
1248 4644 1430 4716 ἇληθῆ
1525 4644 1812 4720 θρησκείαν
1892 4642 1994 4698 ὑπὸ

338 4742 516 4796 νόθων
556 4739 648 4795 καὶ
697 4737 1018 4794 ἀλλοκότων
1076 4734 1363 4812 δογμάτων
1426 4734 1829 4810 νεωτερίζεσθαι
1880 4754 1995 4788 κιν-

341 4828 695 4899 δυνεύουσαν,
755 4828 957 4900 ταύτης
1014 4823 1225 4901 σπουδῇ
1271 4829 1340 4900 τῇ
1400 4826 1545 4900 πάσῃ
1576 4824 1667 4880 καὶ
1707 4825 1993 4901 σοφώτατα

338 4917 643 4996 προῦστης.
694 4920 924 4993 Ἀριστα
976 4921 1066 4973 καὶ
1111 4920 1212 4992 γὰρ
1262 4914 1490 4971 συνιδὼν
1540 4913 1721 4990 ἀρκεῖν
1770 4911 1837 4984 δή
1895 4933 1981 4968 σοι

335 5011 428 5065 καὶ
491 5008 667 5083 μόνην
724 5003 999 5063 εὐσέϐειαν
1055 5006 1192 5079 πρὸς
1250 5002 1499 5082 φυλακὴν
1555 5007 1653 5058 τοῦ
1725 5002 1980 5077 κράτους,

334 5100 427 5157 καὶ
476 5100 541 5156 τὸ
586 5103 741 5155 Θεῖον
784 5095 1062 5171 ἐπιμελῶς
1113 5095 1443 5169 θεράπεόειν,
1489 5090 1671 5147 τᾶλλα
1710 5089 1767 5146 δὲ
1810 5088 1979 5165 μηδὲν

334 5192 474 5247 εἶναι
537 5190 707 5262 ταύτῃ
762 5181 1251 5260 παραϐαλλόμενα,
1292 5184 1433 5239 θεῖον
1498 5178 1666 5242 ὅντως
1736 5180 1825 5238 καὶ
1891 5202 1979 5237 σου

330 5282 586 5361 φώτατον
646 5272 902 5340 ἀνέλαϐες
958 5279 1104 5348 νοῦν,
1162 5278 1278 5347 Θεῷ
1323 5273 1720 5352 κεχαρισμένος
1756 5271 1845 5327 an
1882 5274 1982 5343 τὴν

410 5513 494 5587 (1),
520 5513 683 5587 ρυοῤ
716 5510 806 5587 hic
840 5507 1404 5587 perANicephorum_
1426 5505 1733 5587 obscurius
1766 5505 1982 5587 indiga.

333 5578 613 5653 tnr,'idia
640 5578 901 5655 Baptista
940 5582 1189 5655 Egnatio!
1224 5582 1592 5651 apertissime
1632 5582 1834 5655 paucis
1882 5578 1983 5637 de-

333 5659 676 5739 claraturus.
708 5653 1370 5739 Michaelhpalmolpggs,
1394 5654 1607 5739 inquit,
1625 5653 1982 5739 liugdunum

333 5730 412 5789 ad
470 5729 786 5789 concilium
841 5728 1018 5798 venit,
1064 5725 1212 5799 quod
1270 5725 1579 5800 Gregorius
1625 5725 1678 5783 X
1724 5725 1984 5784 Pontifex

2193 3399 2396 3468 Atque,
2430 3401 2494 3453 ut
2524 3415 2670 3469 quas
2703 3398 2891 3453 medio
2928 3403 3183 3470 tempore
3220 3397 3479 3469 gessisti.
3516 3411 3608 3454 res
3647 3399 3782 3452 tuas

2120 3484 2181 3542 in
2213 3488 2628 3559 compendium
2678 3487 2961 3560 redigam,
3016 3497 3325 3559 postquam
3373 3490 3583 3543 divinae
3633 3502 3767 3543 aen-

2120 3584 2317 3641 tentiaa
2346 3584 2623 3658 placitum
2656 3590 2767 3653 est,
2801 3603 2984 3643 unum
3016 3590 3074 3643 te
3102 3586 3331 3661 imperii
3355 3583 3769 3659 gubernaculis

2118 3676 2446 3747 presidere,
2480 3676 2638 3735 fatali
2671 3678 2973 3742 decreto.e
2995 3678 3112 3734 vita
3143 3679 3470 3735 communis
3500 3676 3764 3734 omnium

2118 3782 2382 3834 nostrum
2414 3784 2814 3852 propugnator
2846 3778 3376 3853 atqueimperator,
3409 3783 3547 3835 tuus
3570 3782 3761 3835 autem

2116 3881 2282 3947 pater
2309 3877 2489 3933 simul
2520 3883 2576 3935 et
2605 3878 2925 3943 institutor,
2975 3879 3313 3949 emigravit:
3366 3894 3496 3936 cum
3530 3877 3763 3951 quidem

2116 3964 2277 4032 prius
2307 3967 2703 4024 Romanorum
2738 3969 3069 4040 imperium,
3103 3968 3255 4026 sicut
3286 3985 3318 4024 a
3346 3971 3544 4025 centro
3575 3967 3765 4023 circu-

2111 4054 2259 4124 lum,
2319 4064 2701 4130 propagasset
2775 4060 3170 4132 imperatoriis
3240 4058 3487 4125 artibus,
3570 4073 3767 4129 repor-

2113 4156 2246 4212 tatis
2286 4158 2360 4213 ab
2388 4158 2653 4215 hostibus
2699 4159 2977 4229 victoriis,
3027 4175 3133 4217 nec
3173 4176 3288 4217 non
3334 4158 3466 4215 aliis
3512 4173 3763 4231 magna-

2110 4260 2241 4300 rum
2274 4260 2468 4302 rerum
2498 4246 3122 4310 administrationibus,
3145 4246 3441 4320 ingentem
3465 4255 3618 4319 apud
3643 4261 3761 4305 om-

2110 4358 2213 4399 nes
2243 4342 2343 4415 qui
2367 4343 2473 4400 sub
2495 4344 2618 4401 sole
2647 4351 2789 4403 sunt
2813 4345 3095 4413 homines,
3126 4345 3368 4419 gloriam
3391 4348 3760 4403 consecutus.

2108 4431 2195 4487 Tu
2227 4437 2444 4502 autem,
2478 4432 2532 4491 5
2582 4434 2864 4509 Princeps
2912 4436 3417 4509 praestantissime,
3468 4436 3568 4501 ubi
3598 4435 3761 4493 solus

2106 4520 2420 4595 imperium
2451 4540 2514 4581 es
2544 4526 2813 4598 adeptus,
2853 4525 3156 4583 confestim
3203 4526 3403 4598 copias
3450 4529 3605 4593 tuas,
3655 4540 3759 4597 pro

2106 4610 2235 4683 ipso
2266 4611 2401 4671 Deo.
2453 4615 2710 4685 primum
2766 4617 2826 4673 in
2885 4615 3071 4673 aciem
3128 4614 3492 4687 produxisti:
3546 4613 3758 4686 opibus

2105 4699 2225 4757 tuis
2283 4703 2582 4772 omnibus,
2642 4720 2784 4777 quas
2850 4723 2883 4761 a
2939 4705 3056 4762 Deo
3141 4720 3466 4778 acceperas,
3526 4719 3561 4758 a
3633 4702 3757 4774 pri-

2025 4775 2073 4839 Ῑ)
2106 4791 2219 4847 ποίει
2270 4794 2448 4865 (quod
2526 4775 2763 4867 dicitur)
2814 4796 3168 4867 carceribus,
3228 4775 3331 4868 pro
3404 4811 3472 4851 eo
3547 4793 3644 4864 qui
3702 4796 3755 4849 te

2101 4880 2511 4952 imperatorem
2536 4884 2721 4954 unxit,
2747 4884 3142 4959 usus.1taque,
3162 4884 3337 4942 sicuti
3376 4884 3568 4940 dicere
3584 4881 3752 4955 cmpi,

2092 4995 2226 5035 cum
2242 4996 2440 5037 veram
2455 4980 2798 5056 religionem
2813 4989 3072 5041 nostram
3083 4983 3267 5053 ,novis
3279 4981 3536 5039 inductis
3554 4982 3751 5038 rebuev

2092 5093 2196 5151 per
2216 5079 2573 5137 adulterinas
2596 5086 2655 5139 et
2674 5082 2962 5139 absurdae
3007 5081 3325 5148 doctrinas,
3350 5080 3409 5136 in
3434 5078 3750 5137 discrinem

2091 5179 2403 5235 adductam
2463 5196 2593 5240 esse
2651 5198 2939 5249 cerneres,
3011 5178 3447 5238 studiosissime
3504 5194 3635 5236 eam
3692 5182 3752 5235 et

2092 5278 2523 5351 sapientissime
2548 5285 2776 5338 tutatus
2798 5297 2861 5339 es
2892 5280 2996 5353 (1).
3031 5279 3194 5345 Quod
3228 5294 3481 5351 namque
3502 5295 3747 5351 perspe-

2094 5508 2404 5579 iudixerat,
2467 5509 2748 5582 facileque
2806 5509 2892 5565 illi
2951 5525 3084 5567 cum
3144 5507 3747 5582 Remano‘pontifice

2092 5577 2492 5642 convenit.vEx
2513 5601 2628 5654 quo
2648 5577 2870 5639 tantam
2897 5584 3171 5639 invidiam
3194 5577 3535 5654 Graecanica:
3556 5581 3745 5649 gentis

2092 5659 2403 5725 contraxit,
2423 5662 2487 5712 ut
2507 5652 2611 5713 nec
2634 5661 2861 5729 mortuo
2875 5656 3039 5729 justa
3050 5652 3451 5728 persolverint,
3474 5657 3530 5711 et
3549 5655 3744 5712 locum

2091 5729 2410 5802 sepultum
2437 5728 2794 5800 negaverint.
2825 5750 2855 5781 »

3914 490 4007 561 \
