3982 6216
425 391 550 454 567

1733 395 2156 458 NICEPHORI
2203 397 2553 459 CALLlS’l‘l

3507 0 3524 3 ’
3573 0 3940 282 ’Ἴ

3736 393 3830 452 568

431 531 594 584 etum
626 527 731 582 tibi
753 526 982 600 optime
1004 535 1179 595 esset,
1203 527 1276 582 ad
1300 525 1530 597 imperii
1553 527 1887 599 praesidium
1908 529 2092 585 solam

2214 527 2484 584 πολιτείαν
2537 529 2848 602 γενόμενος,
2897 524 2977 579 αττ
3027 525 3236 579 οἴκοθεν
3295 524 3631 598 ἀποχρώσας
3678 543 3830 594 παρα-

434 615 705 688 pietatem
735 619 792 672 et
820 615 900 671 rei
930 615 1137 671 divinae
1179 614 1448 671 sedulum
1513 615 1738 670 cultum
1797 618 2091 685 sufﬁcere,

433 704 658 776 reliqua
687 707 881 760 autem
912 720 1049 760 cum
1084 703 1178 758 bis
1231 710 1572 776 comparata
1603 705 1750 760 nihil
1781 722 1930 776 esse,
1954 707 2093 762 divi-

435 809 571 848 nam
601 793 772 865 plane
794 805 848 849 et
869 793 1367 864 sapientissimam
1385 795 1702 863 concepisti
1719 797 2092 852 sententiam.

436 883 683 938 Proinde
733 899 833 954 per
889 884 1182 952 ejusmodi
1241 898 1436 939 rerum
1493 883 2092 953 administrationem,

449 988 724 1044 magnam
754 990 785 1026 a
805 973 920 1027 Deo
953 971 1134 1026 iniisti
1165 971 1411 1041 gratiam
1443 989 1456 1026 :
1489 982 1543 1028 et
1573 990 1604 1027 a
1644 975 1827 1046 teipso
1851 974 2096 1030 illisatis

441 1060 746 1130 praebuisti
774 1077 982 1129 causa,
1016 1064 1081 1114 ut
1108 1061 1376 1130 perfacile
1430 1065 1683 1132 precanti
1739 1063 1842 1118 tibi
1895 1080 2095 1120 aurem

433 1165 606 1206 suam
633 1149 966 1220 inclinaret,
1000 1150 1328 1206 actionibus
1377 1151 1650 1207 omnibus
1696 1153 1810 1208 tuis
1846 1155 2096 1225 pmiret,

434 1239 860 1310 imperiumque
882 1238 995 1293 tibi
1025 1240 1282 1294 firmaret
1304 1245 1483 1312 atque
1505 1242 1880 1298 constitueret
1905 1259 1917 1296 :
1945 1243 2101 1299 vide-

437 1327 573 1384 licet
601 1332 667 1383 ut
685 1327 1038 1396 rectissime,
1061 1334 1238 1402 atque
1258 1331 1458 1385 ordine
1479 1331 1700 1402 Optimo
1731 1333 1800 1386 ad
1813 1332 2100 1386 ministra-

437 1418 518 1473 tio
547 1419 676 1489 ejus
708 1419 1073 1489 procederet,
1105 1422 1164 1475 in
1197 1421 1370 1475 rebus
1401 1423 1676 1476 omnibus
1717 1429 1772 1477 te
1801 1423 2100 1494 aptissime

437 1507 718 1579 dirigens,
747 1521 946 1580 atque,
975 1515 1036 1564 ut
1077 1508 1290 1580 aliquis
1321 1511 1496 1576 dicat,
1530 1512 1716 1566 vivam
1757 1513 2098 1578 imaginem.

441 1603 498 1650 et
519 1600 774 1651 statuam
799 1597 1025 1668 imperii
1047 1599 1356 1668 pulchram
1380 1599 1619 1655 omnino
1640 1600 2097 1672 etimperialem,

452 1686 522 1740 ad
571 1685 976 1742 incredibilem
1033 1692 1090 1743 et
1141 1688 1686 1744 excellentissimam
1736 1696 2098 1744 venustatem

449 1774 770 1844 expoliens.
803 1776 898 1830 Sic
927 1777 1081 1832 enim
1133 1783 1294 1848 puto,
1327 1777 1429 1833 Dei
1469 1779 1882 1849 benignitatem
1919 1779 2103 1834 homi-

451 1865 626 1919 nibus
665 1881 781 1919 non
831 1865 1189 1937 contingere,
1240 1867 1352 1921 nisi
1383 1867 1604 1937 seipsos
1637 1867 1808 1923 factis
1860 1869 1985 1923 suis
2034 1884 2100 1924 ea
2135 1902 2177 1966 Β

449 1953 661 2023 dignos
701 1953 1109 2009 exhibuerint:
1163 1970 1290 2026 quae
1327 1961 1410 2021 tu,
1445 1957 1596 2026 quod
1629 1957 1848 2028 Optima
1885 1959 2102 2027 praesti-

453 2041 598 2111 tisti,
634 2042 692 2096 in
728 2043 932 2114 primis
964 2048 1032 2098 ut
1060 2045 1356 2116 gratiosus
1387 2049 1538 2116 apud
1590 2045 1774 2100 Deum
1825 2047 1930 2110 sis,
1963 2063 2104 2100 con-

449 2137 688 2186 secutus
718 2149 800 2188 es.
825 2133 1186 2204 Quapropter
1214 2149 1450 2189 cernere
1472 2141 1616 2201 erat,
1641 2134 1924 2206 quidquid
1949 2133 2103 2190 esset

452 2219 676 2286 mali,id
701 2237 732 2276 e
755 2221 946 2277 medio
967 2220 1120 2278 tolli:
1146 2223 1298 2278 bona
1313 2228 1504 2278 autem
1521 2226 1790 2280 universa
1803 2224 1874 2278 ad
1891 2240 2102 2278 manus

453 2323 605 2377 esse,
637 2309 945 2365 utilitatem
980 2310 1272 2382 publicam
1315 2327 1428 2367 non
1481 2313 1717 2380 morari,
1751 2317 1810 2368 et
1848 2323 2105 2383 tempora

447 2397 574 2468 ipsa
605 2398 718 2454 sub
750 2401 807 2454 te
838 2415 986 2454 novo
1015 2405 1190 2470 atque
1230 2403 1536 2457 commodo
1583 2403 1928 2472 imperatore
1949 2419 2104 2458 reuo-

451 2486 569 2542 vari
599 2491 657 2542 et
677 2488 1268 2560 repubescere.Atque
1289 2491 1560 2561 equidem
1586 2507 1777 2546 rerum
1819 2492 2104 2546 bonarum

453 2576 738 2649 plerisque
761 2592 866 2632 sua
887 2587 1094 2649 sponte
1111 2578 1374 2644 aderant,
1385 2579 1672 2652 plerisque
1695 2597 1829 2636 mox
1842 2581 2104 2636 aﬂ‘uturte

453 2666 908 2722 erant.Accessit
929 2684 1064 2740 spes
1088 2669 1264 2724 rebus
1285 2671 1664 2741 praesentibus
1683 2669 1854 2741 longe
1877 2669 2100 2726 melior-

452 2753 596 2810 Nam
611 2755 971 2825 sicutijubar
985 2757 1278 2827 quoddam
1294 2774 1324 2813 e
1339 2758 1580 2814 sublimi
1594 2758 2106 2831 relucens,ubique

455 2843 1128 2911 terrarum,altluentem
1163 2847 1262 2902 tibi
1286 2849 1570 2904 divinitus
1599 2849 1844 2921 gratiam
1874 2850 2106 2905 abunde

457 2931 768 3000 demisisti,
799 2950 1045 3005 eamque
1089 2941 1320 3007 propter
1349 2937 1674 2993 caelestium
1698 2940 1976 2994 donorum
2007 2956 2106 2993 va-

457 3020 714 3076 rietatem
751 3021 988 3093 perinde
1016 3030 1188 3095 atque
1210 3024 1425 3080 ﬂumen
1443 3027 1745 3098 ecpiosum
1776 3028 2105 3099 profudisti.

457 3114 524 3167 Et
551 3127 732 3182 quum
764 3112 951 3184 gloria
973 3113 1695 3188 abundares,nequaquam
1719 3121 1789 3173 ad
1824 3119 2107 3174 desidiam

457 3208 511 3257 et
540 3201 716 3257 vitam
751 3201 1076 3258 molliorem
1128 3213 1180 3258 te
1229 3205 1532 3274 demisisti,
1580 3209 1678 3262 sed
1723 3210 1894 3263 rebus
1929 3209 2108 3264 bene-

457 3289 562 3346 stis
603 3291 897 3347 dedidisti.
935 3292 1130 3365 Neque
1154 3309 1414 3366 purpura
1441 3305 1696 3370 sumpta,
1720 3299 2023 3370 imperium
2049 3300 2107 3353 in

457 3381 708 3451 teipsum
757 3397 1016 3438 exercere
1073 3385 1367 3441 omisisti:
1422 3392 1480 3442 et
1537 3388 1756 3443 ratione
1830 3395 2104 3459 tanquam

458 3472 620 3527 freno
651 3487 824 3540 usus,
847 3472 1072 3542 imperii
1096 3473 1662 3532 administrationem
1688 3477 2106 3549 pbilosopbicis

457 3558 750 3616 institutis
781 3563 1144 3633 temperasti,
1176 3563 1380 3620 timore
1423 3564 1526 3621 Dei
1573 3565 1657 3620 illi
1698 3572 1975 3638 tanquam
2007 3583 2108 3622 cu-

457 3651 621 3706 stode
649 3649 776 3708 etB
799 3651 1148 3723 opitulatore
1189 3654 1481 3723 imposito.
1519 3655 1697 3712 Porro
1745 3673 1878 3712 cum
1933 3659 2110 3732 probe

457 3741 564 3796 tibi
595 3742 893 3814 cognitum
927 3747 1101 3804 esset.
1148 3744 1440 3817 principes
1476 3746 1630 3802 viros
1673 3765 1784 3804 non
1821 3747 1986 3804 facile
2017 3749 2116 3804 ad-

462 3830 686 3890 moneri
718 3847 780 3887 se
811 3835 952 3904 pati,
985 3849 1170 3904 neque
1219 3834 1540 3891 doctrinam
1587 3842 1761 3908 atque
1799 3838 2114 3895 institutio-

465 3939 598 3978 nem
643 3923 981 3985 admittere;
1039 3941 1168 3980 eam
1227 3931 1287 3981 tu
1337 3927 1394 3980 in
1449 3927 1650 3998 primis
1691 3927 1798 3984 tibi
1853 3930 1909 3984 in
1969 3945 2112 3986 con-

465 4011 663 4068 silium
696 4013 1032 4080 adbibuisti,
1076 4017 1134 4068 et
1191 4015 1419 4086 imperii
1481 4018 1586 4085 tui,
1646 4018 1882 4088 perinde
1941 4025 2114 4090 atque

470 4101 681 4156 domus
709 4105 1033 4168 custodem,
1068 4109 1126 4156 et
1155 4111 1496 4176 magistrum
1546 4107 1854 4177 optimum,
1900 4107 2116 4162 consti-

469 4190 654 4246 tuisti.
684 4191 832 4255 Quin
855 4192 1049 4261 potius
1085 4192 1186 4246 tibi
1221 4193 1327 4247 bac
1360 4195 1603 4249 minime
1635 4213 1782 4266 opus
1817 4197 1940 4252 luit.
1965 4196 2114 4260 Quid

472 4279 625 4334 enim
659 4281 808 4349 apud
845 4285 898 4334 te
927 4287 1036 4345 est,
1069 4285 1221 4351 quod
1257 4283 1493 4338 aliunde
1523 4283 1817 4354 didiceris,
1867 4293 1966 4340 aut
2003 4288 2112 4340 im-

472 4373 761 4440 portatum
820 4369 1156 4440 acceperis?
1203 4372 1298 4442 qui
1349 4373 1567 4445 ingenii
1619 4381 1956 4446 naturaeque
2003 4382 2118 4431 tum

2206 617 2358 692 σχὼν
2391 617 2580 687 ἐκείνῳ
2609 618 2704 677 τὰς
2737 616 2989 693 ἀφορμάς
3027 635 3038 648 ’
3081 612 3213 669 ὥστ’
3263 613 3553 687 εὖχομὲνῳ
3581 631 3668 664 σοι
3716 631 3833 684 προ-

2206 707 2410 786 χείρως
2464 704 2773 761 ὑποκλίνειν
2822 703 2970 783 ἔχειν
3030 705 3093 758 τὸ
3155 701 3269 771 οὖς,
3301 707 3420 764 τοῖς
3475 721 3532 756 τε
3592 700 3679 755 σοὶ
3716 719 3833 774 πρα-

2204 798 2380 860 κτέοις
2436 799 2600 854 ἅπασι
2659 797 3039 872 προηγεῖσθαι,
3095 795 3189 850 καὶ
3257 796 3322 848 τὰ
3379 801 3482 862 τῆς
3555 791 3836 866 ἡγεμονίας

2205 887 2524 962 ἔγκαθιστᾷν
2550 907 2563 920 ο
2614 888 2690 950 ὠς
2738 887 2798 941 ἂν
2844 883 3038 960 ἄριστά
3081 905 3143 962 γε
3197 883 3286 940 καὶ
3331 884 3382 938 ἰν
3429 883 3626 955 κόσμῳ
3662 883 3728 936 τὰ
3755 888 3835 949 τῆς

2205 975 2385 1050 ἀρχῆς
2440 975 2747 1051 διεξάγοιτο
2807 976 3073 1050 ῥυθμίσας
3125 973 3208 1048 ἐφ’
3269 968 3457 1046 ἅπασι,
3512 973 3603 1028 καὶ
3665 971 3742 1032 ὡς
3789 969 3836 1024 ἄν

2205 1089 2289 1128 τις
2348 1065 2514 1135 εἷ’ποι,
2567 1071 2672 1136 ζῶν
2743 1064 2985 1140 ἄγαλμα,
3046 1066 3130 1119 ταὶ
3198 1065 3482 1138 βασιλείας
3546 1058 3836 1134 ἀνδριάντα,

2206 1157 2433 1227 κόσμιον
2482 1159 2561 1228 τῷ
2609 1151 2724 1209 ὄντι
2783 1155 2871 1208 καὶ
2935 1151 3217 1228 βασιλικὸν
3291 1151 3367 1214 εἷς
3425 1149 3635 1211 κάλλος
3694 1147 3839 1227 ἄφρα-

2207 1266 2328 1300 στον
2388 1245 2478 1298 καὶ
2536 1248 2823 1320 αμηχανον
2873 1241 3157 1315 ἁποξέσας.
3215 1239 3418 1313 Οῗομαι
3467 1241 3591 1314 γὰρ,
3657 1240 3733 1312 μή
3793 1237 3839 1290 ἄν

2207 1340 2326 1389 ποτ’
2377 1335 2686 1408 ἀνθρώποις
2742 1334 2804 1387 τὸ
2863 1330 3112 1406 θεοφιλὲς
3175 1329 3586 1404 παραγίνεσθαι,
3635 1329 3702 1397 ἢν
3776 1328 3836 1398 μή

2209 1429 2340 1499 σφᾶς
2394 1424 2573 1492 ἀξίους
2631 1422 2834 1487 ταύτης
2880 1421 3071 1474 ἐκεῖνοι
3124 1416 3212 1474 διὰ
3268 1422 3380 1474 τῶν
3457 1415 3630 1491 ἔργων
3691 1415 3836 1488 παρέ·

2210 1534 2407 1587 χιυσιν.
2467 1513 2561 1566 Ὠν
2618 1515 2680 1564 σὺ
2737 1511 2804 1564 τὰ
2855 1512 3115 1584 κράτιστα
3163 1506 3577 1582 παρασχὼν,τὸ
3618 1509 3737 1574 Θεῷ
3763 1525 3840 1558 κε-

2209 1598 2536 1676 χαρισμένος
2595 1599 2734 1654 εἶναι
2791 1600 2897 1673 πρὸ
2956 1598 3150 1658 παντὸς
3210 1594 3540 1668 ἐκληρώσω.
3589 1595 3836 1650 Ἐντεῦθεν

2209 1693 2274 1761 ἦν
2325 1688 2454 1744 ἰδεῖν
2501 1691 2716 1762 σύμπαν
2765 1687 2971 1765 φαῦλον
3026 1689 3116 1760 μὲν
3185 1683 3449 1755 ἐκποδὼν,
3504 1684 3744 1758 χρηστὸν
3801 1678 3836 1732 δ’

2211 1778 2346 1834 ἅπαν
2403 1779 2454 1834 ἐν
2513 1785 2700 1857 χεροῖν
2759 1778 3028 1850 κείμενον.
3071 1781 3141 1830 Τὸ
3190 1772 3236 1830 δ’
3289 1773 3356 1828 αὖ
3404 1773 3700 1852 συμφέρον,
3759 1770 3837 1824 οὐκ

2210 1870 2262 1924 ἐν
2311 1865 2608 1929 ἀναϐολαῖς
2659 1866 2726 1937 δή
2775 1888 2907 1936 τισι,
2951 1866 3208 1934 νεάζοντα
3251 1861 3298 1918 δ’
3355 1862 3536 1936 ὥσπερ
3588 1861 3674 1916 καὶ
3725 1861 3834 1928 Eur,-

2208 1953 2388 2012 ϐὦντα
2435 1959 2527 2011 τὸν
2577 1957 2778 2035 χρόνον
2827 1957 2930 2010 ὑπὸ
2981 1956 3064 2008 σοὶ
3113 1959 3190 2025 τῷ
3235 1953 3338 2025 νέῳ
3370 1952 3458 2006 καὶ
3490 1955 3715 2026 χρηστῷ
3750 1951 3836 2035 βα-

2209 2047 2369 2104 σιλεῖ.
2418 2048 2514 2101 Καὶ
2563 2047 2630 2100 τὰ
2683 2046 2776 2119 μὲν
2825 2050 2932 2100 τῶν
2978 2043 3164 2098 καλῶν
3215 2044 3402 2097 ἑκόντα
3460 2046 3660 2114 παρῆν,
3695 2040 3760 2093 τὲ
3800 2034 3836 2090 δ’

2209 2137 2438 2210 ἔμελλεν
2465 2158 2476 2170 ·
2508 2140 2542 2206 ἡ
2577 2135 2619 2192 δ’
2650 2135 2809 2193 ἐλπὶς
2841 2137 2931 2190 καὶ
2987 2135 3186 2206 μείζων
3235 2133 3377 2206 ἤπερ
3423 2131 3489 2184 τὰ
3545 2132 3835 2204 πράγματα.

2211 2231 2416 2285 Ὠσανεῖ
2466 2231 2555 2284 καὶ
2607 2231 2709 2305 γάρ
2769 2249 2851 2289 τις
2934 2227 3136 2301 πυρσὸς
3217 2223 3562 2296 ἀναλάμψας,
3622 2223 3837 2276 ἁπαντα-

2211 2325 2316 2392 χοῦ
2373 2326 2472 2386 τῆς
2527 2326 2654 2394 γῆς,
2707 2316 2800 2378 τὰς
2877 2316 3078 2370 ἀνωθεν
3157 2311 3524 2387 ἐπεισρυείσας
3598 2330 3678 2364 τοι
3743 2312 3836 2361 τῶν

2213 2408 2454 2481 χαρίτων
2514 2407 2755 2481 ἀφθόνως
2813 2404 3180 2476 κατὲπεμπες,
3230 2403 3324 2456 οἶα
3395 2420 3546 2455 τινας
3612 2396 3840 2471 δαψιλεῖς

2212 2497 2410 2570 ῥύακας
2469 2496 2728 2575 προχέων
2783 2499 2861 2566 τῷ
2917 2493 3160 2564 ποικίλῳ
3217 2496 3324 2545 τῶν
3380 2487 3618 2564 δωρεῶν.
3651 2487 3836 2546 Macro:

2210 2589 2312 2661 γὰρ
2365 2585 2439 2640 ὢν
2499 2574 2684 2658 δόξης,
2743 2585 2808 2640 οὐ
2868 2584 3004 2656 πρὸς
3059 2583 3122 2636 τὸ
3180 2580 3372 2654 ῥᾷστον
3424 2578 3732 2632 ἀναπίπτων
3763 2574 3836 2628 καί

2210 2678 2272 2731 τὸ
2317 2680 2412 2730 τοῦ
2472 2675 2597 2750 βίου
2659 2673 3066 2748 μαλακώτερον,
3110 2671 3232 2742 περί
3280 2690 3331 2722 τι
3386 2671 3494 2724 τῶν
3548 2664 3832 2722 σπουδαίων

2214 2763 2466 2833 ὃιέκεισο,
2515 2761 2630 2817 οὐδ’
2677 2761 2866 2841 ἄρχειν
2917 2761 3110 2816 ἑαυτοῦ
3157 2756 3426 2813 ἐπελάθου
3488 2759 3588 2825 τήν
3655 2752 3835 2826 ἁλουρ·

2210 2851 2335 2930 γίδα
2391 2848 2886 2927 περιϐαλλόμενος.
2945 2848 3171 2919 Χαλινῷ
3227 2845 3274 2902 δ’
3331 2844 3514 2919 ὥσπερ
3565 2849 3643 2914 τῷ
3699 2843 3834 2918 λόγῳ

2213 2944 2531 3017 χρώμενος,
2579 2943 2676 3010 τήν
2726 2940 2904 3014 ἀρχὴν
2964 2936 3250 3015 φιλοσόφῳ
3310 2932 3494 3008 διαίτῃ
3551 2933 3836 3006 ἆνὲκρουες,

2215 3033 2448 3106 φρουρὸν
2500 3027 2565 3099 δή
2623 3051 2744 3085 τινα
2791 3030 2878 3083 καὶ
2927 3029 3272 3101 παραστάτην
3319 3027 3409 3078 τὸν
3454 3027 3552 3078 τοῦ
3596 3025 3720 3076 Θεοῦ
3747 3018 3833 3097 90'-

2217 3105 2312 3196 βον
2337 3121 2442 3194 πρὸ
2468 3120 2665 3180 παντὸς
2705 3117 2842 3192 αὐτῇ
2891 3117 3206 3186 ἐπιστήσας.
3238 3115 3314 3170 Οὐ
3367 3115 3478 3186 μὴν
3523 3110 3649 3166 ἀλλ’
3693 3105 3833 3165 εἰδὼς

2219 3195 2480 3284 ἀκριϐῶς,
2556 3209 2628 3270 ὡς
2706 3205 3124 3276 δυσνουθὲτητον
3202 3203 3416 3276 σῦμπαν
3504 3198 3693 3275 ἄρχον,
3753 3195 3829 3284 καὶ

2139 3268 2181 3334 C
2219 3268 2462 3360 παιδείας
2511 3295 2712 3372 ῥᾳδίως
2763 3295 2856 3350 οὐκ
2900 3295 3253 3372 ἀνεχόμενον,
3287 3285 3580 3364 συμϐουλή
3627 3308 3703 3342 σοι
3740 3283 3830 3372 πρᾷ

2216 3394 2323 3442 τῶν
2382 3370 2568 3442 αλλων
2623 3385 2714 3454 ἦν,
2758 3386 2844 3440 οἶά
2889 3370 3276 3457 τιςηοῖκουρὸς
3306 3373 3724 3455 προϐεϐλημένη
3754 3370 3829 3426 καὶ

2217 3475 2542 3538 διδάσκαλος
2597 3475 2837 3550 ἀριστος.
2898 3470 3124 3531 Μᾶλλον
3185 3469 3232 3525 δ’
3279 3467 3478 3538 ἥκιστά
3524 3487 3610 3521 σοι
3647 3463 3827 3520 τούτων

2218 3566 2325 3623 ἔδει
2387 3589 2398 3600 ’
2459 3565 2513 3620 τί
2568 3567 2672 3640 γὰρ
2726 3565 2871 3638 παρὰ
2930 3563 3014 3616 σοὶ
3074 3558 3322 3615 διδακτὸν
3376 3557 3468 3612 καὶ
3527 3555 3825 3640 ἐπείσακτον,

2219 3656 2278 3712 ἐκ
2334 3656 2542 3734 φύσεως
2599 3655 2750 3709 πάντ’
2809 3649 3084 3720 ὠδίνοντι,
3141 3648 3229 3704 καὶ
3283 3646 3520 3720 τάγαθὸν
3570 3642 3698 3698 ἅπαν
3764 3637 3829 3696 εἷς

2221 3733 2354 3818 φῶς
2383 3747 2622 3817 καθάπαξ
2667 3743 2960 3817 προάγοντι
3007 3739 3145 3794 καθά
3185 3757 3305 3792 τινα
3345 3735 3508 3790 τόκον
3571 3733 3740 3808 εὐγενῆ
3779 3746 3827 3818 τε

2221 3817 2306 3891 καὶ
2369 3835 2618 3909 ὥριμον;
2677 3831 2842 3889 Ἀλλ’
2896 3828 3010 3885 οὐδ’
3062 3825 3291 3896 ἄκρατος
3354 3822 3729 3903 ἐγχειρισθέντι
3775 3817 3825 3869 τὸ

2219 3926 2416 3999 κράτος
2443 3919 2610 4000 φόϐος
2641 3921 2702 3976 ἐκ
2729 3927 2835 3975 τῶν
2870 3920 2973 3975 ὑπὸ
3025 3917 3185 3992 χεῖρά
3233 3915 3318 3970 σοί
3362 3918 3413 3988 γ’
3473 3909 3823 3978 ἐσπουδάζετο.

2225 4015 2520 4088 Συμμιγὴς
2569 4011 2626 4066 δὲ
2667 4009 2818 4083 μάλα
2857 4008 2948 4064 καὶ
2994 4009 3160 4067 πόθος
3199 4005 3268 4075 ἦν
3302 4023 3314 4036 ·
3355 4003 3445 4058 καὶ
3473 4004 3684 4074 ἠγάπας
3714 3997 3824 4097 nil:

2224 4103 2320 4160 λον
2381 4103 2470 4156 σὺ,
2527 4103 2760 4173 θαύματι
2820 4098 3198 4174 ἀγαπώμενος,
3249 4094 3348 4148 οὐκ
3397 4094 3462 4147 ἐκ
3540 4091 3698 4164 μόνου
3744 4091 3824 4140 τοῦ

2223 4188 2451 4270 φοϐερὸς
2514 4189 2690 4245 δοκεῖν
2747 4190 2836 4243 καὶ
2895 4187 3240 4244 αὐθέκαστος.
3299 4182 3403 4239 Καὶ
3456 4184 3524 4251 ἧς
3568 4185 3678 4242 ταῖς
3711 4177 3824 4276 ab}:

2224 4268 2391 4344 θείαις
2432 4282 2644 4352 πατὴρ
2699 4278 2780 4338 ὣς
2827 4275 3048 4346 ἤπιος,
3096 4274 3233 4328 κατα
3279 4272 3370 4326 τὸν
3421 4270 3636 4326 εἰπόντα
3666 4268 3736 4334 ’ἢ
3775 4268 3825 4314 τά

2225 4393 2288 4447 γε
2319 4370 2647 4448 πρόσφορον,

473 4457 730 4514 bonitate
761 4459 960 4514 omnia
989 4461 1297 4530 producas,
1332 4473 1383 4518 et
1413 4463 1697 4535 quidquid
1735 4465 1866 4520 boni
1925 4471 2035 4533 est,
2091 4464 2264 4520 veluti
2326 4466 2576 4516 fructum
2638 4459 2974 4530 quempiam
3031 4469 3374 4516 generosum
3434 4457 3492 4506 et
3551 4455 3828 4504 maturum.

471 4546 528 4602 in
564 4547 753 4604 lucem
788 4549 1086 4619 proferas?
1116 4551 1226 4606 Sed
1258 4570 1364 4607 nec
1392 4553 1533 4608 illud
1571 4557 1811 4625 imperio
1841 4562 2115 4627 suscepto
2146 4556 2315 4626 egisti
2349 4561 2409 4607 ut
2457 4565 2509 4606 te
2557 4553 2708 4606 cives
2749 4556 2805 4604 et
2835 4548 3054 4603 subditi
3105 4545 3188 4599 tui
3244 4550 3566 4598 metuerent
3601 4543 3824 4634 tantum:
3938 4557 3939 4634 ξ

475 4653 672 4694 verum
705 4639 977 4695 timorem
1010 4657 1139 4696 eum
1169 4643 1444 4698 cbaritale
1477 4652 1857 4715 temperatum
1889 4663 2020 4703 esse
2047 4647 2307 4702 voluisti.
2343 4643 2585 4699 Proinde
2624 4657 2759 4696 cum
2792 4647 2844 4694 te
2879 4641 3140 4694 homines
3175 4635 3257 4689 tui
3299 4649 3432 4687 cum
3485 4635 3828 4720 admiratmue
3938 4645 3939 4720 ι

476 4729 746 4794 dilexere,
791 4731 946 4801 quod
1007 4731 1203 4788 minus
1261 4750 1388 4788 esse
1449 4736 1746 4800 terribilis,
1813 4754 1999 4808 neque
2057 4737 2292 4793 arbitrio
2355 4745 2450 4788 tuo
2511 4734 2720 4799 vivere,
2778 4736 2837 4784 et
2893 4729 3168 4799 pleraque
3224 4725 3419 4779 omnia
3478 4726 3716 4776 statuere
3761 4728 3829 4808 Vf-

477 4818 696 4890 derere,
726 4824 851 4874 tum
884 4821 1006 4891 ipse
1037 4839 1136 4878 eos
1175 4825 1360 4894 magis
1409 4826 1584 4880 etiam
1635 4802 1932 4884 dilexisti}
1985 4828 2200 4898 quibus
2263 4842 2458 4882 revera
2517 4821 2784 4878 exstitisti
2816 4818 2986 4874 veluti
3043 4823 3198 4887 ναίειν
3253 4812 3526 4880 Optimus;
3585 4802 3826 4880 quemad-

482 4911 716 4966 modum
750 4910 844 4966 ille
875 4913 1058 4968 dixit:
1092 4919 1213 4983 aut,
1255 4915 1409 4986 quod
1441 4918 1628 4989 magis
1659 4919 1715 4972 in
1748 4923 1805 4973 te
1829 4917 2124 4991 competit.
3711 5003 3720 5011 ι
3813 4997 3826 5011 θ

551 5021 664 5075 Itex
694 5021 881 5084 bonus,
912 5029 1079 5094 atque
1107 5023 1250 5080 idem
1277 5027 1438 5094 [ortis
1471 5025 1700 5083 bellator
1722 5030 1781 5083 in
1822 5031 1995 5084 armis
2025 5030 2102 5100 (l)

2236 5021 2672 5098 Ἀμφότερον,
2712 5015 3036 5093 βασιλεύς
3067 5015 3120 5068 τ’
3152 5011 3419 5085 ἀγαθὸς,
3460 5003 3808 5154 figitﬁgit;

3549 5103 3607 5136 ιγ
3629 5103 3702 5136 μη
3722 5103 3824 5136 "1'"

2235 5184 2492 5239 Δουλείαν
2541 5183 2626 5236 καὶ
2687 5180 2790 5254 γὰρ
2848 5173 3058 5246 ἔνδοξον
3115 5175 3178 5229 τὸ
3226 5179 3502 5246 σκῆπτρον
3544 5169 3823 5260 ἡγούμεὶνοξ,

2232 5275 2321 5329 καὶ
2376 5275 2470 5328 τὸν
2515 5272 2898 5344 περιμάχητον
2945 5265 3196 5342 στέφανον
3234 5267 3342 5316 τῶν
3402 5261 3531 5332 παρ’
3592 5248 3826 5328 αἰγιαλοῖς

2233 5359 2487 5439 ψηφίδων
2553 5357 2820 5436 διαφέρειν
2883 5353 3076 5429 μηδὲν,
3135 5350 3228 5406 κᾶν
3285 5347 3469 5410 ἄλλως
3528 5347 3636 5400 θεῖα
3668 5347 3820 5439 ταῦτα,

482 5183 626 5241 Nam
687 5188 840 5257 quod
901 5194 1192 5256 sceptrum
1240 5191 1536 5261 imperiale
1581 5193 1868 5263 splendidi
1922 5194 2120 5262 cujus-

482 5273 614 5328 dam
647 5276 862 5331 servitii
897 5280 1128 5348 signum
1163 5296 1308 5346 esse,
1343 5286 1399 5336 et
1442 5297 1713 5336 coronam
1766 5280 2121 5352 pretiosissi-

485 5378 660 5427 mam,
704 5365 847 5419 nihil
878 5383 910 5420 a
941 5367 1174 5438 lapillis,
1221 5386 1348 5440 qum
1392 5371 1450 5424 in
1505 5371 1692 5426 littore
1739 5371 1916 5425 maris
1965 5381 2120 5435 sunt,

482 5451 714 5507 dilferre
745 5463 981 5525 putares
1005 5473 1018 5510 :
1043 5460 1308 5527 quamvis
1331 5459 1474 5526 haec,
1497 5460 1704 5514 divinae
1721 5463 1985 5529 quaedam
2013 5475 2120 5523 res,

483 5541 542 5593 et
571 5539 992 5599 immensarum
1041 5561 1505 5620 arcanorumque
1549 5547 1949 5620 mysteriorum
1980 5547 2125 5602 ima-

2231 5456 2320 5507 καὶ
2371 5473 2529 5506 τινων
2586 5446 2896 5522 μυστηρίων
2952 5442 3281 5519 ἀπορρήτων
3350 5437 3654 5506 εὶκάσγλατα,
3696 5430 3818 5522 ὅμως

2235 5541 2444 5602 εὐτελές
2496 5561 2546 5594 τι
2599 5538 2757 5614 ῥάκος
2786 5537 2884 5604 τήν
2934 5532 3217 5609 πορφύραν
3257 5529 3426 5603 εἶχες,
3465 5527 3552 5580 καὶ
3579 5523 3633 5578 τὸ
3658 5517 3818 5580 ταύτης

561 5719 640 5795 (1)
669 5719 834 5779 Hunc
863 5737 1094 5780 versum
1125 5724 1448 5784 Alexander
1472 5733 1717 5800 Magnus
1747 5728 2011 5787 omnium
2039 5727 2478 5786 Homericorum
2509 5725 2832 5781 carminum
2859 5715 3142 5790 judicavit
3173 5729 3302 5770 esse
3331 5711 3628 5784 optimum.
