3982 6216
91 41 504 129 ἾΤ’”’,

213 388 307 450 569
1623 395 2070 458 DEDICATIO.

216 522 338 586 ὄνθος
382 525 581 600 στυγνὸν
639 525 858 600 κρίνων,
911 523 1092 604 ἕτερον
1151 529 1352 600 τρόπον
1413 535 1788 605 μετριοπαθῶν

1904 535 2068 606 gines
2091 533 2228 600 sint,
2256 547 2573 604 purpuram
2602 531 2791 601 ipsam
2824 545 2928 600 pro
2960 527 3173 583 vilibus
3209 525 3417 598 pannis
3447 525 3550 580 ha-

213 619 302 674 ταῖς
324 613 610 688 εὐπραγίαις
645 613 858 688 μᾶλλον
885 619 973 684 ἧς,
1008 618 1120 696 οὐχ
1150 618 1223 682 ὡς
1254 621 1303 673 οἱ
1339 619 1788 689 πολ).οἰ,τούτοις

210 703 600 776 πιριγαννύμενός
648 725 706 758 τε
761 706 850 760 καὶ
905 707 1326 783 φρυαττόμενος,
1387 707 1456 763 δι’
1514 710 1590 764 ὧν
1645 705 1788 787 ἔρρει

211 791 284 859 μὲν
306 789 426 844 πολὺ
455 797 566 864 Θεῷ
596 795 659 848 τὸ
701 791 1022 870 εὐχάριστον
1053 814 1066 827 ⁸
1121 793 1416 872 φαιδρότης
1449 794 1496 851 δ’
1548 800 1615 866 ἦν
1647 799 1790 870 ὁμοῦ

207 880 592 955 καὲπανιίγυρις,
635 881 778 938 πολὺ
825 883 888 938 τὸ
935 887 1098 957 γάνος
1130 890 1248 946 ταῖς
1297 887 1544 942 ἁπάντων
1595 886 1790 942 ένιεῖσα

205 971 378 1042 ψυχαῖς.
427 975 536 1026 Τῶν
598 973 700 1046 γὰρ
757 973 990 1048 ἀρίστων
1043 976 1136 1030 καὶ
1193 976 1448 1048 γενναίων
1501 975 1652 1051 ε’ίπερ
1706 999 1789 1040 τις

205 1056 396 1128 μάλιστα
425 1057 514 1130 ὢν,
547 1059 768 1134 οὐδαμῆ
803 1065 850 1116 τ’
880 1062 1145 1119 ἐκκλίνων
1177 1070 1296 1128 τοῖς
1328 1068 1404 1137 μή
1437 1068 1786 1137 καθήκουσιν,

202 1145 298 1202 ἀλλ’
322 1145 532 1223 ἑδραίους
567 1151 719 1224 μάλα
748 1153 886 1227 πρὸς
918 1153 1058 1209 ἅπαν
1089 1151 1234 1232 ἔχων
1268 1156 1329 1209 τὸ
1373 1155 1788 1228 ἐπαινούμενον,

200 1235 352 1312 λόγοις
395 1240 706 1316 φρονήσεώς
734 1263 792 1297 τε
840 1244 954 1314 ἅμα
980 1241 1070 1298 καὶ
1117 1244 1370 1318 κρίσεως,
1411 1246 1546 1319 πρὸς
1597 1242 1653 1300 δὲ
1699 1245 1787 1300 καὶ

195 1329 256 1394 τῷ
283 1325 537 1402 φιλοτίμῳ
566 1330 690 1404 περί
721 1330 786 1384 τὰ
823 1328 1094 1387 κάλλιστα
1137 1335 1310 1387 πάντα
1341 1334 1481 1403 ἦσθα
1528 1331 1788 1408 διαπρατ-

194 1415 405 1484 τὸμενος,
435 1415 578 1480 εἶδος
615 1419 710 1491 μὲν
743 1419 899 1483 εὐθὺς
929 1415 1386 1496 προϐεϐλημένος
1421 1425 1564 1492 ἄξιον
1595 1441 1786 1496 τυραν-

191 1500 329 1572 νίδος,
353 1507 528 1582 ψυχήν
562 1504 623 1562 δέ
655 1505 806 1580 μάλα
835 1509 999 1578 ἤπιός
1026 1531 1108 1572 τις
1138 1509 1212 1564 ὢν
1243 1512 1332 1565 καὶ
1373 1511 1786 1586 φιλάνθρωπος,

192 1591 313 1654 εὐθὺς
341 1593 438 1650 amb
472 1597 798 1671 βλέμματος
827 1601 1031 1661 πάντας
1061 1599 1136 1661 ὡς
1179 1601 1347 1656 εἰπεῖν
1392 1598 1737 1673 δεξιούμενος
1769 1619 1784 1634 ⁸

190 1679 281 1748 ἤθει
307 1681 368 1754 δή
396 1705 498 1739 τινι
546 1688 682 1760 ξένῳ
726 1690 814 1742 καὶ
865 1695 984 1751 ταῖς
1016 1689 1075 1744 ἐκ
1119 1695 1225 1745 τῶν
1277 1689 1456 1765 λόγων
1490 1690 1678 1764 χάρισί
1728 1711 1786 1744 τε

190 1771 254 1823 καὶ
291 1769 472 1848 inﬁt-1,
517 1774 614 1830 ⁹ίσα
653 1779 745 1831 καὶ
789 1783 1062 1851 ποταμοῖς
1112 1777 1313 1854 ῥέουσι,
1372 1783 1575 1839 πάντας
1629 1778 1786 1852 ἐξαρ-

1897 627 2064 689 hens,
2098 623 2418 692 ﬂoremque
2441 622 2564 690 ejus
2594 620 2900 674 molestum
2925 623 2982 673 et
3005 617 3235 672 tristem
3255 616 3548 686 judicans,

1901 713 2262 766 moderatum
2297 725 2443 764 novo
2475 711 2728 778 quodam
2763 707 2930 761 modo
2962 705 3019 760 in
3054 707 3223 761 rebus
3274 703 3550 759 secundis

1901 801 2160 855 animum
2194 797 2498 854 oblinuisti
2535 815 2547 852 :
2596 811 2956 868 nequaquam
3003 795 3108 862 eis,
3165 794 3336 848 sicuti
3379 790 3550 862 pleri-

1901 906 2032 961 que.
2067 887 2367 943 exsultans
2406 898 2579 956 atque
2619 886 2986 955 superbiens.
3019 886 3153 946 Quae
3205 890 3304 937 tua
3349 884 3552 936 mode-

1899 979 2046 1034 ratio
2068 977 2313 1032 maxime
2343 979 2451 1031 Deo
2473 981 2638 1047 grata
2661 975 2798 1028 fuit:
2824 975 3022 1028 eadem
3048 988 3280 1044 quoque
3306 971 3550 1042 publicae

1899 1067 2110 1123 laetitia
2133 1078 2188 1122 et
2213 1066 2575 1122 solemnibus
2605 1065 2989 1119 conventibus
3023 1077 3258 1117 causam
3284 1059 3549 1131 prabuit,

1900 1158 2148 1212 multam
2173 1156 2390 1211 animis
2409 1155 2672 1209 omnium
2691 1155 3041 1223 voluptatem
3058 1148 3546 1206 immittens.Cum

1900 1261 2148 1317 namque
2179 1246 2441 1316 optimus
2470 1250 2527 1298 et
2557 1259 2732 1314 supra
2762 1241 2908 1296 alios
2941 1239 3189 1294 maxime
3232 1253 3548 1310 generosus

1897 1353 2082 1403 esses,
2103 1335 2557 1405 haudquaquam
2588 1333 2660 1388 ad
2696 1348 2786 1387 res
2819 1332 3016 1386 minus
3065 1329 3336 1384 decentes
3369 1325 3549 1382 decli-

1898 1427 2050 1481 uasti
2077 1443 2089 1480 :
2115 1442 2312 1480 verum
2337 1430 2670 1479 constanter
2689 1423 2745 1476 iu
2771 1419 3204 1476 factislaudatis
3223 1415 3549 1489 perstitisti,

1898 1518 2220 1589 prudentiae
2245 1517 2466 1573 scilicet
2485 1515 2764 1584 etjudicii
2790 1514 3109 1589 rationibus
3130 1511 3440 1567 adductus.
3459 1507 3548 1563 In-

1898 1625 2072 1680 super
2101 1623 2234 1663 vero
2257 1608 2410 1662 circa
2433 1587 2856 1678 pulcherrimas
2880 1619 3062 1674 quaeq
3074 1617 3144 1656 ue
3168 1616 3258 1656 res
3277 1598 3547 1653 ambitio-

1893 1713 2018 1764 sus,
2055 1697 2161 1751 rite
2210 1696 2410 1750 omnia
2453 1699 2630 1764 atque
2675 1693 2880 1747 ordine
2931 1689 3224 1761 peregisti.
3274 1687 3543 1742 Formam

1897 1788 2183 1857 siquidem
2215 1791 2387 1856 atque
2418 1783 2682 1838 habitum
2736 1799 2846 1852 prae
2897 1787 2953 1836 te
3000 1781 3189 1834 terens
3237 1776 3546 1848 tyrannide

185 1865 286 1973 τῶν,
315 1865 546 1973 καθάπερ
595 1889 680 1930 τις
711 1865 861 1930 λίθος
910 1871 1187 1946 μάγνησσα
1233 1872 1301 1926 τὰ
1351 1869 1596 1942 σιδήρια.
1637 1869 1784 1924 Κάλ-

1899 1876 2160 1946 dignum,
2193 1873 2388 1928 animo
2423 1872 2579 1926 mitis
2601 1870 2914 1926 admodum
2937 1873 3110 1938 atque
3131 1867 3427 1921 humanus
3455 1879 3542 1929 es,

188 1948 336 2006 λιστον
361 1950 416 2008 δέ
445 1977 529 2010 σοι
577 1960 669 2010 καὶ
698 1959 761 2013 τὸ
810 1963 972 2033 σῶμα
999 1959 1374 2032 προσέπλασεν
1415 1963 1450 2030 ἠ
1497 1965 1604 2015 τῶν
1637 1957 1783 2014 ὅλων

185 2039 438 2115 pingui
485 2045 539 2107 ἐς
591 2047 870 2123 ὑπεροχὴν
923 2048 1242 2125 διαπρέπον,
1276 2052 1349 2114 ὡς
1404 2049 1464 2106 ἅν
1510 2072 1594 2112 τις
1635 2050 1788 2106 εἰκά-

183 2147 311 2200 σειεν,
339 2131 397 2186 οὐ
449 2135 722 2208 βασιλέων
772 2139 960 2210 μόνον,
996 2139 1140 2194 ἀλλὰ
1181 2140 1271 2195 καὶ
1319 2141 1534 2195 πάντων
1584 2138 1789 2213 ἀνθρώ-

181 2237 272 2272 πων
314 2219 520 2297 σχεδόν.
575 2225 834 2290 Κάλλους
881 2225 1020 2283 ἰδέῒί
1067 2231 1214 2285 εἶπεν
1263 2229 1324 2285 ἄν
1389 2228 1445 2284 σέ
1499 2249 1604 2296 τις,
1655 2227 1790 2282 κατά

179 2306 427 2408 Πλάτωνα,
476 2315 656 2386 πάσης
707 2318 1017 2394 ἀρχέτυπον
1061 2319 1420 2394 ὡραιότητος.
1457 2318 1635 2394 ’ἰσχὺς
1685 2320 1787 2394 γὰρ

177 2416 246 2449 7-11
273 2398 445 2474 ῥώμη,
475 2404 566 2458 καί
600 2405 908 2480 συμμετρία
943 2412 1144 2482 μερῶν,
1183 2410 1270 2463 καὶ
1320 2409 1525 2482 ῥυθμὸς
1575 2405 1786 2480 μελῶν,

175 2486 246 2540 καὶ
287 2487 439 2555 ἄνθος
487 2493 634 2568 ὥρας
685 2495 1008 2571 ἁπανταχοῦ
1058 2496 1452 2570 συνδραμόντα,
1502 2498 1789 2572 ὑπερφυῶς

172 2589 358 2648 αρῑπην
404 2588 596 2656 κρᾶσιν
651 2584 740 2639 καὶ
789 2585 1055 2659 ἁρμονίαν
1101 2609 1188 2642 σοι
1239 2586 1639 2656 διασώζουσιν,
1672 2582 1790 2637 ὥσ-

277 2665 322 2720 ἐν
370 2669 582 2744 ἑκάστῳ
629 2693 718 2727 σοι
765 2676 1228 2748 παρακαθημένης
1278 2683 1379 2746 τῆς
1431 2675 1666 2753 φύσεως,
1697 2693 1794 2760 καὶ

171 2749 335 2827 λόγους
393 2758 607 2834 μέτρων
667 2763 757 2816 καὶ
819 2767 1086 2840 μεγεθῶν,
1150 2765 1425 2840 εὐτέχνως
1502 2766 1640 2819 ἅπαν
1703 2749 1794 2842 καξ

171 2843 279 2944 ξατᾶ
321 2845 480 2944 λύραν
535 2847 696 2915 δῆθεν
727 2853 828 2922 τήν
874 2855 1148 2924 συνθήκην
1195 2853 1608 2929 ἁρμοζομένης.
1657 2853 1770 2908 ὥστ

170 2932 237 3030 ἰπὶ
261 2935 337 2988 σοὶ
366 2933 431 3006 δή
464 2940 557 2992 καὶ
603 2941 757 3014 μόνῳ
786 2941 875 2996 καὶ
915 2944 1014 3010 τὴν
1055 2945 1244 3012 κοινήν
1289 2943 1447 3022 φύσιν
1488 2943 1792 3018 κομπάζειν

169 3028 434 3123 έχξίνρίοῖς
481 3029 772 3092 τοσούτοις
823 3032 1004 3105 βρύων
1045 3039 1166 3095 τοῖς
1215 3032 1434 3109 ἀγαθοῖς
1482 3033 1790 3108 προῆλθες,

168 3112 458 3185 τοῦγένους
512 3117 592 3180 ὡς
641 3117 814 3172 εἰπεῖν
866 3117 1241 3194 φιλοτίμημα.
1294 3122 1392 3177 Καὶ
1441 3123 1620 3178 τοίνυν
1672 3121 1795 3178 ἐπί“

168 3217 307 3286 μονον
363 3206 594 3274 ἀσκησιν
655 3206 747 3261 σὺν
809 3206 908 3262 οὐκ
965 3211 1142 3286 ἀγενεῖ
1193 3209 1474 3285 προθυμίᾳ
1528 3215 1636 3266 τῶν
1688 3231 1788 3266 κα-

168 3284 256 3340 λῶν
299 3310 353 3345 τε
397 3292 656 3368 κάγαθῶν
707 3299 930 3371 προθεὶς
989 3277 1182 3370 ἐαυτῷ,
1236 3277 1476 3375 ¹ἠὗρ’-ἧς
1531 3299 1782 3374 ἄντικρυς
1817 3277 1860 3344 C

169 3375 361 3451 Ῡλέγον,
423 3383 457 3452 ἢ
515 3381 754 3447 πέλεκυς
829 3385 1067 3450 κόπτων,
1126 3389 1160 3457 ἤ
1231 3409 1314 3450 τις
1385 3394 1584 3465 σφαῖρα
1650 3389 1788 3446 κατὰ

168 3473 412 3556 πρανοῦς·
471 3473 642 3528 ἅπασι
693 3476 788 3547 μὲν
849 3477 1160 3552 προσέχων,
1216 3478 1390 3532 πάντα
1447 3477 1492 3534 δ’
1543 3478 1788 3556 εὐχερῶς

168 3559 223 3626 τῇ
273 3554 477 3633 διανοίᾳ
527 3562 880 3638 παραδιδούς.
929 3569 994 3622 ’Δ
1047 3565 1092 3622 δ’
1139 3567 1358 3642 εἰσάπαξ
1405 3554 1645 3625 διελθεῖν
1691 3569 1784 3646 γέ-

167 3664 311 3746 torui,
351 3651 496 3746 οὕτω
546 3657 617 3728 τῇ
671 3657 863 3731 μνήμῃ
909 3653 1270 3734 διακατεῖχες,
1319 3659 1392 3721 ὡς
1441 3657 1492 3713 ἐν
1545 3659 1786 3738 χαλκαῖς

172 3740 546 3836 ξοηῖνμπίναξι
595 3747 746 3836 ταῦτ’
795 3745 1160 3826 ἐγγεγράφθαι
1204 3753 1322 3812 ταῖς
1365 3755 1467 3818 τῆς
1519 3757 1618 3818 σῆς
1660 3769 1787 3824 καρ-

171 3821 482 3932 ξξαςφπλαξίν
515 3849 530 3862 '
567 3831 710 3932 οὕτω
759 3855 845 3932 σοι
883 3835 946 3932 τί)
999 3843 1127 3932 τῆς-
1153 3840 1375 3932 μνήμης
1424 3833 1677 3916 ἕῤῥωται.
1709 3821 1784 3912 Τῇ

172 3915 211 3965 δ’
241 3915 301 3970 αὖ
345 3927 608 3998 προσοχῇ
655 3944 713 3979 τι
759 3925 850 3980 καὶ
903 3925 1168 4002 ἀγχινοίᾳ
1211 3928 1520 4002 ἐπιστήμης
1575 3931 1786 3998 ἁπάσης

171 4007 401 4111 κξείττιῖιν
431 4012 513 4111 ’ἐν
595 4013 796 4090 βραχεῖ
867 4013 1223 4090 διεδείκνυσο,
1293 4019 1500 4093 μεγέθει
1575 4020 1787 4098 φύσεως

169 4101 319 4160 πάσα(
346 4101 398 4156 έν
431 4103 616 4176 ἒ(πῖθ’τῷ
664 4106 754 4160 καὶ
801 4106 997 4171 ταύτας
1049 4107 1228 4186 ἔργοις
1271 4108 1649 4185 παραδεικνὺς,
1697 4110 1788 4166 καὶ

167 4191 382 4259 κρεῖττον
437 4189 589 4267 ἤπερ
631 4193 683 4248 οἱ
729 4193 986 4252 πλεῖστον
1043 4198 1244 4274 χρόνον
1287 4199 1507 4262 ταύταις
1557 4197 1794 4256 ἐκδαπα-

164 4275 412 4364 νήσαντες.
473 4283 753 4338 Ἐντεῦθεν
833 4307 919 4341 σοι
1003 4288 1066 4342 τὸ
1147 4287 1605 4364 περιεσκεμμένον
1694 4297 1800 4350 καὶ⁵

167 4370 356 4453 σξννουν
401 4370 481 4432 ὡς
528 4371 600 4427 τὰ
646 4373 854 4444 πολλὰ,
899 4377 990 4431 καὶ
1037 4378 1100 4432 τὸ
1148 4375 1242 4432 σὺν
1291 4375 1413 4448 ἤθει
1462 4380 1654 4453 χάριεν
1705 4376 1794 4434 καὶ

165 4449 484 4530 εὐπρόσιτον.
515 4463 796 4519 Ἐντεῦθεν
850 4467 885 4535 ἡ
935 4466 1071 4522 κατᾶ
1112 4471 1221 4523 τῶν
1269 4474 1370 4538 τῆς
1413 4469 1625 4542 φύσεως
1675 4469 1799 4523 θεσ..

168 4548 266 4610 μῶν
296 4548 382 4602 καὶ
429 4557 538 4622 τῆς
571 4562 893 4626 σωματικῆς
936 4557 1174 4633 ἀνάγκης
1211 4561 1318 4613 τῶν
1373 4557 1566 4633 βιαίων
1618 4559 1798 4614 πόνων

1897 1970 2210 2034 conspectu
2243 1963 2369 2033 ipso
2400 1962 2594 2016 statim
2625 1976 2852 2027 omnes,
2878 1963 2940 2012 ut
2962 1959 3040 2013 ita
3060 1956 3274 2023 dicam,
3296 1955 3544 2024 benigne

1899 2052 2211 2122 excipiens,
2231 2058 2288 2108 et
2311 2067 2455 2106 novo
2490 2051 2742 2120 quodam
2772 2063 2948 2113 more,
2982 2045 3380 2115 orationisque
3426 2047 3542 2097 tuas

1898 2143 2090 2215 gratia
2103 2139 2596 2212 atqueillecebris,
2614 2137 2874 2192 ﬂuminis
2896 2140 3082 2192 instar
3098 2132 3540 2206 proﬂuenlibus,

1902 2233 2226 2298 universos,
2254 2230 2488 2302 perinde
2502 2235 2679 2301 atque
2705 2243 2944 2300 magnes
2973 2225 3121 2296 lapis
3143 2225 3381 2292 ferrum,
3404 2239 3544 2278 sus-

1905 2341 2114 2393 pensos
2145 2321 2873 2379 tenens.Decentissimum
2897 2335 3027 2374 vero
3049 2333 3278 2388 quoque
3300 2315 3402 2370 tibi
3423 2329 3546 2372 cor-

1904 2431 2012 2485 pus
2041 2417 2098 2468 et
2126 2410 2678 2468 excellentissimum
2711 2425 2903 2464 rerum
2934 2408 3338 2462 universarum
3361 2401 3548 2459 archi-

1902 2503 2111 2558 tectrix
2133 2507 2343 2556 natura
2357 2499 2974 2566 conformavit,utsane
2991 2495 3282 2567 quispiam
3302 2495 3339 2548 ἴ
3361 2489 3547 2548 existi-

1903 2599 2041 2659 met,
2063 2608 2175 2647 non
2201 2592 2525 2663 principum
2551 2589 2764 2654 solum,
2784 2588 2882 2642 sed
2905 2586 3076 2641 etiam
3101 2584 3404 2638 hominum
3431 2582 3549 2636 fere

1901 2685 2164 2740 omnium
2199 2691 2253 2738 te
2284 2683 2563 2738 absoluta:
2598 2681 2788 2734 formae
2811 2677 3001 2730 ideam
3030 2681 3204 2744 atque
3224 2669 3548 2742 specimen.

1899 2779 2064 2847 juxta
2095 2773 2414 2838 Platonem,
2432 2777 2488 2826 et
2507 2768 2826 2825 venustatis
2855 2767 3046 2822 omnis
3061 2765 3437 2833 archetypum
3463 2767 3546 2815 at-

1903 2881 2019 2938 que
2050 2864 2388 2933 primarium
2409 2859 2705 2932 exemplar
2725 2873 2872 2914 esse.
2888 2856 3082 2910 Robur
3103 2855 3341 2920 insuper
3360 2858 3418 2906 et
3441 2850 3551 2905 for-

1903 2955 2090 3009 titudo
2109 2951 2392 3024 corporis,
2408 2949 2777 3022 partiumque
2789 2945 3052 3000 omnium
3075 2947 3132 2996 et
3155 2939 3548 2994 membrorum

1906 3042 2218 3116 preportio,
2249 3047 2498 3113 aptaque
2528 3044 2586 3093 et
2614 3040 2933 3106 temperata
2982 3029 3341 3096 constitutio,
3365 3027 3552 3083 aetatis

1903 3149 2136 3205 quoque
2149 3137 2252 3188 ﬂos
2269 3137 2325 3186 et
2345 3129 2528 3202 vigor,
2543 3126 2742 3181 omnia
2760 3123 2932 3178 simul
2946 3119 3552 3187 concurrentia,supra

1903 3239 2078 3294 quam
2111 3221 2224 3277 dici
2257 3224 2468 3291 potest,
2497 3215 2778 3288 Optimam
2809 3214 2868 3268 in
2899 3217 2956 3268 te
2984 3209 3303 3265 coniiciunt
3325 3214 3546 3277 tempe-

1901 3322 2154 3371 raturam
2177 3318 2234 3369 et
2260 3308 2626 3368 harmoniam
2645 3325 2660 3364 :
2682 3304 2837 3361 haud
2864 3302 3028 3358 aliter
3048 3315 3225 3370 quam
3240 3297 3289 3353 si
3305 3297 3362 3352 in
3387 3301 3548 3367 parte

1899 3405 2160 3479 qualibet
2189 3409 2396 3459 natura
2441 3399 2549 3454 tibi
2599 3411 2850 3465 praesens
2907 3390 3178 3455 insideat,
3235 3403 3545 3442 mensura-

1895 3676 2049 3729 tione
2067 3669 2600 3742 compositioneque
2617 3659 3164 3720 convenientissima
3187 3655 3538 3710 conformat:

1897 3764 2040 3818 adeo
2073 3765 2138 3815 ut
2167 3760 2226 3814 in
2259 3764 2312 3813 te
2345 3773 2480 3820 uno,
2513 3759 2746 3826 propter
2775 3755 2858 3806 tot
2903 3752 2960 3804 et
3004 3751 3187 3813 tanta,
3220 3761 3348 3816 quae
3379 3743 3440 3797 in
3485 3753 3541 3798 te

1897 3850 2224 3910 scantentia
2253 3844 2544 3920 protulisti
2568 3845 2740 3908 bona,
2755 3837 3084 3896 communis
3103 3841 3237 3890 natu
3247 3851 3308 3889 ra
3320 3833 3540 3904 jactare

1897 3959 1962 4000 se
2027 3946 2081 3998 et
2149 3937 2385 4010 gloriari
2451 3934 2649 4004 possit,
2707 3938 2987 4000 tanquam
3051 3922 3540 3982 excellentissimo

1898 4031 2130 4104 generis
2161 4026 2364 4093 nostri,
2408 4029 2475 4080 ut
2511 4024 2594 4078 ita
2639 4020 2854 4086 dicam,
2885 4015 3148 4084 denario,
3179 4013 3238 4068 in
3286 4028 3402 4083 quo
3439 4010 3541 4065 illa

1901 4100 2358 4179 muniﬁcentiam
2409 4129 2576 4170 suam
2625 4107 2947 4166 ostentarit.
3000 4106 3200 4175 Itaque
3255 4100 3543 4158 constanti

1902 4209 2170 4268 exercitio
2218 4220 2413 4262 rerum
2459 4204 2838 4258 honestarum
2888 4201 2945 4253 et
2993 4193 3542 4268 pulcherrimarum,

1903 4318 2036 4360 cum
2065 4313 2346 4373 generosa
2375 4291 2552 4349 animi
2584 4288 2882 4346 alacritate
2911 4285 3019 4342 tibi
3051 4283 3366 4356 proposito,
3395 4281 3547 4354 ignis

1905 4393 2075 4466 plane
2103 4389 2335 4454 ardens,
2365 4389 2468 4438 aut
2513 4377 2732 4438 securis
2779 4378 3099 4441 diseecans,
3151 4376 3254 4429 aut
3293 4374 3546 4445 sphaera,

1909 4461 2062 4555 quod
2097 4477 2328 4542 dicitur,
2360 4489 2463 4530 seu
2495 4471 2704 4542 globus
2733 4469 2969 4539 quidam
3019 4481 3120 4536 per
3148 4461 3545 4555 praecipitium

1910 4549 2112 4628 f-uisti:
2164 4566 2432 4624 omnibus
2481 4557 2896 4632 cognoscendis
2945 4553 3312 4619 incumbens,
3347 4549 3546 4605 omnia

165 4634 462 4725 ᾗτυραννίς
511 4663 575 4698 τε
621 4645 712 4698 καὶ
759 4643 1092 4722 ἐπικράτεια,
1125 4648 1215 4704 καὶ
1259 4651 1294 4719 ἠ
1343 4657 1443 4720 τῆς
1495 4651 1789 4725 βασιλικῆς

1899 4662 2077 4720 etiam
2110 4655 2276 4712 facile
2298 4657 2494 4708 mente
2515 4649 2868 4719 concipiens.
2891 4646 2959 4700 Et
2987 4659 3116 4716 quae
3136 4639 3316 4698 semel
3346 4638 3546 4694 audita

165 4721 425 4792 θεραπείας
471 4731 768 4808 ὑπεροψία,
797 4721 895 4790 καί
927 4734 1103 4794 τᾶλλα
1153 4759 1237 4793 σοι
1285 4743 1393 4794 τῶν
1439 4721 1790 4815 προτερημά-

162 4831 274 4883 των,
309 4819 444 4895 ὑπὲρ
486 4822 838 4897 ἀνθρωπίνην
867 4826 1024 4904 φύσιν
1071 4828 1160 4883 καὶ
1209 4822 1416 4884 ἔννοιαν
1462 4831 1641 4884 θεόθεν
1675 4829 1791 4884 ἐπι-

166 4907 434 4993 σπαρένται
469 4929 484 4943 ⁸
521 4912 735 4976 στάσεις
776 4915 1041 4990 πάννυχοί
1073 4937 1132 4971 τε
1176 4918 1266 4972 καὶ
1295 4919 1630 4993 πανημέριοι
1664 4937 1676 4951 ·
1725 4917 1792 4973 τὰ

167 4992 249 5061 μὲν
276 4996 630 5074 ἱλασκομένῳ
661 5003 811 5074 Θεὸν,
841 5003 911 5060 τὰ
948 5001 1006 5060 δὲ
1042 5009 1139 5060 τοῦ
1175 5011 1359 5062 κοινοῦ
1397 4992 1790 5082 προασπίζοντί

165 5087 320 5192 ⁴ξεριαὶ
367 5090 762 5162 θεμιστεύοντι.
794 5095 954 5149 Ὥστε
1003 5116 1060 5150 σε
1096 5094 1222 5158 τοὺς
1269 5097 1509 5172 ὁρῶντας
1557 5096 1656 5152 οὐκ
1705 5097 1793 5152 ἄν·

172 5187 185 5192 -
201 5190 213 5192 _
438 5173 468 5192 ο
491 5178 535 5192 0‘
553 5178 573 5192 ς
729 5175 753 5192 υ
963 5183 974 5192 ι
989 5184 1002 5192 .
1027 5183 1044 5192 ι
1066 5185 1080 5192 μ
1139 5184 1154 5192 -
1200 5183 1222 5192 Α
1305 5186 1316 5192 -
1525 5184 1541 5192 μ
1565 5184 1580 5192 μ
1756 5191 1775 5192 η

166 5173 240 5245 δρῖ
289 5173 669 5250 παραϐάλλειν
725 5175 894 5258 ἔχειν,
951 5183 1080 5240 ἀλλ’
1129 5183 1406 5257 ἀνδριάντι
1447 5184 1682 5260 μᾶλλον,
1711 5191 1791 5260 τῷ

165 5265 283 5336 πρὸς
314 5270 470 5346 ῥῖγος
504 5269 596 5324 καὶ
629 5270 813 5348 φλόγα
843 5269 1275 5350 διαμαχόμενον,
1305 5275 1396 5334 ἕνα
1435 5279 1523 5334 καὶ
1562 5280 1654 5335 τὸν
1685 5279 1792 5335 αὐ-

163 5352 244 5444 τὸν
264 5354 313 5410 ὲν
343 5363 508 5413 πᾶσιν
539 5359 674 5415 εἶναι
713 5361 1014 5436 ἀναίματον,
1047 5363 1229 5442 ὥσπερ
1269 5368 1358 5422 καὶ
1389 5369 1525 5444 πρὸς
1563 5369 1660 5431 τὰς
1688 5375 1790 5438 τῆς

166 5443 382 5516 φύσεως,
435 5447 616 5522 ῥοπὰς
665 5449 1092 5530 ἆπαρὲγκλιτον,
1135 5460 1266 5511 πᾶσι
1319 5443 1790 5530 μένγὸμιλοῦντα,

162 5537 266 5622 τοῖς
294 5540 421 5590 πᾶσι
462 5534 526 5592 δὲ
553 5541 621 5594 τά
657 5542 830 5596 πάντα
865 5543 954 5598 καί
984 5551 1237 5601 παντοῖον
1288 5547 1574 5622 γινόμενον
1608 5589 1620 5602 .
1654 5545 1788 5616 ἡδὺν

164 5621 298 5689 μάλα
324 5627 415 5681 καὶ
447 5627 642 5701 ἤπιον,
685 5629 904 5704 πολλήν
936 5654 995 5688 τε
1042 5635 1130 5689 καὶ
1178 5621 1428 5710 ἄκρατον,
1461 5639 1596 5692 κατὰ
1638 5635 1792 5694 Πλά-

163 5727 315 5786 τωνα,
376 5717 479 5786 τήν
539 5716 848 5795 ἐλευθερίαν
902 5727 1018 5785 τοῖς
1079 5725 1344 5796 ὑπηκόοις
1422 5727 1790 5798 οἰνονοοῦντα,

1901 4751 1988 4807 vel
2022 4753 2167 4804 lecta
2195 4743 2396 4812 discis,
2421 4747 2540 4796 tam
2581 4738 2770 4796 tenaci
2812 4734 3096 4791 memoria
3117 4728 3541 4802 complecteris,

1901 4847 1966 4896 ut
1985 4841 2044 4894 in
2078 4835 2280 4893 ferreis
2313 4829 2722 4904 pugillaribus,
2745 4842 2876 4897 qua)
2907 4823 2966 4878 in
2995 4820 3188 4878 cordis
3211 4818 3295 4875 tui
3325 4814 3544 4874 tabulis

1893 4925 2324 4996 conscripsisti,
2380 4921 2566 4978 incisa
2613 4932 2742 4974 esse
2790 4915 3135 4973 videantur;
3187 4914 3310 4966 tam
3358 4905 3545 4964 solida

1895 5021 2181 5088 ﬁrmaque
2233 5013 2340 5070 tibi
2394 5016 2480 5068 est
2538 5006 2838 5065 memoria.
2892 5005 3062 5059 Porro
3122 4998 3441 5056 attentione
3489 4999 3546 5052 et

1895 5086 2107 5164 mentis
2190 5101 2524 5176 sagacitate,
2612 5094 2942 5154 scientiam"
2996 5097 3053 5146 et
3152 5086 3541 5146 eruditionem

1893 5212 2128 5252 omnem
2170 5194 2328 5248 brevi
2379 5185 2693 5262 superasti,
2727 5189 2950 5239 natura:
2994 5176 3396 5248 magnitudine
3441 5190 3542 5230 eas

1894 5286 2138 5342 virtutes
2195 5285 2437 5339 cunctas
2482 5295 2541 5334 re
2582 5278 2712 5346 ipsa
2754 5272 3080 5330 exhibens:
3123 5268 3301 5338 idque
3333 5265 3544 5321 melius

1893 5373 2098 5442 multo,
2129 5387 2301 5444 quam
2335 5367 2434 5440 qui
2466 5362 2808 5436 longissimo
2823 5359 2996 5416 etiam
3023 5362 3283 5429 tempore
3303 5369 3540 5426 operam

1893 5463 2011 5520 illis
2044 5463 2354 5518 navarunt.
2405 5456 2568 5513 Unde
2616 5453 2718 5508 illa
2772 5456 2872 5507 tua
2927 5452 3014 5505 est
3071 5444 3434 5519 providentia
3489 5449 3547 5500 et

1896 5553 2108 5608 usitata
2183 5549 2397 5606 mentis
2461 5541 2869 5608 consideratio,
2931 5553 3155 5595 necnon
3224 5533 3544 5608 singularis

1897 5657 2121 5696 morum
2161 5637 2344 5710 gratia
2373 5638 2430 5692 et
2459 5631 2786 5689 affabilitas.
2839 5628 3001 5687 Unde
3038 5626 3219 5684 etiam
3264 5624 3545 5682 violento-

1895 5746 2036 5788 rum
2087 5728 2354 5787 laborum
2429 5726 2636 5783 contra
2684 5725 2904 5780 naturae
2959 5720 3118 5793 leges
3165 5724 3224 5777 et
3284 5718 3545 5794 corporis

3433 349 3572 451 570x
3605 396 3607 398 ·
3641 423 3703 479 χ

3779 311 3844 352 \.

3706 482 3721 493 ἱ

3731 505 3910 648 \,

3897 647 3910 661 Ν
