3982 6216
487 355 604 416 571

487 491 892 562 necessitates,
915 494 1178 566 tyrannis
1206 494 1470 566 quedam
1503 498 1558 550 et
1587 494 1906 552 dominatio
1934 493 2130 566 impe-

489 581 766 652 rialisque
797 600 923 656 quas
956 583 1060 638 tibi
1094 588 1400 656 prestatur
1448 583 1822 641 observantiae
1871 589 2134 640 contem-

490 676 648 741 ptus,
681 677 859 742 atque
891 673 1016 728 aliae
1046 673 1282 746 insuper
1313 673 1604 744 primariae
1652 673 1916 737 virtutes,
1961 691 2134 742 supra

492 765 709 815 natura:
741 761 1011 818 humanae
1043 768 1274 833 captum
1308 762 1584 818 divinitus
1616 763 1718 819 tibi
1752 763 1954 818 insitae.
1982 763 2132 826 Qua-

485 847 566 904 les
600 856 740 906 sunt
779 857 836 906 et
866 858 1164 908 nocturnae
1205 857 1260 908 et
1290 852 1511 908 diurna:
1555 853 1851 921 stationes,
1884 869 2014 908 cum
2047 851 2134 909 vel

486 937 666 994 Deum
701 940 1064 996 orationibus
1097 939 1312 1012 placas,
1345 940 1433 996 vel
1466 958 1568 1012 pro
1601 941 1900 1013 republica
1932 941 2133 996 defen-

485 1023 676 1080 denda
731 1029 1006 1094 excubas,
1063 1030 1150 1082 vel
1204 1030 1374 1085 etiam
1429 1031 1567 1100 jura
1624 1031 1846 1086 civibus
1894 1031 2130 1086 reddis:

481 1111 562 1168 ita
593 1120 654 1170 ut
685 1115 785 1186 qui
814 1121 871 1172 te
901 1118 1292 1189 conspiciunt,
1347 1135 1460 1176 non
1501 1121 1620 1176 viro
1680 1123 1755 1190 te,
1789 1121 1889 1175 sed
1942 1120 2134 1192 potius

483 1203 594 1260 viri
637 1211 840 1263 statuae
894 1210 1210 1272 conferant.
1259 1209 1443 1281 frigus
1492 1227 1562 1265 ex
1608 1227 1772 1282 aequo
1815 1215 1873 1266 et
1921 1215 2130 1267 aestum

482 1293 776 1354 toleranti.
801 1296 998 1369 Usque
1019 1299 1160 1355 adeo
1183 1302 1238 1354 te
1267 1315 1448 1354 unum
1474 1304 1652 1371 atque
1672 1301 1942 1355 eumdem
1966 1301 2024 1356 in
2047 1300 2132 1356 eis

482 1385 757 1443 omnibus
789 1389 1030 1458 praabes,
1063 1394 1342 1460 tanquam
1373 1388 1676 1457 invictum,
1709 1394 1766 1444 et
1803 1390 1874 1444 ad
1907 1394 2133 1446 natura;

483 1479 778 1531 momenta
807 1476 1201 1533 immobilem:
1236 1494 1369 1534 cum
1405 1479 1676 1534 omnibus
1709 1480 1944 1551 quidem
1971 1479 2128 1533 fami-

482 1561 664 1620 liarus
735 1565 1049 1634 viventem,
1108 1569 1384 1623 omnibus
1443 1577 1636 1624 autem
1694 1573 1750 1623 te
1801 1569 2018 1632 omnia,
2075 1573 2130 1624 et

481 1653 863 1724 omnigenum
896 1655 943 1710 8
987 1673 1344 1726 suavemque
1398 1658 1717 1714 admodum
1751 1665 1803 1714 et
1837 1657 2128 1727 placidum

483 1743 871 1814 exhibentem,
929 1747 1290 1817 multamque
1344 1751 1520 1819 atque
1577 1764 1704 1802 eam
1754 1763 1976 1802 meram
2037 1757 2130 1803 al—

484 1849 595 1903 que
627 1833 934 1902 sinceram,
985 1841 1049 1891 ut
1092 1837 1248 1908 apud
1305 1836 1601 1892 Platonem
1653 1843 1758 1902 est,
1804 1837 2123 1892 libertatem

477 1922 754 1990 subditis,
793 1919 1032 1994 perinde
1081 1934 1252 1996 atque
1300 1925 1498 1980 vinum
1551 1928 1996 1995 temperantem.
2047 1930 2124 1980 Ac

478 2011 657 2066 veluti
691 2013 840 2068 inter
861 2031 1031 2070 curas
1056 2020 1113 2070 et
1142 2014 1370 2070 labores
1415 2018 1607 2082 natus,
1638 2019 1918 2086 tanquam
1953 2013 2124 2068 babi-

482 2108 574 2156 lus
604 2119 806 2158 eorum
857 2105 915 2160 in
967 2110 1237 2159 naturam
1285 2103 1513 2170 abierit,
1547 2104 1734 2175 magis
1783 2105 1956 2159 etiam
2006 2103 2122 2158 illis

482 2191 808 2262 delectaris,
840 2209 1015 2264 quam
1049 2193 1145 2249 alii
1177 2195 1462 2262 socordia,
1497 2193 1721 2249 deliciis
1773 2197 1948 2264 atque
1993 2194 2124 2248 aliis

479 2279 791 2350 ejusmodi.
850 2283 1064 2354 quibus
1127 2293 1530 2352 assueverunt,
1579 2283 1819 2338 minime
1869 2283 2123 2338 laudatis

477 2370 705 2426 studiis.
752 2373 916 2444 Qupd
960 2373 1008 2428 si
1055 2373 1176 2430 hac
1214 2389 1442 2444 quoque
1489 2373 1737 2428 dicenda
1784 2383 1939 2439 sunt,
1989 2389 2123 2444 per-

477 2473 631 2530 saepe
661 2475 766 2530 ego
795 2466 851 2516 te
881 2461 996 2518 vidi
1028 2479 1141 2518 non
1192 2463 1454 2534 quotidie
1501 2462 1698 2518 cibum
1756 2467 2120 2530 sumentum,

473 2563 671 2604 verum
704 2558 756 2605 et
789 2551 954 2607 binos
984 2557 1040 2608 et
1078 2557 1274 2609 ternos
1318 2553 1714 2608 transmittere
1759 2553 1906 2621 dies,
1939 2553 2019 2607 ita
2059 2558 2126 2608 ut

477 2654 904 2711 nonnunquam
937 2642 1173 2712 quidem
1198 2641 1322 2698 solo
1346 2659 1494 2714 pane
1514 2641 1834 2699 etoleribus
1857 2641 2124 2709 incoctis,

473 2727 793 2798 aliquando
835 2746 970 2786 vero
1022 2733 1210 2801 pomis
1259 2733 1608 2803 quibusdam
1659 2731 1997 2788 vescereris.
2059 2733 2128 2786 Et

475 2822 732 2887 tempore
753 2818 1003 2888 plurimo
1035 2823 1156 2876 sola
1185 2838 1338 2892 aqua
1367 2821 1472 2878 tibi
1506 2827 1678 2892 potus
1728 2822 1855 2878 fuit.
1903 2820 2127 2884 Quibus

471 2905 747 2961 omnibus
787 2925 902 2963 non
955 2910 1025 2964 ad
1075 2909 1488 2966 sufﬁcientiam
1539 2915 1640 2965 aut
1687 2911 2017 2966 satietatem
2065 2926 2128 2966 es

471 3009 637 3061 usus,
670 2997 770 3051 sed
797 2997 1062 3053 celeriter
1091 3000 1330 3055 omnino
1355 3016 1422 3056 ea
1445 3001 1756 3071 degustata
1780 3016 1912 3056 mox
1935 3016 2128 3056 remo-

472 3084 589 3140 veri
615 3085 876 3156 juseisti,
908 3093 970 3144 ut
1000 3089 1217 3145 scilicet
1251 3107 1418 3146 mens
1446 3090 1549 3145 tibi
1597 3091 1817 3159 absque
1855 3091 2126 3157 sordibus

475 3174 726 3232 maxime
755 3192 900 3248 pura
930 3185 1314 3249 permaneret,
1340 3179 1830 3236 intellectualibus
1849 3182 2126 3254 spiritua-

1789 359 2214 434 NICEPHOBI
2253 360 2607 425 CALLISTI

3757 364 3852 424 572

2158 500 2213 564 Α
2247 495 2454 550 Ὡσανεὶ
2502 494 2602 569 γάρ
2651 514 2767 556 πως
2818 499 2937 558 ταῖς
2987 493 3230 571 φροντίσι
3279 494 3369 548 καὶ
3413 495 3604 554 κόποις
3651 493 3849 573 ἐμπεφυο

2243 584 2378 653 κὼς,
2423 584 2496 645 εἷς
2545 584 2705 661 φύσιν
2755 582 2937 660 ὥσπερ
2988 583 3076 638 ἐπὶ
3125 584 3294 638 ταῦτά
3343 603 3426 636 σοι
3483 583 3850 654 μεταπεσούσης

2244 679 2344 742 τῆς
2372 671 2556 743 ἕξεως,
2582 669 2796 750 ἔχαιρες
2827 673 3044 736 τούτοις
3071 670 3290 747 μᾶλλον
3319 673 3460 743 ἤπερ
3493 671 3655 728 ἄλλοι
3687 672 3854 748 ῥᾳστώ-

2242 784 2308 836 νῃ
2341 764 2430 817 καὶ
2480 769 2656 843 τρυφῇ
2706 764 2794 820 καὶ
2837 770 2953 825 τοῖς
2999 764 3267 824 τοιούτοις
3316 757 3777 836 κατατριϐόμενοι.
3807 763 3854 819 Εἴ

2245 848 2301 906 δέ
2333 850 2414 907 δεῖ
2442 854 2532 908 καὶ
2580 859 2748 909 ταῦτα
2796 852 2997 930 λέγειν,
3029 851 3167 908 εἶδον
3201 850 3308 927 ἒγώ
3355 873 3414 906 σε
3454 851 3719 912 πολλάκις
3751 849 3854 924 μηδ’

2243 940 2324 1020 ἐφ’
2369 942 2603 1012 ἑκάστης
2658 943 2870 1018 ἡμέρας
2916 944 3124 1018 τροφὴν
3177 943 3557 1017 προσιέμενον,
3601 939 3739 996 ἀλλά
3785 943 3855 995 καὶ

2245 1028 2446 1087 σύνδυο
2494 1034 2582 1087 καὶ
2634 1033 2872 1107 σύντρεις
2929 1039 3169 1108 προῆγες
3202 1053 3214 1065 ⁸
3275 1030 3350 1092 ὥς
3405 1051 3538 1085 ποτε
3597 1031 3690 1102 μὲν
3737 1027 3858 1103 ἄρτῳ

2244 1121 2398 1193 μόνῳ
2443 1119 2709 1196 λαχάνοις
2757 1123 2804 1178 τ’
2855 1123 3107 1197 ἀπύροις,
3158 1122 3328 1176 ἐνίοτε
3385 1118 3443 1176 δέ
3499 1122 3588 1174 καὶ
3647 1119 3859 1192 ὀπώραις

2243 1205 2308 1279 δή
2360 1231 2470 1264 τισι
2521 1207 2871 1266 διαιτᾶσθαι·
2917 1210 3008 1266 καὶ
3067 1210 3230 1264 ποτόν
3277 1231 3362 1264 σοι
3410 1207 3574 1282 μόνον
3622 1205 3760 1282 ὕδωρ
3787 1207 3856 1261 ἐπὶ

2239 1297 2498 1355 πλεῖστον
2554 1300 2753 1375 χρόνον
2829 1300 3113 1376 γινόμενον
3147 1319 3160 1334 ο
3215 1299 3304 1354 καὶ
3376 1298 3585 1353 τούτων
3652 1298 3748 1352 οὐκ
3795 1295 3855 1358 εἷς

2241 1387 2400 1463 κόρον
2489 1387 2603 1444 οὐδ’
2679 1389 2960 1463 αὐτάρκως
3039 1389 3346 1467 μετέχοντι,
3414 1385 3562 1442 ἀλλά
3634 1385 3855 1460 βραχέως

2241 1478 2468 1552 πάμπαν
2524 1478 2919 1556 ἀπογευομένω
2953 1498 2966 1512 ο
3018 1479 3133 1533 εἶτα
3183 1476 3419 1550 μεθιέντι
3475 1475 3649 1554 τάχος
3705 1475 3850 1528 ὅσον·

2235 1567 2306 1622 τἶν’
2335 1568 2372 1643 ᾖ
2404 1590 2489 1623 σοι
2537 1569 2630 1640 μὲν
2662 1569 2753 1624 καὶ
2793 1570 2820 1624 ὁ
2869 1573 2996 1630 νοῦς
3027 1565 3388 1627 διειδέστατος
3439 1566 3528 1620 καὶ
3581 1564 3850 1628 ἀθόλωτος,

2243 1657 2424 1732 βρύων
2459 1659 2618 1732 νοερά
2649 1659 2739 1714 καὶ
2789 1660 2904 1714 θεῖα
2954 1659 3204 1731 νοήματα
3237 1675 3250 1690 θ
3304 1655 3500 1730 ῥᾷστον
3543 1651 3590 1709 δ’
3621 1653 3738 1729 ἔχοι
3781 1654 3850 1706 καὶ

2236 1750 2298 1803 τὸ
2357 1747 2685 1824 ἐγρηγορός.
2734 1751 2892 1804 Ὥστε
2953 1747 3018 1816 δὴ
3079 1749 3348 1822 θεοφιλῶς
3404 1742 3752 1818 διαχειρίζειν
3801 1743 3850 1795 τὰ

2241 1839 2557 1913 πράγματα,
2608 1837 2826 1912 ὖρθριός
2875 1857 2934 1892 τε
2991 1837 3080 1892 καὶ
3133 1832 3532 1910 μεσημϐρινὸς,
3581 1833 3671 1888 καὶ
3726 1828 3851 1886 οὐδέν

2238 1947 2290 1981 τι
2328 1929 2490 1996 ἧττον
2536 1924 2921 1988 ἐπινυκτίδιος.
2956 1925 3077 1981 Ἐπὶ
3126 1924 3316 2000 πόρῥω
3343 1922 3443 1998 γὰρ
3494 1923 3704 1989 νυκτὸς,
3734 1921 3852 1992 μᾶλ-

2235 2013 2330 2070 λον
2365 2013 2422 2070 δὲ
2450 2015 2513 2071 τό
2543 2036 2607 2090 γε
2655 2013 2912 2071 πλεῖστον
2951 2014 3070 2090 ἄρτι
3119 2011 3517 2088 διαυγαζούσης
3563 2013 3763 2085 ἡμέρας
3791 2008 3851 2068 εἰς

2232 2105 2422 2175 κοίτην
2471 2105 2592 2175 ἰὼν,
2642 2106 2832 2160 θᾶττον
2887 2101 3036 2166 αὖθις
3077 2105 3354 2173 ἀνίστασο,
3387 2099 3570 2176 ὥσπερ
3619 2100 3850 2176 χαλεπῶς

2230 2199 2347 2255 τοῖς
2382 2194 2695 2268 στρώμασιν
2746 2187 2917 2268 ἔχων,
2946 2191 3043 2248 κᾶν
3093 2190 3218 2248 οὐδὲ
3247 2193 3371 2249 τότε
3418 2212 3504 2246 σοι
3551 2195 3647 2244 τοῦ
3695 2195 3846 2244 πονεῖν

2233 2281 2431 2354 ἄνεσις,
2481 2283 2572 2352 ἦν,
2623 2283 2807 2345 ὕπνοις
2857 2281 2975 2352 δῆτ’
3029 2281 3080 2337 ἐν
3127 2282 3310 2344 αὐτοῖς
3359 2281 3449 2335 καὶ
3500 2279 3728 2350 ὀνείρασι
3778 2278 3850 2331 κά-

2238 2395 2452 2446 μνοντι,
2491 2372 2580 2428 καί
2624 2375 2722 2442 τήν
2774 2373 2861 2428 ἐπὶ
2915 2375 3051 2446 μέγα
3099 2371 3258 2443 δόξης
3310 2369 3531 2445 αὔξησιν
3573 2371 3728 2444 ἡμῶν
3771 2369 3846 2422 καὶ

2235 2461 2474 2518 ἐπίδοσιν
2531 2463 2832 2536 ἀκαμάτοις
2893 2461 3088 2536 ῥοπαῖς
3145 2461 3235 2517 καὶ
3280 2461 3597 2539 φαντασίαις
3644 2464 3737 2516 τοῦ
3771 2460 3848 2512 νοῦ

2235 2551 2698 2626 ὀνειροπολοῦντι,
2719 2553 2810 2609 καὶ
2840 2554 2914 2615 ὡς
2942 2554 3030 2608 καὶ
3057 2555 3237 2626 θαῦμα
3265 2555 3523 2628 παρέχειν
3557 2552 3631 2624 μή
3661 2548 3761 2624 ἄρα
3786 2568 3850 2608 τις

2236 2642 2618 2718 αὐτουργοῦντι
2656 2664 2669 2676 ·
2720 2644 2796 2706 ὠς
2844 2646 2934 2698 καὶ
2979 2647 3158 2717 θαῦμα
3204 2643 3469 2720 παρέχειν
3523 2643 3598 2714 μή
3641 2638 3741 2713 ἄρα
3781 2658 3847 2698 τις

2237 2731 2349 2802 ε’ίης
2375 2735 2620 2807 θειοτέρα
2660 2734 2816 2810 φύσις
2867 2733 3066 2796 ἄϋπνος
3103 2734 3189 2788 καὶ
3241 2733 3540 2803 ἀκάματος.
3577 2729 3716 2786 [Ιολῦ
3765 2731 3844 2803 γὶρ

2235 2819 2478 2898 ἀπέχων,
2527 2823 2615 2878 καὶ
2667 2825 2742 2886 ὡς
2791 2820 2850 2878 ἄν
2897 2845 2980 2885 τις
3039 2819 3204 2890 ε’ίποι,
3252 2821 3391 2877 κατά
3444 2819 3724 2893 διάμετρον
3773 2816 3845 2871 καὶ

2235 2919 2444 2991 τρυφῆς
2502 2913 2590 2966 καὶ
2651 2913 2931 2988 ῥᾳστώνης
2991 2911 3310 2981 διεστηκώς,
3359 2911 3422 2966 τὸ
3484 2909 3608 2984 περὶ
3661 2905 3844 2962 δίαιταν

2238 2998 2493 3075 ἐγκρατὲς
2542 3001 2632 3055 καὶ
2679 2999 3078 3072 κεκολασμένον
3134 2997 3352 3072 μᾶλλον
3398 2997 3706 3070 ἐθαύμαζες.
3757 2996 3844 3050 Ἐν·

2237 3091 2419 3144 τεῦθεν
2471 3090 2553 3145 σοὶ
2603 3091 2692 3146 καὶ
2743 3089 2917 3160 εὐεξία
2963 3090 3051 3144 καὶ
3087 3087 3265 3166 ὑγίεια
3310 3086 3460 3160 μάλα
3499 3092 3718 3162 προσῆν.
3761 3083 3842 3139 Καὶ

2239 3177 2411 3252 λῆρος
2459 3178 2708 3253 ἄντικρυς
2755 3179 2890 3248 ἦσαν
2939 3180 2988 3232 οἱ
3046 3178 3170 3251 περὶ
3217 3181 3384 3232 ταῦτα
3429 3174 3844 3247 διαπονούμενοι,

2158 1889 2210 1953 Β

470 3261 745 3334 libusque
767 3274 821 3322 et
841 3267 1051 3322 divinis
1077 3269 1412 3326 redundans
1431 3270 1898 3342 cogitationibus,
1916 3271 2119 3327 simul-

2230 3267 2638 3340 ’Δσκληπιάδαι
2692 3269 2854 3336 τινὲς,
2912 3269 3286 3342 Ἰπποκράτεις
3354 3265 3646 3344 αὐχοῦντες
3694 3282 3841 3337 προσ-

481 3368 596 3424 que
648 3360 714 3410 ut
770 3355 996 3412 facilius
1050 3357 1350 3430 vigilantia
1421 3364 1736 3428 constaret,
1795 3361 2126 3432 rectiusque

479 3443 713 3515 negotia
753 3443 1051 3518 pleraque,
1085 3464 1154 3504 ex
1202 3448 1534 3518 prescriplo
1583 3449 1799 3518 divino,
1834 3451 2122 3506 matutino

473 3533 652 3590 simul
701 3543 755 3590 et
802 3536 1144 3604 meridiano,
1196 3554 1299 3594 nec
1359 3537 1556 3594 minus
1603 3543 1888 3596 nocturno
1944 3539 2120 3596 etiam

472 3625 734 3696 tempore
765 3643 1090 3698 perageres.
1125 3628 1188 3684 In
1221 3629 1468 3684 multam
1494 3646 1746 3699 namque
1782 3634 2032 3698 noctem,
2056 3645 2122 3685 ac

471 3713 691 3782 potius,
755 3720 816 3769 ut
881 3717 1224 3786 plurimum,
1280 3718 1350 3772 ad
1428 3717 1860 3774 illucescentem
1939 3736 2120 3791 usque

469 3800 624 3857 diem
667 3803 934 3875 vigilans,
966 3811 1021 3862 et
1053 3807 1287 3862 demum
1333 3807 1597 3864 cubitum
1645 3809 1882 3875 vadens,
1916 3809 2117 3864 statim

467 3909 671 3950 rursus
701 3898 921 3953 excitus
950 3897 1277 3965 surrexisti,
1309 3895 1468 3953 haud
1513 3897 1679 3952 aliter
1726 3915 1897 3966 quam
1934 3899 1982 3952 si
2015 3897 2116 3952 tibi

472 3995 758 4043 nocturna
785 3988 1133 4045 vestimenta
1164 3989 1355 4060 gravia
1393 3998 1564 4062 atque
1614 3993 1858 4046 molesta
1901 3995 2113 4047 essent.

469 4077 578 4130 Sed
611 4078 767 4132 enim
803 4094 874 4133 ne
905 4087 1025 4134 tum
1059 4079 1290 4149 quidem
1324 4097 1357 4135 a
1389 4081 1688 4136 laboribus
1718 4080 1824 4135 tibi
1848 4079 2115 4136 remissio

467 4165 598 4234 fuit,
625 4181 726 4234 per
757 4183 1027 4224 somnum
1073 4168 1352 4224 nimirum
1401 4173 1458 4225 et
1503 4167 1798 4225 insomnia
1847 4175 1899 4224 te
1947 4184 2115 4224 exer-

462 4253 638 4322 centi,
691 4260 748 4312 et
805 4258 1061 4313 nominis
1135 4259 1447 4331 gloriaeque
1521 4262 1734 4314 nostrae
1800 4262 2113 4330 augmenta

462 4347 637 4414 atque
666 4344 1026 4402 incrementa
1057 4347 1520 4419 infatigabilibus
1552 4347 1867 4404 momentis
1896 4353 1952 4405 et
1977 4348 2113 4406 ima-

460 4433 863 4503 ginationibus
894 4436 1098 4508 animi,
1119 4437 1555 4510 visionibusque
1586 4438 1890 4496 nocturnis
1921 4439 2110 4497 medi-

461 4522 632 4590 tanti,
662 4528 720 4578 et
749 4525 939 4596 quoad
981 4527 1108 4596 ejus
1159 4527 1283 4584 fieri
1335 4529 1540 4599 potuit,
1573 4528 1890 4600 complenti
1938 4536 2108 4601 atque

458 4612 811 4684 perficienti:
837 4616 1059 4686 adeant
1089 4617 1490 4674 admirationis
1513 4635 1748 4674 causam
1773 4617 2106 4675 hominibus
2138 4639 2184 4704 Β

459 4702 764 4772 ρνωοθιιοε,
799 4704 1140 4762 diviniorem
1169 4706 1488 4779 quamdam
1522 4711 1792 4765 naturam
1817 4716 1890 4776 te,
1914 4710 2109 4765 somni

459 4796 634 4864 atque
665 4794 1024 4866 fatigationis
1052 4803 1346 4867 expertem
1378 4813 1526 4868 esse,
1551 4798 2007 4871 suspicantibus.
2041 4801 2110 4856 Et

457 4897 592 4937 cum
625 4898 803 4954 quam
836 4883 1196 4956 longissime,
1237 4892 1313 4957 et,
1350 4892 1416 4944 ut
1454 4887 1668 4958 aliquis
1719 4887 1896 4956 dicat,
1937 4889 2109 4958 juxta

457 4971 831 5043 diametrum,
883 4991 918 5030 a
969 4976 1362 5048 voluptatibus
1410 4983 1468 5035 et
1519 4978 1748 5051 ignavia
1821 4979 2100 5047 abfuisti;

459 5071 584 5124 tum
637 5067 987 5136 quotidiana:
1039 5069 1166 5124 vitae
1209 5068 1582 5140 disciplinam
1633 5072 1691 5124 et
1737 5069 2103 5124 severitatem

463 5159 719 5215 maxime
747 5175 809 5215 es
849 5162 1238 5215 consectatus.
1289 5157 1450 5216 Unde
1496 5158 1602 5214 tibi
1651 5158 1804 5216 bona
1850 5158 2105 5228 corporis

463 5246 575 5303 hab
625 5249 765 5304 tudo
807 5251 865 5304 et
893 5248 1161 5305 valetudo
1224 5248 1482 5304 secunda
1539 5249 1790 5304 maxime
1849 5248 1975 5304 fuit.
2035 5248 2105 5302 Et

462 5325 704 5409 qui'liao
739 5341 796 5396 in
826 5356 885 5396 re
915 5339 1236 5407 elaborant,
1262 5343 1578 5410 nugatores
1609 5337 1754 5395 meri
1799 5337 1910 5393 visi
1942 5342 2102 5408 sunt,

457 5431 814 5504 Asclepiade:
846 5433 1086 5504 quidam
1119 5433 1191 5489 de
1225 5433 1574 5506 Hippocrate
1604 5435 1954 5503 praeceptore
1984 5429 2103 5503 glo-

454 5519 693 5590 rianles,
727 5538 833 5579 nec
859 5522 1050 5578 minus
1079 5523 1175 5592 qui
1209 5521 1412 5580 Galeni
1462 5519 1894 5578 lucubrationes
1943 5519 2104 5576 evol-

456 5613 621 5666 vunt.
637 5610 742 5674 Qui
763 5629 903 5669 sane
924 5628 1056 5668 cum
1077 5611 1426 5669 valetudinis
1440 5616 1552 5668 tum
1569 5615 1870 5668 curatores
1884 5612 2100 5677 essent,

456 5713 491 5755 a
520 5699 644 5756 suis
674 5700 790 5773 ipsi
828 5701 1048 5758 morbis
1088 5707 1141 5759 et
1189 5701 1629 5774 egritudinibus
1680 5699 1892 5773 magis,
1925 5698 2000 5758 ad
2046 5702 2104 5758 te

2231 3359 2420 3422 τάτας·
2454 3359 2554 3414 οὐκ
2583 3357 2849 3432 ἐλάχιστα
2881 3355 2928 3412 δ’
2958 3355 3420 3430 ἐκμελετήσαντες
3450 3354 3540 3410 καὶ
3571 3352 3838 3421 Γαλήνεια·

2233 3448 2287 3504 οἳ
2343 3446 2502 3518 δῆθεν
2570 3456 2670 3518 τῆς
2731 3447 2912 3525 ὑγείας
2981 3468 3066 3502 σοι
3141 3447 3448 3520 προμηθεῖς
3517 3446 3836 3508 καθεστῶτες,

2231 3538 2464 3612 ἐξάντεις
2494 3544 2601 3595 τῶν
2635 3539 2905 3616 σφετέρων
2960 3535 3173 3610 μᾶλλον
3203 3537 3340 3605 ἦσαν
3385 3537 3557 3590 νόσων
3587 3555 3666 3588 σοι
3693 3551 3836 3605 προσο

2236 3629 2421 3700 ιόντες,
2451 3631 2540 3684 ἅτε
2572 3627 2690 3698 δῆτ’
2741 3628 2815 3689 εἷς
2863 3629 3024 3704 ἀκρον
3056 3622 3350 3701 τάκριϐοῦς
3404 3624 3700 3704 ἐφικομένῳ
3727 3639 3740 3652 ·
3775 3620 3836 3678 ὡς

2233 3722 2308 3794 μή
2341 3720 2426 3774 τοί
2455 3740 2516 3794 γε
2545 3723 2700 3796 σφᾶς,
2735 3717 2878 3773 ἀλλά
2925 3715 3054 3790 μηδ’
3093 3714 3290 3780 αὖτοὺς
3326 3715 3566 3777 ἐκείνους
3603 3711 3718 3773 τοὺς
3753 3716 3833 3777 τῆς

2227 3808 2424 3884 τέχνης
2483 3809 2762 3884 ἡγεμόνας
2839 3805 3048 3876 αὒτοῖς,
3106 3803 3254 3881 ε’ίπερ
3329 3807 3490 3876 ἦσαν,
3562 3800 3864 3859 ἀντιτείνειν⁴

2227 3898 2375 3960 ὅλως
2407 3895 2554 3976 ἔχειν
2588 3899 2723 3972 πρὸς
2757 3897 2819 3953 τὸ
2851 3895 2936 3951 σοὶ
2989 3896 3386 3973 παριστάμενόν
3427 3916 3485 3952 τε
3525 3893 3614 3949 καὶ
3643 3889 3831 3948 διαιτώ-

2229 4010 2406 4062 μενον.
2466 3992 2560 4059 Τῷ
2621 3987 2715 4060 μὲν
2765 3984 2856 4042 οὗν
2917 3991 3188 4062 Χαιρωνεῖ
3242 3983 3594 4062 Πλουτάρχῳ
3641 3981 3702 4036 τὰ
3748 3984 3828 4044 τῆς

2222 4079 2448 4152 ,ρώμης
2499 4077 2786 4151 ἐξαίροντι,
2840 4077 3026 4138 καλῶς
3101 4073 3334 4143 ἒπῆλθεν
3413 4073 3608 4142 εἰπεῖν,
3667 4067 3826 4146 ἀρετήν

2223 4168 2312 4222 καὶ
2366 4168 2544 4241 τύχην
2601 4168 2738 4242 πρός
2811 4163 3066 4236 ἀλλήλας
3135 4160 3369 4220 ἔκπαλαι
3448 4159 3822 4236 διαφερομένας,

2223 4256 2432 4319 δεινούς
2482 4259 2530 4312 τ’
2583 4255 2794 4332 ἀγῶνας
2855 4254 3087 4330 ἐχούσας
3136 4253 3224 4310 καί
3282 4251 3637 4327 διαταραχὰς,
3689 4244 3822 4321 μόλις

2220 4347 2354 4404 ποτὶ
2397 4343 2486 4402 διὰ
2532 4346 2738 4418 ταύτην
2781 4347 2951 4418 μόνην
3005 4345 3318 4401 σπείσασθαι
3365 4343 3457 4398 καὶ
3511 4342 3586 4404 είς
3629 4340 3680 4396 ἓν
3723 4357 3818 4392 συν·

2220 4435 2442 4512 δραμεῖν
2474 4457 2488 4471 ·
2523 4437 2612 4492 καί
2661 4436 2712 4511 γ’
2754 4435 2808 4499 ἐς
2851 4435 3015 4491 ταυτὸ
3066 4431 3448 4502 συνελθούσας,
3481 4429 3818 4512 int-releth

2217 4527 2308 4583 καὶ
2384 4525 2880 4600 συναπεργάσασθαι
2956 4528 3064 4579 τῶν
3137 4521 3494 4595 ἀνθρωπίνων
3567 4516 3725 4594 ἔργων
3768 4511 3816 4600 τό

2216 4615 2532 4673 κάλλιστον.
2583 4599 2724 4688 Ἐγὼ
2769 4613 2814 4670 δ’
2866 4614 3112 4670 ὑπονοεῖν
3160 4613 3336 4686 ὀρθῶς
3385 4609 3600 4682 οἴομαι,
3639 4608 3708 4668 ὡς
3745 4599 3813 4658 καῖ

2219 4705 2304 4762 ἐπὶ
2339 4706 2428 4762 σοὶ
2479 4703 2545 4776 δὴ
2601 4707 2775 4778 μόνῳ,
2808 4703 3078 4780 κράτιστε,
3111 4697 3389 4758 θεοσέϐειά
3428 4721 3489 4756 τε
3529 4699 3616 4754 καὶ
3662 4691 3817 4751 εὐδαι-

2221 4796 2383 4871 μονία
2432 4794 2766 4865 συνηλθέτην
2819 4793 3098 4864 ἀλλήλαις
3146 4791 3372 4870 ἐφάπαξ,
3419 4790 3508 4878 ἀεί
3547 4811 3600 4844 τι
3652 4783 3813 4878 ὂιαμξ-

2218 4889 2474 4962 χόμεναι,
2521 4893 2620 4956 τῆς
2667 4882 2971 4950 θεοσεϐείας
3019 4883 3213 4938 ὡσανεὶ
3275 4876 3609 4956 βιασαμένης
3651 4875 3708 4932 τὸ
3753 4879 3812 4927 εὑ·

2217 4975 2432 5050 δαιμον,
2463 4976 2552 5032 καὶ
2602 4975 3011 5050 περιτρέπεσθαι
3041 4972 3377 5028 παντάπασιν
3419 4967 3520 5024 οῦκ
3547 4964 3775 5050 ἐνδούσηξ
3797 4972 3810 4992 ⁸

2219 5066 2432 5141 μᾶλλον
2479 5064 2533 5121 δὲ
2583 5069 2716 5121 Θεοῦ
2765 5063 2919 5136 οἶμαί
2961 5084 3065 5119 που
3111 5062 3333 5122 ταύταις
3383 5060 3617 5134 ἀνάγκην
3662 5045 3812 5109 ἐπιόαο

2213 5156 2428 5226 λόντος,
2489 5153 2834 5228 συζεύξαντός
2897 5174 2954 5208 τε
3019 5152 3134 5225 ἅμα
3184 5149 3382 5213 ταύτας
3440 5149 3533 5205 καὶ
3589 5141 3811 5220 συγκεράο

2213 5267 2425 5316 σαντος,
2472 5247 2549 5309 ὡς
2599 5245 2658 5300 ἂν
2717 5244 3044 5318 ἑκατέρωθεν
3098 5241 3161 5298 τὸ
3211 5239 3410 5296 οἰκεῖον
3466 5231 3664 5300 λαϐὼν,
3707 5235 3807 5288 πᾶσι

2213 5334 2328 5407 δῆτ’
2386 5336 2696 5410 ἀνθρώποις
2753 5335 2904 5408 ξένην
2978 5330 3272 5406 ἐργάσηται
3349 5324 3558 5399 ὄνησιν,
3607 5321 3689 5381 καὶ
3752 5319 3809 5377 ὡς

2214 5426 2435 5497 ἀληθῶς
2467 5427 2781 5500 θαυμαστήν
2807 5443 2820 5457 ·
2855 5420 3061 5496 πεῖσμά
3084 5443 3136 5478 τι
3169 5419 3422 5494 μόνιμον,
3453 5419 3543 5474 καὶ
3573 5415 3805 5509 στοιχεῖοξ

2208 5514 2389 5584 ἕκτον,
2423 5513 2497 5570 ἵν’
2548 5515 2720 5577 οὕτως
2767 5512 3003 5586 εἳποιμι,
3034 5510 3121 5568 καὶ
3169 5509 3367 5580 ἀίδιον,
3425 5503 3698 5584 ναυαγοῦσι
3739 5518 3806 5553 καί

2213 5606 2644 5686 ὑποφερομένοις
2691 5609 2809 5668 τοῖς
2859 5602 3022 5667 θείοις
3067 5601 3351 5680 πράγμασι
3402 5598 3496 5656 καὶ
3545 5587 3805 5694 διολισθαίῖ

2208 5685 2360 5756 νουσι
2388 5700 2487 5757 τοῦ
2525 5694 2789 5753 τοσούτου
2839 5693 3011 5752 σάλου
3039 5690 3128 5749 καὶ
3177 5689 3413 5764 πλάνης,
3468 5685 3695 5767 μεγάλην
3736 5685 3801 5736 καί
