  <div class='ocr_page' id='page_1' title='image "/cluster/home/n/w/nwhite01/storage/ocr_20150623/145/hvd.32044054086921/292.png"; bbox 0 0 4100 6218; ppageno 0'>
   <div class='ocr_carea' id='block_1_1' title="bbox 278 374 386 436">
    <p class='ocr_par' dir='ltr' id='par_1_1' title="bbox 278 374 386 436">
     <span class='ocr_line' id='line_1_1' title="bbox 278 374 386 436; baseline 0.028 -3"><span class='ocrx_word' id='word_1_1' title='bbox 278 374 386 436; x_wconf 79' lang='lat'><strong>573</strong></span> 
     </span>
    </p>
   </div>
   <div class='ocr_carea' id='block_1_2' title="bbox 1735 342 2181 435">
    <p class='ocr_par' dir='ltr' id='par_1_2' title="bbox 1735 342 2181 435">
     <span class='ocr_line' id='line_1_2' title="bbox 1735 342 2181 435; baseline 0 -3"><span class='ocrx_word' id='word_1_2' title='bbox 1735 342 2181 435; x_wconf 66' lang='lat' dir='ltr'><strong>nsulsum.</strong></span> 
     </span>
    </p>
   </div>
   <div class='ocr_carea' id='block_1_3' title="bbox 3544 364 3663 424">
    <p class='ocr_par' dir='ltr' id='par_1_3' title="bbox 3544 364 3663 424">
     <span class='ocr_line' id='line_1_3' title="bbox 3544 364 3663 424; baseline -0.034 0"><span class='ocrx_word' id='word_1_3' title='bbox 3544 364 3663 424; x_wconf 65' lang='lat'><strong>5&#39;14</strong></span> 
     </span>
    </p>
   </div>
   <div class='ocr_carea' id='block_1_4' title="bbox 277 492 1895 577">
    <p class='ocr_par' dir='ltr' id='par_1_4' title="bbox 277 493 1895 577">
     <span class='ocr_line' id='line_1_4' title="bbox 277 493 1895 577; baseline -0.004 -21"><span class='ocrx_word' id='word_1_4' title='bbox 277 500 572 556; x_wconf 74' lang='grc' dir='ltr'>τελευταίαν</span> <span class='ocrx_word' id='word_1_5' title='bbox 628 499 863 577; x_wconf 80' lang='grc' dir='ltr'>ἄγκυραν</span> <span class='ocrx_word' id='word_1_6' title='bbox 922 499 1067 573; x_wconf 66' lang='grc' dir='ltr'>ἱερὰν</span> <span class='ocrx_word' id='word_1_7' title='bbox 1124 503 1202 571; x_wconf 79' lang='grc' dir='ltr'>τῷ</span> <span class='ocrx_word' id='word_1_8' title='bbox 1260 493 1370 552; x_wconf 73' lang='grc' dir='ltr'>ὄντι</span> <span class='ocrx_word' id='word_1_9' title='bbox 1418 498 1512 551; x_wconf 80' lang='grc' dir='ltr'>κάν</span> <span class='ocrx_word' id='word_1_10' title='bbox 1555 501 1668 557; x_wconf 84' lang='grc' dir='ltr'>τοῖς</span> <span class='ocrx_word' id='word_1_11' title='bbox 1726 499 1895 571; x_wconf 69' lang='grc' dir='ltr'>ἱεροῖς</span> 
     </span>
    </p>
   </div>
   <div class='ocr_carea' id='block_1_5' title="bbox 2005 492 3663 577">
    <p class='ocr_par' dir='ltr' id='par_1_5' title="bbox 2012 492 3663 568">
     <span class='ocr_line' id='line_1_5' title="bbox 2012 492 3663 568; baseline -0.007 -14"><span class='ocrx_word' id='word_1_12' title='bbox 2012 499 2372 565; x_wconf 80' lang='lat' dir='ltr'><strong>accedentes,</strong></span> <span class='ocrx_word' id='word_1_13' title='bbox 2406 496 2572 552; x_wconf 80' lang='lat' dir='ltr'><strong>liberi</strong></span> <span class='ocrx_word' id='word_1_14' title='bbox 2604 500 2778 567; x_wconf 89' lang='lat' dir='ltr'><strong>atque</strong></span> <span class='ocrx_word' id='word_1_15' title='bbox 2808 494 3020 568; x_wconf 81' lang='lat' dir='ltr'><strong>integri</strong></span> <span class='ocrx_word' id='word_1_16' title='bbox 3051 495 3369 550; x_wconf 82' lang='lat' dir='ltr'><strong>discessere</strong></span> <span class='ocrx_word' id='word_1_17' title='bbox 3400 508 3413 547; x_wconf 91' lang='lat'>:</span> <span class='ocrx_word' id='word_1_18' title='bbox 3449 492 3663 562; x_wconf 89' lang='lat' dir='ltr'><strong>quippe</strong></span> 
     </span>
    </p>
   </div>
   <div class='ocr_carea' id='block_1_6' title="bbox 278 584 1901 668">
    <p class='ocr_par' dir='ltr' id='par_1_6' title="bbox 278 584 1901 668">
     <span class='ocr_line' id='line_1_6' title="bbox 278 584 1901 668; baseline -0.004 -24"><span class='ocrx_word' id='word_1_19' title='bbox 278 591 358 644; x_wconf 81' lang='grc' dir='ltr'><strong>καὶ</strong></span> <span class='ocrx_word' id='word_1_20' title='bbox 390 588 568 653; x_wconf 74' lang='grc' dir='ltr'>ἄλλως</span> <span class='ocrx_word' id='word_1_21' title='bbox 596 588 811 668; x_wconf 79' lang='grc' dir='ltr'>ἔχουσι,</span> <span class='ocrx_word' id='word_1_22' title='bbox 843 590 897 644; x_wconf 79' lang='grc' dir='ltr'>σὲ</span> <span class='ocrx_word' id='word_1_23' title='bbox 930 589 1226 664; x_wconf 77' lang='grc' dir='ltr'>παρασχών</span> <span class='ocrx_word' id='word_1_24' title='bbox 1251 607 1261 617; x_wconf 94' lang='grc'><strong>·</strong></span> <span class='ocrx_word' id='word_1_25' title='bbox 1294 584 1366 640; x_wconf 62' lang='grc' dir='ltr'><strong>ἵν’</strong></span> <span class='ocrx_word' id='word_1_26' title='bbox 1397 585 1447 639; x_wconf 80' lang='grc' dir='ltr'>ἐν</span> <span class='ocrx_word' id='word_1_27' title='bbox 1482 586 1566 640; x_wconf 79' lang='grc' dir='ltr'><strong>σοί</strong></span> <span class='ocrx_word' id='word_1_28' title='bbox 1598 607 1715 640; x_wconf 80' lang='grc' dir='ltr'>τινα</span> <span class='ocrx_word' id='word_1_29' title='bbox 1743 584 1901 655; x_wconf 69' lang='grc' dir='ltr'><strong>’ἰδρυ-</strong></span> 
     </span>
    </p>
   </div>
   <div class='ocr_carea' id='block_1_7' title="bbox 279 673 1903 751">
    <p class='ocr_par' dir='ltr' id='par_1_7' title="bbox 279 673 1903 751">
     <span class='ocr_line' id='line_1_7' title="bbox 279 673 1903 751; baseline -0.002 -18"><span class='ocrx_word' id='word_1_30' title='bbox 279 701 350 733; x_wconf 83' lang='grc' dir='ltr'>σιν</span> <span class='ocrx_word' id='word_1_31' title='bbox 381 679 464 733; x_wconf 76' lang='grc' dir='ltr'>καὶ</span> <span class='ocrx_word' id='word_1_32' title='bbox 503 686 616 741; x_wconf 79' lang='grc' dir='ltr'>τοῖς</span> <span class='ocrx_word' id='word_1_33' title='bbox 644 678 842 741; x_wconf 69' lang='grc' dir='ltr'>ἄλλοις</span> <span class='ocrx_word' id='word_1_34' title='bbox 881 679 1005 751; x_wconf 77' lang='grc' dir='ltr'>περὶ</span> <span class='ocrx_word' id='word_1_35' title='bbox 1057 680 1112 732; x_wconf 78' lang='grc' dir='ltr'>σὲ</span> <span class='ocrx_word' id='word_1_36' title='bbox 1165 678 1402 749; x_wconf 79' lang='grc' dir='ltr'>μάλιστα</span> <span class='ocrx_word' id='word_1_37' title='bbox 1451 674 1597 746; x_wconf 80' lang='grc' dir='ltr'>δοίη.</span> <span class='ocrx_word' id='word_1_38' title='bbox 1634 678 1734 731; x_wconf 75' lang='grc' dir='ltr'><strong>Καὶ</strong></span> <span class='ocrx_word' id='word_1_39' title='bbox 1783 673 1903 742; x_wconf 78' lang='grc' dir='ltr'><strong>δῆτ’</strong></span> 
     </span>
    </p>
   </div>
   <div class='ocr_carea' id='block_1_8' title="bbox 277 764 1902 843">
    <p class='ocr_par' dir='ltr' id='par_1_8' title="bbox 277 764 1902 843">
     <span class='ocr_line' id='line_1_8' title="bbox 277 764 1902 843; baseline -0.002 -22"><span class='ocrx_word' id='word_1_40' title='bbox 277 767 393 841; x_wconf 75' lang='grc' dir='ltr'>ἔσχε</span> <span class='ocrx_word' id='word_1_41' title='bbox 447 770 702 841; x_wconf 64' lang='grc' dir='ltr'>μεγίστην</span> <span class='ocrx_word' id='word_1_42' title='bbox 759 764 916 843; x_wconf 71' lang='grc' dir='ltr'>ἕδραν</span> <span class='ocrx_word' id='word_1_43' title='bbox 973 789 1031 822; x_wconf 83' lang='grc' dir='ltr'><strong>τε</strong></span> <span class='ocrx_word' id='word_1_44' title='bbox 1087 767 1178 822; x_wconf 83' lang='grc' dir='ltr'><strong>καὶ</strong></span> <span class='ocrx_word' id='word_1_45' title='bbox 1237 764 1553 843; x_wconf 59' lang='grc' dir='ltr'>ἀσφάλειαν,</span> <span class='ocrx_word' id='word_1_46' title='bbox 1586 766 1662 826; x_wconf 81' lang='grc' dir='ltr'>εἷς</span> <span class='ocrx_word' id='word_1_47' title='bbox 1696 764 1902 837; x_wconf 81' lang='grc' dir='ltr'><strong>κόσμον</strong></span> 
     </span>
    </p>
   </div>
   <div class='ocr_carea' id='block_1_9' title="bbox 275 853 1902 929">
    <p class='ocr_par' dir='ltr' id='par_1_9' title="bbox 275 853 1902 929">
     <span class='ocr_line' id='line_1_9' title="bbox 275 853 1902 929; baseline -0.003 -18"><span class='ocrx_word' id='word_1_48' title='bbox 275 857 481 928; x_wconf 71' lang='grc' dir='ltr'>εἰρήνης</span> <span class='ocrx_word' id='word_1_49' title='bbox 529 855 641 924; x_wconf 75' lang='grc' dir='ltr'>ἕνα,</span> <span class='ocrx_word' id='word_1_50' title='bbox 673 859 762 912; x_wconf 78' lang='grc' dir='ltr'><strong>καὶ</strong></span> <span class='ocrx_word' id='word_1_51' title='bbox 812 856 1013 912; x_wconf 79' lang='grc' dir='ltr'>κύκλον</span> <span class='ocrx_word' id='word_1_52' title='bbox 1072 853 1407 929; x_wconf 80' lang='grc' dir='ltr'>ὀρθοδοξίας,</span> <span class='ocrx_word' id='word_1_53' title='bbox 1466 853 1642 910; x_wconf 64' lang='grc' dir='ltr'>εἷ’τουν</span> <span class='ocrx_word' id='word_1_54' title='bbox 1699 857 1902 929; x_wconf 74' lang='grc' dir='ltr'>ἡγεμο-</span> 
     </span>
    </p>
   </div>
   <div class='ocr_carea' id='block_1_10' title="bbox 275 941 1899 1021">
    <p class='ocr_par' dir='ltr' id='par_1_10' title="bbox 275 941 1899 1021">
     <span class='ocr_line' id='line_1_10' title="bbox 275 941 1899 1021; baseline -0.001 -23"><span class='ocrx_word' id='word_1_55' title='bbox 275 948 378 1007; x_wconf 85' lang='grc' dir='ltr'>νίας</span> <span class='ocrx_word' id='word_1_56' title='bbox 434 941 720 1001; x_wconf 66' lang='grc' dir='ltr'>ἅπταιστόν</span> <span class='ocrx_word' id='word_1_57' title='bbox 784 968 840 1002; x_wconf 89' lang='grc' dir='ltr'>σε</span> <span class='ocrx_word' id='word_1_58' title='bbox 897 946 1264 1021; x_wconf 67' lang='grc' dir='ltr'><strong>περιαγόμεναι</strong></span> <span class='ocrx_word' id='word_1_59' title='bbox 1327 945 1415 998; x_wconf 77' lang='grc' dir='ltr'><strong>καὶ</strong></span> <span class='ocrx_word' id='word_1_60' title='bbox 1482 944 1899 1021; x_wconf 64' lang='grc' dir='ltr'>περιφερόμενα.</span> 
     </span>
    </p>
   </div>
   <div class='ocr_carea' id='block_1_11' title="bbox 277 1032 1898 1107">
    <p class='ocr_par' dir='ltr' id='par_1_11' title="bbox 277 1032 1898 1107">
     <span class='ocr_line' id='line_1_11' title="bbox 277 1032 1898 1107; baseline -0.003 -19"><span class='ocrx_word' id='word_1_61' title='bbox 277 1035 362 1088; x_wconf 76' lang='grc' dir='ltr'>Καί</span> <span class='ocrx_word' id='word_1_62' title='bbox 409 1037 461 1107; x_wconf 79' lang='grc' dir='ltr'><strong>γ’</strong></span> <span class='ocrx_word' id='word_1_63' title='bbox 498 1032 799 1096; x_wconf 76' lang='grc' dir='ltr'>ἐπούδασας</span> <span class='ocrx_word' id='word_1_64' title='bbox 858 1033 1122 1103; x_wconf 77' lang='grc' dir='ltr'>ἐντεῦθεν,</span> <span class='ocrx_word' id='word_1_65' title='bbox 1183 1034 1282 1088; x_wconf 82' lang='grc' dir='ltr'><strong>οὐκ</strong></span> <span class='ocrx_word' id='word_1_66' title='bbox 1340 1032 1391 1086; x_wconf 84' lang='grc' dir='ltr'>ἐν</span> <span class='ocrx_word' id='word_1_67' title='bbox 1451 1033 1663 1104; x_wconf 82' lang='grc' dir='ltr'>σώματι</span> <span class='ocrx_word' id='word_1_68' title='bbox 1727 1032 1898 1102; x_wconf 84' lang='grc' dir='ltr'>μόνῳ,</span> 
     </span>
    </p>
   </div>
   <div class='ocr_carea' id='block_1_12' title="bbox 273 1117 1902 1198">
    <p class='ocr_par' dir='ltr' id='par_1_12' title="bbox 273 1117 1902 1198">
     <span class='ocr_line' id='line_1_12' title="bbox 273 1117 1902 1198; baseline -0.002 -21"><span class='ocrx_word' id='word_1_69' title='bbox 273 1121 405 1178; x_wconf 83' lang='grc' dir='ltr'><strong>ἀλλά</strong></span> <span class='ocrx_word' id='word_1_70' title='bbox 430 1143 489 1197; x_wconf 83' lang='grc' dir='ltr'>γε</span> <span class='ocrx_word' id='word_1_71' title='bbox 520 1121 588 1191; x_wconf 80' lang='grc' dir='ltr'><strong>δὴ</strong></span> <span class='ocrx_word' id='word_1_72' title='bbox 620 1124 710 1178; x_wconf 81' lang='grc' dir='ltr'>καὶ</span> <span class='ocrx_word' id='word_1_73' title='bbox 742 1122 793 1178; x_wconf 73' lang='grc' dir='ltr'><strong>ἐν</strong></span> <span class='ocrx_word' id='word_1_74' title='bbox 820 1127 889 1190; x_wconf 76' lang='grc' dir='ltr'><strong>τῇ</strong></span> <span class='ocrx_word' id='word_1_75' title='bbox 931 1127 1087 1198; x_wconf 82' lang='grc' dir='ltr'>ψοχῇ</span> <span class='ocrx_word' id='word_1_76' title='bbox 1124 1118 1508 1194; x_wconf 69' lang='grc' dir='ltr'>περιϐαλέσθαι</span> <span class='ocrx_word' id='word_1_77' title='bbox 1557 1122 1657 1189; x_wconf 76' lang='grc' dir='ltr'>τὴν</span> <span class='ocrx_word' id='word_1_78' title='bbox 1709 1117 1902 1192; x_wconf 79' lang='grc' dir='ltr'>ἁλουρ-</span> 
     </span>
    </p>
   </div>
   <div class='ocr_carea' id='block_1_13' title="bbox 271 1206 1898 1287">
    <p class='ocr_par' dir='ltr' id='par_1_13' title="bbox 271 1206 1898 1287">
     <span class='ocr_line' id='line_1_13' title="bbox 271 1206 1898 1287; baseline -0.005 -21"><span class='ocrx_word' id='word_1_79' title='bbox 271 1209 404 1287; x_wconf 77' lang='grc' dir='ltr'>γίδα.</span> <span class='ocrx_word' id='word_1_80' title='bbox 436 1210 512 1267; x_wconf 77' lang='grc' dir='ltr'><strong>Σὺ</strong></span> <span class='ocrx_word' id='word_1_81' title='bbox 573 1214 681 1287; x_wconf 79' lang='grc' dir='ltr'><strong>γάρ</strong></span> <span class='ocrx_word' id='word_1_82' title='bbox 737 1234 821 1266; x_wconf 91' lang='grc' dir='ltr'><strong>τοι</strong></span> <span class='ocrx_word' id='word_1_83' title='bbox 881 1212 971 1266; x_wconf 80' lang='grc' dir='ltr'><strong>καὶ</strong></span> <span class='ocrx_word' id='word_1_84' title='bbox 1034 1211 1195 1284; x_wconf 80' lang='grc' dir='ltr'>μόνος</span> <span class='ocrx_word' id='word_1_85' title='bbox 1233 1216 1341 1265; x_wconf 84' lang='grc' dir='ltr'><strong>τῶν</strong></span> <span class='ocrx_word' id='word_1_86' title='bbox 1386 1209 1578 1283; x_wconf 79' lang='grc' dir='ltr'>πρώην</span> <span class='ocrx_word' id='word_1_87' title='bbox 1629 1206 1898 1283; x_wconf 70' lang='grc' dir='ltr'>βασιλέων</span> 
     </span>
    </p>
   </div>
   <div class='ocr_carea' id='block_1_14' title="bbox 273 1295 1899 1376">
    <p class='ocr_par' dir='ltr' id='par_1_14' title="bbox 273 1295 1899 1376">
     <span class='ocr_line' id='line_1_14' title="bbox 273 1295 1899 1376; baseline -0.003 -22"><span class='ocrx_word' id='word_1_88' title='bbox 273 1297 455 1373; x_wconf 72' lang='grc' dir='ltr'>σχεδὸν</span> <span class='ocrx_word' id='word_1_89' title='bbox 503 1301 755 1355; x_wconf 72' lang='grc' dir='ltr'>ἁπάντων</span> <span class='ocrx_word' id='word_1_90' title='bbox 799 1302 989 1356; x_wconf 72' lang='grc' dir='ltr'>ἑαυτοῦ</span> <span class='ocrx_word' id='word_1_91' title='bbox 1042 1295 1434 1376; x_wconf 76' lang='grc' dir='ltr'>βεϐασίλεύκας</span> <span class='ocrx_word' id='word_1_92' title='bbox 1460 1317 1472 1331; x_wconf 93' lang='grc'><strong>·</strong></span> <span class='ocrx_word' id='word_1_93' title='bbox 1504 1298 1593 1352; x_wconf 78' lang='grc' dir='ltr'>καὶ</span> <span class='ocrx_word' id='word_1_94' title='bbox 1635 1296 1899 1371; x_wconf 84' lang='grc' dir='ltr'>αὐτοκρά-</span> 
     </span>
    </p>
   </div>
   <div class='ocr_carea' id='block_1_15' title="bbox 268 1382 1904 1465">
    <p class='ocr_par' dir='ltr' id='par_1_15' title="bbox 268 1382 1904 1465">
     <span class='ocr_line' id='line_1_15' title="bbox 268 1382 1904 1465; baseline -0.004 -22"><span class='ocrx_word' id='word_1_95' title='bbox 268 1409 369 1463; x_wconf 83' lang='grc' dir='ltr'>τωρ</span> <span class='ocrx_word' id='word_1_96' title='bbox 415 1393 494 1461; x_wconf 79' lang='grc' dir='ltr'><strong>τῷ</strong></span> <span class='ocrx_word' id='word_1_97' title='bbox 545 1385 663 1445; x_wconf 81' lang='grc' dir='ltr'>ὅντι</span> <span class='ocrx_word' id='word_1_98' title='bbox 712 1391 1028 1465; x_wconf 81' lang='grc' dir='ltr'>γενόμενος,</span> <span class='ocrx_word' id='word_1_99' title='bbox 1060 1389 1158 1456; x_wconf 73' lang='grc' dir='ltr'>τὴν</span> <span class='ocrx_word' id='word_1_100' title='bbox 1216 1388 1311 1460; x_wconf 74' lang='grc' dir='ltr'>μὲν</span> <span class='ocrx_word' id='word_1_101' title='bbox 1362 1391 1470 1442; x_wconf 83' lang='grc' dir='ltr'><strong>τῶν</strong></span> <span class='ocrx_word' id='word_1_102' title='bbox 1512 1388 1694 1441; x_wconf 86' lang='grc' dir='ltr'>παθῶν</span> <span class='ocrx_word' id='word_1_103' title='bbox 1725 1382 1904 1459; x_wconf 83' lang='grc' dir='ltr'>ὀχλο-</span> 
     </span>
    </p>
   </div>
   <div class='ocr_carea' id='block_1_16' title="bbox 268 1474 1897 1551">
    <p class='ocr_par' dir='ltr' id='par_1_16' title="bbox 268 1474 1897 1551">
     <span class='ocr_line' id='line_1_16' title="bbox 268 1474 1897 1551; baseline -0.002 -20"><span class='ocrx_word' id='word_1_104' title='bbox 268 1478 502 1551; x_wconf 74' lang='grc' dir='ltr'>κράτειαν</span> <span class='ocrx_word' id='word_1_105' title='bbox 547 1486 649 1548; x_wconf 81' lang='grc' dir='ltr'>τῆς</span> <span class='ocrx_word' id='word_1_106' title='bbox 709 1480 912 1540; x_wconf 80' lang='grc' dir='ltr'><strong>οἰκείας</strong></span> <span class='ocrx_word' id='word_1_107' title='bbox 966 1476 1195 1533; x_wconf 82' lang='grc' dir='ltr'>ἂπεώσω</span> <span class='ocrx_word' id='word_1_108' title='bbox 1254 1474 1623 1547; x_wconf 77' lang='grc' dir='ltr'>ξενηλατήσας</span> <span class='ocrx_word' id='word_1_109' title='bbox 1676 1478 1897 1548; x_wconf 65' lang='grc' dir='ltr'>ψυχῆς*</span> 
     </span>
    </p>
   </div>
   <div class='ocr_carea' id='block_1_17' title="bbox 265 1563 1901 1644">
    <p class='ocr_par' dir='ltr' id='par_1_17' title="bbox 265 1563 1901 1644">
     <span class='ocr_line' id='line_1_17' title="bbox 265 1563 1901 1644; baseline -0.002 -24"><span class='ocrx_word' id='word_1_110' title='bbox 265 1573 373 1629; x_wconf 84' lang='grc' dir='ltr'>τοῖς</span> <span class='ocrx_word' id='word_1_111' title='bbox 418 1564 476 1622; x_wconf 73' lang='grc' dir='ltr'><strong>δὲ</strong></span> <span class='ocrx_word' id='word_1_112' title='bbox 515 1573 718 1623; x_wconf 77' lang='grc' dir='ltr'>σαυτοῦ</span> <span class='ocrx_word' id='word_1_113' title='bbox 753 1568 1051 1644; x_wconf 81' lang='grc' dir='ltr'><strong>λογισμοῖς</strong></span> <span class='ocrx_word' id='word_1_114' title='bbox 1094 1566 1505 1641; x_wconf 75' lang='grc' dir='ltr'><strong>ἀριστοκρατίαν</strong></span> <span class='ocrx_word' id='word_1_115' title='bbox 1554 1563 1901 1632; x_wconf 81' lang='grc' dir='ltr'>καταστησά-</span> 
     </span>
    </p>
   </div>
   <div class='ocr_carea' id='block_1_18' title="bbox 268 1651 1901 1732">
    <p class='ocr_par' dir='ltr' id='par_1_18' title="bbox 268 1651 1901 1732">
     <span class='ocr_line' id='line_1_18' title="bbox 268 1651 1901 1732; baseline -0.001 -22"><span class='ocrx_word' id='word_1_116' title='bbox 268 1676 436 1729; x_wconf 84' lang='grc' dir='ltr'>μενος,</span> <span class='ocrx_word' id='word_1_117' title='bbox 500 1662 609 1726; x_wconf 72' lang='grc' dir='ltr'><strong>ζῶν</strong></span> <span class='ocrx_word' id='word_1_118' title='bbox 668 1656 860 1732; x_wconf 76' lang='grc' dir='ltr'>ἀρετῆς</span> <span class='ocrx_word' id='word_1_119' title='bbox 919 1655 1142 1731; x_wconf 79' lang='grc' dir='ltr'>ἄγαλμα</span> <span class='ocrx_word' id='word_1_120' title='bbox 1200 1656 1417 1710; x_wconf 83' lang='grc' dir='ltr'>σεαυτὸν</span> <span class='ocrx_word' id='word_1_121' title='bbox 1473 1651 1762 1728; x_wconf 78' lang='grc' dir='ltr'><strong>παρέσχες,</strong></span> <span class='ocrx_word' id='word_1_122' title='bbox 1824 1653 1901 1713; x_wconf 84' lang='grc' dir='ltr'>εἷς</span> 
     </span>
    </p>
   </div>
   <div class='ocr_carea' id='block_1_19' title="bbox 262 1741 1900 1819">
    <p class='ocr_par' dir='ltr' id='par_1_19' title="bbox 262 1741 1900 1819">
     <span class='ocr_line' id='line_1_19' title="bbox 262 1741 1900 1819; baseline -0.002 -20"><span class='ocrx_word' id='word_1_123' title='bbox 262 1741 450 1819; x_wconf 76' lang='grc' dir='ltr'>ἀκριϐῆ</span> <span class='ocrx_word' id='word_1_124' title='bbox 507 1748 748 1819; x_wconf 82' lang='grc' dir='ltr'>μίμησιν</span> <span class='ocrx_word' id='word_1_125' title='bbox 801 1747 864 1801; x_wconf 88' lang='grc' dir='ltr'>τὸ</span> <span class='ocrx_word' id='word_1_126' title='bbox 918 1747 1163 1816; x_wconf 75' lang='grc' dir='ltr'>ὑπήκοον</span> <span class='ocrx_word' id='word_1_127' title='bbox 1222 1741 1576 1799; x_wconf 81' lang='grc' dir='ltr'>ἐκπαιδεύων.</span> <span class='ocrx_word' id='word_1_128' title='bbox 1635 1743 1736 1798; x_wconf 85' lang='grc' dir='ltr'><strong>Τὸν</strong></span> <span class='ocrx_word' id='word_1_129' title='bbox 1796 1742 1900 1819; x_wconf 79' lang='grc' dir='ltr'>γὰρ</span> 
     </span>
    </p>
   </div>
   <div class='ocr_carea' id='block_1_20' title="bbox 2014 579 3663 658">
    <p class='ocr_par' dir='ltr' id='par_1_20' title="bbox 2014 579 3663 658">
     <span class='ocr_line' id='line_1_20' title="bbox 2014 579 3663 658; baseline -0.005 -16"><span class='ocrx_word' id='word_1_130' title='bbox 2014 588 2111 658; x_wconf 89' lang='lat' dir='ltr'><strong>qui</strong></span> <span class='ocrx_word' id='word_1_131' title='bbox 2162 589 2231 641; x_wconf 81' lang='lat' dir='ltr'><strong>ad</strong></span> <span class='ocrx_word' id='word_1_132' title='bbox 2289 601 2581 642; x_wconf 82' lang='lat' dir='ltr'><strong>summam</strong></span> <span class='ocrx_word' id='word_1_133' title='bbox 2642 586 3260 654; x_wconf 80' lang='lat' dir='ltr'><strong>accuratissimamque</strong></span> <span class='ocrx_word' id='word_1_134' title='bbox 3308 579 3663 637; x_wconf 83' lang='lat' dir='ltr'><strong>valetudinis</strong></span> 
     </span>
    </p>
   </div>
   <div class='ocr_carea' id='block_1_21' title="bbox 2015 667 3663 744">
    <p class='ocr_par' dir='ltr' id='par_1_21' title="bbox 2015 667 3663 744">
     <span class='ocr_line' id='line_1_21' title="bbox 2015 667 3663 744; baseline -0.006 -13"><span class='ocrx_word' id='word_1_135' title='bbox 2015 678 2237 733; x_wconf 69' lang='lat' dir='ltr'><strong>tuenda:</strong></span> <span class='ocrx_word' id='word_1_136' title='bbox 2289 678 2570 731; x_wconf 89' lang='lat' dir='ltr'><strong>rationem</strong></span> <span class='ocrx_word' id='word_1_137' title='bbox 2615 674 2963 744; x_wconf 89' lang='lat' dir='ltr'><strong>perveneris.</strong></span> <span class='ocrx_word' id='word_1_138' title='bbox 2999 674 3067 728; x_wconf 91' lang='lat' dir='ltr'><strong>Et</strong></span> <span class='ocrx_word' id='word_1_139' title='bbox 3097 689 3286 744; x_wconf 90' lang='lat' dir='ltr'><strong>neque</strong></span> <span class='ocrx_word' id='word_1_140' title='bbox 3317 671 3523 727; x_wconf 89' lang='lat' dir='ltr'><strong>medici</strong></span> <span class='ocrx_word' id='word_1_141' title='bbox 3556 667 3663 734; x_wconf 88' lang='lat' dir='ltr'><strong>tui,</strong></span> 
     </span>
    </p>
   </div>
   <div class='ocr_carea' id='block_1_22' title="bbox 2014 764 3662 836">
    <p class='ocr_par' dir='ltr' id='par_1_22' title="bbox 2014 764 3662 836">
     <span class='ocr_line' id='line_1_22' title="bbox 2014 764 3662 836; baseline -0.005 -16"><span class='ocrx_word' id='word_1_142' title='bbox 2014 781 2203 836; x_wconf 88' lang='lat' dir='ltr'><strong>neque</strong></span> <span class='ocrx_word' id='word_1_143' title='bbox 2235 764 2317 818; x_wconf 87' lang='lat' dir='ltr'>illi</span> <span class='ocrx_word' id='word_1_144' title='bbox 2349 765 2454 833; x_wconf 83' lang='lat' dir='ltr'><strong>ipsi</strong></span> <span class='ocrx_word' id='word_1_145' title='bbox 2489 765 2585 835; x_wconf 85' lang='lat' dir='ltr'><strong>qui</strong></span> <span class='ocrx_word' id='word_1_146' title='bbox 2616 766 2699 819; x_wconf 90' lang='lat' dir='ltr'><strong>eis</strong></span> <span class='ocrx_word' id='word_1_147' title='bbox 2732 766 2871 819; x_wconf 88' lang='lat' dir='ltr'><strong>artis</strong></span> <span class='ocrx_word' id='word_1_148' title='bbox 2900 780 3021 819; x_wconf 79' lang='lat' dir='ltr'><strong>suae</strong></span> <span class='ocrx_word' id='word_1_149' title='bbox 3064 767 3351 835; x_wconf 67' lang='lat' dir='ltr'><strong>praecepta</strong></span> <span class='ocrx_word' id='word_1_150' title='bbox 3383 766 3662 830; x_wconf 83' lang='lat' dir='ltr'><strong>tanquam</strong></span> 
     </span>
    </p>
   </div>
   <div class='ocr_carea' id='block_1_23' title="bbox 2015 849 3661 926">
    <p class='ocr_par' dir='ltr' id='par_1_23' title="bbox 2015 849 3661 926">
     <span class='ocr_line' id='line_1_23' title="bbox 2015 849 3661 926; baseline -0.005 -17"><span class='ocrx_word' id='word_1_151' title='bbox 2015 854 2281 926; x_wconf 82' lang='lat' dir='ltr'><strong>magistri</strong></span> <span class='ocrx_word' id='word_1_152' title='bbox 2307 859 2364 908; x_wconf 91' lang='lat' dir='ltr'><strong>et</strong></span> <span class='ocrx_word' id='word_1_153' title='bbox 2393 854 2630 910; x_wconf 68' lang='lat' dir='ltr'><strong>duces!)</strong></span> <span class='ocrx_word' id='word_1_154' title='bbox 2660 855 3044 921; x_wconf 82' lang='lat' dir='ltr'><strong>tradiderunt,</strong></span> <span class='ocrx_word' id='word_1_155' title='bbox 3071 868 3311 924; x_wconf 83' lang='lat' dir='ltr'><strong>prorsus</strong></span> <span class='ocrx_word' id='word_1_156' title='bbox 3341 849 3661 922; x_wconf 83' lang='lat' dir='ltr'><strong>quidquam</strong></span> 
     </span>
    </p>
   </div>
   <div class='ocr_carea' id='block_1_24' title="bbox 2017 937 3664 1014">
    <p class='ocr_par' dir='ltr' id='par_1_24' title="bbox 2017 937 3664 1014">
     <span class='ocr_line' id='line_1_24' title="bbox 2017 937 3664 1014; baseline -0.004 -17"><span class='ocrx_word' id='word_1_157' title='bbox 2017 943 2366 1010; x_wconf 87' lang='lat' dir='ltr'><strong>habuerunt,</strong></span> <span class='ocrx_word' id='word_1_158' title='bbox 2400 944 2553 1014; x_wconf 89' lang='lat' dir='ltr'><strong>quod</strong></span> <span class='ocrx_word' id='word_1_159' title='bbox 2607 943 2887 998; x_wconf 90' lang='lat' dir='ltr'><strong>adversus</strong></span> <span class='ocrx_word' id='word_1_160' title='bbox 2936 941 3331 1012; x_wconf 66' lang='lat' dir='ltr'><strong>pris-scriptum</strong></span> <span class='ocrx_word' id='word_1_161' title='bbox 3387 937 3664 1010; x_wconf 72' lang='lat' dir='ltr'><strong>degendae</strong></span> 
     </span>
    </p>
   </div>
   <div class='ocr_carea' id='block_1_25' title="bbox 2014 1028 3661 1101">
    <p class='ocr_par' dir='ltr' id='par_1_25' title="bbox 2014 1028 3661 1101">
     <span class='ocr_line' id='line_1_25' title="bbox 2014 1028 3661 1101; baseline -0.004 -13"><span class='ocrx_word' id='word_1_162' title='bbox 2014 1033 2082 1088; x_wconf 88' lang='lat' dir='ltr'><strong>ad</strong></span> <span class='ocrx_word' id='word_1_163' title='bbox 2116 1032 2518 1089; x_wconf 84' lang='lat' dir='ltr'><strong>salubritatem</strong></span> <span class='ocrx_word' id='word_1_164' title='bbox 2553 1032 2677 1086; x_wconf 84' lang='lat' dir='ltr'><strong>vitae</strong></span> <span class='ocrx_word' id='word_1_165' title='bbox 2710 1037 2871 1086; x_wconf 90' lang='lat' dir='ltr'><strong>tuum</strong></span> <span class='ocrx_word' id='word_1_166' title='bbox 2904 1035 3282 1101; x_wconf 82' lang='lat' dir='ltr'><strong>opponerent.</strong></span> <span class='ocrx_word' id='word_1_167' title='bbox 3312 1028 3661 1083; x_wconf 88' lang='lat' dir='ltr'><strong>Plutarchus</strong></span> 
     </span>
    </p>
   </div>
   <div class='ocr_carea' id='block_1_26' title="bbox 2013 1115 3662 1191">
    <p class='ocr_par' dir='ltr' id='par_1_26' title="bbox 2013 1115 3662 1191">
     <span class='ocr_line' id='line_1_26' title="bbox 2013 1115 3662 1191; baseline -0.004 -16"><span class='ocrx_word' id='word_1_168' title='bbox 2013 1122 2247 1191; x_wconf 85' lang='lat' dir='ltr'><strong>quidem</strong></span> <span class='ocrx_word' id='word_1_169' title='bbox 2306 1122 2656 1177; x_wconf 66' lang='lat' dir='ltr'><strong>Cbzrroneus</strong></span> <span class='ocrx_word' id='word_1_170' title='bbox 2689 1120 3011 1177; x_wconf 85' lang='lat' dir='ltr'><strong>Romanum</strong></span> <span class='ocrx_word' id='word_1_171' title='bbox 3044 1119 3357 1189; x_wconf 88' lang='lat' dir='ltr'><strong>imperium</strong></span> <span class='ocrx_word' id='word_1_172' title='bbox 3392 1115 3662 1171; x_wconf 83' lang='lat' dir='ltr'><strong>laudibus</strong></span> 
     </span>
    </p>
   </div>
   <div class='ocr_carea' id='block_1_27' title="bbox 2010 1205 3660 1281">
    <p class='ocr_par' dir='ltr' id='par_1_27' title="bbox 2010 1205 3660 1281">
     <span class='ocr_line' id='line_1_27' title="bbox 2010 1205 3660 1281; baseline -0.004 -17"><span class='ocrx_word' id='word_1_173' title='bbox 2010 1209 2248 1278; x_wconf 87' lang='lat' dir='ltr'><strong>vehens,</strong></span> <span class='ocrx_word' id='word_1_174' title='bbox 2300 1209 2543 1281; x_wconf 87' lang='lat' dir='ltr'><strong>pulchre</strong></span> <span class='ocrx_word' id='word_1_175' title='bbox 2599 1210 2770 1274; x_wconf 81' lang='lat' dir='ltr'><strong>dixit,</strong></span> <span class='ocrx_word' id='word_1_176' title='bbox 2820 1226 2916 1264; x_wconf 87' lang='lat' dir='ltr'><strong>eas</strong></span> <span class='ocrx_word' id='word_1_177' title='bbox 2964 1225 3090 1280; x_wconf 66' lang='lat' dir='ltr'><strong>quas</strong></span> <span class='ocrx_word' id='word_1_178' title='bbox 3141 1205 3381 1261; x_wconf 87' lang='lat' dir='ltr'><strong>antehac</strong></span> <span class='ocrx_word' id='word_1_179' title='bbox 3436 1206 3660 1261; x_wconf 89' lang='lat' dir='ltr'><strong>dudum</strong></span> 
     </span>
    </p>
   </div>
   <div class='ocr_carea' id='block_1_28' title="bbox 2012 1297 3660 1373">
    <p class='ocr_par' dir='ltr' id='par_1_28' title="bbox 2012 1297 3660 1373">
     <span class='ocr_line' id='line_1_28' title="bbox 2012 1297 3660 1373; baseline -0.004 -16"><span class='ocrx_word' id='word_1_180' title='bbox 2012 1317 2115 1372; x_wconf 88' lang='lat' dir='ltr'><strong>per</strong></span> <span class='ocrx_word' id='word_1_181' title='bbox 2150 1318 2354 1373; x_wconf 85' lang='lat' dir='ltr'><strong>graves</strong></span> <span class='ocrx_word' id='word_1_182' title='bbox 2409 1307 2601 1357; x_wconf 91' lang='lat' dir='ltr'><strong>motus</strong></span> <span class='ocrx_word' id='word_1_183' title='bbox 2648 1307 2705 1357; x_wconf 92' lang='lat' dir='ltr'><strong>et</strong></span> <span class='ocrx_word' id='word_1_184' title='bbox 2751 1301 3073 1357; x_wconf 81' lang='lat' dir='ltr'><strong>certamina</strong></span> <span class='ocrx_word' id='word_1_185' title='bbox 3122 1299 3272 1360; x_wconf 83' lang='lat' dir='ltr'><strong>inter</strong></span> <span class='ocrx_word' id='word_1_186' title='bbox 3323 1314 3385 1354; x_wconf 92' lang='lat' dir='ltr'><strong>se</strong></span> <span class='ocrx_word' id='word_1_187' title='bbox 3434 1297 3660 1351; x_wconf 86' lang='lat' dir='ltr'><strong>dissen-</strong></span> 
     </span>
    </p>
   </div>
   <div class='ocr_carea' id='block_1_29' title="bbox 2011 1388 3663 1460">
    <p class='ocr_par' dir='ltr' id='par_1_29' title="bbox 2011 1388 3663 1460">
     <span class='ocr_line' id='line_1_29' title="bbox 2011 1388 3663 1460; baseline -0.003 -14"><span class='ocrx_word' id='word_1_188' title='bbox 2011 1390 2248 1460; x_wconf 89' lang='lat' dir='ltr'><strong>sissent,</strong></span> <span class='ocrx_word' id='word_1_189' title='bbox 2282 1392 2555 1447; x_wconf 83' lang='lat' dir='ltr'><strong>virtutem</strong></span> <span class='ocrx_word' id='word_1_190' title='bbox 2608 1396 2665 1446; x_wconf 78' lang='lat' dir='ltr'><strong>et</strong></span> <span class='ocrx_word' id='word_1_191' title='bbox 2705 1392 3017 1456; x_wconf 85' lang='lat' dir='ltr'><strong>fortunam,</strong></span> <span class='ocrx_word' id='word_1_192' title='bbox 3050 1389 3144 1445; x_wconf 84' lang='lat' dir='ltr'><strong>vix</strong></span> <span class='ocrx_word' id='word_1_193' title='bbox 3189 1388 3499 1460; x_wconf 84' lang='lat' dir='ltr'><strong>aliquando</strong></span> <span class='ocrx_word' id='word_1_194' title='bbox 3530 1391 3663 1441; x_wconf 87' lang='lat' dir='ltr'><strong>tan-</strong></span> 
     </span>
    </p>
   </div>
   <div class='ocr_carea' id='block_1_30' title="bbox 2010 1476 3665 1552">
    <p class='ocr_par' dir='ltr' id='par_1_30' title="bbox 2010 1476 3665 1552">
     <span class='ocr_line' id='line_1_30' title="bbox 2010 1476 3665 1552; baseline -0.002 -17"><span class='ocrx_word' id='word_1_195' title='bbox 2010 1480 2165 1546; x_wconf 88' lang='lat' dir='ltr'><strong>dem,</strong></span> <span class='ocrx_word' id='word_1_196' title='bbox 2204 1487 2442 1552; x_wconf 81' lang='lat' dir='ltr'><strong>prOpter</strong></span> <span class='ocrx_word' id='word_1_197' title='bbox 2474 1482 2676 1537; x_wconf 89' lang='lat' dir='ltr'><strong>urbem</strong></span> <span class='ocrx_word' id='word_1_198' title='bbox 2720 1480 3045 1536; x_wconf 85' lang='lat' dir='ltr'><strong>Romanam</strong></span> <span class='ocrx_word' id='word_1_199' title='bbox 3079 1478 3281 1543; x_wconf 81' lang='lat' dir='ltr'><strong>solam,</strong></span> <span class='ocrx_word' id='word_1_200' title='bbox 3314 1476 3501 1550; x_wconf 88' lang='lat' dir='ltr'><strong>pactis</strong></span> <span class='ocrx_word' id='word_1_201' title='bbox 3530 1492 3665 1532; x_wconf 89' lang='lat' dir='ltr'><strong>con-</strong></span> 
     </span>
    </p>
   </div>
   <div class='ocr_carea' id='block_1_31' title="bbox 2009 1568 3664 1642">
    <p class='ocr_par' dir='ltr' id='par_1_31' title="bbox 2009 1568 3664 1642">
     <span class='ocr_line' id='line_1_31' title="bbox 2009 1568 3664 1642; baseline -0.002 -18"><span class='ocrx_word' id='word_1_202' title='bbox 2009 1570 2198 1627; x_wconf 87' lang='lat' dir='ltr'><strong>ventis</strong></span> <span class='ocrx_word' id='word_1_203' title='bbox 2238 1587 2339 1642; x_wconf 91' lang='lat' dir='ltr'><strong>per</strong></span> <span class='ocrx_word' id='word_1_204' title='bbox 2391 1572 2576 1626; x_wconf 70' lang='lat' dir='ltr'><strong>foedus</strong></span> <span class='ocrx_word' id='word_1_205' title='bbox 2627 1571 2838 1626; x_wconf 91' lang='lat' dir='ltr'><strong>initum</strong></span> <span class='ocrx_word' id='word_1_206' title='bbox 2890 1570 2951 1625; x_wconf 91' lang='lat' dir='ltr'><strong>in</strong></span> <span class='ocrx_word' id='word_1_207' title='bbox 2993 1570 3237 1639; x_wconf 87' lang='lat' dir='ltr'><strong>gratiam</strong></span> <span class='ocrx_word' id='word_1_208' title='bbox 3287 1568 3547 1635; x_wconf 87' lang='lat' dir='ltr'><strong>rediisse,</strong></span> <span class='ocrx_word' id='word_1_209' title='bbox 3600 1568 3664 1620; x_wconf 90' lang='lat' dir='ltr'><strong>ut</strong></span> 
     </span>
    </p>
   </div>
   <div class='ocr_carea' id='block_1_32' title="bbox 2015 1656 3659 1728">
    <p class='ocr_par' dir='ltr' id='par_1_32' title="bbox 2015 1656 3659 1728">
     <span class='ocr_line' id='line_1_32' title="bbox 2015 1656 3659 1728; baseline -0.002 -14"><span class='ocrx_word' id='word_1_210' title='bbox 2015 1660 2280 1715; x_wconf 88' lang='lat' dir='ltr'><strong>omnium</strong></span> <span class='ocrx_word' id='word_1_211' title='bbox 2318 1660 2713 1716; x_wconf 87' lang='lat' dir='ltr'><strong>humanarum</strong></span> <span class='ocrx_word' id='word_1_212' title='bbox 2758 1675 2951 1714; x_wconf 90' lang='lat' dir='ltr'><strong>rerum</strong></span> <span class='ocrx_word' id='word_1_213' title='bbox 2997 1659 3159 1728; x_wconf 82' lang='lat' dir='ltr'><strong>longe</strong></span> <span class='ocrx_word' id='word_1_214' title='bbox 3202 1656 3659 1728; x_wconf 89' lang='lat' dir='ltr'><strong>pulcherrimum</strong></span> 
     </span>
    </p>
   </div>
   <div class='ocr_carea' id='block_1_33' title="bbox 2011 1747 3662 1821">
    <p class='ocr_par' dir='ltr' id='par_1_33' title="bbox 2011 1747 3662 1821">
     <span class='ocr_line' id='line_1_33' title="bbox 2011 1747 3662 1821; baseline -0.002 -18"><span class='ocrx_word' id='word_1_215' title='bbox 2011 1764 2156 1821; x_wconf 76' lang='lat' dir='ltr'><strong>Opus</strong></span> <span class='ocrx_word' id='word_1_216' title='bbox 2187 1750 2545 1806; x_wconf 88' lang='lat' dir='ltr'><strong>absolveriut</strong></span> <span class='ocrx_word' id='word_1_217' title='bbox 2576 1755 2748 1819; x_wconf 79' lang='lat' dir='ltr'><strong>atque</strong></span> <span class='ocrx_word' id='word_1_218' title='bbox 2780 1748 3141 1820; x_wconf 84' lang='lat' dir='ltr'><strong>perfecerint.</strong></span> <span class='ocrx_word' id='word_1_219' title='bbox 3172 1747 3312 1803; x_wconf 84' lang='lat' dir='ltr'><strong>Mihi</strong></span> <span class='ocrx_word' id='word_1_220' title='bbox 3344 1764 3477 1802; x_wconf 86' lang='lat' dir='ltr'><strong>vero</strong></span> <span class='ocrx_word' id='word_1_221' title='bbox 3509 1750 3662 1801; x_wconf 89' lang='lat' dir='ltr'><strong>recte</strong></span> 
     </span>
    </p>
   </div>
   <div class='ocr_carea' id='block_1_34' title="bbox 262 1832 1895 1924">
    <p class='ocr_par' dir='ltr' id='par_1_34' title="bbox 262 1832 1895 1912">
     <span class='ocr_line' id='line_1_34' title="bbox 262 1832 1895 1912; baseline -0.004 -22"><span class='ocrx_word' id='word_1_222' title='bbox 262 1832 488 1909; x_wconf 77' lang='grc' dir='ltr'>ἐγκρατῆ</span> <span class='ocrx_word' id='word_1_223' title='bbox 544 1835 815 1912; x_wconf 84' lang='grc' dir='ltr'>λογισμὸν</span> <span class='ocrx_word' id='word_1_224' title='bbox 875 1834 1156 1905; x_wconf 76' lang='grc' dir='ltr'><strong>ἀντιτάξας</strong></span> <span class='ocrx_word' id='word_1_225' title='bbox 1209 1838 1277 1907; x_wconf 79' lang='grc' dir='ltr'><strong>τῇ</strong></span> <span class='ocrx_word' id='word_1_226' title='bbox 1337 1834 1614 1907; x_wconf 79' lang='grc' dir='ltr'><strong>ῥᾳστώνῃ,</strong></span> <span class='ocrx_word' id='word_1_227' title='bbox 1676 1832 1895 1893; x_wconf 78' lang='grc' dir='ltr'><strong>εἰκότως</strong></span> 
     </span>
    </p>
   </div>
   <div class='ocr_carea' id='block_1_35' title="bbox 2005 1832 3660 1924">
    <p class='ocr_par' dir='ltr' id='par_1_35' title="bbox 2011 1835 3660 1910">
     <span class='ocr_line' id='line_1_35' title="bbox 2011 1835 3660 1910; baseline -0.002 -17"><span class='ocrx_word' id='word_1_228' title='bbox 2011 1856 2242 1910; x_wconf 92' lang='lat' dir='ltr'><strong>quoque</strong></span> <span class='ocrx_word' id='word_1_229' title='bbox 2291 1840 2625 1895; x_wconf 86' lang='lat' dir='ltr'><strong>existimare</strong></span> <span class='ocrx_word' id='word_1_230' title='bbox 2674 1841 2730 1894; x_wconf 88' lang='lat' dir='ltr'><strong>in</strong></span> <span class='ocrx_word' id='word_1_231' title='bbox 2780 1844 3037 1894; x_wconf 89' lang='lat' dir='ltr'><strong>mentem</strong></span> <span class='ocrx_word' id='word_1_232' title='bbox 3090 1838 3269 1902; x_wconf 89' lang='lat' dir='ltr'><strong>venit,</strong></span> <span class='ocrx_word' id='word_1_233' title='bbox 3302 1837 3361 1891; x_wconf 90' lang='lat' dir='ltr'><strong>in</strong></span> <span class='ocrx_word' id='word_1_234' title='bbox 3400 1840 3456 1891; x_wconf 89' lang='lat' dir='ltr'><strong>te</strong></span> <span class='ocrx_word' id='word_1_235' title='bbox 3487 1835 3660 1890; x_wconf 90' lang='lat' dir='ltr'><strong>etiam</strong></span> 
     </span>
    </p>
   </div>
   <div class='ocr_carea' id='block_1_36' title="bbox 265 1921 1896 2002">
    <p class='ocr_par' dir='ltr' id='par_1_36' title="bbox 265 1921 1896 2002">
     <span class='ocr_line' id='line_1_36' title="bbox 265 1921 1896 2002; baseline -0.001 -22"><span class='ocrx_word' id='word_1_236' title='bbox 265 1924 319 1981; x_wconf 89' lang='grc' dir='ltr'><strong>οὐ</strong></span> <span class='ocrx_word' id='word_1_237' title='bbox 356 1928 521 1998; x_wconf 85' lang='grc' dir='ltr'>μόνον</span> <span class='ocrx_word' id='word_1_238' title='bbox 556 1926 860 2002; x_wconf 79' lang='grc' dir='ltr'>ἀνθρώπων</span> <span class='ocrx_word' id='word_1_239' title='bbox 909 1927 1261 2001; x_wconf 71' lang='grc' dir='ltr'>αὐτοκράίτωρ</span> <span class='ocrx_word' id='word_1_240' title='bbox 1293 1928 1518 1999; x_wconf 78' lang='grc' dir='ltr'>νομίζῃ,</span> <span class='ocrx_word' id='word_1_241' title='bbox 1551 1922 1699 1980; x_wconf 81' lang='grc' dir='ltr'><strong>ἀλλά</strong></span> <span class='ocrx_word' id='word_1_242' title='bbox 1737 1945 1799 2000; x_wconf 87' lang='grc' dir='ltr'>γε</span> <span class='ocrx_word' id='word_1_243' title='bbox 1830 1921 1896 1991; x_wconf 80' lang='grc' dir='ltr'><strong>δὴ</strong></span> 
     </span>
    </p>
   </div>
   <div class='ocr_carea' id='block_1_37' title="bbox 262 2014 1896 2091">
    <p class='ocr_par' dir='ltr' id='par_1_37' title="bbox 262 2014 1896 2091">
     <span class='ocr_line' id='line_1_37' title="bbox 262 2014 1896 2091; baseline 0 -21"><span class='ocrx_word' id='word_1_244' title='bbox 262 2015 343 2070; x_wconf 80' lang='grc' dir='ltr'><strong>καὶ</strong></span> <span class='ocrx_word' id='word_1_245' title='bbox 392 2017 580 2072; x_wconf 84' lang='grc' dir='ltr'>παθῶν</span> <span class='ocrx_word' id='word_1_246' title='bbox 631 2017 906 2087; x_wconf 75' lang='grc' dir='ltr'>ἁπάντων,</span> <span class='ocrx_word' id='word_1_247' title='bbox 965 2017 1065 2071; x_wconf 81' lang='grc' dir='ltr'>ὅσα</span> <span class='ocrx_word' id='word_1_248' title='bbox 1117 2020 1304 2091; x_wconf 71' lang='grc' dir='ltr'>ψυχῆς</span> <span class='ocrx_word' id='word_1_249' title='bbox 1358 2037 1417 2070; x_wconf 83' lang='grc' dir='ltr'><strong>τε</strong></span> <span class='ocrx_word' id='word_1_250' title='bbox 1472 2015 1560 2071; x_wconf 78' lang='grc' dir='ltr'><strong>καὶ</strong></span> <span class='ocrx_word' id='word_1_251' title='bbox 1621 2014 1896 2086; x_wconf 83' lang='grc' dir='ltr'>σώματος.</span> 
     </span>
    </p>
   </div>
   <div class='ocr_carea' id='block_1_38' title="bbox 264 2099 1900 2181">
    <p class='ocr_par' dir='ltr' id='par_1_38' title="bbox 264 2099 1900 2181">
     <span class='ocr_line' id='line_1_38' title="bbox 264 2099 1900 2181; baseline -0.002 -21"><span class='ocrx_word' id='word_1_252' title='bbox 264 2106 354 2160; x_wconf 75' lang='grc' dir='ltr'><strong>Καὶ</strong></span> <span class='ocrx_word' id='word_1_253' title='bbox 399 2103 463 2173; x_wconf 73' lang='grc' dir='ltr'><strong>δὴ</strong></span> <span class='ocrx_word' id='word_1_254' title='bbox 511 2109 649 2180; x_wconf 74' lang='grc' dir='ltr'>γοῦν</span> <span class='ocrx_word' id='word_1_255' title='bbox 696 2103 829 2161; x_wconf 77' lang='grc' dir='ltr'>ἰδεῖν</span> <span class='ocrx_word' id='word_1_256' title='bbox 878 2104 1019 2160; x_wconf 81' lang='grc' dir='ltr'>ἔστιν</span> <span class='ocrx_word' id='word_1_257' title='bbox 1048 2105 1102 2166; x_wconf 86' lang='grc' dir='ltr'>ἐς</span> <span class='ocrx_word' id='word_1_258' title='bbox 1138 2099 1450 2181; x_wconf 71' lang='grc' dir='ltr'>ὑπερϐολήν</span> <span class='ocrx_word' id='word_1_259' title='bbox 1477 2104 1538 2158; x_wconf 89' lang='grc' dir='ltr'>τὸ</span> <span class='ocrx_word' id='word_1_260' title='bbox 1568 2110 1669 2172; x_wconf 79' lang='grc' dir='ltr'><strong>τῆς</strong></span> <span class='ocrx_word' id='word_1_261' title='bbox 1703 2100 1900 2176; x_wconf 75' lang='grc' dir='ltr'>φιλαν-</span> 
     </span>
    </p>
   </div>
   <div class='ocr_carea' id='block_1_39' title="bbox 260 2192 1897 2270">
    <p class='ocr_par' dir='ltr' id='par_1_39' title="bbox 260 2192 1897 2270">
     <span class='ocr_line' id='line_1_39' title="bbox 260 2192 1897 2270; baseline -0.002 -21"><span class='ocrx_word' id='word_1_262' title='bbox 260 2194 488 2268; x_wconf 84' lang='grc' dir='ltr'>θρωπίας</span> <span class='ocrx_word' id='word_1_263' title='bbox 538 2216 628 2250; x_wconf 89' lang='grc' dir='ltr'><strong>σοι</strong></span> <span class='ocrx_word' id='word_1_264' title='bbox 676 2197 882 2270; x_wconf 87' lang='grc' dir='ltr'>περιόν.</span> <span class='ocrx_word' id='word_1_265' title='bbox 917 2197 1202 2265; x_wconf 75' lang='grc' dir='ltr'>Ἀντικρος</span> <span class='ocrx_word' id='word_1_266' title='bbox 1251 2196 1353 2269; x_wconf 84' lang='grc' dir='ltr'><strong>γὰρ</strong></span> <span class='ocrx_word' id='word_1_267' title='bbox 1410 2193 1497 2248; x_wconf 83' lang='grc' dir='ltr'><strong>καὶ</strong></span> <span class='ocrx_word' id='word_1_268' title='bbox 1547 2193 1610 2248; x_wconf 88' lang='grc' dir='ltr'>τὸ</span> <span class='ocrx_word' id='word_1_269' title='bbox 1651 2192 1897 2264; x_wconf 86' lang='grc' dir='ltr'>πολεμι-</span> 
     </span>
    </p>
   </div>
   <div class='ocr_carea' id='block_1_40' title="bbox 258 2278 1899 2362">
    <p class='ocr_par' dir='ltr' id='par_1_40' title="bbox 258 2278 1899 2362">
     <span class='ocr_line' id='line_1_40' title="bbox 258 2278 1899 2362; baseline -0.001 -24"><span class='ocrx_word' id='word_1_270' title='bbox 258 2282 344 2338; x_wconf 83' lang='grc' dir='ltr'><strong>κόν</strong></span> <span class='ocrx_word' id='word_1_271' title='bbox 373 2305 466 2338; x_wconf 79' lang='grc' dir='ltr'><strong>σου</strong></span> <span class='ocrx_word' id='word_1_272' title='bbox 499 2283 911 2362; x_wconf 73' lang='grc' dir='ltr'>φιλάνθρωπον,</span> <span class='ocrx_word' id='word_1_273' title='bbox 941 2286 1030 2339; x_wconf 79' lang='grc' dir='ltr'>καὶ</span> <span class='ocrx_word' id='word_1_274' title='bbox 1083 2287 1144 2339; x_wconf 81' lang='grc' dir='ltr'>τὸ</span> <span class='ocrx_word' id='word_1_275' title='bbox 1192 2289 1363 2357; x_wconf 81' lang='grc' dir='ltr'>πρᾶον</span> <span class='ocrx_word' id='word_1_276' title='bbox 1407 2278 1679 2353; x_wconf 80' lang='grc' dir='ltr'>ἀνδρῶδες</span> <span class='ocrx_word' id='word_1_277' title='bbox 1702 2301 1715 2313; x_wconf 75' lang='grc'><strong><em>⁸</em></strong></span> <span class='ocrx_word' id='word_1_278' title='bbox 1746 2282 1808 2336; x_wconf 90' lang='grc' dir='ltr'>τὸ</span> <span class='ocrx_word' id='word_1_279' title='bbox 1843 2278 1899 2336; x_wconf 77' lang='grc' dir='ltr'>δὲ</span> 
     </span>
    </p>
   </div>
   <div class='ocr_carea' id='block_1_41' title="bbox 259 2368 1896 2448">
    <p class='ocr_par' dir='ltr' id='par_1_41' title="bbox 259 2368 1896 2448">
     <span class='ocr_line' id='line_1_41' title="bbox 259 2368 1896 2448; baseline 0 -23"><span class='ocrx_word' id='word_1_280' title='bbox 259 2380 347 2441; x_wconf 63' lang='grc' dir='ltr'>τῆς</span> <span class='ocrx_word' id='word_1_281' title='bbox 403 2375 709 2448; x_wconf 67' lang='grc' dir='ltr'>εἱιῖργεςῗτςς</span> <span class='ocrx_word' id='word_1_282' title='bbox 767 2375 839 2437; x_wconf 66' lang='grc' dir='ltr'>ὥς</span> <span class='ocrx_word' id='word_1_283' title='bbox 903 2375 1141 2447; x_wconf 82' lang='grc' dir='ltr'>μάλιστα</span> <span class='ocrx_word' id='word_1_284' title='bbox 1198 2372 1679 2444; x_wconf 81' lang='grc' dir='ltr'>οἰκονομικόν’τὸ</span> <span class='ocrx_word' id='word_1_285' title='bbox 1733 2368 1790 2426; x_wconf 77' lang='grc' dir='ltr'><strong>δὲ</strong></span> <span class='ocrx_word' id='word_1_286' title='bbox 1834 2392 1896 2445; x_wconf 88' lang='grc' dir='ltr'><strong>γε</strong></span> 
     </span>
    </p>
   </div>
   <div class='ocr_carea' id='block_1_42' title="bbox 259 2460 1892 2539">
    <p class='ocr_par' dir='ltr' id='par_1_42' title="bbox 259 2460 1892 2539">
     <span class='ocr_line' id='line_1_42' title="bbox 259 2460 1892 2539; baseline -0.002 -23"><span class='ocrx_word' id='word_1_287' title='bbox 259 2464 471 2533; x_wconf 81' lang='grc' dir='ltr'>θυμικὸν</span> <span class='ocrx_word' id='word_1_288' title='bbox 524 2461 939 2521; x_wconf 78' lang='grc' dir='ltr'>εὐδιάλλακτον.</span> <span class='ocrx_word' id='word_1_289' title='bbox 975 2463 1167 2538; x_wconf 83' lang='grc' dir='ltr'>Στείρα</span> <span class='ocrx_word' id='word_1_290' title='bbox 1215 2463 1343 2539; x_wconf 76' lang='grc' dir='ltr'>γὰρ,</span> <span class='ocrx_word' id='word_1_291' title='bbox 1376 2463 1451 2523; x_wconf 85' lang='grc' dir='ltr'>ὡς</span> <span class='ocrx_word' id='word_1_292' title='bbox 1492 2460 1553 2516; x_wconf 76' lang='grc' dir='ltr'><strong>ἄν</strong></span> <span class='ocrx_word' id='word_1_293' title='bbox 1600 2484 1687 2523; x_wconf 86' lang='grc' dir='ltr'><strong>τις</strong></span> <span class='ocrx_word' id='word_1_294' title='bbox 1724 2460 1892 2525; x_wconf 74' lang='grc' dir='ltr'>εἷ’ποι,</span> 
     </span>
    </p>
   </div>
   <div class='ocr_carea' id='block_1_43' title="bbox 256 2553 1895 2629">
    <p class='ocr_par' dir='ltr' id='par_1_43' title="bbox 256 2553 1895 2629">
     <span class='ocr_line' id='line_1_43' title="bbox 256 2553 1895 2629; baseline -0.001 -22"><span class='ocrx_word' id='word_1_295' title='bbox 256 2554 382 2628; x_wconf 85' lang='grc' dir='ltr'>πρὸς</span> <span class='ocrx_word' id='word_1_296' title='bbox 429 2553 601 2629; x_wconf 73' lang='grc' dir='ltr'>ὀργήν</span> <span class='ocrx_word' id='word_1_297' title='bbox 652 2555 686 2624; x_wconf 78' lang='grc' dir='ltr'>ἡ</span> <span class='ocrx_word' id='word_1_298' title='bbox 739 2555 806 2622; x_wconf 82' lang='grc' dir='ltr'><strong>σὴ</strong></span> <span class='ocrx_word' id='word_1_299' title='bbox 858 2554 1086 2623; x_wconf 82' lang='grc' dir='ltr'>κατὲστη</span> <span class='ocrx_word' id='word_1_300' title='bbox 1140 2555 1334 2628; x_wconf 74' lang='grc' dir='ltr'><strong>ψυχή’</strong></span> <span class='ocrx_word' id='word_1_301' title='bbox 1383 2557 1473 2607; x_wconf 75' lang='grc' dir='ltr'>καὶ</span> <span class='ocrx_word' id='word_1_302' title='bbox 1522 2553 1658 2628; x_wconf 88' lang='grc' dir='ltr'>πρὸς</span> <span class='ocrx_word' id='word_1_303' title='bbox 1704 2554 1802 2620; x_wconf 77' lang='grc' dir='ltr'><strong>τὴν</strong></span> <span class='ocrx_word' id='word_1_304' title='bbox 1837 2553 1895 2606; x_wconf 82' lang='grc' dir='ltr'>ἐκ</span> 
     </span>
    </p>
   </div>
   <div class='ocr_carea' id='block_1_44' title="bbox 257 2642 1892 2723">
    <p class='ocr_par' dir='ltr' id='par_1_44' title="bbox 257 2642 1892 2723">
     <span class='ocr_line' id='line_1_44' title="bbox 257 2642 1892 2723; baseline 0.001 -27"><span class='ocrx_word' id='word_1_305' title='bbox 257 2645 421 2716; x_wconf 78' lang='grc' dir='ltr'><strong>Θυμοῦ</strong></span> <span class='ocrx_word' id='word_1_306' title='bbox 490 2643 701 2723; x_wconf 70' lang='grc' dir='ltr'>φλόγα,</span> <span class='ocrx_word' id='word_1_307' title='bbox 771 2642 967 2723; x_wconf 77' lang='grc' dir='ltr'>σχεδὸν</span> <span class='ocrx_word' id='word_1_308' title='bbox 1040 2642 1422 2708; x_wconf 76' lang='grc' dir='ltr'>ἀσονδύαστος,</span> <span class='ocrx_word' id='word_1_309' title='bbox 1489 2642 1680 2717; x_wconf 85' lang='grc' dir='ltr'>καίπερ</span> <span class='ocrx_word' id='word_1_310' title='bbox 1756 2644 1892 2716; x_wconf 88' lang='grc' dir='ltr'>πρὸς</span> 
     </span>
    </p>
   </div>
   <div class='ocr_carea' id='block_1_45' title="bbox 256 2729 1893 2809">
    <p class='ocr_par' dir='ltr' id='par_1_45' title="bbox 256 2729 1893 2809">
     <span class='ocr_line' id='line_1_45' title="bbox 256 2729 1893 2809; baseline 0 -23"><span class='ocrx_word' id='word_1_311' title='bbox 256 2733 381 2787; x_wconf 79' lang='grc' dir='ltr'>ἅπαν</span> <span class='ocrx_word' id='word_1_312' title='bbox 422 2738 530 2789; x_wconf 88' lang='grc' dir='ltr'><strong>τῶν</strong></span> <span class='ocrx_word' id='word_1_313' title='bbox 588 2734 798 2809; x_wconf 76' lang='grc' dir='ltr'>ἀγαθῶν</span> <span class='ocrx_word' id='word_1_314' title='bbox 845 2733 1076 2809; x_wconf 84' lang='grc' dir='ltr'>γόνιμος</span> <span class='ocrx_word' id='word_1_315' title='bbox 1116 2734 1251 2787; x_wconf 69' lang='grc' dir='ltr'>οὖσα</span> <span class='ocrx_word' id='word_1_316' title='bbox 1296 2734 1384 2787; x_wconf 88' lang='grc' dir='ltr'>καὶ</span> <span class='ocrx_word' id='word_1_317' title='bbox 1415 2730 1699 2807; x_wconf 81' lang='grc' dir='ltr'>ἔγκαρπος.</span> <span class='ocrx_word' id='word_1_318' title='bbox 1732 2734 1805 2786; x_wconf 87' lang='grc' dir='ltr'>Τὸ</span> <span class='ocrx_word' id='word_1_319' title='bbox 1837 2729 1893 2787; x_wconf 74' lang='grc' dir='ltr'><strong>δὲ</strong></span> 
     </span>
    </p>
   </div>
   <div class='ocr_carea' id='block_1_46' title="bbox 253 2821 1888 2897">
    <p class='ocr_par' dir='ltr' id='par_1_46' title="bbox 253 2821 1888 2897">
     <span class='ocr_line' id='line_1_46' title="bbox 253 2821 1888 2897; baseline -0.002 -20"><span class='ocrx_word' id='word_1_320' title='bbox 253 2829 343 2890; x_wconf 78' lang='grc' dir='ltr'><strong>τῆς</strong></span> <span class='ocrx_word' id='word_1_321' title='bbox 390 2823 676 2897; x_wconf 83' lang='grc' dir='ltr'>εὐνομίας,</span> <span class='ocrx_word' id='word_1_322' title='bbox 709 2822 833 2878; x_wconf 80' lang='grc' dir='ltr'>ὅσον</span> <span class='ocrx_word' id='word_1_323' title='bbox 882 2824 979 2885; x_wconf 82' lang='grc' dir='ltr'><strong>τὰς</strong></span> <span class='ocrx_word' id='word_1_324' title='bbox 1026 2826 1135 2878; x_wconf 89' lang='grc' dir='ltr'><strong>τῶν</strong></span> <span class='ocrx_word' id='word_1_325' title='bbox 1185 2821 1385 2877; x_wconf 80' lang='grc' dir='ltr'>ἀδίκων</span> <span class='ocrx_word' id='word_1_326' title='bbox 1429 2821 1603 2894; x_wconf 72' lang='grc' dir='ltr'>ὁρμὰς</span> <span class='ocrx_word' id='word_1_327' title='bbox 1633 2826 1752 2882; x_wconf 80' lang='grc' dir='ltr'>ταῖς</span> <span class='ocrx_word' id='word_1_328' title='bbox 1780 2827 1888 2876; x_wconf 84' lang='grc' dir='ltr'><strong>τῶν</strong></span> 
     </span>
    </p>
   </div>
   <div class='ocr_carea' id='block_1_47' title="bbox 255 2908 1888 2992">
    <p class='ocr_par' dir='ltr' id='par_1_47' title="bbox 255 2908 1888 2992">
     <span class='ocr_line' id='line_1_47' title="bbox 255 2908 1888 2992; baseline -0.001 -27"><span class='ocrx_word' id='word_1_329' title='bbox 255 2908 466 2967; x_wconf 82' lang='grc' dir='ltr'>δικαίων</span> <span class='ocrx_word' id='word_1_330' title='bbox 558 2912 894 2992; x_wconf 74' lang='grc' dir='ltr'>ὑφηγήσεσιν</span> <span class='ocrx_word' id='word_1_331' title='bbox 963 2910 1373 2981; x_wconf 75' lang='grc' dir='ltr'>ἀναστέλλοντι,</span> <span class='ocrx_word' id='word_1_332' title='bbox 1440 2910 1528 2966; x_wconf 82' lang='grc' dir='ltr'><strong>καὶ</strong></span> <span class='ocrx_word' id='word_1_333' title='bbox 1603 2914 1702 2976; x_wconf 80' lang='grc' dir='ltr'><strong>τῆς</strong></span> <span class='ocrx_word' id='word_1_334' title='bbox 1783 2918 1888 2984; x_wconf 80' lang='grc' dir='ltr'>γῆς</span> 
     </span>
    </p>
   </div>
   <div class='ocr_carea' id='block_1_48' title="bbox 254 2997 1886 3077">
    <p class='ocr_par' dir='ltr' id='par_1_48' title="bbox 254 2997 1886 3077">
     <span class='ocr_line' id='line_1_48' title="bbox 254 2997 1886 3077; baseline 0 -23"><span class='ocrx_word' id='word_1_335' title='bbox 254 3001 561 3077; x_wconf 76' lang='grc' dir='ltr'>ἁπανταχοῦ</span> <span class='ocrx_word' id='word_1_336' title='bbox 608 3002 836 3077; x_wconf 83' lang='grc' dir='ltr'>τάγαθὸν</span> <span class='ocrx_word' id='word_1_337' title='bbox 892 3001 1328 3077; x_wconf 77' lang='grc' dir='ltr'>κατασπείροντι,</span> <span class='ocrx_word' id='word_1_338' title='bbox 1370 2999 1478 3076; x_wconf 86' lang='grc' dir='ltr'><strong>οὐχ</strong></span> <span class='ocrx_word' id='word_1_339' title='bbox 1531 3002 1693 3071; x_wconf 78' lang='grc' dir='ltr'>ἧττον</span> <span class='ocrx_word' id='word_1_340' title='bbox 1748 2997 1886 3071; x_wconf 70' lang='grc' dir='ltr'>ἤπερ</span> 
     </span>
    </p>
   </div>
   <div class='ocr_carea' id='block_1_49' title="bbox 253 3089 1889 3165">
    <p class='ocr_par' dir='ltr' id='par_1_49' title="bbox 253 3089 1889 3165">
     <span class='ocr_line' id='line_1_49' title="bbox 253 3089 1889 3165; baseline 0 -21"><span class='ocrx_word' id='word_1_341' title='bbox 253 3090 277 3144; x_wconf 85' lang='grc' dir='ltr'>ὁ</span> <span class='ocrx_word' id='word_1_342' title='bbox 316 3090 728 3163; x_wconf 75' lang='grc' dir='ltr'>Θρυλλούμενος</span> <span class='ocrx_word' id='word_1_343' title='bbox 795 3089 1001 3155; x_wconf 79' lang='grc' dir='ltr'>ἐκεῖνος</span> <span class='ocrx_word' id='word_1_344' title='bbox 1046 3089 1449 3165; x_wconf 82' lang='grc' dir='ltr'>Τριπτόλεμος,</span> <span class='ocrx_word' id='word_1_345' title='bbox 1503 3093 1571 3163; x_wconf 76' lang='grc' dir='ltr'><strong>τῇ</strong></span> <span class='ocrx_word' id='word_1_346' title='bbox 1613 3092 1683 3165; x_wconf 78' lang='grc' dir='ltr'><strong>γῇ</strong></span> <span class='ocrx_word' id='word_1_347' title='bbox 1731 3110 1889 3144; x_wconf 50' lang='grc' dir='ltr'>κατα-</span> 
     </span>
    </p>
   </div>
   <div class='ocr_carea' id='block_1_50' title="bbox 252 3172 1887 3254">
    <p class='ocr_par' dir='ltr' id='par_1_50' title="bbox 252 3172 1887 3254">
     <span class='ocr_line' id='line_1_50' title="bbox 252 3172 1887 3254; baseline 0.001 -23"><span class='ocrx_word' id='word_1_348' title='bbox 252 3172 461 3233; x_wconf 73' lang='grc' dir='ltr'>ϐάλλων</span> <span class='ocrx_word' id='word_1_349' title='bbox 506 3180 579 3233; x_wconf 73' lang='grc' dir='ltr'><strong>τὰ</strong></span> <span class='ocrx_word' id='word_1_350' title='bbox 627 3182 930 3254; x_wconf 69' lang='grc' dir='ltr'>σπέρματα.</span> <span class='ocrx_word' id='word_1_351' title='bbox 964 3179 1054 3242; x_wconf 82' lang='grc' dir='ltr'>Τίς</span> <span class='ocrx_word' id='word_1_352' title='bbox 1099 3177 1189 3234; x_wconf 57' lang='grc' dir='ltr'><strong>οὗν</strong></span> <span class='ocrx_word' id='word_1_353' title='bbox 1241 3176 1488 3232; x_wconf 77' lang='grc' dir='ltr'>ἀδικοῦσι</span> <span class='ocrx_word' id='word_1_354' title='bbox 1525 3177 1738 3250; x_wconf 80' lang='grc' dir='ltr'>μᾶλλον</span> <span class='ocrx_word' id='word_1_355' title='bbox 1792 3183 1887 3233; x_wconf 76' lang='grc' dir='ltr'>σοῦ</span> 
     </span>
    </p>
   </div>
   <div class='ocr_carea' id='block_1_51' title="bbox 252 3264 1889 3344">
    <p class='ocr_par' dir='ltr' id='par_1_51' title="bbox 252 3264 1889 3344">
     <span class='ocr_line' id='line_1_51' title="bbox 252 3264 1889 3344; baseline 0.001 -22"><span class='ocrx_word' id='word_1_356' title='bbox 252 3264 662 3343; x_wconf 81' lang='grc' dir='ltr'>λυπηρότερος;</span> <span class='ocrx_word' id='word_1_357' title='bbox 704 3269 738 3338; x_wconf 72' lang='grc' dir='ltr'><strong>ἢ</strong></span> <span class='ocrx_word' id='word_1_358' title='bbox 794 3267 1079 3344; x_wconf 81' lang='grc' dir='ltr'>δυστυχῶς</span> <span class='ocrx_word' id='word_1_359' title='bbox 1155 3265 1374 3343; x_wconf 80' lang='grc' dir='ltr'>ἔχουσιν</span> <span class='ocrx_word' id='word_1_360' title='bbox 1436 3267 1785 3343; x_wconf 79' lang='grc' dir='ltr'>ἡμερώτερός</span> <span class='ocrx_word' id='word_1_361' title='bbox 1830 3291 1889 3324; x_wconf 86' lang='grc' dir='ltr'><strong>τε</strong></span> 
     </span>
    </p>
   </div>
   <div class='ocr_carea' id='block_1_52' title="bbox 249 3356 1888 3433">
    <p class='ocr_par' dir='ltr' id='par_1_52' title="bbox 249 3356 1888 3433">
     <span class='ocr_line' id='line_1_52' title="bbox 249 3356 1888 3433; baseline 0 -21"><span class='ocrx_word' id='word_1_362' title='bbox 249 3359 330 3412; x_wconf 78' lang='grc' dir='ltr'>καὶ</span> <span class='ocrx_word' id='word_1_363' title='bbox 409 3356 844 3433; x_wconf 72' lang='grc' dir='ltr'>προσηνέστερος</span> <span class='ocrx_word' id='word_1_364' title='bbox 885 3376 900 3427; x_wconf 87' lang='grc'><strong>;</strong></span> <span class='ocrx_word' id='word_1_365' title='bbox 948 3357 983 3427; x_wconf 72' lang='grc' dir='ltr'><strong>ἢ</strong></span> <span class='ocrx_word' id='word_1_366' title='bbox 1062 3356 1341 3431; x_wconf 72' lang='grc' dir='ltr'>δεομένοις</span> <span class='ocrx_word' id='word_1_367' title='bbox 1426 3357 1741 3433; x_wconf 78' lang='grc' dir='ltr'>εὐγνώμων,</span> <span class='ocrx_word' id='word_1_368' title='bbox 1799 3359 1888 3415; x_wconf 74' lang='grc' dir='ltr'><strong>καὶ</strong></span> 
     </span>
    </p>
   </div>
   <div class='ocr_carea' id='block_1_53' title="bbox 248 3444 1887 3523">
    <p class='ocr_par' dir='ltr' id='par_1_53' title="bbox 248 3444 1887 3523">
     <span class='ocr_line' id='line_1_53' title="bbox 248 3444 1887 3523; baseline 0.001 -22"><span class='ocrx_word' id='word_1_369' title='bbox 248 3448 373 3519; x_wconf 78' lang='grc' dir='ltr'>πρὸς</span> <span class='ocrx_word' id='word_1_370' title='bbox 423 3449 611 3503; x_wconf 79' lang='grc' dir='ltr'>οἶκτον</span> <span class='ocrx_word' id='word_1_371' title='bbox 656 3447 1137 3523; x_wconf 72' lang='grc' dir='ltr'>ἐπιρῥεπὲστεροςς</span> <span class='ocrx_word' id='word_1_372' title='bbox 1172 3447 1308 3502; x_wconf 83' lang='grc' dir='ltr'>ὥστε</span> <span class='ocrx_word' id='word_1_373' title='bbox 1358 3444 1425 3514; x_wconf 85' lang='grc' dir='ltr'>δή</span> <span class='ocrx_word' id='word_1_374' title='bbox 1471 3446 1562 3501; x_wconf 85' lang='grc' dir='ltr'><strong>καὶ</strong></span> <span class='ocrx_word' id='word_1_375' title='bbox 1615 3448 1691 3517; x_wconf 82' lang='grc' dir='ltr'><strong>μή</strong></span> <span class='ocrx_word' id='word_1_376' title='bbox 1741 3468 1887 3508; x_wconf 84' lang='grc' dir='ltr'>τινος</span> 
     </span>
    </p>
   </div>
   <div class='ocr_carea' id='block_1_54' title="bbox 249 3536 1887 3614">
    <p class='ocr_par' dir='ltr' id='par_1_54' title="bbox 249 3536 1887 3614">
     <span class='ocr_line' id='line_1_54' title="bbox 249 3536 1887 3614; baseline 0.002 -24"><span class='ocrx_word' id='word_1_377' title='bbox 249 3538 470 3609; x_wconf 65' lang='grc' dir='ltr'>ἀνάγκης</span> <span class='ocrx_word' id='word_1_378' title='bbox 548 3536 807 3611; x_wconf 73' lang='grc' dir='ltr'>ἐμποδὼν</span> <span class='ocrx_word' id='word_1_379' title='bbox 882 3539 1250 3607; x_wconf 80' lang='grc' dir='ltr'>καθεστώσης,</span> <span class='ocrx_word' id='word_1_380' title='bbox 1307 3536 1396 3592; x_wconf 85' lang='grc' dir='ltr'><strong>καὶ</strong></span> <span class='ocrx_word' id='word_1_381' title='bbox 1448 3537 1767 3614; x_wconf 74' lang='grc' dir='ltr'>προφθάνειν</span> <span class='ocrx_word' id='word_1_382' title='bbox 1832 3558 1887 3593; x_wconf 91' lang='grc' dir='ltr'><strong>σε</strong></span> 
     </span>
    </p>
   </div>
   <div class='ocr_carea' id='block_1_55' title="bbox 249 3624 876 3705">
    <p class='ocr_par' dir='ltr' id='par_1_55' title="bbox 249 3624 876 3705">
     <span class='ocr_line' id='line_1_55' title="bbox 249 3624 876 3705; baseline 0.005 -25"><span class='ocrx_word' id='word_1_383' title='bbox 249 3630 320 3696; x_wconf 82' lang='grc' dir='ltr'>τῷ</span> <span class='ocrx_word' id='word_1_384' title='bbox 346 3629 504 3705; x_wconf 78' lang='grc' dir='ltr'>τάχει</span> <span class='ocrx_word' id='word_1_385' title='bbox 530 3628 637 3695; x_wconf 76' lang='grc' dir='ltr'>τὴν</span> <span class='ocrx_word' id='word_1_386' title='bbox 670 3624 876 3697; x_wconf 66' lang='grc' dir='ltr'>δέησιν.</span> 
     </span>
    </p>
   </div>
   <div class='ocr_carea' id='block_1_56' title="bbox 2012 1924 3660 2000">
    <p class='ocr_par' dir='ltr' id='par_1_56' title="bbox 2012 1924 3660 2000">
     <span class='ocr_line' id='line_1_56' title="bbox 2012 1924 3660 2000; baseline -0.002 -19"><span class='ocrx_word' id='word_1_387' title='bbox 2012 1945 2147 1996; x_wconf 88' lang='lat' dir='ltr'><strong>uno,</strong></span> <span class='ocrx_word' id='word_1_388' title='bbox 2179 1929 2493 2000; x_wconf 87' lang='lat' dir='ltr'><strong>imperator</strong></span> <span class='ocrx_word' id='word_1_389' title='bbox 2523 1930 2757 1999; x_wconf 79' lang='lat' dir='ltr'><strong>Optime,</strong></span> <span class='ocrx_word' id='word_1_390' title='bbox 2782 1944 2977 1983; x_wconf 89' lang='lat' dir='ltr'><strong>veram</strong></span> <span class='ocrx_word' id='word_1_391' title='bbox 3012 1928 3286 1998; x_wconf 89' lang='lat' dir='ltr'><strong>pietatem</strong></span> <span class='ocrx_word' id='word_1_392' title='bbox 3318 1924 3660 1996; x_wconf 89' lang='lat' dir='ltr'><strong>cultumque</strong></span> 
     </span>
    </p>
   </div>
   <div class='ocr_carea' id='block_1_57' title="bbox 2005 2014 3657 2089">
    <p class='ocr_par' dir='ltr' id='par_1_57' title="bbox 2005 2014 3657 2089">
     <span class='ocr_line' id='line_1_57' title="bbox 2005 2014 3657 2089; baseline -0.003 -17"><span class='ocrx_word' id='word_1_393' title='bbox 2005 2017 2129 2087; x_wconf 91' lang='lat' dir='ltr'><strong>Dei,</strong></span> <span class='ocrx_word' id='word_1_394' title='bbox 2157 2024 2334 2089; x_wconf 88' lang='lat' dir='ltr'><strong>atque</strong></span> <span class='ocrx_word' id='word_1_395' title='bbox 2366 2034 2505 2088; x_wconf 90' lang='lat' dir='ltr'><strong>opes</strong></span> <span class='ocrx_word' id='word_1_396' title='bbox 2537 2019 2989 2089; x_wconf 87' lang='lat' dir='ltr'><strong>felicitatemque</strong></span> <span class='ocrx_word' id='word_1_397' title='bbox 3032 2017 3375 2082; x_wconf 88' lang='lat' dir='ltr'><strong>humanam,</strong></span> <span class='ocrx_word' id='word_1_398' title='bbox 3410 2031 3535 2086; x_wconf 60' lang='lat' dir='ltr'><strong>quae</strong></span> <span class='ocrx_word' id='word_1_399' title='bbox 3566 2014 3657 2067; x_wconf 87' lang='lat' dir='ltr'><strong>in-</strong></span> 
     </span>
    </p>
   </div>
   <div class='ocr_carea' id='block_1_58' title="bbox 2006 2104 3654 2179">
    <p class='ocr_par' dir='ltr' id='par_1_58' title="bbox 2006 2104 3654 2179">
     <span class='ocr_line' id='line_1_58' title="bbox 2006 2104 3654 2179; baseline -0.002 -19"><span class='ocrx_word' id='word_1_400' title='bbox 2006 2112 2097 2162; x_wconf 87' lang='lat' dir='ltr'><strong>ter</strong></span> <span class='ocrx_word' id='word_1_401' title='bbox 2140 2124 2201 2164; x_wconf 89' lang='lat' dir='ltr'><strong>se</strong></span> <span class='ocrx_word' id='word_1_402' title='bbox 2242 2123 2469 2179; x_wconf 89' lang='lat' dir='ltr'><strong>semper</strong></span> <span class='ocrx_word' id='word_1_403' title='bbox 2502 2109 2934 2178; x_wconf 89' lang='lat' dir='ltr'><strong>depugnarunt,</strong></span> <span class='ocrx_word' id='word_1_404' title='bbox 2968 2106 3151 2161; x_wconf 88' lang='lat' dir='ltr'><strong>semel</strong></span> <span class='ocrx_word' id='word_1_405' title='bbox 3183 2105 3256 2161; x_wconf 88' lang='lat' dir='ltr'><strong>ad</strong></span> <span class='ocrx_word' id='word_1_406' title='bbox 3287 2104 3654 2160; x_wconf 89' lang='lat' dir='ltr'><strong>concordiam</strong></span> 
     </span>
    </p>
   </div>
   <div class='ocr_carea' id='block_1_59' title="bbox 2007 2189 3653 2267">
    <p class='ocr_par' dir='ltr' id='par_1_59' title="bbox 2007 2189 3653 2267">
     <span class='ocr_line' id='line_1_59' title="bbox 2007 2189 3653 2267; baseline -0.004 -17"><span class='ocrx_word' id='word_1_407' title='bbox 2007 2198 2273 2252; x_wconf 86' lang='lat' dir='ltr'><strong>redactas</strong></span> <span class='ocrx_word' id='word_1_408' title='bbox 2325 2213 2500 2254; x_wconf 88' lang='lat' dir='ltr'><strong>esse:</strong></span> <span class='ocrx_word' id='word_1_409' title='bbox 2550 2212 2615 2252; x_wconf 90' lang='lat' dir='ltr'><strong>eo</strong></span> <span class='ocrx_word' id='word_1_410' title='bbox 2661 2197 2819 2267; x_wconf 91' lang='lat' dir='ltr'><strong>quod</strong></span> <span class='ocrx_word' id='word_1_411' title='bbox 2870 2195 3052 2266; x_wconf 90' lang='lat' dir='ltr'><strong>pielas</strong></span> <span class='ocrx_word' id='word_1_412' title='bbox 3101 2194 3432 2251; x_wconf 85' lang='lat' dir='ltr'><strong>felicitatem</strong></span> <span class='ocrx_word' id='word_1_413' title='bbox 3476 2189 3653 2248; x_wconf 91' lang='lat' dir='ltr'><strong>veluti</strong></span> 
     </span>
    </p>
   </div>
   <div class='ocr_carea' id='block_1_60' title="bbox 2003 2284 3652 2357">
    <p class='ocr_par' dir='ltr' id='par_1_60' title="bbox 2003 2284 3652 2357">
     <span class='ocr_line' id='line_1_60' title="bbox 2003 2284 3652 2357; baseline -0.002 -17"><span class='ocrx_word' id='word_1_414' title='bbox 2003 2285 2057 2340; x_wconf 87' lang='lat' dir='ltr'><strong>vi</strong></span> <span class='ocrx_word' id='word_1_415' title='bbox 2081 2287 2320 2357; x_wconf 88' lang='lat' dir='ltr'><strong>quadam</strong></span> <span class='ocrx_word' id='word_1_416' title='bbox 2346 2289 2411 2341; x_wconf 89' lang='lat' dir='ltr'><strong>ad</strong></span> <span class='ocrx_word' id='word_1_417' title='bbox 2436 2304 2499 2341; x_wconf 90' lang='lat' dir='ltr'><strong>se</strong></span> <span class='ocrx_word' id='word_1_418' title='bbox 2522 2288 2880 2357; x_wconf 82' lang='lat' dir='ltr'><strong>pertraxerit,</strong></span> <span class='ocrx_word' id='word_1_419' title='bbox 2896 2302 3141 2357; x_wconf 89' lang='lat' dir='ltr'><strong>eamque</strong></span> <span class='ocrx_word' id='word_1_420' title='bbox 3162 2284 3397 2342; x_wconf 85' lang='lat' dir='ltr'><strong>omnino</strong></span> <span class='ocrx_word' id='word_1_421' title='bbox 3419 2298 3652 2355; x_wconf 87' lang='lat' dir='ltr'><strong>pessum</strong></span> 
     </span>
    </p>
   </div>
   <div class='ocr_carea' id='block_1_61' title="bbox 2003 2370 3652 2446">
    <p class='ocr_par' dir='ltr' id='par_1_61' title="bbox 2003 2370 3652 2446">
     <span class='ocr_line' id='line_1_61' title="bbox 2003 2370 3652 2446; baseline -0.001 -19"><span class='ocrx_word' id='word_1_422' title='bbox 2003 2374 2085 2429; x_wconf 89' lang='lat' dir='ltr'><strong>ire</strong></span> <span class='ocrx_word' id='word_1_423' title='bbox 2117 2392 2231 2430; x_wconf 90' lang='lat' dir='ltr'><strong>non</strong></span> <span class='ocrx_word' id='word_1_424' title='bbox 2263 2375 2493 2431; x_wconf 88' lang='lat' dir='ltr'><strong>siverit:</strong></span> <span class='ocrx_word' id='word_1_425' title='bbox 2519 2376 2635 2431; x_wconf 90' lang='lat' dir='ltr'><strong>sive</strong></span> <span class='ocrx_word' id='word_1_426' title='bbox 2670 2376 2882 2445; x_wconf 88' lang='lat' dir='ltr'><strong>potius,</strong></span> <span class='ocrx_word' id='word_1_427' title='bbox 2910 2380 2972 2430; x_wconf 89' lang='lat' dir='ltr'><strong>ut</strong></span> <span class='ocrx_word' id='word_1_428' title='bbox 2999 2376 3269 2446; x_wconf 87' lang='lat' dir='ltr'><strong>equidem</strong></span> <span class='ocrx_word' id='word_1_429' title='bbox 3305 2379 3465 2446; x_wconf 92' lang='lat' dir='ltr'><strong>puto,</strong></span> <span class='ocrx_word' id='word_1_430' title='bbox 3497 2370 3652 2441; x_wconf 91' lang='lat' dir='ltr'><strong>quod</strong></span> 
     </span>
    </p>
   </div>
   <div class='ocr_carea' id='block_1_62' title="bbox 2000 2458 3650 2535">
    <p class='ocr_par' dir='ltr' id='par_1_62' title="bbox 2000 2458 3650 2535">
     <span class='ocr_line' id='line_1_62' title="bbox 2000 2458 3650 2535; baseline -0.003 -16"><span class='ocrx_word' id='word_1_431' title='bbox 2000 2464 2151 2520; x_wconf 87' lang='lat' dir='ltr'><strong>Deus</strong></span> <span class='ocrx_word' id='word_1_432' title='bbox 2180 2466 2415 2520; x_wconf 84' lang='lat' dir='ltr'><strong>tandem</strong></span> <span class='ocrx_word' id='word_1_433' title='bbox 2448 2465 2852 2521; x_wconf 86' lang='lat' dir='ltr'><strong>necessitatem</strong></span> <span class='ocrx_word' id='word_1_434' title='bbox 2884 2466 2965 2520; x_wconf 87' lang='lat' dir='ltr'><strong>eis</strong></span> <span class='ocrx_word' id='word_1_435' title='bbox 3011 2464 3349 2535; x_wconf 81' lang='lat' dir='ltr'><strong>inposuerit,</strong></span> <span class='ocrx_word' id='word_1_436' title='bbox 3386 2472 3442 2516; x_wconf 86' lang='lat' dir='ltr'><strong>ut</strong></span> <span class='ocrx_word' id='word_1_437' title='bbox 3472 2458 3650 2516; x_wconf 88' lang='lat' dir='ltr'><strong>simul</strong></span> 
     </span>
    </p>
   </div>
   <div class='ocr_carea' id='block_1_63' title="bbox 2000 2549 3648 2626">
    <p class='ocr_par' dir='ltr' id='par_1_63' title="bbox 2000 2549 3648 2626">
     <span class='ocr_line' id='line_1_63' title="bbox 2000 2549 3648 2626; baseline -0.004 -17"><span class='ocrx_word' id='word_1_438' title='bbox 2000 2555 2211 2625; x_wconf 89' lang='lat' dir='ltr'><strong>conjun</strong></span> <span class='ocrx_word' id='word_1_439' title='bbox 2222 2561 2498 2626; x_wconf 88' lang='lat' dir='ltr'><strong>gerentur</strong></span> <span class='ocrx_word' id='word_1_440' title='bbox 2509 2562 2687 2626; x_wconf 90' lang='lat' dir='ltr'><strong>atque</strong></span> <span class='ocrx_word' id='word_1_441' title='bbox 2698 2558 3306 2624; x_wconf 89' lang='lat' dir='ltr'><strong>contemperarentur:</strong></span> <span class='ocrx_word' id='word_1_442' title='bbox 3324 2550 3566 2607; x_wconf 89' lang='lat' dir='ltr'><strong>etutille</strong></span> <span class='ocrx_word' id='word_1_443' title='bbox 3577 2549 3648 2603; x_wconf 86' lang='lat' dir='ltr'><strong>ab</strong></span> 
     </span>
    </p>
   </div>
   <div class='ocr_carea' id='block_1_64' title="bbox 1998 2641 3645 2714">
    <p class='ocr_par' dir='ltr' id='par_1_64' title="bbox 1998 2641 3645 2714">
     <span class='ocr_line' id='line_1_64' title="bbox 1998 2641 3645 2714; baseline -0.002 -18"><span class='ocrx_word' id='word_1_444' title='bbox 1998 2648 2270 2712; x_wconf 88' lang='lat' dir='ltr'><strong>utraque,</strong></span> <span class='ocrx_word' id='word_1_445' title='bbox 2293 2659 2360 2698; x_wconf 90' lang='lat' dir='ltr'><strong>eo</strong></span> <span class='ocrx_word' id='word_1_446' title='bbox 2384 2643 2541 2714; x_wconf 90' lang='lat' dir='ltr'><strong>quod</strong></span> <span class='ocrx_word' id='word_1_447' title='bbox 2563 2642 2867 2713; x_wconf 88' lang='lat' dir='ltr'><strong>utriusque</strong></span> <span class='ocrx_word' id='word_1_448' title='bbox 2888 2646 3040 2696; x_wconf 86' lang='lat' dir='ltr'><strong>esset</strong></span> <span class='ocrx_word' id='word_1_449' title='bbox 3063 2641 3362 2711; x_wconf 89' lang='lat' dir='ltr'><strong>proprium</strong></span> <span class='ocrx_word' id='word_1_450' title='bbox 3395 2642 3645 2708; x_wconf 85' lang='lat' dir='ltr'><strong>recepto,</strong></span> 
     </span>
    </p>
   </div>
   <div class='ocr_carea' id='block_1_65' title="bbox 1998 2728 3645 2787">
    <p class='ocr_par' dir='ltr' id='par_1_65' title="bbox 1998 2728 3645 2787">
     <span class='ocr_line' id='line_1_65' title="bbox 1998 2728 3645 2787; baseline -0.002 -2"><span class='ocrx_word' id='word_1_451' title='bbox 1998 2731 2339 2786; x_wconf 89' lang='lat' dir='ltr'><strong>hominibus</strong></span> <span class='ocrx_word' id='word_1_452' title='bbox 2387 2732 2657 2786; x_wconf 92' lang='lat' dir='ltr'><strong>omnibus</strong></span> <span class='ocrx_word' id='word_1_453' title='bbox 2705 2747 2914 2787; x_wconf 91' lang='lat' dir='ltr'><strong>novum</strong></span> <span class='ocrx_word' id='word_1_454' title='bbox 2963 2735 3019 2784; x_wconf 90' lang='lat' dir='ltr'><strong>et</strong></span> <span class='ocrx_word' id='word_1_455' title='bbox 3065 2746 3193 2785; x_wconf 89' lang='lat' dir='ltr'><strong>vere</strong></span> <span class='ocrx_word' id='word_1_456' title='bbox 3233 2728 3645 2784; x_wconf 82' lang='lat' dir='ltr'><strong>admirandum</strong></span> 
     </span>
    </p>
   </div>
   <div class='ocr_carea' id='block_1_66' title="bbox 1997 2818 3645 2892">
    <p class='ocr_par' dir='ltr' id='par_1_66' title="bbox 1997 2818 3645 2892">
     <span class='ocr_line' id='line_1_66' title="bbox 1997 2818 3645 2892; baseline -0.004 -17"><span class='ocrx_word' id='word_1_457' title='bbox 1997 2821 2298 2892; x_wconf 84' lang='lat' dir='ltr'><strong>perficeret</strong></span> <span class='ocrx_word' id='word_1_458' title='bbox 2325 2820 2787 2876; x_wconf 90' lang='lat' dir='ltr'><strong>emolumentum</strong></span> <span class='ocrx_word' id='word_1_459' title='bbox 2809 2824 2866 2874; x_wconf 88' lang='lat' dir='ltr'><strong>et</strong></span> <span class='ocrx_word' id='word_1_460' title='bbox 2886 2818 3185 2887; x_wconf 85' lang='lat' dir='ltr'><strong>auxilium,</strong></span> <span class='ocrx_word' id='word_1_461' title='bbox 3210 2820 3645 2874; x_wconf 83' lang='lat' dir='ltr'><strong>firmamentum</strong></span> 
     </span>
    </p>
   </div>
   <div class='ocr_carea' id='block_1_67' title="bbox 2000 2901 3651 2980">
    <p class='ocr_par' dir='ltr' id='par_1_67' title="bbox 2000 2901 3651 2980">
     <span class='ocr_line' id='line_1_67' title="bbox 2000 2901 3651 2980; baseline -0.003 -19"><span class='ocrx_word' id='word_1_462' title='bbox 2000 2908 2281 2963; x_wconf 86' lang='lat' dir='ltr'><strong>nimirum</strong></span> <span class='ocrx_word' id='word_1_463' title='bbox 2332 2910 2629 2980; x_wconf 88' lang='lat' dir='ltr'><strong>quoddam</strong></span> <span class='ocrx_word' id='word_1_464' title='bbox 2680 2908 2907 2977; x_wconf 84' lang='lat' dir='ltr'><strong>stabile,</strong></span> <span class='ocrx_word' id='word_1_465' title='bbox 2955 2913 3011 2962; x_wconf 90' lang='lat' dir='ltr'><strong>et</strong></span> <span class='ocrx_word' id='word_1_466' title='bbox 3054 2907 3429 2970; x_wconf 89' lang='lat' dir='ltr'><strong>elementum,</strong></span> <span class='ocrx_word' id='word_1_467' title='bbox 3459 2908 3525 2958; x_wconf 90' lang='lat' dir='ltr'><strong>ut</strong></span> <span class='ocrx_word' id='word_1_468' title='bbox 3568 2901 3651 2957; x_wconf 89' lang='lat' dir='ltr'><strong>ita</strong></span> 
     </span>
    </p>
   </div>
   <div class='ocr_carea' id='block_1_68' title="bbox 1995 2994 3649 3067">
    <p class='ocr_par' dir='ltr' id='par_1_68' title="bbox 1995 2994 3649 3067">
     <span class='ocr_line' id='line_1_68' title="bbox 1995 2994 3649 3067; baseline -0.004 -15"><span class='ocrx_word' id='word_1_469' title='bbox 1995 2997 2212 3066; x_wconf 87' lang='lat' dir='ltr'><strong>dicam,</strong></span> <span class='ocrx_word' id='word_1_470' title='bbox 2246 3004 2476 3054; x_wconf 80' lang='lat' dir='ltr'><strong>sextum</strong></span> <span class='ocrx_word' id='word_1_471' title='bbox 2526 3004 2585 3054; x_wconf 93' lang='lat' dir='ltr'><strong>et</strong></span> <span class='ocrx_word' id='word_1_472' title='bbox 2626 2999 3074 3067; x_wconf 89' lang='lat' dir='ltr'><strong>sempiternum,</strong></span> <span class='ocrx_word' id='word_1_473' title='bbox 3107 2996 3168 3050; x_wconf 92' lang='lat' dir='ltr'><strong>in</strong></span> <span class='ocrx_word' id='word_1_474' title='bbox 3218 2995 3431 3049; x_wconf 81' lang='lat' dir='ltr'><strong>divinis</strong></span> <span class='ocrx_word' id='word_1_475' title='bbox 3471 2994 3649 3047; x_wconf 88' lang='lat' dir='ltr'><strong>rebus</strong></span> 
     </span>
    </p>
   </div>
   <div class='ocr_carea' id='block_1_69' title="bbox 1992 3082 3646 3158">
    <p class='ocr_par' dir='ltr' id='par_1_69' title="bbox 1992 3082 3646 3158">
     <span class='ocr_line' id='line_1_69' title="bbox 1992 3082 3646 3158; baseline -0.004 -17"><span class='ocrx_word' id='word_1_476' title='bbox 1992 3088 2450 3156; x_wconf 84' lang='lat' dir='ltr'><strong>labascentibus,</strong></span> <span class='ocrx_word' id='word_1_477' title='bbox 2487 3093 2545 3144; x_wconf 89' lang='lat' dir='ltr'><strong>et</strong></span> <span class='ocrx_word' id='word_1_478' title='bbox 2574 3105 2674 3158; x_wconf 89' lang='lat' dir='ltr'><strong>per</strong></span> <span class='ocrx_word' id='word_1_479' title='bbox 2703 3088 3072 3158; x_wconf 80' lang='lat' dir='ltr'><strong>naufragium</strong></span> <span class='ocrx_word' id='word_1_480' title='bbox 3105 3082 3646 3156; x_wconf 85' lang='lat' dir='ltr'><strong>pessumeuntibus,</strong></span> 
     </span>
    </p>
   </div>
   <div class='ocr_carea' id='block_1_70' title="bbox 2002 3175 3648 3245">
    <p class='ocr_par' dir='ltr' id='par_1_70' title="bbox 2002 3175 3648 3245">
     <span class='ocr_line' id='line_1_70' title="bbox 2002 3175 3648 3245; baseline -0.005 -11"><span class='ocrx_word' id='word_1_481' title='bbox 2002 3185 2118 3235; x_wconf 89' lang='lat' dir='ltr'><strong>tam</strong></span> <span class='ocrx_word' id='word_1_482' title='bbox 2168 3180 2468 3236; x_wconf 58' lang='lat' dir='ltr'><strong>horrendas</strong></span> <span class='ocrx_word' id='word_1_483' title='bbox 2517 3178 2918 3235; x_wconf 88' lang='lat' dir='ltr'><strong>ﬂuctuationis</strong></span> <span class='ocrx_word' id='word_1_484' title='bbox 2962 3183 3020 3234; x_wconf 92' lang='lat' dir='ltr'><strong>et</strong></span> <span class='ocrx_word' id='word_1_485' title='bbox 3066 3176 3281 3232; x_wconf 90' lang='lat' dir='ltr'><strong>erroris</strong></span> <span class='ocrx_word' id='word_1_486' title='bbox 3328 3175 3648 3245; x_wconf 80' lang='lat' dir='ltr'><strong>ingentem,</strong></span> 
     </span>
    </p>
   </div>
   <div class='ocr_carea' id='block_1_71' title="bbox 2000 3263 3650 3343">
    <p class='ocr_par' dir='ltr' id='par_1_71' title="bbox 2000 3263 3650 3343">
     <span class='ocr_line' id='line_1_71' title="bbox 2000 3263 3650 3343; baseline -0.006 -16"><span class='ocrx_word' id='word_1_487' title='bbox 2000 3286 2361 3341; x_wconf 88' lang='lat' dir='ltr'><strong>supremam,</strong></span> <span class='ocrx_word' id='word_1_488' title='bbox 2411 3286 2657 3343; x_wconf 89' lang='lat' dir='ltr'><strong>vereque</strong></span> <span class='ocrx_word' id='word_1_489' title='bbox 2706 3286 2930 3327; x_wconf 88' lang='lat' dir='ltr'><strong>sacram</strong></span> <span class='ocrx_word' id='word_1_490' title='bbox 2988 3266 3293 3323; x_wconf 88' lang='lat' dir='ltr'><strong>anchoram</strong></span> <span class='ocrx_word' id='word_1_491' title='bbox 3346 3273 3419 3332; x_wconf 89' lang='lat' dir='ltr'><strong>te,</strong></span> <span class='ocrx_word' id='word_1_492' title='bbox 3466 3263 3650 3318; x_wconf 89' lang='lat' dir='ltr'><strong>sacris</strong></span> 
     </span>
    </p>
   </div>
   <div class='ocr_carea' id='block_1_72' title="bbox 1999 3356 3651 3435">
    <p class='ocr_par' dir='ltr' id='par_1_72' title="bbox 1999 3356 3651 3435">
     <span class='ocr_line' id='line_1_72' title="bbox 1999 3356 3651 3435; baseline -0.005 -18"><span class='ocrx_word' id='word_1_493' title='bbox 1999 3361 2177 3417; x_wconf 83' lang='lat' dir='ltr'><strong>simul</strong></span> <span class='ocrx_word' id='word_1_494' title='bbox 2227 3367 2286 3419; x_wconf 91' lang='lat' dir='ltr'><strong>et</strong></span> <span class='ocrx_word' id='word_1_495' title='bbox 2337 3363 2596 3435; x_wconf 87' lang='lat' dir='ltr'><strong>profanis</strong></span> <span class='ocrx_word' id='word_1_496' title='bbox 2643 3362 2945 3426; x_wconf 82' lang='lat' dir='ltr'><strong>exhibens,</strong></span> <span class='ocrx_word' id='word_1_497' title='bbox 2979 3366 3043 3414; x_wconf 88' lang='lat' dir='ltr'><strong>ut</strong></span> <span class='ocrx_word' id='word_1_498' title='bbox 3081 3359 3139 3414; x_wconf 85' lang='lat' dir='ltr'><strong>in</strong></span> <span class='ocrx_word' id='word_1_499' title='bbox 3171 3363 3227 3415; x_wconf 92' lang='lat' dir='ltr'><strong>te</strong></span> <span class='ocrx_word' id='word_1_500' title='bbox 3261 3356 3390 3412; x_wconf 85' lang='lat' dir='ltr'><strong>aliis</strong></span> <span class='ocrx_word' id='word_1_501' title='bbox 3420 3369 3651 3426; x_wconf 88' lang='lat' dir='ltr'><strong>quoque</strong></span> 
     </span>
    </p>
   </div>
   <div class='ocr_carea' id='block_1_73' title="bbox 1999 3450 3652 3522">
    <p class='ocr_par' dir='ltr' id='par_1_73' title="bbox 1999 3450 3652 3522">
     <span class='ocr_line' id='line_1_73' title="bbox 1999 3450 3652 3522; baseline -0.005 -15"><span class='ocrx_word' id='word_1_502' title='bbox 1999 3452 2096 3522; x_wconf 92' lang='lat' dir='ltr'><strong>qui</strong></span> <span class='ocrx_word' id='word_1_503' title='bbox 2145 3456 2337 3509; x_wconf 89' lang='lat' dir='ltr'><strong>tecum</strong></span> <span class='ocrx_word' id='word_1_504' title='bbox 2368 3458 2525 3520; x_wconf 89' lang='lat' dir='ltr'><strong>sunt,</strong></span> <span class='ocrx_word' id='word_1_505' title='bbox 2557 3452 2805 3509; x_wconf 89' lang='lat' dir='ltr'><strong>solidam</strong></span> <span class='ocrx_word' id='word_1_506' title='bbox 2857 3450 3235 3506; x_wconf 85' lang='lat' dir='ltr'><strong>stabilitatem</strong></span> <span class='ocrx_word' id='word_1_507' title='bbox 3276 3450 3652 3518; x_wconf 78' lang='lat' dir='ltr'><strong>repraesenta—</strong></span> 
     </span>
    </p>
   </div>
   <div class='ocr_carea' id='block_1_74' title="bbox 1996 3536 3651 3615">
    <p class='ocr_par' dir='ltr' id='par_1_74' title="bbox 1996 3536 3651 3615">
     <span class='ocr_line' id='line_1_74' title="bbox 1996 3536 3651 3615; baseline -0.005 -19"><span class='ocrx_word' id='word_1_508' title='bbox 1996 3546 2101 3596; x_wconf 89' lang='lat' dir='ltr'><strong>ret.</strong></span> <span class='ocrx_word' id='word_1_509' title='bbox 2132 3543 2201 3598; x_wconf 86' lang='lat' dir='ltr'><strong>Et</strong></span> <span class='ocrx_word' id='word_1_510' title='bbox 2255 3546 2509 3615; x_wconf 86' lang='lat' dir='ltr'><strong>profecto</strong></span> <span class='ocrx_word' id='word_1_511' title='bbox 2560 3560 2628 3600; x_wconf 88' lang='lat' dir='ltr'><strong>ea</strong></span> <span class='ocrx_word' id='word_1_512' title='bbox 2666 3558 2788 3614; x_wconf 64' lang='lat' dir='ltr'><strong>qua:</strong></span> <span class='ocrx_word' id='word_1_513' title='bbox 2836 3542 2946 3598; x_wconf 91' lang='lat' dir='ltr'><strong>huc</strong></span> <span class='ocrx_word' id='word_1_514' title='bbox 2986 3545 3159 3612; x_wconf 88' lang='lat' dir='ltr'><strong>atque</strong></span> <span class='ocrx_word' id='word_1_515' title='bbox 3188 3538 3326 3593; x_wconf 91' lang='lat' dir='ltr'><strong>illuc</strong></span> <span class='ocrx_word' id='word_1_516' title='bbox 3357 3536 3651 3593; x_wconf 88' lang='lat' dir='ltr'><strong>circuma-</strong></span> 
     </span>
    </p>
   </div>
   <div class='ocr_carea' id='block_1_75' title="bbox 1996 3622 3652 3701">
    <p class='ocr_par' dir='ltr' id='par_1_75' title="bbox 1996 3622 3652 3701">
     <span class='ocr_line' id='line_1_75' title="bbox 1996 3622 3652 3701; baseline -0.005 -17"><span class='ocrx_word' id='word_1_517' title='bbox 1996 3632 2286 3701; x_wconf 89' lang='lat' dir='ltr'><strong>gebantur</strong></span> <span class='ocrx_word' id='word_1_518' title='bbox 2313 3636 2368 3687; x_wconf 91' lang='lat' dir='ltr'><strong>et</strong></span> <span class='ocrx_word' id='word_1_519' title='bbox 2404 3631 2984 3695; x_wconf 87' lang='lat' dir='ltr'><strong>circumferebantur,</strong></span> <span class='ocrx_word' id='word_1_520' title='bbox 3020 3628 3340 3684; x_wconf 82' lang='lat' dir='ltr'><strong>maximam</strong></span> <span class='ocrx_word' id='word_1_521' title='bbox 3382 3630 3437 3679; x_wconf 92' lang='lat' dir='ltr'><strong>te</strong></span> <span class='ocrx_word' id='word_1_522' title='bbox 3476 3622 3652 3677; x_wconf 84' lang='lat' dir='ltr'><strong>tutis—</strong></span> 
     </span>
    </p>
   </div>
   <div class='ocr_carea' id='block_1_76' title="bbox 247 3711 3650 3792">
    <p class='ocr_par' dir='ltr' id='par_1_76' title="bbox 247 3711 3650 3792">
     <span class='ocr_line' id='line_1_76' title="bbox 247 3711 3650 3792; baseline -0.002 -20"><span class='ocrx_word' id='word_1_523' title='bbox 247 3719 571 3791; x_wconf 87' lang='lat' dir='ltr'><strong>simamque</strong></span> <span class='ocrx_word' id='word_1_524' title='bbox 607 3720 853 3792; x_wconf 85' lang='lat' dir='ltr'><strong>perfugii</strong></span> <span class='ocrx_word' id='word_1_525' title='bbox 892 3720 1114 3787; x_wconf 86' lang='lat' dir='ltr'><strong>sedem,</strong></span> <span class='ocrx_word' id='word_1_526' title='bbox 1160 3718 1221 3774; x_wconf 89' lang='lat' dir='ltr'><strong>in</strong></span> <span class='ocrx_word' id='word_1_527' title='bbox 1263 3717 1549 3773; x_wconf 88' lang='lat' dir='ltr'><strong>mundum</strong></span> <span class='ocrx_word' id='word_1_528' title='bbox 1584 3717 1739 3789; x_wconf 90' lang='lat' dir='ltr'><strong>pacis</strong></span> <span class='ocrx_word' id='word_1_529' title='bbox 1780 3734 1962 3774; x_wconf 90' lang='lat' dir='ltr'><strong>unum</strong></span> <span class='ocrx_word' id='word_1_530' title='bbox 2002 3725 2059 3775; x_wconf 90' lang='lat' dir='ltr'><strong>et</strong></span> <span class='ocrx_word' id='word_1_531' title='bbox 2100 3720 2364 3776; x_wconf 87' lang='lat' dir='ltr'><strong>rectioris</strong></span> <span class='ocrx_word' id='word_1_532' title='bbox 2405 3721 2535 3777; x_wconf 85' lang='lat' dir='ltr'><strong>ﬁdei</strong></span> <span class='ocrx_word' id='word_1_533' title='bbox 2580 3719 2978 3791; x_wconf 84' lang='lat' dir='ltr'><strong>professionis,</strong></span> <span class='ocrx_word' id='word_1_534' title='bbox 3019 3734 3118 3775; x_wconf 91' lang='lat' dir='ltr'><strong>seu</strong></span> <span class='ocrx_word' id='word_1_535' title='bbox 3170 3733 3362 3771; x_wconf 88' lang='lat' dir='ltr'><strong>rerum</strong></span> <span class='ocrx_word' id='word_1_536' title='bbox 3406 3711 3650 3768; x_wconf 81' lang='lat' dir='ltr'><strong>admini-</strong></span> 
     </span>
    </p>
   </div>
   <div class='ocr_carea' id='block_1_77' title="bbox 249 3805 3646 3876">
    <p class='ocr_par' dir='ltr' id='par_1_77' title="bbox 249 3805 3646 3876">
     <span class='ocr_line' id='line_1_77' title="bbox 249 3805 3646 3876; baseline -0.002 -14"><span class='ocrx_word' id='word_1_537' title='bbox 249 3809 564 3876; x_wconf 83' lang='lat' dir='ltr'><strong>strationis,</strong></span> <span class='ocrx_word' id='word_1_538' title='bbox 606 3810 850 3865; x_wconf 88' lang='lat' dir='ltr'><strong>minime</strong></span> <span class='ocrx_word' id='word_1_539' title='bbox 896 3808 1352 3865; x_wconf 88' lang='lat' dir='ltr'><strong>hallucinantem</strong></span> <span class='ocrx_word' id='word_1_540' title='bbox 1401 3811 1502 3862; x_wconf 89' lang='lat' dir='ltr'><strong>aut</strong></span> <span class='ocrx_word' id='word_1_541' title='bbox 1553 3806 1845 3863; x_wconf 84' lang='lat' dir='ltr'><strong>labantem</strong></span> <span class='ocrx_word' id='word_1_542' title='bbox 1895 3808 2091 3865; x_wconf 72' lang='lat' dir='ltr'><strong>orbem</strong></span> <span class='ocrx_word' id='word_1_543' title='bbox 2142 3810 2418 3867; x_wconf 84' lang='lat' dir='ltr'><strong>habuere.</strong></span> <span class='ocrx_word' id='word_1_544' title='bbox 2452 3811 2602 3876; x_wconf 89' lang='lat' dir='ltr'><strong>Quin</strong></span> <span class='ocrx_word' id='word_1_545' title='bbox 2649 3811 2791 3866; x_wconf 90' lang='lat' dir='ltr'><strong>illud</strong></span> <span class='ocrx_word' id='word_1_546' title='bbox 2843 3811 3020 3866; x_wconf 86' lang='lat' dir='ltr'><strong>etiam</strong></span> <span class='ocrx_word' id='word_1_547' title='bbox 3071 3805 3377 3873; x_wconf 85' lang='lat' dir='ltr'><strong>studuisti,</strong></span> <span class='ocrx_word' id='word_1_548' title='bbox 3420 3809 3484 3858; x_wconf 91' lang='lat' dir='ltr'><strong>ut</strong></span> <span class='ocrx_word' id='word_1_549' title='bbox 3533 3817 3646 3857; x_wconf 91' lang='lat' dir='ltr'><strong>non</strong></span> 
     </span>
    </p>
   </div>
   <div class='ocr_carea' id='block_1_78' title="bbox 249 3896 3645 3973">
    <p class='ocr_par' dir='ltr' id='par_1_78' title="bbox 249 3896 3645 3973">
     <span class='ocr_line' id='line_1_78' title="bbox 249 3896 3645 3973; baseline -0.002 -20"><span class='ocrx_word' id='word_1_550' title='bbox 249 3900 462 3971; x_wconf 89' lang='lat' dir='ltr'><strong>corpori</strong></span> <span class='ocrx_word' id='word_1_551' title='bbox 517 3901 707 3968; x_wconf 89' lang='lat' dir='ltr'><strong>modo,</strong></span> <span class='ocrx_word' id='word_1_552' title='bbox 742 3917 941 3956; x_wconf 82' lang='lat' dir='ltr'><strong>verum</strong></span> <span class='ocrx_word' id='word_1_553' title='bbox 994 3900 1168 3956; x_wconf 89' lang='lat' dir='ltr'><strong>etiam</strong></span> <span class='ocrx_word' id='word_1_554' title='bbox 1220 3898 1416 3954; x_wconf 88' lang='lat' dir='ltr'><strong>animo</strong></span> <span class='ocrx_word' id='word_1_555' title='bbox 1466 3914 1782 3971; x_wconf 84' lang='lat' dir='ltr'><strong>purpuram</strong></span> <span class='ocrx_word' id='word_1_556' title='bbox 1837 3900 2248 3956; x_wconf 85' lang='lat' dir='ltr'><strong>circumdares.</strong></span> <span class='ocrx_word' id='word_1_557' title='bbox 2283 3901 2583 3973; x_wconf 90' lang='lat' dir='ltr'><strong>Siquidem</strong></span> <span class='ocrx_word' id='word_1_558' title='bbox 2634 3906 2690 3957; x_wconf 92' lang='lat' dir='ltr'><strong>tu</strong></span> <span class='ocrx_word' id='word_1_559' title='bbox 2748 3902 3011 3957; x_wconf 89' lang='lat' dir='ltr'><strong>omnium</strong></span> <span class='ocrx_word' id='word_1_560' title='bbox 3047 3914 3220 3969; x_wconf 91' lang='lat' dir='ltr'><strong>prope</strong></span> <span class='ocrx_word' id='word_1_561' title='bbox 3265 3896 3365 3968; x_wconf 90' lang='lat' dir='ltr'><strong>qui</strong></span> <span class='ocrx_word' id='word_1_562' title='bbox 3398 3900 3454 3950; x_wconf 90' lang='lat' dir='ltr'><strong>te</strong></span> <span class='ocrx_word' id='word_1_563' title='bbox 3492 3910 3645 3964; x_wconf 72' lang='lat' dir='ltr'><strong>prae-</strong></span> 
     </span>
    </p>
   </div>
   <div class='ocr_carea' id='block_1_79' title="bbox 250 3988 3645 4063">
    <p class='ocr_par' dir='ltr' id='par_1_79' title="bbox 250 3988 3645 4063">
     <span class='ocr_line' id='line_1_79' title="bbox 250 3988 3645 4063; baseline -0.002 -19"><span class='ocrx_word' id='word_1_564' title='bbox 250 3994 563 4057; x_wconf 87' lang='lat' dir='ltr'><strong>cesserunt,</strong></span> <span class='ocrx_word' id='word_1_565' title='bbox 613 3990 1030 4063; x_wconf 84' lang='lat' dir='ltr'><strong>imperatorum</strong></span> <span class='ocrx_word' id='word_1_566' title='bbox 1080 4006 1257 4056; x_wconf 89' lang='lat' dir='ltr'><strong>unus,</strong></span> <span class='ocrx_word' id='word_1_567' title='bbox 1308 3988 1419 4058; x_wconf 85' lang='lat' dir='ltr'><strong>ipsi</strong></span> <span class='ocrx_word' id='word_1_568' title='bbox 1472 3988 1575 4043; x_wconf 91' lang='lat' dir='ltr'><strong>tibi</strong></span> <span class='ocrx_word' id='word_1_569' title='bbox 1634 3989 1938 4061; x_wconf 87' lang='lat' dir='ltr'><strong>imperasti</strong></span> <span class='ocrx_word' id='word_1_570' title='bbox 1995 4005 2008 4046; x_wconf 91' lang='lat'>:</span> <span class='ocrx_word' id='word_1_571' title='bbox 2060 3993 2120 4046; x_wconf 89' lang='lat' dir='ltr'><strong>et</strong></span> <span class='ocrx_word' id='word_1_572' title='bbox 2168 4006 2369 4049; x_wconf 90' lang='lat' dir='ltr'><strong>revera</strong></span> <span class='ocrx_word' id='word_1_573' title='bbox 2435 4008 2684 4047; x_wconf 63' lang='lat' dir='ltr'><strong>summa;</strong></span> <span class='ocrx_word' id='word_1_574' title='bbox 2753 3990 3052 4063; x_wconf 81' lang='lat' dir='ltr'><strong>potestatis</strong></span> <span class='ocrx_word' id='word_1_575' title='bbox 3120 3988 3461 4059; x_wconf 89' lang='lat' dir='ltr'><strong>imperator,</strong></span> <span class='ocrx_word' id='word_1_576' title='bbox 3510 3999 3645 4038; x_wconf 91' lang='lat' dir='ltr'><strong>cum</strong></span> 
     </span>
    </p>
   </div>
   <div class='ocr_carea' id='block_1_80' title="bbox 247 4072 3649 4153">
    <p class='ocr_par' dir='ltr' id='par_1_80' title="bbox 247 4072 3649 4153">
     <span class='ocr_line' id='line_1_80' title="bbox 247 4072 3649 4153; baseline -0.001 -22"><span class='ocrx_word' id='word_1_577' title='bbox 247 4078 472 4136; x_wconf 85' lang='lat' dir='ltr'><strong>vitiosas</strong></span> <span class='ocrx_word' id='word_1_578' title='bbox 536 4080 1026 4141; x_wconf 84' lang='lat' dir='ltr'><strong>tumultuantium</strong></span> <span class='ocrx_word' id='word_1_579' title='bbox 1096 4083 1266 4151; x_wconf 86' lang='lat' dir='ltr'><strong>atque</strong></span> <span class='ocrx_word' id='word_1_580' title='bbox 1328 4077 1643 4150; x_wconf 89' lang='lat' dir='ltr'><strong>imperium</strong></span> <span class='ocrx_word' id='word_1_581' title='bbox 1711 4078 1822 4135; x_wconf 90' lang='lat' dir='ltr'><strong>sibi</strong></span> <span class='ocrx_word' id='word_1_582' title='bbox 1889 4078 2313 4136; x_wconf 88' lang='lat' dir='ltr'><strong>vindicantium</strong></span> <span class='ocrx_word' id='word_1_583' title='bbox 2380 4081 2690 4137; x_wconf 74' lang='lat' dir='ltr'><strong>affectuum</strong></span> <span class='ocrx_word' id='word_1_584' title='bbox 2762 4077 3226 4153; x_wconf 89' lang='lat' dir='ltr'><strong>perturbationes</strong></span> <span class='ocrx_word' id='word_1_585' title='bbox 3276 4093 3307 4131; x_wconf 84' lang='grc' dir='ltr'><strong>ο</strong></span> <span class='ocrx_word' id='word_1_586' title='bbox 3363 4072 3649 4130; x_wconf 79' lang='lat' dir='ltr'><strong>domicilio</strong></span> 
     </span>
    </p>
   </div>
   <div class='ocr_carea' id='block_1_81' title="bbox 247 4166 3644 4242">
    <p class='ocr_par' dir='ltr' id='par_1_81' title="bbox 247 4166 3644 4242">
     <span class='ocr_line' id='line_1_81' title="bbox 247 4166 3644 4242; baseline -0.002 -20"><span class='ocrx_word' id='word_1_587' title='bbox 247 4170 419 4225; x_wconf 88' lang='lat' dir='ltr'><strong>animi</strong></span> <span class='ocrx_word' id='word_1_588' title='bbox 469 4170 554 4226; x_wconf 90' lang='lat' dir='ltr'><strong>tui</strong></span> <span class='ocrx_word' id='word_1_589' title='bbox 602 4170 854 4241; x_wconf 83' lang='lat' dir='ltr'><strong>ejeciscti</strong></span> <span class='ocrx_word' id='word_1_590' title='bbox 889 4186 903 4225; x_wconf 93' lang='lat'><strong>:</strong></span> <span class='ocrx_word' id='word_1_591' title='bbox 936 4173 1062 4225; x_wconf 92' lang='lat' dir='ltr'><strong>tum</strong></span> <span class='ocrx_word' id='word_1_592' title='bbox 1114 4169 1324 4225; x_wconf 87' lang='lat' dir='ltr'><strong>rationi</strong></span> <span class='ocrx_word' id='word_1_593' title='bbox 1373 4168 1615 4240; x_wconf 88' lang='lat' dir='ltr'><strong>imperio</strong></span> <span class='ocrx_word' id='word_1_594' title='bbox 1666 4184 1731 4225; x_wconf 92' lang='lat' dir='ltr'><strong>eo</strong></span> <span class='ocrx_word' id='word_1_595' title='bbox 1781 4169 1939 4241; x_wconf 89' lang='lat' dir='ltr'><strong>quod</strong></span> <span class='ocrx_word' id='word_1_596' title='bbox 1970 4187 2143 4241; x_wconf 88' lang='lat' dir='ltr'><strong>penes</strong></span> <span class='ocrx_word' id='word_1_597' title='bbox 2191 4187 2405 4241; x_wconf 88' lang='lat' dir='ltr'><strong>paucos</strong></span> <span class='ocrx_word' id='word_1_598' title='bbox 2451 4171 2760 4242; x_wconf 86' lang='lat' dir='ltr'><strong>optimates</strong></span> <span class='ocrx_word' id='word_1_599' title='bbox 2792 4175 2881 4226; x_wconf 92' lang='lat' dir='ltr'><strong>est</strong></span> <span class='ocrx_word' id='word_1_600' title='bbox 2908 4170 3140 4237; x_wconf 88' lang='lat' dir='ltr'><strong>tradito,</strong></span> <span class='ocrx_word' id='word_1_601' title='bbox 3172 4167 3361 4222; x_wconf 90' lang='lat' dir='ltr'><strong>vivam</strong></span> <span class='ocrx_word' id='word_1_602' title='bbox 3393 4166 3644 4235; x_wconf 88' lang='lat' dir='ltr'><strong>teipsum</strong></span> 
     </span>
    </p>
   </div>
   <div class='ocr_carea' id='block_1_82' title="bbox 246 4254 3648 4333">
    <p class='ocr_par' dir='ltr' id='par_1_82' title="bbox 246 4254 3648 4333">
     <span class='ocr_line' id='line_1_82' title="bbox 246 4254 3648 4333; baseline -0.001 -22"><span class='ocrx_word' id='word_1_603' title='bbox 246 4258 467 4316; x_wconf 88' lang='lat' dir='ltr'><strong>virtutis</strong></span> <span class='ocrx_word' id='word_1_604' title='bbox 516 4261 854 4329; x_wconf 78' lang='lat' dir='ltr'><strong>imaginem,</strong></span> <span class='ocrx_word' id='word_1_605' title='bbox 900 4260 973 4315; x_wconf 90' lang='lat' dir='ltr'><strong>ad</strong></span> <span class='ocrx_word' id='word_1_606' title='bbox 1032 4267 1246 4315; x_wconf 88' lang='lat' dir='ltr'><strong>certam</strong></span> <span class='ocrx_word' id='word_1_607' title='bbox 1307 4258 1457 4314; x_wconf 91' lang='lat' dir='ltr'><strong>cives</strong></span> <span class='ocrx_word' id='word_1_608' title='bbox 1506 4263 1640 4315; x_wconf 90' lang='lat' dir='ltr'><strong>tuos</strong></span> <span class='ocrx_word' id='word_1_609' title='bbox 1693 4259 2075 4317; x_wconf 89' lang='lat' dir='ltr'><strong>imitationem</strong></span> <span class='ocrx_word' id='word_1_610' title='bbox 2140 4260 2475 4328; x_wconf 83' lang='lat' dir='ltr'><strong>instituens,</strong></span> <span class='ocrx_word' id='word_1_611' title='bbox 2526 4261 2901 4333; x_wconf 86' lang='lat' dir='ltr'><strong>proposuisti.</strong></span> <span class='ocrx_word' id='word_1_612' title='bbox 2950 4258 3091 4314; x_wconf 85' lang='lat' dir='ltr'><strong>Nam</strong></span> <span class='ocrx_word' id='word_1_613' title='bbox 3151 4256 3331 4312; x_wconf 90' lang='lat' dir='ltr'><strong>animi</strong></span> <span class='ocrx_word' id='word_1_614' title='bbox 3377 4254 3648 4310; x_wconf 88' lang='lat' dir='ltr'><strong>modera-</strong></span> 
     </span>
    </p>
   </div>
   <div class='ocr_carea' id='block_1_83' title="bbox 248 4346 3644 4425">
    <p class='ocr_par' dir='ltr' id='par_1_83' title="bbox 248 4346 3644 4425">
     <span class='ocr_line' id='line_1_83' title="bbox 248 4346 3644 4425; baseline -0.001 -24"><span class='ocrx_word' id='word_1_615' title='bbox 248 4346 395 4404; x_wconf 79' lang='lat' dir='ltr'><strong>tione</strong></span> <span class='ocrx_word' id='word_1_616' title='bbox 445 4350 505 4404; x_wconf 91' lang='lat' dir='ltr'><strong>in</strong></span> <span class='ocrx_word' id='word_1_617' title='bbox 564 4351 686 4405; x_wconf 89' lang='lat' dir='ltr'><strong>acie</strong></span> <span class='ocrx_word' id='word_1_618' title='bbox 743 4354 945 4404; x_wconf 88' lang='lat' dir='ltr'><strong>contra</strong></span> <span class='ocrx_word' id='word_1_619' title='bbox 1000 4348 1285 4419; x_wconf 84' lang='lat' dir='ltr'><strong>ignaviam</strong></span> <span class='ocrx_word' id='word_1_620' title='bbox 1340 4347 1630 4419; x_wconf 90' lang='lat' dir='ltr'><strong>opposita,</strong></span> <span class='ocrx_word' id='word_1_621' title='bbox 1676 4351 1779 4404; x_wconf 78' lang='grc'><strong>10</strong></span> <span class='ocrx_word' id='word_1_622' title='bbox 1838 4366 1952 4406; x_wconf 90' lang='lat' dir='ltr'><strong>non</strong></span> <span class='ocrx_word' id='word_1_623' title='bbox 2014 4349 2201 4425; x_wconf 82' lang='lat' dir='ltr'><strong>solum</strong></span> <span class='ocrx_word' id='word_1_624' title='bbox 2254 4352 2586 4419; x_wconf 90' lang='lat' dir='ltr'><strong>hominum,</strong></span> <span class='ocrx_word' id='word_1_625' title='bbox 2652 4366 2853 4406; x_wconf 91' lang='lat' dir='ltr'><strong>verum</strong></span> <span class='ocrx_word' id='word_1_626' title='bbox 2903 4349 3079 4405; x_wconf 87' lang='lat' dir='ltr'><strong>etiam</strong></span> <span class='ocrx_word' id='word_1_627' title='bbox 3138 4346 3644 4419; x_wconf 88' lang='lat' dir='ltr'><strong>perturbationum</strong></span> 
     </span>
    </p>
   </div>
   <div class='ocr_carea' id='block_1_84' title="bbox 248 4433 3646 4511">
    <p class='ocr_par' dir='ltr' id='par_1_84' title="bbox 248 4433 3646 4511">
     <span class='ocr_line' id='line_1_84' title="bbox 248 4433 3646 4511; baseline -0.001 -21"><span class='ocrx_word' id='word_1_628' title='bbox 248 4438 418 4492; x_wconf 88' lang='lat' dir='ltr'><strong>animi</strong></span> <span class='ocrx_word' id='word_1_629' title='bbox 468 4437 646 4496; x_wconf 87' lang='lat' dir='ltr'><strong>simul</strong></span> <span class='ocrx_word' id='word_1_630' title='bbox 687 4443 745 4495; x_wconf 88' lang='lat' dir='ltr'><strong>et</strong></span> <span class='ocrx_word' id='word_1_631' title='bbox 792 4438 1049 4509; x_wconf 87' lang='lat' dir='ltr'><strong>corporis</strong></span> <span class='ocrx_word' id='word_1_632' title='bbox 1097 4438 1358 4495; x_wconf 89' lang='lat' dir='ltr'><strong>omnium</strong></span> <span class='ocrx_word' id='word_1_633' title='bbox 1406 4438 1720 4510; x_wconf 90' lang='lat' dir='ltr'><strong>imperator</strong></span> <span class='ocrx_word' id='word_1_634' title='bbox 1771 4439 1977 4495; x_wconf 90' lang='lat' dir='ltr'><strong>merito</strong></span> <span class='ocrx_word' id='word_1_635' title='bbox 2017 4440 2285 4496; x_wconf 88' lang='lat' dir='ltr'><strong>censeris.</strong></span> <span class='ocrx_word' id='word_1_636' title='bbox 2342 4441 2723 4506; x_wconf 90' lang='lat' dir='ltr'><strong>Quamobrem</strong></span> <span class='ocrx_word' id='word_1_637' title='bbox 2776 4439 3116 4511; x_wconf 84' lang='lat' dir='ltr'><strong>conspicere</strong></span> <span class='ocrx_word' id='word_1_638' title='bbox 3165 4437 3317 4504; x_wconf 88' lang='lat' dir='ltr'><strong>licet,</strong></span> <span class='ocrx_word' id='word_1_639' title='bbox 3368 4433 3646 4491; x_wconf 88' lang='lat' dir='ltr'><strong>humani-</strong></span> 
     </span>
    </p>
   </div>
   <div class='ocr_carea' id='block_1_85' title="bbox 245 4524 3645 4601">
    <p class='ocr_par' dir='ltr' id='par_1_85' title="bbox 245 4524 3645 4601">
     <span class='ocr_line' id='line_1_85' title="bbox 245 4524 3645 4601; baseline -0.001 -20"><span class='ocrx_word' id='word_1_640' title='bbox 245 4528 408 4582; x_wconf 84' lang='lat' dir='ltr'><strong>tatem</strong></span> <span class='ocrx_word' id='word_1_641' title='bbox 460 4534 620 4584; x_wconf 86' lang='lat' dir='ltr'><strong>tuam</strong></span> <span class='ocrx_word' id='word_1_642' title='bbox 671 4529 743 4584; x_wconf 88' lang='lat' dir='ltr'><strong>ad</strong></span> <span class='ocrx_word' id='word_1_643' title='bbox 796 4544 1097 4585; x_wconf 82' lang='lat' dir='ltr'><strong>summum</strong></span> <span class='ocrx_word' id='word_1_644' title='bbox 1147 4526 1496 4599; x_wconf 84' lang='lat' dir='ltr'><strong>pervenisse.</strong></span> <span class='ocrx_word' id='word_1_645' title='bbox 1530 4526 1674 4583; x_wconf 86' lang='lat' dir='ltr'><strong>Nam</strong></span> <span class='ocrx_word' id='word_1_646' title='bbox 1725 4528 1876 4584; x_wconf 85' lang='lat' dir='ltr'><strong>bella</strong></span> <span class='ocrx_word' id='word_1_647' title='bbox 1929 4545 2160 4600; x_wconf 88' lang='lat' dir='ltr'><strong>quoque</strong></span> <span class='ocrx_word' id='word_1_648' title='bbox 2206 4546 2330 4601; x_wconf 69' lang='lat' dir='ltr'><strong>quae</strong></span> <span class='ocrx_word' id='word_1_649' title='bbox 2360 4531 2532 4601; x_wconf 85' lang='lat' dir='ltr'><strong>geris,</strong></span> <span class='ocrx_word' id='word_1_650' title='bbox 2569 4531 2930 4601; x_wconf 88' lang='lat' dir='ltr'><strong>perhumana</strong></span> <span class='ocrx_word' id='word_1_651' title='bbox 2959 4531 3100 4584; x_wconf 90' lang='lat' dir='ltr'><strong>sunt</strong></span> <span class='ocrx_word' id='word_1_652' title='bbox 3131 4545 3144 4582; x_wconf 95' lang='lat'>:</span> <span class='ocrx_word' id='word_1_653' title='bbox 3179 4536 3233 4583; x_wconf 86' lang='lat' dir='ltr'><strong>et</strong></span> <span class='ocrx_word' id='word_1_654' title='bbox 3278 4524 3645 4597; x_wconf 81' lang='lat' dir='ltr'><strong>placabilitas</strong></span> 
     </span>
    </p>
   </div>
   <div class='ocr_carea' id='block_1_86' title="bbox 243 4612 3642 4689">
    <p class='ocr_par' dir='ltr' id='par_1_86' title="bbox 243 4612 3642 4689">
     <span class='ocr_line' id='line_1_86' title="bbox 243 4612 3642 4689; baseline -0.001 -22"><span class='ocrx_word' id='word_1_655' title='bbox 243 4613 456 4672; x_wconf 87' lang='lat' dir='ltr'><strong>virilem</strong></span> <span class='ocrx_word' id='word_1_656' title='bbox 511 4633 629 4688; x_wconf 72' lang='lat' dir='ltr'><strong>prae</strong></span> <span class='ocrx_word' id='word_1_657' title='bbox 678 4634 742 4673; x_wconf 90' lang='lat' dir='ltr'><strong>se</strong></span> <span class='ocrx_word' id='word_1_658' title='bbox 787 4617 899 4674; x_wconf 82' lang='lat' dir='ltr'><strong>fert</strong></span> <span class='ocrx_word' id='word_1_659' title='bbox 944 4616 1366 4673; x_wconf 67' lang='lat' dir='ltr'><strong>fortitudinem.</strong></span> <span class='ocrx_word' id='word_1_660' title='bbox 1398 4621 1574 4673; x_wconf 92' lang='lat' dir='ltr'><strong>Porro</strong></span> <span class='ocrx_word' id='word_1_661' title='bbox 1627 4615 1956 4689; x_wconf 87' lang='lat' dir='ltr'><strong>benignitas</strong></span> <span class='ocrx_word' id='word_1_662' title='bbox 2006 4625 2055 4672; x_wconf 87' lang='lat' dir='ltr'><strong>et</strong></span> <span class='ocrx_word' id='word_1_663' title='bbox 2090 4618 2487 4675; x_wconf 85' lang='lat' dir='ltr'><strong>munificentia</strong></span> <span class='ocrx_word' id='word_1_664' title='bbox 2518 4635 2693 4689; x_wconf 89' lang='lat' dir='ltr'><strong>quam</strong></span> <span class='ocrx_word' id='word_1_665' title='bbox 2724 4618 2976 4673; x_wconf 80' lang='lat' dir='ltr'><strong>maxime</strong></span> <span class='ocrx_word' id='word_1_666' title='bbox 3005 4619 3073 4672; x_wconf 88' lang='lat' dir='ltr'><strong>ad</strong></span> <span class='ocrx_word' id='word_1_667' title='bbox 3107 4614 3409 4671; x_wconf 86' lang='lat' dir='ltr'><strong>utilitatem</strong></span> <span class='ocrx_word' id='word_1_668' title='bbox 3454 4612 3642 4684; x_wconf 81' lang='lat' dir='ltr'><strong>publi-</strong></span> 
     </span>
    </p>
   </div>
   <div class='ocr_carea' id='block_1_87' title="bbox 244 4702 3638 4779">
    <p class='ocr_par' dir='ltr' id='par_1_87' title="bbox 244 4702 3638 4779">
     <span class='ocr_line' id='line_1_87' title="bbox 244 4702 3638 4779; baseline -0.001 -20"><span class='ocrx_word' id='word_1_669' title='bbox 244 4719 360 4760; x_wconf 85' lang='lat' dir='ltr'><strong>cam</strong></span> <span class='ocrx_word' id='word_1_670' title='bbox 407 4712 693 4777; x_wconf 82' lang='lat' dir='ltr'><strong>spectant.</strong></span> <span class='ocrx_word' id='word_1_671' title='bbox 726 4709 816 4762; x_wconf 90' lang='lat' dir='ltr'><strong>Ira</strong></span> <span class='ocrx_word' id='word_1_672' title='bbox 858 4713 1050 4764; x_wconf 84' lang='lat' dir='ltr'><strong>autem</strong></span> <span class='ocrx_word' id='word_1_673' title='bbox 1099 4707 1416 4763; x_wconf 88' lang='lat' dir='ltr'><strong>admodum</strong></span> <span class='ocrx_word' id='word_1_674' title='bbox 1462 4710 1551 4761; x_wconf 90' lang='lat' dir='ltr'><strong>est</strong></span> <span class='ocrx_word' id='word_1_675' title='bbox 1594 4704 1915 4777; x_wconf 87' lang='lat' dir='ltr'><strong>placabilis.</strong></span> <span class='ocrx_word' id='word_1_676' title='bbox 1949 4707 2192 4763; x_wconf 84' lang='lat' dir='ltr'><strong>Animus</strong></span> <span class='ocrx_word' id='word_1_677' title='bbox 2238 4724 2489 4779; x_wconf 88' lang='lat' dir='ltr'><strong>namque</strong></span> <span class='ocrx_word' id='word_1_678' title='bbox 2518 4714 2656 4763; x_wconf 90' lang='lat' dir='ltr'><strong>tuus</strong></span> <span class='ocrx_word' id='word_1_679' title='bbox 2689 4708 2758 4763; x_wconf 85' lang='lat' dir='ltr'><strong>ad</strong></span> <span class='ocrx_word' id='word_1_680' title='bbox 2791 4707 3175 4764; x_wconf 81' lang='lat' dir='ltr'><strong>iracundiam.</strong></span> <span class='ocrx_word' id='word_1_681' title='bbox 3211 4710 3274 4759; x_wconf 93' lang='lat' dir='ltr'><strong>ut</strong></span> <span class='ocrx_word' id='word_1_682' title='bbox 3303 4704 3386 4757; x_wconf 90' lang='lat' dir='ltr'><strong>ita</strong></span> <span class='ocrx_word' id='word_1_683' title='bbox 3424 4702 3638 4761; x_wconf 84' lang='lat' dir='ltr'><strong>dicam.</strong></span> 
     </span>
    </p>
   </div>
   <div class='ocr_carea' id='block_1_88' title="bbox 246 4795 3639 4869">
    <p class='ocr_par' dir='ltr' id='par_1_88' title="bbox 246 4795 3639 4869">
     <span class='ocr_line' id='line_1_88' title="bbox 246 4795 3639 4869; baseline -0.001 -21"><span class='ocrx_word' id='word_1_684' title='bbox 246 4795 474 4864; x_wconf 87' lang='lat' dir='ltr'><strong>sterilis,</strong></span> <span class='ocrx_word' id='word_1_685' title='bbox 507 4801 563 4853; x_wconf 91' lang='lat' dir='ltr'><strong>el</strong></span> <span class='ocrx_word' id='word_1_686' title='bbox 610 4797 681 4853; x_wconf 88' lang='lat' dir='ltr'><strong>ad</strong></span> <span class='ocrx_word' id='word_1_687' title='bbox 729 4797 996 4855; x_wconf 91' lang='lat' dir='ltr'><strong>ardorem</strong></span> <span class='ocrx_word' id='word_1_688' title='bbox 1044 4813 1175 4852; x_wconf 87' lang='lat' dir='ltr'><strong>eum</strong></span> <span class='ocrx_word' id='word_1_689' title='bbox 1222 4796 1322 4869; x_wconf 89' lang='lat' dir='ltr'><strong>qui</strong></span> <span class='ocrx_word' id='word_1_690' title='bbox 1373 4812 1439 4851; x_wconf 86' lang='lat' dir='ltr'><strong>ex</strong></span> <span class='ocrx_word' id='word_1_691' title='bbox 1490 4796 1760 4869; x_wconf 88' lang='lat' dir='ltr'><strong>ﬂagranti</strong></span> <span class='ocrx_word' id='word_1_692' title='bbox 1810 4797 2172 4853; x_wconf 85' lang='lat' dir='ltr'><strong>vehementia</strong></span> <span class='ocrx_word' id='word_1_693' title='bbox 2222 4799 2500 4868; x_wconf 89' lang='lat' dir='ltr'><strong>provenit,</strong></span> <span class='ocrx_word' id='word_1_694' title='bbox 2535 4797 2741 4854; x_wconf 72' lang='lat' dir='ltr'><strong>cazlebs</strong></span> <span class='ocrx_word' id='word_1_695' title='bbox 2794 4803 2853 4853; x_wconf 88' lang='lat' dir='ltr'><strong>et</strong></span> <span class='ocrx_word' id='word_1_696' title='bbox 2900 4796 3219 4853; x_wconf 88' lang='lat' dir='ltr'><strong>immobilis</strong></span> <span class='ocrx_word' id='word_1_697' title='bbox 3267 4797 3375 4851; x_wconf 90' lang='lat' dir='ltr'><strong>est,</strong></span> <span class='ocrx_word' id='word_1_698' title='bbox 3428 4806 3639 4863; x_wconf 88' lang='lat' dir='ltr'><strong>quam-</strong></span> 
     </span>
    </p>
   </div>
   <div class='ocr_carea' id='block_1_89' title="bbox 245 4879 3637 4961">
    <p class='ocr_par' dir='ltr' id='par_1_89' title="bbox 245 4879 3637 4961">
     <span class='ocr_line' id='line_1_89' title="bbox 245 4879 3637 4961; baseline -0.001 -24"><span class='ocrx_word' id='word_1_699' title='bbox 245 4884 326 4939; x_wconf 88' lang='lat' dir='ltr'><strong>vis</strong></span> <span class='ocrx_word' id='word_1_700' title='bbox 390 4888 671 4943; x_wconf 89' lang='lat' dir='ltr'><strong>bonorum</strong></span> <span class='ocrx_word' id='word_1_701' title='bbox 731 4888 923 4945; x_wconf 90' lang='lat' dir='ltr'><strong>omnis</strong></span> <span class='ocrx_word' id='word_1_702' title='bbox 989 4888 1221 4961; x_wconf 76' lang='lat' dir='ltr'><strong>generis</strong></span> <span class='ocrx_word' id='word_1_703' title='bbox 1286 4888 1442 4943; x_wconf 86' lang='lat' dir='ltr'><strong>ferax</strong></span> <span class='ocrx_word' id='word_1_704' title='bbox 1507 4893 1563 4942; x_wconf 89' lang='lat' dir='ltr'><strong>et</strong></span> <span class='ocrx_word' id='word_1_705' title='bbox 1628 4888 1930 4943; x_wconf 87' lang='lat' dir='ltr'><strong>fecundus.</strong></span> <span class='ocrx_word' id='word_1_706' title='bbox 1992 4888 2243 4958; x_wconf 84' lang='lat' dir='ltr'><strong>Legibus</strong></span> <span class='ocrx_word' id='word_1_707' title='bbox 2308 4904 2443 4944; x_wconf 89' lang='lat' dir='ltr'><strong>vero</strong></span> <span class='ocrx_word' id='word_1_708' title='bbox 2511 4888 2785 4949; x_wconf 88' lang='lat' dir='ltr'><strong>ferendis,</strong></span> <span class='ocrx_word' id='word_1_709' title='bbox 2848 4888 3222 4957; x_wconf 90' lang='lat' dir='ltr'><strong>moribusque</strong></span> <span class='ocrx_word' id='word_1_710' title='bbox 3278 4879 3637 4953; x_wconf 87' lang='lat' dir='ltr'><strong>corrigendis</strong></span> 
     </span>
    </p>
   </div>
   <div class='ocr_carea' id='block_1_90' title="bbox 248 4968 3638 5051">
    <p class='ocr_par' dir='ltr' id='par_1_90' title="bbox 248 4968 3638 5051">
     <span class='ocr_line' id='line_1_90' title="bbox 248 4968 3638 5051; baseline -0.001 -21"><span class='ocrx_word' id='word_1_711' title='bbox 248 4990 408 5045; x_wconf 87' lang='lat' dir='ltr'><strong>quam</strong></span> <span class='ocrx_word' id='word_1_712' title='bbox 441 4986 595 5034; x_wconf 87' lang='lat' dir='ltr'><strong>recta</strong></span> <span class='ocrx_word' id='word_1_713' title='bbox 625 4979 778 5050; x_wconf 91' lang='lat' dir='ltr'><strong>apud</strong></span> <span class='ocrx_word' id='word_1_714' title='bbox 831 4983 886 5034; x_wconf 93' lang='lat' dir='ltr'><strong>te</strong></span> <span class='ocrx_word' id='word_1_715' title='bbox 930 4978 1199 5034; x_wconf 88' lang='lat' dir='ltr'><strong>instituta</strong></span> <span class='ocrx_word' id='word_1_716' title='bbox 1246 4982 1336 5032; x_wconf 90' lang='lat' dir='ltr'><strong>est</strong></span> <span class='ocrx_word' id='word_1_717' title='bbox 1384 4976 1555 5042; x_wconf 88' lang='lat' dir='ltr'><strong>ratio,</strong></span> <span class='ocrx_word' id='word_1_718' title='bbox 1586 4977 1685 5048; x_wconf 90' lang='lat' dir='ltr'><strong>qui</strong></span> <span class='ocrx_word' id='word_1_719' title='bbox 1735 4976 2135 5048; x_wconf 91' lang='lat' dir='ltr'><strong>improborum</strong></span> <span class='ocrx_word' id='word_1_720' title='bbox 2182 4979 2467 5049; x_wconf 90' lang='lat' dir='ltr'><strong>impetum</strong></span> <span class='ocrx_word' id='word_1_721' title='bbox 2517 4978 2795 5051; x_wconf 90' lang='lat' dir='ltr'><strong>legitimis</strong></span> <span class='ocrx_word' id='word_1_722' title='bbox 2831 4976 3080 5048; x_wconf 68' lang='lat' dir='ltr'><strong>justitiae</strong></span> <span class='ocrx_word' id='word_1_723' title='bbox 3132 4972 3429 5045; x_wconf 66' lang='lat' dir='ltr'><strong>praeceptis</strong></span> <span class='ocrx_word' id='word_1_724' title='bbox 3482 4968 3638 5027; x_wconf 86' lang='lat' dir='ltr'><strong>cohi-</strong></span> 
     </span>
    </p>
   </div>
   <div class='ocr_carea' id='block_1_91' title="bbox 247 5061 3637 5141">
    <p class='ocr_par' dir='ltr' id='par_1_91' title="bbox 247 5061 3637 5141">
     <span class='ocr_line' id='line_1_91' title="bbox 247 5061 3637 5141; baseline -0.002 -20"><span class='ocrx_word' id='word_1_725' title='bbox 247 5065 343 5123; x_wconf 88' lang='lat' dir='ltr'><strong>bes</strong></span> <span class='ocrx_word' id='word_1_726' title='bbox 391 5085 404 5122; x_wconf 91' lang='lat'><strong>:</strong></span> <span class='ocrx_word' id='word_1_727' title='bbox 456 5075 513 5124; x_wconf 90' lang='lat' dir='ltr'><strong>et</strong></span> <span class='ocrx_word' id='word_1_728' title='bbox 569 5069 786 5141; x_wconf 89' lang='lat' dir='ltr'><strong>ubique</strong></span> <span class='ocrx_word' id='word_1_729' title='bbox 846 5077 1123 5125; x_wconf 86' lang='lat' dir='ltr'><strong>terrarum</strong></span> <span class='ocrx_word' id='word_1_730' title='bbox 1179 5067 1492 5124; x_wconf 89' lang='lat' dir='ltr'><strong>honestum</strong></span> <span class='ocrx_word' id='word_1_731' title='bbox 1554 5068 1911 5138; x_wconf 89' lang='lat' dir='ltr'><strong>bonumque,</strong></span> <span class='ocrx_word' id='word_1_732' title='bbox 1942 5066 2098 5122; x_wconf 85' lang='lat' dir='ltr'><strong>haud</strong></span> <span class='ocrx_word' id='word_1_733' title='bbox 2160 5068 2327 5124; x_wconf 87' lang='lat' dir='ltr'><strong>aliter</strong></span> <span class='ocrx_word' id='word_1_734' title='bbox 2371 5084 2546 5140; x_wconf 91' lang='lat' dir='ltr'><strong>quam</strong></span> <span class='ocrx_word' id='word_1_735' title='bbox 2596 5071 2936 5125; x_wconf 88' lang='lat' dir='ltr'><strong>decantatus</strong></span> <span class='ocrx_word' id='word_1_736' title='bbox 2994 5066 3093 5121; x_wconf 89' lang='lat' dir='ltr'><strong>ille</strong></span> <span class='ocrx_word' id='word_1_737' title='bbox 3141 5061 3534 5134; x_wconf 81' lang='lat' dir='ltr'><strong>Triptolemus</strong></span> <span class='ocrx_word' id='word_1_738' title='bbox 3578 5061 3637 5115; x_wconf 92' lang='lat' dir='ltr'><strong>in</strong></span> 
     </span>
    </p>
   </div>
   <div class='ocr_carea' id='block_1_92' title="bbox 250 5149 3639 5230">
    <p class='ocr_par' dir='ltr' id='par_1_92' title="bbox 250 5149 3639 5230">
     <span class='ocr_line' id='line_1_92' title="bbox 250 5149 3639 5230; baseline -0.001 -21"><span class='ocrx_word' id='word_1_739' title='bbox 250 5158 443 5212; x_wconf 84' lang='lat' dir='ltr'><strong>terram</strong></span> <span class='ocrx_word' id='word_1_740' title='bbox 495 5158 722 5214; x_wconf 84' lang='lat' dir='ltr'><strong>semina</strong></span> <span class='ocrx_word' id='word_1_741' title='bbox 766 5159 1033 5230; x_wconf 88' lang='lat' dir='ltr'><strong>conjecit,</strong></span> <span class='ocrx_word' id='word_1_742' title='bbox 1064 5157 1257 5214; x_wconf 70' lang='lat' dir='ltr'><strong>seris?</strong></span> <span class='ocrx_word' id='word_1_743' title='bbox 1286 5157 1426 5225; x_wconf 89' lang='lat' dir='ltr'><strong>Quis</strong></span> <span class='ocrx_word' id='word_1_744' title='bbox 1474 5156 1656 5228; x_wconf 89' lang='lat' dir='ltr'><strong>igitur</strong></span> <span class='ocrx_word' id='word_1_745' title='bbox 1699 5156 2039 5212; x_wconf 91' lang='lat' dir='ltr'><strong>hominibus</strong></span> <span class='ocrx_word' id='word_1_746' title='bbox 2089 5156 2377 5228; x_wconf 90' lang='lat' dir='ltr'><strong>improbis</strong></span> <span class='ocrx_word' id='word_1_747' title='bbox 2426 5163 2479 5214; x_wconf 88' lang='lat' dir='ltr'><strong>te</strong></span> <span class='ocrx_word' id='word_1_748' title='bbox 2528 5163 2616 5215; x_wconf 90' lang='lat' dir='ltr'><strong>est</strong></span> <span class='ocrx_word' id='word_1_749' title='bbox 2665 5155 3103 5223; x_wconf 83' lang='lat' dir='ltr'><strong>formidabilior,</strong></span> <span class='ocrx_word' id='word_1_750' title='bbox 3146 5158 3242 5209; x_wconf 92' lang='lat' dir='ltr'><strong>aut</strong></span> <span class='ocrx_word' id='word_1_751' title='bbox 3293 5149 3639 5207; x_wconf 70' lang='lat' dir='ltr'><strong>aerumnosis</strong></span> 
     </span>
    </p>
   </div>
   <div class='ocr_carea' id='block_1_93' title="bbox 247 5239 3635 5321">
    <p class='ocr_par' dir='ltr' id='par_1_93' title="bbox 247 5239 3635 5321">
     <span class='ocr_line' id='line_1_93' title="bbox 247 5239 3635 5321; baseline -0.002 -21"><span class='ocrx_word' id='word_1_752' title='bbox 247 5244 575 5314; x_wconf 84' lang='lat' dir='ltr'><strong>placabilior</strong></span> <span class='ocrx_word' id='word_1_753' title='bbox 618 5253 793 5321; x_wconf 87' lang='lat' dir='ltr'><strong>atque</strong></span> <span class='ocrx_word' id='word_1_754' title='bbox 836 5247 1227 5305; x_wconf 80' lang='lat' dir='ltr'><strong>clementior?</strong></span> <span class='ocrx_word' id='word_1_755' title='bbox 1273 5248 1413 5312; x_wconf 88' lang='lat' dir='ltr'><strong>Quis</strong></span> <span class='ocrx_word' id='word_1_756' title='bbox 1462 5247 1929 5318; x_wconf 87' lang='lat' dir='ltr'><strong>supplicantibus</strong></span> <span class='ocrx_word' id='word_1_757' title='bbox 1974 5247 2301 5320; x_wconf 87' lang='lat' dir='ltr'><strong>benignior,</strong></span> <span class='ocrx_word' id='word_1_758' title='bbox 2347 5256 2403 5305; x_wconf 91' lang='lat' dir='ltr'><strong>et</strong></span> <span class='ocrx_word' id='word_1_759' title='bbox 2451 5250 2519 5305; x_wconf 90' lang='lat' dir='ltr'><strong>ad</strong></span> <span class='ocrx_word' id='word_1_760' title='bbox 2581 5247 3039 5305; x_wconf 87' lang='lat' dir='ltr'><strong>misericordiam</strong></span> <span class='ocrx_word' id='word_1_761' title='bbox 3094 5242 3485 5316; x_wconf 87' lang='lat' dir='ltr'><strong>propensior?</strong></span> <span class='ocrx_word' id='word_1_762' title='bbox 3535 5239 3635 5312; x_wconf 88' lang='lat' dir='ltr'><strong>qui</strong></span> 
     </span>
    </p>
   </div>
   <div class='ocr_carea' id='block_1_94' title="bbox 245 5333 2799 5411">
    <p class='ocr_par' dir='ltr' id='par_1_94' title="bbox 245 5333 2799 5411">
     <span class='ocr_line' id='line_1_94' title="bbox 245 5333 2799 5411; baseline 0.002 -23"><span class='ocrx_word' id='word_1_763' title='bbox 245 5333 431 5402; x_wconf 87' lang='lat' dir='ltr'><strong>etiam,</strong></span> <span class='ocrx_word' id='word_1_764' title='bbox 464 5338 579 5394; x_wconf 87' lang='lat' dir='ltr'><strong>nisi</strong></span> <span class='ocrx_word' id='word_1_765' title='bbox 608 5338 892 5411; x_wconf 68' lang='lat' dir='ltr'><strong>quaepiam</strong></span> <span class='ocrx_word' id='word_1_766' title='bbox 923 5340 1112 5396; x_wconf 83' lang='lat' dir='ltr'><strong>obstet</strong></span> <span class='ocrx_word' id='word_1_767' title='bbox 1140 5337 1476 5407; x_wconf 85' lang='lat' dir='ltr'><strong>necessitas,</strong></span> <span class='ocrx_word' id='word_1_768' title='bbox 1511 5338 1867 5410; x_wconf 85' lang='lat' dir='ltr'><strong>precantiam</strong></span> <span class='ocrx_word' id='word_1_769' title='bbox 1897 5340 2097 5410; x_wconf 88' lang='lat' dir='ltr'><strong>optata</strong></span> <span class='ocrx_word' id='word_1_770' title='bbox 2128 5336 2446 5410; x_wconf 66' lang='lat' dir='ltr'><strong>prevenire</strong></span> <span class='ocrx_word' id='word_1_771' title='bbox 2480 5337 2688 5394; x_wconf 89' lang='lat' dir='ltr'><strong>solitus</strong></span> <span class='ocrx_word' id='word_1_772' title='bbox 2717 5353 2799 5394; x_wconf 90' lang='lat' dir='ltr'><strong>es.</strong></span> 
     </span>
    </p>
   </div>
   <div class='ocr_carea' id='block_1_95' title="bbox 310 5516 1895 5595">
    <p class='ocr_par' dir='ltr' id='par_1_95' title="bbox 310 5516 1873 5595">
     <span class='ocr_line' id='line_1_95' title="bbox 310 5516 1873 5595; baseline 0.001 -22"><span class='ocrx_word' id='word_1_773' title='bbox 310 5516 458 5574; x_wconf 85' lang='grc' dir='ltr'>Ἀλλ’</span> <span class='ocrx_word' id='word_1_774' title='bbox 481 5521 546 5575; x_wconf 86' lang='grc' dir='ltr'><strong>οὐ</strong></span> <span class='ocrx_word' id='word_1_775' title='bbox 601 5521 738 5595; x_wconf 84' lang='grc' dir='ltr'>πρὸς</span> <span class='ocrx_word' id='word_1_776' title='bbox 785 5521 1016 5577; x_wconf 77' lang='grc' dir='ltr'>θωπείαν</span> <span class='ocrx_word' id='word_1_777' title='bbox 1058 5541 1154 5593; x_wconf 85' lang='grc' dir='ltr'><strong>μοι</strong></span> <span class='ocrx_word' id='word_1_778' title='bbox 1196 5524 1362 5576; x_wconf 79' lang='grc' dir='ltr'>ταῦτα</span> <span class='ocrx_word' id='word_1_779' title='bbox 1402 5521 1494 5577; x_wconf 85' lang='grc' dir='ltr'><strong>καὶ</strong></span> <span class='ocrx_word' id='word_1_780' title='bbox 1542 5521 1676 5594; x_wconf 82' lang='grc' dir='ltr'>πρὸς</span> <span class='ocrx_word' id='word_1_781' title='bbox 1709 5520 1873 5595; x_wconf 76' lang='grc' dir='ltr'>χάριν</span> 
     </span>
    </p>
   </div>
   <div class='ocr_carea' id='block_1_96' title="bbox 2005 5516 3636 5595">
    <p class='ocr_par' dir='ltr' id='par_1_96' title="bbox 2060 5518 3636 5594">
     <span class='ocr_line' id='line_1_96' title="bbox 2060 5518 3636 5594; baseline -0.002 -15"><span class='ocrx_word' id='word_1_782' title='bbox 2060 5524 2253 5594; x_wconf 84' lang='lat' dir='ltr'><strong>Neque</strong></span> <span class='ocrx_word' id='word_1_783' title='bbox 2302 5539 2434 5580; x_wconf 89' lang='lat' dir='ltr'><strong>vero</strong></span> <span class='ocrx_word' id='word_1_784' title='bbox 2485 5540 2517 5578; x_wconf 90' lang='lat' dir='ltr'><strong>a</strong></span> <span class='ocrx_word' id='word_1_785' title='bbox 2566 5538 2658 5577; x_wconf 89' lang='lat' dir='ltr'><strong>me</strong></span> <span class='ocrx_word' id='word_1_786' title='bbox 2687 5521 2802 5583; x_wconf 89' lang='lat' dir='ltr'><strong>ista</strong></span> <span class='ocrx_word' id='word_1_787' title='bbox 2830 5523 2901 5578; x_wconf 89' lang='lat' dir='ltr'><strong>ad</strong></span> <span class='ocrx_word' id='word_1_788' title='bbox 2934 5522 3199 5594; x_wconf 83' lang='lat' dir='ltr'><strong>gratiam,</strong></span> <span class='ocrx_word' id='word_1_789' title='bbox 3231 5524 3331 5578; x_wconf 89' lang='lat' dir='ltr'><strong>aut</strong></span> <span class='ocrx_word' id='word_1_790' title='bbox 3361 5536 3462 5592; x_wconf 89' lang='lat' dir='ltr'><strong>per</strong></span> <span class='ocrx_word' id='word_1_791' title='bbox 3488 5518 3636 5577; x_wconf 87' lang='lat' dir='ltr'><strong>adu-</strong></span> 
     </span>
    </p>
   </div>
   <div class='ocr_carea' id='block_1_97' title="bbox 247 5606 1895 5689">
    <p class='ocr_par' dir='ltr' id='par_1_97' title="bbox 247 5606 1871 5689">
     <span class='ocr_line' id='line_1_97' title="bbox 247 5606 1871 5689; baseline 0.004 -28"><span class='ocrx_word' id='word_1_792' title='bbox 247 5606 496 5681; x_wconf 74' lang='grc' dir='ltr'>εἰρημένα</span> <span class='ocrx_word' id='word_1_793' title='bbox 550 5610 767 5675; x_wconf 79' lang='grc' dir='ltr'>πᾶντως</span> <span class='ocrx_word' id='word_1_794' title='bbox 824 5612 955 5668; x_wconf 81' lang='grc' dir='ltr'>ἐστί.</span> <span class='ocrx_word' id='word_1_795' title='bbox 1004 5615 1125 5675; x_wconf 88' lang='grc' dir='ltr'>Πῶς</span> <span class='ocrx_word' id='word_1_796' title='bbox 1184 5614 1309 5689; x_wconf 72' lang='grc' dir='ltr'>γαρ,</span> <span class='ocrx_word' id='word_1_797' title='bbox 1360 5615 1406 5687; x_wconf 80' lang='grc' dir='ltr'>ᾧ</span> <span class='ocrx_word' id='word_1_798' title='bbox 1469 5611 1609 5686; x_wconf 77' lang='grc' dir='ltr'>μηδὲ</span> <span class='ocrx_word' id='word_1_799' title='bbox 1654 5612 1871 5683; x_wconf 81' lang='grc' dir='ltr'>τάληθῆ</span> 
     </span>
    </p>
   </div>
   <div class='ocr_carea' id='block_1_98' title="bbox 2005 5606 3633 5689">
    <p class='ocr_par' dir='ltr' id='par_1_98' title="bbox 2009 5608 3633 5684">
     <span class='ocr_line' id='line_1_98' title="bbox 2009 5608 3633 5684; baseline -0.004 -13"><span class='ocrx_word' id='word_1_800' title='bbox 2009 5614 2261 5671; x_wconf 85' lang='lat' dir='ltr'><strong>ationem</strong></span> <span class='ocrx_word' id='word_1_801' title='bbox 2312 5627 2546 5684; x_wconf 87' lang='lat' dir='ltr'><strong>prorsus</strong></span> <span class='ocrx_word' id='word_1_802' title='bbox 2606 5610 2763 5667; x_wconf 90' lang='lat' dir='ltr'><strong>dicta</strong></span> <span class='ocrx_word' id='word_1_803' title='bbox 2813 5617 2967 5668; x_wconf 90' lang='lat' dir='ltr'><strong>sunt.</strong></span> <span class='ocrx_word' id='word_1_804' title='bbox 3017 5612 3314 5678; x_wconf 87' lang='lat' dir='ltr'><strong>Quomodo</strong></span> <span class='ocrx_word' id='word_1_805' title='bbox 3361 5611 3520 5668; x_wconf 90' lang='lat' dir='ltr'><strong>enim</strong></span> <span class='ocrx_word' id='word_1_806' title='bbox 3576 5608 3633 5665; x_wconf 87' lang='lat' dir='ltr'><strong>id</strong></span> 
     </span>
    </p>
   </div>
   <div class='ocr_carea' id='block_1_99' title="bbox 248 5695 1895 5779">
    <p class='ocr_par' dir='ltr' id='par_1_99' title="bbox 248 5695 1876 5779">
     <span class='ocr_line' id='line_1_99' title="bbox 248 5695 1876 5779; baseline 0.002 -27"><span class='ocrx_word' id='word_1_807' title='bbox 248 5695 416 5774; x_wconf 73' lang='grc' dir='ltr'>λέγειν</span> <span class='ocrx_word' id='word_1_808' title='bbox 464 5698 655 5772; x_wconf 79' lang='grc' dir='ltr'>ἔξεστι,</span> <span class='ocrx_word' id='word_1_809' title='bbox 687 5701 1178 5779; x_wconf 77' lang='grc' dir='ltr'>καταγωνιζομένῳ</span> <span class='ocrx_word' id='word_1_810' title='bbox 1220 5707 1338 5766; x_wconf 87' lang='grc' dir='ltr'>ταῖς</span> <span class='ocrx_word' id='word_1_811' title='bbox 1393 5699 1721 5778; x_wconf 72' lang='grc' dir='ltr'>ὑπερϐολαῖς</span> <span class='ocrx_word' id='word_1_812' title='bbox 1767 5704 1876 5757; x_wconf 86' lang='grc' dir='ltr'><strong>τῶν</strong></span> 
     </span>
    </p>
   </div>
   <div class='ocr_carea' id='block_1_100' title="bbox 2005 5695 3635 5779">
    <p class='ocr_par' dir='ltr' id='par_1_100' title="bbox 2005 5701 3635 5775">
     <span class='ocr_line' id='line_1_100' title="bbox 2005 5701 3635 5775; baseline -0.003 -14"><span class='ocrx_word' id='word_1_813' title='bbox 2005 5703 2220 5773; x_wconf 85' lang='lat' dir='ltr'><strong>&#39;aciam,</strong></span> <span class='ocrx_word' id='word_1_814' title='bbox 2253 5718 2386 5759; x_wconf 89' lang='lat' dir='ltr'><strong>cum</strong></span> <span class='ocrx_word' id='word_1_815' title='bbox 2417 5716 2605 5773; x_wconf 88' lang='lat' dir='ltr'><strong>neque</strong></span> <span class='ocrx_word' id='word_1_816' title='bbox 2637 5715 2730 5758; x_wconf 90' lang='lat' dir='ltr'><strong>res</strong></span> <span class='ocrx_word' id='word_1_817' title='bbox 2769 5701 2948 5775; x_wconf 87' lang='lat' dir='ltr'><strong>ipsas,</strong></span> <span class='ocrx_word' id='word_1_818' title='bbox 2981 5706 3046 5758; x_wconf 86' lang='lat' dir='ltr'><strong>ut</strong></span> <span class='ocrx_word' id='word_1_819' title='bbox 3094 5708 3249 5770; x_wconf 85' lang='lat' dir='ltr'><strong>sunt,</strong></span> <span class='ocrx_word' id='word_1_820' title='bbox 3280 5716 3410 5759; x_wconf 88' lang='lat' dir='ltr'><strong>vere</strong></span> <span class='ocrx_word' id='word_1_821' title='bbox 3458 5715 3635 5772; x_wconf 77' lang='lat' dir='ltr'><strong>expo-</strong></span> 
     </span>
    </p>
   </div>
  </div>
