3982 6216
406 272 579 415 ί35Ἷό
1760 353 2182 415 NICEPHORI
2226 352 2576 417 CALLISTI
3745 362 3854 423 576

382 316 407 347 ί
461 356 579 415 575

461 368 579 415 575
1760 368 2108 415 Νιυιςιιυυ]

163 368 367 533 /
465 504 601 545 nere
632 504 864 561 queam,
894 487 1195 545 excellenti
1231 487 1687 561 pulchritudinis
1729 503 1928 543 earum
1981 503 2108 559 prai-

2226 368 2576 417 υΛΙΑιιιδΠ
3745 368 3854 423 δ’ἶδ

2237 482 2458 552 καλῶν;
2492 483 2665 542 Ἀλλά
2711 486 2813 559 γὰρ
2864 486 3035 548 οὕτως
3080 484 3224 562 ἔχειν
3264 493 3434 544 ταῦτα
3464 490 3775 564 παρίστησι,
3802 493 3858 546 τά

466 580 680 635 stantia
735 578 922 634 victus
952 578 979 633 τ
1029 578 1234 633 Verum
1285 579 1403 634 haec
1459 578 1539 633 ita
1597 594 1660 633 se
1709 578 1938 641 habere,
1992 583 2118 631 tum

467 670 660 726 divina
684 687 809 741 quae
834 669 937 724 tibi
963 669 1223 741 obtigere
1248 670 1421 735 dena,
1446 676 1570 723 tum
1594 668 1873 734 actiones,
1896 682 2042 736 quas
2061 667 2117 722 in

470 758 777 831 imperium
812 763 977 813 tuum
1009 758 1328 823 contulisti,
1353 774 1554 813 omnes
1584 756 1977 824 comprobant.
2006 754 2120 810 Nec

472 850 666 904 minus
697 850 754 902 id
788 864 1018 919 quoque
1049 847 1149 903 illa
1179 848 1323 903 satis
1356 846 1674 903 declarant.
1709 844 1849 911 Quis
1882 850 2120 911 etenim,

464 955 643 1010 quam
694 944 777 1005 tu,
834 938 1112 1008 religione
1162 954 1303 1007 pura
1352 941 1408 992 et
1452 936 1852 991 simulationis
1896 935 2111 1001 nescia,

459 1029 549 1083 vel
611 1028 797 1083 Deum
860 1028 1047 1097 magis
1101 1026 1466 1099 glorificavit,
1526 1026 1612 1081 vel
1678 1024 2116 1097 ﬂagrantiorem

461 1135 563 1189 pro
617 1134 683 1174 eo
728 1117 993 1173 ardorem
1027 1115 1330 1172 ostendit?
1362 1116 1502 1180 Quis
1535 1114 1908 1171 sinceriorem
1946 1115 2114 1168 ﬁdem

468 1210 528 1262 in
570 1207 883 1262 discrimen
936 1208 1281 1278 conjectum,
1316 1211 1480 1262 tanta
1528 1205 1895 1262 aemulatione
1935 1211 1991 1259 et
2020 1221 2118 1259 ze-

471 1296 691 1368 lotypia
738 1302 1061 1352 assectatus
1092 1304 1203 1362 est,
1237 1306 1335 1352 aut
1380 1312 1602 1352 sacram
1634 1312 1895 1351 mensam
1929 1310 2122 1366 repur-

461 1388 618 1460 gavit
640 1387 666 1441 ?
690 1388 831 1453 Quis
860 1389 1058 1455 etiam,
1095 1392 1159 1442 ut
1188 1387 1435 1442 eruditio
1469 1385 1659 1441 omnis
1691 1401 1919 1440 summa
1951 1401 2119 1455 cape-

468 1482 554 1534 ret
593 1478 974 1541 incrementa,
1005 1476 1236 1533 eﬂ'ecit?
1266 1478 1405 1543 Quis
1454 1477 1532 1530 ita
1583 1475 1854 1529 virtutem
1894 1472 2116 1540 extulit,

466 1573 568 1623 aut
612 1568 867 1638 Optimos
918 1583 1182 1637 quosque
1232 1567 1555 1623 honoribus
1606 1565 1818 1621 auxit?
1846 1564 1984 1630 Quis
2016 1564 2120 1620 Dei

471 1658 783 1723 ministris,
804 1657 1049 1727 aliisque
1080 1658 1216 1712 item
1250 1658 1346 1728 qui
1381 1658 1430 1712 ei
1464 1656 1622 1712 chari
1654 1659 1813 1723 sunt,
1847 1662 1904 1711 et
1934 1656 2117 1709 omni-

461 1748 571 1803 bus
603 1764 803 1818 prope,
840 1765 939 1818 pro
985 1748 1269 1818 cujusque
1299 1749 1602 1821 dignitate,
1636 1748 1897 1805 debitum
1929 1747 2115 1802 hono-

2229 575 2273 627 τ’
2308 571 2365 628 ἐκ
2414 579 2546 629 Θεοῦ
2605 596 2689 629 σοι
2748 572 3121 652 δεδωρημένα,
3161 577 3227 633 τά
3257 580 3304 632 τ’
3336 578 3387 633 ἐν
3439 579 3581 653 πάσῃ
3619 583 3856 656 ξυνενεχο

2230 662 2385 717 θέντα
2443 683 2524 716 σοι
2578 668 2645 737 τῇ
2701 664 2870 738 ἀρχῇ.
2904 664 3023 739 Οὐχ
3077 667 3237 733 ἧττόν
3294 687 3357 741 γε
3410 670 3516 740 μὴν
3569 670 3657 722 καὶ
3708 673 3861 723 ταῦτα

2232 759 2415 831 σαφῶς
2468 751 2838 824 παραδείξειε*
2889 757 2971 817 τίς
3018 758 3121 831 γὰρ
3186 762 3284 812 σοῦ
3327 756 3494 814 πλέον
3545 761 3659 832 μετ’
3711 760 3859 816 εὐλα-

2230 839 2377 905 ϐείας
2419 843 2785 917 ἀνυποκρίτου
2828 846 2863 913 ἢ
2914 846 3043 900 Θεὸν
3093 843 3355 916 ἐδόξασεν,
3390 849 3425 918 ἢ
3475 850 3643 918 ζῆλον
3697 849 3865 922 ἔμπυ-

2231 954 2320 1005 ρον
2358 934 2487 1007 ὑπὲρ
2519 935 2682 988 αὐτοῦ
2714 931 3005 1005 ἐνεδείξατο
3035 958 3049 1003 ς
3081 939 3171 997 Τίς
3215 938 3315 1007 τὴν
3362 936 3630 1015 ἀκραινρνῆ
3692 938 3863 994 πίστιν

2230 1022 2403 1085 οὕτως
2449 1022 2831 1094 ἐζηλοτύπησε
2878 1024 3315 1097 κινδυνεύουσαν,
3347 1028 3382 1097 ἢ
3416 1030 3514 1096 τήν
3556 1029 3706 1101 ἱερὰν
3749 1029 3867 1083 ἐκά-

2229 1114 2364 1188 θηρε
2417 1116 2686 1187 τράπεζαν
2715 1135 2728 1184 ;
2757 1115 2850 1177 Τίς
2910 1113 2957 1169 δ’
3005 1115 3070 1170 αὖ
3122 1116 3312 1193 λόγοις
3372 1117 3544 1179 οὕτως
3589 1116 3865 1173 ἐπιδοῦναι

2228 1203 2496 1279 παρέσχεν
2549 1204 2623 1266 είς
2679 1205 2947 1282 μέγιστον,
2980 1207 3069 1261 καὶ
3115 1209 3213 1277 τήν
3261 1208 3458 1283 ἀρετήν
3506 1206 3865 1287 διαφερόντως

2228 1293 2501 1366 ἐτίμησεν,
2559 1296 2593 1365 ἢ
2661 1296 2787 1356 τοὺς
2845 1296 3095 1370 ἀρίστους
3150 1297 3540 1372 προύτίμησε;
3594 1300 3688 1363 Τίς
3744 1303 3866 1355 Θεοῦ

2229 1381 2599 1458 λειτουργοῖς,
2642 1384 2730 1440 καὶ
2771 1384 2960 1447 ἄλλως
3000 1384 3065 1454 δὴ
3107 1388 3531 1465 κεχαρισμένοις
3572 1392 3747 1459 αὐτῷ,
3786 1389 3863 1442 καί

2231 1469 2424 1547 σχεδὸν
2477 1472 2663 1542 ἅπασι,
2704 1475 2767 1530 τὸ
2824 1481 3101 1549 προσῆκον
3161 1476 3323 1548 γέρας
3380 1478 3493 1530 κατ’
3541 1476 3693 1546 ἀξίαν
3746 1475 3864 1529 ἀπε-

2227 1563 2535 1637 χαρίσατο;
2569 1563 2658 1625 Τίς
2689 1560 2746 1619 δέ
2784 1563 2952 1619 πάλιν
3000 1566 3067 1620 τά
3113 1564 3358 1640 βασίλεια
3406 1567 3524 1621 κατ’
3554 1563 3713 1620 οὐδὲν
3759 1562 3862 1619 δια-

2228 1653 2406 1729 φέρειν
2480 1653 2815 1723 ἀσκητηρίου
2888 1656 3323 1727 παρεσκευάσατο
3397 1660 3465 1726 τῇ
3550 1675 3608 1709 τε
3698 1658 3863 1727 μακρᾷ

2228 1746 2483 1815 προσοχῇ
2542 1742 2631 1796 καὶ
2681 1747 2748 1815 τῇ
2808 1742 2997 1816 ἐσάγαν
3054 1740 3307 1816 εὐλαϐείᾳ
3352 1746 3440 1798 καὶ
3503 1743 3860 1814 κοσμιότητι;

465 1853 582 1890 rem
636 1836 840 1891 tribuit
862 1834 891 1890 ἲ
922 1836 1060 1902 Quis
1108 1854 1278 1907 porro
1306 1842 1471 1892 tanta
1502 1838 1840 1905 attentione,
1874 1835 2108 1907 insigni-

2234 1837 2395 1892 [ῐοῖος
2418 1829 2464 1884 δ’
2497 1830 2670 1893 οὕτως
2700 1831 2925 1906 ἁρῥεπεῖ
2953 1837 3119 1907 ζυγοῦ
3160 1833 3370 1907 στάθμῃ
3421 1833 3489 1887 τά
3540 1833 3694 1887 κοινά
3745 1830 3863 1903 διῳ-

466 1942 580 1996 que
631 1924 930 1995 religione,
961 1931 1020 1982 et
1074 1927 1299 1982 decenti
1343 1926 1755 1991 moderatione,
1791 1934 1853 1980 ut
1884 1927 2119 1996 imperi-

474 2015 585 2070 alis
636 2014 769 2069 aula
801 2015 947 2068 nihil
978 2016 1047 2070 ab
1081 2015 1378 2083 asccterio,
1413 2016 1760 2087 pietatisque
1790 2016 2120 2071 exercendis

476 2103 676 2159 schola
706 2102 985 2169 differret,
1024 2104 1395 2174 procuravit?
1426 2105 1558 2175 quis
1589 2105 1673 2159 sic
1704 2121 1870 2175 aequa
1896 2110 2121 2159 staterae

473 2191 638 2247 lance
710 2191 1132 2262 rempublicam
1202 2193 1611 2263 gubernavit?
1672 2192 1767 2248 II
1841 2194 1983 2257 Quis
2038 2194 2120 2248 ita

472 2279 560 2335 vel
598 2280 720 2349 juri
770 2281 1016 2336 dicendo
1070 2281 1301 2349 institit,
1353 2282 1437 2337 vel
1489 2281 1771 2337 maleﬁcia
1818 2280 2117 2338 coercuit?

473 2387 662 2441 usque
707 2372 873 2432 adeo,
910 2375 974 2426 ut
1013 2371 1257 2427 multam
1290 2388 1350 2428 se
1383 2372 1485 2427 tibi
1515 2372 1724 2427 debere
1753 2372 1999 2443 gratiam
2031 2371 2117 2427 illi

470 2458 644 2513 etiam
703 2458 1136 2528 profiterentur,
1170 2460 1261 2529 qui
1312 2474 1342 2513 e
1364 2459 1590 2528 judicio
1622 2459 1776 2524 victi,
1809 2467 1866 2514 et
1894 2458 2115 2515 calculo

462 2549 560 2601 tuo
610 2546 871 2601 damnati
922 2545 1132 2603 abiere.
1168 2548 1344 2618 Cujus
1388 2554 1554 2603 tanta
1601 2548 1710 2603 fuit
1741 2565 1871 2605 cum
1907 2550 2116 2621 peritia

462 2634 833 2705 simplicitas,
877 2640 934 2689 et
975 2653 1110 2690 cum
1150 2637 1461 2692 clementia
1512 2638 1867 2708 prudentia?
1897 2639 2112 2709 quibus

460 2724 779 2779 virtutibus
830 2740 946 2780 una
1003 2742 1137 2781 cum
1187 2725 1556 2782 humanitate
1607 2729 1856 2783 maxime
1904 2729 2109 2797 enites,

463 2813 761 2884 ingentem
794 2815 1113 2885 quamdam
1147 2819 1516 2873 serenitatem
1549 2818 1607 2872 in
1638 2817 1824 2873 animo
1855 2818 2034 2873 simul
2056 2822 2113 2873 et

465 2902 626 2957 vultu
678 2904 1012 2973 preterens,
1042 2906 1261 2959 sensim
1311 2907 1663 2977 quandoque
1694 2923 1796 2962 ceu
1839 2906 2111 2962 ﬂuctibus

465 2991 821 3063 quibusdam
856 2992 1309 3063 horrescentem,
1336 3012 1439 3051 nec
1464 3001 1657 3051 tamen
1693 2997 1870 3052 ullam
1903 3004 2110 3068 tempe-

461 3082 626 3135 statis
675 3081 1163 3153 significationem
1226 3086 1599 3155 praebentem.
1649 3085 1933 3141 Caeterum
1992 3103 2112 3142 ora-

2234 1922 2479 1990 κήσατο;
2635 1919 2809 1983 δίκαις
2884 1922 3195 1992 ἐπέστησεν,
3244 1921 3279 1990 ἢ
3336 1922 3523 1977 κακίαν
3576 1920 3861 1987 ἐκόλασεν;

2234 2010 2307 2069 ὡς
2363 2008 2539 2064 πλείω
2581 2011 2743 2085 χάριν
2789 2009 2934 2085 ἔχειν
2983 2010 3195 2083 μᾶλλον
3247 2008 3444 2067 εἰδέναι
3496 2032 3584 2065 σοι
3636 2012 3727 2065 τὸν
3774 2011 3860 2077 τὴν

2232 2098 2383 2166 ἥττω
2442 2103 2621 2177 ψῆφον
2696 2100 3147 2175 ἀπενεγκάμενον.
3206 2101 3361 2163 Τίνος
3420 2104 3455 2170 ἡ
3520 2101 3656 2174 μετά
3720 2101 3861 2154 συνέ-

2235 2208 2367 2250 σεως
2425 2188 2671 2260 ἁπλότης
2717 2190 2807 2245 καὶ
2860 2192 2992 2261 μετὰ
3050 2191 3356 2265 πραότητος
3423 2190 3727 2265 φρόνησιςς
3788 2190 3863 2249 αἶς

2237 2279 2371 2350 μετὰ
2399 2278 2814 2355 φιλανθρωπίας
2870 2280 3092 2351 μάλιστ’
3134 2278 3457 2353 έμπρέπεις,
3484 2280 3622 2352 μέγα
3668 2300 3723 2333 τι
3775 2279 3860 2350 βά-

2234 2368 2327 2428 θος
2384 2366 2631 2442 γαληνης
2668 2367 2719 2421 έν
2778 2371 2934 2446 ψυχῇ
2992 2368 3081 2423 καὶ
3134 2367 3287 2442 ὄψεσι
3318 2365 3858 2442 προδεικνὺς,ἡμέρα

2232 2457 2477 2531 φρίσσον,
2506 2458 2591 2511 καὶ
2655 2456 2826 2527 ζάλην
2883 2458 2943 2512 ού
3002 2457 3399 2533 παρεχόμενον.
3433 2456 3612 2513 ’Δλλά
3657 2456 3720 2510 τὸ
3774 2458 3856 2510 τοῦ

2233 2544 2404 2620 λόγου
2452 2545 2683 2620 καίριον,
2715 2545 2861 2602 ἀλλά
2905 2548 2968 2602 τὸ
3015 2554 3115 2616 τῆς
3157 2553 3369 2615 σιωπῆς
3399 2544 3654 2619 εὔλογον,
3679 2546 3781 2612 τήν
3816 2540 3854 2596 δ’

2227 2635 2524 2715 ἀφροδίτην
2566 2641 2667 2703 τῆς
2722 2634 2999 2713 γλώττης,
3043 2638 3133 2692 καὶ
3181 2637 3242 2692 τὸ
3288 2644 3389 2706 τῆς
3436 2633 3660 2709 ὁμιλίας
3711 2631 3851 2702 δίκην

2226 2727 2418 2784 ἐλαίου
2465 2729 2552 2783 καὶ
2616 2727 2837 2799 μέλιτος
2898 2726 3146 2802 ἄντικρυς
3205 2728 3346 2800 ῥέον,
3380 2726 3417 2795 ἢ
3462 2728 3564 2795 τήν
3605 2724 3849 2798 ἁρμονίαν

2225 2817 2312 2871 καὶ
2366 2819 2629 2889 μουσικὴν
2681 2823 2788 2872 τῶν
2844 2816 3027 2893 λόγων
3076 2822 3195 2877 πῶς
3240 2813 3298 2870 ἄν
3325 2837 3408 2877 τις
3440 2816 3677 2892 φράσοι;
3710 2814 3777 2868 Τὸ
3806 2809 3849 2865 δὲ

2224 2912 2332 2961 τῶν
2390 2907 2683 2979 νοημάτων
2729 2927 2955 2975 πυκνον,
2995 2908 3130 2980 πρὸς
3189 2902 3246 2959 δὲ
3299 2905 3361 2960 τὸ
3421 2901 3617 2964 διειδές
3669 2923 3731 2956 τε
3774 2900 3848 2956 καὶ

2226 2991 2652 3072 ἄφθονον,ἔπεα
2681 2993 3062 3074 νιφάδεσσιν
3096 2994 3362 3049 ἐοικότα
3402 2990 3847 3068 χειμερίῃσιν,

2226 3086 2370 3140 εἶπεν
2405 3086 2463 3139 ἂν
2497 3087 2773 3157 ”Ομηρος,
2805 3084 2885 3145 τίς
2915 3088 3011 3138 σοῦ
3041 3082 3206 3139 πλέον
3256 3083 3435 3138 θεόθεν
3492 3081 3845 3150 ἐπλούτησεν;

460 3170 637 3226 tionis
713 3174 1231 3242 opportunitatem,
1306 3175 1519 3230 silentii
1612 3177 2107 3246 commoditatem,

2223 3175 2297 3236 ὡς
2356 3176 2580 3243 πάντας,
2640 3172 2897 3250 λέγονσός
2955 3194 3072 3239 σου,
3126 3174 3400 3242 ἐνθουσιᾷν
3452 3170 3728 3244 ἄντικρυς,
3770 3167 3845 3223 καί

461 3259 674 3331 linguae
725 3261 1003 3332 leporem,
1036 3263 1414 3320 familiarium
1464 3267 1896 3338 colloquiorum
1927 3268 2111 3324 instar

461 3348 572 3405 olei
606 3365 840 3421 prorsus
868 3357 927 3407 et
976 3352 1163 3409 mellis
1194 3355 1578 3424 proﬂuentem
1614 3359 1977 3426 suavitatem,
2011 3362 2113 3414 aut

463 3440 773 3495 verborum
827 3445 1061 3496 tuorum
1133 3443 1425 3500 musicum
1499 3446 1669 3518 plane
1735 3452 2108 3514 concentum,

461 3530 595 3600 quis
624 3545 763 3602 rogo
794 3531 1145 3602 eloquetur?
1191 3535 1619 3591 Sententiarum
1672 3546 1865 3594 autem
1916 3536 2111 3594 densi-

459 3623 599 3685 tate,
663 3625 939 3690 przsterea
1000 3623 1306 3679 verborum
1364 3627 1775 3697 perspicuitate
1831 3632 1887 3683 et
1944 3630 2110 3698 copia

457 3709 707 3777 (Hiberni
760 3726 909 3766 voces
965 3712 1131 3782 ﬂuvii
1187 3714 1251 3770 de
1314 3732 1464 3773 more
1521 3726 1762 3787 men/es,
1822 3718 2107 3774 Homerus

461 3797 744 3870 dixisset),
788 3800 918 3871 quis
964 3805 1017 3856 te
1063 3804 1336 3861 divinitus
1385 3805 1728 3875 locupletior
1776 3806 1931 3863 fuit?
1958 3810 2107 3872 Qua-

458 3892 694 3960 propter
740 3890 952 3958 evenit,
989 3897 1049 3946 ut
1099 3897 1153 3947 te
1196 3894 1371 3950 verba
1411 3896 1680 3960 faciente,
1715 3914 1917 3953 omnes
1952 3916 2108 3968 pror-

453 3991 555 4031 sus
602 3976 772 4047 quasi
815 3981 1052 4035 numine
1100 3980 1296 4054 aliquo
1352 3984 1647 4052 amentur,
1698 3988 2107 4059 moderateque

451 4066 686 4121 insania
708 4066 1116 4138 percellantur,
1146 4078 1202 4127 et
1251 4072 1519 4130 bacchari
1569 4076 1868 4145 incipiant,
1900 4077 2107 4132 simul-

455 4168 569 4222 que
617 4152 701 4207 vel
752 4155 913 4211 inviti
968 4159 1261 4227 exsiliant,
1292 4170 1345 4218 et
1395 4165 1631 4221 vocibus
1670 4164 1790 4221 tuis
1820 4165 1989 4237 rapti,
2023 4165 2105 4221 ita

448 4244 761 4313 ducantur,
799 4252 860 4301 ut
913 4250 1274 4308 retrocedere
1324 4253 1535 4323 nolint,
1566 4256 1667 4310 sed
1721 4255 1891 4311 veluti
1942 4254 2102 4310 affixi

447 4331 554 4388 tibi
600 4332 926 4401 videantur,
960 4338 1197 4407 perinde
1241 4357 1483 4411 prorsus
1530 4348 1704 4414 atque
1735 4361 1768 4399 a
1798 4343 2101 4399 Sirenibus

449 4419 717 4475 demulai.
770 4421 946 4479 Recte
1003 4443 1144 4483 sane
1196 4430 1491 4502 quispiam
1551 4437 1609 4487 te
1659 4448 1817 4488 mare
1866 4432 2095 4497 dixerit,

452 4512 606 4581 quod
666 4510 813 4567 alios
866 4530 1043 4585 super
1092 4517 1235 4574 alios
1292 4523 1601 4577 verborum
1652 4521 1863 4577 ﬂuctus
1920 4522 2099 4578 dense

449 4601 678 4671 excitet,
702 4607 972 4661 autcerte
1003 4607 1301 4678 ingentem
1332 4612 1587 4683 aliquam
1622 4628 1907 4684 aquarum
1939 4612 2054 4667 vim
2082 4622 2094 4661 :

448 4706 599 4762 qua,
633 4691 683 4747 si
731 4692 789 4748 in
839 4710 967 4752 eam
1017 4697 1287 4756 alicunde
1334 4700 1569 4774 lapillus
1618 4704 1857 4770 incidat,
1899 4718 1968 4758 ex
2006 4702 2100 4759 ob-

446 4797 617 4870 scuro
666 4789 888 4853 centro,
920 4803 1020 4843 seu
1075 4789 1265 4861 potius
1298 4792 1539 4861 circino,
1565 4809 1769 4865 eoque,
1803 4796 1852 4850 si
1883 4794 1961 4849 ila
1985 4794 2095 4870 vis,

444 4868 693 4941 liquido,
724 4873 904 4930 alium
958 4894 1134 4948 super
1179 4880 1359 4936 alium
1410 4882 1717 4951 circulum,
1749 4883 1968 4939 sensim
2001 4868 2097 4938 ad-

449 4962 691 5017 modum
742 4964 1258 5039 intumescentem,
1292 4988 1359 5027 ac
1389 4972 1600 5029 deinde
1632 4978 1867 5047 prapter
1912 4973 2094 5028 alium

440 5048 807 5121 inﬂuentem,
844 5055 1147 5126 paulatim,
1194 5061 1376 5117 donec
1424 5063 1496 5118 ad
1547 5080 1847 5121 summum
1898 5080 2096 5134 perve-

444 5139 583 5205 niat,
618 5139 980 5201 deﬁcientem
1033 5155 1210 5220 atque
1255 5158 1717 5221 evanescentem,
1754 5153 2098 5208 mirabiliter

445 5231 946 5292 circumscribat:
1008 5239 1381 5310 potissimum
1450 5260 1608 5313 vero,
1663 5259 1795 5299 cum
1854 5243 1955 5297 tibi
2022 5243 2095 5299 de

446 5319 621 5376 rebus
669 5320 880 5381 divinis
920 5336 1007 5382 est
1038 5346 1250 5386 sermo.
1283 5333 1425 5398 Quis
1457 5348 1708 5405 namque
1739 5332 1887 5388 alius
1919 5332 2093 5387 habet

445 5408 531 5464 vel
582 5418 841 5469 mentem
889 5421 944 5472 et
975 5420 1323 5476 sententiam
1374 5422 1639 5478 oratione
1691 5427 1862 5492 atque
1895 5421 2095 5491 lingua

442 5498 737 5558 meliorem
786 5504 872 5561 vel
923 5510 1245 5567 orationem
1278 5528 1405 5583 quis
1438 5514 1557 5569 illis
1602 5515 1825 5569 ratione
1857 5513 2093 5569 meliore

440 5590 788 5664 subserviat,
815 5598 900 5654 vel
932 5601 1195 5673 linguam
1225 5604 1400 5660 etiam
1431 5622 1560 5676 quae
1592 5607 1737 5662 bene
1769 5605 2090 5662 admodum

447 5686 507 5740 et
551 5689 722 5741 acute
769 5686 1043 5758 (rotunde
1086 5696 1145 5748 et
1190 5694 1446 5752 suaviter
1474 5702 1641 5766 poeta
1670 5696 1935 5769 dixisset)
1965 5712 2089 5754 ver-

2225 3263 2419 3335 μανίαν
2477 3264 2707 3338 πάσχειν
2751 3264 2850 3331 τήν
2881 3264 3155 3338 σώφρονα,
3187 3263 3274 3317 καὶ
3312 3260 3604 3335 βακχεύειν
3635 3257 3843 3323 ἐθέλειν,

2221 3356 2310 3409 καὶ
2368 3352 2599 3415 ἄκοντας
2657 3353 2939 3422 ἅλλεσθαι,
2996 3358 3117 3414 ταῖς
3172 3373 3228 3407 τε
3300 3356 3508 3428 φωναῖς
3566 3347 3842 3421 συνεξαίρε-

2220 3445 2360 3511 σθαι,
2417 3444 2508 3498 καὶ
2584 3440 2713 3516 μηδ’
2770 3448 3075 3518 ἀναχωρεῖν
3151 3442 3453 3516 αἱρεῖσθαι’
3512 3438 3633 3494 αλλ’
3694 3435 3842 3493 οἱονεὶ

2220 3533 2610 3605 προσηλῶσθαι
2662 3530 2863 3597 δοκεῖν,
2902 3533 2964 3588 τὸ
3002 3535 3113 3587 τῶν
3165 3532 3441 3605 Σειρήνων
3482 3530 3723 3603 ἀτεχνῶς
3752 3523 3839 3578 πά·

2219 3642 2475 3699 σχοντας.
2508 3620 2787 3676 Θάλασσαν
2845 3621 3235 3693 προσηκόντως
3287 3618 3431 3673 εἷ’ποι
3486 3638 3570 3679 τις
3615 3614 3838 3676 εἶναίσε,

2218 3710 2362 3768 ἄλλα
2420 3713 2501 3767 ἐπ’
2556 3710 2750 3774 άλλοις
2799 3716 3013 3772 πυκνῶς
3064 3709 3368 3784 ἐγείρουσαν
3417 3707 3596 3783 λόγων
3647 3706 3714 3760 τὰ
3758 3704 3837 3757 κύ·

2221 3821 2397 3874 ματα·
2461 3800 2494 3868 ἦ
2548 3822 2665 3856 τινα
2724 3801 2967 3876 μεγάλην
3021 3797 3226 3855 ὑδάτων
3282 3797 3559 3863 σύστασιν,
3615 3791 3836 3872 ψηφῖδος

2217 3893 2374 3946 ποθὲν
2425 3891 2787 3964 ἐμπεσούσης,
2826 3888 3023 3962 ἀδήλῳ
3077 3888 3304 3962 κέντρῳ,
3353 3887 3569 3960 μᾶλλον
3624 3883 3679 3939 δὲ
3732 3882 3831 3937 δια-

2216 3979 2359 4059 ϐήτῃ
2387 4002 2400 4016 ·
2435 3983 2480 4037 εἰ
2512 3980 2569 4037 δέ
2604 3980 2789 4056 βούλει
2820 3981 2907 4035 καὶ
2945 3978 3198 4052 ὑδατίνῳ,
3230 3976 3402 4033 ἄλλον
3444 3977 3529 4033 ἐπ’
3559 3975 3716 4048 ἄλλῳ
3758 3972 3831 4027 κύ-

2213 4077 2366 4148 κλον,
2425 4075 2611 4150 πράως
2680 4071 2809 4144 μάλ’
2866 4067 3275 4142 ἀνοιδούμενον,
3333 4072 3538 4129 καινῶς
3601 4064 3830 4139 περιγρά-

2214 4186 2413 4238 φουσαν
2442 4184 2456 4199 ο
2515 4164 2615 4218 εἶθ’
2676 4161 3089 4233 ὑπεξιστάμενον
3139 4160 3325 4232 ἣσυχῆ
3383 4162 3465 4228 τῷ
3522 4155 3825 4230 inemptum

2210 4255 2299 4309 καὶ
2359 4252 2737 4326 διαλυόμενον,
2776 4251 2971 4325 μέχρις
3027 4246 3085 4303 ἂν
3141 4243 3293 4303 ἔλθοι
3350 4247 3491 4320 πρὸς
3521 4246 3584 4301 τὸ
3613 4242 3825 4318 ἀκρότα-

2209 4364 2320 4400 τον.
2346 4343 2444 4398 Καὶ
2509 4340 2720 4416 μᾶλλον
2763 4343 2887 4396 ὅταν
2937 4340 3062 4412 περὶ
3105 4337 3267 4393 θείων
3310 4331 3709 4411 πραγμάτωνῇ
3751 4349 3821 4385 σοι

2206 4434 2269 4489 τό
2330 4431 2689 4508 διαλέγεσθαι.
2726 4431 2824 4487 Καὶ
2876 4435 3036 4491 ποῖος
3089 4429 3193 4502 γὰρ
3249 4423 3434 4497 ἕτερος
3478 4424 3514 4494 ἢ
3554 4427 3678 4478 νοῦν
3714 4416 3824 4492 ἔσχε

2211 4525 2380 4600 λόγοο
2435 4522 2525 4578 καὶ
2582 4521 2840 4597 γλώσσης
2914 4518 3191 4593 ἀμείνονα,
3239 4518 3274 4585 ἢ
3336 4514 3502 4588 λύγον
3560 4511 3822 4600 ἀναλόγως

2206 4616 2422 4677 τούτοις
2483 4611 2948 4687 ὑπηρετούμενον,
2980 4611 3015 4679 ἢ
3072 4606 3323 4684 γλῶσσαν
3380 4604 3533 4666 αὖθις
3589 4602 3644 4658 εὖ
3696 4597 3824 4672 μάλα

2208 4706 2298 4761 καὶ
2352 4702 2725 4780 στρογγύλως,
2757 4696 3127 4775 ἐπιτροχάδην
3188 4694 3246 4752 δὶ
3302 4693 3391 4749 καὶ
3442 4688 3637 4770 λιγέως
3692 4690 3820 4780 sirm

2203 4794 2263 4849 ἂν
2313 4794 2573 4863 ποιητὴς,
2606 4790 3067 4861 άποτορνεύουσαν
3112 4787 3176 4842 τὸ
3234 4782 3554 4857 νοούμενον,
3584 4780 3666 4836 καὶ
3719 4777 3819 4848 ἄμ·-

2204 4905 2288 4961 φω
2332 4883 2573 4952 τούτοις,
2605 4880 2680 4943 ὥς
2726 4882 2773 4953 γ’
2824 4878 3020 4953 ἐχρῆν,
3072 4873 3420 4931 διακονοῦσάν
3480 4892 3540 4927 τε
3592 4867 3675 4924 καὶ
3720 4864 3821 4920 διαο

2202 4957 2613 5047 πορθμεύουσαν
2672 4971 2733 5025 τὸ
2791 4966 3204 5042 κρυπτόμενον,
3258 4962 3402 5038 Ἐγὼ
3461 4964 3619 5015 τοῦτο
3668 4957 3815 5047 μόνον

2204 5042 2299 5118 σου
2353 5042 2727 5134 διηγήοομαι⁸
2764 5057 2888 5113 ὅταν
2946 5053 3397 5130 δημηγοροῦντος
3435 5050 3637 5113 ἀκούω,
3665 5042 3816 5101 ἄλλος

2200 5150 2249 5224 ἐξ
2290 5148 2466 5205 ἄλλου
2523 5150 2764 5224 γίνομαι,
2797 5147 2887 5201 καὶ
2946 5143 3076 5206 ὅλος
3125 5138 3309 5203 ἔνθους
3354 5144 3476 5200 ταῖς
3505 5158 3617 5224 των
3649 5135 3812 5207 λόγων

2200 5223 2541 5311 καθίσταμαι
2580 5237 2772 5312 ἴυγξιν,
2808 5235 2911 5290 οὐκ
2955 5233 3246 5308 ἀνθρώπου
3299 5227 3456 5298 δῆθεν
3510 5223 3810 5312 ὁμιλοῦντος

2201 5328 2468 5385 διακούειν
2515 5325 2714 5397 δοκῶν,
2761 5323 2888 5381 ἀλλ’
2938 5325 3242 5402 ὑπερφυοῦς
3300 5317 3367 5390 δή
3426 5337 3573 5380 τινος
3619 5310 3813 5402 οὐρανό-

2201 5420 2285 5474 θεν
2344 5420 2776 5490 προκύπτοντος,
2832 5415 2922 5470 καί
2978 5434 3099 5469 τινα
3156 5413 3276 5482 ξένα
3329 5408 3420 5464 καὶ
3475 5409 3606 5471 θεῖα,
3653 5395 3806 5490 sabai-

2198 5529 2355 5565 νοντα
2415 5508 2509 5581 μὲν
2561 5509 2628 5562 τά
2683 5505 2860 5575 κοινά,
2922 5504 3194 5577 μυστήρια
3250 5497 3306 5555 δέ
3360 5516 3483 5552 τινα
3530 5491 3615 5548 καὶ
3665 5487 3805 5590 βάθος

2201 5598 2509 5674 ἀπόρῥητον
2543 5594 2745 5673 ἔχοντα
2789 5592 3215 5671 διαγγέλλοντος
3240 5609 3253 5621 ·
3287 5586 3429 5642 ὥστε
3479 5604 3544 5683 ps
3588 5580 3679 5683 καί
3720 5580 3803 5675 6s:-

2200 5673 2318 5748 σθαι
2378 5696 2512 5748 Θεοῦ
2578 5692 2890 5765 προσθεῖναι
2956 5684 3047 5741 καὶ
3104 5681 3195 5742 οὖς
3250 5675 3456 5752 ἕτερον.
3500 5673 3572 5733 ὡς
3622 5673 3686 5734 δὴ
3739 5673 3801 5733 τῷ
