4100 6218
225 357 333 421 57⁸7

1693 359 2134 425 DEDICATIO.

3505 341 3622 406 578

226 495 474 574 προφήτῃ
523 488 690 562 δοκεῖ,
741 490 816 546 ἵν’
873 492 1120 566 εἴσρὲωσι
1170 488 1347 571 χύδην
1393 491 1448 546 αἱ
1496 490 1589 547 σὺν
1639 490 1852 550 ἀστειό-

1977 496 2059 554 bis
2104 497 2164 553 in
2208 494 2410 552 orbem
2456 489 2711 548 reductis
2749 489 3092 558 conceptam
3141 484 3341 542 animo
3382 486 3623 540 senten—

225 605 346 654 τητι
382 583 622 658 χάριτες.
671 584 840 656 Οἶμαι
891 578 947 636 δὲ
993 582 1085 637 καὶ
1133 581 1339 644 πάντας
1385 584 1548 638 τοῦτο
1600 581 1854 659 πάσχειν.

226 673 342 727 ἆσοι
379 670 445 741 δὴ
489 670 702 747 στερροὶ
757 672 845 726 καὶ
911 665 1206 746 βεϐηκότες
1259 671 1321 724 τὸ
1379 670 1654 747 φρόνημα,
1710 671 1858 727 ἀλλὰ

231 764 302 835 μή
341 761 563 834 πάμπαν
595 761 695 814 ὧσι
744 765 864 822 τοὶς
909 759 1182 821 τοιούτοις
1231 757 1508 830 ἀκήλητοι
1559 761 1649 814 καὶ
1695 760 1856 834 ἀμεί-

227 849 436 906 λικτοι·
479 851 573 912 οὓς
619 846 734 905 οὔδ’
773 849 833 904 ἂν
873 847 1095 925 Ὀρφεὺς
1133 846 1334 912 ἐκεῖνος
1375 849 1508 920 μετὰ
1549 855 1650 918 τῆς
1681 847 1854 904 πολυο

229 938 534 1012 θρυλλήτου
573 938 765 1014 λύρας,
807 939 990 1013 οἶμαι,
1035 943 1249 1016 συχνῶς
1304 938 1607 1014 ἐπιτρέχων
1656 937 1858 1010 ταύτην

225 1034 300 1100 τῷ
323 1027 616 1104 πλήκτρῳ,
646 1033 828 1090 ποσῶς
857 1025 1227 1098 καταθὲλξειεν
1253 1047 1266 1059 ο
1302 1027 1371 1096 ἢν
1405 1027 1471 1097 δὴ
1504 1027 1672 1102 λύραν
1711 1029 1862 1101 αύτῷ

226 1118 692 1195 προσπλάττουσιν
747 1118 1041 1190 Ἓλληνες,
1087 1120 1178 1174 καὶ
1227 1119 1322 1182 τὰς
1373 1118 1629 1194 ἀψύχους
1681 1119 1866 1195 φύσεις

225 1216 330 1272 τοῖς
384 1211 722 1284 κρούσμασιν
775 1205 1064 1265 ἕλκουσαν.
1121 1207 1280 1266 Ἀλλ’
1336 1210 1450 1263 οἷον
1507 1187 1563 1265 δὲ
1621 1187 1723 1284 ἄρα
1779 1230 1862 1264 σοι

227 1300 352 1374 πρὸς
378 1305 497 1362 τοῖς
527 1297 726 1361 ἄλλοις
762 1299 999 1367 κάκεῖνο,
1029 1299 1093 1354 τὸ
1146 1295 1380 1371 μηδενὸς
1426 1302 1531 1352 τῶν
1590 1296 1862 1354 ύποδίκων

225 1397 286 1465 τῇ
329 1391 584 1468 βασιλείᾳ
639 1395 778 1465 αἷμά
821 1393 944 1448 ποτ’
993 1390 1182 1466 ἐλχέαι
1242 1389 1470 1460 θελῆσαι
1496 1411 1510 1460 ;
1557 1393 1649 1446 καὶ
1698 1396 1865 1447 ταῦτα

227 1485 348 1558 μήθ’
405 1482 595 1557 ὅρκοις
650 1478 1164 1555 κατεμπεδώσαντα,
1211 1479 1341 1536 ἀλλ’
1398 1479 1638 1556 οὐρανίῳ
1714 1482 1866 1536 συνέ-

223 1597 293 1632 σει
318 1595 331 1608 ⁸
363 1576 512 1630 τοῦτ’
541 1572 764 1646 ἄριστον
807 1572 897 1628 καί
927 1576 1004 1635 ὼς
1044 1577 1323 1647 προσῆκον
1369 1569 1584 1646 βασιλεῖ
1626 1570 1864 1645 μάλιστα

223 1665 512 1740 κρίνοντα·
580 1664 672 1718 ἅτε
731 1661 798 1731 δὴ
855 1662 948 1717 καὶ
1014 1667 1162 1732 ζωῆς
1215 1659 1306 1716 καὶ
1380 1657 1606 1715 θανάτδυ
1667 1660 1863 1734 ταμίαν

227 1759 385 1829 μόνον
425 1750 612 1810 εἰδότα
669 1752 818 1808 Θεόν.
881 1752 1240 1823 ’Δναίμακτον
1301 1749 1406 1824 γὰρ
1463 1753 1544 1820 τῷ
1601 1745 1716 1804 ὄντι
1775 1749 1864 1803 καὶ

225 1843 448 1918 καθαρὰν
498 1838 669 1922 φόνου
719 1843 816 1910 τὴν
867 1841 965 1910 σὴν
1015 1840 1105 1894 καὶ
1158 1837 1330 1912 μόνην
1371 1837 1668 1911 ἡγεμονίαν
1727 1840 1865 1900 ἅπας

227 1935 347 1990 aia.»
387 1933 575 2008 αὐχεῖ,
617 1929 908 2004 εὐδαίμονα
963 1928 1084 2003 βίον
1130 1927 1502 2002 πηγᾶυουσαν,
1551 1929 1642 1982 καὶ
1689 1928 1861 2004 φυρὰν

228 2025 461 2080 ἁπάντων
520 2021 732 2078 καλῶν.
793 2021 891 2075 Καὶ
953 2021 1100 2073 τοῦθ’
1159 2019 1287 2090 ὁρᾷν
1346 2010 1569 2086 ἔξεστιν,
1637 2017 1719 2078 οἷς
1770 2017 1861 2071 καὶ

227 2111 358 2169 ἄλλα
391 2113 486 2185 μὲν
513 2117 626 2166 τῶν
673 2110 887 2186 ἀγαθῶν
936 2107 1306 2180 πλημμυρεῖ·
1357 2106 1443 2166 οἷς
1476 2102 1532 2158 δὲ
1576 2105 1665 2158 καὶ
1697 2105 1862 2179 μεγά-

227 2201 317 2264 λας
345 2201 529 2279 φύσεις
563 2201 655 2255 καὶ
685 2204 790 2255 τῶν
820 2201 1028 2274 τεχνῶν
1070 2197 1174 2250 οὐκ
1211 2193 1502 2269 ἐλαχίστας
1550 2192 1702 2256 αὖθις
1734 2194 1858 2248 ἀνα-

227 2295 371 2364 ζῆσαι
426 2287 706 2366 παρέσχεν
751 2291 780 2343 ὁ
826 2289 961 2344 κατὰ
1008 2287 1066 2341 σὲ
1127 2285 1352 2361 χρόνος,
1400 2283 1490 2337 καί
1531 2284 1582 2358 γ’
1629 2282 1857 2357 ἐνεγκεῖν

227 2381 294 2444 εἷς
321 2381 480 2457 ἄκρον
529 2379 830 2454 εύτύχησεν
859 2397 871 2410 ·
905 2376 970 2431 ού
1020 2379 1116 2430 σοῦ
1147 2395 1206 2451 γε
1257 2371 1440 2442 δῆθεν,
1481 2372 1608 2428 ἀλλ’
1643 2372 1860 2426 ἐκείνων

225 2474 425 2533 πάντως
473 2471 668 2544 χάριν,
705 2470 779 2528 ὡς
819 2467 880 2522 ἂν
930 2465 1046 2537 είής
1083 2468 1284 2539 μάρτυς
1325 2461 1466 2536 ὁμοῦ
1502 2482 1562 2516 τε
1603 2462 1692 2516 καὶ
1739 2462 1860 2516 θεα-

223 2563 334 2632 τὴς,
387 2561 479 2615 καὶ
539 2559 836 2631 δυνάμενος
909 2561 1086 2631 κρῖναι
1141 2556 1204 2610 τὸ
1259 2551 1711 2626 κατορθούμενον,
1771 2552 1859 2604 καὶ

225 2652 347 2724 πρὸς
404 2651 606 2724 ἰσχύος
667 2647 811 2726 ἔχων
874 2644 1088 2718 μάλιστ’
1147 2641 1504 2717 ἀμείψασθαι.
1590 2637 1858 2712 Ἐλοίμην

229 2737 269 2796 δ’
309 2739 367 2796 ἂν
406 2739 586 2795 εἰπεῖν
634 2739 706 2800 ὡς
753 2736 843 2791 καὶ
893 2734 984 2790 διὰ
1029 2735 1086 2790 σὲ
1124 2727 1252 2796 τοὺς
1290 2732 1546 2802 πρώτους
1587 2734 1693 2784 τῶν
1733 2732 1859 2804 παρ’

228 2833 350 2903 ἡμῖν
408 2829 499 2886 ἐπὶ
552 2825 653 2883 σοῦ
698 2822 967 2900 ξτμϐἤναι
1021 2824 1284 2900 γενέσθαι.
1339 2819 1400 2876 Εἰ
1458 2819 1558 2896 γὰρ
1609 2818 1860 2896 εὐφορίαν

233 2921 318 2994 μὲν
361 2923 614 2995 καρπῶν,
673 2915 748 2978 ὥς
799 2935 975 2991 φασιν,
1023 2911 1283 2988 εύκαρπία
1329 2914 1478 2964 ποιεῖ
1519 2909 1609 2963 καὶ
1661 2906 1860 2962 λεπτό-

230 3033 317 3080 της
341 3015 437 3067 τοῦ
487 3006 891 3084 περιέχοντος*
944 3006 1155 3080 τεχνῶν
1208 2997 1264 3054 δὲ
1311 3001 1402 3053 καὶ
1451 2996 1659 3076 φύσεων
1691 2997 1861 3070 αὔξη-

232 3120 302 3154 σιν
354 3100 572 3174 ἀγαθῶν
629 3095 880 3168 εύμένεια
949 3094 1036 3147 καὶ
1112 3090 1275 3161 τιμή,
1332 3089 1424 3142 καὶ
1478 3087 1864 3162 φιλανθρωπία

234 3187 488 3264 βασιλέως
538 3185 874 3241 ἐκκαλεῖται.
925 3184 1062 3246 "Om
1111 3183 1202 3232 νῦν
1240 3181 1275 3248 ἡ
1329 3177 1534 3232 τούτων
1583 3178 1760 3256 φορά’
1794 3176 1860 3245 ἢν

233 3281 567 3354 προήκουσαν
609 3275 849 3350 ὁρῶμεν,
899 3274 996 3326 σοῦ
1045 3268 1346 3344 κρίνοντος,

235 3367 560 3446 οιλοτιμίαις
623 3363 701 3428 εἷς
757 3359 921 3432 αὔξην
979 3359 1150 3420 οὕτως
1216 3353 1576 3422 ἐπιδιδόντος,
1648 3355 1739 3409 καὶ
1789 3355 1862 3416 εἰς

236 3458 356 3531 μέγα
408 3455 650 3511 ἐντεῦθεν
711 3451 962 3526 αἴροντος
1023 3448 1111 3502 καὶ
1163 3446 1396 3520 αἶθέριον
1433 3463 1444 3476 ’
1505 3445 1596 3498 καὶ
1649 3441 1863 3516 μᾶλλον

236 3547 312 3600 ἐπὶ
363 3546 548 3622 λόγοις
592 3542 740 3597 τοῦτ’
770 3536 913 3595 ἔστιν
960 3535 1095 3592 ἰδεῖν
1123 3555 1134 3568 ³
1187 3537 1261 3596 ὡς
1315 3537 1513 3607 μικροῦ
1563 3531 1694 3597 δεῖν,
1739 3534 1864 3591 τοὺς

234 3637 334 3690 καθ’
569 3629 856 3700 ’Έλληνας
903 3628 1039 3701 πρὸς
1085 3626 1212 3686 τοὺς
1263 3630 1362 3693 τῆς
1401 3621 1602 3697 τέχνης
1649 3621 1866 3696 εὑρετὰς

237 3723 559 3798 ἁμιλλᾶσθαι
629 3721 951 3788 κάντεῦθεν,
1015 3715 1104 3770 καὶ
1189 3715 1252 3769 τὸ
1315 3717 1550 3786 πρωτεῖν
1619 3711 1676 3764 ἐκ
1757 3713 1866 3764 τῶν

240 3811 535 3889 δευτερείων
588 3805 916 3882 λαμϐάνειν,
971 3806 1202 3866 ἁπάσαις
1253 3806 1458 3880 ψήφοις
1508 3799 1682 3856 δοκεῖν
1712 3823 1724 3834 ο
1770 3801 1864 3854 κᾶν

240 3903 397 3972 οὗτοι,
453 3901 580 3976 περὶ
631 3901 689 3954 σὲ
737 3898 826 3953 καὶ
877 3898 971 3958 τὰς
1021 3895 1112 3956 σὰς
1166 3893 1382 3968 πράξεις
1428 3890 1511 3946 ἀεὶ
1563 3893 1866 3952 πονοῦντες,

241 3991 481 4052 ἐλάττους
513 3989 772 4069 ὤφθησαν
811 4005 824 4018 ⁸
879 3983 1224 4061 κσταγωνίζῃ
1275 3984 1378 4056 γὰρ
1425 3982 1516 4034 καὶ
1549 3978 1730 4052 λόγων
1765 3983 1870 4031 πᾶ-

243 4103 324 4137 σαν
389 4082 573 4160 ἴσχὺν,
643 4079 717 4141 εἰς
782 4077 938 4131 τόσον
1017 4071 1322 4132 σπουδάσας
1415 4067 1694 4124 ἐπιδοῦναι
1751 4071 1868 4126 ταῖς

243 4171 462 4246 ἀρεταῖς.

243 4266 320 4320 rio
364 4269 461 4320 tuo
509 4263 700 4319 editos
748 4275 893 4317 esse.
945 4257 1006 4314 Si
1055 4271 1311 4326 namque
1363 4255 1600 4309 uberem
1652 4251 1943 4304 fructuum
2007 4243 2372 4315 proventum,
2423 4233 2594 4292 sicuti
2647 4231 2879 4296 dicitur,

1969 587 2112 642 tiam
2161 585 2434 657 proferat,
2484 586 2661 652 atque
2705 585 3020 649 utrumque
3064 576 3159 644 iis,
3209 574 3291 630 ita
3336 581 3399 629 ut
3431 573 3618 635 decet,

1971 675 2256 746 expediat,
2305 677 2364 729 et
2402 672 2458 727 id
2511 669 2660 741 quod
2694 669 2752 722 in
2800 667 2997 723 animo
3049 667 3222 721 lateat
3253 664 3310 718 in
3344 667 3610 732 apertum

1972 762 2380 822 transmittat?
2426 759 2709 830 Equidem
2760 772 2938 810 unum
2990 754 3136 810 illud
3186 755 3256 808 de
3303 757 3358 808 te
3408 752 3625 816 dicam,

1971 871 2106 912 cum
2136 852 2581 910 ooncionantem
2627 847 2821 912 audio,
2855 845 3005 900 alius
3043 859 3112 899 ex
3149 843 3283 911 alio,
3316 845 3374 896 et
3402 841 3623 896 oratio-

1974 944 2066 1002 nis
2095 947 2211 1000 tum
2237 940 2525 997 illecebris
2555 938 2672 992 Deo
2693 935 2900 1007 plenus
2929 933 3168 999 afﬁcior,
3194 947 3301 986 nec
3325 928 3624 986 hominem

1976 1049 2070 1090 me
2105 1033 2460 1104 loquentem,
2511 1029 2608 1083 sed
2660 1024 2904 1080 miriﬁce
2949 1021 3196 1092 aliquem
3251 1035 3282 1074 e
3312 1019 3456 1074 cmlo
3488 1034 3619 1090 pro-

1973 1125 2351 1193 spectantem,
2400 1121 2458 1172 et
2504 1130 2650 1170 nova
2699 1112 2966 1184 quaedam
3027 1114 3200 1180 atque
3241 1107 3459 1174 divina,
3495 1123 3623 1178 qua

1974 1209 2308 1268 communia
2357 1209 2474 1262 hac
2521 1204 2757 1276 quidem
2803 1201 2969 1272 longe
3010 1200 3308 1264 excedant,
3343 1197 3624 1252 sublimia

1973 1306 2170 1357 autem
2201 1303 2258 1354 et
2286 1311 2500 1353 arcana
2537 1292 2808 1364 mysteria
2851 1290 3209 1354 contineant,
3253 1286 3629 1342 renuntiant-

1973 1394 2088 1446 tem
2147 1389 2350 1444 audire
2403 1392 2560 1456 puto.
2624 1377 2720 1436 12
2781 1380 2936 1435 Adeo
2995 1382 3060 1431 ut
3116 1377 3296 1432 Deum
3343 1375 3624 1430 orandum

1975 1477 2261 1546 duxerim,
2319 1475 2419 1547 qui
2475 1471 2622 1528 mihi
2677 1484 2877 1524 aurem
2951 1465 3125 1522 aliam
3184 1465 3380 1532 addat,
3451 1461 3627 1518 sicuti

1975 1571 2210 1644 quidem
2261 1565 2556 1637 prophetae
2616 1559 2863 1625 videtur,
2924 1562 2988 1612 ut
3045 1555 3188 1611 mihi
3241 1570 3374 1610 cum
3432 1553 3630 1624 lepore

1976 1642 2198 1718 urbano
2245 1655 2552 1713 verborum
2608 1655 2841 1705 tuorum
2893 1646 3079 1717 gratia
3117 1645 3347 1700 abunde
3396 1642 3620 1698 inﬂuat.

1975 1749 2136 1814 Quod
2189 1746 2425 1819 quidem
2457 1741 2734 1800 omnibus
2763 1739 2958 1810 Ι,ειιὶειιιι
2993 1737 3329 1806 contingere
3357 1732 3632 1800 arbitror,

1977 1839 2078 1911 qui
2109 1837 2280 1892 ﬁrma
2308 1837 2366 1889 et
2395 1829 2735 1888 consistenti
2766 1835 2902 1882 sunt
2935 1830 3146 1892 mente,
3177 1837 3362 1894 neque
3388 1821 3628 1877 omnino

1977 1908 2142 1990 tales.
2202 1925 2302 1996 qui
2360 1919 2678 1978 demulceri
2735 1925 2790 1971 et
2850 1913 3000 1969 ﬂecti
3057 1913 3244 1968 verbis
3287 1908 3626 1981 hujusmodi

1971 2029 2340 2088 nequaquam
2401 2009 2647 2082 possint.
2703 2007 2860 2072 Quos
2914 2018 3056 2059 sane
3113 2017 3300 2074 neque
3356 1999 3625 2071 Orpheus

1967 2105 2086 2171 ille,
2145 2105 2451 2159 decantata
2505 2115 2615 2154 sua
2673 2097 2816 2164 lyra,
2871 2094 3202 2163 frequenter
3247 2106 3376 2146 eam
3407 2089 3631 2161 plectro

1968 2209 2334 2268 percurrens,
2375 2195 2441 2244 ut
2479 2203 2640 2259 puro,
2678 2185 2872 2256 aliqua
2907 2198 2978 2238 ex
3008 2186 3168 2252 parte
3201 2177 3578 2252 permulserit
3611 2193 3625 2230 :

1969 2300 2146 2356 quam
2199 2280 2438 2354 quidem
2495 2278 2678 2348 lyram
2736 2269 3102 2328 irrationales
3161 2268 3337 2324 etiam
3372 2272 3621 2322 naturas

1969 2389 2112 2431 sono
2143 2387 2250 2428 suo
2279 2370 2606 2426 trahentem
2637 2365 2689 2419 ei
2719 2362 3007 2432 efﬁngunt
3031 2357 3231 2415 Graeci.
3255 2357 3387 2412 Jam
3412 2359 3626 2427 praeter

1970 2463 2084 2519 alia
2105 2461 2250 2516 illud
2283 2457 2452 2530 quale
2479 2461 2590 2518 est,
2627 2453 2781 2525 quod
2833 2447 3054 2506 nullius
3103 2445 3474 2517 sanguinem,
3520 2444 3621 2514 qui

1969 2548 2213 2619 imperio
2278 2548 2352 2601 ob
2407 2544 2770 2612 majostatem
2835 2538 3032 2592 laesam
3091 2533 3375 2589 obnoxius
3428 2530 3625 2595 fuerit,

1971 2637 2268 2695 effundere
2323 2629 2619 2688 volueris?
2675 2628 2836 2693 Quod
2897 2630 2962 2679 tu
3019 2622 3252 2694 quidem
3311 2625 3369 2675 te
3418 2620 3502 2674 ita
3531 2619 3625 2673 fa—

1973 2732 2206 2784 cturum
2238 2739 2367 2779 esse
2415 2737 2530 2776 non
2573 2716 2958 2791 jurejurando
3003 2709 3385 2776 conﬁrmasti,
3414 2723 3624 2764 verum

1971 2816 2188 2874 cmlesti
2243 2811 2556 2886 prudentia
2605 2811 2887 2878 optimum
2936 2817 3066 2858 esse
3105 2799 3473 2871 maximeque
3513 2797 3626 2852 im-

1972 2907 2131 2978 perio
2179 2901 2488 2960 convenire
2536 2895 2836 2968 judicasti,
2869 2891 2968 2962 qui
3010 2889 3288 2946 nimirum
3322 2892 3380 2944 et
3409 2887 3536 2941 vitae
3569 2891 3631 2942 et

1973 2995 2132 3052 necis
2183 2996 2533 3066 potestatem
2582 3001 2758 3059 penes
2807 2981 2999 3038 solum
3051 2984 3226 3036 Deum
3276 2992 3406 3032 esse
3455 2975 3626 3031 scias.

1975 3088 2342 3142 Inoruentam
2386 3079 2542 3135 enim
2585 3089 2822 3147 prorsus
2861 3069 3148 3140 caedisque
3191 3082 3400 3138 puram
3445 3063 3630 3120 solam

1974 3173 2205 3246 imperii
2253 3173 2340 3227 tui
2403 3162 2993 3224 administrationem,
3055 3159 3394 3212 universum
3447 3156 3632 3224 jactat

1398 3267 1484 3322 καὶ
1536 3271 1724 3337 τιμαῖς
1774 3266 1863 3318 καὶ

1979 3279 2186 3330 savum,
2232 3277 2359 3332 quae
2407 3259 2581 3313 vitam
2634 3253 2856 3309 felicem
2916 3255 2976 3304 et
3027 3248 3314 3302 bonorum
3373 3243 3639 3298 omnium

1979 3329 2326 3424 proventum
2383 3343 2670 3416 producit.
2730 3338 2889 3406 Quod
2949 3333 3188 3406 quidem
3233 3345 3468 3386 cernere
3502 3329 3636 3384 licet

1979 3419 2112 3496 cum
2154 3439 2213 3493 in
2263 3437 2394 3491 aliis
2447 3427 2879 3488 exundantibus
2926 3419 3452 3480 commoditatibus
3508 3423 3630 3472 tum

1976 3529 2039 3586 in
2085 3544 2153 3584 eo
2203 3525 2362 3598 quod
2393 3527 2564 3578 estate
2629 3527 2730 3574 tua
2779 3531 2992 3587 magna
3041 3525 3251 3566 rursus
3295 3507 3534 3580 ingenia
3582 3513 3638 3562 et

1978 3625 2133 3675 artes
2181 3613 2562 3670 nobilissimae
2615 3607 2963 3670 revixerunt,
3006 3608 3062 3657 et
3122 3614 3222 3670 per
3279 3609 3628 3668 prosperum

1978 3719 2315 3765 successum
2367 3701 2440 3756 ad
2498 3711 2797 3754 summum
2868 3692 3296 3763 pervenerunt;
3359 3701 3478 3739 non
3539 3688 3640 3739 tua

1979 3797 2242 3869 quidem,
2277 3793 2374 3846 sed
2419 3788 2676 3848 illarum,
2710 3783 2882 3854 plane
2919 3779 3135 3852 gratia,
3179 3783 3239 3830 ut
3267 3772 3443 3830 simul
3475 3783 3530 3826 et
3562 3776 3644 3827 te-

1980 3860 2088 3941 stis
2117 3897 2314 3938 earum
2369 3893 2544 3943 esses,
2592 3879 2650 3929 et
2703 3874 3033 3942 spectator:
3071 3865 3172 3936 qui
3216 3860 3646 3931 cum.judicare

1981 3975 2051 4030 de
2077 3977 2232 4027 recte
2261 3969 2448 4032 factis,
2501 3974 2628 4019 tum
2670 3974 2945 4031 reponere
2974 3973 3042 4012 ea
3073 3959 3252 4026 atque
3283 3949 3637 4007 remunerari

1981 4061 2231 4119 maxime
2255 4059 2466 4129 possis.
2487 4059 2678 4123 Neque
2699 4065 2838 4106 sane
2861 4047 3154 4102 afﬁrmare
3176 4039 3514 4104 dubitarim,
3540 4043 3642 4094 tua

1980 4151 2166 4226 gratia
2198 4128 2506 4221 primarius
2536 4143 2637 4214 qui
2661 4141 2812 4210 apud
2837 4154 2942 4193 nos
2964 4141 3103 4191 sunt
3125 4133 3306 4200 viros,
3329 4129 3438 4185 sub
3463 4128 3645 4199 impe-

2935 4229 3253 4297 temperata
3300 4218 3650 4278 constitutio
3694 4263 3698 4270 .

245 4360 400 4426 atque
457 4353 714 4412 tenuitas
773 4347 1112 4406 circumfusi
1169 4348 1321 4402 aeris
1378 4343 1594 4400 efﬁcit:
1659 4338 2062 4412 praeclararum
2121 4330 2371 4401 profecto
2430 4325 2645 4380 artium
2704 4330 2758 4376 et
2817 4315 3222 4390 prastantium
3273 4309 3640 4384 ingeniorum

246 4402 399 4426 "'l"
460 4402 712 4412 "'""""'
778 4402 1082 4406 """"""‘
1663 4402 1678 4412 .

244 4445 657 4502 incrementum
693 4440 1038 4512 benignitas,
1065 4433 1518 4492 honoriﬁcentia
1545 4437 1603 4487 et
1639 4427 1975 4485 humanitas
1999 4420 2280 4496 principis
2302 4416 2480 4472 elicit.
2507 4413 2702 4480 Qualis
2724 4426 2878 4464 nunc
2902 4421 3102 4463 eorum
3131 4409 3221 4460 est
3244 4402 3409 4470 copia
3435 4416 3448 4454 :
3476 4415 3654 4470 quam

2090 4511 2100 4512 κ
2372 4509 2384 4512 -
2580 4503 2590 4512 .
2701 4509 2708 4512 .
2821 4503 2832 4512 ι
2977 4497 2989 4512 ι
3140 4507 3319 4512 wh“---
3359 4488 3484 4512 λ-ιιε
3525 4504 3626 4512 ---

251 4810 503 4866 omnium
562 4807 828 4862 videtur:

253 4899 308 4957 in
369 4904 525 4972 parte
592 4896 975 4967 reperiantur.
1047 4891 1238 4962 Longe
1303 4887 1460 4942 enim
1528 4880 1813 4939 orationis
1882 4883 1939 4930 et
2005 4866 2350 4941 eloquentiae
2418 4863 2534 4918 vim
2611 4875 2844 4917 omnem
2915 4867 3210 4927 superas:

255 4989 556 5045 virtutibus
585 4985 862 5042 excellere
893 4981 1191 5039 studuisti.

321 5082 379 5134 '0
420 5078 512 5150 μὲν
556 5075 650 5130 οὖν
721 5072 1000 5146 Κορίνθιος
1069 5069 1270 5128 ἐκεῖνος
1329 5063 1674 5138 Δημάρατος,

261 5165 466 5241 ξανδρον
522 5166 574 5222 ἐν
633 5165 858 5224 Σούσοις
919 5159 1070 5227 ἰδὼν,
1128 5158 1178 5228 ἐξ
1239 5154 1444 5227 ἡδονῆς
1503 5147 1881 5222 ἐπιδακρύσας.

269 5258 496 5332 μεγάλης
545 5251 646 5334 ἔφη
697 5257 870 5330 χαρᾶς
919 5251 1234 5325 ἐστερῆσθαι
1274 5245 1400 5307 τοὺς
1459 5241 1756 5318 ἔμπροσθεν
1799 5256 1886 5290 τε·-

267 5325 532 5415 θνηκύτας,
698 5325 1052 5414 ἆΑλέξανδρον
1097 5339 1195 5394 οὐκ
1245 5335 1384 5391 εἶδον
1436 5333 1486 5388 ἐν
1537 5335 1617 5402 τῷ
1665 5325 1889 5402 Δαρείου

271 5413 429 5508 θρύνῳ
458 5436 797 5506 καθήμενονο
847 5413 980 5502 πρὸς
1015 5428 1061 5484 δ’
1101 5427 1183 5482 ὅτι
1235 5425 1321 5480 καί
1370 5428 1472 5498 γῆς
1522 5419 1747 5490 ἀνήλιον
1793 5413 1886 5486 μὲ-

271 5499 354 5597 ρος
391 5499 614 5598 ἐμεινεν,
674 5521 808 5596 ὅπερ
866 5499 966 5574 οὐκ
1021 5515 1155 5572 εἶδεν
1216 5509 1582 5587 Ἀλέξανδρον.
1643 5505 1789 5582 Ἐγὼ
1847 5499 1893 5556 δ’

274 5610 328 5666 ἄν
355 5613 533 5693 φαίην,
564 5615 751 5684 ὅτιπερ
790 5609 849 5664 ’ὸν
902 5605 1073 5662 ἄλλος
1122 5600 1338 5661 ἔπαινον
1383 5606 1462 5672 τῷ
1505 5599 1695 5678 χρόνῳ
1725 5589 1896 5666 προῦ-

273 5697 446 5771 λαϐεν,
499 5701 578 5758 ἰπὶ
637 5700 722 5756 σοί
777 5718 842 5777 γε
889 5697 1099 5752 κεῖσθαι
1161 5690 1376 5766 μᾶλλον
1437 5689 1724 5762 προσήκει.
1783 5679 1894 5738 Ἐνὶ

1967 4488 2266 4586 proﬁcere,
2317 4503 2616 4576 adaugeri,
2663 4509 2718 4558 et
2765 4503 2834 4555 ad
2886 4497 3096 4554 coelum
3137 4507 3323 4564 usque
3359 4488 3487 4546 tolli
3521 4504 3654 4544 con-

1966 4575 2123 4660 idere
2172 4603 2281 4666 est,
2341 4600 2408 4650 ut
2453 4575 2630 4667 prope
2687 4595 3025 4648 nostrorum
3081 4588 3418 4654 temporum
3473 4575 3654 4634 Grieci

3231 4680 3290 4726 ut
3340 4666 3652 4724 sententiis

891 4799 1160 4875 quamvis
1209 4811 1412 4854 omnes
1471 4795 1571 4849 isti
1630 4755 1909 4860 te‘atque
1953 4781 2284 4840 actionibus
2333 4778 2451 4830 tuis
2501 4770 2814 4828 laudandis
2869 4765 3153 4837 occupati,
3185 4759 3493 4816 inferiores
3537 4755 3649 4810 hac

2037 4871 2051 4875 “
2263 4866 2296 4875 "
2457 4863 2467 4874 ⁸
2923 4869 3156 4875 κφ-----
3198 4867 3210 4875 .
3288 4849 3343 4875 ζ..
3415 4850 3645 4875 ιηιιοιιηη

3288 4849 3346 4903 in
3415 4850 3648 4902 tantum

1724 5051 1865 5114 Ἀλέα

2065 5049 2186 5104 1³.
2220 5045 2568 5101 Demaratus
2599 5041 2697 5096 ille
2717 5036 3073 5100 Corinthius,
3099 5046 3232 5088 cum
3259 5025 3656 5082 Alexandrum

1994 5141 2160 5196 Susis
2189 5136 2449 5202 vidisset,
2477 5150 2588 5206 pra
2620 5131 2819 5185 laetitia
2839 5128 3235 5196 illacrymans,
3260 5115 3485 5190 ingenti
3517 5113 3662 5169 dixit

1997 5228 2291 5298 voluptate
2321 5229 2381 5278 et
2417 5221 2657 5293 gaudio,
2707 5219 2802 5286 qui
2849 5221 2983 5270 ante
3008 5215 3061 5268 id
3098 5219 3330 5280 tempus
3351 5205 3658 5269 obiissent,

2001 5293 2258 5380 orbatos,
2298 5312 2451 5384 quod
2490 5308 2882 5365 Alexandrum
2913 5303 2971 5358 in
3004 5299 3157 5357 Darii
3201 5299 3410 5354 throno
3448 5293 3657 5348 seden-

2003 5409 2123 5463 tem
2169 5419 2285 5459 non
2318 5381 2652 5456 uiderint:
2704 5399 3000 5466 praeterea,
3055 5390 3208 5460 quod
3271 5400 3404 5458 pars
3461 5381 3660 5452 aliqua

2004 5495 2193 5552 adhuc
2222 5497 2390 5548 terras
2437 5488 2686 5544 obscura
2717 5489 2773 5539 et
2821 5481 2944 5539 sole
2995 5492 3200 5536 carens
3230 5473 3454 5543 reliqua
3483 5475 3661 5535 esset,

2009 5600 2134 5657 qua
2184 5579 2454 5637 eumdem
2497 5573 2892 5631 Alexandrum
2943 5586 3060 5625 non
3111 5562 3500 5635 conspexerit.
3542 5557 3662 5631 Ego

2009 5653 2142 5731 vero
2171 5669 2438 5728 dixerim,
2483 5663 2716 5722 laudem
2770 5663 2962 5728 istam,
2997 5673 3178 5732 quam
3215 5653 3370 5712 alius
3405 5654 3668 5721 tempore
