3982 6216
436 333 554 395 579

1737 333 2156 398 NICEPHORI
2201 333 2552 400 GALLISTI

3727 329 3836 402 580

437 467 765 541 occupavit,
795 467 857 524 in
887 471 946 523 te
975 466 1161 523 multo
1193 465 1382 538 magis
1414 471 1763 539 competere.
1786 468 2076 539 Atqueille

2197 469 2301 544 γὰρ
2355 468 2530 544 λόγῳ,
2577 474 2776 542 κοσμεῖ
2840 467 2934 543 μὲν
2987 468 3228 526 ἐκεῖνον·
3261 469 3398 543 πρὸς
3427 471 3486 526 σὶ
3527 469 3586 527 δὲ
3631 473 3720 528 καὶ
3747 475 3834 543 τὴν

437 560 592 616 dicto
622 559 829 615 eodem
860 556 1252 612 Alexandrum
1287 555 1520 627 quidem
1547 559 1793 626 ornavit,
1825 559 1896 614 ad
1927 563 2092 615 tuam

409 655 630 705 tantem
685 645 1197 719 praetentissimam
1250 645 1482 716 imperii
1523 647 2090 704 administrationem

436 739 773 808 respiciens,
807 736 1039 791 laudem
1083 741 1309 792 tantam
1352 734 1573 791 retulit.
1607 735 1772 800 Quod
1805 736 1854 792 si
1896 743 1952 792 et
1984 737 2092 793 hoc

435 829 626 884 dicere
657 833 906 899 oportet,
938 843 1116 898 quam
1149 826 1368 897 insigni
1399 826 1577 882 animi
1610 825 1805 880 laetitia
1831 826 2090 882 caruisse

435 924 626 990 putas.
673 918 1072 990 septenarium
1141 917 1466 972 divinorum
1528 915 1829 986 religionis
1880 921 2090 971 nostrae

431 1009 688 1064 virorum
726 1013 1100 1074 conventum,
1149 1007 1301 1077 quod
1335 1011 1389 1060 te
1418 1005 1596 1060 simul
1629 1021 1764 1060 cum
1794 1006 1879 1060 eis
1911 1021 2089 1061 corur

433 1102 719 1164 scantem,
752 1095 926 1152 veluti
958 1097 1275 1166 ingentem,
1309 1109 1488 1165 opum
1519 1097 1936 1162 accessionem,
1969 1112 2086 1152 non

431 1187 735 1242 viderint?
765 1185 1144 1242 Potissimum
1173 1201 1304 1240 vero
1336 1185 1592 1256 primum
1624 1183 1814 1251 illum,
1851 1185 1946 1256 qui
1970 1184 2088 1240 Tri.

434 1275 638 1332 uitatis
676 1275 950 1344 mysterio
989 1279 1080 1328 est
1122 1273 1561 1344 cohonestatus,
1603 1273 1760 1344 quod
1803 1277 1858 1328 te
1891 1289 2087 1329 asses-

433 1380 645 1433 sorem,
697 1343 798 1420 seu
834 1363 1025 1434 potius
1071 1362 1266 1417 throni
1296 1343 1470 1417 simiil
1511 1371 1564 1417 et
1595 1343 1821 1430 imperii
1863 1369 1993 1434 post
2021 1377 2086 1418 se

432 1454 628 1510 statim
663 1469 1060 1508 successorem
1093 1467 1432 1523 germanum
1465 1467 1579 1506 non
1611 1450 1896 1518 habuerit,
1943 1467 2084 1522 pro-

432 1542 700 1598 fessionis
748 1541 882 1598 tidei
933 1545 1144 1596 nostra;
1197 1541 1426 1608 ducem,
1477 1545 1534 1596 et
1590 1556 1786 1596 revera
1851 1545 2079 1611 patrem

432 1637 602 1687 tuum
653 1631 1126 1700 Constantinum,
1173 1645 1455 1702 magnum
1509 1631 1662 1701 apud
1719 1629 2080 1686 Christianos

431 1739 640 1779 nomen
659 1722 686 1778 ἓ
709 1723 833 1778 Non
857 1727 1020 1778 tanta
1043 1721 1332 1793 siquidem
1355 1721 1729 1778 inimicorum
1757 1720 2077 1778 multitudo

429 1813 716 1878 irruisset,
749 1813 1056 1868 verborum
1091 1827 1362 1884 perversa
1398 1813 1653 1867 versutia
1682 1811 2074 1868 sinceritatem

430 1904 562 1960 ﬁdei
597 1903 853 1959 miscens
883 1907 1054 1972 atque
1085 1901 1443 1958 concutiens.
1469 1902 1771 1957 Enimvero
1793 1901 2074 1973 singulari

430 1993 684 2064 quadam
717 1991 1079 2064 providentia
1117 1991 1269 2048 Deus
1301 1999 1376 2058 te,
1411 1991 1573 2047 nulla
1604 2006 1662 2046 se
1688 1991 1807 2046 illis
1835 1990 2078 2046 inferio-

428 2099 575 2152 rem,
644 2081 1139 2154 quemadmodum
1205 2080 1492 2152 quoddam
1558 2081 1782 2152 pondus
1837 2077 2076 2152 aqualis

427 2171 712 2227 momenti
744 2171 806 2227 in
838 2171 1000 2226 lance
1029 2185 1350 2241 opponens,
1382 2169 1936 2240 convenientemque
1961 2183 2074 2222 ma-

426 2259 714 2332 gnitudini
764 2258 993 2332 imperii
1037 2265 1290 2314 mentem
1335 2257 1592 2314 simulet
1621 2273 1851 2314 morum
1886 2257 2079 2328 digni-

425 2354 606 2406 tatem
637 2349 920 2418 tribuens,
952 2363 1135 2419 eoque
1155 2347 1522 2419 experientiae
1551 2356 1604 2404 et
1635 2347 1912 2404 bonitatis
1943 2362 2078 2418 pro-

424 2455 714 2512 gressum,
768 2455 959 2494 rerum
1006 2437 1503 2493 administrationi
1553 2437 1916 2508 temporibus
1967 2453 2079 2492 no-

424 2531 564 2586 stris
596 2528 863 2598 praafecit,
898 2531 962 2582 ut
982 2543 1079 2583 eas
1108 2543 1287 2598 quam
1319 2528 1537 2598 optime
1570 2527 1948 2599 gubernares,
1970 2543 2077 2583 nec

425 2636 529 2676 nos
558 2635 785 2690 prorsus
823 2633 1062 2690 pessum
1098 2617 1344 2673 iremus.
1385 2617 1523 2680 Quis
1564 2617 1720 2672 enim
1753 2617 2076 2674 suffecisset

424 2709 598 2776 alius,
632 2709 734 2781 qui
768 2714 851 2764 tot
880 2714 936 2763 et
965 2708 1152 2763 tantis
1196 2706 1371 2762 malis
1401 2707 1790 2778 undequaque
1819 2707 2077 2765 circum-

428 2795 744 2851 ﬂuentibus
774 2794 1003 2850 obviam
1046 2793 1176 2861 iret,
1219 2809 1395 2864 quam
1432 2797 1494 2848 tu
1537 2793 1683 2864 ipse,
1717 2793 1814 2864 qui
1846 2794 2074 2850 fortitu-

425 2885 560 2940 dine
592 2888 649 2940 et
679 2883 985 2956 prudentia
1012 2887 1070 2940 et
1099 2884 1198 2939 Dei
1229 2884 1394 2940 cultu
1425 2884 1626 2954 justus
1663 2899 1725 2940 es
1749 2884 2076 2956 judicatus,

425 2977 906 3048 temporibusque
945 2975 1164 3032 nostris
1205 2975 1351 3031 alter
1391 2976 1633 3048 quidam
1675 2975 1794 3034 Noe
1829 2981 1930 3032 aut
1959 2978 2079 3034 Mo-

424 3083 519 3122 ses
547 3065 934 3134 existimatus,
959 3066 1175 3138 scapha
1204 3070 1260 3121 et
1289 3064 1443 3136 ligno
1465 3081 1694 3122 crucem
1723 3067 2080 3124 adumbran-

424 3157 603 3224 tibus,
628 3159 684 3213 et
701 3171 1096 3212 earumearum
1121 3153 1394 3211 ﬂuctibus
1423 3155 1778 3223 subducens,
1812 3161 1868 3211 et
1899 3173 2079 3226 pepu-

2107 1857 2154 1924 Β

2205 559 2303 627 σὴν
2335 557 2560 634 ἀρίστην
2599 558 2815 631 βλὲπων
2845 558 3046 633 ἀρχὴν,
3084 560 3174 614 τὸν
3212 555 3425 616 ἔπαινον
3468 559 3836 635 ἐμνηστεύετο.

2203 647 2267 702 El
2299 646 2357 703 δὲ
2387 649 2500 724 χρὴ
2529 649 2621 704 καὶ
2661 652 2828 703 τοῦτο
2867 649 3048 728 φάναι,
3091 649 3270 720 πόσης
3309 647 3412 706 οἴει
3455 649 3730 722 θυμηδίας
3767 649 3840 706 ἒν-

2203 733 2294 792 δεᾶ
2351 736 2665 794 καθεστάναι
2721 738 2811 793 καὶ
2866 738 2960 792 τὸν
3018 737 3350 813 ἐπτάριθμον
3407 737 3685 816 σύλλογον
3742 745 3837 795 τῶν

2201 828 2319 881 καθ’
2367 828 2514 899 ἡμᾶς
2563 825 2837 905 θεοφόρων
2889 823 3122 902 ἀνδρῶν,
3173 827 3256 891 οἷς
3306 829 3382 900 μή
3435 848 3490 882 σε
3557 830 3837 898 συναστρὰ-

2199 936 2406 972 πτοντα
2451 917 2669 978 τούτοις
2719 914 3104 986 ἐπλούτησανς
3154 916 3244 971 καὶ
3299 915 3520 990 μάλισθ’
3561 919 3588 972 ὁ
3629 923 3840 992 πρῶτος

2198 1005 2397 1068 ἐκεῖνος
2454 1007 2546 1061 καὶ
2591 1009 2670 1078 τῷ
2724 1012 2823 1076 τῆς
2881 1002 3106 1079 Τριᾶδος
3161 1007 3446 1080 μυστηρίῳ
3501 1008 3840 1080 τιμώμενος,

2199 1095 2284 1152 ὅτι
2344 1100 2420 1169 μὴ
2471 1093 2726 1168 σύνεδρον
2776 1095 2811 1165 ἢ
2861 1100 2994 1170 γοῦν
3051 1095 3141 1150 καὶ
3197 1100 3293 1151 τοῦ
3351 1097 3547 1170 θρόνου
3603 1097 3698 1150 καὶ
3751 1101 3840 1152 τοῦ

2196 1187 2428 1262 κράτους
2473 1184 2626 1248 εὐθὺς
2670 1185 2784 1258 μετ’
2823 1185 3025 1240 ἐκεῖνον
3064 1182 3352 1260 διάδοχον,
3409 1187 3439 1240 ὁ
3466 1193 3568 1256 τῆς
3608 1186 3835 1248 πίστεως

2195 1278 2357 1349 ἡμῶν
2399 1275 2646 1349 ἀρχηγός
2691 1274 2782 1329 καὶ
2831 1279 2951 1335 ταῖς
2999 1273 3282 1344 ἀληθείαις
3329 1275 3421 1338 σὸς
3469 1277 3652 1348 πατὴρ
3703 1283 3840 1332 Κων-

2196 1370 2494 1434 σταντῖνος,
2561 1365 2623 1419 τὸ
2695 1363 2834 1441 μέγα
2907 1369 3262 1438 Χριστιανοῖς
3344 1367 3540 1438 ὄνομα,
3607 1365 3836 1441 γνησίως

2193 1452 2519 1530 ἒχρήσατος
2570 1453 2605 1522 ἢ
2644 1453 2747 1528 γάρ
2788 1451 2849 1507 ἂν
2893 1452 2992 1507 ούκ
3031 1453 3089 1508 ἃν
3139 1458 3398 1509 τοσοῦτον
3451 1455 3682 1531 εἷσέῤῥει
3728 1459 3830 1510 στῖ-

2192 1565 2261 1618 φο
2317 1541 2559 1618 ἓχθρῶν,
2613 1543 2713 1612 τὴν
2758 1542 3026 1620 ἀκραιφῦἧ
3078 1541 3254 1598 πίστιν
3298 1545 3532 1620 συγχέον
3571 1545 3662 1599 καὶ
3704 1564 3830 1618 συγ-

2191 1634 2447 1704 κλονουν,
2501 1638 2619 1694 ταῖς
2673 1654 2780 1688 των
2841 1630 3018 1707 λόγων
3083 1628 3465 1707 στρεϐλότησι,
3527 1635 3638 1689 Κάν
3695 1638 3828 1709 σοοῇ

2190 1745 2294 1778 τινι
2353 1722 2578 1797 προνοίᾳ
2624 1722 2752 1784 Θεός
2801 1743 2857 1776 τε
2912 1723 3028 1776 κατ’
3087 1719 3238 1777 οὐδεν
3295 1723 3512 1778 ἐκείνων
3571 1721 3828 1795 λειπόμε-

2189 1835 2304 1882 νον,
2339 1813 2517 1886 ὥσπερ
2567 1833 2618 1866 τι
2671 1811 2838 1886 βάρος
2883 1809 3361 1873 ἂντιταλαντεύσας
3411 1813 3631 1875 τούτοις
3678 1818 3824 1868 πᾶσιν

2187 1901 2502 1978 ἶσόῤῥοπον,
2552 1901 2813 1976 ἒχέγγυόν
2858 1921 2918 1956 τε
2962 1905 3042 1973 τῷ
3090 1902 3302 1978 μεγέθει
3346 1907 3448 1972 τῆς
3496 1902 3701 1981 ἀρχῆς,
3742 1901 3823 1956 καὶ

2188 1993 2444 2070 φρόνημα
2484 1990 2570 2047 καὶ
2619 1991 2682 2046 τὸ
2728 1994 2825 2045 τοῦ
2874 1991 3047 2060 ἤθους
3099 1991 3312 2064 ἀξίωμα
3360 1990 3686 2070 παρασχὼν,
3734 1990 3822 2064 ἑμ-

2185 2081 2398 2158 πειρίας
2443 2101 2500 2135 τε
2547 2080 2637 2138 καὶ
2687 2079 3070 2155 χρηστότητος
3124 2078 3260 2134 κατὰ
3315 2084 3478 2136 τοῦτο
3529 2081 3821 2156 γεγενημέ-

2185 2192 2297 2242 νον,
2354 2175 2472 2232 τοῖς
2535 2172 2654 2226 καθ’
2699 2171 2848 2243 ἡμᾶς
2886 2167 3148 2240 ἐπέστησε
3193 2169 3525 2245 πράγμασιν,
3572 2171 3648 2233 ὥς
3679 2167 3737 2224 ἂν
3765 2190 3819 2243 γε

2185 2258 2305 2331 εἷής
2363 2260 2510 2312 ταῦτ’
2568 2257 2760 2332 ἄριστα
2821 2254 3097 2326 διιθύνων,
3149 2255 3245 2312 ’ίνα
3303 2259 3380 2330 μή
3441 2257 3819 2334 παραρῥνῶμεν

2185 2348 2512 2404 παντάπασι.
2572 2345 2661 2410 Τίς
2715 2346 2817 2422 γὰρ
2871 2347 2928 2402 ἂν
2984 2348 3208 2421 ἤρκεσεν
3263 2345 3445 2421 ἕτερος
3488 2347 3675 2409 τόσοις
3727 2347 3818 2402 ἀν-

2184 2433 2442 2493 τιϐαίνειν
2499 2434 2746 2506 δεινοῖς;
2805 2435 2888 2491 ὅτι
2949 2434 3218 2492 πλείστων
3270 2437 3420 2510 μάλὰ
3492 2435 3682 2510 κύκλῳ
3727 2455 3820 2492 πε-

2188 2527 2532 2605 ριρῥεόντων,
2594 2525 2640 2583 εἰ
2704 2527 2780 2600 μή
2835 2525 2899 2580 οὐ
2939 2527 2989 2600 γ’
3037 2526 3195 2588 αὐτὸς
3246 2523 3440 2601 ἀνδρίᾳ
3485 2528 3574 2582 καὶ
3633 2525 3815 2582 συνέσει

2186 2618 2278 2674 καὶ
2327 2611 2600 2688 θεοσεϐείᾳ
2642 2613 2844 2691 κριθείς
2897 2612 3125 2686 δίκαιος,
3177 2617 3363 2692 χρόνῳ
3409 2614 3548 2686 δῆτα
3593 2621 3670 2688 τῷ
3711 2616 3816 2671 καθ’

2187 2709 2335 2780 ἡμᾶς
2395 2707 2518 2762 Νῶὲ
2561 2727 2644 2767 τις
2688 2704 2860 2768 ἄλλος
2890 2704 2926 2774 ἢ
2961 2711 3197 2775 Μωϋσῆς
3247 2701 3458 2781 ὤφθης,
3508 2705 3694 2786 σκάφει
3737 2705 3815 2760 καὶ

2189 2795 2334 2869 ξύλῳ
2384 2795 2609 2870 σταυρὸν
2658 2793 2983 2864 εἰκονίζουσι
3027 2798 3124 2848 τοῦ
3171 2791 3455 2856 κλύδωνος
3483 2799 3590 2850 τῶν
3644 2792 3814 2850 δεινῶν

2191 2884 2492 2964 ὑπεξάγων,
2534 2885 2624 2942 καὶ
2665 2886 2757 2941 τὸν
2811 2886 2902 2940 σὸν
2950 2882 3083 2939 λαὸν
3131 2889 3241 2939 τῶν
3294 2881 3542 2941 διωκτῶν
3592 2885 3818 2965 ὑφαρπά-

2191 2982 2315 3047 ζων,
2374 2974 2464 3032 καί
2518 2979 2734 3036 τούτοις
2790 2975 3050 3046 πλήττων
3107 2973 3194 3028 καὶ
3251 2973 3659 3046 καταποντίζων
3710 2975 3813 3029 ἐπι-

2193 3064 2506 3134 διώκοντας,
2563 3065 2652 3119 καὶ
2712 3063 2860 3140 χειρὶ
2917 3067 3053 3119 Θεοῦ
3095 3063 3331 3138 τρόπαια
3378 3063 3603 3138 ἐγείρων
3664 3064 3816 3119 ἀπαν-

2189 3160 2386 3234 ταχοῦ,
2418 3156 2504 3210 καὶ
2546 3156 2647 3225 τήν
2696 3153 2969 3225 κοσμικὴν
3024 3151 3278 3228 λαμπρὰν
3317 3151 3588 3228 λαμπρῶς
3628 3153 3814 3210 ὁλκάδα

423 3247 547 3302 lum
579 3251 744 3300 tuum
782 3261 814 3300 a
851 3245 1325 3316 persecutoribus
1354 3244 1630 3316 eripiens,
1665 3250 1723 3299 et
1751 3247 2076 3316 percutiens

2191 3230 2576 3318 τερ-σταυρικῷ
2633 3237 2998 3316 διακυϐερνῶν
3050 3241 3229 3314 ἱστίῳ,
3278 3242 3492 3315 κόσμου
3541 3242 3662 3300 νέου
3707 3241 3812 3298 δια-

423 3335 498 3392 iis
559 3339 732 3408 atque
797 3334 1178 3405 submergens
1250 3338 1685 3406 persequentes,
1756 3338 1931 3407 atque
1985 3351 2082 3406 per

426 3441 667 3481 manum
699 3424 794 3480 Dei
825 3427 1040 3495 tropaea
1070 3422 1290 3494 ubique
1335 3423 1612 3491 excitans,
1664 3425 2080 3496 magniﬁcam-

424 3533 537 3588 que
567 3513 770 3569 mundi
803 3528 1008 3569 navem
1041 3513 1350 3585 magniﬁce
1397 3513 1586 3570 crucis
1634 3513 1760 3571 velo
1811 3515 1944 3571 novi
1971 3531 2080 3572 or-

423 3605 514 3662 bis
538 3603 762 3661 semina
791 3608 1236 3658 conservantam
1267 3601 1600 3676 gubernans
1625 3619 1640 3658 :
1678 3606 1776 3660 l4
1796 3611 1892 3660 aut
1923 3604 2076 3676 ignis

423 3714 656 3772 quoque
703 3696 977 3753 columna
1033 3712 1273 3768 prorsus
1330 3695 1590 3762 habitus,
1646 3696 1822 3752 veluti
1860 3713 2076 3754 novum

419 3787 714 3854 Israelem,
768 3803 875 3842 nos
925 3784 1154 3842 caeleste
1201 3783 1466 3844 videlicet
1508 3801 1731 3854 semen,
1775 3788 1846 3843 ad
1879 3804 2079 3845 veram

2190 3335 2464 3404 σώζουσαν
2521 3333 2822 3405 σπέρματα,
2881 3331 2917 3400 ἢ
2970 3331 3061 3386 καὶ
3119 3330 3315 3396 στῦλος
3364 3332 3538 3406 πυρὸς
3586 3333 3810 3406 ἄντικρυς

2189 3423 2566 3500 χρηματίζων,
2620 3422 2711 3476 ἅτε
2761 3419 2828 3490 δὴ
2875 3422 2965 3476 τὸν
3016 3423 3132 3476 νὲον
3194 3421 3440 3496 Ἰσραὴλ,
3499 3422 3648 3496 ἡμᾶς
3695 3419 3809 3490 ὁδη-

2188 3518 2300 3589 γῶν
2357 3514 2492 3588 πρὸς
2583 3505 2852 3568 εὐσέϐειαν
2914 3511 3160 3584 οὐράνιον
3247 3508 3407 3580 δῆθεν
3475 3513 3727 3586 σπέρμα·
3779 3507 3808 3576 ἢ

2188 3607 2318 3679 γοῦν
2369 3603 2500 3664 ὀπὸς
2547 3602 2716 3678 ἱερὸς,
2764 3603 2799 3672 ἢ
2841 3622 2893 3656 τι
2943 3601 3085 3655 θεῖον
3138 3599 3295 3668 ἅλας,
3349 3600 3709 3678 εὐαγγελικῶς
3747 3598 3811 3653 εἰ·

2188 3699 2330 3762 πεῖν,
2379 3693 2514 3748 κατὰ
2565 3692 2756 3767 καιρὸν
2805 3693 2939 3764 ἡμῖν
2995 3685 3312 3763 ἐμϐλυθεῖς,
3365 3689 3812 3766 ὐποχαυνομὲνοις

2189 3782 2278 3840 καί
2311 3781 2652 3858 διαρρέουσιν
2681 3803 2696 3851 ;

421 3877 693 3950 pietatem
745 3876 1101 3948 producens;
1151 3879 1252 3930 aut
1300 3891 1440 3930 sane
1489 3874 1682 3947 liquor
1736 3891 1840 3931 seu
1873 3893 2085 3934 succus
2118 3890 2301 3935 sacer,
2335 3879 2437 3928 aut
2475 3872 2559 3928 sal
2593 3871 2834 3944 quidam
2861 3869 3110 3939 divinus,
3143 3873 3208 3926 ut
3238 3869 3584 3944 Evangelice
3615 3869 3804 3935 dicam,

419 3985 526 4025 suo
559 3966 729 4039 plane
761 3971 1020 4037 tempore
1051 3964 1220 4020 nobis
1247 3965 1368 4035 jam
1401 3964 1772 4021 faticentibus
1804 3970 1977 4038 atque
2012 3963 2417 4021 difﬂuentibus
2455 3963 2704 4032 injectus
2725 3961 2752 4015 ‘2

488 4056 600 4114 Sed
641 4054 791 4126 quid
828 4053 982 4126 ago?
1029 4054 1090 4111 Si
1133 4054 1288 4110 enim
1336 4054 1785 4126 quamplurima
1833 4056 2078 4112 dicendo

417 4145 506 4202 vel
538 4145 844 4200 minimam
878 4149 1101 4214 partem
1135 4149 1286 4199 recte
1317 4145 1600 4200 factorum
1639 4151 1872 4201 tuorum
1907 4145 2077 4200 attin-

418 4251 549 4308 gere
579 4250 834 4306 possem,
878 4233 1022 4289 nihil
1071 4250 1312 4304 prorsus
1357 4233 1727 4289 difﬁcultatis
1759 4239 1862 4289 aut
1893 4234 2076 4290 mole-

419 4326 546 4382 etim
603 4323 848 4380 orationi
911 4324 1162 4379 adesset.
1196 4324 1680 4396 Quandoquidem
1715 4341 1844 4380 vero
1873 4325 2077 4395 verba,

419 4415 650 4472 etiamsi
701 4413 957 4470 omnium
1005 4411 1174 4485 longe
1215 4414 1439 4484 optima
1480 4415 1538 4469 in
1590 4415 1850 4470 medium
1884 4416 2078 4486 profe-

2257 4049 2436 4108 Ἀλλᾶ
2463 4049 2512 4105 τί
2569 4070 2661 4123 μοι
2711 4053 2916 4116 ταῦτας
2958 4048 3020 4103 Εἰ
3065 4049 3159 4120 μὲν
3197 4050 3263 4118 ἦν
3314 4048 3534 4104 εἰπόντα
3581 4049 3802 4112 πλεῖστα,

2187 4142 2283 4196 κᾶν
2347 4140 2526 4215 βραχύ
2583 4161 2635 4195 τι
2682 4142 2778 4194 τοῦ
2825 4137 2920 4193 σοῦ
2967 4139 3307 4209 καθήκοντος
3359 4138 3798 4218 προσεφᾶψασθαι,

2189 4228 2339 4286 οὐδὲν
2397 4252 2450 4284 τι
2506 4233 2728 4305 πρᾶγμα
2784 4228 2999 4291 πάντως
3052 4231 3130 4299 τῷ
3187 4225 3348 4304 λόγῳ
3423 4235 3675 4304 προσ-ἦν’
3724 4227 3800 4278 νῦν

2189 4318 2374 4390 ἐπειδὴ
2412 4320 2609 4394 ἀνάγκη
2639 4318 2764 4380 τοὺς
2799 4317 3001 4392 λόγους
3030 4318 3257 4373 κατόπιν
3305 4322 3414 4374 τῶν
3457 4315 3626 4394 ἔργων
3672 4314 3804 4391 ἔρχι·

2189 4413 2328 4481 σθαι,
2387 4411 2483 4465 κᾶν
2542 4409 2608 4464 τὰ
2653 4409 2910 4482 κράτισνα
2957 4408 3172 4461 πάντων
3219 4405 3568 4484 εἰσφέρωσιν,
3609 4404 3692 4460 ’ίνα
3734 4402 3797 4478 μή

420 4509 641 4575 rantur,
675 4505 878 4561 cedere
908 4508 1104 4559 tamen
1137 4501 1456 4575 plurimum
1490 4505 1666 4559 rebus
1696 4504 1839 4574 ipsis
1869 4521 2076 4561 neces-

2191 4501 2276 4558 καὶ
2333 4499 2510 4556 πλείω
2571 4497 2747 4576 λέγων
2797 4501 2893 4554 τοῦ
2944 4499 3146 4571 μέτρου
3202 4497 3339 4570 πέρα
3389 4495 3532 4569 δόξω
3573 4497 3801 4572 περιὲναι,

420 4595 574 4652 sario
607 4597 888 4665 oporteat,
937 4609 1008 4648 ne
1040 4609 1108 4648 ea
1159 4591 1582 4650 accumulando
1633 4594 1784 4650 ultra
1833 4596 2076 4650 modum

420 4685 690 4758 progredi
722 4683 944 4750 videar,
986 4683 1084 4739 ubi
1127 4699 1314 4755 pauca
1351 4685 1616 4756 quaedam
1659 4683 1958 4756 addidero,
2003 4685 2074 4740 ad

421 4779 824 4848 argumentum
851 4773 1102 4829 historica
1149 4773 1510 4845 propositum
1546 4774 1917 4830 descendam.
1941 4775 2076 4838 Quae

421 4861 573 4922 enim
609 4863 712 4919 tibi
759 4863 916 4919 Deus
969 4861 1308 4918 exuberanti
1359 4879 1538 4918 manu
1579 4863 1732 4918 bona
1769 4864 2074 4935 concessit,

420 4963 475 5012 et
521 4969 699 5028 quam
752 4951 1164 5008 muniﬁcentiae
1217 4952 1460 5023 gratiam
1520 4951 1737 5025 prolixe
1786 4954 2073 5023 praestitit,

421 5045 695 5116 quisnam
744 5041 890 5098 satis
941 5041 1029 5097 vel
1087 5040 1348 5098 oratione
1397 5042 1690 5114 prosequi,
1741 5041 1827 5098 vel
1885 5050 2078 5099 mente

422 5133 726 5203 concipere
759 5133 980 5203 queat?
1009 5131 1271 5202 quamvis
1304 5148 1421 5187 una
1450 5148 1583 5187 cum
1617 5131 1834 5189 Gratiis
1865 5136 1920 5187 et
1950 5136 2078 5189 Mu-

421 5224 503 5280 sis
534 5219 804 5278 omnibus
836 5227 892 5276 et
921 5219 1190 5293 pluribus
1217 5237 1396 5292 quam
1428 5237 1575 5292 quas
1606 5220 2075 5287 Homerusdixit,

422 5313 780 5384 capillosque
841 5314 1071 5366 nostros
1132 5327 1372 5367 numero
1423 5311 1790 5384 aequantibus
1842 5309 2076 5380 linguis.

422 5402 728 5468 insistens,
789 5417 879 5456 res
937 5403 1069 5455 tuas
1127 5402 1524 5470 exsequendas
1564 5400 1678 5454 sibi
1747 5399 2078 5470 proponat?

423 5491 582 5546 Adeo
639 5490 794 5546 enim
845 5487 993 5544 nihil
1043 5487 1154 5544 sibi
1202 5489 1416 5545 dixisse
1455 5489 1768 5559 videbitur,
1801 5491 1862 5542 ut
1894 5487 2079 5558 paeni-

423 5579 612 5637 tentia
642 5586 860 5650 postea,
890 5579 988 5650 qui
1038 5578 1214 5634 semel
1248 5579 1554 5636 dicendum
1601 5579 1709 5634 sibi
1751 5577 2074 5649 quidquam

427 5667 758 5740 sumpserit,
791 5669 1056 5724 ducatur.
1094 5667 1235 5723 Mihi
1265 5685 1399 5726 vero
1429 5670 1568 5725 satis
1609 5668 1809 5737 fuerit,
1858 5666 1957 5724 ubi
2007 5681 2076 5724 ea

2193 4593 2388 4671 βραχέ’
2417 4591 2548 4647 ἄττα
2578 4590 2855 4664 προσθεὶς,
2899 4587 2987 4644 ἐπὶ
3037 4589 3134 4656 τήν
3180 4587 3475 4664 ὑπόσχεσιν
3513 4592 3614 4644 τῶν
3645 4585 3799 4660 λόγων

2185 4683 2469 4760 ἀφίξομαι.
2513 4683 2644 4736 Ὀσα
2687 4681 2780 4752 μὲν
2818 4682 2920 4754 γάρ
2963 4699 3046 4733 σοι
3087 4678 3218 4740 Θεὸς
3267 4678 3490 4754 ἀφθόνῳ
3539 4677 3676 4754 χειρὶ
3708 4693 3800 4760 πα-

2188 4759 2351 4847 ρέσχε
2403 4773 2508 4822 τῶν
2550 4766 2794 4840 ἀγαθῶν,
2844 4767 2933 4820 καὶ
2972 4765 3226 4826 ἐπιεικῶς
3273 4765 3359 4819 σοί
3388 4786 3453 4840 γε
3495 4768 3556 4821 τὸ
3603 4770 3693 4833 τῆς
3722 4759 3804 4836 χά.

2189 4879 2336 4935 ριτος
2394 4856 2693 4935 φιλότιμον
2754 4853 3076 4924 ἐπεδείξατο,
3144 4853 3226 4915 τίς
3282 4855 3470 4916 ἱκανὸς
3530 4855 3615 4909 καὶ
3672 4851 3798 4923 λόγῳ

2187 4949 2382 5026 φράσαι
2417 4945 2506 5002 λαὶ
2551 4950 2628 5017 νῷ
2677 4943 3113 5019 περιλήψεσθαι;
3158 4944 3254 4998 κᾶν
3305 4943 3352 4998 εί
3405 4945 3539 5017 μετὰ
3586 4939 3794 5022 χαρίτων

2185 5038 2276 5092 καὶ
2336 5040 2552 5110 μουσῶν
2607 5035 2828 5088 ἁπασῶν
2883 5032 2974 5088 καὶ
3029 5031 3294 5109 γλωσσῶν
3343 5031 3642 5088 πλειόντων
3683 5029 3796 5098 ἢπερ

2187 5128 2312 5188 δσας
2369 5128 2616 5198 Ὅμηρος
2671 5121 2876 5198 ε’ίρηκε,
2934 5122 3023 5178 καὶ
3085 5119 3280 5200 σχεδὸν
3353 5127 3475 5184 ταῖς
3543 5119 3798 5195 ἡμετέρικ

2187 5215 2472 5291 ῗσάριθμον
2518 5214 2687 5286 θριξὶν
2729 5212 2922 5281 ἐπέστη
2972 5232 3078 5280 τις,
3128 5210 3281 5287 ἔργον
3331 5213 3400 5268 τὰ
3449 5213 3514 5268 σὰ
3565 5209 3796 5278 ποιούμε-

2184 5327 2298 5371 νος,
2333 5306 2490 5359 τόσον
2542 5299 2700 5381 ὤφθη
2755 5299 2926 5374 μηδὲν
2976 5300 3172 5368 οἰπὼν,
3227 5302 3354 5356 ὥστ’
3403 5301 3588 5358 ἔπειτα
3628 5297 3688 5366 δὴ
3724 5293 3792 5350 καῖ

2190 5393 2495 5469 μετάμελος
2547 5392 2748 5448 ἐκεῖνον
2793 5391 2926 5460 εἷλε,
2975 5390 3212 5460 καθάπαξ
3265 5389 3446 5464 λέγειν
3495 5385 3794 5460 ἐπιϐαλόμε-

2183 5507 2298 5544 νον,
2348 5482 2506 5557 Ἐμοὶ
2556 5479 2603 5536 δ’
2651 5478 2860 5554 ἀρκέσει
2915 5477 3080 5550 μόνον
3133 5480 3195 5534 τὸ
3257 5487 3356 5550 τῆς
3417 5487 3516 5550 σῆς
3565 5471 3792 5534 εὐσεϐείας

2187 5573 2412 5643 εἰπόντι,
2462 5574 2649 5626 θᾶττον
2695 5566 3165 5644 συγκεφαλαιῶσαι
3215 5568 3308 5623 τὸν
3355 5566 3546 5644 λόγον.
3587 5567 3687 5634 Τὴν

2185 5662 2280 5720 οὖν
2336 5659 2574 5718 καθόλου
2634 5657 2964 5731 Ἐκκλησίαν
3034 5659 3178 5716 οὕτω
3242 5659 3689 5737 νεωτεριζομὲνην
3731 5651 3788 5708 εἷς
