3982 6216
419 323 537 385 583

1712 302 2141 368 NICEPHORI
2184 302 2530 366 CALLlSTI

3701 308 3804 370 584

417 451 676 512 tualibus
707 448 1006 508 suﬁ‘ultam
1048 442 1362 511 columnis,
1404 441 1640 498 Patrum
1691 437 1912 496 scilicet
1960 437 2064 492 do-

2186 433 2357 508 μένειν
2417 429 2710 509 παρέσχες,
2772 437 3031 490 τοσοῦτον
3087 431 3335 510 ἑδράσας,
3395 435 3472 496 ὡς
3545 432 3708 508 μηδέν
3762 457 3814 492 τι

417 542 624 600 ctrinis
654 543 711 596 et
749 534 1146 594 sanctionibus
1197 529 1555 589 confirmasti
1610 545 1623 582 :
1679 527 1764 582 sic
1813 529 1870 582 et
1916 523 2066 580 hanc

419 631 671 693 erexisti.
697 629 832 695 Hoc,
863 628 1128 698 inquam,
1167 619 1576 695 cogitationem
1627 615 1834 670 mentis
1882 612 2066 670 excel-

419 725 547 782 lens
562 720 990 778 etimmensum
1013 713 1350 786 opus,hanc
1374 705 1776 764 incredibilem
1800 704 2066 770 formam,

419 813 784 885 sempiternis
815 807 962 862 aulas
1006 803 1344 875 imaginem,
1384 811 1695 854 commune
1736 795 2066 859 hominum,

419 905 604 961 dicam
642 901 818 958 etiam
852 895 1212 970 angelorum,
1240 890 1722 946 delectamentum
1755 889 1812 940 et
1841 891 2067 952 specta-

418 995 637 1061 culum,
673 993 780 1047 hoc
813 989 1074 1042 divinum
1107 983 1212 1039 Dei
1241 979 1414 1035 Verbi
1442 977 1776 1049 Sapientiae,
1800 975 2065 1045 inquam,

417 1083 700 1158 palatium
737 1097 750 1134 :
783 1079 936 1134 hanc
985 1089 1216 1145 quoque
1270 1069 1572 1126 basilicam
1635 1071 1965 1136 temporum
2016 1063 2065 1118 vi

425 1155 539 1231 i6
585 1174 870 1236 affectam,
922 1172 980 1222 et
1007 1160 1444 1220 imminentium
1494 1157 1867 1214 cacuminum
1916 1155 2068 1210 mole

418 1264 591 1320 veluti
623 1262 681 1316 in
713 1275 905 1332 genua
934 1254 1275 1311 inclinatam
1315 1254 1374 1306 et
1414 1247 1841 1312 labefactatam,
1892 1243 2066 1299 adhi-

420 1356 540 1411 bita
569 1353 618 1408 ei
649 1367 826 1407 aurea
851 1349 1074 1406 dextra,
1107 1344 1173 1398 ad
1208 1340 1476 1398 stabilem
1521 1343 1578 1394 et
1633 1341 1854 1392 certum
1899 1336 2070 1392 resti-

416 1443 580 1500 tuisti
613 1445 866 1496 statum:
901 1437 970 1492 ad
1006 1451 1139 1492 eum
1173 1431 1414 1488 modum
1475 1427 1716 1484 adificio
1760 1424 1922 1482 omni
1970 1424 2065 1478 fir-

420 1538 598 1598 mato,
631 1535 694 1586 ut
724 1529 785 1584 in
827 1531 1128 1600 posterum
1157 1521 1320 1578 nulla
1349 1525 1678 1590 temporum
1723 1515 1942 1586 injuria
1965 1514 2066 1570 de-

417 1620 677 1680 trimenti
711 1618 1038 1690 quidquam
1062 1613 1110 1668 ei
1141 1612 1346 1668 afferre
1377 1606 1580 1680 possit.
1623 1605 1769 1661 Nam
1794 1603 1952 1660 saxis
1983 1603 2070 1658 in-

413 1710 652 1786 jectitiis
683 1718 739 1764 et
772 1705 1010 1778 pulchre
1039 1701 1236 1774 politis
1266 1715 1336 1756 ex
1367 1701 1526 1770 parte
1551 1700 1799 1766 utraque
1823 1709 1949 1749 eam
1979 1709 2066 1748 re-

420 1782 712 1866 staurasti,
749 1799 1045 1852 structura
1075 1789 1262 1846 solida
1291 1792 1348 1844 et
1387 1788 1503 1844 fere
1553 1783 1934 1842 adamantina
1988 1782 2069 1838 ita
2101 1819 2144 1884 Β

419 1891 764 1963 longissime
797 1887 858 1939 in
906 1882 1089 1938 altum
1138 1883 1498 1942 excurrente,
1561 1880 1621 1931 ut
1675 1880 1864 1931 totum
1915 1889 2062 1944 opus

422 1986 650 2056 prepter
680 1990 969 2034 summam
1003 1969 1463 2028 convenientiam
1505 1972 1565 2022 et
1603 1963 2067 2037 coagmentatio-

421 2052 554 2130 nem
587 2085 790 2126 saxum
824 2080 1006 2122 unum
1038 2079 1168 2118 esse
1205 2059 1488 2116 videatur.
1524 2061 1590 2112 Et
1621 2061 1806 2112 totum
1836 2058 1898 2110 tu
1935 2052 2066 2125 qui-

421 2164 554 2218 dem
586 2161 696 2216 hoc
727 2154 1013 2228 templum
1063 2150 1251 2206 solida
1292 2146 1606 2204 stabilitate
1651 2143 2013 2200 confirmasti
2047 2159 2060 2197 :

423 2251 677 2308 maxime
706 2252 899 2302 tamen
931 2258 1057 2298 eam
1089 2237 1316 2297 edificii
1347 2245 1586 2310 partem,
1617 2252 1746 2308 quae
1772 2235 1839 2291 ad
1873 2233 2066 2290 orien-

422 2347 542 2400 tem
574 2339 755 2394 solem
787 2337 1083 2406 spectans,
1116 2328 1331 2385 sensim
1373 2325 1811 2400 quodammodo
1859 2341 1893 2380 a
1933 2322 2063 2380 reli-

423 2432 557 2505 quis
590 2427 852 2502 partibus
886 2423 1132 2492 abrupta
1174 2424 1262 2476 est
1318 2424 1376 2475 et
1419 2418 1731 2488 disjuncta.
1781 2415 1897 2470 Nec
1945 2430 2067 2470 ma-

423 2539 565 2580 num
600 2524 826 2576 tantum
861 2512 1019 2587 operi
1059 2511 1154 2567 isti
1199 2509 1540 2576 adhibuisti,
1573 2506 1678 2564 sed
1725 2507 1798 2562 ad
1846 2505 2067 2576 reliqua

423 2618 620 2681 etiam,
653 2609 912 2667 divinam
945 2608 1000 2662 et
1031 2599 1424 2658 immortalem
1455 2609 1610 2655 tuam
1642 2613 1844 2654 curam
1869 2603 1927 2652 et
1959 2595 2068 2652 sol-

421 2703 791 2763 licitudinem
824 2696 1000 2752 rebus
1023 2693 1117 2748 his
1149 2691 1518 2763 impendens,
1549 2688 1838 2760 adjecisti.
1877 2687 2068 2758 Siqui-

423 2797 552 2852 dem
587 2791 657 2846 ad
691 2789 796 2844 bas
825 2784 998 2840 etiam
1030 2785 1186 2836 artes
1219 2779 1504 2851 sapientis
1535 2776 1714 2834 animi
1746 2775 2070 2848 intelligen-

425 2885 506 2941 tia
551 2885 609 2938 et
651 2871 1074 2950 magnitudine,
1145 2869 1467 2924 admodum
1515 2883 1577 2924 es
1626 2866 1950 2939 appositus.
2005 2865 2072 2920 Et

424 2988 572 3044 Opus
601 2969 712 3026 hoc
757 2963 1018 3028 omnino,
1063 2961 1218 3032 quod
1269 2958 1546 3026 diximus,
1599 2972 1714 3012 non
1764 2971 1830 3010 ea
1879 2953 2070 3010 solum

425 3043 554 3136 quae
583 3077 618 3116 a
649 3057 864 3114 saeculo
893 3057 1124 3112 condito
1154 3051 1470 3125 Lexstitere,
1503 3062 1703 3103 verum
1755 3043 1928 3100 etiam
1964 3045 2073 3098 de-

426 3133 896 3209 cantatissimum
927 3146 1093 3201 illum
1134 3137 1540 3199 Samiramidis
1579 3133 1868 3190 bitumine
1913 3148 2072 3189 com-

2173 528 2280 579 τῶν
2334 521 2517 578 δεινῶν
2562 529 2658 578 τοῦ
2708 523 2907 579 λοιποῦ
2957 523 3148 598 ἐξεῖναι
3204 531 3299 594 τῆς
3343 522 3402 579 ἐκ
3451 527 3558 580 τῶν
3608 525 3812 602 χρόνων

2177 608 2384 688 ὕϐρεως
2440 612 2580 685 αὐτῇ
2632 608 2988 687 προσϐαλεῖν.
3051 609 3420 688 Ἐμόολίμοις
3479 613 3583 690 γὰρ
3651 614 3810 678 λίθοις

2175 707 2267 761 καὶ
2321 705 2398 768 εἲς
2467 705 2676 768 κάλλος
2740 707 3144 781 ἀπεξεσμὲνοις,
3205 708 3532 782 ἑκατέρωθεν
3600 709 3814 786 ἐπιρῥώ-

2179 817 2272 858 σας
2333 793 2626 870 οἰκοδομίᾳ
2684 796 2880 872 στεῤῥᾷ
2936 797 3026 852 καὶ
3083 794 3421 870 ἀδαμαντίνῃ
3467 797 3685 876 σχεδὸν,
3735 797 3814 853 ἐπὶ

2181 887 2444 959 μήκιστον
2481 886 2558 948 εἷς
2608 885 2748 960 ὕψος
2795 885 3172 962 ἀνατρεχούσῃ
3211 907 3224 918 '
3277 887 3350 949 ὼς
3385 886 3562 942 δοκεῖν
3605 884 3696 942 ἕνα
3743 887 3813 944 λί-

2178 977 2271 1030 θον
2334 975 2468 1030 εἶναι
2523 975 2585 1030 τὸ
2649 975 2864 1045 σύμπαν
2915 974 3097 1053 ἔργον,
3152 979 3221 1049 τῇ
3277 976 3328 1038 ἐς
3390 977 3552 1051 ἄκρον
3610 975 3812 1048 δηλαδῆ

2179 1065 2414 1137 ἁρμονίᾳ
2465 1067 2556 1119 καὶ
2636 1065 2898 1142 συμφυΐᾳ.
2962 1067 3060 1120 Καὶ
3135 1067 3307 1122 πάντα
3367 1067 3462 1140 μὲν
3537 1067 3628 1122 τὸν
3685 1067 3810 1122 νεὼν

2180 1152 2421 1228 στεῤῥῶς
2453 1151 2688 1228 ἓδραιοῖς
2725 1173 2738 1186 ο
2793 1155 3034 1228 μάλιστα
3064 1152 3110 1210 δ’
3161 1154 3258 1210 ὅσα
3289 1159 3394 1209 τῶν
3444 1152 3812 1228 οἰκοδομημά-

2177 1264 2286 1298 των
2318 1243 2453 1312 ἦσαν
2506 1243 2641 1317 πρὸς
2693 1244 2985 1319 ἀνίσχοντα
3017 1243 3202 1314 ἥλιον,
3249 1245 3430 1320 ἡρέμα
3478 1245 3676 1300 ὡσανεῖ
3713 1247 3809 1300 τῶν

2177 1329 2364 1388 ἄλλων
2424 1331 2851 1403 ἀποσαλεύοντα,
2885 1333 2946 1388 οὐ
2995 1335 3093 1403 τήν
3141 1339 3302 1410 χεῖρα
3354 1336 3517 1406 μόνον
3561 1339 3638 1406 τῷ
3679 1333 3812 1411 ἔργῳ

2177 1416 2477 1494 ἐπιϐαλὼν,
2515 1421 2659 1477 ἀλλά
2707 1422 2798 1476 καὶ
2839 1422 2929 1477 τὸν
2987 1423 3077 1478 σὸν
3128 1425 3270 1478 θεῖον
3316 1429 3441 1478 νοῦν
3501 1423 3595 1482 καὶ
3627 1424 3813 1494 ἀκήραο

2175 1532 2270 1566 τον
2320 1518 2436 1573 τοῖς
2495 1511 2714 1572 λοιποῖς
2771 1512 3108 1586 προστιθείς,
3139 1513 3228 1568 καὶ
3276 1518 3396 1575 ταῖς
3446 1514 3570 1590 περὶ
3615 1514 3810 1568 τούτων

2177 1601 2450 1678 φροντίσιν
2503 1599 2833 1658 ἐκδαπανῶν.
2869 1601 2965 1656 Καὶ
3022 1603 3125 1676 γάρ
3181 1625 3297 1666 πως
3347 1605 3436 1658 καὶ
3486 1602 3627 1678 πρὸς
3656 1607 3809 1657 ταῦτα

2177 1688 2504 1760 ἐπιτηδείως
2538 1689 2777 1764 μάλιστα
2807 1687 3127 1769 διαγέγονας
3179 1690 3348 1768 ἔχων,
3373 1697 3456 1765 τῷ
3502 1699 3605 1762 τῆς
3652 1701 3810 1768 σοφῆς

2179 1777 2414 1842 διανοίας
2477 1777 2813 1858 μεγαλοφυεῖ
2859 1801 2918 1835 τε
2971 1781 3061 1836 καὶ
3120 1787 3360 1853 συνετῷ’
3429 1783 3505 1844 ὡς
3564 1784 3811 1851 ἡττᾶσθαι

2175 1870 2508 1944 κατακράτος
2535 1871 2716 1943 τούτῳ
2747 1867 2814 1940 δὴ
2848 1871 2928 1942 τῷ
2959 1867 3103 1948 ἔργῳ
3137 1873 3212 1944 μὴ
3267 1872 3432 1946 μόνον
3476 1871 3558 1927 ὅσ⁹
3588 1869 3640 1944 ἐξ
3688 1872 3808 1926 αἰῶ-

2171 1981 2260 2022 νος
2308 1959 2612 2035 γεγόνασιν,
2645 1957 2792 2016 ἀλλά
2835 1960 2926 2015 καὶ
2969 1961 3032 2016 τὸ
3084 1959 3497 2036 θρυλλοῦμενος
3531 1961 3582 2033 ἐξ
3615 1959 3807 2038 ἀσφάλο

2171 2073 2268 2107 του
2308 2056 2497 2126 τεῖχος
2544 2054 2720 2106 ἓκεῖνο
2759 2053 2822 2108 τὸ
2875 2049 3270 2126 Σεμιράμιδος.
3303 2052 3374 2108 Οὐ
3433 2057 3545 2126 μήν
3586 2049 3637 2107 δ’
3677 2049 3810 2108 ἀλλά

2171 2140 2261 2196 καὶ
2291 2142 2384 2196 τὸν
2417 2137 2650 2198 ἔκπαλαι
2680 2145 2776 2196 τοῦ
2807 2141 2952 2196 θείου
2993 2143 3188 2198 τούτου
3217 2141 3481 2215 τεμένους
3513 2139 3804 2215 δομήτορα,

2173 2229 2371 2306 χαλκῷ
2415 2231 2467 2292 ἐς
2517 2229 2789 2305 πάγκαλόν
2838 2252 2891 2286 τι
2947 2239 3143 2306 χρῆμα
3190 2230 3466 2306 πλαστικῇ
3496 2233 3662 2307 τὲχνῃ
3707 2228 3806 2285 δια-

2175 2319 2430 2394 χυθέντα,
2491 2319 2622 2375 κάπὶ
2672 2319 2853 2382 κίονος
2930 2321 3028 2390 τὴν
3088 2319 3380 2396 ἡνιόχησιν
3444 2319 3804 2391 ἐξελαύνοντα,

2176 2411 2391 2482 σύναμα
2447 2409 2634 2484 γαύρῳ
2693 2409 2782 2464 καὶ
2829 2410 3014 2484 κράνει
3067 2411 3158 2464 καὶ
3217 2411 3490 2488 σχήματι,
3532 2409 3624 2464 καὶ
3683 2405 3808 2480 δεξιᾷ

2176 2498 2348 2556 δεινὸν
2380 2499 2685 2573 ἀπειλούσῃ
2715 2499 2802 2554 καὶ
2831 2497 3304 2573 βλοσυρὸν,“ίππῳ
3351 2521 3408 2555 τε
3458 2501 3548 2554 σὺν
3595 2497 3807 2572 μεγαλῳ

2179 2590 2416 2664 μυκτῆρί
2471 2611 2529 2645 τε
2585 2590 2672 2644 καὶ
2733 2589 3043 2666 φρυάγματι
3093 2585 3248 2664 ὕϐριν
3296 2590 3544 2664 ἀτεχνῶς
3589 2587 3806 2654 πνέοντι,

2176 2681 2266 2735 καὶ
2327 2679 2494 2754 χαίτῃ
2560 2677 2749 2754 αὔραις
2813 2675 2972 2748 δῆθεν
3037 2677 3332 2753 παιζούσῃ,
3393 2679 3482 2733 καὶ
3541 2679 3677 2732 κατὰ
3729 2675 3805 2732 τᾶν

2177 2768 2479 2844 Ὁμηρικὸν
2522 2765 2695 2823 ’ίππον
2744 2769 2878 2824 κατά
2928 2765 3113 2823 πεδίου
3171 2769 3452 2842 μετεώρου
3498 2767 3809 2843 κροαίνοντι,

2179 2856 2214 2927 ἢ
2248 2858 2334 2911 καὶ
2373 2856 2506 2912 κατὰ
2551 2859 2802 2934 Πήγασον
2837 2855 3035 2912 ἐκεῖνον
3081 2854 3343 2912 ’ἰπτασθαι
3383 2853 3539 2927 δόξαν
3588 2875 3811 2930 παρεχο-

2185 2947 2333 3021 μένῳ
2361 2965 2373 2976 ·
2409 2945 2496 3000 καὶ
2527 2950 2719 3002 τοῦτον
2763 2943 2820 3000 δὲ
2859 2945 2961 3020 ἄρα
3009 2952 3106 3016 τῆς
3138 2945 3198 3002 ἐκ
3233 2949 3329 3000 τοῦ
3359 2946 3564 3022 χρόνου
3603 2945 3811 3000 ἀτάκτου

2184 3043 2486 3114 περιφορᾶς
2537 3036 2624 3092 καὶ
2682 3035 2975 3108 ἀνωμάλου
3024 3038 3290 3107 κινήσεως
3339 3038 3542 3098 ἱκανῶς
3593 3035 3812 3091 ἀπολαύ-

2183 3147 2350 3182 σαντα
2398 3131 2465 3200 τῇ
2517 3130 2697 3201 μακρᾷ
2741 3126 2831 3180 καὶ
2879 3131 3093 3201 συνεχεῖ
3135 3131 3241 3181 τῶν
3282 3125 3453 3200 ἀέρων
3506 3123 3810 3201 φιλονεικίᾳ,

431 3249 656 3316 pactum
690 3253 922 3292 murum
956 3233 1126 3306 longe
1151 3228 1464 3302 superavit.
1497 3225 1714 3281 Verum
1782 3223 2073 3278 enimvero

2189 3217 2263 3279 ὡς
2321 3217 2407 3270 καὶ
2471 3215 2503 3270 ἃ
2561 3215 2806 3291 κατέχων
2868 3215 3097 3288 ἑωρᾶτο,
3158 3215 3384 3287 σταυρὸν
3443 3211 3510 3285 δή
3565 3235 3684 3270 τινα
3734 3211 3809 3266 καὶ

429 3313 689 3405 priscum
722 3341 953 3397 quoque
993 3321 1172 3379 divini
1214 3321 1392 3389 hujus
1443 3313 1668 3371 delubri
1718 3314 2078 3369 conditorem

429 3420 532 3495 (1),
562 3435 630 3475 ex
662 3433 771 3472 aere
801 3415 860 3472 in
893 3418 1148 3470 statuam
1176 3407 1624 3484 pulcherrimam
1657 3410 1778 3460 arte
1811 3405 2080 3460 {ictorum

433 3493 736 3577 dilfusum,
764 3510 941 3578 atque
971 3503 1029 3558 in
1061 3501 1336 3558 columna
1367 3495 1790 3568 aurigationem
1834 3493 1951 3548 sive
1971 3507 2079 3564 gu-

434 3598 831 3658 bernationem
863 3595 1294 3664 exsequentem,
1320 3605 1437 3643 una
1467 3601 1599 3640 cum
1639 3582 1803 3656 galea
1833 3581 2081 3651 superba

437 3693 493 3748 et
525 3687 721 3744 habilu
753 3682 1084 3755 magniﬁco,
1125 3680 1444 3748 dextraque
1491 3690 1667 3747 grave
1717 3671 1998 3744 quiddam
2029 3674 2085 3725 et

437 3777 698 3836 terribile
743 3772 1006 3840 minanti,
1061 3785 1207 3842 equo
1247 3767 1425 3824 etiam
1470 3761 1684 3836 ingenti
1738 3762 1975 3818 naribus
2032 3766 2086 3813 et

439 3867 671 3926 fremitu
704 3864 818 3918 vim
853 3861 1024 3935 plane
1054 3859 1330 3932 spirante,
1355 3855 1504 3928 juba
1545 3868 1777 3926 quoque
1831 3867 1932 3922 per
1981 3867 2084 3904 an-

442 3974 566 4014 ram
597 3957 852 4020 ludente,
876 3957 932 4006 et
953 3952 1121 4021 juxta
1155 3947 1523 4004 Homericum
1562 3959 1800 4014 equum,
1834 3941 1890 3996 in
1941 3940 2080 3994 sub—

2479 3302 2503 3322 ﬁ

2189 3313 2441 3386 σφαῖραν,
2477 3302 2546 3359 δι’
2576 3307 2650 3359 ὧν
2681 3306 2708 3360 ὁ
2737 3303 2982 3376 πλάστης
3033 3302 3235 3374 ἐδήλου
3283 3311 3388 3381 γῆν
3439 3325 3496 3360 τε
3545 3303 3688 3375 αὐτῷ
3730 3307 3811 3356 1:5-

2188 3419 2282 3452 σαν
2334 3396 2421 3450 καὶ
2483 3393 2754 3450 θάλασσαν
2804 3399 2882 3466 τῷ
2929 3400 3144 3468 σταυρῷ
3202 3391 3598 3460 δεδουλῶσθαι,
3642 3390 3810 3467 καταρο

2190 3485 2562 3561 ῥαθυμήσαντ’
2593 3485 2740 3539 ἐᾶσαι
2795 3485 2889 3552 τὴν
2941 3483 3145 3539 ἐκείνου
3187 3488 3350 3558 χεῖρα
3399 3480 3694 3557 διαφυγεῖν,
3737 3479 3807 3534 καὶ

2189 3583 2381 3634 τοῦτον
2437 3581 2714 3652 μηχαναῖς
2759 3597 2896 3630 τισιν
2942 3574 3254 3650 ἀμηχάνοις
3301 3575 3438 3629 καθᾶ
3486 3595 3594 3630 τινι
3632 3574 3810 3646 κέντρῳ

2189 3669 2280 3724 καὶ
2343 3669 2590 3742 μάστιγι,
2647 3671 2726 3738 τῷ
2787 3664 3006 3741 χρυσέῳ
3070 3666 3354 3739 μυωπίσας
3413 3666 3691 3740 σκήπτρῳ⁹
3741 3659 3810 3735 iis.

2193 3757 2455 3835 ῥωμὲνως
2503 3755 2802 3827 ἐξελαύνειν
2844 3757 2936 3811 τὸν
2982 3754 3182 3810 οἶκεῖον
3243 3752 3476 3830 δρόμον,
3506 3755 3598 3810 καὶ
3648 3770 3812 3807 συνιπ-

2192 3848 2448 3916 πάζεσθαι
2533 3849 2612 3918 τῷ
2680 3843 2850 3918 ἡλίῳ,
2911 3843 3152 3918 ἀκινήτῳ
3207 3846 3442 3916 κινήσει,
3509 3843 3587 3906 εἷς
3639 3842 3812 3898 αἰῶνας

2194 3933 2597 4011 παρεσκευάσω.

442 4048 564 4104 limi
597 4062 803 4117 campo
836 4042 1333 4108 lasciviente;aul
1364 4038 1560 4104 etiam,
1596 4035 1762 4106 juxta
1803 4037 2084 4102 Pegasum
2144 4029 2334 4093 illum,
2389 4027 2617 4082 volandi
2669 4025 3001 4098 opinionem
3063 4027 3368 4095 praebente,
3422 4042 3456 4080 a
3514 4031 3808 4095 temporum

442 4135 773 4195 inordinata
801 4128 1318 4188 circumvolutione
1345 4131 1402 4182 et
1433 4129 1596 4180 motu
1629 4121 1850 4178 ratione
1882 4135 2088 4190 parum
2148 4117 2372 4183 nitenti,
2424 4116 2592 4183 longa
2620 4119 2675 4170 et
2714 4115 2992 4170 coiitinua
3039 4115 3186 4168 aeris
3239 4113 3453 4185 injuria
3515 4113 3589 4167 ita
3622 4107 3808 4183 percul-

443 4244 600 4296 sum,
632 4229 698 4280 ut
729 4241 857 4296 quas
887 4222 1182 4279 continere
1239 4218 1402 4274 visus
1461 4219 1664 4274 fuerat,
1716 4226 1945 4267 crucem
1997 4207 2253 4263 videlicet
2314 4214 2367 4260 et
2423 4207 2644 4270 urbem,
2694 4204 2908 4277 quibus
2968 4202 3282 4260 statuarius
3333 4209 3546 4258 terram
3609 4210 3806 4256 omnem

444 4326 498 4374 et
531 4330 687 4371 mare
721 4315 911 4385 ipsum
973 4327 1070 4381 per
1125 4325 1353 4364 crucem
1403 4305 1452 4360 ei
1515 4302 1841 4372 subjectum
1891 4315 2012 4354 esse
2045 4297 2414 4360 indicaverat,
2450 4310 2518 4350 ea
2570 4296 2891 4349 cessatione
2924 4293 3131 4364 ignava
3195 4309 3226 4348 e
3283 4309 3459 4347 manu
3517 4292 3640 4362 ejus
3683 4283 3805 4343 exci-

446 4406 632 4464 derint
666 4423 679 4460 :
713 4380 770 4459 et
800 4380 984 4471 hunc,
1011 4401 1271 4470 inquam,
1304 4395 1546 4452 artiﬁcio
1579 4392 1832 4464 quodam
1885 4386 2228 4451 incredibili,
2279 4385 2515 4458 perinde
2555 4388 2726 4454 atque
2773 4385 3026 4455 quoiam
3077 4381 3311 4438 stimulo
3353 4386 3410 4437 et
3457 4380 3694 4447 ﬂagello,
3735 4391 3808 4429 au-

447 4514 543 4554 reo
575 4500 796 4566 sceptro
847 4491 1130 4558 excitans,
1179 4493 1244 4542 ut
1295 4487 1512 4542 fortiter
1568 4497 1800 4539 cursum
1841 4495 2013 4534 suum
2057 4482 2272 4548 ngeret,
2335 4480 2391 4530 et
2437 4490 2550 4528 una
2599 4490 2728 4530 cum
2769 4471 2908 4542 solo,
2951 4467 3233 4528 immobili
3298 4477 3478 4540 metu,
3529 4474 3585 4524 in
3632 4465 3808 4537 sempi-

447 4593 680 4645 ternum
712 4580 1120 4657 perequitaret,
1155 4576 1494 4650 procurasti.

521 4678 613 4733 17
678 4675 785 4732 Sed
844 4675 892 4730 si
940 4677 1136 4736 exacte
1189 4667 1450 4725 oratione
1508 4662 1772 4736 persequi
1828 4674 2086 4731 pergam,
2121 4659 2164 4722 Ι)

449 4765 801 4840 quibusnam
836 4760 1064 4834 templis
1115 4767 1438 4830 temporum
1467 4754 1686 4824 injuria
1734 4751 1962 4806 ruinam
1986 4747 2092 4801 mi-

451 4836 729 4914 nantibus
751 4852 999 4925 aliisque
1022 4849 1271 4923 publicis
1302 4846 1598 4918 operibus,
1619 4847 1788 4914 atque
1813 4840 1870 4896 in
1889 4836 2092 4912 primis

451 4946 616 5002 urbis
655 4943 842 5016 ipsius
873 4941 1180 5008 mmnibus,
1213 4955 1339 5010 quas
1390 4932 1766 4990 circumcirca
1804 4946 1952 4996 eam,
2005 4928 2094 4983 in-

453 5034 864 5106 vestigantium
900 5030 1378 5100 modo,ciugunt,
1421 5031 1478 5081 et
1515 5040 1582 5082 ex
1631 5021 1800 5078 senili
1862 5021 1978 5076 situ
2024 5019 2091 5073 ad

454 5127 866 5198 pubescentem
892 5123 1188 5194 juventam
1217 5124 1506 5186 revocant,
1535 5112 1717 5169 muris
1761 5108 2095 5168 adamanti-

456 5216 548 5274 uis
580 5212 754 5272 rob’ur
787 5213 1016 5268 firmum
1048 5209 1349 5282 adjeceris,
1383 5213 1614 5278 tempus
1659 5220 1750 5259 me
1779 5203 1832 5258 id
1887 5215 2097 5255 memo-

457 5311 685 5362 rantem
713 5304 1013 5360 destituet.
1046 5300 1328 5357 Caeterum
1363 5297 1654 5354 veritatem
1714 5292 1900 5348 verbis
1953 5289 2098 5346 meis

461 5399 716 5452 astruere
748 5400 991 5467 possunt
1009 5399 1256 5461 utraque
1269 5383 1838 5458 sacraapostolorum
1861 5379 2101 5452 templa,

536 5585 614 5670 (1)
645 5584 992 5670 instauratio
1025 5587 1230 5670 statuae
1258 5575 1945 5670 equestrianoustantini
1975 5575 2106 5657 ,Μει-

464 5649 800 5732 ειιῖ,ὐὶιοια
831 5674 1006 5714 manu
1038 5655 1277 5727 globum
1310 5649 1441 5710 cum
1481 5652 1655 5709 inﬁxo
1718 5649 1909 5707 crucis
1939 5649 2105 5720 signo

2271 4651 2444 4709 Ἀλλά
2503 4672 2594 4723 μοι
2666 4651 2796 4725 πρὸς
2867 4649 3062 4705 λεπτὸν
3140 4653 3217 4721 τῷ
3286 4648 3438 4724 λόγῳ
3497 4645 3809 4724 ἐπέρχεσθαι,

2200 4742 2350 4804 ὅσοις
2385 4741 2478 4815 μὶν
2509 4745 2614 4794 τῶν
2643 4745 2779 4796 νεῶν
2831 4739 3014 4814 χρόνῳ
3064 4741 3352 4810 πονήσασι,
3385 4738 3476 4792 καὶ
3527 4735 3708 4795 ἄλλοις
3734 4729 3810 4799 δη-

2207 4835 2418 4910 μοσίοις
2467 4831 2666 4908 ἔργοις,
2705 4834 2792 4887 καὶ
2843 4834 2946 4906 πρὸ
3007 4831 3216 4887 πάντων
3274 4835 3354 4902 τῷ
3409 4825 3682 4904 περιϐόλῳ
3724 4829 3805 4890 τῆς

2201 4923 2525 4994 πόλειυς,τὸ
2581 4924 2774 4998 κράτος
2834 4921 2892 4976 ἐκ
2929 4925 3132 4996 τειχῶν
3180 4917 3555 4993 ἀδαμαντίνων
3596 4909 3808 4991 περιεθὰ-

2205 5013 2328 5083 λου,
2361 5013 2547 5086 ἄριστα
2586 5013 2673 5068 καὶ
2733 5013 2805 5072 ὡς
2860 5011 3039 5090 χρεών
3097 5030 3162 5086 γε
3213 5009 3277 5077 ἦν
3328 5007 3803 5087 ὲξασφαλισάμενος,

2205 5106 2234 5160 ’ὁ
2265 5104 2350 5158 καὶ
2403 5100 2560 5158 δίεισι
2609 5099 2796 5173 κύκλῳ
2840 5103 2938 5170 τὴν
2991 5099 3153 5155 πόλιν
3187 5097 3524 5174 ἰχνηλατσῦν
3554 5096 3803 5166 νεάζουσαν

2207 5191 2367 5264 δῆθεν
2417 5192 2506 5247 καὶ
2555 5187 2774 5261 ἡϐῶσαν
2824 5189 2883 5244 ἐκ
2930 5189 3296 5267 γεγηρακυίας
3327 5181 3801 5252 ἀποδεικνύον,ἐπι-

2208 5282 2382 5356 λείψει
2437 5303 2502 5355 με
2551 5281 2635 5337 καῖ
2697 5279 2896 5358 χρόνος
2955 5275 3398 5353 ἐκδιηγοόμενον.
3449 5271 3674 5352 Ἀψευδῆ
3729 5288 3801 5342 μοι

2209 5373 2298 5427 τὸν
2333 5371 2494 5446 λόγον
2529 5374 2786 5445 παριστᾷν
2827 5367 3047 5444 ἔχουσιν
3078 5365 3128 5423 οἳ
3156 5387 3213 5423 τε
3243 5369 3377 5423 θεῖοι
3410 5366 3500 5423 καὶ
3543 5365 3694 5438 ἄμρω
3716 5363 3800 5414 τῶν

2213 5575 2584 5631 continentis.
2634 5573 2788 5636 Quod
2839 5571 3169 5645 symbolum
3218 5576 3310 5630 est
3355 5571 3514 5628 orbis
3559 5575 3802 5626 terrarum

2215 5663 2316 5719 per
2343 5663 2577 5705 crucem
2611 5646 2838 5702 devicti.
