4100 6218
197 386 309 453 585

1665 385 2109 455 DEDICATIO.

3483 395 3600 456 586

196 520 512 577 ἀποστόλων
542 512 667 594 νεῲ,
701 520 789 573 καὶ
822 521 849 573 ὁ
889 522 968 589 τῷ
998 519 1235 591 οὐρανίῳ
1265 516 1462 574 κάλλει
1483 514 1831 589 ἀνθαμιλλώ-

1964 530 2005 576 at
2038 522 2138 578 Dei
2188 523 2478 581 Gentricis
2527 527 2674 581 aedes
2710 543 2842 584 cum
2888 528 3106 586 cmlesti
3161 530 3594 598 pulchritudine

201 630 360 683 μενος
416 608 565 669 οἶκος
622 615 724 672 τῆς
791 609 1162 681 Θεομήτορος,
1216 605 1524 684 Βλαχέονας
1582 604 1838 661 καλοῦσιν

198 698 350 754 αὐτὸν
383 698 434 752 οἱ
482 697 779 766 Βυζάντιοι,
813 695 903 751 καὶ
952 693 1150 771 σχεδὸν
1200 697 1252 750 οἱ
1300 702 1401 764 τῆς
1428 694 1644 756 πόλεως
1667 696 1836 751 ἅπαν-

196 784 410 851 τες,ἒπὶ
457 789 555 841 σοῦ
592 785 680 841 καί
726 783 814 839 διὰ
862 789 956 839 σοῦ
1007 784 1082 839 εἷς
1133 784 1362 861 μέγεθός
1404 804 1462 839 τε
1499 785 1591 838 καὶ
1628 783 1836 845 κάλλος

200 875 426 951 ἆρῥητον
476 874 798 950 ἐγερθέντες,
843 876 929 930 καὶ
977 875 1278 947 μονονουχὶ
1338 876 1519 949 φωνὴν
1572 872 1836 945 ἀφιέντες,

199 967 284 1022 καὶ
337 966 397 1020 τὸ
455 966 547 1020 σὸν
604 963 850 1041 θεοφιλὲς
907 971 1007 1030 τῆς
1062 984 1118 1018 τε
1157 964 1389 1025 πίστεως
1436 963 1527 1018 καὶ
1574 963 1746 1018 πόθου
1778 964 1838 1017 τὸ

201 1056 477 1135 ἀκραιφνὲς
530 1052 832 1128 διαρῥήόην
898 1055 1276 1128 κηρύττοντες,
1316 1054 1405 1107 καὶ
1456 1046 1534 1107 ἔτι
1577 1054 1840 1126 κηρύξον-

199 1166 300 1208 τες.
334 1147 419 1202 Ἐν
471 1146 557 1204 οἷς
612 1145 777 1199 ἅπασι
827 1143 1095 1217 θαυμάσοι
1149 1142 1243 1215 μέν
1294 1164 1375 1204 τις
1422 1144 1485 1197 τὸ
1525 1143 1721 1218 ἐσαγαν
1755 1162 1839 1196 σοι

203 1231 617 1308 μεγαλόψυχον,
646 1233 737 1285 καὶ
766 1232 831 1285 τὸ
858 1238 959 1299 τῆς
998 1228 1240 1300 δαπάνης
1291 1231 1548 1307 ἄφθονον,
1603 1228 1841 1301 μάλιστα

202 1320 246 1378 δ’
273 1322 323 1377 ὲν
354 1321 595 1395 τοσαύτῃ
625 1320 919 1399 φιλοτιμίᾳ
957 1320 1020 1373 τὸ
1067 1317 1398 1394 ἀφιλότιμον
1448 1318 1540 1372 καὶ
1589 1318 1842 1389 ἀκόμπα-

200 1432 334 1469 στον.
394 1410 548 1466 Ἐνὸν
608 1409 714 1485 γὰρ
762 1406 875 1480 ἰδίᾳ
927 1408 1202 1481 πράττειν,
1268 1408 1342 1469 ὡς
1400 1408 1492 1462 καὶ
1576 1407 1840 1484 ὑπερφυὶς

204 1499 370 1556 δοκεῖν
417 1496 674 1561 ἕκαστον,
722 1496 783 1553 σὺ
824 1496 881 1552 δὲ
937 1499 998 1552 τὸ
1043 1495 1213 1552 καλὸν
1262 1501 1339 1569 τῷ
1368 1497 1521 1552 πάντ’
1553 1493 1720 1551 εἷδότι
1751 1495 1841 1550 καὶ

205 1590 273 1651 εἷς
314 1590 479 1664 βάθος
533 1586 759 1662 καρδίας
808 1588 1002 1660 ὁρῶντι
1052 1586 1340 1655 ἀνατιθεὶς,
1386 1586 1469 1640 ἐπ’
1516 1583 1703 1641 ἄλλων
1755 1584 1843 1654 ἕρ-

202 1700 311 1755 γοις
358 1677 577 1751 μᾶλλον
618 1680 681 1733 τὸ
730 1676 1026 1755 φιλότιμον
1070 1674 1328 1741 ἐωνοῖς,
1369 1677 1459 1729 τὸν
1504 1676 1846 1751 ὑποτυφόμε-

202 1790 285 1825 νον
327 1766 569 1824 ὶντεῦθεν
616 1767 797 1841 ἠρέμα
824 1787 1013 1844 τυφον,
1045 1765 1198 1838 οἶμαί
1232 1786 1361 1835 που,
1393 1766 1682 1837 σοφώτατα
1706 1763 1844 1819 διω-

202 1858 473 1930 θούμενος.
512 1857 615 1913 Καὶ
663 1859 764 1932 γὰρ
816 1853 863 1910 εἵ
907 1856 991 1919 τίς
1020 1876 1117 1909 σου
1162 1856 1229 1910 τὰ
1265 1854 1403 1909 κατὰ
1443 1856 1606 1929 μέρος
1640 1854 1794 1929 εἱργα
1828 1873 1840 1885 ·

207 1950 360 2024 σμὲντ
413 1953 536 2009 τοῖς
591 1946 863 2010 τοιούτοις
921 1946 995 2009 είς
1058 1946 1114 2001 ἓν
1184 1944 1477 2019 ἀθροίσειε,
1525 1945 1729 2005 πάντας
1795 1942 1847 1998 ἐν

210 2036 433 2110 δευτέρῳ
466 2040 652 2107 θήσοι,
684 2037 806 2091 ὅσοι
846 2034 913 2101 δὴ
958 2035 1178 2096 τούτοις
1214 2035 1279 2089 τὸ
1308 2034 1603 2111 φιλότιμον
1639 2032 1845 2089 ἐπεδεί-

211 2130 372 2200 ξαντο.
405 2127 469 2183 Εἰ
503 2124 565 2182 δὲ
596 2127 713 2201 χρή
766 2125 855 2179 καί
898 2146 950 2180 τι
993 2122 1192 2197 δεῖγμα
1243 2130 1344 2191 τῆς
1392 2129 1491 2191 σῆς
1540 2124 1849 2197 μεγαλοψυ-

210 2216 325 2294 χίας
378 2216 577 2284 εἰπεῖν,
625 2216 852 2269 ἁνεῖσθω
901 2219 1060 2267 πᾶσιν
1115 2212 1191 2273 εἷς
1251 2211 1376 2285 ὄψιν
1418 2209 1598 2287 (λόγῳ
1644 2211 1748 2285 γὰρ
1784 2211 1848 2266 τὸ

208 2312 296 2373 τῆς
343 2302 709 2366 πολυτελείας
737 2301 828 2357 καὶ
880 2299 1121 2368 δαπάνης
1152 2299 1351 2376 φράσαι
1389 2300 1697 2373 ἀμήχανον)
1727 2299 1757 2353 ’ὀ
1789 2297 1849 2352 ἐκ

209 2398 296 2451 τοῦ
345 2396 699 2469 παρήκοντος
763 2391 1060 2465 ἀνάκτορον
1108 2391 1357 2465 ἤγειρας,
1405 2388 1556 2453 ὅπως
1600 2390 1695 2461 μὲν
1753 2388 1848 2442 θὲ-

208 2505 348 2551 σεως,
380 2482 539 2544 ὅπως
599 2480 656 2536 δὲ
704 2482 794 2538 καὶ
846 2480 1224 2555 στερρότητος,
1277 2480 1525 2538 κάλλους
1570 2482 1619 2533 τ’
1650 2479 1843 2551 ἐσάγαν

207 2572 511 2647 ἐπιμελοῦς,
569 2572 642 2631 ὡς
691 2570 834 2631 εἰκὸς
889 2565 1030 2643 ἔχει,
1060 2571 1207 2639 ἄξιον
1246 2568 1467 2639 ἀληθῶς
1495 2570 1594 2635 τῆς
1638 2574 1737 2635 σῆς
1758 2568 1845 2623 καὶ

207 2665 380 2742 φρενὸς
406 2664 497 2717 καὶ
549 2661 828 2735 γλώττης,
860 2660 995 2714 ε’ίπω
1049 2660 1095 2714 δ’
1125 2660 1212 2715 ὅτι
1241 2659 1332 2714 καὶ
1371 2660 1560 2737 χειρὸς
1600 2659 1689 2713 καὶ
1721 2680 1847 2712 συν-

209 2755 356 2814 έσεως
413 2750 581 2827 ἔργον
620 2770 631 2781 ·
690 2751 823 2821 πρὸς
876 2747 933 2802 δὲ
980 2750 1066 2803 καὶ
1118 2749 1176 2803 ’όν
1223 2750 1504 2822 τέσσαρσιν
1558 2745 1848 2818 ἀνίδρυσας

209 2842 369 2897 κίοσιν
417 2842 688 2912 ὕπαιθρον
737 2838 954 2916 ὄροφον,
988 2840 1162 2910 θὲαμα
1209 2838 1381 2914 λόγου
1430 2836 1647 2893 πολλοῦ
1676 2838 1849 2909 ἄξιον,

210 2932 276 2993 ὡς
329 2930 387 2985 ἃν
430 2931 524 2986 οἷά
572 2951 656 2992 τις
714 2930 927 3008 φύσεως
986 2927 1279 3003 ὑπερτέρας
1330 2927 1656 3002 προκόπτων
1715 2927 1851 2982 ἄνω-

214 3022 314 3089 θεν,
360 3022 511 3093 ἡμᾶς
563 3017 827 3092 διορῴης,
888 3018 1017 3073 Θεὸν
1076 3016 1169 3071 κάν
1225 3016 1403 3089 τούτῳ
1479 3017 1849 3090 μιμούμενος,

218 3107 375 3182 οἴκτῳ
431 3110 820 3188 χρηστότητος
885 3107 1191 3181 ἀνθρώποις
1249 3106 1695 3179 ἐπιμιγνύμενον.
1754 3106 1851 3161 Καὶ

215 3199 261 3253 τί
290 3199 385 3275 γὰρ
411 3198 631 3272 μᾶλλον
665 3192 771 3251 ἔδει
822 3196 1049 3272 βασιλέα
1097 3215 1154 3250 σε
1199 3194 1468 3270 βασιλέων
1520 3196 1683 3272 μέγαν
1716 3198 1847 3251 καθ-

1947 612 2219 681 certansi,
2278 630 2453 685 quam
2507 617 2769 688 Byzantii
2834 618 3189 676 Blacbernas
3243 626 3476 685 vocant,
3536 627 3598 677 et

1948 717 2128 772 prope
2157 704 2319 759 urbis
2343 703 2532 776 ipsius
2563 708 2698 761 fana
2717 709 2935 774 omnia,
2967 710 3079 764 sub
3102 713 3159 764 te
3210 715 3268 765 et
3312 726 3412 779 per
3439 715 3495 766 te
3524 712 3596 767 ad

1948 790 2295 845 immensam
2334 794 2793 864 magnitudinem
2825 801 2884 851 et
2935 797 3179 852 formam
3212 799 3480 865 excitata,
3538 803 3600 854 et

1946 883 2176 935 tantum
2212 896 2324 935 non
2356 880 2514 937 clara
2543 898 2677 938 voce
2707 884 3002 942 sincerum
3028 886 3593 954 desiderium,ﬁdem

1948 972 2005 1023 et
2052 983 2305 1023 amorem
2365 984 2502 1041 erga
2558 976 2743 1025 Deum
2798 978 2990 1038 tuum,
3039 991 3367 1045 preconum
3415 991 3591 1045 more,

1949 1056 2422 1128 deprasdicantia,
2457 1061 2943 1131 temporibusque
2980 1063 3193 1118 futuris
3234 1049 3593 1134 depradica-

1949 1150 2101 1200 tura.
2148 1146 2209 1200 In
2259 1147 2472 1216 quibus
2509 1149 2786 1205 omnibus
2835 1150 3041 1206 merito
3092 1153 3458 1207 admirationi
3514 1154 3594 1208 sit

1949 1234 2128 1288 animi
2159 1235 2241 1291 tui
2278 1237 2641 1306 magnitudo,
2673 1243 2971 1311 tantisque
2993 1240 3252 1311 pecunia
3280 1243 3546 1309 impensa
3577 1258 3591 1298 :

1953 1323 2272 1392 praesertim
2303 1340 2439 1380 cum
2476 1325 2531 1380 in
2565 1331 2720 1382 tanta
2760 1328 3162 1385 muniﬁcentia
3200 1334 3297 1385 tua
3337 1330 3589 1386 liberali-

1950 1413 2187 1483 tasipsa
2217 1430 2280 1469 se
2311 1431 2424 1469 non
2459 1416 2706 1484 proferat
2728 1421 2787 1472 et
2811 1418 3087 1474 venditat.
3138 1420 3277 1474 Cum
3340 1436 3594 1489 namque

1952 1508 2051 1556 tua
2072 1502 2197 1571 ipse
2218 1517 2411 1572 opera,
2439 1504 2522 1558 ita
2562 1512 2627 1559 ut
2674 1505 2973 1573 quodlibet
3019 1506 3252 1562 illorum
3306 1508 3596 1565 excellen—

1955 1590 2254 1646 tissimum
2285 1596 2459 1659 esset,
2516 1598 2810 1649 exstruere
2844 1611 3042 1665 posses
3093 1597 3351 1652 maluisti
3401 1603 3596 1655 tamen

1954 1679 2265 1736 honestum
2326 1682 2545 1737 factum
2574 1688 2725 1749 tum,
2766 1684 2817 1739 ei
2866 1685 2962 1755 qui
3013 1688 3210 1741 omnia
3249 1687 3437 1741 cernit
3501 1690 3602 1742 in-

1958 1768 2245 1839 timosque
2283 1771 2544 1825 cordium
2590 1787 2854 1828 recessus
2903 1775 3201 1845 perspicit,
3232 1791 3600 1840 consecrans,

1955 1858 2017 1916 in
2047 1858 2294 1915 aliorum
2325 1859 2598 1930 operibus
2625 1861 3028 1919 restaurandis
3056 1863 3433 1936 magniﬁcam
3462 1863 3609 1921 libe-

1955 1947 2243 2003 ralitatem
2276 1947 2610 2015 declarare;
2654 1951 3105 2008 subnascentem
3146 1953 3281 2008 inde
3322 1951 3596 2017 paulatim

1959 2037 2171 2092 fastum
2220 2044 2274 2092 et
2312 2042 2626 2105 tumorem,
2659 2044 2722 2093 ut
2756 2040 3027 2110 equidem
3078 2046 3242 2112 puto,
3275 2042 3599 2111 sapientis-

1956 2124 2106 2182 sime
2135 2126 2534 2197 supprimens.
2568 2127 2795 2183 Etenim
2841 2128 2890 2185 si
2924 2130 3059 2200 quis
3098 2145 3202 2201 per
3228 2135 3423 2200 partes
3462 2147 3602 2187 suae

1957 2214 2255 2286 sigillatim
2295 2231 2428 2286 quas
2481 2216 2542 2271 in
2600 2218 2884 2287 ejusmodi
2942 2221 3255 2276 structuris
3305 2220 3596 2290 perfecisti

1956 2320 2131 2376 opera
2161 2306 2218 2361 in
2253 2321 2434 2361 unum
2465 2307 2769 2362 cumulum
2830 2313 3125 2378 congerat.
3183 2325 3387 2367 omnes
3429 2309 3599 2381 longe

1959 2400 2091 2465 post
2123 2402 2174 2450 te
2205 2394 2523 2464 relinques,
2549 2395 2649 2466 qui
2695 2397 3155 2453 muniﬁcentiam
3190 2414 3360 2454 suam
3422 2399 3479 2454 in
3518 2400 3601 2455 eis

1958 2484 2353 2539 ostenderunt.
2389 2484 2547 2547 Quod
2586 2487 2631 2539 si
2663 2485 2955 2557 specimen
3003 2486 3234 2558 aliquod
3297 2489 3607 2559 magnani-

1961 2571 2182 2627 mitatis
2205 2579 2317 2627 tua:
2361 2574 2435 2626 sit
2484 2573 2887 2640 indicandum,
2948 2576 3004 2629 in
3051 2582 3430 2647 conspectum
3477 2593 3604 2632 om-

1958 2660 2117 2716 nium
2170 2661 2497 2731 proferatur
2534 2661 2816 2729 (oratione
2869 2664 3026 2719 enim
3085 2666 3484 2734 praestantiam
3545 2670 3603 2720 et

1960 2750 2290 2817 impensam
2340 2750 2688 2806 immensam
2720 2752 3009 2821 explicare
3041 2768 3150 2808 non
3196 2755 3309 2825 est)
3338 2754 3496 2825 regia
3514 2769 3600 2822 ea,

1963 2852 2130 2909 quam
2156 2854 2258 2907 pro
2287 2854 2355 2894 eo
2385 2843 2561 2910 atque
2609 2840 2736 2896 ﬁeri
2776 2842 3030 2897 maxime
3059 2841 3246 2912 potuit
3273 2841 3599 2903 ediﬂcaeti.

1963 2932 2028 2984 ut
2055 2928 2280 2986 scilicet
2314 2928 2415 2985 illa
2432 2936 2490 2984 et
2518 2928 2628 2985 loci
2663 2929 2852 3001 ipsius
2886 2930 3007 2987 situ
3037 2938 3097 2987 et
3131 2930 3312 2987 solida
3337 2932 3615 2988 ﬁrmitate

1962 3034 2068 3075 nec
2116 3028 2230 3075 non
2259 3024 2460 3077 exacta
2486 3018 2942 3090 pulchritudine,
2966 3021 3049 3076 ita
3078 3026 3145 3077 ut
3159 3022 3451 3089 convenit,
3478 3038 3617 3077 con-

1961 3108 2162 3178 spicua
2192 3107 2269 3163 sit
2301 3128 2315 3175 ;
2349 3109 2615 3179 dignum,
2650 3124 2754 3164 nec
2785 3108 3040 3178 hercule,
3075 3120 3267 3166 mente
3298 3118 3351 3165 et
3383 3109 3608 3180 lingua,

1963 3194 2152 3251 dicam
2213 3212 2444 3267 quoque
2477 3213 2650 3252 manu
2677 3203 2736 3254 et
2766 3198 3074 3267 prudentia
3121 3203 3240 3262 tua.
3293 3216 3466 3269 opus.
3524 3200 3613 3255 Ad

216 3265 481 3356 εστηκότα,
516 3287 551 3355 ἢ
606 3285 697 3340 τὸν
750 3282 1025 3360 βασίλειον
1073 3284 1218 3337 οἷκον
1268 3280 1412 3337 τόνδ’
1443 3282 1843 3353 ἀναστῆσαι,ὂν

1964 3285 2078 3341 ιιαο
2107 3290 2163 3342 et
2187 3265 2620 3357 quod‘quatuor
2647 3265 2938 3344 columnis
2966 3287 3221 3345 fundasti
3243 3293 3302 3343 et
3329 3265 3606 3361 tanquam

222 3374 274 3429 ού
306 3375 383 3429 σοὶ
410 3377 629 3435 πάντως
664 3374 698 3442 ἢ
747 3378 908 3428 πᾶσιν
959 3374 1096 3443 ἡμῖν
1142 3368 1370 3444 ἤγειρας
1417 3368 1573 3446 ἔργον
1608 3372 1668 3425 οὐ
1726 3393 1849 3428 σιω-

219 3470 316 3533 πῆς
358 3463 502 3536 ἄξιον
536 3484 549 3496 ’
590 3461 808 3537 μᾶλλον
866 3458 925 3516 δὲ
982 3463 1071 3516 καὶ
1118 3465 1268 3536 σιγᾷν
1314 3460 1599 3536 ἐπιτρέπον
1644 3467 1726 3532 τῷ
1754 3466 1851 3518 τοῦ

223 3553 479 3624 θαύματος
515 3546 943 3626 ὑπερϐάλλοντι,
974 3552 1059 3606 καὶ
1084 3555 1203 3611 ταῖς
1232 3554 1330 3605 τοῦ
1370 3549 1610 3613 κάλλους
1658 3551 1852 3622 ἀστρα-

223 3647 335 3703 παῖς
375 3643 690 3716 ἁπανταχοῦ
719 3641 856 3713 πρὸς
907 3640 1076 3714 τάχος
1125 3638 1252 3693 ὅσον
1294 3635 1672 3708 διεκπηδῶσαν
1706 3659 1721 3705 ;
1754 3647 1854 3696 Με-

227 3728 353 3808 γίθει
387 3733 479 3802 μὶν
523 3732 627 3806 γὰρ
659 3732 791 3806 ὑπὲρ
836 3729 964 3792 τοὺς
1014 3729 1261 3793 πολλούς
1286 3729 1420 3797 ἐστι,
1451 3728 1644 3784 κάλλει
1679 3727 1736 3784 δὲ
1766 3728 1855 3784 καί

229 3821 529 3895 στερρότητι
584 3818 778 3896 σχεδὸν
832 3821 964 3895 ὑπὲρ
1023 3817 1283 3887 ἅπαντας,
1337 3820 1441 3874 ὑπὸ
1493 3819 1716 3893 μεγάλῳ
1763 3820 1852 3872 καὶ

228 3909 410 3984 πολλῷ
453 3933 534 3982 τῳ
583 3910 742 3987 cruri,
774 3905 852 3965 ἔτι
904 3906 960 3963 δὲ
993 3908 1283 3983 περιουσίᾳ
1320 3906 1523 3980 α’ίγλης
1553 3928 1855 3981 καταστρα-

227 4001 501 4074 πτόμενον,
564 3999 754 4054 πυλῶν
812 4021 871 4054 τε
930 4001 1117 4074 χάρισι
1174 3998 1263 4053 καὶ
1322 3997 1677 4072 προπυλαίων
1727 3999 1855 4056 τοὺς

230 4089 461 4146 ἱκάστοτε
525 4089 849 4165 προσιόντας
918 4088 1109 4142 ὡσανεὶ
1184 4091 1577 4161 προσυπαντῶν
1633 4108 1692 4143 τε
1745 4088 1859 4159 ἅμα

229 4177 561 4258 φιλοφρόνως
612 4180 700 4233 καὶ
752 4175 1091 4248 δεξιούμενον
1127 4196 1139 4208 ·
1174 4183 1289 4239 τοῖς
1337 4174 1383 4231 δ’
1428 4174 1577 4232 ἔνδον
1629 4175 1857 4251 δρόμοις

228 4269 309 4322 καὶ
361 4267 735 4343 περιδρόμοις,
770 4267 861 4328 οὓς
919 4267 1100 4320 πιστοί
1156 4286 1295 4327 τινες
1344 4266 1554 4342 γίγασιν
1600 4264 1857 4336 ἐοικότες,

234 4355 277 4411 ἰν
304 4358 488 4430 κόσμῳ
534 4356 593 4411 δὲ
631 4357 719 4411 καὶ
772 4358 1064 4435 σωφρόνων
1114 4355 1304 4432 ἐφεξῆς
1351 4356 1532 4429 ἠρέμα
1587 4353 1862 4425 διεστηκό-

233 4465 328 4517 τες,
359 4448 445 4501 ἀπ’
494 4446 765 4515 ἀλλήλων
798 4444 1241 4519 διατειχίζουσιν.
1274 4447 1592 4520 ἁπανταχοῦ
1632 4450 1859 4519 χωρεῖν,

235 4535 314 4589 καὶ
353 4536 443 4596 τὰς
492 4532 647 4610 ὄψεις
696 4534 871 4604 ἑστιᾶν
917 4535 1379 4607 προορεπόμενον.
1431 4536 1499 4588 Τὸ
1545 4531 1590 4587 δ’
1637 4533 1860 4610 ἐπίχαρι

1961 3375 2163 3431 tuleris
2200 3375 2445 3431 firmasti
2479 3376 2782 3443 solarium,
2819 3377 3052 3449 insigne
3084 3393 3323 3449 prorsus
3371 3382 3611 3448 specta—

1958 3464 2176 3532 culum,
2211 3472 2273 3519 ιιι
2309 3481 2378 3520 ex
2408 3466 2710 3533 superiore
2753 3482 2822 3522 eo
2879 3466 3027 3534 loco,
3079 3472 3360 3540 tanquam
3412 3467 3604 3523 subli-

1965 3554 2164 3609 mioris
2223 3553 2530 3620 cujusdam
2579 3561 2795 3610 natura:
2852 3556 2948 3625 qui
2992 3556 3173 3626 spiam
3224 3555 3605 3627 prospiciens,

1962 3659 2070 3698 nos
2102 3643 2400 3714 respicias:
2436 3642 2617 3699 Deum
2641 3659 2872 3715 quoque
2904 3644 3010 3701 bac
3040 3645 3098 3699 in
3132 3650 3294 3715 parte
3322 3645 3605 3713 imitatus,

1967 3748 2067 3800 pro
2098 3730 2495 3787 misericordia
2520 3736 2576 3788 et
2600 3733 2862 3789 bonitate
2890 3749 2999 3788 sua
3038 3733 3374 3790 hominibus
3404 3750 3467 3791 se
3490 3733 3604 3791 im-

1968 3823 2326 3875 miscentcm.
2370 3819 2473 3877 I8
2504 3821 2648 3876 Nam
2682 3823 2822 3888 quid
2864 3823 3051 3893 magis
3086 3822 3485 3886 conveniebat.
3525 3827 3604 3888 te.

1964 3910 2059 3979 qui
2095 3924 2342 3981 magnus
2372 3910 2700 3979 principum
2731 3910 2982 3967 aliorum
3007 3910 3278 3981 princeps
3309 3926 3393 3976 es,
3432 3927 3616 3983 quam

1967 4000 2184 4068 regiam
2218 3998 2372 4054 hanc
2402 4000 2644 4057 domum
2698 4005 3015 4067 exstruere,
3049 4017 3222 4072 quam
3268 4007 3331 4056 tu
3382 4001 3619 4073 quidem

1968 4104 2081 4144 non
2104 4086 2204 4142 tibi
2241 4090 2429 4158 magis
2457 4104 2634 4158 quam
2670 4089 2837 4146 nobis
2876 4090 3154 4146 omnibus
3195 4106 3437 4160 prorsus
3466 4092 3621 4147 exci-

1969 4176 2127 4243 tasti,
2160 4193 2306 4247 opus
2339 4177 2583 4235 minime
2604 4177 2830 4234 silentio
2851 4179 3098 4250 dignum
3133 4196 3149 4236 :
3184 4180 3301 4236 imo
3346 4182 3500 4251 quod
3532 4180 3622 4237 si-

1971 4266 2212 4322 lentium
2245 4266 2435 4337 potius
2494 4272 2727 4338 propter
2765 4268 3175 4329 admirationis
3219 4268 3619 4326 excellentiam

1972 4355 2358 4421 mandaverit,
2379 4361 2436 4411 et
2466 4356 2916 4425 pulchritudinis
2966 4358 3187 4427 fulgore
3234 4374 3409 4430 quam
3440 4358 3629 4415 celer-

1973 4445 2117 4501 rime
2146 4444 2272 4499 loca
2296 4445 2495 4500 omnia
2528 4447 2845 4515 pervaserit
2871 4448 2899 4501 ?
2942 4446 3343 4517 Magnitudine
3391 4448 3623 4517 quidem

1974 4532 2116 4588 illud
2150 4550 2328 4605 supra
2361 4533 2571 4599 multa,
2608 4537 2791 4592 forma
2820 4541 3019 4593 autem
3075 4542 3135 4592 et
3182 4536 3456 4592 ﬁrmitate
3513 4536 3633 4592 fere

236 4629 332 4680 τῶν
388 4626 683 4700 μαρμάςων
730 4624 825 4679 καὶ
867 4617 1114 4692 στίλϐον,
1155 4623 1188 4677 ἃ
1234 4624 1319 4677 καὶ
1373 4622 1424 4685 ἐς
1477 4624 1666 4697 τρίχα,
1699 4626 1760 4678 τὸ
1793 4621 1852 4689 δή

1972 4638 2150 4690 supra
2189 4623 2389 4679 omnia
2417 4632 2521 4688 est,
2554 4623 2777 4695 ingenti
2812 4629 2867 4680 et
2909 4623 3095 4683 multa
3142 4624 3272 4680 luce
3316 4623 3623 4679 abundan-

239 4713 539 4787 λεγόμενον,
582 4713 857 4787 ἥρμοσται
936 4713 1029 4772 τάς
1084 4733 1142 4766 τε
1200 4713 1394 4781 ζώνας,
1427 4713 1483 4765 αἳ
1532 4717 1634 4766 τοῦ
1670 4713 1864 4775 παντὸς

239 4800 388 4878 ἔργου
444 4798 851 4877 προϐέϐληνταί
908 4822 963 4855 τε
1022 4802 1163 4872 ὁμοῦ
1230 4800 1319 4855 καὶ
1379 4801 1861 4875 συνεξυφαίνονται,

243 4896 348 4954 πῶς
376 4892 432 4946 ἅν
463 4915 547 4954 τις
578 4890 723 4947 ε’ίποι
762 4911 775 4957 ;
809 4893 875 4946 "A
907 4912 963 4945 τε
1011 4894 1091 4960 τῷ
1137 4888 1319 4964 ἐδὶφει
1370 4891 1729 4962 ὑπέστρωται,
1783 4891 1871 4946 καὶ

245 4980 422 5053 ἄπερό
482 4982 703 5054 σύμπας
759 4985 871 5035 τῶν
928 4981 1135 5053 τοίχων
1196 4984 1403 5055 χῶρος,
1439 4980 1528 5033 οἶά
1557 5000 1608 5033 τι
1667 4980 1875 5035 πέπλον

248 5070 497 5132 ποικίλως
557 5070 872 5147 ἐστιγμένον
928 5069 1262 5143 ἀμπίσχεται
1312 5091 1325 5133 ς
1380 5069 1554 5140 Φαίης
1611 5069 1668 5124 ἂν
1721 5070 1874 5133 εὐθὺς

251 5154 389 5221 ἰδών,
422 5160 689 5215 θάλασσαν
751 5161 887 5215 εἶναι
938 5158 1264 5233 πραοτάτοις
1312 5159 1631 5234 ἁπανταχοῦ
1672 5157 1871 5213 ὑποκυο

253 5245 565 5320 μαινομένην
597 5255 712 5309 τοῖς
741 5249 965 5321 κύμασι.
1000 5249 1086 5303 καὶ
1120 5248 1299 5324 ἠρέμα
1340 5268 1456 5307 πως
1495 5249 1824 5327 φρίσσουσαν
1859 5269 1869 5279 ·

253 5338 417 5409 ὥσπερ
447 5335 513 5405 δὴ
545 5340 631 5393 καὶ
667 5338 873 5394 πέπλον
932 5340 1219 5413 ὑπανὲχειν
1283 5341 1497 5404 θᾶττον,
1535 5341 1609 5407 μή
1658 5360 1708 5391 τι
1766 5344 1873 5393 τῶν

259 5422 413 5496 ὑγρῶν
456 5428 521 5480 τὰ
566 5425 844 5501 κράσπεδα
901 5427 1268 5482 ἐπισπάσειαν.
1319 5429 1392 5481 Τὰ
1441 5424 1487 5481 δ’
1536 5427 1667 5499 ὑπὲρ
1721 5447 1877 5503 κεφα-

256 5508 350 5581 λῆς
375 5515 547 5587 τούτῳ
576 5515 789 5591 ούρανῷ
818 5515 885 5571 ἃν
921 5516 1161 5578 εἰκάσαις
1192 5520 1272 5589 τῷ
1300 5514 1501 5589 πολλῷ
1528 5517 1618 5570 καὶ
1649 5536 1876 5570 κατακε-

258 5599 463 5673 χυμένῳ
494 5609 704 5679 χρυσῷ,
737 5606 828 5660 οἷά
875 5625 977 5658 τινι
1034 5604 1256 5678 αἰθερίῳ
1310 5607 1553 5677 χώματι,
1605 5604 1878 5678 περιλαμ-

259 5690 455 5765 πομένῳ
481 5697 564 5748 καὶ
595 5696 843 5751 ἀνθοῦντι
873 5694 1028 5768 πυρί.
1051 5694 1227 5750 Ἀλλὰ
1258 5699 1373 5756 πῶς
1406 5692 1466 5748 ἂν
1498 5693 1660 5769 λόγος
1691 5696 1878 5748 τοσοῦ-

555 5798 813 5858 ΡΑγιιοι..
862 5802 974 5860 Gn.
1021 5797 1245 5859 CXLV.

1976 4710 2172 4781 tiaque
2205 4712 2533 4781 splendoris
2565 4730 2898 4780 coruscans,
2944 4720 3364 4785 portarumque
3404 4718 3459 4767 et
3493 4727 3626 4781 pro-

1977 4800 2291 4869 pyleorum
2351 4817 2450 4856 seu
2486 4801 2896 4859 vestibulorum
2946 4802 3280 4859 amoenitate
3316 4810 3372 4859 et
3420 4798 3640 4870 gratia,

1984 4890 2450 4960 quandocunque
2505 4892 2937 4956 accedentibus,
3007 4891 3246 4946 obvians
3316 4889 3516 4955 simul,
3585 4891 3644 4943 et

1984 4992 2083 5033 eos
2144 4980 2392 5049 benigne
2431 4978 2744 5050 excipiens,
2793 4986 2851 5035 et
2896 4978 3399 5035 ambulationibus
3473 4976 3639 5032 intus

1986 5070 2162 5135 atque
2187 5068 2390 5138 xystis,
2416 5083 2561 5139 quos
2590 5067 2881 5124 columna
2911 5067 3174 5139 quaedam
3199 5065 3537 5138 gigantibus
3567 5066 3639 5120 si-

1989 5155 2158 5210 miles
2190 5156 2464 5211 decenter
2494 5163 2548 5212 et
2608 5156 2847 5228 pulchre
2877 5157 3028 5211 inter
3059 5171 3120 5212 se
3157 5155 3360 5211 ordine
3413 5154 3644 5209 distan-

1988 5252 2098 5311 tes,
2133 5246 2525 5318 distinguunt,
2549 5248 2719 5317 longe
2743 5246 2975 5317 lateque
3005 5246 3263 5318 spatiari,
3296 5253 3469 5315 atque
3500 5259 3635 5300 ocu-

1988 5336 2076 5391 los
2116 5352 2348 5404 pascere
2396 5338 2759 5407 permittens.
2810 5336 2985 5392 Porro
3025 5334 3337 5391 marmoris
3390 5333 3642 5405 gratiam

1987 5433 2040 5481 et
2071 5424 2376 5497 fulgorem,
2411 5426 2561 5495 quod
2592 5424 2766 5479 etiam
2828 5425 2885 5481 in
2945 5424 3133 5493 villos,
3184 5433 3243 5478 ut
3301 5424 3382 5478 ita
3436 5421 3649 5488 dicam,

1988 5516 2413 5572 conformatum
2448 5522 2554 5582 est,
2587 5519 2642 5570 et
2660 5530 2840 5571 zonas
2869 5532 2973 5571 seu
3028 5516 3345 5579 cincturas,
3379 5528 3526 5575 quas
3555 5517 3649 5567 to—

1988 5610 2113 5659 tum
2145 5620 2291 5673 opus
2324 5620 2438 5672 prs
2468 5618 2529 5658 se
2555 5606 2684 5671 fert,
2733 5603 2784 5657 ei
2815 5602 2990 5658 simul
3043 5603 3313 5669 intextas,
3356 5602 3647 5673 quomodo

1987 5694 2277 5765 quispiam
2308 5694 2463 5749 dicat
2490 5692 2517 5746 ‘I
2557 5692 2836 5751 Preterea
2865 5709 3017 5763 vero,
3050 5692 3205 5765 quod
3258 5691 3381 5746 solo
3435 5690 3643 5747 instra-

3251 5791 3323 5854 i9
