4100 6218
451 337 570 396 587

1753 337 1800 392 Ν
1809 333 2170 396 lCEPHORJ
2208 335 2566 399 CALLISTI

3735 341 3852 400 588

455 479 580 530 tum
611 479 718 541 est,
750 473 809 527 et
835 467 991 540 quod
1023 485 1158 538 pars
1188 483 1491 526 murorum
1522 469 1711 526 omnis
1733 469 1902 540 quasi
1924 468 2102 541 quod-

2247 487 2310 522 πον
2338 466 2496 544 ἔργον
2527 471 2728 544 χρόνου
2770 489 2828 525 τε
2857 471 2946 524 καὶ
2977 470 3144 526 πόνου
3171 469 3392 526 πολλοῦ
3423 469 3598 532 οὕτως
3628 469 3683 526 ἐν
3723 471 3856 544 βρα-

459 563 588 620 dam
647 558 882 634 peplum
915 557 1071 614 varie
1090 556 1434 616 distinctum
1473 559 1900 632 complectitur.
1940 563 2101 625 Quod

457 651 766 722 derepente
793 645 1020 716 videns,
1053 663 1210 703 mare
1259 647 1554 718 quoddam
1585 663 1714 704 esse
1745 648 1929 718 dicas,
1961 647 2106 704 leni-

457 739 570 794 bus
601 737 816 808 ubique
864 734 1263 792 intumescens
1293 736 1570 793 ﬂuctibus
1609 741 1666 793 et
1704 738 1918 794 sensim
1959 754 2106 810 quo-

458 825 774 884 dammodo
818 824 1206 882 horrescens:
1246 842 1430 899 usque
1473 827 1636 892 adeo,
1689 831 1752 882 ut
1798 827 2104 884 confestim

459 923 678 973 vestem
715 913 1031 984 subducas,
1062 931 1132 970 ne
1155 914 1389 971 ﬂmhria
1435 917 1564 985 ejus
1609 915 1853 971 humore
1881 915 2108 972 inficia-

462 1011 578 1063 tur.
609 1004 752 1060 Eam
783 1020 955 1076 porro
985 1008 1290 1060 structum
1319 1007 1542 1076 partem
1573 1020 1700 1076 qua
1731 1021 1908 1076 supra
1937 1010 2111 1078 caput

461 1100 573 1166 est,
607 1093 750 1151 celo
779 1092 892 1166 ipsi
925 1101 1154 1164 propter
1173 1092 1288 1149 late
1324 1097 1382 1148 et
1426 1093 1661 1164 copiose
1703 1093 1984 1150 diffusum
2005 1111 2110 1150 au-

462 1201 620 1254 rum,
649 1200 754 1240 nec
787 1198 901 1239 non
931 1181 1184 1238 aethereo
1217 1181 1390 1240 alicui
1434 1185 1670 1251 tractui,
1731 1183 1864 1254 igne
1920 1183 2102 1240 multo

463 1273 742 1332 relucenti
769 1277 946 1344 atque
975 1271 1306 1328 coruscanti
1347 1287 1670 1344 compares.
1717 1272 1934 1330 Verum
1966 1289 2110 1344 quo-

463 1367 636 1422 modo
666 1369 895 1420 tantum
925 1365 983 1418 et
1011 1367 1132 1418 tam
1165 1362 1321 1435 longi
1350 1363 1634 1435 temporis
1667 1368 1723 1420 et
1755 1362 1920 1418 multi
1951 1361 2101 1420 labo-

467 1455 547 1512 ris
585 1471 734 1526 opus
763 1451 952 1508 verbis
981 1459 1098 1508 tam
1139 1451 1386 1507 breviter
1425 1453 1768 1524 explicetur,
1799 1455 1954 1524 quod
2003 1468 2108 1508 ne-

467 1559 582 1618 que
611 1543 791 1599 oratio
825 1539 963 1612 ulla,
989 1556 1177 1614 neque
1207 1540 1428 1610 oculus,
1462 1543 1579 1598 imo
1611 1559 1800 1616 neque
1821 1562 1988 1604 mens
2015 1546 2116 1604 ali-

2215 561 2306 632 χεῖ
2335 559 2747 631 παραστήσειεν,
2779 557 2809 612 ’ὁ
2857 559 3024 628 μήτοι
3074 577 3138 632 γε
3185 559 3371 634 λόγος,
3406 558 3533 613 ἀλλ’
3562 557 3682 614 οὐδ’
3715 557 3860 631 δψις,

2221 643 2433 718 μᾶλλον
2467 643 2524 700 δὶ
2553 643 2679 702 οὐδὲ
2707 650 2835 708 νοῦς
2867 646 2957 701 καὶ
2989 650 3155 702 ταῦτα
3196 652 3314 712 τοῖς
3359 648 3632 710 τοιούτοις
3664 647 3867 722 ἐγγυμ.

2217 735 2513 807 νασάμενός
2557 735 2757 798 ἱκανῶς
2815 734 3251 809 παραλήψαιτος
3309 735 3469 808 Ἐμοὶ
3537 733 3586 790 δ’
3649 735 3865 809 ἀρκέσει

2215 827 2378 878 τοῦτο
2433 824 2597 895 μόνον
2647 823 2836 894 εἷπεῖν,
2875 825 2950 887 ὡς
2997 823 3224 879 πολλῶν
3264 825 3352 879 καὶ
3400 825 3636 900 ἀπείρων
3669 822 3865 900 σχεδὸν

2222 911 2512 988 βασιλείων
2563 913 2735 970 θ’ἰκων
2780 914 2832 970 έν
2877 919 2993 976 τοῖς
3043 917 3154 970 ἄνω
3186 913 3408 991 χρόνοις
3440 914 3758 992 φιλοτίμως
3789 913 3869 988 ἐξ·

2220 1001 2605 1077 εργασθέντων,
2670 1005 2824 1065 οὗτος
2878 1002 2956 1082 ἐφ’
3015 1005 3180 1059 ἅπασι
3231 1005 3437 1080 ψήφοις
3489 1004 3748 1072 ἀπάσαις,
3807 1005 3868 1059 τὸ

2220 1091 2286 1161 δὴ
2321 1091 2634 1170 λεγόμενον,
2664 1095 2798 1148 κατᾶ
2845 1095 3046 1155 παντὸς
3093 1097 3189 1148 τοῦ
3237 1094 3440 1168 χρόνου
3485 1094 3546 1170 τὸ
3594 1099 3868 1168 πρωτεῖον

2217 1168 2566 1256 κεκλήρωται
2617 1182 2848 1254 μεγέθει,
2881 1179 3096 1248 κάλλει,
3140 1168 3592 1256 στερῥότητι,τῷ
3642 1181 3871 1256 λελογι-

2219 1273 2402 1346 σμένῳ
2451 1272 2664 1345 ῥυθμῷ,
2701 1272 2790 1327 καὶ
2844 1275 2912 1344 τῇ
2961 1271 3378 1346 κεκομψευμένῃ
3408 1271 3647 1344 συνθήκῃ
3697 1275 3769 1343 τῇ
3815 1290 3873 1324 τε

2223 1363 2448 1442 ψηφίδι,
2495 1361 2584 1415 καὶ
2642 1365 2758 1423 τοῖς
2819 1361 2950 1434 ὑπὲρ
3015 1360 3186 1430 αὐτῆς
3226 1359 3509 1434 πλάσμασι
3565 1361 3657 1415 καὶ
3714 1361 3869 1432 φύσιν

2225 1452 2392 1520 αὐτὴν
2446 1451 2498 1504 έν
2559 1447 2792 1524 δευτέρῳ
2839 1450 3056 1518 τιθεῖσι,
3109 1448 3200 1503 καὶ
3259 1446 3454 1524 σχεδὸν
3513 1450 3736 1518 ἅπασιν,
3795 1451 3874 1511 οἷς

2222 1545 2468 1597 τοιοῦτον
2497 1539 2639 1601 εἰκὸς
2674 1536 3024 1614 ἆγλαίζεσθαι
3055 1543 3295 1610 τέμενος.

469 1651 606 1708 qua,
637 1633 763 1706 qua
785 1631 1022 1704 quidem
1052 1631 1109 1686 in
1131 1631 1418 1703 ejusmodi
1443 1633 1617 1688 rebus
1646 1634 1722 1690 sit
1767 1639 2095 1707 exercitata,
2142 1637 2286 1692 satis
2334 1631 2800 1705 complectatur?
2854 1631 2994 1687 Mihi
3052 1637 3206 1687 certe
3261 1647 3445 1688 unum
3498 1632 3639 1688 illud
3687 1632 3874 1689 dicere

469 1723 806 1782 suffecerit:
859 1721 1126 1794 quamvis
1185 1720 1380 1777 multa
1433 1723 1490 1776 et
1541 1722 1658 1778 fere
1713 1725 2172 1782 innumerabiles
2231 1724 2400 1796 regias
2441 1723 2586 1778 aulaa
2639 1720 3040 1791 superioribus
3092 1722 3459 1792 temporibus
3490 1736 3635 1776 sane
3695 1738 3871 1793 quam

471 1813 777 1871 ambitiose
799 1816 858 1868 et
891 1810 1191 1883 magniﬁce
1223 1810 1342 1866 sint
1365 1816 1734 1881 constructa,
1762 1815 1912 1871 hanc
1945 1824 2136 1871 tamen
2172 1814 2364 1886 ipsam
2396 1812 2546 1868 inter
2579 1827 2780 1868 omnes
2827 1814 3153 1880 temporum
3197 1811 3486 1877 omnium,
3521 1811 3792 1878 calculis,
3819 1815 3878 1867 ut

472 1905 550 1960 ita
607 1902 818 1970 dicam,
879 1901 1156 1956 omnibus
1223 1901 1444 1971 primas
1502 1902 1648 1958 ferre
1709 1904 2132 1977 magnitudine,
2188 1901 2645 1976 pulchritudine,
2706 1899 3098 1970 firmitateque
3153 1899 3572 1965 aedificationis,
3637 1906 3698 1956 et
3741 1916 3875 1956 con-

468 1991 726 2048 venienti
757 1990 1084 2061 rationique
1121 1991 1490 2062 respondenti
1536 1995 1738 2060 modo;
1776 1995 2083 2066 magniﬁca
2122 2009 2255 2049 vero
2295 1999 2465 2064 atque
2521 1991 2771 2062 superba
2826 1990 3352 2062 coagmentatione,
3404 1989 3860 2062 lapillorumque

469 2081 914 2146 incrustatione,
950 2079 1045 2134 I9
1077 2086 1253 2151 atque
1277 2081 1612 2138 eorumdem
1643 2083 1816 2139 variis
1865 2083 2086 2151 formis,
2141 2088 2198 2139 et
2254 2082 2428 2138 rebus
2478 2079 2593 2136 fere
2650 2079 2922 2134 omnibus
2989 2078 3203 2150 quibus
3263 2077 3570 2134 aediﬁcium
3639 2083 3867 2136 tantum

473 2170 740 2230 exornari
772 2185 1008 2241 aequum
1031 2173 1138 2236 est,
1171 2175 1442 2226 naturam
1474 2186 1707 2244 quoque
1730 2172 1910 2245 ipsam
1929 2188 2224 2245 superare.

549 2263 658 2319 Sed
691 2261 762 2317 de
796 2259 1072 2332 operibus
1127 2261 1215 2316 tui
1262 2260 1568 2320 hactenus.
1620 2263 1688 2318 Et
1744 2279 1876 2319 cum
1925 2269 2124 2319 tantus
2157 2270 2200 2334 Β

480 2352 747 2424 princeps
786 2349 888 2419 sis,
921 2349 1234 2419 imperator
1287 2348 1524 2420 Optime,
1584 2358 1756 2424 atque
1811 2367 1878 2407 eo
1925 2350 2118 2422 gloria;

481 2439 833 2514 perveneris,
911 2438 1146 2494 cuinam
1199 2443 1353 2494 recte
1411 2440 1657 2496 conferri
1699 2441 1942 2512 possis?
2003 2440 2120 2512 Ego

479 2529 717 2601 quidem
750 2527 1124 2584 Plutarchum
1164 2543 1399 2600 quoque
1454 2529 1644 2600 illum,
1704 2531 1805 2602 qui
1861 2530 2120 2586 virorum

481 2619 774 2675 clarorum
813 2615 1222 2672 collationibus
1267 2632 1517 2688 magnus
1560 2617 1692 2684 fuit,
1743 2617 2014 2687 arbitror,
2074 2617 2119 2672 si

482 2707 675 2765 adhuc
706 2710 1006 2778 superstes
1029 2708 1206 2774 esset,
1241 2721 1426 2776 opere
1458 2706 1707 2778 pretium
1740 2722 1801 2764 se
1831 2707 2120 2763 facturum

483 2812 608 2854 esse
637 2795 1107 2852 existimaturum
1139 2793 1343 2862 fuisse,
1375 2795 1427 2850 si
1453 2796 1647 2850 studio
1689 2811 1814 2862 suo,
1849 2795 1908 2850 in
1967 2795 2122 2866 quod

484 2903 588 2960 per
613 2886 794 2942 vitam
827 2901 1058 2940 omnem
1093 2883 1340 2940 libenter
1373 2884 1660 2954 incubuit,
1683 2885 2124 2956 supersedisset,

487 2993 554 3034 eo
584 2975 740 3048 quod
771 2973 1072 3043 idoneum,
1104 2989 1275 3045 quem
1309 2980 1497 3048 tecum
1535 2980 1909 3045 componeret
1951 2977 2125 3046 atque

491 3065 802 3129 conferret,
836 3078 950 3118 non
983 3062 1288 3118 inveniret.
1322 3065 1533 3118 Verum
1555 3065 1770 3120 Adamo
1801 3062 1884 3118 illi
1915 3071 1970 3120 et
1997 3062 2128 3118 Nom

488 3157 546 3210 et
577 3151 934 3219 Abrahamo,
967 3155 1241 3224 praeterea
1261 3151 1513 3223 Josepho
1553 3156 1612 3207 et
1637 3151 1770 3220 Job,
1804 3151 1996 3218 Mosae,
2027 3151 2128 3208 Jo-

489 3259 632 3311 eute,
663 3241 952 3308 Samsoni,
985 3239 1268 3308 Samueli,
1295 3239 1494 3296 D'avidi
1525 3251 1578 3296 et
1609 3241 1926 3308 Salomoni,
1950 3248 2008 3296 et
2029 3242 2128 3314 qui

489 3333 618 3402 ejus
666 3327 897 3402 generis
932 3328 1090 3384 fuere
1121 3327 1274 3397 aliis,
1313 3327 1560 3400 insuper
1598 3327 1744 3397 Cyro
1781 3327 1888 3398 illi,
1943 3328 2133 3396 Dario,

492 3420 836 3486 Alexandro,
867 3421 965 3473 aut
1000 3416 1131 3472 aliis
1188 3416 1552 3488 quibusdam,
1597 3416 1768 3474 Juliis
1820 3419 1994 3474 etiam
2022 3418 2134 3474 ior-

491 3515 644 3568 tasse
674 3516 728 3564 et
764 3507 1046 3580 Augustis
1097 3510 1156 3563 et
1207 3507 1528 3564 Caesaribus
1556 3507 1884 3574 comparari
1917 3523 2134 3579 posses.

493 3600 606 3658 Sed
650 3597 794 3654 satis
833 3599 1084 3664 constat,
1128 3599 1186 3651 te
1219 3594 1394 3666 hujus
1445 3595 1681 3667 quidem
1718 3595 2029 3668 imperium
2080 3597 2140 3653 in

496 3703 698 3746 omnes
762 3685 1009 3743 aliorum
1069 3695 1261 3741 autem
1313 3684 1524 3740 bonam
1596 3697 1782 3757 spem,
1842 3692 2014 3758 atque
2082 3687 2142 3742 in

497 3779 682 3835 Deum
715 3791 998 3843 amorem,
1034 3778 1372 3830 ceterorum
1405 3791 1538 3831 vero
1577 3775 2056 3846 moderationem,
2089 3782 2149 3832 et

495 3867 557 3925 in
589 3869 764 3924 rebus
795 3866 956 3922 duris
986 3864 1408 3933 constantiam;
1439 3864 1693 3937 alicujus
1725 3882 1895 3938 porro
1926 3867 2148 3922 fortitu-

497 3958 718 4024 dinem,
749 3954 1276 4028 zequanimitatem,
1318 3955 1824 4012 mansuetudinem
1865 3960 1921 4012 et
1964 3956 2149 4013 mode.

498 4047 671 4104 etiam
706 4062 722 4114 ;
755 4044 1007 4114 alicujus
1042 4043 1180 4100 item
1211 4043 1514 4116 sapientiai
1548 4045 1696 4113 vim;
1747 4060 1986 4117 prorsus
2017 4061 2150 4101 vero

499 4135 785 4201 omnium,
825 4149 953 4192 eain
1004 4149 1179 4205 quam
1240 4133 1597 4204 imperatori,
1641 4133 1891 4206 principi
1924 4133 2148 4206 populi-

505 4242 619 4300 que
650 4231 706 4282 et
737 4223 1072 4296 reipublicze
1111 4225 1573 4281 administratori
1621 4226 1919 4296 competit,
1967 4225 2151 4280 virtu-

507 4321 626 4372 tem
675 4313 931 4369 habere:
978 4313 1058 4368 ita
1108 4317 1175 4368 ut
1220 4312 1397 4368 veluti
1437 4314 1704 4386 quaedam
1727 4330 1897 4379 nova,
1957 4318 2151 4385 atque,

507 4409 573 4462 ut
601 4405 682 4460 ita
708 4403 924 4471 dicam,
957 4401 1329 4459 inimitabilia
1360 4403 1603 4458 mistura
1643 4403 1953 4474 imperium
1987 4408 2152 4459 tuum

507 4495 586 4552 sit
604 4491 1016 4550 constitutum:
1050 4491 1204 4562 quod
1238 4491 1496 4548 videlicet
1541 4491 1648 4549 hos
1691 4493 1928 4565 quidem
1987 4495 2156 4565 longe

508 4580 874 4658 preterieris,
908 4595 1038 4636 cum
1062 4581 1156 4636 his
1214 4584 1406 4638 autem
1436 4591 1619 4638 certes
1651 4599 1666 4636 :
1702 4599 1735 4638 a
1779 4582 1993 4654 quibus
2051 4599 2152 4638 au-

508 4678 625 4732 tem
659 4685 773 4728 non
805 4668 1044 4726 multam
1076 4669 1260 4738 absis,
1293 4671 1485 4727 dicere
1525 4688 1639 4728 non
1679 4671 1883 4728 habeo.
1946 4673 2154 4744 Atque,

512 4765 579 4819 ut
600 4758 852 4817 breviter
882 4759 1096 4831 dicam,
1127 4758 1414 4831 quidquid
1452 4762 1512 4816 in
1554 4760 1854 4833 quodlibet
1910 4761 2155 4816 istorum

515 4849 896 4924 precipiuum
935 4857 1103 4920 atque
1126 4847 1488 4920 praclarum,
1520 4851 1608 4906 vel
1639 4849 1740 4906 Dei
1789 4865 2029 4906 munere
2058 4849 2159 4905 da-

515 4946 668 5006 tum,
698 4941 788 4994 vel
823 4938 1150 5009 praestantis
1182 4947 1400 4994 naturae
1439 4937 1714 4994 beneﬁcio
1751 4943 2154 5011 comparatum

2305 2256 2478 2316 Ἀλλὰ
2516 2259 2583 2313 τά
2633 2257 2728 2330 μὲν
2781 2257 2902 2332 περῖ
2955 2261 3061 2311 τῶν
3104 2260 3210 2311 σῶν
3258 2256 3434 2335 ἔργων
3463 2257 3656 2330 ταύτᾳ.
3690 2262 3875 2313 Τοιοῦ-

2228 2371 2326 2410 τος
2349 2348 2407 2404 δὲ
2439 2347 2511 2403 ὢν
2544 2349 2633 2402 καὶ
2667 2347 2832 2416 οὕτω,
2865 2347 3137 2422 κράτιστε,
3169 2347 3333 2418 δόξης
3385 2346 3552 2426 ἔχων,
3585 2350 3728 2420 πρὸς
3766 2346 3876 2402 τίνα

2231 2436 2298 2508 δὴ
2349 2437 2438 2493 καὶ
2487 2438 2879 2512 προσηκόντως
2921 2432 3394 2512 παραϐληθείηςς
3445 2439 3621 2510 Οἶμαι
3673 2438 3777 2513 γὰρ
3821 2437 3874 2494 ἂν

2229 2529 2320 2583 καὶ
2373 2527 2728 2602 Πλούταρχον
2775 2525 2980 2581 ἐκεῖνον
3019 2527 3112 2580 τὸν
3163 2527 3288 2600 περῖ
3343 2527 3410 2581 τὰ
3455 2530 3688 2582 τοιαῦτα
3740 2524 3876 2600 μάλα

2233 2615 2424 2688 δεινὸν,
2457 2613 2606 2689 εῖπερ
2646 2613 2723 2670 ἔτι
2761 2615 2850 2670 καὶ
2897 2619 2986 2670 νῦν
3040 2621 3252 2690 περιῆν,
3286 2613 3564 2692 προῦργου
3607 2614 3670 2670 ἃν
3705 2619 3874 2671 θέσθαι

2233 2707 2313 2784 ἐφ’
2344 2706 2376 2762 ἃ
2407 2704 2495 2761 διὰ
2546 2705 2668 2780 βίου
2717 2704 2982 2760 κατέτεινε
3028 2705 3126 2773 τήν
3175 2705 3344 2782 φίλην
3386 2703 3632 2771 σπουδὴν
3672 2705 3728 2759 έν
3764 2702 3875 2759 δευ-

2233 2795 2375 2870 τέρῳ
2421 2795 2656 2861 τάττειν,
2712 2795 2787 2866 μὴ
2837 2792 2930 2848 τόν
2982 2813 3068 2848 σοι
3115 2791 3479 2866 παράλληλον
3527 2792 3876 2863 κατάλληλον

2235 2881 2378 2962 ἔχων
2413 2886 2608 2958 εὑρεῖν.
2643 2883 2800 2940 Ἀλλ’
2826 2881 3006 2955 ’Δδάμ
3049 2884 3139 2938 καὶ
3193 2888 3312 2939 Νῶε
3353 2884 3443 2939 καὶ
3491 2879 3767 2957 Ἀϐραάμ,
3804 2880 3873 2938 ἔτι

2238 2974 2296 3030 δὲ
2327 2976 2413 3030 καὶ
2446 2975 2648 3043 Ἰωσὴφ
2678 2973 2767 3028 καὶ
2805 2969 2956 3044 Ἰὼϐ,
3003 2978 3190 3029 Μωσεῖ
3231 2994 3286 3028 τε
3337 2973 3426 3028 καὶ
3483 2977 3699 3044 Ἰησοῦ,
3756 2973 3876 3046 πρὸς

2239 3062 2295 3120 δὲ
2320 3063 2562 3138 Σαμψών
2594 3083 2654 3118 τε
2682 3063 2769 3120 καὶ
2807 3061 3100 3134 Σαμουὴλ,
3135 3057 3304 3117 Δαϐίδ
3333 3083 3390 3117 τε
3419 3062 3509 3117 καὶ
3537 3060 3878 3134 Σολομῶντι,

2237 3155 2328 3209 καὶ
2385 3153 2502 3208 ὅσοι
2558 3151 2625 3221 δὴ
2681 3153 2798 3207 κατ’
2854 3149 3113 3220 ἐκείνους,
3171 3151 3309 3224 πρὸς
3365 3148 3421 3206 δὲ
3476 3151 3698 3213 τούτοις
3735 3150 3879 3224 Κύρῳ

2241 3245 2293 3322 γ’
2338 3242 2529 3314 ἐκείνῳ
2559 3241 2649 3296 καὶ
2714 3241 2922 3318 Δαρείῳ
2976 3241 3066 3296 καὶ
3127 3237 3486 3318 Ἀλεξάνδρῳ,
3517 3242 3552 3311 ἤ
3610 3263 3754 3297 τισιν
3799 3236 3881 3294 ἅλ-

2243 3332 2385 3402 λοις,
2419 3331 2676 3394 Ἰουλίοις
2718 3333 2865 3406 τάχα
2903 3331 2993 3386 καὶ
3051 3331 3391 3408 Δύγούστοις
3448 3332 3532 3386 καὶ
3577 3331 3878 3405 Καίσαρσιν.

2247 3421 2404 3479 Ἀλλ’
2431 3419 2666 3493 εὔδηλον
2721 3421 2795 3482 ὡς
2831 3425 2930 3476 τοῦ
2973 3421 3068 3494 μὲν
3115 3423 3214 3490 τὴν
3270 3423 3407 3476 κατὰ
3449 3422 3669 3476 πάντων
3699 3421 3879 3496 ἀρχὴν,

2249 3510 2434 3569 ἄλλων
2466 3509 2522 3566 δὲ
2551 3511 2614 3566 τὸ
2645 3506 2834 3566 εὔελπι
2878 3511 2969 3566 καὶ
3016 3509 3270 3586 φιλόθεον
3298 3529 3312 3542 ·
3347 3511 3543 3582 ἑτέρων
3571 3511 3636 3564 τὸ
3687 3513 3883 3588 σῶφρον

2253 3603 2342 3656 καὶ
2368 3602 2468 3669 τήν
2510 3599 2562 3656 ἒν
2615 3597 2816 3661 δεινοῖς
2863 3597 3144 3674 καρτερίαν
3175 3619 3188 3632 ·
3235 3596 3412 3654 ἄλλου
3441 3599 3503 3654 τὸ
3535 3597 3779 3672 ἀνδρεῖον
3804 3597 3878 3664 καὶ

2257 3690 2504 3759 ἐπιεικὲς,
2560 3689 2650 3743 καὶ
2709 3695 2899 3763 πρᾶυν,
2957 3690 3048 3743 καὶ
3107 3689 3346 3762 μέτριον,
3406 3689 3562 3766 χύμα
3611 3687 3670 3743 δὲ
3718 3685 3883 3763 σοφίας

2256 3777 2442 3852 ἑτέρου
2477 3798 2490 3810 ο
2525 3774 2694 3850 ἄρδην
2727 3774 2770 3832 δ’
2803 3777 3054 3831 ἁπάντων
3083 3776 3145 3830 τὸ
3189 3774 3472 3850 βασιλικόν
3497 3797 3553 3832 τε
3603 3777 3694 3830 καὶ
3740 3777 3881 3850 ἀρχιο

2255 3866 2352 3920 κὸν
2390 3865 2480 3920 καὶ
2525 3862 2910 3940 δημαγωγικὸν
2962 3858 3140 3938 ἔσχες,
3185 3863 3367 3939 μίγμα
3414 3885 3466 3919 τι
3515 3864 3682 3934 ξένον,
3715 3865 3786 3925 ὡς
3813 3863 3880 3918 εἴ-

2257 3959 2398 4024 πεῖν,
2429 3953 2520 4009 καὶ
2549 3953 2828 4026 ἀμίμητον
2871 3955 2971 4023 τήν
3019 3955 3118 4022 σήν
3164 3951 3440 4028 βασιλεῖαν
3489 3952 3880 4024 καταστησάμε-

2259 4064 2373 4115 νος,
2423 4045 2497 4106 ὡς
2546 4048 2663 4106 τοῖς
2725 4043 2818 4116 μὲν
2863 4042 3186 4115 παρελάσαι,
3218 4047 3334 4103 τοῖς
3389 4040 3876 4112 δ’ἁμιλλτ,θῆναι’

2260 4131 2333 4188 ὧν
2375 4129 2432 4186 δὲ
2491 4131 2670 4207 βραχύ
2718 4151 2772 4186 τι
2824 4131 3240 4207 ἀπολειφθῆναι,
3291 4130 3392 4186 οὐκ
3438 4130 3500 4185 ἃν
3541 4128 3778 4204 ε’ίποιμι.
3808 4131 3880 4184 Ἐν

2262 4221 2515 4294 συντόμῳ
2546 4219 2604 4276 δὲ
2650 4223 2832 4297 φάναι,
2881 4227 2982 4275 πᾶν
3016 4221 3140 4274 ὅσον
3183 4219 3391 4276 τούτων
3431 4221 3640 4290 ἑκάστῳ
3674 4217 3878 4292 ἐξαίσιόν

2258 4332 2317 4366 τε
2345 4312 2432 4366 καὶ
2467 4305 2800 4385 περιϐόητον
2828 4309 2864 4380 ἢ
2897 4311 3076 4365 θεόθεν
3105 4305 3291 4379 ἐδόθη,
3332 4309 3367 4378 ἢ
3401 4309 3492 4363 καὶ
3540 4309 3699 4385 φύσις
3737 4307 3884 4387 φιλο-

2261 4401 2436 4474 τίμως
2494 4397 2794 4454 διατεθεῖσα
2841 4398 3246 4474 ἐπεχορήγησε,
3307 4397 3618 4474 φιλοπόνως
3676 4398 3764 4452 οἷά
3812 4414 3880 4455 τις

2265 4490 2434 4564 ἀγαθή
2491 4509 2552 4542 τε
2606 4488 2695 4543 καὶ
2754 4486 3011 4564 φίλεργος
3073 4487 3456 4562 έρανισάμενος
3517 4485 3767 4560 μέλιττα,
3817 4485 3882 4554 τῷ

2263 4587 2362 4647 τῆς
2414 4577 2609 4651 μίξεως
2659 4579 2790 4651 ξένῳ
2835 4577 2925 4632 καὶ
2975 4583 3077 4646 τῆς
3121 4577 3466 4651 συγκράσεως
3510 4575 3776 4650 βασιλικῳ
3819 4577 3884 4643 τῷ

2264 4670 2438 4746 πήχει
2487 4668 2689 4729 πάντας
2748 4669 3110 4742 παρήνεγκας,
3161 4665 3468 4741 ἁρχὶτυπον
3521 4669 3639 4720 οἷον
3685 4664 3887 4736 ἀμίμη-

2266 4778 2358 4813 τον
2389 4759 2487 4825 τήν
2530 4759 2629 4824 σήν
2688 4757 2866 4832 ἀρχὴν
2922 4758 3088 4810 ἅπασι
3145 4757 3448 4831 παρασχών
3484 4775 3495 4786 ·
3549 4755 3685 4810 ὥστε
3735 4775 3796 4826 με
3831 4751 3886 4826 ῥα

2269 4845 2400 4908 ὃίως
2439 4848 2528 4900 καὶ
2568 4847 2710 4900 τοῦτ’
2752 4846 2918 4900 εἰπεῖν
2968 4846 3258 4919 θαρῥῆσαι,
3289 4849 3396 4899 τῶν
3443 4841 3626 4899 καλῶν
3657 4865 3714 4899 τε
3739 4843 3884 4916 κάγα-

2271 4938 2375 4990 θῶν
2407 4936 2473 4990 τὰ
2508 4935 2602 5008 μὲν
2638 4932 2908 5004 ζηλῶσαι,
2939 4931 2999 4988 ἂν
3034 4931 3205 4988 δὲκαὶ
3257 4937 3475 5003 νικῆσαι
3523 4935 3658 4988 κατά
3699 4933 3756 4987 τὸ
3800 4937 3882 4997 τῆς

517 5029 648 5097 fuit,
689 5028 748 5084 id
789 5032 852 5084 tu
894 5027 1064 5100 quasi
1103 5027 1370 5099 quaedam
1407 5027 1738 5098 bonaatque
1789 5027 1989 5084 sedula
2036 5027 2135 5100 api

2272 5027 2482 5103 φύσεως
2512 5024 2822 5099 περιούςιον
2857 5045 2870 5058 °
2905 5025 3004 5078 ὅσα
3053 5023 3100 5078 δ’
3157 5024 3216 5078 ἂν
3265 5026 3436 5096 μήπω
3486 5024 3625 5078 τισὶν
3665 5019 3882 5096 εὕρηται,

521 5134 734 5192 magno
767 5117 958 5174 studio
997 5115 1301 5174 collectum
1347 5120 1520 5188 atque
1558 5121 2002 5187 comportatum,
2052 5119 2158 5174 ad-

522 5207 791 5264 mirando
815 5206 1065 5279 quodam
1096 5208 1266 5262 modo
1301 5205 1562 5263 miscusti
1594 5213 1769 5278 atque
1798 5206 2161 5277 temperasti:

521 5303 575 5355 et
631 5301 936 5370 propterea
989 5296 1296 5368 imperatio
1338 5297 1534 5352 cubito
1591 5311 1792 5352 omnes
1849 5312 1912 5352 es
1967 5312 2166 5367 super-

522 5403 781 5460 gressus,
821 5385 1066 5459 imperio
1123 5393 1220 5442 tuo
1253 5385 1488 5458 perinde
1527 5389 1699 5456 atque
1740 5401 1853 5442 non
1895 5382 2163 5442 imitabili

527 5476 838 5548 archetypo
896 5476 1284 5546 primarioque
1339 5477 1590 5548 quodam
1623 5477 1937 5547 exemplari
1977 5477 2160 5532 omni-

529 5565 640 5620 bus
668 5564 944 5620 exhibito.
979 5565 1336 5636 Quapmpter
1365 5573 1422 5622 et
1449 5566 1597 5623 illud
1624 5566 1790 5622 facile
1830 5569 2019 5621 dicere
2061 5582 2163 5621 au-

529 5653 664 5721 sim,
695 5661 747 5708 te
775 5653 1063 5724 quidquid
1087 5659 1172 5708 est
1211 5668 1409 5710 rerum
1440 5655 1725 5711 bonarum
1773 5659 1948 5728 atque
1979 5655 2160 5714 hone-

2271 5116 2328 5170 σὲ
2359 5113 2418 5170 δὲ
2463 5113 2564 5190 ἄρα
2605 5115 2694 5169 καὶ
2746 5113 2917 5187 εύρεῖν
2947 5113 3036 5168 καὶ
3083 5119 3435 5188 προαγαγεῖν,
3464 5113 3556 5168 καὶ
3605 5114 3681 5176 ὠς
3726 5113 3883 5187 ἐγχω-

2277 5210 2401 5280 ροῦν
2430 5202 2746 5278 παραδεῖξαι
2783 5207 2863 5276 τῷ
2898 5201 3218 5276 βουλομένῳ
3250 5223 3263 5236 ·
3296 5201 3577 5258 κάντεῧθεν
3605 5203 3692 5256 καὶ
3741 5200 3884 5256 ἁπάν-

2274 5316 2384 5350 των
2414 5292 2806 5370 περιγενέσθαι,
2838 5297 2916 5364 τῷ
2974 5289 3044 5346 δι’
3093 5292 3336 5346 ἁπάντων
3366 5290 3498 5372 ἄχρι
3538 5289 3603 5360 δὴ
3637 5292 3722 5346 καὶ
3767 5289 3812 5348 ἐς
3837 5287 3884 5340 τὸ

2279 5385 2572 5458 ἀκρότατον
2623 5381 2887 5438 ἂνελθεῖν.
2927 5383 3020 5436 Καὶ
3076 5403 3134 5436 σε
3181 5379 3374 5454 οἴομαι
3409 5381 3497 5436 διὰ
3527 5385 3711 5446 ταῦτα,
3741 5379 3818 5434 καὶ
3844 5376 3883 5434 ἐς

2281 5474 2542 5547 μήκιστόν
2588 5494 2671 5527 σοι
2719 5473 2782 5526 τὸ
2834 5471 3101 5547 βιώσιμον
3143 5473 3548 5545 προσγενέσθαι,
3581 5471 3787 5542 σύμπαν
3814 5467 3883 5519 τᾶ-

2276 5563 2439 5638 γαθὸν
2470 5562 2544 5624 ὡς
2577 5563 2754 5636 ’χρεὼν
2786 5558 2954 5636 ἄρδην
2994 5558 3401 5632 συλλεξαμένῳ,
3434 5561 3508 5623 ὡς
3542 5560 3601 5615 ἄν
3632 5580 3693 5638 γε
3739 5557 3798 5626 δή
3823 5557 3884 5624 τῷ

2278 5655 2471 5728 μακρῷ
2501 5649 2688 5726 χρόνῳ
2717 5649 2854 5725 πρὸς
2883 5645 3118 5706 ἐπίδοσιν
3141 5647 3299 5705 τοῦτό
3333 5669 3416 5705 σοι
3447 5649 3724 5727 προέλθοι,
3754 5647 3884 5716 πῆξιν
