4100 6218
261 388 382 449 589

1745 337 2179 446 peniculo.

3547 401 3669 464 590

267 521 322 576 ἐν
355 525 486 590 ἡμῖν
514 519 736 591 ἀρίστην
767 511 1045 589 λαμϐάνον
1084 517 1172 571 καὶ
1218 513 1374 591 ἕδραν
1425 517 1510 571 καὶ
1566 517 1906 588 μονιμότητα

2023 523 2487 589 starum,partim
2520 524 2750 596 quidem
2788 527 3074 586 imitatum
3106 548 3208 603 per
3236 535 3665 598 aemulationem

270 617 354 682 τῷ
383 610 650 682 ἀμιμήτῳ
683 605 875 681 σχεδὸν
907 614 1006 674 τῆς
1061 609 1366 679 μιμήσεως.
1404 611 1764 680 Μυσταγωγὸν
1809 608 1910 680 γὰρ

273 699 392 754 οἷόν
423 720 545 753 τινα
572 698 660 751 καὶ
690 693 1014 750 διδάσκαλον
1046 697 1260 768 ἄριστον
1292 701 1399 750 τῶν
1432 693 1616 750 καλῶν
1648 697 1917 764 ἁπάντων,

272 788 456 860 ὥσπερ
495 787 582 842 ἐπὶ
635 789 796 840 τοῦτο
855 789 950 839 τοῦ
1008 788 1142 840 Θεοῦ
1202 805 1257 838 σε
1307 785 1408 839 ὑπὸ
1468 790 1790 860 χειραγωγῷ
1847 789 1914 859 τῇ

272 878 448 947 φύσει,
485 875 757 946 λαμπρῶς
803 875 892 928 καὶ
941 874 1346 944 αροσηκόντως,
1379 872 1440 926 οὒ
1492 871 1700 942 στήλην
1755 875 1914 947 βασι-

271 937 424 1028 λείας
499 937 862 1038 μόνον,ἀλλὰ
918 963 1004 1016 καὶ
1055 963 1264 1016 πάντων
1318 961 1672 1034 ἀνθρωπίνων
1728 961 1910 1018 καλῶν

268 1055 587 1108 θεότευκτον
649 1049 894 1126 ἄγαλμα,
954 1049 1128 1105 εἷ’τουν
1183 1047 1490 1125 ἀνδριάντα,
1531 1056 1710 1129 σοφῶς
1775 1072 1908 1126 προ-

267 1163 636 1218 χειρισαντος.

2023 626 2169 677 esse,
2205 613 2411 680 partim
2473 629 2604 669 vero
2663 615 2881 687 ingenii
2939 625 2996 676 et
3055 631 3273 678 natura
3333 628 3666 696 praestantia

2025 715 2330 769 superasse
2364 717 2376 754 :
2409 717 2534 771 qua
2579 707 2770 760 autem
2823 706 3124 779 hucusque
3171 730 3202 767 a
3247 714 3525 786 quopiam
3573 717 3667 773 in-

2023 792 2208 843 ventae
2237 806 2348 843 non
2382 789 2648 858 fuissent,
2679 809 2777 850 eas
2836 802 2891 850 et
2940 799 3232 856 invenisse
3281 808 3338 859 et
3371 805 3425 859 in
3474 806 3665 864 lucem

2022 877 2386 946 produxisse,
2447 884 2525 947 et,
2557 883 2744 952 quoad
2804 885 2931 954 ejus
2987 887 3109 943 ﬁeri
3171 892 3380 962 potuit,
3431 911 3666 952 cernere

2019 967 2344 1024 volentibus
2377 971 2703 1027 ostendisse
2737 988 2750 1026 :
2805 977 3181 1049 proindeque,
3216 983 3370 1052 quod
3410 1001 3509 1056 per
3547 988 3665 1042 vir-

2018 1059 2174 1112 tutes
2204 1063 2260 1113 et
2292 1059 2597 1129 praeclaras
2627 1079 2715 1116 res
2746 1079 2972 1130 omnes,
3010 1070 3076 1122 ad
3111 1085 3408 1128 summum
3441 1091 3668 1148 quoque

2019 1149 2354 1216 pervaseris,
2405 1164 2608 1204 omnes
2669 1150 2836 1221 longe
2892 1154 3116 1211 vicisse.
3173 1159 3272 1214 20
3331 1163 3530 1234 Itaque
3587 1166 3664 1236 (1)

260 1235 584 1306 longiorem
639 1233 813 1290 etiam
872 1233 973 1288 tibi
1033 1233 1232 1299 vitam,
1264 1249 1381 1304 qua
1435 1233 1585 1287 bona
1640 1233 1859 1302 omnia,
1894 1250 1994 1305 pro
2051 1251 2116 1290 eo
2174 1241 2350 1307 atque
2407 1239 2624 1304 decuit,
2667 1243 2906 1298 omnino
2979 1245 3038 1300 in
3100 1264 3281 1304 unum
3340 1251 3664 1325 collegeris,

261 1328 552 1400 obtigisse
584 1325 896 1380 existimo:
935 1328 993 1377 ut
1031 1340 1098 1378 ex
1129 1323 1404 1392 temporis
1462 1323 1846 1379 diuturnitate
1889 1325 1961 1380 ad
2021 1326 2446 1383 incrementum
2505 1331 2704 1400 gloriae
2759 1331 2868 1389 hoc
2928 1335 3030 1391 tibi
3090 1341 3432 1399 accederet:
3488 1323 3667 1416 quod,

260 1435 402 1474 cum
437 1418 584 1486 apud
623 1432 720 1470 nos
751 1416 1050 1470 certiorem
1085 1413 1560 1485 stabilioremque
1599 1416 1790 1470 sedem
1831 1420 1888 1470 et
1935 1417 2243 1473 stationem
2292 1421 2506 1490 optime
2557 1420 2774 1489 ﬂxeris,
2807 1427 3012 1482 sedula
3050 1429 3377 1489 imitatione
3425 1413 3664 1493 laudum

260 1511 663 1578 virtutumque
722 1515 978 1573 tuarum,
1042 1521 1164 1571 quas
1222 1503 1597 1560 inimitabiles
1655 1505 1772 1560 fere
1827 1512 1986 1569 sunt,
2043 1509 2278 1580 assequi
2337 1527 2434 1566 eas
2512 1528 2624 1567 non
2693 1516 3076 1585 potuerimus.
3111 1519 3254 1576 Nam
3313 1523 3483 1580 veluti
3543 1528 3672 1597 qui-

258 1601 403 1652 dam
437 1611 784 1652 arcanorum
815 1610 1108 1649 sacrorum
1145 1595 1414 1663 princeps
1444 1609 1526 1654 es,
1559 1600 1616 1648 et
1643 1595 1917 1665 magister
1947 1597 2225 1652 virtutum
2275 1600 2539 1656 omnium
2593 1603 2874 1674 optimus,
2911 1608 3150 1677 perinde
3199 1617 3374 1683 atque
3418 1630 3546 1670 eam
3597 1617 3669 1672 oh

260 1703 504 1743 causam
540 1688 710 1745 Deus,
745 1690 949 1738 natura
980 1681 1322 1737 administra
1353 1688 1408 1736 et
1437 1684 1604 1750 duce,
1639 1684 1943 1755 splendide
1973 1689 2147 1756 atque
2197 1689 2504 1758 magnifice
2553 1695 2630 1760 te,
2665 1696 2729 1748 ut
2756 1711 2874 1751 non
2922 1697 3108 1753 solum
3162 1681 3392 1770 publica
3441 1706 3672 1777 imperii

261 1777 561 1841 columna,
596 1789 795 1829 verum
828 1775 1002 1830 etiam
1035 1771 1297 1826 omnium
1331 1772 1722 1828 humanorum
1753 1775 2036 1830 bonorum
2065 1777 2344 1833 divinitus
2375 1780 2631 1836 exhibita
2661 1789 2856 1840 statua
2896 1791 2952 1841 et
2981 1788 3168 1860 imago
3211 1809 3390 1862 esses,
3460 1771 3671 1868 propo-

266 1864 482 1922 suerit.

338 1953 480 2025 Ἐγὼ
521 1949 565 2006 δ’
599 1950 743 2007 ἀλλὰ
786 1951 1009 2011 τούτους
1056 1950 1254 2010 πάντας
1301 1952 1790 2022 παραιτησάμενος,
1833 1951 1906 2006 ἑνί

2092 1956 2200 2011 Sed
2254 1958 2410 2014 enim
2461 1962 2736 2018 omnibus
2780 1964 2882 2032 eis,
2916 1983 3056 2036 quos
3103 1969 3375 2041 diximus,
3406 1976 3667 2046 omissis,

266 2063 327 2096 σε
360 2043 515 2114 μόνῳ
554 2036 909 2115 παραϐαλὼν,
940 2042 1038 2108 τὴν
1097 2044 1193 2093 τοῦ
1260 2038 1431 2116 λόγου
1495 2041 1673 2114 ῥύμην
1724 2039 1913 2116 ἐφέξω,

266 2130 351 2185 ἀεί
417 2151 485 2202 με
541 2129 858 2199 λεληθότως
919 2133 998 2200 τῷ
1044 2127 1170 2201 περὶ
1214 2129 1269 2182 σὲ
1317 2127 1473 2200 πόθῳ
1520 2127 1914 2202 παρέλκουσαν,

265 2221 358 2275 καὶ
418 2223 515 2273 τοῦ
573 2219 770 2292 μέτρου
837 2219 1018 2288 ἠρέμα
1093 2215 1452 2294 ἐκφέρουσανο
1510 2223 1591 2288 τῷ
1664 2224 1911 2292 κρεῖττον

263 2309 350 2364 ἀεὶ
402 2309 755 2386 φαντάζεσθαι
803 2311 900 2360 τοῦ
953 2306 1256 2380 αἱρεθέντος
1304 2307 1366 2360 τὸ
1414 2307 1662 2382 παρεθὶν,
1697 2308 1912 2363 πάντων

265 2396 532 2470 ἴσοτίμων
564 2399 643 2467 τῷ
678 2394 890 2471 μεγέθει
919 2395 1351 2464 καθεστηκότων,
1385 2400 1484 2463 τῆς
1530 2415 1588 2450 τε
1627 2395 1778 2467 νίκης
1821 2396 1910 2451 καῖ

261 2491 372 2540 τῶν
424 2483 706 2557 πρωτείων
756 2481 1012 2555 οὐδαμῶς
1057 2483 1393 2556 αἱρουμένων
1457 2481 1680 2539 ἕκαστον
1749 2485 1914 2558 ἑτέρῳ

257 2578 615 2649 παραχωρεῖν
649 2593 708 2627 τε
753 2573 844 2626 καὶ
879 2572 1272 2641 ὑπεξίστασθαι.
1305 2574 1463 2627 ’Ώστε
1513 2569 1827 2645 συμϐαίνειν
1860 2576 1911 2646 ἐξ

256 2663 519 2728 εὐπορίας
556 2683 651 2734 μοι
696 2658 910 2732 μᾶλλον
942 2663 1003 2715 τὸ
1033 2661 1280 2734 ἀπορεῖν,
1312 2663 1400 2714 καί
1447 2663 1548 2729 τήν
1595 2663 1908 2736 περιουσίαν

255 2752 334 2813 εἷς
389 2757 658 2828 περιφανῆ
709 2750 910 2820 ζημίαν
960 2749 1306 2803 καθίστασθαι
1336 2768 1348 2780 ⁸
1397 2749 1487 2804 καί
1556 2772 1648 2821 μοι
1719 2749 1908 2817 πλέον,

250 2841 316 2894 τὸ
374 2840 424 2894 τί
487 2840 766 2913 παρετέον,
907 2843 1027 2899 τοῖς
1085 2837 1278 2908 ἐπίσης
1339 2837 1463 2911 ἐμοὶ
1523 2836 1909 2911 δοκιμάζουσιν

249 2928 493 2984 ἐπαινεῖν
549 2930 612 2983 τὸ
652 2929 704 2984 τί
752 2927 924 3003 λέγειν
971 2927 1244 3002 γίνεσθαιο
1281 2930 1370 2981 καὶ
1419 2927 1518 3003 γὰρ
1571 2931 1647 2989 εἷς
1698 2950 1812 3000 μοι,
1847 2930 1910 2984 τὸ

255 3016 323 3086 δή
388 3017 714 3094 λεγόμενον,
748 3016 864 3072 αντὶ
917 3017 1130 3072 πάντων
1189 3014 1439 3091 ἀρκέσει’
1502 3018 1547 3088 ᾧ
1585 3017 1675 3071 καὶ
1730 3038 1908 3092 προσ·-

255 3111 411 3180 φυῶς
469 3102 642 3181 ἔχων,
685 3105 896 3180 χαίρεις
959 3103 1085 3166 ἴσως
1145 3104 1673 3180 παραλληλίζεοθαι.
1714 3106 1802 3167 Τίς
1863 3104 1909 3160 δ’

257 3196 318 3250 ἂν
347 3194 536 3270 ἕτερος
588 3195 672 3262 εἷή
705 3196 738 3264 ἢ
782 3199 1176 3255 Κωνσταντῖνος
1221 3194 1447 3257 ἐκεῖνος,
1473 3195 1534 3249 τό
1584 3195 1719 3268 μέγα
1766 3197 1910 3270 παρά

2025 2043 2123 2098 ubi
2154 2048 2210 2100 te
2241 2045 2342 2100 uni
2372 2047 2740 2107 solummodo
2771 2067 3205 2128 comparavero,
3237 2061 3518 2119 orationis
3549 2081 3673 2120 cur-

2023 2149 2154 2188 sum
2187 2134 2410 2204 sistam,
2442 2138 2542 2209 qui
2575 2155 2667 2195 me
2709 2156 2938 2214 semper
2968 2151 3199 2217 propter
3229 2164 3419 2206 meum
3452 2167 3587 2224 erga
3618 2159 3672 2209 te

2022 2238 2278 2278 amorem
2311 2235 2361 2280 et
2393 2226 2745 2285 desiderium
2799 2231 3043 2290 latenter
3073 2239 3473 2296 transversum
3526 2243 3663 2314 agit,

2023 2319 2080 2366 et
2111 2313 2328 2368 sensim
2361 2319 2520 2371 extra
2552 2320 2787 2374 modum
2841 2323 3126 2392 producit,
3162 2334 3461 2397 propterea
3508 2313 3663 2402 quod

2022 2402 2215 2458 animo
2245 2420 2478 2475 semper
2508 2407 2563 2462 id
2588 2411 2742 2478 quod
2778 2415 3236 2482 praetermissum
3260 2423 3369 2481 est.
3396 2427 3667 2489 praestan-

2022 2492 2137 2545 tius
2193 2508 2320 2547 esse
2351 2510 2417 2547 eo
2475 2497 2627 2566 quod
2686 2499 2993 2557 dicendum
3052 2503 3356 2576 elegimus,
3390 2509 3660 2567 videtur:

2021 2580 2161 2634 adeo
2195 2582 2594 2652 magnitudine
2623 2601 2729 2641 sua
2759 2589 2999 2658 aequalia
3040 2599 3179 2648 sunt
3226 2596 3446 2657 omnia.
3482 2615 3667 2670 neque

2022 2685 2122 2739 pro
2154 2686 2215 2725 se
2244 2673 2518 2743 quodque
2549 2673 2706 2730 aliud
2751 2677 2849 2732 alii
2879 2679 2950 2735 de
3001 2681 3241 2739 victoria
3291 2686 3670 2760 partibusque

2023 2757 2223 2829 primis
2255 2759 2458 2816 cedere
2489 2765 2806 2820 constituit.
2839 2767 3037 2841 itaque
3062 2787 3129 2826 ex
3163 2771 3382 2845 ingenti
3414 2757 3668 2846 copia—ad

2019 2847 2249 2903 dicendi
2281 2848 2533 2921 inopiam
2573 2855 2788 2923 recido,
2820 2860 2878 2911 et
2905 2858 3046 2913 mihi
3094 2861 3405 2918 abundans
3451 2867 3672 2922 exube-

2020 2937 2210 2992 rantia
2238 2939 2296 2993 in
2327 2939 2623 3011 insignem
2675 2943 3050 3016 indigentiam
3103 2950 3274 3006 cedit.
3310 2952 3445 3008 Plus
3495 2957 3667 3012 etiam

2018 3025 2230 3096 negotii
2264 3026 2431 3094 mibi,
2465 3029 2600 3100 quid
2634 3033 3026 3091 omittendum
3077 3039 3173 3104 sit,
3206 3055 3384 3110 quam
3436 3044 3519 3098 eis
3567 3039 3672 3116 qui

2017 3112 2220 3170 laudes
2251 3119 2378 3170 tuas
2413 3133 2642 3174 mecum
2677 3125 3107 3194 persequendas
3150 3137 3490 3194 statuerunt,
3528 3112 3667 3204 quid

2017 3203 2331 3260 dicendum
2366 3207 2461 3272 sit,
2495 3209 2744 3265 facessit.
2789 3211 2948 3268 Unus
2999 3232 3140 3272 sane
3191 3219 3449 3289 quidem,
3480 3203 3559 3277 uti
3587 3223 3670 3278 ita

256 3305 486 3361 πραγμα
543 3285 629 3339 καῖ
679 3279 853 3356 ὄνομα
906 3288 1347 3351 Κωνσταντῖνοςς
1407 3284 1467 3337 οὗ
1525 3289 1624 3350 τήν
1685 3287 1905 3358 μνήμην

273 3375 298 3389 ..
587 3377 600 3389 .
741 3374 754 3389 ς
933 3376 946 3389 .
1048 3373 1062 3389 τ
1129 3378 1153 3389 -
1341 3379 1362 3389 -
1595 3375 1605 3389 ς
1710 3374 1722 3389 η
1862 3381 1880 3389 -

2023 3293 2236 3362 dicam,
2272 3296 2411 3350 mihi
2442 3315 2543 3368 pro
2576 3301 2845 3357 omnibus
2884 3303 3158 3374 sufﬁciet,
3184 3325 3314 3363 cum
3351 3328 3463 3382 quo
3493 3312 3663 3369 etiam

259 3375 446 3450 ὥσπερ
488 3377 610 3429 τινα
666 3374 757 3428 καὶ
816 3376 988 3442 πνοὴν
1045 3373 1242 3427 ἐνεῖναι
1294 3379 1420 3428 πᾶσι
1478 3375 1672 3447 χρεὼν,
1707 3374 1757 3428 ἐν
1794 3381 1908 3436 τοῖς

256 3464 713 3541 ἀναγκαιοτάτοις
771 3463 1039 3537 λαμπρῶς
1097 3462 1242 3517 οὕτω
1297 3465 1387 3517 καὶ
1451 3462 1711 3537 γενναίως
1764 3464 1912 3537 μάλα

257 3554 666 3629 ξυναραμὲνου’
722 3559 1140 3620 Κωνσταντῖνος,
1175 3555 1202 3607 ὁ
1246 3554 1420 3616 πολὺς
1455 3554 1548 3626 μὲν
1600 3555 1697 3620 τήν
1749 3555 1906 3628 ἁρχι-

254 3646 357 3713 κήν
408 3644 744 3716 ἐπιστήμην,
775 3645 876 3711 τήν
927 3639 983 3696 δὲ
1032 3641 1238 3697 σύνεσιν
1285 3640 1697 3716 ἀπαράμιλλος,
1733 3644 1820 3698 τὸν
1854 3641 1910 3697 δὲ

252 3736 389 3806 πρὸς
421 3735 553 3789 Θεὸν
586 3732 754 3802 ζῆλον
805 3733 894 3786 καὶ
945 3735 1015 3805 τῇ
1071 3728 1439 3805 μεγαλουργίᾳ
1497 3736 1605 3786 τῶν
1668 3732 1910 3806 πράξεων

249 3824 339 3878 καὶ
390 3829 513 3884 τοῖς
565 3823 696 3896 ὑπὶρ
743 3817 1009 3882 εὐσεϐείας
1058 3821 1262 3896 ἀγῶσιν
1323 3823 1561 3882 ἅπαντας
1625 3821 1909 3896 ὑπερλάμ-

248 3918 376 3987 ψας,
441 3913 680 3985 καθάπερ
739 3910 958 3984 ἀστέρας
1017 3909 1302 3979 ἧλιος.⁷Η
1355 3911 1457 3984 γὰρ
1518 3909 1616 3965 οὐκ
1672 3905 1907 3985 ἀκριϐὴς

249 4003 463 4057 ἐκείνου
495 4003 654 4058 εἰκὼν
689 4003 774 4070 σὺ,
806 4003 1094 4075 κρατιστες
1132 4002 1231 4057 Καὶ
1286 3999 1416 4072 μηδ’
1447 3997 1712 4072 ἔσοπτρον
1764 3999 1906 4055 οὕτω

251 4097 517 4166 παριστᾷν
576 4088 721 4169 ἔχειν
785 4091 988 4151 εἰκόνος
1047 4089 1378 4165 ἀρχέτυπον,
1439 4090 1512 4151 ὡς
1574 4088 1740 4151 αὖτὸς
1805 4095 1905 4156 τῆς

250 4182 460 4237 ἐκείνου
491 4185 676 4255 ψυχῆς
727 4181 817 4240 τὰς
871 4177 1124 4241 θεοειδεῖς
1169 4179 1426 4254 ἐμφάσεις
1461 4180 1902 4252 ἀπομαξάμενος,

249 4265 623 4330 ἆντιστίλόεις
676 4268 822 4341 μάλα
869 4273 1058 4322 τοῦτον
1102 4267 1327 4342 φαίνων,
1360 4268 1447 4322 καὶ
1494 4269 1602 4343 οὐχ
1656 4271 1819 4336 ἦττον
1867 4269 1901 4338 ἢ

247 4363 478 4436 γνήσιος
537 4363 664 4421 παῖς
722 4360 811 4412 τὸν
867 4359 1182 4433 γεννήτορα.
1233 4361 1395 4412 ’Ώστε
1452 4355 1497 4411 εἰ
1548 4357 1638 4411 καὶ
1684 4357 1903 4427 τόλμης

248 4449 337 4502 σοί
389 4469 453 4524 γε
506 4447 747 4520 κριθείην
796 4448 861 4500 τὰ
908 4450 1133 4500 τοιαῦτα
1169 4445 1406 4518 μάλιστα
1438 4441 1898 4517 διευλαϐουμένῳ,

247 4539 464 4607 εἴποιμ’
505 4536 566 4591 ἂν
608 4537 694 4591 καὶ
749 4542 908 4591 τοῦτο
958 4535 1298 4612 θαρρούντως
1339 4535 1490 4606 (ἀλλ’
1521 4537 1763 4612 ἀνάγχου
1814 4538 1900 4591 καὶ

247 4627 662 4699 συμφιλοσόφει
710 4632 787 4697 τῷ
848 4627 1038 4699 λόγῳ),
1081 4627 1196 4680 υἱον
1243 4631 1377 4681 Θεοῦ
1436 4647 1494 4680 σε
1545 4627 1679 4680 κατά
1735 4626 1894 4705 χάριν

2023 3382 2290 3448 fortasse,
2324 3401 2426 3456 pro
2453 3402 2521 3440 ea
2551 3403 2678 3458 qua
2715 3390 2822 3444 tibi
2851 3407 2984 3447 cum
3007 3393 3108 3450 illo
3131 3395 3437 3454 intercedit
3467 3417 3670 3472 cogna-

2020 3472 2174 3528 tione
2201 3478 2256 3530 et
2301 3475 2706 3546 similitudine,
2741 3480 2984 3537 libenter
3037 3491 3089 3539 te
3118 3490 3368 3542 conferri
3425 3492 3664 3560 patiere.

2019 3562 2105 3614 An
2161 3577 2293 3616 vero
2356 3564 2406 3619 is
2464 3564 2611 3621 alius
2677 3568 2756 3622 sit
2831 3585 3012 3640 quam
3078 3576 3489 3632 Constantinus
3545 3579 3663 3647 ille,

2021 3665 2300 3722 magnum
2337 3653 2486 3723 apud
2519 3670 2720 3710 omnes
2755 3665 3112 3715 momentum
3144 3668 3202 3717 et
3231 3681 3442 3720 nomen
3464 3666 3492 3721 7
3521 3666 3672 3722 Con-

2020 3739 2337 3804 stantinus,
2371 3741 2538 3810 cujus
2566 3746 2901 3800 memoriam
2933 3748 3112 3806 veluti
3160 3752 3426 3822 spiritum
3462 3771 3667 3827 quem-

2019 3828 2151 3882 dam
2204 3829 2393 3885 inesse
2441 3832 2714 3888 omnibus
2765 3844 3008 3906 oportet.
3063 3840 3162 3911 qui
3213 3842 3270 3896 in
3326 3846 3666 3902 necessitate

2019 3933 2244 3971 summa
2267 3923 2384 3973 tam
2421 3922 2721 3992 magniﬁce
2751 3930 2807 3979 et
2854 3930 2971 3980 tam
3005 3927 3228 3985 fortiter
3269 3948 3438 4003 opem
3473 3935 3666 4007 nobis,

2019 4005 2185 4070 tulit;
2219 4007 2656 4078 Constantinus,
2689 4014 2913 4070 artibus
2964 4016 3347 4087 imperatoriis
3391 4005 3662 4095 magnus,

2019 4095 2326 4165 prudentia
2401 4098 2898 4169 incomparabilis,
2981 4110 3183 4162 ardore
3260 4119 3449 4166 autem
3527 4131 3666 4186 erga

2019 4182 2221 4249 Deum,
2270 4186 2611 4256 magnisque
2664 4189 2836 4245 rebus
2876 4193 3074 4263 gestis,
3134 4203 3191 4251 et
3245 4182 3664 4259 certaminibus

2019 4288 2118 4341 pro
2146 4288 2274 4326 vera
2308 4274 2517 4344 pietate
2565 4280 2868 4350 susceptis,
2899 4298 3079 4353 supra
3131 4301 3336 4343 omnes
3381 4294 3665 4359 quemad—

2019 4360 2258 4417 modum
2292 4363 2372 4416 sol
2404 4380 2578 4433 super
2628 4376 2782 4422 astra
2830 4371 2946 4424 alia
2975 4371 3264 4430 relucens.
3295 4379 3380 4432 An
3413 4385 3474 4433 tu
3506 4397 3665 4448 vero,

2018 4449 2283 4521 princeps
2315 4452 2551 4521 Optime,
2582 4471 2698 4510 non
2747 4467 2900 4513 certa
2945 4458 3104 4516 illius
3153 4481 3214 4519 es
3262 4465 3455 4539 imago
3479 4468 3506 4521 ?
3537 4469 3662 4526 Non

2014 4538 2340 4608 speculum,
2397 4543 2822 4612 mediusfidius,
2868 4548 2948 4603 ita
2993 4550 3330 4620 primarium
3383 4538 3660 4629 imaginis

2014 4628 2310 4698 exemplar
2367 4631 2570 4698 reddit,
2600 4635 2769 4689 sicuti
2827 4641 2886 4691 tu
2950 4639 3210 4697 divinum
3262 4645 3467 4699 anima
3507 4628 3662 4702 illius

248 4699 689 4786 μὰλίστέίδὼς,
744 4717 832 4770 καὶ
890 4716 1116 4791 χριστὸν
1179 4715 1378 4788 Κυρίου
1437 4713 1585 4788 εἷ’περ
1644 4716 1782 4780 τινὰ,
1817 4716 1891 4771 εί-

2018 4718 2294 4787 ιρθοίηιου
2339 4720 2690 4790 exprimens,
2723 4729 2890 4796 atque
2939 4727 3104 4784 illum
3151 4732 3474 4789 admodum

245 4805 379 4858 κόνα
429 4826 486 4859 σε
561 4803 980 4875 ἀπαράλλακτον
1038 4804 1194 4869 εἶναι,
1253 4807 1352 4873 τήν
1431 4805 1635 4859 ἐκείνου
1709 4799 1900 4873 εὗσεϐἦ

243 4900 324 4966 τῷ
381 4891 499 4948 ἕντι
558 4896 649 4948 καὶ
713 4897 928 4973 μορφὴν
979 4896 1068 4948 καὶ
1115 4895 1345 4968 δύναμιν
1377 4896 1782 4968 περικείμενον,
1813 4897 1900 4949 καὶ

249 4988 580 5059 χαρακτῆρα
611 4987 727 5038 οἷον
760 4992 858 5052 τῆς
891 4988 1158 5058 ψυχικῆς,
1193 4984 1367 5040 εἷ’τονν
1401 4984 1693 5059 βασιλικῆς
1737 4984 1902 5039 αὐτοῦ

247 5079 437 5150 σαφῶς
473 5073 815 5133 ὑπόστασεως
850 5077 1150 5145 Σκοπῶμεν
1183 5071 1238 5128 δὲ
1269 5073 1466 5134 οὕτως.
1501 5073 1901 5149 Ἐγχειρίζεται

245 5163 383 5234 πρὸς
419 5166 553 5216 Θεοῦ
586 5162 646 5216 τὸ
681 5162 956 5235 βασίλειον
1003 5162 1204 5224 ἐκεῖνος
1257 5170 1558 5237 σκῆπτρον,
1587 5163 1654 5217 τὰ
1703 5163 1901 5235 πάτρια

244 5248 568 5321 προλιπὼν,
599 5249 685 5302 καὶ
740 5248 852 5319 θείᾳ
900 5247 1178 5320 δυναστείᾳ
1222 5255 1328 5306 τῶν
1382 5251 1681 5325 ἀλιτηρίων
1731 5253 1898 5324 τυρά-

241 5362 350 5392 νων
386 5337 626 5410 μάλιστα
662 5339 1014 5414 περιγίνεται,
1049 5343 1165 5394 κατ’
1215 5340 1438 5412 οὐρανὸν
1491 5342 1552 5394 τὸ
1600 5343 1699 5410 τῆς
1745 5341 1897 5412 νίκης

240 5428 522 5500 θεώμενος
581 5426 859 5498 τρόπαιον.
897 5427 992 5482 Καῖ
1051 5429 1111 5480 σὺ
1172 5425 1228 5482 δὲ
1285 5429 1376 5482 τὸν
1439 5427 1553 5481 ἴσον
1586 5428 1788 5501 τρόπον
1835 5430 1898 5481 τὸ

241 5518 442 5591 κράτος
485 5515 943 5588 περιὸαλόμενος,
977 5519 1064 5570 καὶ
1119 5519 1180 5572 τὸ
1228 5517 1512 5572 νικοποιὸν
1563 5515 1734 5572 ὅπλον
1787 5518 1898 5595 οὐχ

2018 4821 2170 4872 rens,
2219 4809 2488 4880 refulges,
2541 4827 2653 4866 non
2705 4813 2873 4871 aliter
2919 4834 3092 4887 quam
3147 4835 3460 4889 germanus
3505 4821 3660 4877 illius

2017 4903 2236 4967 patrem
2271 4915 2444 4953 suum
2494 4911 2948 4969 reprasentaret.
2983 4907 3078 4960 21
3135 4910 3313 4976 Atque
3363 4910 3656 4980 equidem,

2014 4986 2280 5055 quamvis
2300 4989 2598 5044 audaciam
2644 5006 2832 5046 meam
2865 4998 2920 5048 te
2952 4994 3417 5065 improbatorum
3450 4999 3655 5066 sciam,

2013 5074 2109 5144 qui
2143 5075 2392 5129 maxime
2426 5079 2620 5149 fugere
2651 5086 2706 5135 et
2734 5096 2932 5136 cavere
2975 5082 3110 5138 talia
3156 5084 3331 5151 soles,
3365 5087 3557 5142 dicere
3587 5089 3658 5143 il-

2011 5161 2110 5217 lud
2143 5169 2336 5219 tamen
2381 5167 2653 5223 audacter
2711 5185 2852 5224 sane
2903 5186 3014 5225 non
3061 5171 3315 5228 dubitem
3371 5176 3548 5246 (quod
3603 5183 3659 5233 te

2013 5267 2145 5323 rego
2178 5258 2238 5307 ut
2290 5255 2532 5324 patiare,
2586 5263 2642 5311 et
2693 5260 2973 5313 rationem
3029 5277 3258 5317 mecum
3299 5265 3654 5332 consideres,

2011 5343 2112 5412 qui
2135 5345 2188 5396 te
2207 5341 2388 5398 {ilium
2403 5343 2502 5399 Dei
2519 5361 2616 5416 per
2633 5346 2881 5417 gratiam
2897 5352 2954 5402 et
2972 5348 3262 5406 Christum
3280 5352 3507 5408 Domini
3522 5371 3658 5426 pra»

2008 5435 2096 5485 ter
2126 5435 2356 5486 caeteros
2389 5436 2635 5489 maxime
2664 5451 2792 5490 esse
2822 5437 3048 5509 sciam),
3080 5439 3396 5511 imaginem
3422 5451 3473 5499 te
3500 5444 3658 5500 illius

2009 5537 2110 5590 per
2167 5521 2362 5576 omnia
2420 5523 2668 5578 similem
2725 5539 2868 5591 esse,
2929 5528 3029 5598 qui
3086 5544 3216 5582 vere
3285 5529 3436 5600 piam
3496 5531 3656 5590 illius

317 5698 399 5769 (1)
431 5697 751 5767 Imperator
780 5699 1093 5768 longevus.
1124 5698 1577 5769 Septuagenario
1607 5697 1764 5753 enim
1799 5697 1986 5768 mador
2015 5704 2282 5755 mortuus
2313 5704 2420 5755 est.
