  <div class='ocr_page' id='page_1' title='image "/cluster/home/n/w/nwhite01/storage/ocr_20150623/145/hvd.32044054086921/301.png"; bbox 0 0 4100 6218; ppageno 0'>
   <div class='ocr_carea' id='block_1_1' title="bbox 457 333 580 399">
    <p class='ocr_par' dir='ltr' id='par_1_1' title="bbox 457 333 580 399">
     <span class='ocr_line' id='line_1_1' title="bbox 457 333 580 399; baseline -0.033 -1"><span class='ocrx_word' id='word_1_1' title='bbox 457 333 580 399; x_wconf 72' lang='grc'><strong>591</strong></span> 
     </span>
    </p>
   </div>
   <div class='ocr_carea' id='block_1_2' title="bbox 1759 333 2582 395">
    <p class='ocr_par' dir='ltr' id='par_1_2' title="bbox 1759 333 2582 395">
     <span class='ocr_line' id='line_1_2' title="bbox 1759 333 2582 395; baseline -0.001 0"><span class='ocrx_word' id='word_1_2' title='bbox 1759 333 2188 395; x_wconf 79' lang='lat' dir='ltr'><strong>NICEPHORI</strong></span> <span class='ocrx_word' id='word_1_3' title='bbox 2235 333 2582 394; x_wconf 82' lang='lat' dir='ltr'><strong>CALLISTI</strong></span> 
     </span>
    </p>
   </div>
   <div class='ocr_carea' id='block_1_3' title="bbox 3745 340 3849 403">
    <p class='ocr_par' dir='ltr' id='par_1_3' title="bbox 3745 340 3849 403">
     <span class='ocr_line' id='line_1_3' title="bbox 3745 340 3849 403; baseline 0.01 -1"><span class='ocrx_word' id='word_1_4' title='bbox 3745 340 3849 403; x_wconf 72' lang='lat'><strong>592</strong></span> 
     </span>
    </p>
   </div>
   <div class='ocr_carea' id='block_1_4' title="bbox 457 463 2110 546">
    <p class='ocr_par' dir='ltr' id='par_1_4' title="bbox 457 465 2110 536">
     <span class='ocr_line' id='line_1_4' title="bbox 457 465 2110 536; baseline -0.003 -9"><span class='ocrx_word' id='word_1_5' title='bbox 457 470 706 528; x_wconf 77' lang='lat' dir='ltr'><strong>formam</strong></span> <span class='ocrx_word' id='word_1_6' title='bbox 765 473 819 523; x_wconf 87' lang='lat' dir='ltr'><strong>el</strong></span> <span class='ocrx_word' id='word_1_7' title='bbox 889 465 1006 520; x_wconf 88' lang='lat' dir='ltr'><strong>vim</strong></span> <span class='ocrx_word' id='word_1_8' title='bbox 1075 465 1602 536; x_wconf 84' lang='lat' dir='ltr'><strong>characterumque</strong></span> <span class='ocrx_word' id='word_1_9' title='bbox 1666 465 1940 522; x_wconf 86' lang='lat' dir='ltr'><strong>animalis</strong></span> <span class='ocrx_word' id='word_1_10' title='bbox 1997 467 2110 522; x_wconf 84' lang='lat' dir='ltr'><strong>sive</strong></span> 
     </span>
    </p>
   </div>
   <div class='ocr_carea' id='block_1_5' title="bbox 2221 463 3850 546">
    <p class='ocr_par' dir='ltr' id='par_1_5' title="bbox 2227 463 3850 546">
     <span class='ocr_line' id='line_1_5' title="bbox 2227 463 3850 546; baseline 0.006 -28"><span class='ocrx_word' id='word_1_11' title='bbox 2227 463 2384 534; x_wconf 76' lang='grc' dir='ltr'>ἅπαξ,</span> <span class='ocrx_word' id='word_1_12' title='bbox 2417 463 2545 519; x_wconf 83' lang='grc' dir='ltr'>ἀλλ’</span> <span class='ocrx_word' id='word_1_13' title='bbox 2583 464 2665 520; x_wconf 80' lang='grc' dir='ltr'><strong>ἀεὶ</strong></span> <span class='ocrx_word' id='word_1_14' title='bbox 2726 466 2892 538; x_wconf 79' lang='grc' dir='ltr'>ὁρῶν,</span> <span class='ocrx_word' id='word_1_15' title='bbox 2925 467 3014 520; x_wconf 85' lang='grc' dir='ltr'><strong>καὶ</strong></span> <span class='ocrx_word' id='word_1_16' title='bbox 3071 469 3228 542; x_wconf 81' lang='grc' dir='ltr'>χερσὶ</span> <span class='ocrx_word' id='word_1_17' title='bbox 3285 473 3448 524; x_wconf 82' lang='grc' dir='ltr'>τοῦτο</span> <span class='ocrx_word' id='word_1_18' title='bbox 3503 467 3850 546; x_wconf 76' lang='grc' dir='ltr'>διακατέχων.</span> 
     </span>
    </p>
   </div>
   <div class='ocr_carea' id='block_1_6' title="bbox 459 553 2110 632">
    <p class='ocr_par' dir='ltr' id='par_1_6' title="bbox 459 553 2110 632">
     <span class='ocr_line' id='line_1_6' title="bbox 459 553 2110 632; baseline -0.004 -16"><span class='ocrx_word' id='word_1_19' title='bbox 459 556 842 632; x_wconf 75' lang='lat' dir='ltr'><strong>imperatoriae</strong></span> <span class='ocrx_word' id='word_1_20' title='bbox 872 556 1001 625; x_wconf 89' lang='lat' dir='ltr'><strong>ejus</strong></span> <span class='ocrx_word' id='word_1_21' title='bbox 1033 553 1430 611; x_wconf 70' lang='lat' dir='ltr'><strong>nbsisteutiaa</strong></span> <span class='ocrx_word' id='word_1_22' title='bbox 1482 560 1680 626; x_wconf 89' lang='lat' dir='ltr'><strong>aperte</strong></span> <span class='ocrx_word' id='word_1_23' title='bbox 1731 555 2016 612; x_wconf 88' lang='lat' dir='ltr'><strong>obtineas.</strong></span> <span class='ocrx_word' id='word_1_24' title='bbox 2047 555 2110 610; x_wconf 83' lang='lat' dir='ltr'><strong>Id</strong></span> 
     </span>
    </p>
   </div>
   <div class='ocr_carea' id='block_1_7' title="bbox 459 644 2110 716">
    <p class='ocr_par' dir='ltr' id='par_1_7' title="bbox 459 644 2110 716">
     <span class='ocr_line' id='line_1_7' title="bbox 459 644 2110 716; baseline -0.003 -10"><span class='ocrx_word' id='word_1_25' title='bbox 459 665 594 706; x_wconf 89' lang='lat' dir='ltr'><strong>vero</strong></span> <span class='ocrx_word' id='word_1_26' title='bbox 649 647 732 702; x_wconf 87' lang='lat' dir='ltr'><strong>sic</strong></span> <span class='ocrx_word' id='word_1_27' title='bbox 777 645 1238 702; x_wconf 80' lang='lat' dir='ltr'><strong>consideremus.</strong></span> <span class='ocrx_word' id='word_1_28' title='bbox 1287 645 1520 716; x_wconf 82' lang='lat' dir='ltr'><strong>Accepit</strong></span> <span class='ocrx_word' id='word_1_29' title='bbox 1570 644 1688 713; x_wconf 91' lang='lat' dir='ltr'><strong>ille,</strong></span> <span class='ocrx_word' id='word_1_30' title='bbox 1733 645 1937 714; x_wconf 83' lang='lat' dir='ltr'><strong>patriis</strong></span> <span class='ocrx_word' id='word_1_31' title='bbox 1986 661 2110 701; x_wconf 91' lang='lat' dir='ltr'><strong>mo-</strong></span> 
     </span>
    </p>
   </div>
   <div class='ocr_carea' id='block_1_8' title="bbox 461 733 2110 805">
    <p class='ocr_par' dir='ltr' id='par_1_8' title="bbox 461 733 2110 805">
     <span class='ocr_line' id='line_1_8' title="bbox 461 733 2110 805; baseline -0.002 -12"><span class='ocrx_word' id='word_1_32' title='bbox 461 739 622 794; x_wconf 90' lang='lat' dir='ltr'><strong>ribus</strong></span> <span class='ocrx_word' id='word_1_33' title='bbox 653 736 894 800; x_wconf 80' lang='lat' dir='ltr'><strong>relictis,</strong></span> <span class='ocrx_word' id='word_1_34' title='bbox 941 753 975 790; x_wconf 93' lang='lat' dir='ltr'><strong>a</strong></span> <span class='ocrx_word' id='word_1_35' title='bbox 1024 733 1140 790; x_wconf 91' lang='lat' dir='ltr'><strong>Deo</strong></span> <span class='ocrx_word' id='word_1_36' title='bbox 1189 733 1489 805; x_wconf 79' lang='lat' dir='ltr'><strong>imperiale</strong></span> <span class='ocrx_word' id='word_1_37' title='bbox 1539 740 1880 804; x_wconf 83' lang='lat' dir='ltr'><strong>sceptrum:</strong></span> <span class='ocrx_word' id='word_1_38' title='bbox 1927 739 1984 789; x_wconf 89' lang='lat' dir='ltr'><strong>et</strong></span> <span class='ocrx_word' id='word_1_39' title='bbox 2025 735 2110 789; x_wconf 89' lang='lat' dir='ltr'><strong>di-</strong></span> 
     </span>
    </p>
   </div>
   <div class='ocr_carea' id='block_1_9' title="bbox 460 821 2114 897">
    <p class='ocr_par' dir='ltr' id='par_1_9' title="bbox 460 821 2114 897">
     <span class='ocr_line' id='line_1_9' title="bbox 460 821 2114 897; baseline -0.002 -15"><span class='ocrx_word' id='word_1_40' title='bbox 460 827 592 882; x_wconf 86' lang='lat' dir='ltr'><strong>vina</strong></span> <span class='ocrx_word' id='word_1_41' title='bbox 625 825 884 897; x_wconf 88' lang='lat' dir='ltr'><strong>potentia</strong></span> <span class='ocrx_word' id='word_1_42' title='bbox 915 825 1162 878; x_wconf 84' lang='lat' dir='ltr'><strong>maxime</strong></span> <span class='ocrx_word' id='word_1_43' title='bbox 1196 824 1400 887; x_wconf 73' lang='lat' dir='ltr'><strong>fretus,</strong></span> <span class='ocrx_word' id='word_1_44' title='bbox 1433 821 1709 878; x_wconf 88' lang='lat' dir='ltr'><strong>scelestos</strong></span> <span class='ocrx_word' id='word_1_45' title='bbox 1740 831 1798 878; x_wconf 88' lang='lat' dir='ltr'><strong>et</strong></span> <span class='ocrx_word' id='word_1_46' title='bbox 1828 824 2114 891; x_wconf 87' lang='lat' dir='ltr'><strong>pernicio-</strong></span> 
     </span>
    </p>
   </div>
   <div class='ocr_carea' id='block_1_10' title="bbox 459 912 2110 984">
    <p class='ocr_par' dir='ltr' id='par_1_10' title="bbox 459 912 2110 984">
     <span class='ocr_line' id='line_1_10' title="bbox 459 912 2110 984; baseline -0.003 -13"><span class='ocrx_word' id='word_1_47' title='bbox 459 933 554 971; x_wconf 85' lang='lat' dir='ltr'><strong>sos</strong></span> <span class='ocrx_word' id='word_1_48' title='bbox 581 919 877 984; x_wconf 76' lang='lat' dir='ltr'><strong>tyrannos,</strong></span> <span class='ocrx_word' id='word_1_49' title='bbox 911 913 970 968; x_wconf 91' lang='lat' dir='ltr'><strong>in</strong></span> <span class='ocrx_word' id='word_1_50' title='bbox 1003 912 1145 966; x_wconf 65' lang='lat' dir='ltr'><strong>caelo</strong></span> <span class='ocrx_word' id='word_1_51' title='bbox 1175 912 1428 968; x_wconf 73' lang='lat' dir='ltr'><strong>victoriae</strong></span> <span class='ocrx_word' id='word_1_52' title='bbox 1458 917 1674 982; x_wconf 76' lang='lat' dir='ltr'><strong>tropaeo</strong></span> <span class='ocrx_word' id='word_1_53' title='bbox 1707 913 1847 980; x_wconf 79' lang='lat' dir='ltr'><strong>viso,</strong></span> <span class='ocrx_word' id='word_1_54' title='bbox 1879 913 2110 968; x_wconf 85' lang='lat' dir='ltr'><strong>devicit.</strong></span> 
     </span>
    </p>
   </div>
   <div class='ocr_carea' id='block_1_11' title="bbox 457 1001 2112 1076">
    <p class='ocr_par' dir='ltr' id='par_1_11' title="bbox 457 1001 2112 1076">
     <span class='ocr_line' id='line_1_11' title="bbox 457 1001 2112 1076; baseline -0.003 -15"><span class='ocrx_word' id='word_1_55' title='bbox 457 1008 540 1062; x_wconf 88' lang='lat' dir='ltr'><strong>Tu</strong></span> <span class='ocrx_word' id='word_1_56' title='bbox 575 1021 810 1076; x_wconf 89' lang='lat' dir='ltr'><strong>quoque</strong></span> <span class='ocrx_word' id='word_1_57' title='bbox 837 1003 908 1057; x_wconf 85' lang='lat' dir='ltr'><strong>ad</strong></span> <span class='ocrx_word' id='word_1_58' title='bbox 939 1001 1212 1058; x_wconf 88' lang='lat' dir='ltr'><strong>eumdem</strong></span> <span class='ocrx_word' id='word_1_59' title='bbox 1246 1003 1742 1070; x_wconf 86' lang='lat' dir='ltr'><strong>modum,summa</strong></span> <span class='ocrx_word' id='word_1_60' title='bbox 1765 1019 1958 1057; x_wconf 88' lang='lat' dir='ltr'><strong>rerum</strong></span> <span class='ocrx_word' id='word_1_61' title='bbox 1983 1019 2112 1056; x_wconf 88' lang='lat' dir='ltr'><strong>sus-</strong></span> 
     </span>
    </p>
   </div>
   <div class='ocr_carea' id='block_1_12' title="bbox 458 1091 2115 1165">
    <p class='ocr_par' dir='ltr' id='par_1_12' title="bbox 458 1091 2115 1165">
     <span class='ocr_line' id='line_1_12' title="bbox 458 1091 2115 1165; baseline -0.003 -14"><span class='ocrx_word' id='word_1_62' title='bbox 458 1104 644 1165; x_wconf 83' lang='lat' dir='ltr'><strong>cepta,</strong></span> <span class='ocrx_word' id='word_1_63' title='bbox 689 1098 746 1148; x_wconf 89' lang='lat' dir='ltr'><strong>et</strong></span> <span class='ocrx_word' id='word_1_64' title='bbox 789 1093 1010 1147; x_wconf 87' lang='lat' dir='ltr'><strong>victrici</strong></span> <span class='ocrx_word' id='word_1_65' title='bbox 1063 1096 1360 1146; x_wconf 82' lang='lat' dir='ltr'><strong>armatura</strong></span> <span class='ocrx_word' id='word_1_66' title='bbox 1409 1107 1523 1145; x_wconf 92' lang='lat' dir='ltr'><strong>non</strong></span> <span class='ocrx_word' id='word_1_67' title='bbox 1573 1091 1767 1159; x_wconf 86' lang='lat' dir='ltr'><strong>semel,</strong></span> <span class='ocrx_word' id='word_1_68' title='bbox 1818 1093 1920 1146; x_wconf 86' lang='lat' dir='ltr'><strong>sed</strong></span> <span class='ocrx_word' id='word_1_69' title='bbox 1973 1107 2115 1146; x_wconf 88' lang='lat' dir='ltr'><strong>con-</strong></span> 
     </span>
    </p>
   </div>
   <div class='ocr_carea' id='block_1_13' title="bbox 455 1179 2111 1254">
    <p class='ocr_par' dir='ltr' id='par_1_13' title="bbox 455 1179 2111 1254">
     <span class='ocr_line' id='line_1_13' title="bbox 455 1179 2111 1254; baseline -0.001 -15"><span class='ocrx_word' id='word_1_70' title='bbox 455 1183 620 1240; x_wconf 89' lang='lat' dir='ltr'><strong>tinue</strong></span> <span class='ocrx_word' id='word_1_71' title='bbox 649 1183 933 1254; x_wconf 88' lang='lat' dir='ltr'><strong>inspecta,</strong></span> <span class='ocrx_word' id='word_1_72' title='bbox 967 1185 1143 1251; x_wconf 88' lang='lat' dir='ltr'><strong>atque</strong></span> <span class='ocrx_word' id='word_1_73' title='bbox 1177 1179 1234 1234; x_wconf 91' lang='lat' dir='ltr'><strong>in</strong></span> <span class='ocrx_word' id='word_1_74' title='bbox 1283 1181 1558 1236; x_wconf 88' lang='lat' dir='ltr'><strong>manibus</strong></span> <span class='ocrx_word' id='word_1_75' title='bbox 1589 1185 1833 1252; x_wconf 81' lang='lat' dir='ltr'><strong>gestata,</strong></span> <span class='ocrx_word' id='word_1_76' title='bbox 1865 1197 1966 1236; x_wconf 87' lang='lat' dir='ltr'><strong>seu</strong></span> <span class='ocrx_word' id='word_1_77' title='bbox 2007 1199 2111 1253; x_wconf 91' lang='lat' dir='ltr'><strong>po-</strong></span> 
     </span>
    </p>
   </div>
   <div class='ocr_carea' id='block_1_14' title="bbox 455 1271 2114 1342">
    <p class='ocr_par' dir='ltr' id='par_1_14' title="bbox 455 1271 2114 1342">
     <span class='ocr_line' id='line_1_14' title="bbox 455 1271 2114 1342; baseline -0.004 -10"><span class='ocrx_word' id='word_1_78' title='bbox 455 1277 574 1332; x_wconf 87' lang='lat' dir='ltr'><strong>tius</strong></span> <span class='ocrx_word' id='word_1_79' title='bbox 604 1275 662 1330; x_wconf 90' lang='lat' dir='ltr'><strong>in</strong></span> <span class='ocrx_word' id='word_1_80' title='bbox 699 1273 870 1330; x_wconf 89' lang='lat' dir='ltr'><strong>corde</strong></span> <span class='ocrx_word' id='word_1_81' title='bbox 899 1279 1020 1341; x_wconf 90' lang='lat' dir='ltr'><strong>tuo,</strong></span> <span class='ocrx_word' id='word_1_82' title='bbox 1052 1277 1118 1328; x_wconf 89' lang='lat' dir='ltr'><strong>ut</strong></span> <span class='ocrx_word' id='word_1_83' title='bbox 1157 1288 1257 1342; x_wconf 90' lang='lat' dir='ltr'><strong>per</strong></span> <span class='ocrx_word' id='word_1_84' title='bbox 1291 1287 1468 1342; x_wconf 89' lang='lat' dir='ltr'><strong>quam</strong></span> <span class='ocrx_word' id='word_1_85' title='bbox 1523 1271 1706 1326; x_wconf 88' lang='lat' dir='ltr'><strong>solam</strong></span> <span class='ocrx_word' id='word_1_86' title='bbox 1749 1277 1806 1327; x_wconf 90' lang='lat' dir='ltr'><strong>et</strong></span> <span class='ocrx_word' id='word_1_87' title='bbox 1857 1273 2018 1328; x_wconf 85' lang='lat' dir='ltr'><strong>vivas</strong></span> <span class='ocrx_word' id='word_1_88' title='bbox 2059 1278 2114 1328; x_wconf 88' lang='lat' dir='ltr'><strong>et</strong></span> 
     </span>
    </p>
   </div>
   <div class='ocr_carea' id='block_1_15' title="bbox 457 1359 2114 1435">
    <p class='ocr_par' dir='ltr' id='par_1_15' title="bbox 457 1359 2114 1435">
     <span class='ocr_line' id='line_1_15' title="bbox 457 1359 2114 1435; baseline -0.003 -16"><span class='ocrx_word' id='word_1_89' title='bbox 457 1365 643 1435; x_wconf 87' lang='lat' dir='ltr'><strong>spires</strong></span> <span class='ocrx_word' id='word_1_90' title='bbox 674 1367 730 1417; x_wconf 87' lang='lat' dir='ltr'><strong>et</strong></span> <span class='ocrx_word' id='word_1_91' title='bbox 763 1377 1045 1429; x_wconf 81' lang='lat' dir='ltr'><strong>moveare,</strong></span> <span class='ocrx_word' id='word_1_92' title='bbox 1077 1359 1440 1426; x_wconf 86' lang='lat' dir='ltr'><strong>circumlata,</strong></span> <span class='ocrx_word' id='word_1_93' title='bbox 1481 1359 1708 1427; x_wconf 87' lang='lat' dir='ltr'><strong>itidem,</strong></span> <span class='ocrx_word' id='word_1_94' title='bbox 1739 1365 1806 1414; x_wconf 92' lang='lat' dir='ltr'><strong>ut</strong></span> <span class='ocrx_word' id='word_1_95' title='bbox 1844 1359 1962 1426; x_wconf 86' lang='lat' dir='ltr'><strong>ille,</strong></span> <span class='ocrx_word' id='word_1_96' title='bbox 1995 1360 2114 1415; x_wconf 78' lang='lat' dir='ltr'><strong>for-</strong></span> 
     </span>
    </p>
   </div>
   <div class='ocr_carea' id='block_1_16' title="bbox 455 1448 2113 1520">
    <p class='ocr_par' dir='ltr' id='par_1_16' title="bbox 455 1448 2113 1520">
     <span class='ocr_line' id='line_1_16' title="bbox 455 1448 2113 1520; baseline -0.003 -11"><span class='ocrx_word' id='word_1_97' title='bbox 455 1453 594 1508; x_wconf 88' lang='lat' dir='ltr'><strong>titer</strong></span> <span class='ocrx_word' id='word_1_98' title='bbox 646 1450 1012 1506; x_wconf 88' lang='lat' dir='ltr'><strong>adversarios</strong></span> <span class='ocrx_word' id='word_1_99' title='bbox 1070 1448 1382 1520; x_wconf 79' lang='lat' dir='ltr'><strong>superasti,</strong></span> <span class='ocrx_word' id='word_1_100' title='bbox 1433 1449 1768 1518; x_wconf 73' lang='lat' dir='ltr'><strong>quicunque</strong></span> <span class='ocrx_word' id='word_1_101' title='bbox 1825 1465 2113 1519; x_wconf 88' lang='lat' dir='ltr'><strong>opponere</strong></span> 
     </span>
    </p>
   </div>
   <div class='ocr_carea' id='block_1_17' title="bbox 457 1538 2114 1608">
    <p class='ocr_par' dir='ltr' id='par_1_17' title="bbox 457 1538 2114 1608">
     <span class='ocr_line' id='line_1_17' title="bbox 457 1538 2114 1608; baseline -0.004 -9"><span class='ocrx_word' id='word_1_102' title='bbox 457 1559 522 1599; x_wconf 81' lang='lat' dir='ltr'><strong>se</strong></span> <span class='ocrx_word' id='word_1_103' title='bbox 553 1541 660 1596; x_wconf 88' lang='lat' dir='ltr'><strong>tibi</strong></span> <span class='ocrx_word' id='word_1_104' title='bbox 693 1544 834 1596; x_wconf 88' lang='lat' dir='ltr'><strong>sunt</strong></span> <span class='ocrx_word' id='word_1_105' title='bbox 881 1539 1034 1604; x_wconf 87' lang='lat' dir='ltr'><strong>ausi,</strong></span> <span class='ocrx_word' id='word_1_106' title='bbox 1067 1539 1398 1608; x_wconf 88' lang='lat' dir='ltr'><strong>invictoque</strong></span> <span class='ocrx_word' id='word_1_107' title='bbox 1447 1540 1624 1592; x_wconf 81' lang='lat' dir='ltr'><strong>Marte</strong></span> <span class='ocrx_word' id='word_1_108' title='bbox 1663 1539 1734 1592; x_wconf 89' lang='lat' dir='ltr'><strong>de</strong></span> <span class='ocrx_word' id='word_1_109' title='bbox 1777 1538 1860 1593; x_wconf 86' lang='lat' dir='ltr'><strong>eis</strong></span> <span class='ocrx_word' id='word_1_110' title='bbox 1901 1541 2114 1592; x_wconf 88' lang='lat' dir='ltr'><strong>trium-</strong></span> 
     </span>
    </p>
   </div>
   <div class='ocr_carea' id='block_1_18' title="bbox 461 1627 2108 1705">
    <p class='ocr_par' dir='ltr' id='par_1_18' title="bbox 461 1627 2108 1705">
     <span class='ocr_line' id='line_1_18' title="bbox 461 1627 2108 1705; baseline -0.002 -20"><span class='ocrx_word' id='word_1_111' title='bbox 461 1631 644 1705; x_wconf 87' lang='lat' dir='ltr'><strong>phum</strong></span> <span class='ocrx_word' id='word_1_112' title='bbox 677 1628 868 1701; x_wconf 85' lang='lat' dir='ltr'><strong>egisti.</strong></span> <span class='ocrx_word' id='word_1_113' title='bbox 899 1628 1038 1691; x_wconf 84' lang='lat' dir='ltr'><strong>Quis</strong></span> <span class='ocrx_word' id='word_1_114' title='bbox 1072 1643 1322 1698; x_wconf 84' lang='lat' dir='ltr'><strong>namque</strong></span> <span class='ocrx_word' id='word_1_115' title='bbox 1355 1635 1406 1682; x_wconf 89' lang='lat' dir='ltr'><strong>te</strong></span> <span class='ocrx_word' id='word_1_116' title='bbox 1435 1627 1692 1698; x_wconf 83' lang='lat' dir='ltr'><strong>aspicere</strong></span> <span class='ocrx_word' id='word_1_117' title='bbox 1739 1627 1946 1683; x_wconf 88' lang='lat' dir='ltr'><strong>saltem</strong></span> <span class='ocrx_word' id='word_1_118' title='bbox 1979 1645 2108 1682; x_wconf 78' lang='lat' dir='ltr'><strong>sus-</strong></span> 
     </span>
    </p>
   </div>
   <div class='ocr_carea' id='block_1_19' title="bbox 457 1715 2107 1786">
    <p class='ocr_par' dir='ltr' id='par_1_19' title="bbox 457 1715 2107 1786">
     <span class='ocr_line' id='line_1_19' title="bbox 457 1715 2107 1786; baseline -0.004 -10"><span class='ocrx_word' id='word_1_119' title='bbox 457 1720 658 1786; x_wconf 87' lang='lat' dir='ltr'><strong>tinuit,</strong></span> <span class='ocrx_word' id='word_1_120' title='bbox 693 1719 822 1774; x_wconf 84' lang='lat' dir='ltr'><strong>forti</strong></span> <span class='ocrx_word' id='word_1_121' title='bbox 859 1733 1036 1772; x_wconf 89' lang='lat' dir='ltr'><strong>manu</strong></span> <span class='ocrx_word' id='word_1_122' title='bbox 1087 1715 1189 1770; x_wconf 88' lang='lat' dir='ltr'><strong>Dei</strong></span> <span class='ocrx_word' id='word_1_123' title='bbox 1239 1721 1294 1770; x_wconf 91' lang='lat' dir='ltr'><strong>et</strong></span> <span class='ocrx_word' id='word_1_124' title='bbox 1341 1716 1565 1771; x_wconf 81' lang='lat' dir='ltr'><strong>excelso</strong></span> <span class='ocrx_word' id='word_1_125' title='bbox 1615 1715 1852 1771; x_wconf 87' lang='lat' dir='ltr'><strong>brachio</strong></span> <span class='ocrx_word' id='word_1_126' title='bbox 1903 1717 2107 1771; x_wconf 74' lang='lat' dir='ltr'><strong>sufful—</strong></span> 
     </span>
    </p>
   </div>
   <div class='ocr_carea' id='block_1_20' title="bbox 458 1805 2114 1868">
    <p class='ocr_par' dir='ltr' id='par_1_20' title="bbox 458 1805 2114 1868">
     <span class='ocr_line' id='line_1_20' title="bbox 458 1805 2114 1868; baseline -0.004 0"><span class='ocrx_word' id='word_1_127' title='bbox 458 1817 582 1868; x_wconf 89' lang='lat' dir='ltr'><strong>tum</strong></span> <span class='ocrx_word' id='word_1_128' title='bbox 616 1815 672 1866; x_wconf 89' lang='lat' dir='ltr'><strong>et</strong></span> <span class='ocrx_word' id='word_1_129' title='bbox 703 1809 1112 1865; x_wconf 87' lang='lat' dir='ltr'><strong>conﬁrmatum</strong></span> <span class='ocrx_word' id='word_1_130' title='bbox 1133 1805 1160 1860; x_wconf 80' lang='lat' dir='ltr'><strong>‘l</strong></span> <span class='ocrx_word' id='word_1_131' title='bbox 1185 1806 1462 1861; x_wconf 83' lang='lat' dir='ltr'><strong>Excitavit</strong></span> <span class='ocrx_word' id='word_1_132' title='bbox 1491 1805 1589 1860; x_wconf 89' lang='lat' dir='ltr'><strong>ille</strong></span> <span class='ocrx_word' id='word_1_133' title='bbox 1618 1811 1676 1861; x_wconf 88' lang='lat' dir='ltr'><strong>et</strong></span> <span class='ocrx_word' id='word_1_134' title='bbox 1696 1807 1980 1862; x_wconf 83' lang='lat' dir='ltr'><strong>exstruxit</strong></span> <span class='ocrx_word' id='word_1_135' title='bbox 2003 1809 2114 1862; x_wconf 89' lang='lat' dir='ltr'><strong>Deo</strong></span> 
     </span>
    </p>
   </div>
   <div class='ocr_carea' id='block_1_21' title="bbox 461 1897 2112 1968">
    <p class='ocr_par' dir='ltr' id='par_1_21' title="bbox 461 1897 2112 1968">
     <span class='ocr_line' id='line_1_21' title="bbox 461 1897 2112 1968; baseline -0.004 -10"><span class='ocrx_word' id='word_1_136' title='bbox 461 1902 664 1958; x_wconf 86' lang='lat' dir='ltr'><strong>urbem</strong></span> <span class='ocrx_word' id='word_1_137' title='bbox 733 1897 1116 1968; x_wconf 87' lang='lat' dir='ltr'><strong>imperialem,</strong></span> <span class='ocrx_word' id='word_1_138' title='bbox 1175 1898 1558 1966; x_wconf 87' lang='lat' dir='ltr'><strong>eamdemque</strong></span> <span class='ocrx_word' id='word_1_139' title='bbox 1616 1897 1686 1951; x_wconf 89' lang='lat' dir='ltr'><strong>ad</strong></span> <span class='ocrx_word' id='word_1_140' title='bbox 1753 1897 1996 1952; x_wconf 87' lang='lat' dir='ltr'><strong>formam</strong></span> <span class='ocrx_word' id='word_1_141' title='bbox 2057 1902 2112 1951; x_wconf 80' lang='lat' dir='ltr'><strong>et</strong></span> 
     </span>
    </p>
   </div>
   <div class='ocr_carea' id='block_1_22' title="bbox 461 1985 2110 2062">
    <p class='ocr_par' dir='ltr' id='par_1_22' title="bbox 461 1985 2110 2062">
     <span class='ocr_line' id='line_1_22' title="bbox 461 1985 2110 2062; baseline -0.004 -14"><span class='ocrx_word' id='word_1_142' title='bbox 461 1989 926 2062; x_wconf 82' lang='lat' dir='ltr'><strong>magnitudinem</strong></span> <span class='ocrx_word' id='word_1_143' title='bbox 957 1987 1256 2058; x_wconf 82' lang='lat' dir='ltr'><strong>ingentem</strong></span> <span class='ocrx_word' id='word_1_144' title='bbox 1287 1987 1513 2048; x_wconf 81' lang='lat' dir='ltr'><strong>extulit,</strong></span> <span class='ocrx_word' id='word_1_145' title='bbox 1547 2003 1662 2041; x_wconf 91' lang='lat' dir='ltr'><strong>non</strong></span> <span class='ocrx_word' id='word_1_146' title='bbox 1695 1985 1884 2042; x_wconf 89' lang='lat' dir='ltr'><strong>solum</strong></span> <span class='ocrx_word' id='word_1_147' title='bbox 1919 2001 2110 2042; x_wconf 88' lang='lat' dir='ltr'><strong>neces-</strong></span> 
     </span>
    </p>
   </div>
   <div class='ocr_carea' id='block_1_23' title="bbox 460 2075 2110 2146">
    <p class='ocr_par' dir='ltr' id='par_1_23' title="bbox 460 2075 2110 2146">
     <span class='ocr_line' id='line_1_23' title="bbox 460 2075 2110 2146; baseline -0.006 -8"><span class='ocrx_word' id='word_1_148' title='bbox 460 2080 632 2138; x_wconf 85' lang='lat' dir='ltr'><strong>sariis</strong></span> <span class='ocrx_word' id='word_1_149' title='bbox 666 2080 839 2134; x_wconf 80' lang='lat' dir='ltr'><strong>rebus</strong></span> <span class='ocrx_word' id='word_1_150' title='bbox 869 2077 1325 2140; x_wconf 86' lang='lat' dir='ltr'><strong>abunde,verum</strong></span> <span class='ocrx_word' id='word_1_151' title='bbox 1348 2079 1522 2130; x_wconf 88' lang='lat' dir='ltr'><strong>etiam</strong></span> <span class='ocrx_word' id='word_1_152' title='bbox 1547 2075 1858 2145; x_wconf 79' lang='lat' dir='ltr'><strong>superﬁcie</strong></span> <span class='ocrx_word' id='word_1_153' title='bbox 1891 2075 2110 2146; x_wconf 87' lang='lat' dir='ltr'><strong>magni-</strong></span> 
     </span>
    </p>
   </div>
   <div class='ocr_carea' id='block_1_24' title="bbox 459 2164 2110 2234">
    <p class='ocr_par' dir='ltr' id='par_1_24' title="bbox 459 2164 2110 2234">
     <span class='ocr_line' id='line_1_24' title="bbox 459 2164 2110 2234; baseline -0.005 -8"><span class='ocrx_word' id='word_1_154' title='bbox 459 2169 568 2226; x_wconf 82' lang='lat' dir='ltr'><strong>ﬁce</strong></span> <span class='ocrx_word' id='word_1_155' title='bbox 597 2183 908 2234; x_wconf 84' lang='lat' dir='ltr'><strong>exornans,</strong></span> <span class='ocrx_word' id='word_1_156' title='bbox 940 2181 1043 2220; x_wconf 88' lang='lat' dir='ltr'><strong>nec</strong></span> <span class='ocrx_word' id='word_1_157' title='bbox 1076 2179 1190 2218; x_wconf 89' lang='lat' dir='ltr'><strong>non</strong></span> <span class='ocrx_word' id='word_1_158' title='bbox 1223 2168 1438 2234; x_wconf 68' lang='lat' dir='ltr'><strong>tropaea</strong></span> <span class='ocrx_word' id='word_1_159' title='bbox 1482 2164 1552 2218; x_wconf 90' lang='lat' dir='ltr'><strong>de</strong></span> <span class='ocrx_word' id='word_1_160' title='bbox 1587 2164 1978 2234; x_wconf 73' lang='lat' dir='ltr'><strong>praedonibus,</strong></span> <span class='ocrx_word' id='word_1_161' title='bbox 2011 2165 2110 2234; x_wconf 88' lang='lat' dir='ltr'><strong>qui</strong></span> 
     </span>
    </p>
   </div>
   <div class='ocr_carea' id='block_1_25' title="bbox 457 2251 2110 2327">
    <p class='ocr_par' dir='ltr' id='par_1_25' title="bbox 457 2251 2110 2327">
     <span class='ocr_line' id='line_1_25' title="bbox 457 2251 2110 2327; baseline -0.005 -13"><span class='ocrx_word' id='word_1_162' title='bbox 457 2257 645 2314; x_wconf 89' lang='lat' dir='ltr'><strong>multo</strong></span> <span class='ocrx_word' id='word_1_163' title='bbox 696 2260 956 2327; x_wconf 89' lang='lat' dir='ltr'><strong>tempore</strong></span> <span class='ocrx_word' id='word_1_164' title='bbox 987 2254 1038 2308; x_wconf 90' lang='lat' dir='ltr'><strong>ei</strong></span> <span class='ocrx_word' id='word_1_165' title='bbox 1095 2251 1529 2312; x_wconf 88' lang='lat' dir='ltr'><strong>incubaverant.</strong></span> <span class='ocrx_word' id='word_1_166' title='bbox 1577 2253 1797 2324; x_wconf 89' lang='lat' dir='ltr'><strong>ejectis,</strong></span> <span class='ocrx_word' id='word_1_167' title='bbox 1825 2255 2110 2308; x_wconf 89' lang='lat' dir='ltr'><strong>statuens.</strong></span> 
     </span>
    </p>
   </div>
   <div class='ocr_carea' id='block_1_26' title="bbox 455 2342 2108 2414">
    <p class='ocr_par' dir='ltr' id='par_1_26' title="bbox 455 2342 2108 2414">
     <span class='ocr_line' id='line_1_26' title="bbox 455 2342 2108 2414; baseline -0.004 -10"><span class='ocrx_word' id='word_1_168' title='bbox 455 2345 738 2404; x_wconf 88' lang='lat' dir='ltr'><strong>Liberasti</strong></span> <span class='ocrx_word' id='word_1_169' title='bbox 777 2345 923 2400; x_wconf 86' lang='lat' dir='ltr'><strong>hanc</strong></span> <span class='ocrx_word' id='word_1_170' title='bbox 953 2347 1016 2398; x_wconf 91' lang='lat' dir='ltr'><strong>tu</strong></span> <span class='ocrx_word' id='word_1_171' title='bbox 1049 2357 1278 2413; x_wconf 87' lang='lat' dir='ltr'><strong>quoque</strong></span> <span class='ocrx_word' id='word_1_172' title='bbox 1307 2343 1378 2398; x_wconf 89' lang='lat' dir='ltr'><strong>ab</strong></span> <span class='ocrx_word' id='word_1_173' title='bbox 1415 2342 1497 2398; x_wconf 86' lang='lat' dir='ltr'><strong>eis</strong></span> <span class='ocrx_word' id='word_1_174' title='bbox 1542 2342 1643 2414; x_wconf 88' lang='lat' dir='ltr'><strong>qui</strong></span> <span class='ocrx_word' id='word_1_175' title='bbox 1687 2357 1814 2397; x_wconf 87' lang='lat' dir='ltr'><strong>eam</strong></span> <span class='ocrx_word' id='word_1_176' title='bbox 1861 2358 2108 2414; x_wconf 90' lang='lat' dir='ltr'><strong>occupa-</strong></span> 
     </span>
    </p>
   </div>
   <div class='ocr_carea' id='block_1_27' title="bbox 455 2433 2111 2502">
    <p class='ocr_par' dir='ltr' id='par_1_27' title="bbox 455 2433 2111 2502">
     <span class='ocr_line' id='line_1_27' title="bbox 455 2433 2111 2502; baseline -0.003 -10"><span class='ocrx_word' id='word_1_177' title='bbox 455 2441 662 2494; x_wconf 87' lang='lat' dir='ltr'><strong>verant</strong></span> <span class='ocrx_word' id='word_1_178' title='bbox 691 2435 1039 2498; x_wconf 88' lang='lat' dir='ltr'><strong>latronibus,</strong></span> <span class='ocrx_word' id='word_1_179' title='bbox 1090 2447 1417 2502; x_wconf 87' lang='lat' dir='ltr'><strong>novamque</strong></span> <span class='ocrx_word' id='word_1_180' title='bbox 1466 2448 1592 2486; x_wconf 87' lang='lat' dir='ltr'><strong>eam</strong></span> <span class='ocrx_word' id='word_1_181' title='bbox 1634 2438 1688 2486; x_wconf 90' lang='lat' dir='ltr'><strong>et</strong></span> <span class='ocrx_word' id='word_1_182' title='bbox 1730 2433 2111 2501; x_wconf 87' lang='lat' dir='ltr'><strong>juvenesceu-</strong></span> 
     </span>
    </p>
   </div>
   <div class='ocr_carea' id='block_1_28' title="bbox 457 2520 2112 2584">
    <p class='ocr_par' dir='ltr' id='par_1_28' title="bbox 457 2520 2112 2584">
     <span class='ocr_line' id='line_1_28' title="bbox 457 2520 2112 2584; baseline -0.004 -1"><span class='ocrx_word' id='word_1_183' title='bbox 457 2531 578 2584; x_wconf 87' lang='lat' dir='ltr'><strong>tem</strong></span> <span class='ocrx_word' id='word_1_184' title='bbox 620 2522 943 2583; x_wconf 86' lang='lat' dir='ltr'><strong>reddidisti,</strong></span> <span class='ocrx_word' id='word_1_185' title='bbox 1003 2521 1296 2578; x_wconf 77' lang='lat' dir='ltr'><strong>mmnibus</strong></span> <span class='ocrx_word' id='word_1_186' title='bbox 1353 2520 1557 2576; x_wconf 87' lang='lat' dir='ltr'><strong>solidis</strong></span> <span class='ocrx_word' id='word_1_187' title='bbox 1625 2521 1998 2576; x_wconf 88' lang='lat' dir='ltr'><strong>circumcirca</strong></span> <span class='ocrx_word' id='word_1_188' title='bbox 2045 2537 2112 2577; x_wconf 86' lang='lat' dir='ltr'><strong>ea</strong></span> 
     </span>
    </p>
   </div>
   <div class='ocr_carea' id='block_1_29' title="bbox 457 2609 2115 2683">
    <p class='ocr_par' dir='ltr' id='par_1_29' title="bbox 457 2609 2115 2683">
     <span class='ocr_line' id='line_1_29' title="bbox 457 2609 2115 2683; baseline -0.006 -9"><span class='ocrx_word' id='word_1_189' title='bbox 457 2615 685 2683; x_wconf 79' lang='lat' dir='ltr'><strong>vallata,</strong></span> <span class='ocrx_word' id='word_1_190' title='bbox 719 2611 966 2683; x_wconf 88' lang='lat' dir='ltr'><strong>aliisque</strong></span> <span class='ocrx_word' id='word_1_191' title='bbox 995 2611 1118 2682; x_wconf 83' lang='lat' dir='ltr'><strong>ejus</strong></span> <span class='ocrx_word' id='word_1_192' title='bbox 1147 2609 1404 2665; x_wconf 60' lang='lat' dir='ltr'><strong>(adiﬁciis</strong></span> <span class='ocrx_word' id='word_1_193' title='bbox 1455 2609 1797 2681; x_wconf 84' lang='lat' dir='ltr'><strong>perpulchra</strong></span> <span class='ocrx_word' id='word_1_194' title='bbox 1831 2615 1900 2664; x_wconf 84' lang='lat' dir='ltr'><strong>et</strong></span> <span class='ocrx_word' id='word_1_195' title='bbox 1929 2609 2115 2665; x_wconf 62' lang='lat' dir='ltr'><strong>ambio</strong></span> 
     </span>
    </p>
   </div>
   <div class='ocr_carea' id='block_1_30' title="bbox 461 2698 2112 2772">
    <p class='ocr_par' dir='ltr' id='par_1_30' title="bbox 461 2698 2112 2772">
     <span class='ocr_line' id='line_1_30' title="bbox 461 2698 2112 2772; baseline -0.005 -11"><span class='ocrx_word' id='word_1_196' title='bbox 461 2705 608 2762; x_wconf 90' lang='lat' dir='ltr'><strong>tiose</strong></span> <span class='ocrx_word' id='word_1_197' title='bbox 629 2703 963 2771; x_wconf 85' lang='lat' dir='ltr'><strong>exstructis,</strong></span> <span class='ocrx_word' id='word_1_198' title='bbox 999 2717 1124 2772; x_wconf 66' lang='lat' dir='ltr'><strong>qua</strong></span> <span class='ocrx_word' id='word_1_199' title='bbox 1157 2699 1287 2754; x_wconf 71' lang='lat' dir='ltr'><strong>laeta</strong></span> <span class='ocrx_word' id='word_1_200' title='bbox 1330 2698 1548 2770; x_wconf 89' lang='lat' dir='ltr'><strong>ubique</strong></span> <span class='ocrx_word' id='word_1_201' title='bbox 1597 2699 1722 2754; x_wconf 69' lang='lat' dir='ltr'><strong>laete</strong></span> <span class='ocrx_word' id='word_1_202' title='bbox 1765 2715 1891 2754; x_wconf 89' lang='lat' dir='ltr'><strong>sese</strong></span> <span class='ocrx_word' id='word_1_203' title='bbox 1928 2699 2112 2754; x_wconf 89' lang='lat' dir='ltr'><strong>oculis</strong></span> 
     </span>
    </p>
   </div>
   <div class='ocr_carea' id='block_1_31' title="bbox 460 2788 2111 2863">
    <p class='ocr_par' dir='ltr' id='par_1_31' title="bbox 460 2788 2111 2863">
     <span class='ocr_line' id='line_1_31' title="bbox 460 2788 2111 2863; baseline -0.006 -11"><span class='ocrx_word' id='word_1_204' title='bbox 460 2794 725 2852; x_wconf 88' lang='lat' dir='ltr'><strong>omnium</strong></span> <span class='ocrx_word' id='word_1_205' title='bbox 757 2794 1034 2863; x_wconf 87' lang='lat' dir='ltr'><strong>ingerunt</strong></span> <span class='ocrx_word' id='word_1_206' title='bbox 1061 2794 1120 2844; x_wconf 90' lang='lat' dir='ltr'><strong>et</strong></span> <span class='ocrx_word' id='word_1_207' title='bbox 1139 2796 1492 2858; x_wconf 80' lang='lat' dir='ltr'><strong>consurgunt</strong></span> <span class='ocrx_word' id='word_1_208' title='bbox 1521 2805 1536 2842; x_wconf 89' lang='lat'><strong>:</strong></span> <span class='ocrx_word' id='word_1_209' title='bbox 1561 2788 1918 2858; x_wconf 82' lang='lat' dir='ltr'><strong>eti&#39;ecistique</strong></span> <span class='ocrx_word' id='word_1_210' title='bbox 1947 2788 2111 2858; x_wconf 88' lang='lat' dir='ltr'><strong>adeo,</strong></span> 
     </span>
    </p>
   </div>
   <div class='ocr_carea' id='block_1_32' title="bbox 463 2877 2114 2951">
    <p class='ocr_par' dir='ltr' id='par_1_32' title="bbox 463 2877 2114 2951">
     <span class='ocr_line' id='line_1_32' title="bbox 463 2877 2114 2951; baseline -0.004 -12"><span class='ocrx_word' id='word_1_211' title='bbox 463 2888 532 2940; x_wconf 90' lang='lat' dir='ltr'><strong>ut</strong></span> <span class='ocrx_word' id='word_1_212' title='bbox 559 2897 685 2950; x_wconf 87' lang='lat' dir='ltr'><strong>suo,</strong></span> <span class='ocrx_word' id='word_1_213' title='bbox 713 2882 788 2936; x_wconf 92' lang='lat' dir='ltr'><strong>ita</strong></span> <span class='ocrx_word' id='word_1_214' title='bbox 846 2885 912 2936; x_wconf 90' lang='lat' dir='ltr'><strong>ut</strong></span> <span class='ocrx_word' id='word_1_215' title='bbox 939 2878 1282 2951; x_wconf 85' lang='lat' dir='ltr'><strong>appellatur,</strong></span> <span class='ocrx_word' id='word_1_216' title='bbox 1333 2877 1683 2947; x_wconf 87' lang='lat' dir='ltr'><strong>respondeat</strong></span> <span class='ocrx_word' id='word_1_217' title='bbox 1729 2879 1976 2942; x_wconf 89' lang='lat' dir='ltr'><strong>nomini,</strong></span> <span class='ocrx_word' id='word_1_218' title='bbox 2015 2880 2114 2948; x_wconf 88' lang='lat' dir='ltr'><strong>qui</strong></span> 
     </span>
    </p>
   </div>
   <div class='ocr_carea' id='block_1_33' title="bbox 463 2967 2109 3038">
    <p class='ocr_par' dir='ltr' id='par_1_33' title="bbox 463 2967 2109 3038">
     <span class='ocr_line' id='line_1_33' title="bbox 463 2967 2109 3038; baseline -0.004 -11"><span class='ocrx_word' id='word_1_219' title='bbox 463 2972 610 3027; x_wconf 85' lang='lat' dir='ltr'><strong>alter</strong></span> <span class='ocrx_word' id='word_1_220' title='bbox 655 2969 878 3024; x_wconf 88' lang='lat' dir='ltr'><strong>scilicet</strong></span> <span class='ocrx_word' id='word_1_221' title='bbox 936 2967 1198 3024; x_wconf 89' lang='lat' dir='ltr'><strong>conditor</strong></span> <span class='ocrx_word' id='word_1_222' title='bbox 1239 2969 1370 3038; x_wconf 88' lang='lat' dir='ltr'><strong>ejus</strong></span> <span class='ocrx_word' id='word_1_223' title='bbox 1414 2982 1476 3020; x_wconf 89' lang='lat' dir='ltr'><strong>es</strong></span> <span class='ocrx_word' id='word_1_224' title='bbox 1521 2970 1577 3021; x_wconf 93' lang='lat' dir='ltr'><strong>et</strong></span> <span class='ocrx_word' id='word_1_225' title='bbox 1624 2968 1768 3021; x_wconf 89' lang='lat' dir='ltr'><strong>deus</strong></span> <span class='ocrx_word' id='word_1_226' title='bbox 1823 2967 2109 3022; x_wconf 80' lang='lat' dir='ltr'><strong>tutelaris.</strong></span> 
     </span>
    </p>
   </div>
   <div class='ocr_carea' id='block_1_34' title="bbox 462 3053 2115 3128">
    <p class='ocr_par' dir='ltr' id='par_1_34' title="bbox 462 3053 2115 3128">
     <span class='ocr_line' id='line_1_34' title="bbox 462 3053 2115 3128; baseline -0.003 -13"><span class='ocrx_word' id='word_1_227' title='bbox 462 3061 564 3116; x_wconf 91' lang='lat' dir='ltr'><strong>Ille</strong></span> <span class='ocrx_word' id='word_1_228' title='bbox 597 3059 728 3115; x_wconf 89' lang='lat' dir='ltr'><strong>ﬁdei</strong></span> <span class='ocrx_word' id='word_1_229' title='bbox 759 3059 972 3128; x_wconf 89' lang='lat' dir='ltr'><strong>dogma</strong></span> <span class='ocrx_word' id='word_1_230' title='bbox 1001 3055 1388 3122; x_wconf 85' lang='lat' dir='ltr'><strong>conﬁrmavit,</strong></span> <span class='ocrx_word' id='word_1_231' title='bbox 1419 3059 1476 3110; x_wconf 88' lang='lat' dir='ltr'><strong>et</strong></span> <span class='ocrx_word' id='word_1_232' title='bbox 1515 3053 1749 3126; x_wconf 90' lang='lat' dir='ltr'><strong>linguas</strong></span> <span class='ocrx_word' id='word_1_233' title='bbox 1794 3055 1945 3109; x_wconf 90' lang='lat' dir='ltr'><strong>male</strong></span> <span class='ocrx_word' id='word_1_234' title='bbox 1977 3071 2115 3110; x_wconf 89' lang='lat' dir='ltr'><strong>sen-</strong></span> 
     </span>
    </p>
   </div>
   <div class='ocr_carea' id='block_1_35' title="bbox 460 3143 2113 3216">
    <p class='ocr_par' dir='ltr' id='par_1_35' title="bbox 460 3143 2113 3216">
     <span class='ocr_line' id='line_1_35' title="bbox 460 3143 2113 3216; baseline -0.004 -10"><span class='ocrx_word' id='word_1_235' title='bbox 460 3149 734 3206; x_wconf 87' lang='lat' dir='ltr'><strong>tientium</strong></span> <span class='ocrx_word' id='word_1_236' title='bbox 767 3145 1050 3216; x_wconf 86' lang='lat' dir='ltr'><strong>confudit,</strong></span> <span class='ocrx_word' id='word_1_237' title='bbox 1083 3144 1430 3216; x_wconf 86' lang='lat' dir='ltr'><strong>injustitiam</strong></span> <span class='ocrx_word' id='word_1_238' title='bbox 1469 3145 1528 3198; x_wconf 91' lang='lat' dir='ltr'><strong>in</strong></span> <span class='ocrx_word' id='word_1_239' title='bbox 1579 3143 1826 3199; x_wconf 87' lang='lat' dir='ltr'><strong>sublime</strong></span> <span class='ocrx_word' id='word_1_240' title='bbox 1875 3145 2113 3216; x_wconf 88' lang='lat' dir='ltr'><strong>loquen-</strong></span> 
     </span>
    </p>
   </div>
   <div class='ocr_carea' id='block_1_36' title="bbox 2222 552 3856 634">
    <p class='ocr_par' dir='ltr' id='par_1_36' title="bbox 2222 552 3856 634">
     <span class='ocr_line' id='line_1_36' title="bbox 2222 552 3856 634; baseline 0.006 -27"><span class='ocrx_word' id='word_1_241' title='bbox 2222 553 2434 627; x_wconf 85' lang='grc' dir='ltr'>μᾶλλον</span> <span class='ocrx_word' id='word_1_242' title='bbox 2484 552 2542 609; x_wconf 80' lang='grc' dir='ltr'>δὲ</span> <span class='ocrx_word' id='word_1_243' title='bbox 2589 553 2890 631; x_wconf 73' lang='grc' dir='ltr'>περιφέρων</span> <span class='ocrx_word' id='word_1_244' title='bbox 2943 556 3243 632; x_wconf 78' lang='grc' dir='ltr'><strong>ἐγκάρδιον,</strong></span> <span class='ocrx_word' id='word_1_245' title='bbox 3276 560 3350 620; x_wconf 85' lang='grc' dir='ltr'><strong>ὡς</strong></span> <span class='ocrx_word' id='word_1_246' title='bbox 3399 560 3546 630; x_wconf 78' lang='grc' dir='ltr'>αὐτῷ</span> <span class='ocrx_word' id='word_1_247' title='bbox 3595 559 3665 630; x_wconf 78' lang='grc' dir='ltr'>δή</span> <span class='ocrx_word' id='word_1_248' title='bbox 3722 563 3856 634; x_wconf 81' lang='grc' dir='ltr'>μόνῳ</span> 
     </span>
    </p>
   </div>
   <div class='ocr_carea' id='block_1_37' title="bbox 2215 644 3855 723">
    <p class='ocr_par' dir='ltr' id='par_1_37' title="bbox 2215 644 3855 723">
     <span class='ocr_line' id='line_1_37' title="bbox 2215 644 3855 723; baseline 0.005 -25"><span class='ocrx_word' id='word_1_249' title='bbox 2215 644 2307 698; x_wconf 84' lang='grc' dir='ltr'><strong>καὶ</strong></span> <span class='ocrx_word' id='word_1_250' title='bbox 2359 649 2454 718; x_wconf 83' lang='grc' dir='ltr'><strong>ζῇν</strong></span> <span class='ocrx_word' id='word_1_251' title='bbox 2503 644 2594 698; x_wconf 86' lang='grc' dir='ltr'><strong>καὶ</strong></span> <span class='ocrx_word' id='word_1_252' title='bbox 2653 651 2798 699; x_wconf 81' lang='grc' dir='ltr'>πνεῖν</span> <span class='ocrx_word' id='word_1_253' title='bbox 2859 647 2949 700; x_wconf 81' lang='grc' dir='ltr'><strong>καὶ</strong></span> <span class='ocrx_word' id='word_1_254' title='bbox 2999 650 3277 718; x_wconf 86' lang='grc' dir='ltr'>κινεῖσθαι,</span> <span class='ocrx_word' id='word_1_255' title='bbox 3315 649 3504 718; x_wconf 78' lang='grc' dir='ltr'><strong>ἐπίσης</strong></span> <span class='ocrx_word' id='word_1_256' title='bbox 3557 651 3746 723; x_wconf 82' lang='grc' dir='ltr'>ἐκείνῳ</span> <span class='ocrx_word' id='word_1_257' title='bbox 3773 673 3855 706; x_wconf 84' lang='grc' dir='ltr'>κα-</span> 
     </span>
    </p>
   </div>
   <div class='ocr_carea' id='block_1_38' title="bbox 2215 733 3854 811">
    <p class='ocr_par' dir='ltr' id='par_1_38' title="bbox 2215 733 3854 811">
     <span class='ocr_line' id='line_1_38' title="bbox 2215 733 3854 811; baseline 0.003 -24"><span class='ocrx_word' id='word_1_258' title='bbox 2215 733 2481 807; x_wconf 78' lang='grc' dir='ltr'>τακράτος</span> <span class='ocrx_word' id='word_1_259' title='bbox 2531 733 2786 807; x_wconf 82' lang='grc' dir='ltr'>περιγίνῃ</span> <span class='ocrx_word' id='word_1_260' title='bbox 2817 737 2924 788; x_wconf 76' lang='grc' dir='ltr'><strong>τῶν</strong></span> <span class='ocrx_word' id='word_1_261' title='bbox 2977 733 3258 806; x_wconf 79' lang='grc' dir='ltr'><strong>ἐναντίων,</strong></span> <span class='ocrx_word' id='word_1_262' title='bbox 3292 738 3410 792; x_wconf 78' lang='grc' dir='ltr'>ὅσοι</span> <span class='ocrx_word' id='word_1_263' title='bbox 3453 735 3570 806; x_wconf 81' lang='grc' dir='ltr'>δῆτ’</span> <span class='ocrx_word' id='word_1_264' title='bbox 3601 739 3854 811; x_wconf 76' lang='grc' dir='ltr'>ἂνταίρειν</span> 
     </span>
    </p>
   </div>
   <div class='ocr_carea' id='block_1_39' title="bbox 2219 820 3860 899">
    <p class='ocr_par' dir='ltr' id='par_1_39' title="bbox 2219 820 3860 899">
     <span class='ocr_line' id='line_1_39' title="bbox 2219 820 3860 899; baseline 0.004 -24"><span class='ocrx_word' id='word_1_265' title='bbox 2219 823 2303 876; x_wconf 86' lang='grc' dir='ltr'><strong>σοί</strong></span> <span class='ocrx_word' id='word_1_266' title='bbox 2343 843 2402 896; x_wconf 92' lang='grc' dir='ltr'><strong>γε</strong></span> <span class='ocrx_word' id='word_1_267' title='bbox 2449 820 2668 894; x_wconf 79' lang='grc' dir='ltr'><strong>τόλμης</strong></span> <span class='ocrx_word' id='word_1_268' title='bbox 2721 822 2986 898; x_wconf 73' lang='grc' dir='ltr'>ἐγένοντο,</span> <span class='ocrx_word' id='word_1_269' title='bbox 3019 825 3224 899; x_wconf 79' lang='grc' dir='ltr'>ἀμάχῳ</span> <span class='ocrx_word' id='word_1_270' title='bbox 3275 823 3560 898; x_wconf 78' lang='grc' dir='ltr'>δυναστείᾳ</span> <span class='ocrx_word' id='word_1_271' title='bbox 3597 849 3860 897; x_wconf 81' lang='grc' dir='ltr'>κατατρο-</span> 
     </span>
    </p>
   </div>
   <div class='ocr_carea' id='block_1_40' title="bbox 2217 911 3860 996">
    <p class='ocr_par' dir='ltr' id='par_1_40' title="bbox 2217 911 3860 996">
     <span class='ocr_line' id='line_1_40' title="bbox 2217 911 3860 996; baseline 0.005 -31"><span class='ocrx_word' id='word_1_272' title='bbox 2217 911 2502 983; x_wconf 86' lang='grc' dir='ltr'>πούμενοι.</span> <span class='ocrx_word' id='word_1_273' title='bbox 2553 913 2640 973; x_wconf 89' lang='grc' dir='ltr'><strong>Τίς</strong></span> <span class='ocrx_word' id='word_1_274' title='bbox 2698 914 2801 987; x_wconf 81' lang='grc' dir='ltr'><strong>γάρ</strong></span> <span class='ocrx_word' id='word_1_275' title='bbox 2861 935 2918 968; x_wconf 89' lang='grc' dir='ltr'><strong>σε</strong></span> <span class='ocrx_word' id='word_1_276' title='bbox 2973 916 3062 969; x_wconf 74' lang='grc' dir='ltr'><strong>καὶ</strong></span> <span class='ocrx_word' id='word_1_277' title='bbox 3121 911 3484 986; x_wconf 71' lang='grc' dir='ltr'>προσϐλέπειν</span> <span class='ocrx_word' id='word_1_278' title='bbox 3545 919 3688 996; x_wconf 79' lang='grc' dir='ltr'>εἶχε,</span> <span class='ocrx_word' id='word_1_279' title='bbox 3735 925 3860 974; x_wconf 87' lang='grc' dir='ltr'>Θεοῦ</span> 
     </span>
    </p>
   </div>
   <div class='ocr_carea' id='block_1_41' title="bbox 2220 1002 3862 1080">
    <p class='ocr_par' dir='ltr' id='par_1_41' title="bbox 2220 1002 3862 1080">
     <span class='ocr_line' id='line_1_41' title="bbox 2220 1002 3862 1080; baseline 0.004 -26"><span class='ocrx_word' id='word_1_280' title='bbox 2220 1002 2368 1076; x_wconf 86' lang='grc' dir='ltr'>χειρὶ</span> <span class='ocrx_word' id='word_1_281' title='bbox 2398 1005 2626 1076; x_wconf 86' lang='grc' dir='ltr'>κραταιᾷ</span> <span class='ocrx_word' id='word_1_282' title='bbox 2655 1003 2745 1056; x_wconf 86' lang='grc' dir='ltr'><strong>καὶ</strong></span> <span class='ocrx_word' id='word_1_283' title='bbox 2777 1007 2856 1072; x_wconf 78' lang='grc' dir='ltr'>τῷ</span> <span class='ocrx_word' id='word_1_284' title='bbox 2891 1004 3094 1077; x_wconf 80' lang='grc' dir='ltr'>ὑψηλῷ</span> <span class='ocrx_word' id='word_1_285' title='bbox 3130 1005 3384 1079; x_wconf 78' lang='grc' dir='ltr'><strong>βραχίονι</strong></span> <span class='ocrx_word' id='word_1_286' title='bbox 3435 1008 3630 1060; x_wconf 86' lang='grc' dir='ltr'>τούτου</span> <span class='ocrx_word' id='word_1_287' title='bbox 3661 1006 3862 1080; x_wconf 82' lang='grc' dir='ltr'>ἐπερει-</span> 
     </span>
    </p>
   </div>
   <div class='ocr_carea' id='block_1_42' title="bbox 2219 1086 3860 1164">
    <p class='ocr_par' dir='ltr' id='par_1_42' title="bbox 2219 1086 3860 1164">
     <span class='ocr_line' id='line_1_42' title="bbox 2219 1086 3860 1164; baseline 0.006 -22"><span class='ocrx_word' id='word_1_288' title='bbox 2219 1086 2447 1162; x_wconf 88' lang='grc' dir='ltr'>δόμενόν</span> <span class='ocrx_word' id='word_1_289' title='bbox 2501 1111 2559 1144; x_wconf 86' lang='grc' dir='ltr'><strong>τε</strong></span> <span class='ocrx_word' id='word_1_290' title='bbox 2605 1091 2695 1144; x_wconf 86' lang='grc' dir='ltr'><strong>καὶ</strong></span> <span class='ocrx_word' id='word_1_291' title='bbox 2737 1094 3167 1164; x_wconf 77' lang='grc' dir='ltr'>στηριζόμενονς</span> <span class='ocrx_word' id='word_1_292' title='bbox 3201 1095 3503 1164; x_wconf 77' lang='grc' dir='ltr'>’Δνίστησιν</span> <span class='ocrx_word' id='word_1_293' title='bbox 3563 1097 3722 1156; x_wconf 78' lang='grc' dir='ltr'>οὗτος</span> <span class='ocrx_word' id='word_1_294' title='bbox 3769 1097 3860 1152; x_wconf 86' lang='grc' dir='ltr'><strong>πό-</strong></span> 
     </span>
    </p>
   </div>
   <div class='ocr_carea' id='block_1_43' title="bbox 2219 1177 3864 1256">
    <p class='ocr_par' dir='ltr' id='par_1_43' title="bbox 2219 1177 3864 1256">
     <span class='ocr_line' id='line_1_43' title="bbox 2219 1177 3864 1256; baseline 0.003 -23"><span class='ocrx_word' id='word_1_295' title='bbox 2219 1177 2306 1234; x_wconf 89' lang='grc' dir='ltr'><strong>λιν</strong></span> <span class='ocrx_word' id='word_1_296' title='bbox 2367 1178 2641 1250; x_wconf 83' lang='grc' dir='ltr'>βασίλειον</span> <span class='ocrx_word' id='word_1_297' title='bbox 2699 1184 2778 1250; x_wconf 81' lang='grc' dir='ltr'>τῷ</span> <span class='ocrx_word' id='word_1_298' title='bbox 2835 1185 2974 1252; x_wconf 79' lang='grc' dir='ltr'>Θεῷ,</span> <span class='ocrx_word' id='word_1_299' title='bbox 3005 1182 3092 1234; x_wconf 80' lang='grc' dir='ltr'><strong>καὶ</strong></span> <span class='ocrx_word' id='word_1_300' title='bbox 3153 1181 3228 1242; x_wconf 72' lang='grc' dir='ltr'>εἷς</span> <span class='ocrx_word' id='word_1_301' title='bbox 3277 1181 3486 1244; x_wconf 76' lang='grc' dir='ltr'>κάλλος</span> <span class='ocrx_word' id='word_1_302' title='bbox 3535 1183 3732 1256; x_wconf 80' lang='grc' dir='ltr'>ἐξαίρει</span> <span class='ocrx_word' id='word_1_303' title='bbox 3779 1187 3864 1238; x_wconf 76' lang='grc' dir='ltr'><strong>καὶ</strong></span> 
     </span>
    </p>
   </div>
   <div class='ocr_carea' id='block_1_44' title="bbox 2223 1267 3864 1346">
    <p class='ocr_par' dir='ltr' id='par_1_44' title="bbox 2223 1267 3864 1346">
     <span class='ocr_line' id='line_1_44' title="bbox 2223 1267 3864 1346; baseline 0.004 -24"><span class='ocrx_word' id='word_1_304' title='bbox 2223 1268 2472 1342; x_wconf 73' lang='grc' dir='ltr'>μέγεθος,</span> <span class='ocrx_word' id='word_1_305' title='bbox 2513 1267 2785 1341; x_wconf 78' lang='grc' dir='ltr'>σεμνύνων</span> <span class='ocrx_word' id='word_1_306' title='bbox 2840 1267 2900 1322; x_wconf 73' lang='grc' dir='ltr'><strong>οῦ</strong></span> <span class='ocrx_word' id='word_1_307' title='bbox 2953 1276 3067 1331; x_wconf 87' lang='grc' dir='ltr'>τοῖς</span> <span class='ocrx_word' id='word_1_308' title='bbox 3115 1271 3430 1344; x_wconf 75' lang='grc' dir='ltr'><strong>ἀναγκαίοις</strong></span> <span class='ocrx_word' id='word_1_309' title='bbox 3479 1271 3714 1346; x_wconf 81' lang='grc' dir='ltr'>διαρκῶς</span> <span class='ocrx_word' id='word_1_310' title='bbox 3765 1275 3864 1346; x_wconf 85' lang='grc' dir='ltr'>μό·-</span> 
     </span>
    </p>
   </div>
   <div class='ocr_carea' id='block_1_45' title="bbox 2217 1355 3864 1435">
    <p class='ocr_par' dir='ltr' id='par_1_45' title="bbox 2217 1355 3864 1435">
     <span class='ocr_line' id='line_1_45' title="bbox 2217 1355 3864 1435; baseline 0.005 -26"><span class='ocrx_word' id='word_1_311' title='bbox 2217 1377 2327 1424; x_wconf 88' lang='grc' dir='ltr'>νον,</span> <span class='ocrx_word' id='word_1_312' title='bbox 2361 1355 2510 1411; x_wconf 84' lang='grc' dir='ltr'><strong>ἀλλά</strong></span> <span class='ocrx_word' id='word_1_313' title='bbox 2537 1377 2600 1431; x_wconf 89' lang='grc' dir='ltr'><strong>γε</strong></span> <span class='ocrx_word' id='word_1_314' title='bbox 2641 1355 2708 1425; x_wconf 83' lang='grc' dir='ltr'>δὴ</span> <span class='ocrx_word' id='word_1_315' title='bbox 2759 1357 2850 1412; x_wconf 86' lang='grc' dir='ltr'><strong>καὶ</strong></span> <span class='ocrx_word' id='word_1_316' title='bbox 2898 1363 3014 1419; x_wconf 90' lang='grc' dir='ltr'>τοῖς</span> <span class='ocrx_word' id='word_1_317' title='bbox 3053 1365 3352 1433; x_wconf 82' lang='grc' dir='ltr'><strong>περιττοῖς,</strong></span> <span class='ocrx_word' id='word_1_318' title='bbox 3384 1362 3618 1435; x_wconf 87' lang='grc' dir='ltr'>τρόπαιά</span> <span class='ocrx_word' id='word_1_319' title='bbox 3647 1383 3708 1418; x_wconf 88' lang='grc' dir='ltr'><strong>τε</strong></span> <span class='ocrx_word' id='word_1_320' title='bbox 3738 1366 3864 1418; x_wconf 74' lang='grc' dir='ltr'>κατὰ</span> 
     </span>
    </p>
   </div>
   <div class='ocr_carea' id='block_1_46' title="bbox 2217 1444 3861 1523">
    <p class='ocr_par' dir='ltr' id='par_1_46' title="bbox 2217 1444 3861 1523">
     <span class='ocr_line' id='line_1_46' title="bbox 2217 1444 3861 1523; baseline 0.005 -24"><span class='ocrx_word' id='word_1_321' title='bbox 2217 1447 2280 1500; x_wconf 88' lang='grc' dir='ltr'>τὸ</span> <span class='ocrx_word' id='word_1_322' title='bbox 2329 1444 2387 1500; x_wconf 83' lang='grc' dir='ltr'>ἐκ</span> <span class='ocrx_word' id='word_1_323' title='bbox 2443 1446 2660 1501; x_wconf 88' lang='grc' dir='ltr'>πολλοῦ</span> <span class='ocrx_word' id='word_1_324' title='bbox 2718 1445 3038 1523; x_wconf 79' lang='grc' dir='ltr'>ἐμφο›λεῦον</span> <span class='ocrx_word' id='word_1_325' title='bbox 3091 1449 3202 1503; x_wconf 83' lang='grc' dir='ltr'>ἐκεῖ</span> <span class='ocrx_word' id='word_1_326' title='bbox 3278 1449 3568 1523; x_wconf 79' lang='grc' dir='ltr'>λῃστρικὸν</span> <span class='ocrx_word' id='word_1_327' title='bbox 3625 1453 3861 1514; x_wconf 69' lang='grc' dir='ltr'>ἀνιστάς.</span> 
     </span>
    </p>
   </div>
   <div class='ocr_carea' id='block_1_47' title="bbox 2223 1533 3861 1614">
    <p class='ocr_par' dir='ltr' id='par_1_47' title="bbox 2223 1533 3861 1614">
     <span class='ocr_line' id='line_1_47' title="bbox 2223 1533 3861 1614; baseline 0.004 -24"><span class='ocrx_word' id='word_1_328' title='bbox 2223 1533 2541 1609; x_wconf 73' lang='grc' dir='ltr'>Ἐλευθέραν</span> <span class='ocrx_word' id='word_1_329' title='bbox 2599 1537 2689 1590; x_wconf 86' lang='grc' dir='ltr'><strong>καὶ</strong></span> <span class='ocrx_word' id='word_1_330' title='bbox 2749 1535 2813 1590; x_wconf 81' lang='grc' dir='ltr'><strong>σὺ</strong></span> <span class='ocrx_word' id='word_1_331' title='bbox 2870 1537 3071 1607; x_wconf 88' lang='grc' dir='ltr'>ταύτην</span> <span class='ocrx_word' id='word_1_332' title='bbox 3121 1543 3226 1593; x_wconf 84' lang='grc' dir='ltr'>τῶν</span> <span class='ocrx_word' id='word_1_333' title='bbox 3273 1542 3656 1614; x_wconf 82' lang='grc' dir='ltr'><strong>κατασχόντων</strong></span> <span class='ocrx_word' id='word_1_334' title='bbox 3701 1541 3861 1597; x_wconf 79' lang='grc' dir='ltr'>πάλαι</span> 
     </span>
    </p>
   </div>
   <div class='ocr_carea' id='block_1_48' title="bbox 2221 1621 3861 1698">
    <p class='ocr_par' dir='ltr' id='par_1_48' title="bbox 2221 1621 3861 1698">
     <span class='ocr_line' id='line_1_48' title="bbox 2221 1621 3861 1698; baseline 0.005 -20"><span class='ocrx_word' id='word_1_335' title='bbox 2221 1621 2480 1688; x_wconf 80' lang='grc' dir='ltr'>δεικνύεις</span> <span class='ocrx_word' id='word_1_336' title='bbox 2537 1623 2768 1698; x_wconf 80' lang='grc' dir='ltr'>λῃστῶν,</span> <span class='ocrx_word' id='word_1_337' title='bbox 2829 1627 2916 1680; x_wconf 68' lang='grc' dir='ltr'>καὶ</span> <span class='ocrx_word' id='word_1_338' title='bbox 2975 1630 3161 1698; x_wconf 82' lang='grc' dir='ltr'>καινήν</span> <span class='ocrx_word' id='word_1_339' title='bbox 3217 1649 3334 1683; x_wconf 90' lang='grc' dir='ltr'>τινα</span> <span class='ocrx_word' id='word_1_340' title='bbox 3389 1632 3478 1684; x_wconf 75' lang='grc' dir='ltr'><strong>καὶ</strong></span> <span class='ocrx_word' id='word_1_341' title='bbox 3537 1633 3657 1686; x_wconf 81' lang='grc' dir='ltr'><strong>νέαν</strong></span> <span class='ocrx_word' id='word_1_342' title='bbox 3719 1631 3861 1694; x_wconf 75' lang='grc' dir='ltr'>αὖθις</span> 
     </span>
    </p>
   </div>
   <div class='ocr_carea' id='block_1_49' title="bbox 2219 1712 3860 1795">
    <p class='ocr_par' dir='ltr' id='par_1_49' title="bbox 2219 1712 3860 1795">
     <span class='ocr_line' id='line_1_49' title="bbox 2219 1712 3860 1795; baseline 0.006 -28"><span class='ocrx_word' id='word_1_343' title='bbox 2219 1712 2534 1787; x_wconf 78' lang='grc' dir='ltr'>ὲγκαθιστᾷς</span> <span class='ocrx_word' id='word_1_344' title='bbox 2563 1733 2575 1746; x_wconf 92' lang='grc'><strong>·</strong></span> <span class='ocrx_word' id='word_1_345' title='bbox 2629 1714 2848 1790; x_wconf 74' lang='grc' dir='ltr'>στερρὸν</span> <span class='ocrx_word' id='word_1_346' title='bbox 2901 1715 3216 1789; x_wconf 78' lang='grc' dir='ltr'>περικύκλῳ</span> <span class='ocrx_word' id='word_1_347' title='bbox 3263 1717 3488 1792; x_wconf 75' lang='grc' dir='ltr'>βάλλων</span> <span class='ocrx_word' id='word_1_348' title='bbox 3543 1721 3608 1774; x_wconf 81' lang='grc' dir='ltr'>τὸ</span> <span class='ocrx_word' id='word_1_349' title='bbox 3659 1727 3860 1795; x_wconf 84' lang='grc' dir='ltr'>τεῖχος,</span> 
     </span>
    </p>
   </div>
   <div class='ocr_carea' id='block_1_50' title="bbox 2219 1801 3862 1881">
    <p class='ocr_par' dir='ltr' id='par_1_50' title="bbox 2219 1801 3862 1881">
     <span class='ocr_line' id='line_1_50' title="bbox 2219 1801 3862 1881; baseline 0.005 -26"><span class='ocrx_word' id='word_1_350' title='bbox 2219 1803 2309 1855; x_wconf 84' lang='grc' dir='ltr'><strong>καὶ</strong></span> <span class='ocrx_word' id='word_1_351' title='bbox 2334 1801 2510 1856; x_wconf 80' lang='grc' dir='ltr'>τόίλλα</span> <span class='ocrx_word' id='word_1_352' title='bbox 2543 1802 2749 1872; x_wconf 82' lang='grc' dir='ltr'>ταύτης</span> <span class='ocrx_word' id='word_1_353' title='bbox 2781 1801 2838 1856; x_wconf 75' lang='grc' dir='ltr'><strong>εὖ</strong></span> <span class='ocrx_word' id='word_1_354' title='bbox 2875 1803 3022 1876; x_wconf 85' lang='grc' dir='ltr'>μάλα</span> <span class='ocrx_word' id='word_1_355' title='bbox 3067 1805 3374 1880; x_wconf 76' lang='grc' dir='ltr'>φιλοτίμως</span> <span class='ocrx_word' id='word_1_356' title='bbox 3425 1807 3862 1881; x_wconf 79' lang='grc' dir='ltr'>ἐξεργαζόμενος,</span> 
     </span>
    </p>
   </div>
   <div class='ocr_carea' id='block_1_51' title="bbox 2221 1888 3864 1969">
    <p class='ocr_par' dir='ltr' id='par_1_51' title="bbox 2221 1888 3864 1969">
     <span class='ocr_line' id='line_1_51' title="bbox 2221 1888 3864 1969; baseline 0.005 -25"><span class='ocrx_word' id='word_1_357' title='bbox 2221 1888 2422 1969; x_wconf 76' lang='grc' dir='ltr'>φαιδρὰ</span> <span class='ocrx_word' id='word_1_358' title='bbox 2461 1889 2706 1966; x_wconf 71' lang='grc' dir='ltr'>φαιδρῶς</span> <span class='ocrx_word' id='word_1_359' title='bbox 2763 1893 3077 1967; x_wconf 79' lang='grc' dir='ltr'>ἁπανταχοῦ</span> <span class='ocrx_word' id='word_1_360' title='bbox 3135 1900 3255 1956; x_wconf 80' lang='grc' dir='ltr'>ταῖς</span> <span class='ocrx_word' id='word_1_361' title='bbox 3313 1891 3498 1968; x_wconf 74' lang='grc' dir='ltr'>ὄψεσιν</span> <span class='ocrx_word' id='word_1_362' title='bbox 3552 1897 3864 1953; x_wconf 82' lang='grc' dir='ltr'>ἀπαντῶντα</span> 
     </span>
    </p>
   </div>
   <div class='ocr_carea' id='block_1_52' title="bbox 2221 1980 3862 2062">
    <p class='ocr_par' dir='ltr' id='par_1_52' title="bbox 2221 1980 3862 2062">
     <span class='ocr_line' id='line_1_52' title="bbox 2221 1980 3862 2062; baseline 0.004 -28"><span class='ocrx_word' id='word_1_363' title='bbox 2221 1982 2308 2036; x_wconf 79' lang='grc' dir='ltr'><strong>καὶ</strong></span> <span class='ocrx_word' id='word_1_364' title='bbox 2372 1982 2783 2055; x_wconf 85' lang='grc' dir='ltr'>συνανίσχοννα,</span> <span class='ocrx_word' id='word_1_365' title='bbox 2813 1983 2902 2036; x_wconf 84' lang='grc' dir='ltr'><strong>καὶ</strong></span> <span class='ocrx_word' id='word_1_366' title='bbox 2963 1980 3148 2044; x_wconf 81' lang='grc' dir='ltr'>διδοὺς</span> <span class='ocrx_word' id='word_1_367' title='bbox 3206 1983 3487 2040; x_wconf 77' lang='grc' dir='ltr'>καλεῖσθαι</span> <span class='ocrx_word' id='word_1_368' title='bbox 3555 1987 3584 2040; x_wconf 78' lang='grc' dir='ltr'>ὃ</span> <span class='ocrx_word' id='word_1_369' title='bbox 3637 1986 3862 2062; x_wconf 72' lang='grc' dir='ltr'>λέγεται,</span> 
     </span>
    </p>
   </div>
   <div class='ocr_carea' id='block_1_53' title="bbox 2223 2063 3864 2147">
    <p class='ocr_par' dir='ltr' id='par_1_53' title="bbox 2223 2063 3864 2147">
     <span class='ocr_line' id='line_1_53' title="bbox 2223 2063 3864 2147; baseline 0.004 -26"><span class='ocrx_word' id='word_1_370' title='bbox 2223 2063 2472 2140; x_wconf 86' lang='grc' dir='ltr'>δεύτερος</span> <span class='ocrx_word' id='word_1_371' title='bbox 2503 2066 2810 2141; x_wconf 75' lang='grc' dir='ltr'>πολιοῦχος</span> <span class='ocrx_word' id='word_1_372' title='bbox 2857 2071 2946 2124; x_wconf 78' lang='grc' dir='ltr'><strong>καὶ</strong></span> <span class='ocrx_word' id='word_1_373' title='bbox 2995 2070 3243 2141; x_wconf 74' lang='grc' dir='ltr'>οἰκιστὴς</span> <span class='ocrx_word' id='word_1_374' title='bbox 3291 2074 3494 2147; x_wconf 81' lang='grc' dir='ltr'>κυρίως</span> <span class='ocrx_word' id='word_1_375' title='bbox 3539 2075 3715 2143; x_wconf 82' lang='grc' dir='ltr'>αὐτῆς</span> <span class='ocrx_word' id='word_1_376' title='bbox 3745 2079 3864 2130; x_wconf 87' lang='grc' dir='ltr'>καθ-</span> 
     </span>
    </p>
   </div>
   <div class='ocr_carea' id='block_1_54' title="bbox 2223 2155 3864 2240">
    <p class='ocr_par' dir='ltr' id='par_1_54' title="bbox 2223 2155 3864 2240">
     <span class='ocr_line' id='line_1_54' title="bbox 2223 2155 3864 2240; baseline 0.005 -29"><span class='ocrx_word' id='word_1_377' title='bbox 2223 2159 2413 2218; x_wconf 84' lang='grc' dir='ltr'>εστώς.</span> <span class='ocrx_word' id='word_1_378' title='bbox 2448 2156 2599 2212; x_wconf 84' lang='grc' dir='ltr'>Ἀλλ’</span> <span class='ocrx_word' id='word_1_379' title='bbox 2651 2155 2861 2230; x_wconf 77' lang='grc' dir='ltr'>ὲδράζει</span> <span class='ocrx_word' id='word_1_380' title='bbox 2913 2160 3010 2232; x_wconf 75' lang='grc' dir='ltr'><strong>μὲν</strong></span> <span class='ocrx_word' id='word_1_381' title='bbox 3054 2159 3254 2223; x_wconf 75' lang='grc' dir='ltr'>ἐκεῖνος</span> <span class='ocrx_word' id='word_1_382' title='bbox 3302 2165 3365 2217; x_wconf 85' lang='grc' dir='ltr'>τὸ</span> <span class='ocrx_word' id='word_1_383' title='bbox 3409 2159 3588 2240; x_wconf 82' lang='grc' dir='ltr'>δόγμα</span> <span class='ocrx_word' id='word_1_384' title='bbox 3629 2171 3732 2233; x_wconf 78' lang='grc' dir='ltr'><strong>τῆς</strong></span> <span class='ocrx_word' id='word_1_385' title='bbox 3777 2165 3864 2218; x_wconf 84' lang='grc' dir='ltr'>πί-</span> 
     </span>
    </p>
   </div>
   <div class='ocr_carea' id='block_1_55' title="bbox 2225 2245 3860 2326">
    <p class='ocr_par' dir='ltr' id='par_1_55' title="bbox 2225 2245 3860 2326">
     <span class='ocr_line' id='line_1_55' title="bbox 2225 2245 3860 2326; baseline 0.006 -29"><span class='ocrx_word' id='word_1_386' title='bbox 2225 2265 2411 2312; x_wconf 83' lang='grc' dir='ltr'>στεως,</span> <span class='ocrx_word' id='word_1_387' title='bbox 2445 2246 2534 2299; x_wconf 84' lang='grc' dir='ltr'><strong>καὶ</strong></span> <span class='ocrx_word' id='word_1_388' title='bbox 2569 2246 2790 2324; x_wconf 84' lang='grc' dir='ltr'>συγχέει</span> <span class='ocrx_word' id='word_1_389' title='bbox 2821 2245 3075 2321; x_wconf 84' lang='grc' dir='ltr'>γλώσσας</span> <span class='ocrx_word' id='word_1_390' title='bbox 3123 2248 3504 2326; x_wconf 74' lang='grc' dir='ltr'>ἀλλοφρόνων,</span> <span class='ocrx_word' id='word_1_391' title='bbox 3535 2249 3750 2306; x_wconf 77' lang='grc' dir='ltr'>ἀδικίαν</span> <span class='ocrx_word' id='word_1_392' title='bbox 3795 2252 3860 2314; x_wconf 71' lang='grc' dir='ltr'>εἷς</span> 
     </span>
    </p>
   </div>
   <div class='ocr_carea' id='block_1_56' title="bbox 2219 2332 3858 2412">
    <p class='ocr_par' dir='ltr' id='par_1_56' title="bbox 2219 2332 3858 2412">
     <span class='ocr_line' id='line_1_56' title="bbox 2219 2332 3858 2412; baseline 0.009 -26"><span class='ocrx_word' id='word_1_393' title='bbox 2219 2334 2282 2387; x_wconf 89' lang='grc' dir='ltr'>τὸ</span> <span class='ocrx_word' id='word_1_394' title='bbox 2322 2333 2460 2406; x_wconf 71' lang='grc' dir='ltr'>ὕψος</span> <span class='ocrx_word' id='word_1_395' title='bbox 2511 2332 2792 2397; x_wconf 87' lang='grc' dir='ltr'>λαλούσας</span> <span class='ocrx_word' id='word_1_396' title='bbox 2817 2358 2828 2368; x_wconf 91' lang='grc'><strong>·</strong></span> <span class='ocrx_word' id='word_1_397' title='bbox 2857 2338 2948 2390; x_wconf 86' lang='grc' dir='ltr'><strong>καὶ</strong></span> <span class='ocrx_word' id='word_1_398' title='bbox 2998 2339 3072 2399; x_wconf 82' lang='grc' dir='ltr'>ὡς</span> <span class='ocrx_word' id='word_1_399' title='bbox 3106 2335 3356 2412; x_wconf 75' lang='grc' dir='ltr'>Ἀϐραάμ</span> <span class='ocrx_word' id='word_1_400' title='bbox 3399 2361 3480 2401; x_wconf 88' lang='grc' dir='ltr'><strong>τις</strong></span> <span class='ocrx_word' id='word_1_401' title='bbox 3531 2339 3708 2404; x_wconf 78' lang='grc' dir='ltr'>ἄλλος</span> <span class='ocrx_word' id='word_1_402' title='bbox 3745 2343 3858 2400; x_wconf 71' lang='grc' dir='ltr'>τοὺς</span> 
     </span>
    </p>
   </div>
   <div class='ocr_carea' id='block_1_57' title="bbox 2219 2423 3856 2500">
    <p class='ocr_par' dir='ltr' id='par_1_57' title="bbox 2219 2423 3856 2500">
     <span class='ocr_line' id='line_1_57' title="bbox 2219 2423 3856 2500; baseline 0.004 -24"><span class='ocrx_word' id='word_1_403' title='bbox 2219 2423 2564 2496; x_wconf 81' lang='grc' dir='ltr'>τριακοσίους</span> <span class='ocrx_word' id='word_1_404' title='bbox 2640 2423 2894 2492; x_wconf 83' lang='grc' dir='ltr'>ἀθροίσας</span> <span class='ocrx_word' id='word_1_405' title='bbox 2958 2426 3271 2500; x_wconf 82' lang='grc' dir='ltr'>οἰκογενεῖς,</span> <span class='ocrx_word' id='word_1_406' title='bbox 3331 2431 3556 2483; x_wconf 83' lang='grc' dir='ltr'>κατόπιν</span> <span class='ocrx_word' id='word_1_407' title='bbox 3635 2428 3856 2496; x_wconf 82' lang='grc' dir='ltr'>ἐλαύνει,</span> 
     </span>
    </p>
   </div>
   <div class='ocr_carea' id='block_1_58' title="bbox 2219 2510 3856 2588">
    <p class='ocr_par' dir='ltr' id='par_1_58' title="bbox 2219 2510 3856 2588">
     <span class='ocr_line' id='line_1_58' title="bbox 2219 2510 3856 2588; baseline 0.004 -22"><span class='ocrx_word' id='word_1_408' title='bbox 2219 2510 2346 2572; x_wconf 79' lang='grc' dir='ltr'>τοὺς</span> <span class='ocrx_word' id='word_1_409' title='bbox 2405 2515 2528 2585; x_wconf 88' lang='grc' dir='ltr'>περί</span> <span class='ocrx_word' id='word_1_410' title='bbox 2583 2513 2674 2565; x_wconf 85' lang='grc' dir='ltr'><strong>τὸν</strong></span> <span class='ocrx_word' id='word_1_411' title='bbox 2738 2514 3060 2588; x_wconf 84' lang='grc' dir='ltr'>μαινόμενον</span> <span class='ocrx_word' id='word_1_412' title='bbox 3123 2517 3336 2588; x_wconf 82' lang='grc' dir='ltr'>’Δρειον</span> <span class='ocrx_word' id='word_1_413' title='bbox 3415 2517 3724 2574; x_wconf 78' lang='grc' dir='ltr'>ἐπιδιώκων</span> <span class='ocrx_word' id='word_1_414' title='bbox 3777 2522 3856 2573; x_wconf 79' lang='grc' dir='ltr'><strong>καί</strong></span> 
     </span>
    </p>
   </div>
   <div class='ocr_carea' id='block_1_59' title="bbox 2221 2600 3856 2683">
    <p class='ocr_par' dir='ltr' id='par_1_59' title="bbox 2221 2600 3856 2683">
     <span class='ocr_line' id='line_1_59' title="bbox 2221 2600 3856 2683; baseline 0.005 -27"><span class='ocrx_word' id='word_1_415' title='bbox 2221 2600 2603 2676; x_wconf 76' lang='grc' dir='ltr'>καταῤῥάσσων</span> <span class='ocrx_word' id='word_1_416' title='bbox 2626 2625 2638 2636; x_wconf 92' lang='grc'><strong>·</strong></span> <span class='ocrx_word' id='word_1_417' title='bbox 2691 2603 2779 2659; x_wconf 87' lang='grc' dir='ltr'><strong>καὶ</strong></span> <span class='ocrx_word' id='word_1_418' title='bbox 2808 2605 2872 2658; x_wconf 89' lang='grc' dir='ltr'>τὸ</span> <span class='ocrx_word' id='word_1_419' title='bbox 2903 2608 3128 2677; x_wconf 83' lang='grc' dir='ltr'>γνήσιον</span> <span class='ocrx_word' id='word_1_420' title='bbox 3153 2613 3234 2678; x_wconf 82' lang='grc' dir='ltr'>τῷ</span> <span class='ocrx_word' id='word_1_421' title='bbox 3285 2609 3394 2680; x_wconf 78' lang='grc' dir='ltr'><strong>ι’ἱῷ</strong></span> <span class='ocrx_word' id='word_1_422' title='bbox 3441 2616 3770 2683; x_wconf 64' lang='grc' dir='ltr'>προπυροῖ,</span> <span class='ocrx_word' id='word_1_423' title='bbox 3801 2610 3856 2663; x_wconf 75' lang='grc' dir='ltr'>οὐ</span> 
     </span>
    </p>
   </div>
   <div class='ocr_carea' id='block_1_60' title="bbox 2221 2692 3858 2770">
    <p class='ocr_par' dir='ltr' id='par_1_60' title="bbox 2221 2692 3858 2770">
     <span class='ocr_line' id='line_1_60' title="bbox 2221 2692 3858 2770; baseline 0.005 -26"><span class='ocrx_word' id='word_1_424' title='bbox 2221 2692 2422 2762; x_wconf 79' lang='grc' dir='ltr'>κτίσμα</span> <span class='ocrx_word' id='word_1_425' title='bbox 2467 2693 2602 2746; x_wconf 85' lang='grc' dir='ltr'><strong>κατὰ</strong></span> <span class='ocrx_word' id='word_1_426' title='bbox 2651 2692 2779 2754; x_wconf 83' lang='grc' dir='ltr'>τοὺς</span> <span class='ocrx_word' id='word_1_427' title='bbox 2823 2692 3078 2768; x_wconf 73' lang='grc' dir='ltr'>ἄφρονας,</span> <span class='ocrx_word' id='word_1_428' title='bbox 3109 2694 3238 2750; x_wconf 85' lang='grc' dir='ltr'>ἀλλ’</span> <span class='ocrx_word' id='word_1_429' title='bbox 3269 2698 3560 2768; x_wconf 85' lang='grc' dir='ltr'>ὁμοούσιον</span> <span class='ocrx_word' id='word_1_430' title='bbox 3613 2700 3692 2770; x_wconf 76' lang='grc' dir='ltr'>τῷ</span> <span class='ocrx_word' id='word_1_431' title='bbox 3747 2705 3858 2752; x_wconf 87' lang='grc' dir='ltr'>Γεν-</span> 
     </span>
    </p>
   </div>
   <div class='ocr_carea' id='block_1_61' title="bbox 2221 2778 3860 2858">
    <p class='ocr_par' dir='ltr' id='par_1_61' title="bbox 2221 2778 3860 2858">
     <span class='ocr_line' id='line_1_61' title="bbox 2221 2778 3860 2858; baseline 0.005 -25"><span class='ocrx_word' id='word_1_432' title='bbox 2221 2781 2410 2850; x_wconf 82' lang='grc' dir='ltr'>νήτορι</span> <span class='ocrx_word' id='word_1_433' title='bbox 2453 2778 2818 2855; x_wconf 78' lang='grc' dir='ltr'>δογματίξων,</span> <span class='ocrx_word' id='word_1_434' title='bbox 2851 2782 3032 2837; x_wconf 70' lang='grc' dir='ltr'>εἲκόνα</span> <span class='ocrx_word' id='word_1_435' title='bbox 3077 2805 3136 2840; x_wconf 89' lang='grc' dir='ltr'><strong>τε</strong></span> <span class='ocrx_word' id='word_1_436' title='bbox 3185 2785 3356 2856; x_wconf 75' lang='grc' dir='ltr'>αὖθις,</span> <span class='ocrx_word' id='word_1_437' title='bbox 3383 2786 3510 2842; x_wconf 80' lang='grc' dir='ltr'>ἀλλ’</span> <span class='ocrx_word' id='word_1_438' title='bbox 3539 2788 3860 2858; x_wconf 71' lang='grc' dir='ltr'>ἀπαράλλα-</span> 
     </span>
    </p>
   </div>
   <div class='ocr_carea' id='block_1_62' title="bbox 2223 2870 3858 2948">
    <p class='ocr_par' dir='ltr' id='par_1_62' title="bbox 2223 2870 3858 2948">
     <span class='ocr_line' id='line_1_62' title="bbox 2223 2870 3858 2948; baseline 0.007 -26"><span class='ocrx_word' id='word_1_439' title='bbox 2223 2889 2377 2936; x_wconf 88' lang='grc' dir='ltr'>κτον,</span> <span class='ocrx_word' id='word_1_440' title='bbox 2437 2870 2524 2922; x_wconf 88' lang='grc' dir='ltr'><strong>καὶ</strong></span> <span class='ocrx_word' id='word_1_441' title='bbox 2591 2878 2914 2945; x_wconf 85' lang='grc' dir='ltr'>χαρακτῆρα</span> <span class='ocrx_word' id='word_1_442' title='bbox 2970 2880 3070 2941; x_wconf 82' lang='grc' dir='ltr'>τῆς</span> <span class='ocrx_word' id='word_1_443' title='bbox 3155 2883 3424 2948; x_wconf 80' lang='grc' dir='ltr'>πατρικῆς</span> <span class='ocrx_word' id='word_1_444' title='bbox 3499 2877 3858 2946; x_wconf 69' lang='grc' dir='ltr'>ὑποστάσεως,</span> 
     </span>
    </p>
   </div>
   <div class='ocr_carea' id='block_1_63' title="bbox 2223 2960 3858 3042">
    <p class='ocr_par' dir='ltr' id='par_1_63' title="bbox 2223 2960 3858 3042">
     <span class='ocr_line' id='line_1_63' title="bbox 2223 2960 3858 3042; baseline 0.005 -29"><span class='ocrx_word' id='word_1_445' title='bbox 2223 2961 2312 3013; x_wconf 79' lang='grc' dir='ltr'><strong>καὶ</strong></span> <span class='ocrx_word' id='word_1_446' title='bbox 2383 2960 2588 3034; x_wconf 75' lang='grc' dir='ltr'>πατέρα</span> <span class='ocrx_word' id='word_1_447' title='bbox 2659 2968 2780 3022; x_wconf 83' lang='grc' dir='ltr'>ταῖς</span> <span class='ocrx_word' id='word_1_448' title='bbox 2855 2962 3140 3032; x_wconf 77' lang='grc' dir='ltr'>ἀληθείαις</span> <span class='ocrx_word' id='word_1_449' title='bbox 3195 2967 3286 3020; x_wconf 88' lang='grc' dir='ltr'><strong>τὸν</strong></span> <span class='ocrx_word' id='word_1_450' title='bbox 3347 2965 3580 3042; x_wconf 79' lang='grc' dir='ltr'>ἄναρχον</span> <span class='ocrx_word' id='word_1_451' title='bbox 3643 2975 3858 3042; x_wconf 70' lang='grc' dir='ltr'>Πατέρα,</span> 
     </span>
    </p>
   </div>
   <div class='ocr_carea' id='block_1_64' title="bbox 2223 3047 3860 3132">
    <p class='ocr_par' dir='ltr' id='par_1_64' title="bbox 2223 3047 3860 3132">
     <span class='ocr_line' id='line_1_64' title="bbox 2223 3047 3860 3132; baseline 0.005 -30"><span class='ocrx_word' id='word_1_452' title='bbox 2223 3050 2370 3103; x_wconf 81' lang='grc' dir='ltr'>τοῦτ’</span> <span class='ocrx_word' id='word_1_453' title='bbox 2403 3047 2531 3102; x_wconf 76' lang='grc' dir='ltr'>αὒτό</span> <span class='ocrx_word' id='word_1_454' title='bbox 2573 3070 2633 3124; x_wconf 90' lang='grc' dir='ltr'><strong>γε</strong></span> <span class='ocrx_word' id='word_1_455' title='bbox 2681 3047 2806 3104; x_wconf 78' lang='grc' dir='ltr'>ὄντα</span> <span class='ocrx_word' id='word_1_456' title='bbox 2851 3059 3020 3122; x_wconf 82' lang='grc' dir='ltr'>ποιεῖ,</span> <span class='ocrx_word' id='word_1_457' title='bbox 3051 3055 3114 3107; x_wconf 88' lang='grc' dir='ltr'>τὸ</span> <span class='ocrx_word' id='word_1_458' title='bbox 3165 3059 3438 3129; x_wconf 81' lang='grc' dir='ltr'>προσῆκον</span> <span class='ocrx_word' id='word_1_459' title='bbox 3487 3059 3560 3119; x_wconf 85' lang='grc' dir='ltr'><strong>ὡς</strong></span> <span class='ocrx_word' id='word_1_460' title='bbox 3603 3065 3860 3132; x_wconf 79' lang='grc' dir='ltr'>προσῆκεν</span> 
     </span>
    </p>
   </div>
   <div class='ocr_carea' id='block_1_65' title="bbox 2227 3139 3858 3220">
    <p class='ocr_par' dir='ltr' id='par_1_65' title="bbox 2227 3139 3858 3220">
     <span class='ocr_line' id='line_1_65' title="bbox 2227 3139 3858 3220; baseline 0.005 -28"><span class='ocrx_word' id='word_1_461' title='bbox 2227 3139 2439 3210; x_wconf 81' lang='grc' dir='ltr'>ἀξίωμα</span> <span class='ocrx_word' id='word_1_462' title='bbox 2490 3141 2867 3212; x_wconf 84' lang='grc' dir='ltr'>χαριζόμενος.</span> <span class='ocrx_word' id='word_1_463' title='bbox 2901 3142 2960 3195; x_wconf 88' lang='grc' dir='ltr'>Τί</span> <span class='ocrx_word' id='word_1_464' title='bbox 3007 3141 3064 3197; x_wconf 67' lang='grc' dir='ltr'>δὲ</span> <span class='ocrx_word' id='word_1_465' title='bbox 3109 3145 3198 3198; x_wconf 84' lang='grc' dir='ltr'><strong>καὶ</strong></span> <span class='ocrx_word' id='word_1_466' title='bbox 3233 3146 3355 3210; x_wconf 76' lang='lat' dir='ltr'><strong>cui;</strong></span> <span class='ocrx_word' id='word_1_467' title='bbox 3391 3145 3500 3200; x_wconf 80' lang='grc' dir='ltr'>Οὐκ</span> <span class='ocrx_word' id='word_1_468' title='bbox 3527 3147 3654 3207; x_wconf 71' lang='grc' dir='ltr'>ἴσος</span> <span class='ocrx_word' id='word_1_469' title='bbox 3686 3147 3858 3220; x_wconf 70' lang='grc' dir='ltr'>ἐκείνῳ</span> 
     </span>
    </p>
   </div>
   <div class='ocr_carea' id='block_1_66' title="bbox 463 3203 2110 3310">
    <p class='ocr_par' dir='ltr' id='par_1_66' title="bbox 463 3203 2108 3309">
     <span class='ocr_line' id='line_1_66' title="bbox 463 3203 2108 3309; baseline -0.003 -15"><span class='ocrx_word' id='word_1_470' title='bbox 463 3203 594 3294; x_wconf 20' lang='lat' dir='ltr'><strong>teis“:</strong></span> <span class='ocrx_word' id='word_1_471' title='bbox 629 3241 685 3292; x_wconf 87' lang='lat' dir='ltr'><strong>et</strong></span> <span class='ocrx_word' id='word_1_472' title='bbox 709 3236 949 3309; x_wconf 86' lang='lat' dir='ltr'><strong>perinde</strong></span> <span class='ocrx_word' id='word_1_473' title='bbox 979 3203 1160 3303; x_wconf 36' lang='lat' dir='ltr'><strong>atque“</strong></span> <span class='ocrx_word' id='word_1_474' title='bbox 1189 3233 1334 3288; x_wconf 88' lang='lat' dir='ltr'><strong>alter</strong></span> <span class='ocrx_word' id='word_1_475' title='bbox 1376 3232 1611 3304; x_wconf 90' lang='lat' dir='ltr'><strong>quidam</strong></span> <span class='ocrx_word' id='word_1_476' title='bbox 1647 3203 1970 3297; x_wconf 59' lang='lat' dir='ltr'><strong>Abraham:</strong></span> <span class='ocrx_word' id='word_1_477' title='bbox 1991 3239 2108 3290; x_wconf 88' lang='lat' dir='ltr'><strong>tre-</strong></span> 
     </span>
    </p>
   </div>
   <div class='ocr_carea' id='block_1_67' title="bbox 2221 3203 3860 3310">
    <p class='ocr_par' dir='ltr' id='par_1_67' title="bbox 2225 3203 3860 3310">
     <span class='ocr_line' id='line_1_67' title="bbox 2225 3203 3860 3310; baseline 0.005 -30"><span class='ocrx_word' id='word_1_478' title='bbox 2225 3203 2429 3302; x_wconf 78' lang='grc' dir='ltr'>δρόμος</span> <span class='ocrx_word' id='word_1_479' title='bbox 2479 3203 2602 3299; x_wconf 64' lang='grc' dir='ltr'><strong>τῖερῑ</strong></span> <span class='ocrx_word' id='word_1_480' title='bbox 2636 3203 2742 3280; x_wconf 64' lang='grc' dir='ltr'><strong>⁷τοῦ</strong></span> <span class='ocrx_word' id='word_1_481' title='bbox 2805 3235 3082 3308; x_wconf 75' lang='grc' dir='ltr'>συμφυοῦς</span> <span class='ocrx_word' id='word_1_482' title='bbox 3149 3203 3504 3306; x_wconf 67' lang='grc' dir='ltr'>Πνεύματοςξ</span> <span class='ocrx_word' id='word_1_483' title='bbox 3553 3203 3860 3310; x_wconf 65' lang='grc' dir='ltr'>Συλλόγους</span> 
     </span>
    </p>
   </div>
   <div class='ocr_carea' id='block_1_68' title="bbox 461 3323 2112 3394">
    <p class='ocr_par' dir='ltr' id='par_1_68' title="bbox 461 3323 2112 3394">
     <span class='ocr_line' id='line_1_68' title="bbox 461 3323 2112 3394; baseline -0.004 -9"><span class='ocrx_word' id='word_1_484' title='bbox 461 3329 646 3385; x_wconf 88' lang='lat' dir='ltr'><strong>centis</strong></span> <span class='ocrx_word' id='word_1_485' title='bbox 674 3328 867 3382; x_wconf 88' lang='lat' dir='ltr'><strong>decem</strong></span> <span class='ocrx_word' id='word_1_486' title='bbox 901 3331 956 3380; x_wconf 90' lang='lat' dir='ltr'><strong>et</strong></span> <span class='ocrx_word' id='word_1_487' title='bbox 1005 3327 1131 3379; x_wconf 89' lang='lat' dir='ltr'><strong>octo</strong></span> <span class='ocrx_word' id='word_1_488' title='bbox 1181 3323 1504 3380; x_wconf 85' lang='lat' dir='ltr'><strong>vernaculis</strong></span> <span class='ocrx_word' id='word_1_489' title='bbox 1545 3324 1878 3390; x_wconf 84' lang='lat' dir='ltr'><strong>contractis,</strong></span> <span class='ocrx_word' id='word_1_490' title='bbox 1910 3340 2024 3394; x_wconf 70' lang='lat' dir='ltr'><strong>prae</strong></span> <span class='ocrx_word' id='word_1_491' title='bbox 2053 3341 2112 3380; x_wconf 86' lang='lat' dir='ltr'><strong>se</strong></span> 
     </span>
    </p>
   </div>
   <div class='ocr_carea' id='block_1_69' title="bbox 462 3417 2112 3493">
    <p class='ocr_par' dir='ltr' id='par_1_69' title="bbox 462 3417 2112 3493">
     <span class='ocr_line' id='line_1_69' title="bbox 462 3417 2112 3493; baseline -0.005 -15"><span class='ocrx_word' id='word_1_492' title='bbox 462 3423 580 3493; x_wconf 89' lang='lat' dir='ltr'><strong>egit</strong></span> <span class='ocrx_word' id='word_1_493' title='bbox 607 3419 852 3475; x_wconf 82' lang='lat' dir='ltr'><strong>Arianos</strong></span> <span class='ocrx_word' id='word_1_494' title='bbox 899 3417 1155 3472; x_wconf 85' lang='lat' dir='ltr'><strong>furentes</strong></span> <span class='ocrx_word' id='word_1_495' title='bbox 1199 3431 1554 3487; x_wconf 89' lang='lat' dir='ltr'><strong>persequens</strong></span> <span class='ocrx_word' id='word_1_496' title='bbox 1601 3431 1699 3470; x_wconf 90' lang='lat' dir='ltr'><strong>eos</strong></span> <span class='ocrx_word' id='word_1_497' title='bbox 1748 3418 1922 3485; x_wconf 89' lang='lat' dir='ltr'><strong>atque</strong></span> <span class='ocrx_word' id='word_1_498' title='bbox 1971 3431 2112 3470; x_wconf 89' lang='lat' dir='ltr'><strong>con-</strong></span> 
     </span>
    </p>
   </div>
   <div class='ocr_carea' id='block_1_70' title="bbox 461 3503 2110 3583">
    <p class='ocr_par' dir='ltr' id='par_1_70' title="bbox 461 3503 2110 3583">
     <span class='ocr_line' id='line_1_70' title="bbox 461 3503 2110 3583; baseline -0.004 -17"><span class='ocrx_word' id='word_1_499' title='bbox 461 3510 741 3583; x_wconf 85' lang='lat' dir='ltr'><strong>fringens,</strong></span> <span class='ocrx_word' id='word_1_500' title='bbox 775 3521 1242 3579; x_wconf 80' lang='lat' dir='ltr'><strong>germanamque</strong></span> <span class='ocrx_word' id='word_1_501' title='bbox 1281 3509 1338 3560; x_wconf 88' lang='lat' dir='ltr'><strong>et</strong></span> <span class='ocrx_word' id='word_1_502' title='bbox 1385 3505 1644 3559; x_wconf 81' lang='lat' dir='ltr'><strong>nativum</strong></span> <span class='ocrx_word' id='word_1_503' title='bbox 1686 3506 1789 3575; x_wconf 88' lang='lat' dir='ltr'><strong>jus</strong></span> <span class='ocrx_word' id='word_1_504' title='bbox 1836 3503 1977 3559; x_wconf 90' lang='lat' dir='ltr'><strong>Filio</strong></span> <span class='ocrx_word' id='word_1_505' title='bbox 2009 3505 2110 3560; x_wconf 87' lang='lat' dir='ltr'><strong>de-</strong></span> 
     </span>
    </p>
   </div>
   <div class='ocr_carea' id='block_1_71' title="bbox 461 3593 2109 3661">
    <p class='ocr_par' dir='ltr' id='par_1_71' title="bbox 461 3593 2109 3661">
     <span class='ocr_line' id='line_1_71' title="bbox 461 3593 2109 3661; baseline -0.005 -3"><span class='ocrx_word' id='word_1_506' title='bbox 461 3605 618 3658; x_wconf 89' lang='lat' dir='ltr'><strong>creto</strong></span> <span class='ocrx_word' id='word_1_507' title='bbox 649 3615 754 3654; x_wconf 87' lang='lat' dir='ltr'><strong>suo</strong></span> <span class='ocrx_word' id='word_1_508' title='bbox 784 3601 842 3652; x_wconf 88' lang='lat' dir='ltr'><strong>et</strong></span> <span class='ocrx_word' id='word_1_509' title='bbox 871 3596 1210 3651; x_wconf 89' lang='lat' dir='ltr'><strong>auctoritate</strong></span> <span class='ocrx_word' id='word_1_510' title='bbox 1253 3593 1556 3658; x_wconf 87' lang='lat' dir='ltr'><strong>stabilivit,</strong></span> <span class='ocrx_word' id='word_1_511' title='bbox 1591 3609 1705 3648; x_wconf 91' lang='lat' dir='ltr'><strong>non</strong></span> <span class='ocrx_word' id='word_1_512' title='bbox 1755 3597 2109 3661; x_wconf 87' lang='lat' dir='ltr'><strong>creaturam,</strong></span> 
     </span>
    </p>
   </div>
   <div class='ocr_carea' id='block_1_72' title="bbox 463 3682 2114 3756">
    <p class='ocr_par' dir='ltr' id='par_1_72' title="bbox 463 3682 2114 3756">
     <span class='ocr_line' id='line_1_72' title="bbox 463 3682 2114 3756; baseline -0.008 -10"><span class='ocrx_word' id='word_1_513' title='bbox 463 3689 638 3746; x_wconf 86' lang='lat' dir='ltr'><strong>sicuti</strong></span> <span class='ocrx_word' id='word_1_514' title='bbox 671 3687 936 3743; x_wconf 88' lang='lat' dir='ltr'><strong>homines</strong></span> <span class='ocrx_word' id='word_1_515' title='bbox 967 3684 1318 3756; x_wconf 89' lang='lat' dir='ltr'><strong>desipientes</strong></span> <span class='ocrx_word' id='word_1_516' title='bbox 1347 3683 1566 3754; x_wconf 85' lang='lat' dir='ltr'><strong>opitani</strong></span> <span class='ocrx_word' id='word_1_517' title='bbox 1599 3687 1759 3750; x_wconf 89' lang='lat' dir='ltr'><strong>sunt,</strong></span> <span class='ocrx_word' id='word_1_518' title='bbox 1791 3685 1888 3738; x_wconf 88' lang='lat' dir='ltr'><strong>sed</strong></span> <span class='ocrx_word' id='word_1_519' title='bbox 1914 3682 2114 3755; x_wconf 74' lang='grc' dir='ltr'>ὁμοού-</span> 
     </span>
    </p>
   </div>
   <div class='ocr_carea' id='block_1_73' title="bbox 463 3773 2108 3847">
    <p class='ocr_par' dir='ltr' id='par_1_73' title="bbox 463 3773 2108 3847">
     <span class='ocr_line' id='line_1_73' title="bbox 463 3773 2108 3847; baseline -0.002 -15"><span class='ocrx_word' id='word_1_520' title='bbox 463 3799 603 3847; x_wconf 89' lang='grc' dir='ltr'>σιον,</span> <span class='ocrx_word' id='word_1_521' title='bbox 637 3777 745 3834; x_wconf 89' lang='lat' dir='ltr'><strong>hoc</strong></span> <span class='ocrx_word' id='word_1_522' title='bbox 803 3779 910 3837; x_wconf 88' lang='lat' dir='ltr'><strong>est,</strong></span> <span class='ocrx_word' id='word_1_523' title='bbox 944 3773 1498 3831; x_wconf 85' lang='lat' dir='ltr'><strong>consubstantialem</strong></span> <span class='ocrx_word' id='word_1_524' title='bbox 1559 3773 1714 3828; x_wconf 85' lang='lat' dir='ltr'><strong>Patri</strong></span> <span class='ocrx_word' id='word_1_525' title='bbox 1768 3789 1901 3828; x_wconf 90' lang='lat' dir='ltr'><strong>eum</strong></span> <span class='ocrx_word' id='word_1_526' title='bbox 1961 3789 2108 3842; x_wconf 89' lang='lat' dir='ltr'><strong>esse,</strong></span> 
     </span>
    </p>
   </div>
   <div class='ocr_carea' id='block_1_74' title="bbox 465 3862 2110 3939">
    <p class='ocr_par' dir='ltr' id='par_1_74' title="bbox 465 3862 2110 3939">
     <span class='ocr_line' id='line_1_74' title="bbox 465 3862 2110 3939; baseline -0.005 -14"><span class='ocrx_word' id='word_1_527' title='bbox 465 3886 570 3925; x_wconf 86' lang='lat' dir='ltr'><strong>nec</strong></span> <span class='ocrx_word' id='word_1_528' title='bbox 601 3884 716 3924; x_wconf 90' lang='lat' dir='ltr'><strong>non</strong></span> <span class='ocrx_word' id='word_1_529' title='bbox 749 3865 1084 3939; x_wconf 85' lang='lat' dir='ltr'><strong>imaginem,</strong></span> <span class='ocrx_word' id='word_1_530' title='bbox 1119 3865 1216 3918; x_wconf 87' lang='lat' dir='ltr'><strong>sed</strong></span> <span class='ocrx_word' id='word_1_531' title='bbox 1251 3879 1376 3919; x_wconf 90' lang='lat' dir='ltr'><strong>eam</strong></span> <span class='ocrx_word' id='word_1_532' title='bbox 1427 3862 1512 3917; x_wconf 91' lang='lat' dir='ltr'><strong>illi</strong></span> <span class='ocrx_word' id='word_1_533' title='bbox 1561 3877 1666 3933; x_wconf 72' lang='lat' dir='ltr'><strong>per</strong></span> <span class='ocrx_word' id='word_1_534' title='bbox 1711 3863 1904 3918; x_wconf 89' lang='lat' dir='ltr'><strong>omnia</strong></span> <span class='ocrx_word' id='word_1_535' title='bbox 1943 3864 2110 3918; x_wconf 90' lang='lat' dir='ltr'><strong>simi-</strong></span> 
     </span>
    </p>
   </div>
   <div class='ocr_carea' id='block_1_75' title="bbox 463 3953 2111 4026">
    <p class='ocr_par' dir='ltr' id='par_1_75' title="bbox 463 3953 2111 4026">
     <span class='ocr_line' id='line_1_75' title="bbox 463 3953 2111 4026; baseline -0.004 -11"><span class='ocrx_word' id='word_1_536' title='bbox 463 3960 604 4026; x_wconf 88' lang='lat' dir='ltr'><strong>lem,</strong></span> <span class='ocrx_word' id='word_1_537' title='bbox 637 3967 690 4013; x_wconf 87' lang='lat' dir='ltr'><strong>et</strong></span> <span class='ocrx_word' id='word_1_538' title='bbox 719 3957 1118 4012; x_wconf 89' lang='lat' dir='ltr'><strong>characterem</strong></span> <span class='ocrx_word' id='word_1_539' title='bbox 1149 3970 1248 4010; x_wconf 88' lang='lat' dir='ltr'><strong>seu</strong></span> <span class='ocrx_word' id='word_1_540' title='bbox 1289 3954 1537 4025; x_wconf 87' lang='lat' dir='ltr'><strong>ﬁguram</strong></span> <span class='ocrx_word' id='word_1_541' title='bbox 1587 3953 1980 4009; x_wconf 67' lang='lat' dir='ltr'><strong>subsistentiis</strong></span> <span class='ocrx_word' id='word_1_542' title='bbox 2011 3971 2111 4023; x_wconf 88' lang='lat' dir='ltr'><strong>pa-</strong></span> 
     </span>
    </p>
   </div>
   <div class='ocr_carea' id='block_1_76' title="bbox 463 4042 2112 4114">
    <p class='ocr_par' dir='ltr' id='par_1_76' title="bbox 463 4042 2112 4114">
     <span class='ocr_line' id='line_1_76' title="bbox 463 4042 2112 4114; baseline -0.004 -10"><span class='ocrx_word' id='word_1_543' title='bbox 463 4053 644 4105; x_wconf 70' lang='lat' dir='ltr'><strong>ternae</strong></span> <span class='ocrx_word' id='word_1_544' title='bbox 671 4051 956 4114; x_wconf 86' lang='lat' dir='ltr'><strong>statuens,</strong></span> <span class='ocrx_word' id='word_1_545' title='bbox 990 4051 1046 4098; x_wconf 91' lang='lat' dir='ltr'><strong>et</strong></span> <span class='ocrx_word' id='word_1_546' title='bbox 1077 4044 1298 4099; x_wconf 88' lang='lat' dir='ltr'><strong>Patrem</strong></span> <span class='ocrx_word' id='word_1_547' title='bbox 1342 4059 1535 4098; x_wconf 87' lang='lat' dir='ltr'><strong>revera</strong></span> <span class='ocrx_word' id='word_1_548' title='bbox 1586 4042 1858 4113; x_wconf 89' lang='lat' dir='ltr'><strong>principii</strong></span> <span class='ocrx_word' id='word_1_549' title='bbox 1906 4058 2112 4114; x_wconf 83' lang='lat' dir='ltr'><strong>exper-</strong></span> 
     </span>
    </p>
   </div>
   <div class='ocr_carea' id='block_1_77' title="bbox 463 4131 2110 4204">
    <p class='ocr_par' dir='ltr' id='par_1_77' title="bbox 463 4131 2110 4204">
     <span class='ocr_line' id='line_1_77' title="bbox 463 4131 2110 4204; baseline -0.004 -12"><span class='ocrx_word' id='word_1_550' title='bbox 463 4141 581 4192; x_wconf 87' lang='lat' dir='ltr'><strong>tem</strong></span> <span class='ocrx_word' id='word_1_551' title='bbox 613 4137 840 4191; x_wconf 88' lang='lat' dir='ltr'><strong>Patrem</strong></span> <span class='ocrx_word' id='word_1_552' title='bbox 873 4151 885 4190; x_wconf 91' lang='lat'><strong>:</strong></span> <span class='ocrx_word' id='word_1_553' title='bbox 923 4135 1022 4190; x_wconf 69' lang='grc' dir='ltr'><strong>ατ</strong></span> <span class='ocrx_word' id='word_1_554' title='bbox 1053 4133 1108 4188; x_wconf 90' lang='lat' dir='ltr'><strong>id</strong></span> <span class='ocrx_word' id='word_1_555' title='bbox 1159 4133 1348 4204; x_wconf 89' lang='lat' dir='ltr'><strong>ipsum</strong></span> <span class='ocrx_word' id='word_1_556' title='bbox 1401 4131 1624 4188; x_wconf 87' lang='lat' dir='ltr'><strong>scilicet</strong></span> <span class='ocrx_word' id='word_1_557' title='bbox 1652 4148 1783 4188; x_wconf 89' lang='lat' dir='ltr'><strong>vere</strong></span> <span class='ocrx_word' id='word_1_558' title='bbox 1831 4132 2110 4187; x_wconf 77' lang='lat' dir='ltr'><strong>exsistan-</strong></span> 
     </span>
    </p>
   </div>
   <div class='ocr_carea' id='block_1_78' title="bbox 465 4221 2111 4294">
    <p class='ocr_par' dir='ltr' id='par_1_78' title="bbox 465 4221 2111 4294">
     <span class='ocr_line' id='line_1_78' title="bbox 465 4221 2111 4294; baseline -0.005 -12"><span class='ocrx_word' id='word_1_559' title='bbox 465 4231 582 4282; x_wconf 83' lang='lat' dir='ltr'><strong>tem</strong></span> <span class='ocrx_word' id='word_1_560' title='bbox 627 4223 866 4292; x_wconf 80' lang='lat' dir='ltr'><strong>faciens,</strong></span> <span class='ocrx_word' id='word_1_561' title='bbox 899 4227 956 4277; x_wconf 89' lang='lat' dir='ltr'><strong>et</strong></span> <span class='ocrx_word' id='word_1_562' title='bbox 1009 4227 1452 4294; x_wconf 88' lang='lat' dir='ltr'><strong>congruentem,</strong></span> <span class='ocrx_word' id='word_1_563' title='bbox 1485 4221 1564 4274; x_wconf 90' lang='lat' dir='ltr'><strong>ita</strong></span> <span class='ocrx_word' id='word_1_564' title='bbox 1623 4225 1684 4275; x_wconf 85' lang='lat' dir='ltr'><strong>ut</strong></span> <span class='ocrx_word' id='word_1_565' title='bbox 1739 4236 1972 4290; x_wconf 68' lang='lat' dir='ltr'><strong>aequum</strong></span> <span class='ocrx_word' id='word_1_566' title='bbox 2005 4227 2111 4290; x_wconf 88' lang='lat' dir='ltr'><strong>est,</strong></span> 
     </span>
    </p>
   </div>
   <div class='ocr_carea' id='block_1_79' title="bbox 465 4311 2112 4388">
    <p class='ocr_par' dir='ltr' id='par_1_79' title="bbox 465 4311 2112 4388">
     <span class='ocr_line' id='line_1_79' title="bbox 465 4311 2112 4388; baseline -0.005 -16"><span class='ocrx_word' id='word_1_567' title='bbox 465 4314 808 4388; x_wconf 86' lang='lat' dir='ltr'><strong>dignitatem</strong></span> <span class='ocrx_word' id='word_1_568' title='bbox 869 4312 919 4367; x_wconf 89' lang='lat' dir='ltr'><strong>ei</strong></span> <span class='ocrx_word' id='word_1_569' title='bbox 977 4311 1261 4367; x_wconf 88' lang='lat' dir='ltr'><strong>tribuens.</strong></span> <span class='ocrx_word' id='word_1_570' title='bbox 1321 4314 1398 4365; x_wconf 92' lang='lat' dir='ltr'><strong>Tu</strong></span> <span class='ocrx_word' id='word_1_571' title='bbox 1457 4327 1590 4365; x_wconf 91' lang='lat' dir='ltr'><strong>vero</strong></span> <span class='ocrx_word' id='word_1_572' title='bbox 1661 4311 1850 4381; x_wconf 85' lang='lat' dir='ltr'><strong>quid?</strong></span> <span class='ocrx_word' id='word_1_573' title='bbox 1905 4313 2112 4366; x_wconf 85' lang='lat' dir='ltr'><strong>Annon</strong></span> 
     </span>
    </p>
   </div>
   <div class='ocr_carea' id='block_1_80' title="bbox 465 4399 2110 4471">
    <p class='ocr_par' dir='ltr' id='par_1_80' title="bbox 465 4399 2110 4471">
     <span class='ocr_line' id='line_1_80' title="bbox 465 4399 2110 4471; baseline -0.004 -9"><span class='ocrx_word' id='word_1_574' title='bbox 465 4405 732 4462; x_wconf 87' lang='lat' dir='ltr'><strong>eumdem</strong></span> <span class='ocrx_word' id='word_1_575' title='bbox 767 4418 901 4458; x_wconf 90' lang='lat' dir='ltr'><strong>cum</strong></span> <span class='ocrx_word' id='word_1_576' title='bbox 931 4401 1031 4456; x_wconf 87' lang='lat' dir='ltr'><strong>illo</strong></span> <span class='ocrx_word' id='word_1_577' title='bbox 1089 4415 1320 4456; x_wconf 89' lang='lat' dir='ltr'><strong>cursum</strong></span> <span class='ocrx_word' id='word_1_578' title='bbox 1373 4401 1442 4455; x_wconf 89' lang='lat' dir='ltr'><strong>de</strong></span> <span class='ocrx_word' id='word_1_579' title='bbox 1485 4399 1846 4455; x_wconf 89' lang='lat' dir='ltr'><strong>connaturali</strong></span> <span class='ocrx_word' id='word_1_580' title='bbox 1893 4400 2110 4471; x_wconf 90' lang='lat' dir='ltr'><strong>Spiritu</strong></span> 
     </span>
    </p>
   </div>
   <div class='ocr_carea' id='block_1_81' title="bbox 461 4489 2113 4560">
    <p class='ocr_par' dir='ltr' id='par_1_81' title="bbox 461 4489 2113 4560">
     <span class='ocr_line' id='line_1_81' title="bbox 461 4489 2113 4560; baseline -0.004 -11"><span class='ocrx_word' id='word_1_581' title='bbox 461 4491 751 4550; x_wconf 85' lang='lat' dir='ltr'><strong>tenuisti?</strong></span> <span class='ocrx_word' id='word_1_582' title='bbox 791 4491 1053 4560; x_wconf 86' lang='lat' dir='ltr'><strong>Namque</strong></span> <span class='ocrx_word' id='word_1_583' title='bbox 1109 4489 1354 4544; x_wconf 88' lang='lat' dir='ltr'><strong>concilio</strong></span> <span class='ocrx_word' id='word_1_584' title='bbox 1413 4494 1610 4544; x_wconf 89' lang='lat' dir='ltr'><strong>coacto</strong></span> <span class='ocrx_word' id='word_1_585' title='bbox 1667 4505 1782 4544; x_wconf 91' lang='lat' dir='ltr'><strong>non</strong></span> <span class='ocrx_word' id='word_1_586' title='bbox 1840 4489 2113 4559; x_wconf 89' lang='lat' dir='ltr'><strong>equidem</strong></span> 
     </span>
    </p>
   </div>
   <div class='ocr_carea' id='block_1_82' title="bbox 2221 3315 3860 3394">
    <p class='ocr_par' dir='ltr' id='par_1_82' title="bbox 2221 3315 3860 3394">
     <span class='ocr_line' id='line_1_82' title="bbox 2221 3315 3860 3394; baseline 0.007 -26"><span class='ocrx_word' id='word_1_587' title='bbox 2221 3315 2311 3369; x_wconf 89' lang='grc' dir='ltr'><strong>καὶ</strong></span> <span class='ocrx_word' id='word_1_588' title='bbox 2369 3315 2472 3389; x_wconf 82' lang='grc' dir='ltr'>γὰρ</span> <span class='ocrx_word' id='word_1_589' title='bbox 2526 3316 2800 3389; x_wconf 80' lang='grc' dir='ltr'>ἠθροικὼς</span> <span class='ocrx_word' id='word_1_590' title='bbox 2857 3317 2956 3372; x_wconf 73' lang='grc' dir='ltr'><strong>οὒκ</strong></span> <span class='ocrx_word' id='word_1_591' title='bbox 3031 3321 3315 3394; x_wconf 79' lang='grc' dir='ltr'>οἰκογενῶν</span> <span class='ocrx_word' id='word_1_592' title='bbox 3371 3321 3438 3392; x_wconf 78' lang='grc' dir='ltr'>δή</span> <span class='ocrx_word' id='word_1_593' title='bbox 3498 3345 3688 3392; x_wconf 86' lang='grc' dir='ltr'>τινων,</span> <span class='ocrx_word' id='word_1_594' title='bbox 3747 3324 3860 3379; x_wconf 76' lang='grc' dir='ltr'>ἀλλ’</span> 
     </span>
    </p>
   </div>
   <div class='ocr_carea' id='block_1_83' title="bbox 2222 3401 3858 3487">
    <p class='ocr_par' dir='ltr' id='par_1_83' title="bbox 2222 3401 3858 3487">
     <span class='ocr_line' id='line_1_83' title="bbox 2222 3401 3858 3487; baseline 0.005 -29"><span class='ocrx_word' id='word_1_595' title='bbox 2222 3401 2545 3472; x_wconf 79' lang='grc' dir='ltr'>Ἐκκλησίαν</span> <span class='ocrx_word' id='word_1_596' title='bbox 2597 3407 2962 3478; x_wconf 88' lang='grc' dir='ltr'>πρωτοτόκων</span> <span class='ocrx_word' id='word_1_597' title='bbox 3007 3415 3115 3464; x_wconf 85' lang='grc' dir='ltr'><strong>τῶν</strong></span> <span class='ocrx_word' id='word_1_598' title='bbox 3173 3413 3292 3466; x_wconf 83' lang='grc' dir='ltr'>καθ’</span> <span class='ocrx_word' id='word_1_599' title='bbox 3341 3415 3508 3484; x_wconf 78' lang='grc' dir='ltr'>ἡμᾶς,</span> <span class='ocrx_word' id='word_1_600' title='bbox 3559 3412 3744 3487; x_wconf 82' lang='grc' dir='ltr'>ὥσπερ</span> <span class='ocrx_word' id='word_1_601' title='bbox 3786 3435 3858 3474; x_wconf 84' lang='grc' dir='ltr'><strong>τις</strong></span> 
     </span>
    </p>
   </div>
   <div class='ocr_carea' id='block_1_84' title="bbox 2221 3489 3858 3572">
    <p class='ocr_par' dir='ltr' id='par_1_84' title="bbox 2221 3489 3858 3572">
     <span class='ocr_line' id='line_1_84' title="bbox 2221 3489 3858 3572; baseline 0.003 -20"><span class='ocrx_word' id='word_1_602' title='bbox 2221 3489 2344 3552; x_wconf 76' lang='grc' dir='ltr'>νέος</span> <span class='ocrx_word' id='word_1_603' title='bbox 2377 3493 2650 3554; x_wconf 80' lang='grc' dir='ltr'>καθεστὼς</span> <span class='ocrx_word' id='word_1_604' title='bbox 2683 3490 2956 3570; x_wconf 75' lang='grc' dir='ltr'>Ἀϐραὰμ,</span> <span class='ocrx_word' id='word_1_605' title='bbox 2988 3501 3087 3568; x_wconf 79' lang='grc' dir='ltr'><strong>τήν</strong></span> <span class='ocrx_word' id='word_1_606' title='bbox 3133 3499 3397 3572; x_wconf 83' lang='grc' dir='ltr'>μακαρίαν</span> <span class='ocrx_word' id='word_1_607' title='bbox 3449 3502 3540 3556; x_wconf 79' lang='grc' dir='ltr'><strong>καὶ</strong></span> <span class='ocrx_word' id='word_1_608' title='bbox 3593 3503 3748 3564; x_wconf 75' lang='grc' dir='ltr'>αὖθις</span> <span class='ocrx_word' id='word_1_609' title='bbox 3787 3505 3858 3572; x_wconf 77' lang='grc' dir='ltr'><strong>ξε-</strong></span> 
     </span>
    </p>
   </div>
   <div class='ocr_carea' id='block_1_85' title="bbox 2221 3578 3852 3666">
    <p class='ocr_par' dir='ltr' id='par_1_85' title="bbox 2221 3578 3852 3666">
     <span class='ocr_line' id='line_1_85' title="bbox 2221 3578 3852 3666; baseline 0.009 -30"><span class='ocrx_word' id='word_1_610' title='bbox 2221 3584 2389 3650; x_wconf 84' lang='grc' dir='ltr'>νίζεις</span> <span class='ocrx_word' id='word_1_611' title='bbox 2421 3578 2642 3654; x_wconf 80' lang='grc' dir='ltr'>Τριάδα,</span> <span class='ocrx_word' id='word_1_612' title='bbox 2673 3584 2764 3638; x_wconf 82' lang='grc' dir='ltr'><strong>καὶ</strong></span> <span class='ocrx_word' id='word_1_613' title='bbox 2795 3586 3172 3663; x_wconf 83' lang='grc' dir='ltr'>γλωσσαλγῶν</span> <span class='ocrx_word' id='word_1_614' title='bbox 3207 3588 3492 3666; x_wconf 78' lang='grc' dir='ltr'>φάλαγγας</span> <span class='ocrx_word' id='word_1_615' title='bbox 3523 3589 3819 3664; x_wconf 77' lang='grc' dir='ltr'>διατέμνεις</span> <span class='ocrx_word' id='word_1_616' title='bbox 3841 3611 3852 3620; x_wconf 93' lang='grc'><strong>·</strong></span> 
     </span>
    </p>
   </div>
   <div class='ocr_carea' id='block_1_86' title="bbox 2222 3676 3854 3758">
    <p class='ocr_par' dir='ltr' id='par_1_86' title="bbox 2222 3676 3854 3758">
     <span class='ocr_line' id='line_1_86' title="bbox 2222 3676 3854 3758; baseline 0.004 -25"><span class='ocrx_word' id='word_1_617' title='bbox 2222 3679 2439 3734; x_wconf 80' lang='grc' dir='ltr'>κᾶκεῖνο</span> <span class='ocrx_word' id='word_1_618' title='bbox 2487 3685 2698 3751; x_wconf 82' lang='grc' dir='ltr'>τρανῶς</span> <span class='ocrx_word' id='word_1_619' title='bbox 2742 3679 2844 3745; x_wconf 82' lang='grc' dir='ltr'>τήν</span> <span class='ocrx_word' id='word_1_620' title='bbox 2893 3676 3207 3753; x_wconf 80' lang='grc' dir='ltr'>ἐκπόρευσιν</span> <span class='ocrx_word' id='word_1_621' title='bbox 3239 3679 3355 3734; x_wconf 80' lang='grc' dir='ltr'>ὅθεν</span> <span class='ocrx_word' id='word_1_622' title='bbox 3399 3680 3518 3757; x_wconf 79' lang='grc' dir='ltr'>ἔχει</span> <span class='ocrx_word' id='word_1_623' title='bbox 3567 3680 3854 3758; x_wconf 75' lang='grc' dir='ltr'>διασαφεῖς,</span> 
     </span>
    </p>
   </div>
   <div class='ocr_carea' id='block_1_87' title="bbox 2223 3764 3854 3842">
    <p class='ocr_par' dir='ltr' id='par_1_87' title="bbox 2223 3764 3854 3842">
     <span class='ocr_line' id='line_1_87' title="bbox 2223 3764 3854 3842; baseline -0.001 -20"><span class='ocrx_word' id='word_1_624' title='bbox 2223 3767 2409 3842; x_wconf 81' lang='grc' dir='ltr'>ὅτιπερ</span> <span class='ocrx_word' id='word_1_625' title='bbox 2460 3767 2518 3822; x_wconf 84' lang='grc' dir='ltr'>ἐκ</span> <span class='ocrx_word' id='word_1_626' title='bbox 2571 3769 2738 3841; x_wconf 88' lang='grc' dir='ltr'>μόνου</span> <span class='ocrx_word' id='word_1_627' title='bbox 2790 3764 3006 3836; x_wconf 79' lang='grc' dir='ltr'>δηλαδὴ</span> <span class='ocrx_word' id='word_1_628' title='bbox 3063 3772 3162 3822; x_wconf 81' lang='grc' dir='ltr'><strong>τοῦ</strong></span> <span class='ocrx_word' id='word_1_629' title='bbox 3211 3771 3441 3842; x_wconf 85' lang='grc' dir='ltr'>Πατρὸς,</span> <span class='ocrx_word' id='word_1_630' title='bbox 3475 3770 3596 3824; x_wconf 80' lang='grc' dir='ltr'>ὅθεν</span> <span class='ocrx_word' id='word_1_631' title='bbox 3641 3773 3704 3826; x_wconf 82' lang='grc' dir='ltr'>τὸ</span> <span class='ocrx_word' id='word_1_632' title='bbox 3734 3772 3854 3826; x_wconf 76' lang='grc' dir='ltr'>εἶναι</span> 
     </span>
    </p>
   </div>
   <div class='ocr_carea' id='block_1_88' title="bbox 2223 3857 3851 3934">
    <p class='ocr_par' dir='ltr' id='par_1_88' title="bbox 2223 3857 3851 3934">
     <span class='ocr_line' id='line_1_88' title="bbox 2223 3857 3851 3934; baseline 0 -21"><span class='ocrx_word' id='word_1_633' title='bbox 2223 3860 2618 3932; x_wconf 79' lang='grc' dir='ltr'>ἁπερινοήτως,</span> <span class='ocrx_word' id='word_1_634' title='bbox 2651 3857 2796 3926; x_wconf 73' lang='grc' dir='ltr'>πλὴν</span> <span class='ocrx_word' id='word_1_635' title='bbox 2829 3863 3120 3932; x_wconf 79' lang='grc' dir='ltr'>γεννητῶς,</span> <span class='ocrx_word' id='word_1_636' title='bbox 3152 3859 3240 3913; x_wconf 85' lang='grc' dir='ltr'><strong>καὶ</strong></span> <span class='ocrx_word' id='word_1_637' title='bbox 3291 3866 3369 3932; x_wconf 82' lang='grc' dir='ltr'>τῷ</span> <span class='ocrx_word' id='word_1_638' title='bbox 3419 3861 3527 3932; x_wconf 79' lang='grc' dir='ltr'><strong>Υἰῷ</strong></span> <span class='ocrx_word' id='word_1_639' title='bbox 3555 3863 3851 3934; x_wconf 87' lang='grc' dir='ltr'>πρόσεστιν.</span> 
     </span>
    </p>
   </div>
   <div class='ocr_carea' id='block_1_89' title="bbox 2223 3943 3855 4023">
    <p class='ocr_par' dir='ltr' id='par_1_89' title="bbox 2223 3943 3855 4023">
     <span class='ocr_line' id='line_1_89' title="bbox 2223 3946 3768 3970; baseline 0 -4"><span class='ocrx_word' id='word_1_640' title='bbox 2223 3949 2246 3966; x_wconf 71' lang='grc' dir='ltr'><em>η</em></span> <span class='ocrx_word' id='word_1_641' title='bbox 2479 3949 2491 3963; x_wconf 73' lang='grc' dir='ltr'><strong>ι</strong></span> <span class='ocrx_word' id='word_1_642' title='bbox 2607 3948 2619 3966; x_wconf 69' lang='grc' dir='ltr'><strong>τ</strong></span> <span class='ocrx_word' id='word_1_643' title='bbox 2691 3952 2714 3962; x_wconf 74' lang='grc' dir='ltr'>-ι</span> <span class='ocrx_word' id='word_1_644' title='bbox 2865 3946 2889 3968; x_wconf 61' lang='grc' dir='ltr'><strong>τε</strong></span> <span class='ocrx_word' id='word_1_645' title='bbox 3075 3947 3128 3966; x_wconf 70' lang='grc' dir='ltr'><strong>,ιε</strong></span> <span class='ocrx_word' id='word_1_646' title='bbox 3183 3947 3195 3966; x_wconf 77' lang='grc' dir='ltr'><strong>ι</strong></span> <span class='ocrx_word' id='word_1_647' title='bbox 3477 3953 3502 3962; x_wconf 82' lang='lat'><strong>~</strong></span> <span class='ocrx_word' id='word_1_648' title='bbox 3613 3951 3628 3970; x_wconf 68' lang='grc' dir='ltr'><strong>ι</strong></span> <span class='ocrx_word' id='word_1_649' title='bbox 3759 3949 3768 3966; x_wconf 74' lang='grc' dir='ltr'><strong>ι</strong></span> 
     </span>
     <span class='ocr_line' id='line_1_90' title="bbox 2247 3943 3855 4023; baseline 0.001 -23"><span class='ocrx_word' id='word_1_650' title='bbox 2247 3955 2382 4002; x_wconf 86' lang='grc' dir='ltr'>Ωστε</span> <span class='ocrx_word' id='word_1_651' title='bbox 2433 3943 2499 4014; x_wconf 89' lang='grc' dir='ltr'><strong>δη</strong></span> <span class='ocrx_word' id='word_1_652' title='bbox 2559 3967 2776 4001; x_wconf 86' lang='grc' dir='ltr'>κακεινο</span> <span class='ocrx_word' id='word_1_653' title='bbox 2862 3969 2922 4000; x_wconf 89' lang='grc' dir='ltr'><strong>αν</strong></span> <span class='ocrx_word' id='word_1_654' title='bbox 2999 3949 3341 4023; x_wconf 75' lang='grc' dir='ltr'>θαρρούντως</span> <span class='ocrx_word' id='word_1_655' title='bbox 3409 3948 3536 4022; x_wconf 58' lang='lat' dir='ltr'><strong>ipso,</strong></span> <span class='ocrx_word' id='word_1_656' title='bbox 3597 3971 3674 4010; x_wconf 87' lang='grc' dir='ltr'><strong>ως</strong></span> <span class='ocrx_word' id='word_1_657' title='bbox 3739 3951 3855 4020; x_wconf 74' lang='grc' dir='ltr'>ὅπερ</span> 
     </span>
    </p>
   </div>
   <div class='ocr_carea' id='block_1_90' title="bbox 2222 4033 3854 4110">
    <p class='ocr_par' dir='ltr' id='par_1_90' title="bbox 2222 4033 3854 4110">
     <span class='ocr_line' id='line_1_91' title="bbox 2222 4033 3854 4110; baseline -0.001 -21"><span class='ocrx_word' id='word_1_658' title='bbox 2222 4033 2408 4106; x_wconf 78' lang='grc' dir='ltr'>ἐκείνῳ</span> <span class='ocrx_word' id='word_1_659' title='bbox 2453 4035 2576 4110; x_wconf 86' lang='grc' dir='ltr'>περὶ</span> <span class='ocrx_word' id='word_1_660' title='bbox 2625 4038 2721 4089; x_wconf 84' lang='grc' dir='ltr'><strong>τοῦ</strong></span> <span class='ocrx_word' id='word_1_661' title='bbox 2771 4036 2898 4089; x_wconf 74' lang='grc' dir='ltr'>Υίοῦ</span> <span class='ocrx_word' id='word_1_662' title='bbox 2947 4037 3210 4108; x_wconf 86' lang='grc' dir='ltr'>πρότερον</span> <span class='ocrx_word' id='word_1_663' title='bbox 3261 4036 3552 4110; x_wconf 72' lang='grc' dir='ltr'>ἐχαρίσθη,</span> <span class='ocrx_word' id='word_1_664' title='bbox 3583 4040 3746 4092; x_wconf 74' lang='grc' dir='ltr'><strong>τοῦτὸ</strong></span> <span class='ocrx_word' id='word_1_665' title='bbox 3786 4035 3854 4090; x_wconf 79' lang='grc' dir='ltr'><strong>σοί</strong></span> 
     </span>
    </p>
   </div>
   <div class='ocr_carea' id='block_1_91' title="bbox 2223 4123 3856 4200">
    <p class='ocr_par' dir='ltr' id='par_1_91' title="bbox 2223 4123 3856 4200">
     <span class='ocr_line' id='line_1_92' title="bbox 2223 4123 3856 4200; baseline 0.001 -22"><span class='ocrx_word' id='word_1_666' title='bbox 2223 4125 2273 4199; x_wconf 90' lang='grc' dir='ltr'>γ’</span> <span class='ocrx_word' id='word_1_667' title='bbox 2325 4124 2376 4178; x_wconf 77' lang='grc' dir='ltr'>ἐν</span> <span class='ocrx_word' id='word_1_668' title='bbox 2425 4123 2666 4198; x_wconf 70' lang='grc' dir='ltr'>ὑστέροις</span> <span class='ocrx_word' id='word_1_669' title='bbox 2716 4123 3031 4194; x_wconf 83' lang='grc' dir='ltr'>ἐνεπνεύσθη</span> <span class='ocrx_word' id='word_1_670' title='bbox 3082 4126 3205 4198; x_wconf 86' lang='grc' dir='ltr'>περὶ</span> <span class='ocrx_word' id='word_1_671' title='bbox 3263 4130 3360 4180; x_wconf 86' lang='grc' dir='ltr'><strong>τοῦ</strong></span> <span class='ocrx_word' id='word_1_672' title='bbox 3409 4127 3744 4200; x_wconf 79' lang='grc' dir='ltr'>Πνεύματος,</span> <span class='ocrx_word' id='word_1_673' title='bbox 3779 4125 3856 4179; x_wconf 68' lang='grc' dir='ltr'>ἵνα</span> 
     </span>
    </p>
   </div>
   <div class='ocr_carea' id='block_1_92' title="bbox 2221 4213 3856 4292">
    <p class='ocr_par' dir='ltr' id='par_1_92' title="bbox 2221 4213 3856 4292">
     <span class='ocr_line' id='line_1_93' title="bbox 2221 4213 3856 4292; baseline 0.001 -23"><span class='ocrx_word' id='word_1_674' title='bbox 2221 4215 2316 4269; x_wconf 84' lang='grc' dir='ltr'>κάν</span> <span class='ocrx_word' id='word_1_675' title='bbox 2373 4216 2589 4271; x_wconf 87' lang='grc' dir='ltr'>τούτοις</span> <span class='ocrx_word' id='word_1_676' title='bbox 2645 4215 2720 4276; x_wconf 86' lang='grc' dir='ltr'>ὡς</span> <span class='ocrx_word' id='word_1_677' title='bbox 2755 4213 3038 4289; x_wconf 80' lang='grc' dir='ltr'>ἐγχωροῦν</span> <span class='ocrx_word' id='word_1_678' title='bbox 3096 4217 3158 4270; x_wconf 89' lang='grc' dir='ltr'>τὸ</span> <span class='ocrx_word' id='word_1_679' title='bbox 3209 4214 3335 4270; x_wconf 62' lang='grc' dir='ltr'>⁸ίσον</span> <span class='ocrx_word' id='word_1_680' title='bbox 3387 4216 3589 4292; x_wconf 82' lang='grc' dir='ltr'>ἔχοιτε,</span> <span class='ocrx_word' id='word_1_681' title='bbox 3623 4217 3856 4276; x_wconf 76' lang='grc' dir='ltr'>ἐπ”ίσοις</span> 
     </span>
    </p>
   </div>
   <div class='ocr_carea' id='block_1_93' title="bbox 2224 4303 3852 4380">
    <p class='ocr_par' dir='ltr' id='par_1_93' title="bbox 2224 4303 3852 4380">
     <span class='ocr_line' id='line_1_94' title="bbox 2224 4303 3852 4380; baseline -0.001 -21"><span class='ocrx_word' id='word_1_682' title='bbox 2224 4304 2531 4378; x_wconf 77' lang='grc' dir='ltr'>πράγμόίσιν</span> <span class='ocrx_word' id='word_1_683' title='bbox 2585 4305 2870 4379; x_wconf 71' lang='grc' dir='ltr'>ὑπερφυῶς</span> <span class='ocrx_word' id='word_1_684' title='bbox 2933 4303 3336 4376; x_wconf 81' lang='grc' dir='ltr'>ταυτιζόμενοι,</span> <span class='ocrx_word' id='word_1_685' title='bbox 3393 4307 3460 4380; x_wconf 76' lang='grc' dir='ltr'>τῇ</span> <span class='ocrx_word' id='word_1_686' title='bbox 3532 4327 3588 4361; x_wconf 87' lang='grc' dir='ltr'><strong>τε</strong></span> <span class='ocrx_word' id='word_1_687' title='bbox 3661 4304 3852 4378; x_wconf 76' lang='grc' dir='ltr'>σπουδῇ</span> 
     </span>
    </p>
   </div>
   <div class='ocr_carea' id='block_1_94' title="bbox 2225 4393 3854 4468">
    <p class='ocr_par' dir='ltr' id='par_1_94' title="bbox 2225 4393 3854 4468">
     <span class='ocr_line' id='line_1_95' title="bbox 2225 4393 3854 4468; baseline -0.001 -21"><span class='ocrx_word' id='word_1_688' title='bbox 2225 4394 2314 4447; x_wconf 86' lang='grc' dir='ltr'><strong>καὶ</strong></span> <span class='ocrx_word' id='word_1_689' title='bbox 2371 4394 2545 4465; x_wconf 85' lang='grc' dir='ltr'>πόθῳ,</span> <span class='ocrx_word' id='word_1_690' title='bbox 2576 4393 2664 4446; x_wconf 80' lang='grc' dir='ltr'><strong>καὶ</strong></span> <span class='ocrx_word' id='word_1_691' title='bbox 2713 4399 2794 4465; x_wconf 77' lang='grc' dir='ltr'>τῷ</span> <span class='ocrx_word' id='word_1_692' title='bbox 2853 4394 3207 4468; x_wconf 80' lang='grc' dir='ltr'>ύπερμεγὲθει</span> <span class='ocrx_word' id='word_1_693' title='bbox 3263 4399 3374 4449; x_wconf 85' lang='grc' dir='ltr'><strong>τῶν</strong></span> <span class='ocrx_word' id='word_1_694' title='bbox 3435 4396 3703 4468; x_wconf 76' lang='grc' dir='ltr'>πράξεων.</span> <span class='ocrx_word' id='word_1_695' title='bbox 3749 4397 3854 4448; x_wconf 81' lang='grc' dir='ltr'>Τοί-</span> 
     </span>
    </p>
   </div>
   <div class='ocr_carea' id='block_1_95' title="bbox 2223 4479 3853 4558">
    <p class='ocr_par' dir='ltr' id='par_1_95' title="bbox 2223 4479 3853 4558">
     <span class='ocr_line' id='line_1_96' title="bbox 2223 4479 3853 4558; baseline -0.001 -21"><span class='ocrx_word' id='word_1_696' title='bbox 2223 4504 2312 4537; x_wconf 91' lang='grc' dir='ltr'><strong>νυν</strong></span> <span class='ocrx_word' id='word_1_697' title='bbox 2356 4483 2446 4536; x_wconf 86' lang='grc' dir='ltr'><strong>καὶ</strong></span> <span class='ocrx_word' id='word_1_698' title='bbox 2497 4484 2596 4536; x_wconf 79' lang='grc' dir='ltr'><strong>οὐκ</strong></span> <span class='ocrx_word' id='word_1_699' title='bbox 2643 4479 2702 4536; x_wconf 81' lang='grc' dir='ltr'>ἅν</span> <span class='ocrx_word' id='word_1_700' title='bbox 2754 4503 2804 4535; x_wconf 89' lang='grc' dir='ltr'><strong>τι</strong></span> <span class='ocrx_word' id='word_1_701' title='bbox 2853 4487 2948 4536; x_wconf 84' lang='grc' dir='ltr'><strong>τοῦ</strong></span> <span class='ocrx_word' id='word_1_702' title='bbox 2980 4487 3184 4537; x_wconf 83' lang='grc' dir='ltr'>σκοποῦ</span> <span class='ocrx_word' id='word_1_703' title='bbox 3217 4481 3515 4538; x_wconf 80' lang='grc' dir='ltr'>διεκπεσεῖν</span> <span class='ocrx_word' id='word_1_704' title='bbox 3545 4483 3779 4558; x_wconf 77' lang='grc' dir='ltr'>δόξαιμι,</span> <span class='ocrx_word' id='word_1_705' title='bbox 3813 4481 3853 4536; x_wconf 78' lang='grc' dir='ltr'>εἳ</span> 
     </span>
    </p>
   </div>
   <div class='ocr_carea' id='block_1_96' title="bbox 462 4569 2110 4650">
    <p class='ocr_par' dir='ltr' id='par_1_96' title="bbox 462 4577 2110 4650">
     <span class='ocr_line' id='line_1_97' title="bbox 462 4577 2110 4650; baseline -0.005 -10"><span class='ocrx_word' id='word_1_706' title='bbox 462 4581 908 4640; x_wconf 85' lang='lat' dir='ltr'><strong>vernaculorum</strong></span> <span class='ocrx_word' id='word_1_707' title='bbox 959 4579 1368 4650; x_wconf 88' lang='lat' dir='ltr'><strong>quorumdam,</strong></span> <span class='ocrx_word' id='word_1_708' title='bbox 1421 4579 1518 4632; x_wconf 89' lang='lat' dir='ltr'><strong>sed</strong></span> <span class='ocrx_word' id='word_1_709' title='bbox 1571 4577 1837 4632; x_wconf 68' lang='lat' dir='ltr'><strong>Ecclesiae</strong></span> <span class='ocrx_word' id='word_1_710' title='bbox 1905 4579 2110 4648; x_wconf 89' lang='lat' dir='ltr'><strong>primo-</strong></span> 
     </span>
    </p>
   </div>
   <div class='ocr_carea' id='block_1_97' title="bbox 2221 4569 3855 4650">
    <p class='ocr_par' dir='ltr' id='par_1_97' title="bbox 2223 4569 3855 4648">
     <span class='ocr_line' id='line_1_98' title="bbox 2223 4569 3855 4648; baseline 0.004 -22"><span class='ocrx_word' id='word_1_711' title='bbox 2223 4575 2273 4648; x_wconf 88' lang='grc' dir='ltr'>γ’</span> <span class='ocrx_word' id='word_1_712' title='bbox 2305 4571 2488 4644; x_wconf 84' lang='grc' dir='ltr'>ἐκείνῳ</span> <span class='ocrx_word' id='word_1_713' title='bbox 2524 4573 2620 4643; x_wconf 77' lang='grc' dir='ltr'><strong>μὲν</strong></span> <span class='ocrx_word' id='word_1_714' title='bbox 2653 4569 2814 4625; x_wconf 85' lang='grc' dir='ltr'>δώσω</span> <span class='ocrx_word' id='word_1_715' title='bbox 2844 4573 2905 4626; x_wconf 81' lang='grc' dir='ltr'>τὸ</span> <span class='ocrx_word' id='word_1_716' title='bbox 2934 4571 3186 4644; x_wconf 84' lang='grc' dir='ltr'>Θεμέλιον</span> <span class='ocrx_word' id='word_1_717' title='bbox 3223 4573 3338 4627; x_wconf 80' lang='grc' dir='ltr'>οἷον</span> <span class='ocrx_word' id='word_1_718' title='bbox 3385 4579 3494 4628; x_wconf 77' lang='grc' dir='ltr'>τῶν</span> <span class='ocrx_word' id='word_1_719' title='bbox 3549 4574 3726 4648; x_wconf 80' lang='grc' dir='ltr'>ὀρθῶν</span> <span class='ocrx_word' id='word_1_720' title='bbox 3771 4580 3855 4640; x_wconf 79' lang='grc' dir='ltr'><strong>τῆς</strong></span> 
     </span>
    </p>
   </div>
   <div class='ocr_carea' id='block_1_98' title="bbox 466 4667 2113 4744">
    <p class='ocr_par' dir='ltr' id='par_1_98' title="bbox 466 4667 2113 4744">
     <span class='ocr_line' id='line_1_99' title="bbox 466 4667 2113 4744; baseline -0.005 -15"><span class='ocrx_word' id='word_1_721' title='bbox 466 4673 792 4744; x_wconf 81' lang='lat' dir='ltr'><strong>genitorum</strong></span> <span class='ocrx_word' id='word_1_722' title='bbox 825 4668 1194 4736; x_wconf 85' lang='lat' dir='ltr'><strong>nostratium,</strong></span> <span class='ocrx_word' id='word_1_723' title='bbox 1221 4667 1396 4722; x_wconf 84' lang='lat' dir='ltr'><strong>veluti</strong></span> <span class='ocrx_word' id='word_1_724' title='bbox 1425 4668 1662 4738; x_wconf 89' lang='lat' dir='ltr'><strong>quidam</strong></span> <span class='ocrx_word' id='word_1_725' title='bbox 1699 4683 1880 4722; x_wconf 90' lang='lat' dir='ltr'><strong>novus</strong></span> <span class='ocrx_word' id='word_1_726' title='bbox 1929 4667 2113 4722; x_wconf 83' lang='lat' dir='ltr'><strong>Abra-</strong></span> 
     </span>
    </p>
   </div>
   <div class='ocr_carea' id='block_1_99' title="bbox 465 4755 2108 4828">
    <p class='ocr_par' dir='ltr' id='par_1_99' title="bbox 465 4755 2108 4828">
     <span class='ocr_line' id='line_1_100' title="bbox 465 4755 2108 4828; baseline -0.005 -9"><span class='ocrx_word' id='word_1_727' title='bbox 465 4763 624 4828; x_wconf 87' lang='lat' dir='ltr'><strong>ham,</strong></span> <span class='ocrx_word' id='word_1_728' title='bbox 657 4761 882 4815; x_wconf 87' lang='lat' dir='ltr'><strong>beatam</strong></span> <span class='ocrx_word' id='word_1_729' title='bbox 915 4773 1116 4814; x_wconf 87' lang='lat' dir='ltr'><strong>rursus</strong></span> <span class='ocrx_word' id='word_1_730' title='bbox 1147 4757 1394 4826; x_wconf 87' lang='lat' dir='ltr'><strong>hospitio</strong></span> <span class='ocrx_word' id='word_1_731' title='bbox 1427 4755 1698 4828; x_wconf 80' lang='lat' dir='ltr'><strong>excepisti</strong></span> <span class='ocrx_word' id='word_1_732' title='bbox 1729 4756 2068 4811; x_wconf 83' lang='lat' dir='ltr'><strong>Trinitatem</strong></span> <span class='ocrx_word' id='word_1_733' title='bbox 2095 4773 2108 4824; x_wconf 91' lang='lat'><strong>;</strong></span> 
     </span>
    </p>
   </div>
   <div class='ocr_carea' id='block_1_100' title="bbox 463 4845 2110 4922">
    <p class='ocr_par' dir='ltr' id='par_1_100' title="bbox 463 4845 2110 4922">
     <span class='ocr_line' id='line_1_101' title="bbox 463 4845 2110 4922; baseline -0.005 -14"><span class='ocrx_word' id='word_1_734' title='bbox 463 4857 522 4909; x_wconf 89' lang='lat' dir='ltr'><strong>et</strong></span> <span class='ocrx_word' id='word_1_735' title='bbox 553 4850 872 4922; x_wconf 88' lang='lat' dir='ltr'><strong>phalanges</strong></span> <span class='ocrx_word' id='word_1_736' title='bbox 897 4863 1094 4904; x_wconf 90' lang='lat' dir='ltr'><strong>eorum</strong></span> <span class='ocrx_word' id='word_1_737' title='bbox 1135 4846 1234 4917; x_wconf 92' lang='lat' dir='ltr'><strong>qui</strong></span> <span class='ocrx_word' id='word_1_738' title='bbox 1279 4861 1308 4900; x_wconf 92' lang='lat' dir='ltr'><strong>e</strong></span> <span class='ocrx_word' id='word_1_739' title='bbox 1356 4845 1556 4918; x_wconf 86' lang='lat' dir='ltr'><strong>lingua</strong></span> <span class='ocrx_word' id='word_1_740' title='bbox 1605 4845 1959 4910; x_wconf 85' lang='lat' dir='ltr'><strong>laborarunt,</strong></span> <span class='ocrx_word' id='word_1_741' title='bbox 1991 4847 2110 4900; x_wconf 84' lang='lat' dir='ltr'><strong>dis-</strong></span> 
     </span>
    </p>
   </div>
   <div class='ocr_carea' id='block_1_101' title="bbox 463 4935 2111 5011">
    <p class='ocr_par' dir='ltr' id='par_1_101' title="bbox 463 4935 2111 5011">
     <span class='ocr_line' id='line_1_102' title="bbox 463 4935 2111 5011; baseline -0.005 -13"><span class='ocrx_word' id='word_1_742' title='bbox 463 4940 730 5008; x_wconf 88' lang='lat' dir='ltr'><strong>turbans,</strong></span> <span class='ocrx_word' id='word_1_743' title='bbox 765 4938 1191 5011; x_wconf 85' lang='lat' dir='ltr'><strong>processionem</strong></span> <span class='ocrx_word' id='word_1_744' title='bbox 1241 4935 1394 4991; x_wconf 91' lang='lat' dir='ltr'><strong>unde</strong></span> <span class='ocrx_word' id='word_1_745' title='bbox 1423 4951 1490 4990; x_wconf 87' lang='lat' dir='ltr'><strong>ea</strong></span> <span class='ocrx_word' id='word_1_746' title='bbox 1543 4935 1838 5006; x_wconf 85' lang='lat' dir='ltr'><strong>proveniat</strong></span> <span class='ocrx_word' id='word_1_747' title='bbox 1889 4935 2111 5006; x_wconf 89' lang='lat' dir='ltr'><strong>liquido</strong></span> 
     </span>
    </p>
   </div>
   <div class='ocr_carea' id='block_1_102' title="bbox 463 5025 2113 5094">
    <p class='ocr_par' dir='ltr' id='par_1_102' title="bbox 463 5025 2113 5094">
     <span class='ocr_line' id='line_1_103' title="bbox 463 5025 2113 5094; baseline -0.005 -6"><span class='ocrx_word' id='word_1_748' title='bbox 463 5029 772 5088; x_wconf 89' lang='lat' dir='ltr'><strong>declarasti</strong></span> <span class='ocrx_word' id='word_1_749' title='bbox 798 5045 812 5082; x_wconf 94' lang='lat'><strong>:</strong></span> <span class='ocrx_word' id='word_1_750' title='bbox 836 5043 904 5082; x_wconf 83' lang='lat' dir='ltr'><strong>ex</strong></span> <span class='ocrx_word' id='word_1_751' title='bbox 925 5025 1050 5082; x_wconf 89' lang='lat' dir='ltr'><strong>solo</strong></span> <span class='ocrx_word' id='word_1_752' title='bbox 1073 5025 1340 5080; x_wconf 85' lang='lat' dir='ltr'><strong>videlicet</strong></span> <span class='ocrx_word' id='word_1_753' title='bbox 1363 5025 1804 5094; x_wconf 85' lang='lat' dir='ltr'><strong>Patre(l),unde</strong></span> <span class='ocrx_word' id='word_1_754' title='bbox 1823 5025 1998 5079; x_wconf 85' lang='lat' dir='ltr'><strong>etiam</strong></span> <span class='ocrx_word' id='word_1_755' title='bbox 2023 5041 2113 5079; x_wconf 88' lang='lat' dir='ltr'><strong>ex-</strong></span> 
     </span>
    </p>
   </div>
   <div class='ocr_carea' id='block_1_103' title="bbox 463 5114 2108 5184">
    <p class='ocr_par' dir='ltr' id='par_1_103' title="bbox 463 5114 2108 5184">
     <span class='ocr_line' id='line_1_104' title="bbox 463 5114 2108 5184; baseline -0.005 -7"><span class='ocrx_word' id='word_1_756' title='bbox 463 5119 786 5178; x_wconf 88' lang='lat' dir='ltr'><strong>sistentiam</strong></span> <span class='ocrx_word' id='word_1_757' title='bbox 819 5133 987 5172; x_wconf 88' lang='lat' dir='ltr'><strong>suam</strong></span> <span class='ocrx_word' id='word_1_758' title='bbox 1018 5114 1446 5184; x_wconf 83' lang='lat' dir='ltr'><strong>inexcogitabili</strong></span> <span class='ocrx_word' id='word_1_759' title='bbox 1483 5115 1675 5180; x_wconf 90' lang='lat' dir='ltr'><strong>modo,</strong></span> <span class='ocrx_word' id='word_1_760' title='bbox 1707 5117 2108 5168; x_wconf 89' lang='lat' dir='ltr'><strong>verumtamen</strong></span> 
     </span>
    </p>
   </div>
   <div class='ocr_carea' id='block_1_104' title="bbox 463 5201 2112 5281">
    <p class='ocr_par' dir='ltr' id='par_1_104' title="bbox 463 5201 2112 5281">
     <span class='ocr_line' id='line_1_105' title="bbox 463 5201 2112 5281; baseline -0.005 -15"><span class='ocrx_word' id='word_1_761' title='bbox 463 5213 526 5266; x_wconf 91' lang='lat' dir='ltr'><strong>ut</strong></span> <span class='ocrx_word' id='word_1_762' title='bbox 554 5207 810 5281; x_wconf 86' lang='lat' dir='ltr'><strong>genitus,</strong></span> <span class='ocrx_word' id='word_1_763' title='bbox 845 5205 1019 5260; x_wconf 86' lang='lat' dir='ltr'><strong>habet</strong></span> <span class='ocrx_word' id='word_1_764' title='bbox 1048 5204 1248 5260; x_wconf 85' lang='lat' dir='ltr'><strong>Filius.</strong></span> <span class='ocrx_word' id='word_1_765' title='bbox 1281 5202 1528 5258; x_wconf 88' lang='lat' dir='ltr'><strong>Proinde</strong></span> <span class='ocrx_word' id='word_1_766' title='bbox 1559 5205 1615 5256; x_wconf 89' lang='lat' dir='ltr'><strong>et</strong></span> <span class='ocrx_word' id='word_1_767' title='bbox 1643 5201 1788 5256; x_wconf 89' lang='lat' dir='ltr'><strong>illud</strong></span> <span class='ocrx_word' id='word_1_768' title='bbox 1820 5216 1952 5255; x_wconf 91' lang='lat' dir='ltr'><strong>cum</strong></span> <span class='ocrx_word' id='word_1_769' title='bbox 1976 5201 2112 5257; x_wconf 83' lang='lat' dir='ltr'><strong>ﬁdu-</strong></span> 
     </span>
    </p>
   </div>
   <div class='ocr_carea' id='block_1_105' title="bbox 532 5327 2108 5410">
    <p class='ocr_par' dir='ltr' id='par_1_105' title="bbox 532 5327 2108 5410">
     <span class='ocr_line' id='line_1_106' title="bbox 532 5327 2108 5410; baseline -0.006 -15"><span class='ocrx_word' id='word_1_770' title='bbox 532 5337 614 5410; x_wconf 88' lang='grc'><strong>(1)</strong></span> <span class='ocrx_word' id='word_1_771' title='bbox 643 5333 1014 5410; x_wconf 68' lang='lat' dir='ltr'><strong>Imperatoris</strong></span> <span class='ocrx_word' id='word_1_772' title='bbox 1042 5331 1210 5388; x_wconf 87' lang='lat' dir='ltr'><strong>istius</strong></span> <span class='ocrx_word' id='word_1_773' title='bbox 1239 5332 1441 5401; x_wconf 89' lang='lat' dir='ltr'><strong>ductu,</strong></span> <span class='ocrx_word' id='word_1_774' title='bbox 1473 5331 1531 5388; x_wconf 91' lang='lat' dir='ltr'><strong>in</strong></span> <span class='ocrx_word' id='word_1_775' title='bbox 1578 5327 1824 5410; x_wconf 68' lang='lat' dir='ltr'><strong>concilio</strong></span> <span class='ocrx_word' id='word_1_776' title='bbox 1855 5329 2108 5410; x_wconf 86' lang='lat' dir='ltr'><strong>episcopi</strong></span> 
     </span>
    </p>
   </div>
   <div class='ocr_carea' id='block_1_106' title="bbox 463 5401 2110 5479">
    <p class='ocr_par' dir='ltr' id='par_1_106' title="bbox 463 5401 2110 5479">
     <span class='ocr_line' id='line_1_107' title="bbox 463 5401 2110 5479; baseline -0.004 -15"><span class='ocrx_word' id='word_1_777' title='bbox 463 5401 780 5464; x_wconf 73' lang='lat' dir='ltr'><strong>Orientales</strong></span> <span class='ocrx_word' id='word_1_778' title='bbox 821 5407 1400 5479; x_wconf 13' lang='lat' dir='ltr'><strong>Spiritumisanctum</strong></span> <span class='ocrx_word' id='word_1_779' title='bbox 1433 5419 1498 5458; x_wconf 84' lang='lat' dir='ltr'><strong>ex</strong></span> <span class='ocrx_word' id='word_1_780' title='bbox 1531 5401 1873 5479; x_wconf 83' lang='lat' dir='ltr'><strong>solo_Patre,</strong></span> <span class='ocrx_word' id='word_1_781' title='bbox 1909 5407 2110 5479; x_wconf 74' lang='lat' dir='ltr'><strong>contra</strong></span> 
     </span>
    </p>
   </div>
   <div class='ocr_carea' id='block_1_107' title="bbox 463 5473 2109 5550">
    <p class='ocr_par' dir='ltr' id='par_1_107' title="bbox 463 5473 2109 5550">
     <span class='ocr_line' id='line_1_108' title="bbox 463 5473 2109 5550; baseline -0.005 -13"><span class='ocrx_word' id='word_1_782' title='bbox 463 5473 883 5546; x_wconf 67' lang='lat' dir='ltr'><strong>Occidentales,</strong></span> <span class='ocrx_word' id='word_1_783' title='bbox 918 5478 1226 5550; x_wconf 75' lang='lat' dir='ltr'><strong>procedere</strong></span> <span class='ocrx_word' id='word_1_784' title='bbox 1255 5481 1606 5550; x_wconf 83' lang='lat' dir='ltr'><strong>statuer_unt_.</strong></span> <span class='ocrx_word' id='word_1_785' title='bbox 1641 5474 1906 5550; x_wconf 87' lang='lat' dir='ltr'><strong>Sed_non</strong></span> <span class='ocrx_word' id='word_1_786' title='bbox 1939 5473 2109 5545; x_wconf 89' lang='lat' dir='ltr'><strong>longe</strong></span> 
     </span>
    </p>
   </div>
   <div class='ocr_carea' id='block_1_108' title="bbox 463 5545 2110 5624">
    <p class='ocr_par' dir='ltr' id='par_1_108' title="bbox 463 5545 2110 5624">
     <span class='ocr_line' id='line_1_109' title="bbox 463 5545 2110 5624; baseline -0.004 -16"><span class='ocrx_word' id='word_1_787' title='bbox 463 5555 616 5624; x_wconf 90' lang='lat' dir='ltr'><strong>post,</strong></span> <span class='ocrx_word' id='word_1_788' title='bbox 647 5569 676 5604; x_wconf 90' lang='lat' dir='ltr'><strong>a</strong></span> <span class='ocrx_word' id='word_1_789' title='bbox 710 5545 1096 5624; x_wconf 61' lang='lat' dir='ltr'><strong>nepote&#39;ejus</strong></span> <span class='ocrx_word' id='word_1_790' title='bbox 1123 5549 1346 5603; x_wconf 87' lang='lat' dir='ltr'><strong>Joanne</strong></span> <span class='ocrx_word' id='word_1_791' title='bbox 1387 5545 1727 5624; x_wconf 64' lang='lat' dir='ltr'><strong>_Palaeologq</strong></span> <span class='ocrx_word' id='word_1_792' title='bbox 1763 5546 2110 5624; x_wconf 69' lang='lat' dir='ltr'><strong>imperatore</strong></span> 
     </span>
    </p>
   </div>
   <div class='ocr_carea' id='block_1_109' title="bbox 467 5617 2105 5690">
    <p class='ocr_par' dir='ltr' id='par_1_109' title="bbox 467 5617 2105 5690">
     <span class='ocr_line' id='line_1_110' title="bbox 467 5617 2105 5690; baseline -0.002 -12"><span class='ocrx_word' id='word_1_793' title='bbox 467 5617 720 5690; x_wconf 75' lang='lat' dir='ltr'><strong>auctore,</strong></span> <span class='ocrx_word' id='word_1_794' title='bbox 751 5617 812 5676; x_wconf 78' lang='lat' dir='ltr'><strong>in</strong></span> <span class='ocrx_word' id='word_1_795' title='bbox 852 5617 1182 5676; x_wconf 79' lang='lat' dir='ltr'><strong>Florentiua</strong></span> <span class='ocrx_word' id='word_1_796' title='bbox 1223 5619 1466 5690; x_wconf 82' lang='lat' dir='ltr'><strong>synodo,</strong></span> <span class='ocrx_word' id='word_1_797' title='bbox 1499 5635 1652 5690; x_wconf 89' lang='lat' dir='ltr'><strong>anno</strong></span> <span class='ocrx_word' id='word_1_798' title='bbox 1691 5617 1920 5690; x_wconf 79' lang='lat' dir='ltr'><strong>Domini</strong></span> <span class='ocrx_word' id='word_1_799' title='bbox 1951 5618 2105 5685; x_wconf 72' lang='grc'><strong>1439,</strong></span> 
     </span>
    </p>
   </div>
   <div class='ocr_carea' id='block_1_110' title="bbox 469 5689 2106 5762">
    <p class='ocr_par' dir='ltr' id='par_1_110' title="bbox 469 5689 2106 5762">
     <span class='ocr_line' id='line_1_111' title="bbox 469 5689 2106 5762; baseline -0.001 -13"><span class='ocrx_word' id='word_1_800' title='bbox 469 5693 648 5750; x_wconf 80' lang='lat' dir='ltr'><strong>Graeci</strong></span> <span class='ocrx_word' id='word_1_801' title='bbox 678 5693 738 5750; x_wconf 88' lang='lat' dir='ltr'><strong>in</strong></span> <span class='ocrx_word' id='word_1_802' title='bbox 765 5691 1104 5752; x_wconf 84' lang='lat' dir='ltr'><strong>Latinorum</strong></span> <span class='ocrx_word' id='word_1_803' title='bbox 1127 5689 1474 5750; x_wconf 83' lang='lat' dir='ltr'><strong>sententiam</strong></span> <span class='ocrx_word' id='word_1_804' title='bbox 1495 5689 1740 5762; x_wconf 86' lang='lat' dir='ltr'><strong>pedibus</strong></span> <span class='ocrx_word' id='word_1_805' title='bbox 1771 5689 2106 5762; x_wconf 83' lang='lat' dir='ltr'><strong>discessere,</strong></span> 
     </span>
    </p>
   </div>
   <div class='ocr_carea' id='block_1_111' title="bbox 2221 4659 3856 4734">
    <p class='ocr_par' dir='ltr' id='par_1_111' title="bbox 2221 4659 3856 4734">
     <span class='ocr_line' id='line_1_112' title="bbox 2221 4659 3856 4734; baseline -0.003 -16"><span class='ocrx_word' id='word_1_806' title='bbox 2221 4661 2550 4731; x_wconf 83' lang='grc' dir='ltr'>Ἐκκλησίας</span> <span class='ocrx_word' id='word_1_807' title='bbox 2603 4659 2896 4734; x_wconf 77' lang='grc' dir='ltr'>δογμάτων</span> <span class='ocrx_word' id='word_1_808' title='bbox 2945 4661 3036 4716; x_wconf 79' lang='grc' dir='ltr'><strong>καὶ</strong></span> <span class='ocrx_word' id='word_1_809' title='bbox 3083 4662 3218 4716; x_wconf 78' lang='grc' dir='ltr'>εἶναι</span> <span class='ocrx_word' id='word_1_810' title='bbox 3267 4663 3354 4717; x_wconf 81' lang='grc' dir='ltr'><strong>καὶ</strong></span> <span class='ocrx_word' id='word_1_811' title='bbox 3407 4662 3778 4734; x_wconf 71' lang='grc' dir='ltr'>ὀνομάζεσθαι,</span> <span class='ocrx_word' id='word_1_812' title='bbox 3809 4663 3856 4714; x_wconf 72' lang='grc' dir='ltr'><strong>σε</strong></span> 
     </span>
    </p>
   </div>
   <div class='ocr_carea' id='block_1_112' title="bbox 2223 4749 3854 4828">
    <p class='ocr_par' dir='ltr' id='par_1_112' title="bbox 2223 4749 3854 4828">
     <span class='ocr_line' id='line_1_113' title="bbox 2223 4749 3854 4828; baseline -0.002 -21"><span class='ocrx_word' id='word_1_813' title='bbox 2223 4749 2280 4807; x_wconf 75' lang='grc' dir='ltr'>δὲ</span> <span class='ocrx_word' id='word_1_814' title='bbox 2334 4751 2427 4804; x_wconf 78' lang='grc' dir='ltr'><strong>οἷά</strong></span> <span class='ocrx_word' id='word_1_815' title='bbox 2474 4771 2595 4804; x_wconf 85' lang='grc' dir='ltr'>τινα</span> <span class='ocrx_word' id='word_1_816' title='bbox 2654 4751 2852 4828; x_wconf 72' lang='grc' dir='ltr'>ὄροφον</span> <span class='ocrx_word' id='word_1_817' title='bbox 2908 4753 3191 4826; x_wconf 82' lang='grc' dir='ltr'>πάγκαλον</span> <span class='ocrx_word' id='word_1_818' title='bbox 3245 4749 3437 4806; x_wconf 72' lang='grc' dir='ltr'>κλεῖδα</span> <span class='ocrx_word' id='word_1_819' title='bbox 3475 4773 3532 4806; x_wconf 84' lang='grc' dir='ltr'><strong>τε</strong></span> <span class='ocrx_word' id='word_1_820' title='bbox 3569 4753 3740 4819; x_wconf 73' lang='grc' dir='ltr'>αὐτῆς</span> <span class='ocrx_word' id='word_1_821' title='bbox 3777 4749 3854 4805; x_wconf 75' lang='grc' dir='ltr'><strong>καὶ</strong></span> 
     </span>
    </p>
   </div>
   <div class='ocr_carea' id='block_1_113' title="bbox 2223 4838 3853 4919">
    <p class='ocr_par' dir='ltr' id='par_1_113' title="bbox 2223 4838 3853 4919">
     <span class='ocr_line' id='line_1_114' title="bbox 2223 4838 3853 4919; baseline 0.001 -26"><span class='ocrx_word' id='word_1_822' title='bbox 2223 4838 2490 4919; x_wconf 78' lang='grc' dir='ltr'>σφραγῖδα</span> <span class='ocrx_word' id='word_1_823' title='bbox 2539 4839 2758 4904; x_wconf 78' lang='grc' dir='ltr'>ἄσυλον,</span> <span class='ocrx_word' id='word_1_824' title='bbox 2791 4841 2880 4894; x_wconf 79' lang='grc' dir='ltr'><strong>καὶ</strong></span> <span class='ocrx_word' id='word_1_825' title='bbox 2931 4841 3097 4918; x_wconf 68' lang='grc' dir='ltr'>ἄμφω</span> <span class='ocrx_word' id='word_1_826' title='bbox 3143 4843 3205 4896; x_wconf 83' lang='grc' dir='ltr'><strong>τὸ</strong></span> <span class='ocrx_word' id='word_1_827' title='bbox 3269 4842 3406 4916; x_wconf 64' lang='grc' dir='ltr'>μέγα</span> <span class='ocrx_word' id='word_1_828' title='bbox 3461 4849 3622 4898; x_wconf 86' lang='grc' dir='ltr'>τοῦτο</span> <span class='ocrx_word' id='word_1_829' title='bbox 3675 4851 3853 4918; x_wconf 76' lang='grc' dir='ltr'>χρῆμα</span> 
     </span>
    </p>
   </div>
   <div class='ocr_carea' id='block_1_114' title="bbox 2221 4925 3858 5004">
    <p class='ocr_par' dir='ltr' id='par_1_114' title="bbox 2221 4925 3858 5004">
     <span class='ocr_line' id='line_1_115' title="bbox 2221 4925 3858 5004; baseline -0.001 -18"><span class='ocrx_word' id='word_1_830' title='bbox 2221 4937 2319 4998; x_wconf 80' lang='grc' dir='ltr'>τῆς</span> <span class='ocrx_word' id='word_1_831' title='bbox 2374 4925 2644 4991; x_wconf 73' lang='grc' dir='ltr'>εὐσεϐείας</span> <span class='ocrx_word' id='word_1_832' title='bbox 2702 4935 2816 4992; x_wconf 84' lang='grc' dir='ltr'>τοῖς</span> <span class='ocrx_word' id='word_1_833' title='bbox 2877 4937 2985 4985; x_wconf 80' lang='grc' dir='ltr'><strong>τῶν</strong></span> <span class='ocrx_word' id='word_1_834' title='bbox 3047 4935 3296 4998; x_wconf 77' lang='grc' dir='ltr'>Πατέρων</span> <span class='ocrx_word' id='word_1_835' title='bbox 3338 4931 3488 5004; x_wconf 81' lang='grc' dir='ltr'>ὅροις</span> <span class='ocrx_word' id='word_1_836' title='bbox 3537 4933 3727 5002; x_wconf 83' lang='grc' dir='ltr'>ἐπίσης</span> <span class='ocrx_word' id='word_1_837' title='bbox 3760 4931 3858 4986; x_wconf 82' lang='grc' dir='ltr'>δια-</span> 
     </span>
    </p>
   </div>
   <div class='ocr_carea' id='block_1_115' title="bbox 2219 5019 3850 5095">
    <p class='ocr_par' dir='ltr' id='par_1_115' title="bbox 2219 5019 3850 5095">
     <span class='ocr_line' id='line_1_116' title="bbox 2219 5019 3850 5095; baseline 0.001 -21"><span class='ocrx_word' id='word_1_838' title='bbox 2219 5024 2539 5094; x_wconf 85' lang='grc' dir='ltr'>τηροῦντας,</span> <span class='ocrx_word' id='word_1_839' title='bbox 2567 5021 2653 5073; x_wconf 86' lang='grc' dir='ltr'><strong>καὶ</strong></span> <span class='ocrx_word' id='word_1_840' title='bbox 2707 5020 2808 5073; x_wconf 78' lang='grc' dir='ltr'><strong>οὐκ</strong></span> <span class='ocrx_word' id='word_1_841' title='bbox 2843 5019 2930 5074; x_wconf 84' lang='grc' dir='ltr'><strong>ἐπὶ</strong></span> <span class='ocrx_word' id='word_1_842' title='bbox 2979 5020 3121 5076; x_wconf 83' lang='grc' dir='ltr'>πολὺ</span> <span class='ocrx_word' id='word_1_843' title='bbox 3171 5029 3270 5090; x_wconf 82' lang='grc' dir='ltr'>τῆς</span> <span class='ocrx_word' id='word_1_844' title='bbox 3317 5031 3442 5095; x_wconf 78' lang='grc' dir='ltr'>γῆς,</span> <span class='ocrx_word' id='word_1_845' title='bbox 3475 5023 3600 5078; x_wconf 83' lang='grc' dir='ltr'>ἀλλ’</span> <span class='ocrx_word' id='word_1_846' title='bbox 3631 5025 3850 5078; x_wconf 73' lang='grc' dir='ltr'>ἅπαντα·</span> 
     </span>
    </p>
   </div>
   <div class='ocr_carea' id='block_1_116' title="bbox 2223 5109 3850 5188">
    <p class='ocr_par' dir='ltr' id='par_1_116' title="bbox 2223 5109 3850 5188">
     <span class='ocr_line' id='line_1_117' title="bbox 2223 5109 3850 5188; baseline 0.004 -24"><span class='ocrx_word' id='word_1_847' title='bbox 2223 5114 2329 5184; x_wconf 87' lang='grc' dir='ltr'><strong>χοῦ</strong></span> <span class='ocrx_word' id='word_1_848' title='bbox 2377 5109 2464 5164; x_wconf 82' lang='grc' dir='ltr'><strong>καὶ</strong></span> <span class='ocrx_word' id='word_1_849' title='bbox 2514 5110 2813 5186; x_wconf 76' lang='grc' dir='ltr'>φθάνοντας</span> <span class='ocrx_word' id='word_1_850' title='bbox 2871 5111 2960 5165; x_wconf 87' lang='grc' dir='ltr'><strong>καὶ</strong></span> <span class='ocrx_word' id='word_1_851' title='bbox 3021 5109 3382 5180; x_wconf 84' lang='grc' dir='ltr'>σαλπίζοντας</span> <span class='ocrx_word' id='word_1_852' title='bbox 3411 5131 3422 5144; x_wconf 93' lang='grc'><strong>·</strong></span> <span class='ocrx_word' id='word_1_853' title='bbox 3475 5111 3522 5168; x_wconf 76' lang='grc' dir='ltr'>ε⁹ί</span> <span class='ocrx_word' id='word_1_854' title='bbox 3568 5117 3620 5188; x_wconf 85' lang='grc' dir='ltr'>γ’</span> <span class='ocrx_word' id='word_1_855' title='bbox 3669 5115 3850 5170; x_wconf 78' lang='grc' dir='ltr'>ἐκεῖνος</span> 
     </span>
    </p>
   </div>
   <div class='ocr_carea' id='block_1_117' title="bbox 2223 5197 3850 5277">
    <p class='ocr_par' dir='ltr' id='par_1_117' title="bbox 2223 5197 3850 5277">
     <span class='ocr_line' id='line_1_118' title="bbox 2223 5197 3850 5277; baseline 0.003 -25"><span class='ocrx_word' id='word_1_856' title='bbox 2223 5199 2316 5272; x_wconf 75' lang='grc' dir='ltr'><strong>μὲν</strong></span> <span class='ocrx_word' id='word_1_857' title='bbox 2376 5199 2466 5254; x_wconf 84' lang='grc' dir='ltr'><strong>καὶ</strong></span> <span class='ocrx_word' id='word_1_858' title='bbox 2524 5197 2690 5277; x_wconf 77' lang='grc' dir='ltr'>ἄμφω</span> <span class='ocrx_word' id='word_1_859' title='bbox 2747 5201 2842 5260; x_wconf 79' lang='grc' dir='ltr'><strong>τὰς</strong></span> <span class='ocrx_word' id='word_1_860' title='bbox 2895 5203 3174 5274; x_wconf 76' lang='grc' dir='ltr'>γεννήσεις</span> <span class='ocrx_word' id='word_1_861' title='bbox 3231 5206 3487 5275; x_wconf 78' lang='grc' dir='ltr'>Χριστοῦ,</span> <span class='ocrx_word' id='word_1_862' title='bbox 3541 5204 3604 5256; x_wconf 79' lang='grc' dir='ltr'><strong>σὺ</strong></span> <span class='ocrx_word' id='word_1_863' title='bbox 3654 5202 3710 5258; x_wconf 77' lang='grc' dir='ltr'><strong>δὲ</strong></span> <span class='ocrx_word' id='word_1_864' title='bbox 3769 5205 3850 5257; x_wconf 67' lang='grc' dir='ltr'><strong>τὰς</strong></span> 
     </span>
    </p>
   </div>
   <div class='ocr_carea' id='block_1_118' title="bbox 2219 5329 3850 5410">
    <p class='ocr_par' dir='ltr' id='par_1_118' title="bbox 2219 5329 3850 5410">
     <span class='ocr_line' id='line_1_119' title="bbox 2219 5329 3850 5410; baseline 0.005 -26"><span class='ocrx_word' id='word_1_865' title='bbox 2219 5329 2298 5410; x_wconf 88' lang='lat' dir='ltr'><strong>i_ta</strong></span> <span class='ocrx_word' id='word_1_866' title='bbox 2329 5338 2393 5385; x_wconf 90' lang='lat' dir='ltr'><strong>ut</strong></span> <span class='ocrx_word' id='word_1_867' title='bbox 2423 5331 2702 5410; x_wconf 78' lang='lat' dir='ltr'><strong>Spiritum</strong></span> <span class='ocrx_word' id='word_1_868' title='bbox 2738 5337 3008 5388; x_wconf 83' lang='lat' dir='ltr'><strong>sanctum</strong></span> <span class='ocrx_word' id='word_1_869' title='bbox 3061 5350 3128 5388; x_wconf 84' lang='lat' dir='ltr'><strong>ex</strong></span> <span class='ocrx_word' id='word_1_870' title='bbox 3177 5334 3340 5390; x_wconf 85' lang='lat' dir='ltr'><strong>Patre</strong></span> <span class='ocrx_word' id='word_1_871' title='bbox 3382 5342 3438 5390; x_wconf 87' lang='lat' dir='ltr'><strong>et</strong></span> <span class='ocrx_word' id='word_1_872' title='bbox 3481 5337 3624 5392; x_wconf 91' lang='lat' dir='ltr'><strong>Filio</strong></span> <span class='ocrx_word' id='word_1_873' title='bbox 3675 5355 3850 5410; x_wconf 85' lang='lat' dir='ltr'><strong>proce-</strong></span> 
     </span>
    </p>
   </div>
   <div class='ocr_carea' id='block_1_119' title="bbox 2219 5403 3848 5476">
    <p class='ocr_par' dir='ltr' id='par_1_119' title="bbox 2219 5403 3848 5476">
     <span class='ocr_line' id='line_1_120' title="bbox 2219 5403 3848 5476; baseline 0.003 -18"><span class='ocrx_word' id='word_1_874' title='bbox 2219 5403 2354 5476; x_wconf 86' lang='lat' dir='ltr'><strong>dere</strong></span> <span class='ocrx_word' id='word_1_875' title='bbox 2397 5405 2824 5476; x_wconf 61' lang='lat' dir='ltr'><strong>prolitergntur,</strong></span> <span class='ocrx_word' id='word_1_876' title='bbox 2861 5421 2994 5459; x_wconf 84' lang='lat' dir='ltr'><strong>eum</strong></span> <span class='ocrx_word' id='word_1_877' title='bbox 3048 5423 3392 5476; x_wconf 82' lang='lat' dir='ltr'><strong>persuasum</strong></span> <span class='ocrx_word' id='word_1_878' title='bbox 3444 5412 3528 5464; x_wconf 86' lang='lat' dir='ltr'><strong>eis</strong></span> <span class='ocrx_word' id='word_1_879' title='bbox 3558 5403 3730 5476; x_wconf 75' lang='lat' dir='ltr'><strong>esset,</strong></span> <span class='ocrx_word' id='word_1_880' title='bbox 3763 5411 3848 5464; x_wconf 85' lang='lat' dir='ltr'><strong>La-</strong></span> 
     </span>
    </p>
   </div>
   <div class='ocr_carea' id='block_1_120' title="bbox 2219 5475 3846 5550">
    <p class='ocr_par' dir='ltr' id='par_1_120' title="bbox 2219 5475 3846 5550">
     <span class='ocr_line' id='line_1_121' title="bbox 2219 5475 3846 5550; baseline 0.002 -22"><span class='ocrx_word' id='word_1_881' title='bbox 2219 5475 2375 5528; x_wconf 86' lang='lat' dir='ltr'><strong>tinos</strong></span> <span class='ocrx_word' id='word_1_882' title='bbox 2409 5481 2584 5528; x_wconf 81' lang='lat' dir='ltr'><strong>Deum</strong></span> <span class='ocrx_word' id='word_1_883' title='bbox 2617 5475 2844 5550; x_wconf 84' lang='lat' dir='ltr'><strong>Patrem</strong></span> <span class='ocrx_word' id='word_1_884' title='bbox 2881 5475 3114 5532; x_wconf 85' lang='lat' dir='ltr'><strong>unicam</strong></span> <span class='ocrx_word' id='word_1_885' title='bbox 3145 5477 3274 5532; x_wconf 84' lang='lat' dir='ltr'><strong>Filii</strong></span> <span class='ocrx_word' id='word_1_886' title='bbox 3305 5489 3363 5532; x_wconf 88' lang='lat' dir='ltr'><strong>et</strong></span> <span class='ocrx_word' id='word_1_887' title='bbox 3393 5479 3646 5550; x_wconf 88' lang='lat' dir='ltr'><strong>Spiritus</strong></span> <span class='ocrx_word' id='word_1_888' title='bbox 3683 5475 3846 5538; x_wconf 84' lang='lat' dir='ltr'><strong>sancti</strong></span> 
     </span>
    </p>
   </div>
   <div class='ocr_carea' id='block_1_121' title="bbox 2220 5547 3844 5620">
    <p class='ocr_par' dir='ltr' id='par_1_121' title="bbox 2220 5547 3844 5620">
     <span class='ocr_line' id='line_1_122' title="bbox 2220 5547 3844 5620; baseline 0.004 -20"><span class='ocrx_word' id='word_1_889' title='bbox 2220 5563 2452 5620; x_wconf 85' lang='lat' dir='ltr'><strong>causam</strong></span> <span class='ocrx_word' id='word_1_890' title='bbox 2505 5547 2756 5620; x_wconf 79' lang='lat' dir='ltr'><strong>credere,</strong></span> <span class='ocrx_word' id='word_1_891' title='bbox 2789 5549 2903 5604; x_wconf 91' lang='lat' dir='ltr'><strong>duo</strong></span> <span class='ocrx_word' id='word_1_892' title='bbox 2948 5567 3078 5603; x_wconf 86' lang='lat' dir='ltr'><strong>vero</strong></span> <span class='ocrx_word' id='word_1_893' title='bbox 3128 5547 3683 5620; x_wconf 45' lang='lat' dir='ltr'><strong>principia,_duasve</strong></span> <span class='ocrx_word' id='word_1_894' title='bbox 3729 5570 3844 5608; x_wconf 84' lang='lat' dir='ltr'><strong>cau-</strong></span> 
     </span>
    </p>
   </div>
   <div class='ocr_carea' id='block_1_122' title="bbox 2219 5617 3561 5680">
    <p class='ocr_par' dir='ltr' id='par_1_122' title="bbox 2219 5617 3561 5680">
     <span class='ocr_line' id='line_1_123' title="bbox 2219 5617 3561 5680; baseline 0.004 -7"><span class='ocrx_word' id='word_1_895' title='bbox 2219 5634 2316 5674; x_wconf 86' lang='lat' dir='ltr'><strong>sas</strong></span> <span class='ocrx_word' id='word_1_896' title='bbox 2347 5619 2402 5672; x_wconf 90' lang='lat' dir='ltr'><strong>in</strong></span> <span class='ocrx_word' id='word_1_897' title='bbox 2437 5617 2922 5677; x_wconf 84' lang='lat' dir='ltr'><strong>consubstantiali</strong></span> <span class='ocrx_word' id='word_1_898' title='bbox 2948 5617 3226 5678; x_wconf 77' lang='lat' dir='ltr'><strong>Triuitate</strong></span> <span class='ocrx_word' id='word_1_899' title='bbox 3257 5617 3561 5680; x_wconf 69' lang='lat' dir='ltr'><strong>exsecrari.</strong></span> 
     </span>
    </p>
   </div>
   <div class='ocr_carea' id='block_1_123' title="bbox 4041 40 4044 775">
    <p class='ocr_par' dir='ltr' id='par_1_123' title="bbox 4041 40 4043 150">
     <span class='ocr_line' id='line_1_124' title="bbox 4041 40 4043 150; baseline 0 0"><span class='ocrx_word' id='word_1_900' title='bbox 4041 40 4043 110; x_wconf 46' lang='grc' dir='ltr'>ι</span> 
     </span>
    </p>
   </div>
   <div class='ocr_carea' id='block_1_124' title="bbox 4041 1260 4045 2696">
    <p class='ocr_par' dir='ltr' id='par_1_124' title="bbox 4041 2457 4043 2582">
     <span class='ocr_line' id='line_1_125' title="bbox 4041 2457 4043 2476; baseline 0 0"><span class='ocrx_word' id='word_1_901' title='bbox 4041 2457 4043 2476; x_wconf 76' lang='lat' dir='ltr'><strong>l</strong></span> 
     </span>
     <span class='ocr_line' id='line_1_126' title="bbox 4042 2483 4043 2520; baseline 0 0"><span class='ocrx_word' id='word_1_902' title='bbox 4042 2483 4043 2520; x_wconf 56' lang='grc' dir='ltr'><strong>ί</strong></span> 
     </span>
     <span class='ocr_line' id='line_1_127' title="bbox 4041 2521 4043 2554; baseline 0 0"><span class='ocrx_word' id='word_1_903' title='bbox 4041 2521 4043 2554; x_wconf 63' lang='lat' dir='ltr'><strong>l</strong></span> 
     </span>
     <span class='ocr_line' id='line_1_128' title="bbox 4041 2559 4043 2582; baseline 0 0"><span class='ocrx_word' id='word_1_904' title='bbox 4041 2559 4043 2582; x_wconf 85' lang='grc' dir='ltr'><strong>Ι</strong></span> 
     </span>
    </p>
   </div>
  </div>
