3982 6216
194 387 288 446 593
1610 391 2053 455 DEDICATIO.

3416 377 3537 440 594

194 518 379 579 inrita:
419 515 665 587 διαθήκας
708 518 1134 597 ἐπισφραγίζεις·
1186 521 1244 575 Τί
1307 519 1363 577 δὲ
1408 521 1498 592 ἄρ’
1544 523 1596 578 ἐν
1642 525 1770 580 τού-

1886 527 1973 584 cia
2002 526 2190 584 dicere
2215 525 2429 591 ausim,
2460 523 2621 596 quod
2649 522 2733 578 illi
2772 524 2945 579 antea
2976 522 3045 577 de
3076 518 3219 577 Filio
3267 534 3373 591 per
3401 533 3534 591 gra—

190 628 282 666 τοις
310 607 386 677 μὲν
426 608 549 677 πρὸς
587 606 650 661 τὸ
692 608 807 662 ἴσον
851 607 1038 682 ἐκείνῳ
1078 607 1372 683 διαμιλλᾷ,
1412 612 1531 681 ἤθει
1582 611 1637 669 δὲ
1685 615 1774 669 καὶ

80 692 94 711 ³
191 696 392 771 τρόποις,
416 702 488 769 τῷ
515 717 570 752 τε
609 698 766 771 πράῳ
804 698 894 753 καὶ
939 701 1342 776 μεγαλοψύχῳ,
1387 701 1554 776 οἴκτῳ
1592 723 1648 758 τε
1687 705 1777 758 καὶ

190 786 512 860 φιλανθρωπίᾳ
561 787 698 860 πρὸς
758 784 814 842 δὲ
864 792 943 859 τῷ
994 790 1340 864 ἀνυποκρίτῳ
1386 798 1486 860 τῆς
1536 793 1660 865 περὶ
1711 793 1779 848 τὰ

190 877 277 929 iisin
311 870 568 937 εὐλαϐείας
621 876 712 931 καὶ
766 878 896 939 τοὺς
953 883 1088 933 Θεοῦ
1139 876 1496 955 λειτουργοός
1526 900 1537 913 ο
1590 878 1670 937 ἔτι
1721 879 1778 936 δὲ

190 965 249 1034 τῷ
268 969 361 1017 τῶν
385 964 615 1037 πράξεων
651 965 1061 1042 μεγαλοπρεπεῖ
1096 970 1186 1022 καὶ
1230 974 1312 1040 τῷ
1351 969 1638 1046 φιλοτίμῳ
1666 969 1774 1026 τῶν

189 1050 340 1126 ἔργων,
391 1055 475 1108 καὶ
528 1058 592 1109 τὸ
654 1057 929 1130 μέγιστον,
995 1062 1076 1129 τῷ
1152 1055 1398 1133 διαπύρῳ
1455 1061 1593 1132 πρὸς
1649 1059 1778 1116 Θεὸν

188 1140 337 1215 ἔρωτι·
368 1143 497 1198 ὥστε
526 1141 592 1211 δὴ
644 1146 735 1199 καὶ
775 1147 951 1201 πάντα
990 1146 1194 1215 κάλων,
1225 1147 1288 1202 τὸ
1317 1152 1414 1203 τοῦ
1456 1148 1645 1223 λόγον,
1685 1171 1777 1204 ιιι-

186 1236 266 1284 νεῖν
301 1230 365 1292 εἷς
411 1229 625 1304 αὔξησιν
681 1236 743 1289 τὸ
792 1231 951 1297 σέϐας
998 1233 1323 1304 ἐπιδιδόναι,
1373 1238 1463 1292 καὶ
1512 1238 1775 1312 ῥυθμίζε-

181 1321 275 1373 σθαι
313 1324 436 1395 πρὸς
489 1317 769 1396 ἀκριόειαν
820 1324 887 1379 τὰ
945 1326 1207 1400 ἡμέτερα,
1266 1326 1356 1380 καὶ
1417 1324 1624 1402 λόγοις,
1681 1328 1774 1382 καὶ

178 1409 346 1479 νόμοις,
401 1410 486 1464 καὶ
545 1408 936 1485 ὑποδείγμασιν
974 1431 986 1442 ·
1037 1414 1215 1483 ἥττων
1261 1413 1468 1469 ἐκείνου
1525 1417 1660 1470 κατὰ
1721 1416 1773 1471 τί

178 1500 275 1573 γένῃ
299 1501 380 1553 καί
411 1500 543 1577 φέρῃ
574 1503 644 1557 τὰ
674 1501 894 1579 δεύτερα
922 1522 935 1573 ;
978 1505 1260 1577 Οὐμενοῦν
1310 1502 1570 1579 οὐδαμῶς
1596 1527 1606 1537 ·
1643 1494 1778 1563 ὥστ’

180 1588 211 1640 εἰ
253 1591 316 1659 μὴ
357 1590 441 1644 καὶ
489 1592 697 1665 χρόνος
756 1588 1079 1665 μεσολαϐὧν
1125 1595 1186 1649 τὸ
1238 1593 1462 1656 διεστὼς
1521 1594 1773 1669 ἐνεποίει,

179 1675 297 1733 σῦὂεν
344 1680 407 1748 ἦν
459 1680 561 1755 ἄρα
615 1681 681 1736 τὸ
730 1682 1156 1756 προσιστάμενον
1203 1682 1255 1738 ἐν
1306 1683 1587 1755 ἀλλήλοις
1637 1686 1776 1759 ὑμᾶς

177 1770 340 1822 κεῖσθαι
375 1770 462 1824 καὶ
493 1772 620 1846 παρ’
650 1768 949 1842 ἀλλήλοις,
978 1774 1069 1827 καὶ
1101 1770 1169 1828 δι’
1208 1772 1475 1844 ἀλλήλων
1516 1795 1771 1850 περιχω-

1888 616 2030 672 tiam
2064 618 2263 672 datum
2293 620 2405 683 est,
2436 614 2498 669 id
2524 613 2629 668 tibi
2680 616 2881 685 postea
2929 612 3000 668 de
3042 609 3260 682 Spiritu
3289 608 3538 680 inspira-

1888 710 2012 761 tum
2044 721 2209 761 esse:
2242 706 2324 760 ita
2353 710 2413 759 ut
2442 704 2499 758 in
2558 703 2667 759 hac
2718 717 2949 773 quoque
3010 706 3190 771 parte,
3250 702 3535 770 quantum

1890 795 2238 866 permissum
2279 799 2387 861 est,
2418 810 2644 866 (equam
2686 792 2919 849 laudem
2949 776 3235 859 habeatis,
3258 789 3318 844 in
3341 804 3537 860 aequa-

1885 883 2044 940 libus
2098 888 2157 940 et
2208 884 2431 939 eisdem
2484 882 2659 938 rebus
2721 880 2960 937 miriﬁce
3016 877 3293 951 aqualem
3366 884 3542 947 atque

1886 974 2158 1030 eumdem
2188 972 2487 1029 consecuti
2519 972 2823 1040 honorem,
2857 969 3077 1041 insigni
3100 967 3377 1024 nimirum
3400 981 3541 1038 erga

1888 1062 2150 1118 divinum
2186 1068 2409 1119 Numen
2444 1061 2639 1118 studio
2668 1066 2728 1117 et
2775 1058 3084 1127 desiderio,
3135 1072 3240 1113 nec
3297 1072 3412 1112 non
3447 1069 3539 1111 re-

1889 1169 2017 1209 rum
2080 1158 2341 1209 actarum
2394 1150 2822 1225 magnitudine.
2872 1151 3078 1220 Itaque
3131 1145 3278 1203 nihil
3328 1162 3420 1201 me
3466 1144 3542 1229 ab

1888 1242 2158 1299 instituta
2186 1243 2446 1299 veritatis
2476 1242 2702 1298 ratione
2732 1240 3135 1296 discessurum
3172 1240 3329 1308 puto,
3361 1236 3412 1291 si
3455 1233 3543 1290 ιιιι

1890 1333 2126 1403 quidem
2156 1332 2264 1387 hoc
2294 1332 2575 1399 tribuero,
2619 1330 3064 1386 fundamentum
3106 1324 3539 1398 quodammodo

1887 1436 2019 1476 eum
2054 1425 2343 1476 rectorum
2378 1420 2642 1476 Ecclesiae
2676 1420 3010 1491 dogmatum
3042 1421 3099 1473 et
3145 1430 3270 1472 esse
3309 1421 3363 1471 et
3414 1428 3548 1486 per-
3656 1480 3657 1487 γ

1885 1508 2111 1565 hiberi:
2159 1514 2214 1566 te
2270 1525 2402 1567 vero
2449 1510 2682 1565 cuidam
2742 1506 3138 1579 pulcherrimo
3203 1501 3436 1575 fastigio
3491 1504 3548 1558 et

1885 1596 2030 1653 clavi
2062 1602 2234 1670 atque
2265 1598 2460 1671 sigillo
2489 1599 2716 1670 integro
2742 1610 3110 1669 comparem:
3142 1602 3197 1649 el
3220 1597 3543 1662 utrumque

1886 1684 2095 1758 ingens
2127 1686 2283 1742 istud
2313 1704 2457 1743 veris
2481 1685 2710 1759 pietatis
2734 1688 3183 1741 monumentum
3206 1699 3277 1739 ex
3301 1681 3551 1738 Patrum
3576 1734 3579 1743 _

1894 1777 2230 1847 prmscripto
2261 1792 2619 1842 conservare,
2671 1780 2845 1846 atque
2892 1775 2950 1829 id
3000 1789 3117 1829 non
3150 1773 3207 1828 in
3240 1772 3546 1843 plerasque

179 1858 387 1930 ροόντας,
422 1863 500 1930 τῷ
551 1828 962 1934 άπαραλλάιιτξι
1007 1828 1775 1939 γνωρίζεσθαί,ὡςτὲι’ταυ-

1896 1828 2321 1936 partes:
2334 1828 2619 1922 sed
2892 1863 3091 1926 omnia
3120 1828 3464 1934 propagare;
3495 1860 3552 1914 et

176 1944 327 2014 τὸτητι
382 1945 660 2002 λανθάνειν
722 1949 1007 2022 ὁπότερος,
1067 1947 1238 2013 ἄλλος
1315 1952 1477 2014 αὐτὸς
1531 1953 1785 2028 ἑκάτερος

174 2029 383 2109 ἄντικρυς
434 2039 560 2111 παρ’
621 2038 840 2110 ἑκάστῳ
909 2038 1260 2113 κρινόμενος,
1336 2042 1579 2115 καθάπερ
1640 2042 1780 2117 μέρη

1899 1962 2175 2027 tanquam
2220 1956 2469 2012 buccina
2498 1954 2874 2027 promulgare
2912 1953 3123 2009 dicam.
3183 1948 3553 2021 Quandoqui-

1896 2044 2028 2099 dem
2059 2043 2158 2101 ille
2189 2049 2501 2116 utramque
2549 2043 2759 2100 Christi
2805 2041 3262 2115 generationem,
3305 2042 3369 2096 tu
3419 2053 3552 2095 vero

174 2122 242 2175 mi
274 2123 417 2197 ἀέρος
453 2126 543 2180 καὶ
573 2123 774 2190 ὕδατος
803 2125 856 2180 ἐν
900 2126 1180 2197 ἀλλήλοις
1228 2130 1552 2203 μιγνύμενα.
1600 2130 1696 2184 Καί
1725 2151 1775 2204 γε

1894 2139 2260 2205 postremum
2322 2138 2740 2190 testamentum
2802 2130 2992 2203 sigillo
3045 2129 3358 2203 consignas
3427 2131 3552 2184 tuo.

174 2205 222 2279 δὴ
263 2213 341 2266 καὶ
394 2216 538 2270 τοῦτ’
594 2216 766 2270 εἰπεῖν
812 2216 946 2288 μετὰ
992 2216 1225 2292 θάρρους
1272 2217 1371 2272 οὐκ
1417 2217 1523 2273 ἆπό
1576 2219 1781 2294 τρόπου

172 2300 439 2372 εἰρήσεται·
482 2306 558 2367 ὡς
599 2305 692 2359 καὶ
731 2308 840 2360 τῶν
870 2304 997 2360 ⁵ἴσων
1038 2303 1104 2377 δὴ
1150 2312 1321 2382 γερῶν
1360 2307 1572 2381 ἐκείνῳ,
1621 2306 1784 2380 δόξης

170 2390 206 2441 τ’
238 2389 293 2443 αὖ
338 2393 421 2446 καὶ
479 2394 779 2470 στεφάνων,
843 2394 1081 2458 στάσεώς
1131 2416 1189 2451 τε
1247 2397 1359 2469 ἅμα
1411 2398 1502 2451 καὶ
1559 2398 1783 2470 τάξεως,

1575 2491 1784 2562 μακρᾶς

169 2565 337 2638 ἐκείνης
372 2572 457 2626 καὶ
504 2570 818 2649 άδιαδόχου
862 2575 1138 2648 βασιλείας
1171 2596 1229 2630 τε
1274 2577 1364 2630 καὶ
1397 2577 1601 2655 ἀρχῆς,
1648 2577 1783 2651 πρὸς

170 2662 277 2712 Θιοῦ
321 2657 594 2737 λαμπρῶς
645 2661 837 2734 ἐπίσης
887 2664 1077 2738 ἐκείνῳ
1119 2664 1208 2720 καὶ
1259 2666 1315 2720 σὲ
1358 2668 1781 2739 καταξιωθῆναι.

169 2479 239 2531 καὶ
285 2488 376 2550 τῆς
434 2482 810 2539 ἱσαποστόλου
863 2482 1137 2556 κλήσεως,
1207 2487 1341 2558 μετὰ
1395 2494 1495 2555 τῆς

1895 2222 2204 2280 Enimvero
2234 2241 2306 2281 an
2339 2227 2403 2279 tu
2453 2224 2690 2295 quidem
2725 2223 2784 2277 in
2817 2222 2991 2278 rebus
3023 2237 3169 2292 quas
3200 2218 3455 2275 diximus
3487 2231 3557 2272 ex

1902 2327 2067 2384 aequo
2097 2330 2229 2370 cum
2289 2314 2388 2369 illo
2436 2317 2647 2382 certas,
2707 2327 2934 2369 morum
2995 2318 3185 2366 autem
3244 2310 3557 2364 consuetu-

1898 2403 2053 2469 dine,
2095 2403 2422 2471 clementia,
2456 2401 2959 2474 magnanimitate,
2998 2397 3414 2464 misericordia,
3450 2396 3557 2452 hu-

1900 2492 2183 2547 manitate
2211 2498 2485 2564 prmterea
2514 2493 2736 2548 sincera
2768 2496 2825 2547 et
2852 2487 3242 2545 simulationit
3260 2488 3462 2556 ignara
3490 2484 3553 2543 in

1903 2583 2087 2638 Deum
2122 2582 2423 2655 religione,
2467 2588 2641 2655 atque
2691 2582 2750 2638 in
2791 2579 2895 2637 Dei
2945 2579 3248 2636 ministros
3292 2576 3548 2649 pietate:

1897 2673 2138 2745 insuper
2167 2673 2459 2729 actionum
2494 2671 2949 2745 magnificentia,
2981 2682 3341 2741 operumque
3364 2665 3548 2722 ambi-

168 2748 283 2806 tioso
309 2754 657 2824 splendore:
691 2756 960 2827 denique,
994 2758 1148 2829 quod
1183 2756 1504 2815 maximum
1530 2767 1638 2829 est,
1693 2760 1955 2833 ﬂagranti
2021 2779 2158 2834 erga
2214 2765 2395 2819 Deum
2455 2778 2689 2829 amore;
2752 2761 2896 2818 adeo
2955 2776 3116 2828 sane,
3177 2763 3243 2814 ut
3281 2768 3546 2826 omnem,

168 2837 392 2938 sicutiin
424 2846 735 2938 proverbio
767 2853 876 2911 est,
909 2856 1208 2919 propterea
1238 2850 1482 2905 moverit
1540 2850 1763 2921 funem,
1792 2852 2178 2921 orationibus,
2219 2852 2449 2925 legibus
2494 2857 2552 2908 et
2604 2850 2886 2923 exemplis
2946 2847 3277 2922 propositis,
3338 2850 3405 2903 ut
3459 2861 3549 2903 re-

172 2928 371 3000 ligionis
427 2935 630 2990 cultus
687 2934 1051 2992 incrementa
1106 2954 1211 2993 sua
1270 2943 1521 3010 caperet,
1578 2944 1635 2995 et
1691 2956 1784 2997 res
1846 2949 2059 2998 nostras
2114 2957 2293 3013 quam
2351 2941 2674 2999 rectissime
2737 2939 3171 3002 ordinarentur,
3228 2936 3432 3008 aliqua
3489 2950 3559 2993 ex

166 3029 298 3089 parte
326 3023 421 3080 illo
446 3025 694 3081 inferior
723 3029 1006 3082 secundas
1036 3028 1199 3084 fers?
1230 3029 1286 3084 ld
1321 3046 1456 3086 vero
1486 3036 1715 3087 tantum
1774 3033 1960 3098 abest,
1993 3035 2059 3087 ut
2089 3031 2202 3088 nisi
2255 3033 2410 3105 quod
2470 3030 2730 3087 medium
2776 3028 3110 3086 intercessit
3155 3030 3411 3099 tempus,
3452 3024 3557 3081 in-

166 3111 435 3169 tervallum
468 3117 770 3186 quoddam
805 3116 1057 3184 fecisset,
1088 3118 1231 3174 nihil
1257 3137 1492 3190 prorsus
1524 3121 1921 3192 impedimenti
1983 3122 2259 3191 obstaret,
2319 3123 2635 3194 quominus
2693 3120 2839 3177 alter
2892 3120 2955 3176 in
3020 3118 3201 3175 altero
3257 3116 3407 3173 situs
3460 3131 3559 3171 es-

164 3204 338 3299 Sftt‘et
365 3204 512 3299 alter
544 3206 624 3299 ab
670 3205 872 3274 altero,
932 3210 1106 3278 atque
1165 3210 1306 3264 adeo
1365 3225 1468 3282 per
1527 3211 1794 3273 alterum.
1857 3211 1916 3266 in
1974 3211 2207 3283 publico
2265 3209 2672 3277 obambulans,
2736 3210 2837 3267 28
2896 3211 3128 3281 prapter
3178 3205 3554 3263 indiscretam

160 3291 577 3351 similitudinem
608 3294 690 3349 ita
720 3308 1182 3368 cognosceretur,
1240 3303 1307 3353 ut
1338 3315 1439 3370 per
1467 3315 1597 3355 eam
1637 3300 2106 3371 similitudinem,
2141 3303 2280 3360 dum
2312 3306 2555 3375 uterque
2611 3301 2757 3357 alter
2811 3300 2940 3373 ipse
2996 3306 3254 3355 vestrum
3312 3310 3554 3369 prorsus

160 3384 612 3454 esssaquolibet
634 3385 1023 3457 judicaretur,
1074 3392 1341 3443 uternam
1392 3393 1567 3457 esset,
1620 3405 1735 3445 non
1786 3393 1928 3447 satis
1971 3397 2286 3460 constaret,
2334 3391 2835 3464 quemadmodum
2867 3390 3010 3447 aeris
3062 3392 3120 3443 et
3174 3402 3338 3458 aquas
3406 3386 3557 3441 inter

162 3482 210 3523 se
234 3476 544 3531 commistie
578 3487 787 3547 partes.
821 3477 972 3543 Quin
1003 3481 1061 3535 et
1088 3477 1257 3549 illud,
1289 3484 1467 3552 atque
1498 3480 1772 3537 audacter
1801 3481 2063 3554 quidem,
2091 3497 2211 3539 non
2241 3490 2434 3538 tamen
2481 3484 2685 3552 praeter
2734 3480 2975 3537 modum
3026 3478 3272 3544 dicetur,
3335 3474 3555 3533 eisdem

161 3560 206 3613 te
225 3563 474 3620 cumillo
505 3564 706 3636 gloria:
738 3571 797 3621 ct
842 3574 1343 3637 ornamentorum,
1410 3569 1550 3624 item
1610 3575 1797 3626 status
1861 3573 2040 3631 simul
2100 3578 2159 3631 et
2212 3573 2455 3641 ordinis,
2514 3571 2960 3644 apostolicteque
3011 3569 3184 3640 plane
3215 3563 3555 3633 vocationis,

163 3665 256 3705 una
281 3668 407 3710 cum
440 3656 675 3712 diutino
708 3657 828 3725 illo,
862 3663 922 3713 et
952 3660 1105 3730 quod
1164 3660 1597 3718 successionem
1644 3662 1890 3735 nesciat,
1950 3680 2130 3737 regno
2185 3667 2243 3720 et
2301 3661 2562 3734 imperio,
2622 3660 2880 3734 praemiis
2938 3662 2996 3716 et
3052 3655 3373 3715 honoribus
3412 3668 3556 3711 sane

167 3754 306 3807 quam
342 3744 653 3818 splendide
684 3745 865 3804 Deum
893 3748 1203 3821 dignatum
1241 3766 1392 3808 esse.

219 3923 324 3998 Ἆρ’
378 3927 470 3982 οὗν
527 3929 731 3991 ἱκανῶς
781 3930 810 3984 ὁ
859 3929 1022 4006 λόγος
1070 3931 1161 3987 τὸν
1219 3930 1350 4006 ἐμὸν
1410 3932 1775 4010 αὐτοκράτορα

1966 3936 2077 3993 Sed
2109 3936 2264 3993 enim
2299 3950 2438 3991 num
2473 3935 2627 3989 recte
2656 3937 2714 3988 et
2752 3931 2925 4003 digne
2957 3927 3098 3985 satis
3128 3925 3324 3985 oratio
3355 3926 3548 3997 impe-

162 4011 484 4089 καὶάρίστως
537 4017 1035 4097 ὑπεζωγράφησενς
1092 4022 1163 4077 Ἦ
1210 4019 1311 4094 δεῖ,
1362 4024 1601 4098 καθάπερ
1649 4024 1775 4088 τοὺς

1888 4030 2132 4083 ratorem
2164 4040 2357 4081 meum
2391 4019 2702 4096 depinxit?
2750 4023 2836 4075 An
2887 4017 3086 4087 etiam,
3118 4017 3177 4072 id
3220 4016 3375 4088 quod
3406 4013 3547 4071 dili-

159 4104 245 4191 τῶν
286 4106 592 4187 ζωγράφων
642 4106 918 4181 ὶπιμενεῖς
974 4109 1065 4164 καὶ
1126 4112 1203 4185 μὴ
1259 4111 1520 4191 φαύλους,
1572 4134 1775 4190 προσε-

1886 4120 2089 4189 gentes
2120 4118 2177 4171 et
2217 4113 2438 4169 laudati
2492 4111 2741 4185 pictores
2768 4108 3006 4177 faciunt,
3037 4106 3262 4163 colores
3293 4104 3548 4175 insuper

156 4186 417 4289 πιόάλλειν
466 4198 565 4251 καὶ
610 4194 771 4271 ἕτερα
824 4201 1099 4277 χρώματα
1129 4222 1143 4271 ;
1179 4186 1354 4258 Ἀλλὰ
1403 4201 1484 4267 τίς
1513 4201 1572 4283 ἃν
1607 4186 1775 4281 λόγος

1886 4186 2029 4263 alios
2055 4203 2306 4275 adjicere
2336 4218 2482 4273 opus
2512 4200 2649 4257 est?
2699 4205 2768 4255 At
2809 4212 3078 4272 quanam
3109 4195 3283 4252 verba
3312 4198 3541 4289 tantam

154 4280 333 4347 κάλλος
357 4290 624 4342 τοσοῦτον
652 4289 741 4342 καὶ
775 4291 961 4362 ψυχῆς
992 4291 1077 4344 καὶ
1107 4290 1357 4364 σώματος
1390 4279 1771 4367 διαγράψειεν;

1886 4300 1943 4352 et
1971 4294 2152 4353 animi
2190 4299 2247 4350 et
2294 4292 2550 4362 corporis
2599 4288 3104 4362 pulchritudinem
3154 4280 3543 4342 describent?

157 4369 275 4445 Ἐγὼ
305 4375 396 4447 μὲν
437 4374 545 4431 οὒκ
594 4378 778 4451 οἶμαι,
832 4378 929 4434 κᾶν
962 4377 1157 4442 πάντες
1208 4379 1283 4443 εἷς
1332 4376 1385 4435 ἓν
1437 4382 1633 4457 ἀθρόον
1682 4382 1773 4437 καὶ

1886 4387 1997 4459 Ego
2028 4385 2268 4457 quidem
2300 4383 2424 4437 ﬁeri
2448 4381 2505 4437 id
2548 4397 2720 4452 posse
2751 4396 2868 4437 non
2898 4383 3060 4451 puto,
3113 4376 3341 4433 etiamsi
3366 4371 3542 4431 simul

152 4462 293 4516 ταοτᾶ
334 4467 635 4536 γένωνται·
701 4467 927 4523 Πλάτων
981 4467 1179 4532 ἐκεῖνος
1225 4476 1324 4539 τῆς
1378 4471 1772 4547 μεγαληγόρου

1886 4488 2083 4529 omnes
2137 4471 2198 4526 in
2256 4468 2448 4525 locum
2490 4470 2762 4525 eumdem
2814 4466 3181 4533 conveniant,
3222 4463 3383 4519 Plato
3440 4461 3540 4517 ille

155 4549 225 4602 καὶ
267 4555 454 4629 φρενὸς
498 4555 591 4610 καὶ
643 4554 919 4632 γλώττης,
968 4556 1003 4627 ἢ
1055 4558 1183 4632 γοῦν
1232 4560 1585 4631 Δημοσθένης
1636 4561 1773 4635 μετὰ

1886 4577 2014 4617 cum
2048 4559 2352 4633 magniﬁca
2380 4566 2438 4614 et
2467 4563 2662 4614 mente
2689 4561 2747 4614 et
2774 4556 2997 4628 lingua,
3029 4559 3088 4611 et
3114 4550 3537 4610 Demosthenes

1880 4666 2015 4708 cum
2043 4667 2112 4707 ea
2141 4665 2274 4724 quis
2306 4646 2552 4704 orationi
2584 4648 2711 4719 ejus
2743 4644 3011 4702 subsidet
3039 4643 3094 4699 vi
3124 4645 3181 4698 et
3208 4643 3492 4713 gravitate
3516 4652 3532 4692 :

1882 4746 1939 4798 et
1967 4737 2336 4812 Thucydides
2394 4743 2452 4793 et
2507 4736 2814 4804 Aristides,
2881 4749 3128 4806 quorum
3186 4729 3333 4786 alter
3390 4740 3526 4781 cum

1882 4832 2136 4903 pondere
2164 4827 2340 4885 verba
2372 4826 2648 4898 proferre,
2699 4823 2845 4881 alter
2872 4840 2935 4880 ea
2974 4819 3317 4886 elocutione,
3351 4828 3529 4884 quam

1880 4919 2097 4975 imitari
2134 4933 2250 4974 non
2305 4919 2400 4985 sit,
2459 4916 2650 4971 dicere
2708 4914 2906 4970 novit:
2962 4911 3194 4980 utrique
3251 4919 3409 4972 sane,
3468 4905 3527 4958 et

152 4997 258 5082 σθεν
304 4999 615 5072 πράγμασιν
652 5017 664 5032 ⁸
725 4997 855 5054 ἀλλ’
913 4997 1030 5055 οὐδ’
1085 5000 1362 5072 Ἀπελλῆς
1421 5001 1625 5067 ἐκεῖνος
1682 5006 1773 5060 καὶ

1886 5024 2060 5082 prope
2090 5006 2219 5078 soli,
2253 5009 2321 5063 ad
2356 5022 2656 5064 summum
2698 5003 2847 5059 facta
2875 4999 3065 5056 verbis
3094 5004 3527 5082 exmquarepe-

152 5080 429 5172 Λόσιππος,
475 5085 531 5143 οἵ
583 5089 898 5166 χρωμάτων
961 5089 1148 5166 ἀρίστῃ
1199 5091 1383 5167 κράσει
1431 5095 1530 5163 τὴν
1575 5115 1764 5172 γραφι-

1886 5079 2007 5154 imi
2027 5097 2139 5153 Sed
2194 5112 2386 5169 neque
2419 5095 2646 5167 Apelles
2675 5095 2733 5147 et
2788 5088 3098 5162 Lysippus,
3158 5083 3252 5154 qui
3303 5079 3528 5152 optima

149 5171 233 5240 κήν
257 5172 390 5249 ἦραν
422 5177 502 5240 εἷς
545 5176 702 5251 μέγα,
742 5176 1026 5255 ἐμψύχους
1064 5177 1259 5256 άλίγου
1309 5179 1418 5237 δεῖν
1469 5171 1769 5258 ἐργασάμε-

1886 5188 2138 5245 colorum
2168 5192 2563 5260 temperatura
2609 5186 2792 5239 artem
2846 5174 3122 5250 pingendi
3174 5183 3526 5244 magnopere

148 5281 215 5313 ἀοι
242 5262 466 5328 πίνακας
494 5283 509 5298 ⁸
542 5267 578 5335 ἢ
610 5273 738 5343 γοῦν
770 5266 989 5333 Φειδίας
1033 5269 1069 5338 ἢ
1118 5270 1338 5344 Μύρων,
1387 5268 1572 5337 δεινῶς
1623 5272 1771 5347 μάλα

1886 5277 2233 5345 extulerunt,
2292 5281 2348 5332 et
2405 5289 2581 5346 prope
2610 5271 2902 5327 animatas
2960 5262 3392 5337 proposuerunt
3446 5261 3530 5347 ta-

146 5351 342 5429 γράφειν
393 5354 827 5431 ἐξεπιστάμενοι,
865 5359 954 5414 καὶ
1006 5357 1205 5433 χαλκῷ
1252 5361 1342 5415 καὶ
1396 5361 1574 5425 λίθοις
1605 5346 1769 5419 διατα-

1886 5368 2084 5423 bulas:
2144 5383 2249 5422 nec
2307 5380 2447 5421 sane
2504 5359 2739 5416 Phidias
2814 5361 2916 5415 aut
2991 5354 3214 5425 Myron,
3292 5352 3348 5404 et
3410 5346 3528 5417 ipsi

145 5440 347 5508 μηνῦειν
393 5444 534 5513 ἦθος
594 5444 821 5523 ἀνδρῶν,
871 5448 966 5502 κᾶν
1010 5453 1127 5510 ταῖς
1183 5446 1417 5529 γλυφαῖς
1483 5452 1767 5525 ὑποκαθη-

1886 5458 2130 5515 artiﬁces
2171 5454 2408 5529 egregii,
2468 5450 2565 5522 qui
2618 5465 2729 5505 are
2781 5454 2838 5504 et
2890 5447 3043 5503 saxis
3102 5455 3295 5500 mores
3324 5442 3383 5494 et
3427 5437 3520 5529 in-

1877 5549 2047 5621 genia
2088 5548 2340 5603 virorum
2396 5539 2677 5610 indicare,
2733 5544 2793 5595 et
2841 5538 2901 5594 in
2961 5530 3278 5607 sculpturis
3334 5528 3525 5602 operi-

1877 5638 2098 5710 busque
2127 5635 2270 5705 suis,
2301 5631 2668 5690 subsidentes
2721 5626 2868 5700 ipsis
2918 5623 3275 5699 imaginibus
3319 5633 3521 5710 orum

1879 5707 2128 5803 quorum
2160 5724 2377 5782 formas
2410 5717 2860 5790 adumbrarunt,
2890 5716 3135 5779 virtutes
3164 5708 3344 5776 simul
3374 5707 3519 5770 satis

152 4644 233 4706 τῆς
284 4641 708 4716 ὑποχαθημένης
764 4650 879 4700 τοῖν
932 4644 1117 4722 λόγοιν
1168 4643 1501 4717 δεινότητος,
1544 4648 1580 4718 ἢ
1630 4657 1775 4705 Θου-

151 4724 348 4799 κυδίδης
393 4731 482 4786 καὶ
536 4729 919 4803 Ἀριστείδης’
973 4734 1001 4788 ὁ
1053 4734 1147 4806 μὲν
1199 4733 1274 4799 εἷς
1321 4733 1490 4810 ὄγκον
1541 4737 1768 4813 ἐξαίρειν

153 4813 325 4892 λόγους
374 4818 562 4891 εἲδὼς,
592 4822 621 4875 ὁ
671 4818 720 4875 δ’
767 4821 1035 4896 άμιμήτῳ
1084 4825 1272 4900 φράσει
1317 4823 1494 4901 λέγειν
1546 4829 1769 4900 μαθών*

154 4907 225 4958 καί
254 4909 302 4983 γ’
332 4907 537 4972 εἰδότες
570 4911 751 4986 ἄκρως
783 4910 949 4986 ἄμφω
988 4910 1055 4982 δὴ
1098 4913 1186 4968 καὶ
1236 4913 1395 4986 μόνοι
1443 4914 1644 4991 λόγους
1672 4915 1775 4988 ἐξιο

146 5533 292 5601 μένας
342 5540 465 5599 τοῖς
522 5540 714 5602 τύποις
775 5539 1110 5618 συνεκφέρειν
1189 5562 1305 5606 πως
1360 5546 1447 5601 καὶ
1507 5547 1602 5609 τὰς
1658 5552 1767 5603 τῶν

146 5624 523 5699 μορφουμένων
588 5626 779 5703 ἀρετὰς
846 5630 1048 5691 ἱκανῶς
1115 5625 1355 5703 ἔχοντες.
1431 5631 1587 5689 Ἀλλ’
1654 5622 1768 5691 οὐδ’

145 5708 278 5765 οὗτοι
326 5712 525 5779 πάντες
574 5714 723 5792 εἴπερ
750 5717 929 5789 ἦσαν·
982 5715 1080 5773 ε’ίτ’
1127 5715 1222 5775 οὖν
1271 5718 1442 5777 εῒκόσι
1500 5725 1590 5783 καὶ
1639 5725 1771 5799 στή-
