4100 6218
221 358 329 417 597

1685 351 2130 414 DEDICATIO.

3493 356 3615 416 598'

224 492 339 555 λοις
382 497 651 566 παρεῖται,
713 490 882 554 ἄλλος
945 489 1073 563 μάλ’
1126 490 1312 568 ἐφεῦρε
1345 510 1357 522 °
1422 490 1592 544 πάντα
1647 487 1706 544 δὲ
1760 488 1849 542 καὶ

1975 490 2143 545 nostri
2177 497 2282 557 est,
2317 489 2615 561 sigillatim
2651 490 2750 545 res
2807 505 3009 546 omnes
3068 493 3199 546 tuas
3256 505 3610 548 commemo-

223 581 644 657 παραλέλειπται
701 587 816 642 τοῖς
853 586 982 635 πᾶσι
1031 579 1122 634 καὶ
1172 579 1444 634 λέλεκται.
1481 576 1712 632 Πολλῶν
1749 581 1851 653 γάρ

226 669 648 744 έμϐυθισθέντων
699 678 812 729 τοῖς
874 677 1010 734 σοῖς,
1068 673 1147 740 τῷ
1211 670 1302 740 μὲν
1353 667 1555 737 πολλὰ,
1605 666 1763 739 ἄλλῳ
1799 667 1854 721 δὲ

224 760 464 824 πλεῖστα,
517 765 594 830 τῷ
653 759 698 815 δ’
750 759 926 834 ἕτερα,
986 760 1075 814 καὶ
1124 757 1282 830 ἄλλῳ
1305 756 1448 812 ἄλλα
1484 756 1756 833 διαφόρως
1786 754 1855 810 εἷ’-

224 857 334 906 πεῖν
390 849 651 925 ἐξεγένετο
687 871 699 882 ο
746 847 926 904 οὐδενί
975 870 1034 924 γε
1086 850 1194 921 μὴν
1243 845 1486 902 ἁπάντων
1532 846 1606 906 εἷς
1653 847 1857 900 ἅπαντα

224 948 469 1018 χωρῆσαι
518 943 679 996 τόσον
729 939 946 1013 τόλμης
995 939 1249 1010 ἐπῆλθεν,
1291 939 1515 1000 εῗκότως
1567 939 1854 1012 ἀμήχανον

229 1031 381 1085 ἅπασι
412 1034 576 1086 τοῦτο
626 1031 806 1103 κριθὲν
842 1049 855 1061 ·
909 1029 982 1090 ὡς
1038 1026 1104 1097 δή
1145 1029 1235 1082 καί
1286 1031 1447 1102 ἡμεῖς
1485 1029 1645 1100 μέρον
1677 1049 1729 1081 τι
1764 1028 1860 1094 τῆς

228 1126 320 1189 σῆς
377 1118 771 1195 φιλανθρώπου
829 1119 1032 1194 ἀρχῆς,
1081 1118 1143 1172 τὸ
1200 1120 1323 1184 περί
1379 1120 1479 1187 τήν
1529 1115 1858 1184 Ἐκκλησίαν

229 1213 459 1284 Χριστοῦ
490 1207 1027 1281 κατεσπουδασμένον
1065 1207 1151 1262 καὶ
1207 1205 1436 1274 εὐσεϐὲς,
1479 1205 1656 1281 λέγειν
1689 1205 1856 1280 προῦσ

229 1299 437 1370 θέμεθα,
482 1301 576 1352 ἅτε
634 1298 698 1368 δή
761 1319 841 1352 σοι
901 1300 1001 1367 τήν
1061 1300 1193 1369 ἡμῖν
1251 1295 1571 1370 προσφάτως
1631 1292 1860 1350 σπουδα-

230 1390 430 1443 σθεῖσαν
485 1383 681 1463 βίϐλον
737 1394 837 1456 τῆς
894 1386 1349 1458 ἦκκλησιαστικῆς
1411 1387 1650 1460 ἱστορίας
1696 1407 1858 1460 προσ-

230 1484 414 1555 φωνεῖν
473 1479 767 1552 ᾑρημένοι.
818 1478 930 1532 Τίνι
981 1477 1084 1553 γάρ
1137 1477 1197 1531 ἂν
1239 1475 1397 1549 ἄλλῳ
1429 1478 1474 1530 τ’
1506 1475 1678 1550 ἐχρῆν
1714 1502 1727 1542 ;
1765 1474 1860 1530 Καὶ

229 1569 324 1642 γὰρ
384 1565 538 1640 δόξαν
599 1568 742 1622 οὕτω
799 1573 968 1622 πᾶσαν
1027 1568 1227 1636 ταύτην
1276 1567 1352 1630 εἷς
1399 1564 1452 1621 ’ἐν
1516 1565 1863 1639 ἀθροίσαντες

228 1659 312 1711 καὶ
370 1656 854 1732 διοργανώσαντες,
908 1659 1006 1727 τήν
1067 1677 1122 1712 τε
1180 1655 1464 1732 προτέραν,
1508 1656 1597 1710 καὶ
1647 1657 1746 1725 ὅση
1795 1651 1860 1724 δή

229 1745 680 1820 παραλέλειπται,
741 1746 792 1802 ἐν
851 1744 1085 1807 πολλοῖς
1140 1746 1229 1800 καὶ
1290 1743 1569 1822 διαφόροις
1646 1748 1867 1818 ξυγγρα-

1968 597 2114 648 rare,
2148 581 2243 636 25
2281 595 2405 650 quea
2439 579 2658 634 dudum
2702 597 2734 635 a
2766 580 2958 636 multis
2989 580 3076 635 vel
3115 581 3238 650 jam
3295 579 3597 636 celebratae

1967 675 2127 735 sunt,
2159 668 2244 724 vel
2279 669 2471 723 adhuc
2506 667 2972 738 celebrabuntur,
3005 674 3062 725 et
3122 670 3333 726 futuris
3382 669 3611 726 saeculis

1966 759 2602 814 commemorabuntur.
2637 759 2702 813 Et
2733 760 2963 830 quidem
2997 777 3120 830 quae
3153 762 3224 815 ab
3285 760 3414 816 aliis
3462 777 3611 831 pra:-

1967 848 2242 902 termissa
2273 863 2339 902 su
2353 853 2432 913 nt,
2457 846 2553 902 alii
2587 847 2851 902 invenere
2877 865 2890 903 :
2926 853 2981 904 et
3013 851 3208 905 omnia
3239 850 3310 906 ab
3341 848 3613 906 omnibus

1968 942 2023 993 et
2053 935 2338 1009 praeterita
2368 942 2423 993 et
2453 937 2605 992 dicta
2663 941 2822 994 sunt.
2857 937 3234 1011 Posteaquam
3304 940 3458 996 enim
3493 956 3617 1009 per-

1972 1028 2138 1083 multi
2206 1044 2268 1082 se
2325 1027 2398 1082 ad
2448 1043 2537 1083 res
2587 1031 2716 1082 tuas
2765 1029 3323 1096 commemorandas,
3377 1030 3614 1100 perinde

1971 1125 2141 1190 atque
2197 1117 2255 1173 in
2315 1115 2498 1171 altum
2559 1134 2715 1173 mare
2772 1117 3152 1184 demiserunt,
3213 1119 3304 1174 hic
3377 1120 3613 1191 quidem

1971 1208 2174 1272 multa,
2205 1205 2301 1260 ille
2333 1210 2522 1261 autem
2559 1205 2825 1276 plurima,
2851 1207 3088 1277 quidam
3121 1207 3422 1275 nonnulla,
3439 1215 3614 1278 atque

1971 1297 2123 1353 alius
2153 1296 2265 1352 alia
2293 1296 2449 1351 varie
2479 1301 2903 1352 recensuerunt
2930 1313 2943 1351 :
2981 1297 3198 1352 nemini
3229 1298 3462 1368 quidem
3489 1314 3617 1353 om-

1969 1386 2134 1446 nium
2163 1389 2326 1440 tanta
2358 1385 2592 1440 incessit
2621 1386 2882 1453 audacia,
2934 1389 3000 1441 ut
3029 1388 3099 1441 ad
3151 1387 3348 1442 omnia
3403 1387 3616 1443 descri-

1974 1475 2163 1530 benda
2216 1490 2275 1530 se
2321 1474 2627 1544 conferret,
2690 1476 2843 1546 quod
2913 1476 2968 1530 id
3031 1476 3150 1530 ﬁeri
3207 1476 3445 1532 omnino
3503 1492 3615 1531 non

1975 1579 2162 1634 posse,
2197 1569 2347 1620 recte
2377 1563 2449 1618 ab
2507 1563 2780 1619 omnibus
2822 1564 3152 1634 judicatum
3183 1565 3278 1621 sit.
3339 1565 3619 1631 Quemad-

1977 1653 2215 1708 modum
2250 1657 2308 1708 et
2337 1669 2441 1708 nos
2472 1657 2694 1723 partem
2718 1654 3032 1724 quamdam
3066 1654 3411 1723 perhumani
3437 1655 3621 1726 impe—

1977 1743 2046 1797 rii
2077 1742 2184 1808 tui,
2216 1741 2512 1814 egregium
2559 1743 2617 1796 in
2655 1741 2967 1798 Ecclesiam
3012 1743 3222 1799 Christi
3276 1744 3531 1800 studium
3562 1749 3618 1800 et

231 1841 374 1915 (ρεῦσι
429 1838 518 1892 καῖ
562 1838 958 1912 πραγματείαις
1013 1834 1364 1908 ἀμωσμέπως
1441 1831 1862 1909 διεσπαρμένην,

1979 1832 2250 1900 pietatem
2328 1837 2512 1898 tuam,
2582 1831 2750 1886 nobis
2809 1831 3113 1888 dicendam
3185 1833 3616 1906 proposuimus,

231 1929 294 1998 τῇ
326 1929 392 1999 σῇ
422 1926 473 1998 γ’
505 1925 700 2000 ἀρίστῃ
739 1927 906 2002 ψήφῳ
950 1923 1151 1994 ταύτην
1213 1924 1671 1996 προσανατίθεμεν
1707 1942 1718 1954 ο
1770 1923 1865 1976 κᾶν

238 2025 325 2088 μὲν
354 2014 437 2068 σοὶ
468 2014 683 2088 κριθείη
710 2019 806 2069 τοῦ
837 2013 1010 2068 καλοῦ
1045 2014 1120 2086 μὴ
1153 2011 1490 2087 διαμαρτεῖν,
1525 2009 1580 2066 εὗ
1613 2011 1671 2065 ἂν
1697 2007 1819 2086 ἕχοι
1853 2033 1865 2046 ο

236 2102 351 2159 εἶδ’
400 2101 513 2171 οὖν,
556 2103 632 2165 ὡς
677 2105 721 2158 εἱ
775 2101 904 2176 μηδ’
952 2103 1159 2179 ἐγένετο
1203 2102 1329 2176 παρ’
1378 2100 1500 2173 ἐμοὶ
1549 2104 1732 2176 κριτῇ,
1781 2101 1869 2154 καὶ

235 2199 354 2248 πᾶσι
406 2190 629 2268 σχεδὸν,
672 2193 1074 2269 λογισθήσεται.
1130 2191 1296 2246 Δίεισι
1347 2188 1404 2244 δέ
1459 2212 1560 2262 μπι
1616 2191 1678 2244 τὸ
1740 2190 1868 2266 σόγ-

237 2304 478 2359 γραμμα,
514 2282 592 2344 ὡς
651 2281 950 2358 ἐγχωροῦν,
1011 2281 1201 2354 προϊὸν
1244 2281 1350 2334 ἀπὸ
1404 2285 1504 2348 τῆς
1555 2279 1602 2348 ἐξ
1638 2280 1871 2352 οὐρανοῦ

236 2370 482 2441 καθόδου,
514 2372 607 2426 καὶ
650 2378 759 2426 τῶν
807 2377 1082 2445 πατρικῶν
1135 2368 1357 2424 κόλπων
1409 2363 1747 2440 ἀμεταϐάτου
1778 2389 1868 2422 κι-

237 2465 435 2533 νήσεως
493 2466 596 2517 τοῦ
646 2463 981 2537 προαιωνίου
1038 2460 1129 2516 καὶ
1194 2460 1322 2513 Υἱοῦ
1386 2457 1475 2512 καὶ
1535 2452 1706 2530 λόγου
1773 2461 1869 2511 τοῦ

238 2553 465 2626 ἆνάρχου
519 2555 656 2606 Θεοῦ
700 2551 789 2606 καὶ
841 2551 1072 2624 Πατρὸς,
1100 2553 1197 2605 τοῦ
1249 2551 1448 2622 Κυρίου
1495 2548 1585 2601 καὶ
1618 2550 1750 2602 Θεοῦ
1780 2547 1869 2600 καὶ

237 2646 487 2713 Σωτῆρος
550 2643 712 2712 ἡμῶν
770 2641 948 2709 Ἰησοῦ
998 2640 1254 2712 Χριστοῦ,
1289 2637 1490 2700 ἱκανοῖς
1527 2635 1578 2690 ἒν
1619 2637 1868 2709 τμήμασι

239 2727 632 2804 διαιρούμενον,
684 2731 898 2784 Κάτεισι
946 2726 991 2782 δ’
1042 2726 1094 2789 ἐς
1158 2726 1281 2780 ὅσον
1347 2725 1608 2796 ἓξιγέσθαι
1672 2724 1867 2804 ἐχρῆν,

236 2819 536 2892 ἆρκοόντως
590 2818 778 2894 πόῤῥω
829 2841 904 2888 πη
945 2822 1054 2873 τῶν
1103 2820 1220 2872 καθ’
1268 2818 1416 2889 ἡμᾶς
1468 2817 1681 2892 χρόνων
1737 2817 1869 2870 ὑπο-

239 2914 442 2983 χωροῦν
479 2930 536 2964 σε
590 2909 676 2963 καὶ
731 2909 1123 2982 αἰωρούμενον,
1160 2907 1318 2968 λείως
1364 2907 1455 2961 καὶ
1504 2905 1729 2979 ὁμαλῶς
1767 2907 1868 2977 μά-

238 2997 380 3054 λιστα
437 3000 807 3077 προηγμένεν,
857 2999 942 3054 καὶ
993 3001 1067 3060 ὼς
1141 3000 1320 3073 χρεών
1393 2999 1450 3052 τὲ
1508 3019 1569 3075 γε
1648 3000 1870 3052 τοιαῦτα

239 3089 464 3166 Ῡράσεώς
503 3112 565 3146 τε
609 3091 696 3144 καί
743 3088 938 3160 λέξεως
968 3089 1054 3143 καὶ
1108 3090 1380 3157 συνθήκης
1434 3087 1670 3160 μάλιστα
1700 3085 1867 3161 ἔχειν.

239 3182 524 3253 Τοιγαροῦν
555 3181 646 3234 καὶ
697 3179 904 3252 πρὸσου
950 3177 1015 3249 δή
1063 3201 1160 3249 μοι
1205 3180 1304 3247 τὴν
1352 3178 1668 3254 συγγραφὴν
1710 3177 1867 3248 εὐμε-

1985 1919 2194 1990 quippe
2224 1920 2321 1990 qui
2350 1917 2752 1974 ecclesiasticas
2781 1919 3044 1975 Historias
3077 1920 3315 1988 librum,
3355 1938 3553 1978 recens
3585 1939 3618 1978 a

1981 2008 2149 2064 nobis
2187 2007 2608 2080 conscriptum,
2641 2009 3028 2065 dedicandum
3061 2009 3163 2065 tibi
3215 2011 3616 2068 statuerimus.

1981 2097 2083 2151 Cui
2114 2097 2264 2152 enim
2297 2096 2393 2151 alii
2443 2113 2576 2153 eum
2626 2099 3148 2154 consecraremus?
3177 2101 3321 2156 Cum
3369 2115 3622 2172 namque

1980 2185 2168 2240 visum
2201 2185 2366 2241 nobis
2395 2191 2564 2255 esset,
2589 2185 2890 2242 historiam
2931 2203 3058 2244 eam
3087 2204 3317 2244 omnem
3351 2190 3405 2244 in
3437 2206 3616 2246 unum

1981 2277 2240 2332 conferre
2269 2276 2546 2344 codicem,
2597 2277 2967 2350 prioremque
3014 2283 3069 2334 et
3124 2296 3248 2334 eam
3286 2279 3463 2335 simul
3495 2297 3622 2351 qum

1979 2367 2198 2423 omissa
2226 2375 2330 2432 est,
2365 2367 2424 2421 in
2455 2368 2718 2423 ordinem
2748 2385 2932 2423 unum
2974 2367 3302 2439 disponere,
3337 2386 3371 2424 a
3419 2370 3622 2425 multis

1982 2466 2034 2512 et
2054 2456 2231 2510 variis
2263 2456 2642 2528 scriptoribus
2674 2456 2732 2510 in
2765 2457 3041 2528 operibus
3073 2457 3340 2529 pluribus
3374 2460 3619 2528 sparsim

1981 2546 2412 2618 quodammodo
2471 2551 2794 2612 tractatam,
2855 2545 3076 2603 calculo
3133 2552 3190 2603 et
3247 2548 3470 2618 judicio
3524 2552 3622 2605 tuo

1979 2635 2200 2706 optimo
2231 2651 2356 2690 eam
2418 2635 2805 2690 exhibendam
2857 2636 3168 2704 duximus;
3203 2653 3269 2693 ac
3300 2638 3349 2693 si
3381 2638 3618 2710 quidem

1981 2724 2272 2781 sententia
2301 2729 2402 2779 tua
2428 2724 2796 2795 comprobata
2828 2726 3021 2790 fuerit,
3073 2730 3226 2782 recte
3283 2742 3341 2782 se
3373 2743 3464 2783 res
3517 2728 3622 2782 ha-

1980 2813 2155 2868 bebit.
2189 2813 2290 2869 Sin
2324 2813 2536 2873 minus,
2572 2815 2808 2884 perinde
2839 2819 3011 2886 atque
3068 2831 3372 2887 nunquam
3403 2819 3626 2873 exstite-

1983 2903 2076 2963 rit.
2112 2918 2236 2957 meo
2270 2903 2454 2972 ipsius
2485 2907 2541 2956 et
2569 2901 2834 2956 omnium
2868 2903 2982 2958 fere
3007 2904 3228 2974 judicio
3267 2907 3618 2961 consebitur.

1980 2992 2348 3062 Progreditnr
2379 2999 2568 3046 autem
2603 2991 2744 3045 mihi
2805 3008 2952 3062 opus
3013 2993 3136 3060 hoc,
3196 3011 3297 3065 pro
3329 3010 3395 3050 eo
3453 3000 3624 3067 atque

1983 3080 2106 3136 ﬁeri
2137 3081 2340 3151 potuit,
2375 3079 2541 3134 initio
2572 3084 2807 3151 sumpto
2829 3098 2862 3134 a
2892 3081 3172 3136 descensu
3207 3097 3237 3136 e
3268 3083 3426 3138 ccelia
3449 3087 3623 3154 atque

1983 3171 2346 3224 intransitivo
2378 3185 2408 3224 θ
2440 3174 2679 3240 paterno
2710 3169 2862 3235 sinu,
2901 3175 3059 3225 motu
3119 3174 3175 3225 et
3231 3174 3474 3226 transitu
3525 3190 3625 3228 an-

239 3271 335 3329 νῶς
367 3287 380 3300 ⁸
413 3266 499 3336 ἢν,
533 3267 616 3331 ὡς
652 3266 880 3340 εἴρηται,
921 3270 989 3338 τῇ
1022 3271 1088 3338 σῇ
1121 3269 1282 3340 ψήσῳ
1317 3265 1686 3340 προσάγομεν,
1726 3262 1863 3334 μᾶλ-

1984 3259 2334 3314 tesaecularis
2366 3264 2423 3314 et
2455 3259 2582 3314 Filii
2631 3263 2688 3314 et
2743 3259 2916 3314 Verbi
2965 3261 3165 3316 aeterni
3223 3261 3625 3334 principioque

241 3355 329 3410 λον
379 3355 433 3411 δὲ
483 3361 553 3431 τῇ
598 3361 768 3431 σεμνῇ
818 3358 905 3411 καὶ
954 3355 1211 3429 βασιλικῇ
1268 3359 1481 3428 κορυφῇ
1537 3355 1669 3426 μετὰ
1711 3351 1862 3414 δέους

239 3447 322 3500 οἷά
360 3467 476 3501 τινα
527 3447 783 3521 στέφανον
831 3445 1162 3521 περιτίθμεν,
1213 3444 1311 3498 οὐκ
1356 3440 1414 3498 ἔκ
1455 3464 1612 3498 τινων
1655 3440 1867 3514 λειμώ-

239 3541 333 3591 νῶν
391 3538 622 3612 ῥεόντων
673 3540 762 3592 καὶ
809 3538 1188 3593 ἆπανθοόντων
1236 3538 1311 3597 ὡς
1366 3536 1620 3610 τάχιστα,
1653 3531 1764 3588 οὐδ’
1815 3533 1865 3603 ἐξ

239 3625 422 3683 ἀνθέων
479 3630 898 3703 μαραινομένων
952 3632 1113 3682 τοῦτο
1173 3623 1494 3700 δρεψάμενοι
1535 3624 1624 3679 καὶ
1675 3621 1866 3678 συλλέ-

242 3716 420 3785 ξαντες,
477 3721 564 3773 ναὶ
628 3719 733 3790 μὴν
795 3715 906 3771 οὐδ’
965 3717 1025 3771 ἐκ
1073 3716 1239 3770 λίθων
1303 3719 1610 3792 περιφανῶν
1677 3734 1862 3782 τινων,

243 3801 521 3881 διαυγείαις
582 3806 688 3861 τισὶ
755 3807 843 3860 καὶ
931 3809 1137 3879 χρυσοῦ
1194 3803 1592 3878 περιλάμψεσιν
1669 3800 1765 3872 ἡδὺ
1812 3824 1863 3858 τι

243 3891 566 3951 στελϐόντων
600 3895 690 3949 καὶ
742 3894 954 3969 χάρειν,
983 3899 1171 3948 τοῦτον
1222 3894 1629 3968 σμμπήξαντες,
1673 3894 1861 3946 θᾶττον

244 3986 701 4060 μετακυλιομένων
752 3988 841 4040 καὶ
893 3987 1288 4061 στρεφομένων,
1338 3985 1426 4039 καὶ
1475 3989 1564 4038 νῦν
1620 3985 1713 4055 μὲν
1742 3987 1864 4037 τοῦ-

241 4095 343 4142 τον,
375 4081 461 4130 νῦν
511 4075 558 4132 δ’
617 4077 838 4146 ἐκεῖνον,
899 4077 1137 4148 καθάπερ
1198 4075 1252 4130 ἐν
1297 4075 1513 4149 ὀνείρῳ,
1562 4075 1866 4148 πρόσκαιρα

242 4164 523 4241 θελγόντων
581 4187 638 4221 τε
692 4166 782 4220 καὶ
841 4164 1251 4237 περισαινόντων
1307 4185 1319 4196 ·
1381 4164 1506 4218 ἀλλ’

246 4254 513 4330 ἀκηράτων
567 4253 931 4329 παραδείσων,
981 4256 1066 4308 καὶ
1131 4255 1397 4309 ἀθανάτων
1459 4253 1656 4307 ἀνθέων
1743 4252 1863 4326 έραο

240 4345 517 4414 νισάμενοι,
583 4344 706 4400 οὕτε
764 4345 969 4418 χρόνῳ,
1035 4342 1156 4398 οὕτε
1208 4345 1314 4416 μὴν
1375 4345 1519 4420 γήρᾳ
1586 4341 1865 4396 σθινόντων

1578 4161 1637 4218 ἔκ
1709 4185 1866 4218 τινων

1980 3351 2229 3405 carentis
2266 3349 2356 3402 Dei
2391 3358 2442 3403 et
2476 3349 2660 3404 Patris
2693 3349 2920 3404 Domini
2979 3357 3034 3405 et
3069 3351 3160 3406 Dei
3213 3356 3270 3407 et
3307 3354 3620 3409 Servaloris

1979 3438 2161 3494 nostri
2199 3441 2331 3494 Jesu
2386 3439 2620 3506 Christi,
2681 3439 2736 3493 in
2817 3440 3010 3510 plures
3071 3441 3322 3497 divisum
3408 3447 3618 3498 tomos.

1979 3529 2239 3584 Procedit
2270 3544 2399 3584 vero
2433 3528 2500 3582 ad
2527 3544 2658 3583 eum
2693 3527 2794 3599 qui
2825 3529 3201 3586 conveniebat
3230 3530 3446 3594 locum,
3477 3533 3620 3588 satis

1979 3617 2148 3690 longe
2179 3621 2310 3671 ante
2341 3621 2538 3672 nostra
2567 3621 2816 3688 tempora
2848 3619 3124 3675 resistens
3179 3625 3348 3690 atque
3388 3636 3631 3692 suspen-

1978 3723 2107 3762 sum
2143 3707 2295 3760 facili
2326 3711 2499 3778 atque
2552 3707 2758 3778 aquali
2791 3708 3042 3762 maxime
3096 3710 3296 3776 ductu,
3329 3710 3487 3781 quali
3520 3709 3622 3765 sci-

1979 3795 2114 3851 licet
2145 3795 2488 3862 elocutione,
2521 3796 2772 3852 dictione
2825 3804 2882 3852 et
2941 3798 3356 3868 compositione
3407 3799 3623 3870 scripta

1977 3885 2256 3954 ejusmodi
2290 3885 2661 3955 potissimum
2728 3887 2995 3956 componi
3053 3888 3232 3943 decet.
3266 3889 3623 3959 Quapropter

1977 3975 2241 4038 admitte,
2293 3990 2517 4045 quasso,
2574 3975 2823 4046 benigne
2853 3975 2924 4031 ad
2980 3980 3036 4032 te
3085 3976 3388 4032 historiam
3420 3979 3616 4034 hanc:

1977 4079 2179 4134 quam,
2212 4062 2380 4118 sicuti
2417 4063 2636 4118 dictum
2689 4068 2794 4130 est,
2826 4065 2896 4119 ad
2944 4065 3231 4121 calculum
3290 4072 3459 4122 tuum
3493 4084 3620 4140 pro-

1977 4153 2266 4220 ducimus,
2299 4170 2365 4209 ac
2406 4153 2597 4225 potius
2635 4156 2962 4211 venerando
2991 4160 3047 4212 et
3100 4157 3388 4229 imperiali
3423 4160 3620 4214 vertici

1978 4248 2078 4298 tuo
2112 4258 2244 4298 cum
2276 4243 2506 4309 timore,
2536 4243 2720 4298 veluti
2751 4245 3064 4314 quamdam
3113 4261 3387 4302 coronam
3432 4249 3622 4318 impo-

1977 4331 2214 4397 nimus;
2247 4347 2361 4386 non
2401 4332 2666 4402 equidem
2701 4333 2759 4388 in
2817 4335 2993 4404 pratis
3040 4334 3335 4407 aliquibus
3366 4337 3538 4393 ﬂuxis
3567 4341 3624 4394 et

242 4452 292 4486 τε
336 4435 419 4487 καὶ
470 4435 927 4507 ἀμαυρουμένωτ,
969 4433 1094 4489 ἀλλ’
1143 4432 1337 4486 ὡσανεὶ
1395 4433 1527 4505 μετὰ
1579 4438 1677 4500 τῆς
1723 4429 1863 4491 θείας

1977 4437 2148 4492 quam
2181 4420 2480 4476 celerrime
2510 4421 3048 4489 deﬂoresceutibus,
3073 4440 3256 4494 neque
3278 4440 3346 4480 ex
3375 4425 3619 4483 ﬂoribus

241 4523 318 4574 καὶ
366 4530 735 4595 πνευματικῆς
783 4523 1170 4598 γεγραμμένων
1240 4518 1438 4594 ὀδμῆς,
1499 4519 1584 4574 καί
1654 4541 1702 4574 τι
1770 4519 1859 4574 καὶ

1976 4509 2474 4566 marcescentibus
2505 4510 2858 4582 decerptam,
2892 4527 3081 4584 neque
3119 4514 3294 4569 etiam
3325 4531 3392 4570 ex
3441 4515 3621 4587 pellu-

244 4605 420 4683 δρόσου
468 4620 570 4680 τῆς
601 4611 650 4682 ἐξ
711 4595 954 4687 Ἀερμὼν
999 4595 1352 4684 λειϐομένων.
1380 4611 1474 4664 Καί
1502 4631 1561 4683 γε
1614 4607 1680 4677 δὴ
1734 4612 1860 4663 τοῦ-

1975 4600 2116 4654 cidis
2147 4599 2442 4669 lapidibus
2475 4598 2698 4671 fulgore
2754 4602 3008 4672 quodam
3067 4608 3124 4658 et
3155 4604 3280 4659 auri
3311 4604 3619 4675 splendore

241 4719 317 4752 νον
377 4702 795 4774 συμπλέξαντες,
830 4702 903 4763 ὡς
959 4701 1104 4771 ἐνῆν,
1153 4706 1222 4774 τῇ
1282 4703 1348 4773 σῇ
1403 4699 1668 4776 κορυφαίᾳ
1698 4700 1857 4774 ἀκρρ-

241 4807 351 4856 τητι
406 4789 816 4870 ἔφαρυμόζομεν
852 4809 864 4821 ·
925 4791 983 4845 ’όν
1023 4793 1181 4862 οἶμαι
1212 4790 1300 4844 καὶ
1329 4791 1356 4844 ὁ
1392 4789 1560 4863 μέγαρ
1594 4788 1746 4856 αἰὼν,
1779 4789 1860 4842 αἷ-

247 4873 432 4942 δεσθεὶς
462 4880 588 4942 τοὺς
642 4880 766 4943 σοὺς
828 4880 1204 4956 ὑπερμεγέθεις
1271 4878 1490 4945 ἄθλους,
1541 4880 1862 4954 συντηρήσει

248 4968 530 5041 ρμάραντον
566 4988 579 5002 ·
636 4971 730 5024 κᾶν
790 4991 870 5031 τις
928 4970 1017 5024 καὶ
1073 4968 1294 5043 γλῶσσα
1343 4967 1476 5030 τέως
1538 4967 1862 5035 ἀκόλαστος,

249 5057 324 5108 καὶ
379 5056 649 5121 παίδευσις
708 5055 989 5132 ὑϐρίστρια
1040 5058 1128 5113 καὶ
1187 5054 1418 5126 διάνοια,
1450 5059 1510 5111 τὸ
1565 5063 1663 5124 τῆς
1715 5063 1862 5130 Γρα-

253 5151 345 5218 ﬁli:
374 5148 558 5215 εἷ’πεῖν,
593 5150 804 5222 οὐρανῷ
844 5155 943 5216 τῆς
1003 5149 1101 5216 σῆς
1159 5144 1324 5221 δόψθς
1380 5143 1566 5201 ἕλοιτο
1615 5145 1861 5222 βλασφη-

254 5241 374 5307 μεῖν,
429 5241 513 5293 καί
567 5240 700 5313 βέλη
751 5239 884 5312 πρὸς
940 5238 1069 5312 ἀέρα
1117 5237 1371 5309 πέμπειν,
1405 5235 1601 5312 λόγους
1662 5239 1708 5290 τ’
1747 5236 1866 5288 ἀνα-

255 5331 374 5395 σπᾷν
408 5333 527 5399 τκιᾷ
582 5349 705 5394 τινι,
739 5329 800 5382 τὸ
857 5334 955 5396 τῆς
1017 5325 1348 5400 τραγῳδίας,
1382 5326 1512 5400 ὅπερ
1552 5326 1668 5380 τινά
1730 5323 1862 5378 τολ-

259 5421 408 5484 μῆσαι
437 5417 566 5479 τέως
593 5419 693 5473 οὐκ
723 5415 910 5490 ο’ίομαι
948 5437 959 5449 ·
996 5415 1123 5472 ἀλλ’
1162 5417 1302 5491 ὁρῶν
1338 5438 1394 5471 σε
1424 5415 1599 5487 τούτῳ
1630 5411 1696 5482 δὴ
1745 5433 1863 5467 στε·

254 5506 560 5579 φανούμενον
653 5509 741 5562 καί
828 5507 1348 5580 κατακροτούμενον,
1437 5506 1864 5583 ἑμφραγήσεται,

252 5593 330 5645 καὶ
360 5594 557 5654 ἀδικίαν
589 5597 663 5660 εἷς
695 5597 756 5651 τὸ
800 5595 937 5670 ὕψος
996 5596 1184 5652 λαλεῖν
1239 5597 1410 5671 τάχος
1462 5594 1868 5670 ἀπελεγχθήσε-

255 5700 334 5736 ται
365 5706 370 5712 ί
408 5688 574 5764 πηρός
606 5709 662 5744 τε
691 5690 786 5751 τὰς
828 5685 978 5761 ὄψεις
1019 5687 1302 5762 προέλθοι,
1339 5684 1467 5761 μηδ’
1509 5682 1744 5740 ἀτενίσαι
1791 5686 1870 5754 τῷ

1973 4687 2081 4744 26
2105 4705 2279 4744 suave
2331 4690 2610 4760 quiddam
2641 4696 2698 4746 et
2753 4697 2982 4762 gratum
3035 4692 3450 4761 relucentibus,
3485 4709 3620 4749 con-

1972 4783 2188 4834 sertam
2219 4783 2394 4848 atque
2415 4779 2797 4850 compositam
2829 4797 2842 4835 :
2878 4797 3004 4853 quas
3051 4798 3142 4838 res
3199 4782 3458 4839 celeriter
3486 4783 3624 4838 hinc

1971 4873 2029 4924 et
2085 4867 2220 4922 inde
2276 4868 2477 4923 volutze
2543 4869 2998 4940 transferuntur,
3057 4880 3110 4927 et
3165 4888 3321 4928 nunc
3379 4872 3610 4944 quidem

1968 4957 2146 5018 hunc.
2170 4973 2325 5014 nunc
2354 4973 2486 5013 vero
2544 4957 2707 5014 illum
2770 4959 3005 5030 perinde
3043 4967 3218 5032 atque
3276 4963 3334 5016 in
3367 4961 3612 5017 sommis

1970 5048 2040 5102 ad
2075 5048 2244 5102 breve
2276 5052 2507 5118 tempus
2559 5048 2848 5104 deliniunt
2889 5059 3060 5121 atque
3102 5050 3434 5106 demulceut
3467 5069 3481 5107 :
3516 5051 3615 5106 sed

1969 5152 2037 5192 ex
2068 5142 2279 5191 eterno
2314 5137 2578 5206 paradiso
2611 5138 2860 5208 quodam
2892 5143 2948 5194 et
2977 5138 3215 5195 floribus
3261 5139 3617 5196 immortali-

1972 5227 2080 5282 bus
2111 5226 2432 5293 collectam,
2465 5228 2559 5296 qui
2607 5243 2793 5298 neque
2826 5233 3102 5299 tempore,
3138 5246 3324 5301 neque
3364 5247 3500 5286 sane
3533 5247 3616 5286 se-

1972 5316 2069 5372 nio
2092 5316 2210 5370 ullo
2239 5317 2526 5370 intereant
2556 5325 2606 5370 et
2638 5327 3010 5387 evanescant,
3032 5335 3233 5375 verum
3261 5320 3454 5375 divino
3476 5337 3616 5392 quo-

1973 5407 2107 5461 dam
2133 5405 2303 5459 modo
2361 5409 2419 5459 et
2466 5404 2750 5474 spirituali
2786 5407 2960 5462 odore
3011 5409 3146 5480 picti
3188 5413 3362 5480 atque
3403 5409 3615 5466 imbuti

1973 5496 2112 5562 sint,
2136 5501 2193 5550 et
2223 5493 2440 5564 aliquid
2474 5494 2544 5548 de
2590 5494 2848 5552 stillante
2905 5514 3034 5555 rore
3093 5500 3308 5555 montis
3367 5499 3618 5557 Harmon

1974 5582 2370 5641 delibaverint.
2426 5581 2584 5637 Hanc
2651 5599 2940 5656 coronam,
2975 5603 3077 5658 pro
3144 5603 3210 5644 eo
3263 5591 3438 5662 atque
3498 5590 3620 5647 ﬁeri

1975 5675 2186 5749 potuit,
2218 5675 2562 5738 contextam,
2623 5689 2868 5732 summe
2927 5676 3271 5735 sublimitati
3329 5681 3440 5736 tuas
3488 5679 3626 5740 ada-
