3950 6214
425 379 539 437 599

1722 378 2142 440 ΝῘΓἺΕΡΗΟΒῘ
2187 376 2535 439 CALLIS’I‘I

3700 368 3808 431 600

431 515 661 582 ptamus
694 529 708 567 :
742 526 941 583 quam,
967 517 1033 565 ut
1056 516 1216 583 puto,
1240 511 1450 582 ingens
1470 513 1646 566 etiam
1668 527 1874 574 avum,
1901 514 2081 568 maxi-

2207 517 2268 584 τῷ
2322 511 2389 579 δὴ
2447 513 2626 583 τούτῳ
2676 515 2890 583 κόσμῳ,
2947 511 3035 563 καί
3093 510 3160 581 τῖ
3226 507 3460 561 ἐντεῦθεν
3537 504 3811 577 ἐκπηδώσῃ

430 612 529 655 ma
557 606 657 655 tua
686 603 1009 656 certamina
1037 606 1096 654 et
1135 601 1365 655 labores
1422 602 1688 668 veritum,
1720 603 2081 658 conservabit

429 688 1009 745 immarcescibilem.
1041 688 1284 744 Etiamsi
1338 689 1652 760 aliquando
1695 692 1892 762 lingua
1913 707 2080 762 qua-

433 778 583 847 piam
617 777 930 849 impotens,
985 782 1162 848 atque
1219 780 1521 849 castigatio
1571 788 1625 833 et
1677 796 1842 835 mens
1870 790 2081 835 contu-

431 865 695 934 meliosa,
729 874 793 921 ut
820 866 1126 937 Scriptura
1163 868 1376 937 inquit,
1412 871 1470 923 in
1502 868 1709 923 coslum
1745 870 1937 940 gloria
1970 876 2080 925 tua

431 956 854 1027 blasphemare,
874 963 1049 1027 atque
1081 958 1194 1011 tela
1221 958 1279 1010 in
1316 972 1508 1011 aerem
1545 958 1794 1022 mittere,
1817 967 1875 1013 et
1902 962 2081 1015 verba

429 1045 635 1100 umbra
669 1049 957 1115 quadarn,
987 1046 1139 1116 quod
1172 1047 1230 1100 in
1290 1047 1573 1116 tragadia
1602 1053 1707 1113 est,
1745 1048 1944 1103 tollere
1993 1053 2082 1103 at-

432 1149 550 1203 que
582 1136 801 1204 erigere
830 1136 1087 1204 caperit,
1108 1134 1265 1204 quod
1317 1137 1552 1205 quidem
1602 1137 1798 1191 minus
1827 1137 2081 1208 aliquem

433 1237 689 1292 unquam
723 1237 1006 1276 ausurum
1038 1237 1165 1278 esse
1196 1230 1335 1294 puto
1368 1238 1382 1278 :
1415 1228 1512 1279 sed
1564 1225 1660 1279 ubi
1691 1225 1903 1280 viderit
1930 1232 1985 1280 te
2013 1242 2083 1282 ea

431 1326 560 1366 esse
587 1315 928 1367 coronatum
961 1317 1019 1366 et
1045 1322 1408 1377 exornatum,
1442 1329 1504 1367 os
1535 1316 1663 1383 ejus
1693 1316 2082 1381 obturabitur,

432 1404 491 1453 et
519 1400 868 1469 injustitiam
900 1401 956 1454 in
992 1401 1241 1457 sublime
1274 1402 1426 1471 loqui
1461 1403 1586 1473 ipse
1635 1407 1833 1460 statim
1897 1408 2084 1460 redar-

434 1493 606 1560 gutus
637 1490 1058 1560 supereedebit,
1108 1497 1431 1562 captusque
1484 1494 1671 1549 oculis
1712 1496 1985 1565 prodibit,
2022 1501 2087 1552 ut

439 1582 539 1651 qui
564 1581 867 1636 intendam
896 1596 995 1637 eos
1028 1586 1086 1637 in
1114 1585 1406 1653 eiusmodi
1440 1595 1853 1641 ornamentum
1892 1594 2082 1653 tuum,

436 1678 490 1726 et
510 1670 949 1741 qua'inderum
991 1672 1176 1742 gratia
1208 1674 1494 1743 prominet
1522 1684 1582 1730 et
1618 1676 1805 1731 lucem
1858 1683 1916 1731 et
1946 1678 2084 1742 vim,

437 1764 704 1829 nequeat.
739 1759 940 1815 Varios
971 1761 1070 1814 illa
1102 1777 1242 1816 sane
1268 1774 1321 1817 et
1357 1764 1700 1835 omnigenos
1730 1765 1939 1820 ﬂorum
2000 1781 2088 1821 co-

439 1854 743 1903 ruscantes
773 1854 831 1904 et
879 1864 1084 1904 aureos
1144 1850 1316 1905 habet
1373 1852 1615 1915 colores,
1650 1870 1825 1925 quam
1869 1854 2085 1926 aliquis
2123 1889 2166 1955 Β

439 1938 747 2008 aptissime
776 1938 903 2009 agri
936 1938 1170 1993 hortum
1195 1939 1505 1995 herbarum
1540 1944 1802 1998 omnium
1839 1945 2082 1999 feracem

439 2027 670 2081 dixerit.
724 2028 1095 2082 Potissimum
1153 2042 1286 2085 vero
1338 2030 1456 2085 illis
1507 2032 1747 2088 mirifice
1806 2033 2086 2101 abundat,

441 2115 543 2186 qui
576 2115 927 2185 pullulantes
954 2118 1336 2187 candescunt,
1370 2125 1427 2174 et
1482 2123 1581 2190 qui
1642 2137 1931 2193 purpurea
1960 2139 2090 2193 spe-

442 2206 528 2259 cie
581 2202 810 2269 ﬂorent,
859 2206 1072 2278 quique
1122 2207 1305 2262 nitore
1362 2210 1433 2264 ad
1487 2211 1849 2281 nigredinem
1903 2216 2092 2283 magis

443 2300 763 2364 vergentes,
796 2308 968 2363 quam
1019 2297 1268 2351 maxime
1295 2297 1574 2353 relucent.
1609 2299 1759 2355 Sunt
1786 2317 1920 2355 vero
1952 2301 1990 2355 ii
2023 2317 2105 2357 ex~

442 2382 658 2453 quibus
713 2398 927 2438 corona
983 2384 1083 2439 tibi
1152 2400 1325 2456 quam
1385 2388 1773 2457 pulcherrime
1829 2395 2094 2446 contexta

445 2477 620 2542 atque
650 2481 918 2526 conserta
940 2479 1048 2540 est,
1102 2474 1536 2531 hierarcharum
1595 2479 1762 2544 stola,
1794 2480 1919 2534 vita
1951 2496 2093 2534 san-

445 2564 645 2616 ctitate
671 2576 847 2632 supra
875 2562 1054 2616 solem
1086 2565 1281 2635 ipsum
1303 2579 1617 2622 coruscans
1652 2583 1665 2621 :
1696 2577 1750 2623 et
1772 2575 2094 2640 martyrum

448 2665 582 2705 vera
609 2656 667 2705 et
694 2653 1025 2707 veneranda
1079 2668 1355 2724 purpura,
1408 2658 1692 2726 sanguine
1727 2671 1929 2713 eorum
1960 2674 2094 2729 pro-

445 2738 556 2794 lixe
585 2742 764 2794 tincta
797 2746 970 2809 atque
1002 2741 1189 2813 rigata
1222 2760 1234 2796 :
1262 2748 1501 2815 insuper
1546 2747 1694 2801 lucis
1732 2747 2095 2803 conciliatrix

446 2830 784 2899 nigrescens
822 2835 882 2883 et
901 2830 1182 2885 divinitus
1204 2839 1472 2889 contexta
1502 2837 1698 2902 vestis,
1734 2836 1852 2892 illis
1892 2837 2094 2892 admo-

449 2918 586 2973 dum
620 2932 969 2985 congruens,
998 2919 1097 2988 qui
1148 2922 1217 2975 ad
1267 2921 1442 2977 vitam
1494 2925 1815 2994 angelicam
1865 2932 2100 2982 conten-

445 3008 597 3061 dunt
623 3010 800 3076 atque
833 3007 1113 3077 aspirarit.
1169 3009 1245 3064 Ex
1302 3012 1513 3081 quibus
1562 3013 1770 3067 Christi
1820 3014 2094 3083 Ecclesia,

447 3108 689 3150 aureum
722 3111 957 3166 prorsus
988 3098 1301 3152 virtutibus
1333 3100 1765 3156 circumamicta
1796 3109 2094 3168 ornatum,

2191 604 2324 674 μετὰ
2388 605 2616 681 χάριτος
2675 598 2847 675 α”ίγλῃ
2907 597 3204 672 δυνάμενος
3235 616 3248 627 ’
3311 595 3538 681 ποικίλα
3598 596 3689 667 μὲν
3720 596 3810 669 γὰρ

2187 692 2332 763 αἱ)τῷ
2377 680 2469 746 καὶ
2522 696 2748 745 παντοῖα
2794 691 2861 744 τὰ
2896 689 2944 758 ἐξ
2990 687 3189 742 ὣθέων
3242 680 3534 741 στίλϐοντα
3581 684 3672 739 καὶ
3719 681 3815 738 διά·

2187 803 2365 857 χρυσα
2422 785 2716 854 χρώματα,
2751 778 2901 833 ε⁹ίποι
2947 799 3030 839 τις
3080 777 3141 831 ἃν
3181 786 3513 854 προσφορως
3563 777 3726 848 ἀγροῦ
3761 773 3814 828 τὸ

2187 867 2557 942 παμϐότατον.
2592 867 2840 923 Μάλιστα
2898 865 2956 922 δὲ
3010 867 3218 920 τούτων
3278 865 3573 940 ὑπερφυῶς
3635 863 3819 936 βρίθει,

2190 961 2289 1015 ὅσα
2317 982 2377 1015 τε
2395 964 2477 1032 τῷ
2508 959 2688 1031 λευκῷ
2734 956 2983 1027 τέθηλεν,
3017 958 3104 1019 οἷς
3142 976 3203 1010 τε
3247 956 3309 1010 τὸ
3358 959 3635 1031 φοινικοῦν
3681 955 3819 1025 ἐξαν-

2192 1052 2292 1111 θεῖ,
2325 1050 2414 1104 καὶ
2464 1050 2540 1103 ὧν
2585 1050 2647 1103 τὸ
2692 1049 2859 1119 μέλαν
2909 1050 3004 1101 τοῖ’)
3058 1047 3250 1106 ἄνθους
3301 1045 3352 1106 ἐς
3394 1044 3559 1118 βάθος
3596 1042 3820 1115 μάλιστα

2192 1135 2421 1196 στίλϐει.
2454 1138 2542 1193 Div
2577 1137 2624 1192 δ’
2655 1138 2716 1191 ἃν
2758 1139 2943 1199 usu,
2996 1136 3047 1204 ἐξ
3096 1136 3170 1189 ὤν
3222 1156 3305 1187 σοι
3354 1135 3446 1188 καὶ
3496 1135 3525 1187 ὁ
3578 1134 3819 1210 στέφανος

2192 1231 2266 1289 ὡς
2326 1228 2518 1303 ἄριστα
2578 1227 2824 1306 ὑφανθεὶς
2876 1222 3206 1292 συνεπλάκη.
3266 1223 3300 1292 ἥ
3360 1225 3409 1277 τ’
3466 1222 3519 1292 ἐξ
3583 1222 3821 1297 ἱεραχίας

2193 1317 2363 1387 στολή
2397 1316 2476 1389 τῷ
2527 1317 2633 1390 βίῳ
2673 1316 2807 1389 ὑπὲρ
2835 1314 2999 1383 ἥλιον
3033 1312 3348 1385 λάμπουσα,
3396 1314 3485 1365 καὶ
3540 1316 3649 1366 τῶν
3694 1328 3819 1383 μαρ-

2191 1411 2366 1482 τύρων
2407 1411 2442 1475 ἡ
2493 1406 2708 1475 ἀληθὴς
2757 1407 2846 1459 καὶ
2898 1405 3067 1476 σεμνή
3122 1403 3418 1477 πορφυρὶς,
3468 1402 3666 1461 ἱκανῶς
3718 1404 3818 1460 τοῖς

2194 1495 2471 1574 σφετέροις
2500 1494 2697 1567 α’ίμασι
2746 1489 3087 1569 βεϐαμμένη,
3130 1490 3221 1547 καί
3259 1512 3321 1564 γε
3361 1488 3429 1556 δὴ
3479 1484 3822 1564 καταϐιὸρτγ-

2198 1587 2332 1661 μένη
2368 1604 2382 1620 ⁸
2442 1586 2579 1659 πρός
2639 1580 2696 1639 δὲ
2752 1583 2842 1637 καὶ
2898 1584 2961 1637 τὸ
3009 1583 3190 1655 φωτὸς
3247 1581 3503 1652 πρόξενον
3549 1579 3716 1651 μέλαν
3745 1578 3821 1631 καί

2196 1676 2524 1751 Θεοὺφαντον
2579 1670 2803 1746 ἔνδυμα,
2861 1677 3143 1745 προσῆκον
3205 1669 3351 1739 μάλα
3407 1674 3525 1729 τοῖς
3578 1668 3711 1741 πρὸς
3746 1668 3823 1721 τὸν

2195 1766 2479 1843 ἀγγελικὸν
2532 1766 2647 1840 βίον
2696 1761 3125 1818 κατασπεύδουσι
3171 1761 3261 1815 καὶ
3314 1758 3689 1834 ἐπειγομένοις
3723 1778 3736 1790 ’
3782 1756 3821 1824 ἐξ

2197 1858 2272 1910 ὧν
2328 1859 2363 1924 ἡ
2424 1859 2655 1928 Χριστοῦ
2709 1851 3010 1922 Ἐκκλησία
3065 1852 3154 1904 τὸν
3217 1848 3517 1923 διάχρυσον
3604 1847 3824 1914 καθάπαξ

2196 1951 2313 2007 ταῖς
2364 1944 2576 2018 ἀρεταῖς
2621 1937 3029 2016 περιϐαλομένη
3081 1942 3308 2010 κόσμον,
3357 1938 3448 1991 οἷά
3492 1957 3576 1997 τις
3638 1936 3827 2010 νύμφη,

2197 2032 2476 2108 πάγκαλόν
2531 2053 2583 2086 τι
2632 2038 2829 2106 χρῆμα
2873 2035 2953 2102 τῷ
3000 2034 3111 2083 τῶν
3161 2026 3307 2082 ὅλων
3370 2025 3693 2100 παρίσταται
3738 2025 3826 2097 βα-

2200 2122 2343 2178 σιλεῖ
2375 2142 2389 2154 ·
2422 2123 2496 2176 ὧν
2519 2120 2584 2190 δὴ
2616 2120 2744 2182 τοὺς
2776 2117 2975 2182 ὰθλους
3002 2118 3095 2172 καὶ
3123 2118 3250 2177 τοὺς
3299 2116 3511 2189 ἀγῶνας
3558 2117 3597 2183 ἡ
3650 2108 3824 2188 βίϐλος

2200 2210 2416 2283 διέξεισι
2453 2232 2464 2242 ·
2500 2208 2570 2264 δι’
2607 2212 2676 2278 ἧς
2716 2210 2790 2269 ὡς
2820 2209 3081 2280 ὁμοτίμῳ
3108 2208 3345 2270 τούτοις,
3377 2205 3467 2259 καὶ
3499 2205 3596 2257 τὸν
3625 2203 3683 2256 ἐκ
3724 2202 3827 2256 20'3-

2198 2321 2306 2355 των
2342 2301 2595 2377 ςτέφανον
2633 2298 2973 2372 περιτίθεμέν
3023 2316 3129 2363 σοι,
3161 2298 3239 2363 τῷ
3287 2293 3444 2349 πάντ’
3496 2292 3703 2364 ἀρίστῳ
3752 2290 3825 2343 καὶ

2202 2390 2476 2464 βασιλικῷ
2522 2390 2621 2458 τήν
2670 2389 2827 2461 φύσιν
2874 2406 2934 2439 τε
2980 2386 3093 2456 ἅμα
3139 2384 3229 2438 καὶ
3270 2385 3371 2450 τὴν
3402 2383 3618 2459 ψυχήν.
3648 2379 3824 2447 eadem

2200 2482 2646 2557 προσφωνοῦντες
2705 2474 2779 2544 δὴ·
2823 2476 2913 2530 καὶ
2973 2473 3325 2542 ἀνατιθέντες,
3383 2471 3473 2526 καὶ
3548 2475 3716 2525 ταῦτα
3762 2474 3827 2538 τῷ

2202 2575 2303 2635 τῆς
2354 2566 2515 2637 δόξης
2557 2567 2800 2642 στεφάνῳ
2852 2562 2999 2633 μάλα
3039 2560 3529 2635 διακεκοσμημένῳ
3562 2582 3576 2594 ·
3628 2563 3685 2616 ’ὀν
3722 2561 3825 2613 κὰν-

2201 2659 2392 2727 ταῦθα,
2453 2657 2572 2711 οἷόν
2630 2657 2733 2709 τιν’
2793 2648 3085 2727 ἆῤῥαϐὦνα
3138 2655 3237 2706 τοῦ
3294 2650 3600 2724 μέλλοντος
3642 2650 3826 2704 ἐκείνου

2202 2748 2290 2803 καὶ
2341 2747 2715 2816 αἶ’ωνίζοντος,
2765 2745 2857 2799 καὶ
2905 2743 3203 2818 προοίμιον
3244 2740 3454 2815 ὥσπερ,
3505 2743 3595 2795 καὶ
3647 2738 3732 2795 τὸν
3756 2742 3828 2791 εἰη

2207 2839 2502 2909 ὑπὲρτιμον
2537 2841 2635 2903 τῆς
2669 2836 2849 2908 ἀρχῆς
2897 2853 3041 2908 φημι
3087 2830 3368 2909 στέφανον,
3398 2835 3508 2884 τῶν
3563 2834 3671 2883 σνῶν
3723 2827 3827 2900 ἀρι-

2203 2931 2333 2995 τιῖιν,
2394 2925 2679 3001 ὑπερφυῶν
2736 2924 2784 2978 τ’
2840 2921 3064 2994 ἀγώνῶν
3128 2920 3219 2973 καὶ
3274 2916 3461 2973 ἄθλων
3519 2919 3675 2989 οἶμαι
3722 2912 3830 2970 ἔπα-

2206 3015 2359 3083 θλον,
2419 3015 2446 3067 ὁ
2505 3009 2835 3089 στεφοδότης
2906 3012 3139 3083 Χριστὸς
3205 3008 3545 3083 ἐδωρήσατο,
3625 3006 3829 3079 τρόπαια

2202 3104 2465 3175 κράτιστα
2519 3102 2609 3156 καὶ
2668 3099 2897 3173 λαμπρά
2975 3093 3202 3174 βραδεῖα
3276 3098 3436 3166 νίκης
3519 3095 3826 3173 φερωνῦμως

449 3185 623 3239 veluti
653 3185 915 3255 quadam
940 3202 1177 3257 sponsa,
1200 3203 1323 3243 rem
1344 3191 1611 3245 omnium
1644 3191 2098 3261 pulcherrimam

2214 3191 2463 3263 ἀραμένῳ
2484 3191 2573 3243 καὶ
2605 3191 2876 3258 στήσαντι.

450 3277 850 3330 universitatis
881 3276 1057 3345 hujus
1106 3277 1338 3332 exhibet
1366 3285 1541 3349 atque
1573 3289 1943 3349 reprasentat
1973 3284 2091 3354 regi
2150 3290 2206 3339 et
2262 3281 2615 3352 imperatori.
2649 3280 2875 3351 :Eorum
2934 3280 3161 3335 labores
3204 3286 3261 3333 et
3325 3280 3649 3332 certamina
3700 3274 3825 3329 libet

448 3362 564 3418 iste
592 3370 1060 3420 commemorat:
1094 3366 1189 3421 21
1227 3381 1327 3436 per
1356 3381 1528 3437 quem
1565 3368 1665 3423 tibi
1699 3379 1759 3422 ut
1790 3369 1906 3425 illis
1952 3371 2172 3429 honore
2228 3380 2285 3428 et
2340 3372 2619 3442 dignitate
2675 3368 2904 3439 aquali,
2963 3375 3020 3423 et
3078 3373 3226 3423 hanc
3283 3383 3352 3422 ex
3408 3366 3492 3421 eis
3531 3369 3826 3421 consertam

448 3469 720 3509 coronam
749 3454 1130 3525 imponimus,
1160 3459 1263 3528 qui
1295 3458 1471 3513 rebus
1520 3460 1799 3515 omnibus
1854 3464 2116 3533 optimus
2173 3478 2257 3532 es,
2314 3468 2373 3518 et
2411 3467 2621 3517 natura
2670 3462 2849 3515 simul
2880 3466 3050 3528 atque
3079 3459 3277 3514 anima
3329 3458 3525 3529 regius
3571 3462 3632 3512 et
3674 3458 3829 3525 impe-

450 3543 633 3599 rialis.
664 3545 832 3600 Hunc
862 3544 968 3600 tibi
1028 3561 1443 3619 nuncupamus
1496 3560 1668 3621 atque
1722 3551 2089 3623 dedicamus,
2148 3568 2281 3608 cum
2344 3552 2577 3624 quidem
2638 3558 2807 3605 antea
2863 3544 3076 3605 corona
3125 3548 3325 3620 gloria
3366 3561 3716 3619 magnopere
3766 3545 3830 3597 sis

450 3646 809 3689 exornatus:
845 3650 1020 3705 quam
1042 3636 1481 3692 hicetiamnum
1557 3640 1725 3709 quasi
1786 3641 2103 3711 quemdam
2132 3644 2340 3698 futura
2393 3640 2555 3696 illius
2602 3647 2659 3694 et
2717 3639 3085 3708 sempiterna
3141 3638 3550 3703 arrhabonem,
3586 3644 3640 3690 ei
3687 3631 3831 3687 veluti

452 3724 828 3793 prommium,
879 3724 1029 3780 hanc
1070 3725 1334 3796 inquam,
1392 3729 1873 3796 pretiosissimam
1933 3732 2162 3803 imperii
2210 3746 2505 3797 coronam,
2560 3729 2941 3785 mirificarum
2998 3729 3305 3796 vii-tutum,
3336 3726 3721 3782 certaminum
3770 3723 3834 3774 at

453 3827 566 3883 que
594 3811 863 3868 laborum
925 3819 1185 3885 tuorum,
1245 3816 1483 3887 perinde
1539 3828 1714 3889 atque
1771 3821 2058 3889 bravium,
2107 3836 2454 3877 coronarum
2501 3819 2742 3890 largitor
2798 3819 3070 3873 Christus
3126 3816 3256 3883 tibi,
3313 3816 3411 3886 qui
3470 3810 3833 3885 pulcherrima

454 3908 695 3973 tropaa,
753 3908 812 3959 et
867 3904 1254 3977 splendidam,
1313 3913 1413 3963 tuo
1459 3907 1645 3978 ipsius
1702 3912 2060 3983 respondens
2115 3911 2336 3967 nomini
2393 3913 2490 3981 (8),
2548 3909 2798 3965 victoria
2860 3907 3182 3963 mercedem
3240 3906 3427 3962 tulisti
3489 3911 3668 3975 atque
3734 3903 3828 3954 sta-

456 3995 646 4057 tuisti,
689 3994 944 4050 donavit.

526 4084 674 4155 Ergo
722 4100 826 4155 age
864 4095 947 4156 lu,
999 4087 1098 4158 qui
1144 4088 1305 4144 solus
1352 4094 1584 4157 natura,
1623 4091 1778 4146 sicut
1811 4090 1906 4145 ille
1938 4091 2104 4161 dixit,

455 4172 671 4237 omnia,
714 4188 959 4243 quaque
990 4176 1216 4243 divina,
1275 4193 1514 4249 quaque
1568 4189 1790 4234 aeterna
1842 4188 1982 4236 sunt
2010 4184 2109 4235 do-

456 4262 679 4328 ctrina,
713 4268 999 4334 pracipus
1049 4281 1183 4320 vero
1234 4274 1465 4337 prepter
1503 4271 1781 4323 eximium
1835 4276 1892 4324 et
1941 4276 2110 4327 sedu-

454 4351 578 4405 lum
612 4352 670 4405 in
703 4367 796 4407 res
823 4368 1087 4423 quasque
1134 4357 1561 4426 pulcherrimas
1592 4360 1854 4413 studium
1914 4366 2106 4427 tuum,

2289 4092 2426 4165 Ἀγε
2480 4088 2681 4154 τοίνυν,
2736 4085 2779 4141 ὦ
2838 4086 2900 4141 σὺ
2955 4086 3122 4160 μόνος
3176 4089 3283 4163 φυᾷ
3336 4084 3404 4137 τὰ
3471 4082 3648 4137 πάντα
3682 4074 3831 4144 εἰδὼς,

2216 4180 2353 4233 κατὰ
2410 4180 2500 4232 τὸν
2563 4177 2806 4244 εἰπόντα,
2840 4177 2938 4230 ὅσα
2992 4196 3050 4230 τε
3101 4178 3239 4245 θεῖα,
3295 4176 3387 4228 καὶ
3465 4173 3565 4226 ὅσα
3619 4165 3833 4224 παιδείας

2222 4268 2495 4340 μάλατῆς
2556 4268 2803 4342 θύραθεν,
2855 4266 2946 4321 καὶ
2999 4265 3206 4321 τούτων
3259 4263 3361 4318 ὅσα
3419 4260 3640 4335 μαλιστ’
3695 4251 3834 4327 ἀπόβ-

2220 4359 2358 4432 ῥητα
2413 4361 2522 4412 τῶν
2577 4355 2917 4429 μαθημάτων
2976 4354 3063 4409 καὶ
3141 4350 3477 4427 ὑψηλότερα,
3536 4355 3607 4424 τῇ
3674 4342 3831 4413 πολλῇ

457 4455 582 4507 qua
615 4441 669 4494 in
704 4441 1036 4511 disciplinis
1060 4453 1200 4498 sunt
1221 4462 1433 4499 arcana
1455 4450 1639 4517 magis
1666 4456 1723 4501 et
1738 4451 2104 4518 sublimiora,

2218 4445 2428 4518 σπουδῇ
2478 4444 2568 4500 καὶ
2614 4449 2694 4517 τῷ
2741 4442 3028 4521 φιλοπόνῳ
3064 4463 3188 4511 περι
3226 4442 3292 4496 τὰ
3321 4439 3611 4508 κάλλιςτα,
3644 4439 3755 4511 χρῶ

459 4531 632 4594 nosti,
667 4534 825 4586 utere
848 4533 1080 4596 ingenio
1134 4540 1258 4600 tuo,
1291 4540 1349 4588 et
1407 4535 1708 4589 materiam
1740 4537 1948 4591 adhibe
1988 4539 2113 4609 igni
2143 4531 2179 4538 ⁷
2223 4536 2289 4609 σῇ

458 4620 932 4691 incomparabilis
987 4627 1100 4677 tua
1154 4624 1497 4679 eruditionis
1552 4631 1610 4679 et
1671 4626 1881 4696 judicii
1930 4645 1943 4681 :
2007 4644 2110 4683 seu

460 4708 654 4779 potius
699 4711 769 4764 ad
819 4712 1100 4766 amussim
1153 4721 1309 4767 tuam
1358 4716 1730 4771 accommoda
1777 4725 1831 4772 et
1876 4715 2113 4788 explora

460 4797 917 4854 lucubrationein
948 4800 1143 4855 istam.
1187 4800 1459 4863 Quamvis
1494 4820 1723 4874 sperem
1754 4807 1914 4874 (nam
1957 4806 2110 4876 quod

462 4892 634 4942 antea
664 4894 819 4943 recte
865 4889 1004 4958 dixi,
1044 4889 1105 4945 id
1151 4906 1305 4946 nunc
1357 4908 1590 4964 quoque
1637 4910 1671 4949 a
1720 4910 1812 4949 me
1864 4894 2113 4959 dicetur)

464 4976 690 5033 nullum
725 4981 844 5035 fore
875 4985 990 5034 tam
1025 4980 1392 5051 prafractum
1422 4990 1479 5038 et
1508 4985 1812 5052 audacem,
1846 4990 1911 5040 ut
1942 4984 2115 5039 scili-

2223 4536 2289 4610 σῇ
2350 4538 2524 4613 φύσει,
2557 4537 2645 4590 καὶ
2700 4537 2799 4602 τὴν
2851 4533 2989 4602 ὕλην
3049 4534 3291 4608 πρόσαγε
3346 4534 3428 4601 τῷ
3479 4531 3732 4604 πυρξτῆς

2224 4609 2615 4700 ἀπαρ-αμίλλου
2671 4624 2927 4699 γνώσεώς
2982 4643 3039 4676 τε
3086 4623 3176 4676 καὶ
3222 4619 3452 4693 κρίσεως
3486 4637 3498 4650 ·
3539 4614 3741 4691 μᾶλλον
3791 4609 3833 4663 δὶ

2223 4722 2291 4790 τῇ
2326 4719 2392 4788 σῇ
2452 4716 2670 4789 βασάνῳ
2719 4708 3017 4789 παράτριϐε
3071 4714 3171 4780 τήν
3208 4710 3423 4783 γραφὴν
3466 4707 3560 4762 καὶ
3606 4705 3832 4775 ἐξέτεκεν

2222 4806 2311 4859 καὶ
2344 4807 2472 4875 δμοι
2505 4803 2764 4878 πρότερον
2802 4798 3193 4873 ἐπιϐαλομένῳ
3224 4797 3399 4872 λέγειν
3431 4797 3618 4855 καλῶς
3647 4792 3832 4868 ἑρῥὲθη,

2221 4897 2311 4950 καὶ
2347 4900 2438 4948 νῦν
2490 4895 2762 4967 εἰρήσεται
2798 4913 2811 4925 ο
2864 4890 3038 4953 οὐδεὶς
3088 4890 3266 4950 οὸτως
3313 4887 3557 4957 αὐθάδης
3598 4886 3683 4940 καὶ
3726 4882 3833 4967 θρέ-

2225 5005 2350 5047 σους
2399 4966 2604 5059 γέμιυν,
2665 4982 2801 5035 ὥστε
2863 4980 2995 5054 μετὰ
3040 4980 3272 5051 βάσανον
3327 4974 3464 5045 δῆτα
3510 4977 3609 5044 τήν
3642 4974 3731 5039 σήν
3751 4966 3830 5059 to}

2229 5079 2329 5146 μᾷν
2392 5054 2660 5127 δάκτυλον
2719 5070 2870 5131 αὖθις
2896 5074 3014 5130 ταῖς
3063 5072 3298 5146 γραφαῖς
3341 5065 3601 5120 ἐπιθεῖναι
3626 5081 3640 5093 °
3681 5062 3765 5115 τὰς
3791 5054 3835 5109 δὲ

2224 5162 2464 5233 πονηρὰς
2494 5162 2583 5215 καὶ
2627 5161 2929 5235 βασκάνους
2970 5156 3192 5231 γλώσας
3242 5153 3303 5211 ἔα
3353 5159 3433 5225 τῷ
3481 5154 3553 5227 ίῳ
3606 5155 3698 5206 τοῦ
3746 5164 3833 5199 πι-

2222 5251 2512 5324 τροκτόνου
2562 5247 2996 5305 συνδαπανᾶσθαι
3053 5246 3163 5300 καὶ.
3197 5244 3591 5320 διαφθείρεσθαι
3642 5239 3829 5315 ἄρασς’

2223 5342 2302 5402 τίς
2335 5342 2439 5415 γὰρ
2496 5341 2553 5394 σὲ
2594 5340 2688 5394 τὸν
2731 5338 2811 5412 ἐφ’
2863 5340 3057 5392 ἅπασιν
3106 5333 3496 5408 ἆπαράμιλλον
3539 5331 3714 5387 λέλειν
3741 5326 3831 5395 εἶχε

2224 5437 2446 5499 κακῶςς
2482 5429 2527 5483 ὦ
2578 5430 2693 5483 θεία
2753 5424 2900 5497 δίκη,
2953 5427 3041 5480 καὶ
3098 5425 3374 5499 κεραυνοὶ,
3416 5422 3507 5477 καὶ
3554 5422 3831 5493 πρηστῆρες

2227 5519 2425 5576 ἄνωθεν
2484 5519 2693 5597 ῥέοντες
2725 5538 2737 5551 ·
2798 5516 2860 5573 οὗ
2908 5521 2990 5591 τῷ
3048 5512 3272 5572 θεοειδεῖ
3320 5514 3411 5570 καὶ
3464 5504 3832 5589 μεγαλοπρεπεῖ

463 5073 554 5122 cet
583 5074 716 5139 post
740 5085 1054 5127 censuram
1084 5081 1266 5141 tuam,
1300 5075 1383 5128 vel
1418 5074 1662 5142 digitum
1709 5077 1926 5146 scripto
1975 5075 2115 5129 huic

462 5158 740 5214 adhibere
768 5162 994 5216 audeat.
1026 5162 1329 5232 Improhas
1367 5179 1499 5219 vero
1529 5170 1584 5220 et
1616 5164 1837 5219 invidas
1884 5164 2115 5234 linguas

463 5263 682 5304 veneno
740 5250 1038 5320 parricida
1096 5251 1384 5323 serpentis
1440 5254 1706 5307 consumi
1765 5261 1824 5307 et
1880 5254 2116 5308 interire

465 5338 756 5408 permitte.
787 5340 928 5404 Quis
961 5356 1237 5411 namque,
1270 5357 1425 5409 rogo,
1460 5344 1517 5397 in
1551 5350 1605 5399 te
1633 5343 1808 5398 rebus
1837 5342 2116 5398 omnibus

466 5429 1005 5501 incomparabilem,
1076 5436 1229 5503 quod
1320 5435 1710 5501 malediceret,
1774 5433 2027 5489 habuit?
2082 5447 2115 5487 o

467 5518 664 5576 divina
692 5520 971 5589 vindicta,
1031 5528 1088 5577 et
1144 5523 1405 5580 tonitrua
1463 5529 1520 5580 et
1577 5523 1827 5580 fulmina
1884 5521 2116 5580 salitus

539 5704 613 5793 (1)
643 5706 959 5767 Andronici
990 5707 1274 5771 videlicet.
