4100 6218
297 376 415 441 601

1785 377 2226 445 DEDIC‘A'I‘IO.

3589 375 3711 440 602

305 519 409 581 τῆς
469 516 677 587 ψυχῆς,
736 515 826 567 καὶ
873 519 954 587 τῷ
1004 519 1109 571 τῶν
1157 516 1396 589 πράξεων
1457 517 1545 571 καὶ
1606 516 1821 593 μεγέθει
1860 520 1949 575 καὶ

2067 518 2363 579 cadentia!
2399 524 2475 574 De
2507 533 2644 589 quo,
2682 521 2919 589 prcpter
2947 514 3204 571 divinam
3250 517 3307 569 et
3336 510 3708 584 magniﬁcam

324 603 333 618 ο
550 600 624 622 »κ’
660 601 673 621 1
784 605 796 623 ρ
985 602 1012 624 Ν
1246 607 1259 624 \
1446 614 1473 624 η-
1808 606 1832 631 ﬂ

302 603 476 677 ὸγκῳ,
507 618 604 657 ουο
653 622 938 678 εγπωμιον
976 605 1122 674 αξιον
1172 626 1261 660 και
1294 625 1577 680 προσηκου
1622 608 1769 680 μάλα
1807 631 1951 667 εστιν

300 691 503 764 εὑρεῖν,
551 692 827 748 πλείστων
885 691 951 763 δὴ
1004 696 1093 749 καί
1156 700 1325 750 ταῦτα
1389 696 1602 753 πλεῖστ’
1667 698 1953 770 εῗπόντων,

300 783 527 854 πολλήν
553 805 613 838 τε
654 784 747 838 καὶ
793 784 1001 856 μακρὰν
1035 784 1157 856 περῖ
1207 786 1264 840 σὲ
1311 789 1739 846 κατατεινάντων
1777 812 1953 847 σπου-

301 871 407 941 δήν
432 891 446 904 ·
498 872 594 927 κᾶν
636 894 833 935 παντες
880 873 1178 942 άνακράτος
1224 877 1424 945 ἢττους
1466 876 1819 955 ἐλέγχωνται,
1850 883 1954 937 οὐ-

301 968 469 1036 ρανοῦ
515 963 831 1035 τολμῶντες
881 962 1229 1041 ἐφάπτεσθαι,
1282 966 1315 1035 ἢ
1365 968 1465 1036 τήν
1499 971 1751 1046 σφετέραν
1799 974 1950 1026 σκιὰν

300 1047 635 1106 καταλαϐεῖν
694 1051 1061 1127 ἐπειγόμενοι,
1114 1055 1196 1109 ἀεὶ
1251 1062 1647 1130 προχωροῦσαν
1695 1060 1785 1115 καὶ
1836 1059 1955 1116 δια-

302 1141 611 1215 φεύγουσαν
671 1141 901 1196 καθόσον
958 1141 1281 1218 ἐπείγονται.
1339 1146 1403 1200 Ti:
1461 1144 1675 1222 λέγεις;
1733 1151 1954 1224 Μέμφιν

301 1235 423 1284 κατ’
454 1229 694 1297 ἐπείνου,
740 1234 839 1285 τοῦ
886 1227 1138 1305 ἄντικρυς
1198 1230 1501 1306 αὐτοδόξης
1546 1256 1607 1292 τε
1656 1239 1744 1293 καὶ
1793 1241 1957 1295 αὐτο-

299 1325 502 1390 τιμῆς,
534 1320 591 1373 ὃν
622 1320 762 1391 τιμή
802 1320 892 1374 καὶ
943 1317 1070 1393 δόξα
1121 1321 1357 1394 μάλιστα
1406 1323 1806 1403 δορυφαροῦσαι
1863 1326 1954 1383 δο-

302 1408 555 1479 ξάζονται
586 1409 677 1463 καὶ
708 1409 1088 1481 σεμνύνονται;
1133 1413 1179 1483 ᾧ
1226 1410 1355 1485 μηδ’
1384 1411 1444 1468 ἃν
1487 1416 1515 1469 ὁ
1543 1418 1668 1490 παρ’
1719 1416 1955 1489 Ἕλλησι

302 1499 625 1570 τιμώμενος
682 1495 888 1560 ἐκεῖνος
945 1503 1151 1573 Μῶμος
1209 1503 1349 1570 θεὸς,
1408 1503 1497 1558 καὶ
1574 1510 1683 1560 τῶν
1746 1502 1952 1582 ὕϐρεων

307 1588 535 1659 εὑρετής
566 1608 625 1642 τε
655 1590 743 1642 καὶ
794 1588 1040 1665 ἡγεμὼν,
1092 1593 1261 1662 μήτοι
1292 1594 1343 1667 γ’
1381 1592 1542 1669 ἔγγὺς
1588 1594 1786 1661 ἐλθεῖν,
1829 1596 1955 1654 ἀλλ’

307 1671 439 1728 οὐδὲ
495 1669 841 1749 προσϐλέψαι
899 1674 1048 1739 ὅλως
1097 1675 1408 1751 ἐτόλμησε;
1461 1680 1674 1754 μᾶλλον
1728 1680 1773 1737 δ’
1827 1682 1955 1739 οὐδὲ

307 1765 528 1835 Μῶμος
560 1764 646 1819 ἐπὶ
696 1769 794 1819 τοῦ
844 1765 1063 1834 λοιποῦ,
1121 1768 1343 1845 φθαρεὶς
1390 1770 1479 1824 καὶ
1530 1768 1822 1846 διαρρυεὶς,
1864 1774 1955 1828 ἅτε

311 1855 452 1959 μήτι
521 1850 770 1923 δυνηθεὶς
829 1855 999 1909 αὐτοῦ
1041 1856 1132 1910 καὶ
1188 1858 1361 1928 μόνου
1417 1856 1632 1929 δηλαδὴ
1689 1858 1782 1915 κᾶν
1842 1859 1956 1917 οὐδ’
1990 1895 2039 1959 Β

308 1944 569 1998 ὁπωσοῦν
608 1946 1073 2021 προσεφάψασθαι.
1122 1945 1283 2003 Ἀλλ’
1322 1946 1431 2023 ἐγὼ
1486 1950 1579 2020 μὲν
1630 1955 1795 2006 ταῦτα
1819 1971 1831 1983 '
1866 1954 1957 2007 σὸν

311 2030 363 2086 δ’
407 2032 468 2086 ἃν
529 2031 639 2102 ε’ίη,
696 2033 965 2106 κράτιστε,
1024 2044 1389 2110 παραμετρεῖν
1444 2035 1663 2108 ἕκαστα,
1720 2041 1810 2094 καὶ
1859 2042 1958 2109 τήν

311 2123 416 2190 σήν
473 2125 651 2200 ψῆφον
697 2121 905 2198 ἀρῥεπῆ
969 2144 1062 2194 μοι
1114 2121 1392 2199 βραϐεύειν
1420 2146 1433 2157 ·
1481 2131 1614 2182 Θεοῦ
1660 2129 1765 2202 γὰρ
1816 2127 1961 2186 ἅντι-

308 2233 449 2287 κρυς
476 2217 654 2292 ψῆφος
680 2215 714 2283 ἡ
748 2215 841 2283 σή.
871 2220 964 2287 Τῷ
990 2215 1092 2291 γὰρ
1127 2217 1367 2292 μεγίστῳ
1404 2224 1511 2273 τῶν
1566 2219 1747 2276 ἄθλων
1795 2221 1960 2292 ἐμαυ-

306 2308 406 2360 τὸν
436 2303 749 2379 ὲπιῤῥίψας,
781 2309 873 2359 νῦν
900 2301 1071 2381 ἔγνων
1096 2307 1267 2369 ὄντως
1298 2306 1513 2364 διώκων
1552 2312 1619 2364 τά
1668 2311 1959 2390 φεύγοντα,

309 2394 405 2447 καὶ
436 2393 666 2449 κατόπιν
697 2396 983 2466 ποταμίων
1018 2395 1302 2471 ῥευμάτων
1332 2398 1633 2472 ἐρχόμενος
1655 2420 1667 2432 ·
1700 2402 1788 2455 καὶ
1824 2422 1960 2479 συγ-

306 2486 507 2555 γνώμη
561 2488 643 2554 τῶ
681 2484 874 2538 πάθει·
917 2486 946 2539 ’ὀ
982 2486 1072 2539 καὶ
1116 2490 1220 2547 πᾶς
1270 2487 1353 2555 ἃν,
1400 2491 1579 2562 οἶμαι,
1630 2491 1819 2557 πάθοι,
1869 2491 1959 2546 ἐπὶ

308 2573 475 2628 τόσον
503 2574 685 2646 ἀγῶνα
719 2574 957 2628 καθεῖναι
1006 2576 1345 2650 πειρώμενος
1394 2579 1581 2635 ἑαυτόν
1605 2599 1618 2612 ·
1682 2583 1757 2653 μή
1793 2579 1952 2652 δυνη-

310 2664 427 2723 θεῖς
488 2660 535 2716 δ’
593 2663 745 2735 ὅμως
805 2662 1068 2735 ἐξικέσθαι
1133 2668 1215 2736 τῷ
1277 2666 1546 2744 ἀνεφίκτῳ
1612 2667 1807 2744 σχεδὸν
1865 2669 1956 2724 καὶ

306 2750 695 2827 ἀπαραμίλλῳ
741 2756 845 2807 τῶν
888 2753 1151 2828 πράξεων.
1204 2759 1261 2810 Ὀ
1309 2753 1366 2811 δὲ
1406 2757 1667 2820 Βασιλεὺς
1711 2764 1820 2815 τῶν
1855 2761 1959 2834 βα·-

304 2840 659 2910 σιλευόντων,
708 2842 800 2896 καὶ
840 2842 1042 2916 Κύριος
1078 2848 1185 2899 τῶν
1236 2848 1617 2918 κυριευόντων,
1652 2850 1679 2902 ὁ
1709 2854 1790 2921 τῷ
1831 2847 1956 2921 ἰδίῳ

304 2928 509 3002 ατίματι
538 2933 638 2999 τήν
679 2931 843 2986 αὐτοῦ
896 2930 1226 3003 Ἐκκλησίαν
1272 2932 1645 3008 οἰκοδομήσας
1695 2938 1957 3013 στεῤῥῶς,

303 3020 369 3074 σὲ
401 3018 461 3074 δὲ
497 3020 589 3075 τὸν
623 3020 758 3075 κατᾶ
800 3022 900 3089 τήν
951 3021 1152 3077 ἐκείνου
1216 3021 1437 3098 καρδίαν
1502 3027 1810 3100 προστάτην
1865 3027 1956 3083 καὶ

308 3108 639 3184 ὑπὲρμαχον
689 3111 915 3185 γνήσιον
969 3113 1171 3182 ταύτης
1223 3110 1276 3167 ἐν
1322 3111 1573 3189 ἰρυθραῖς
1613 3119 1953 3187 καταστήσας

310 3199 539 3274 βαφαῖς,
595 3196 680 3269 ε’ίη
729 3201 831 3267 τὴν
879 3201 975 3269 σήν
1036 3196 1229 3270 εὐσεϐῆ
1285 3202 1563 3277 βασιλείαν
1619 3206 1697 3269 εἷς
1758 3205 1955 3278 ἄπειρα

306 3287 489 3342 κύκλα
527 3287 742 3341 αἰώνων
787 3286 1153 3364 διαφρουρῶν,
1205 3290 1256 3344 ἐν
1304 3291 1632 3363 ἀκλονήτοις
1672 3296 1957 3369 εὐθυμίαις
1983 3280 2027 3347 C

299 3381 419 3432 τῶν
484 3375 800 3464 περικόκλῳ
865 3377 1077 3432 πάντων
1142 3384 1634 3456 κατευμεγεθοῦσαν
1717 3384 1952 3464 ἐχθρῶν,

300 3467 404 3521 καὶ
437 3466 541 3520 ὑπὸ
571 3462 743 3528 πόδας
771 3467 975 3528 πάντας
1003 3465 1107 3530 ἕως
1150 3491 1212 3523 ου
1253 3472 1589 3527 παντάπασιν
1637 3462 1955 3549 ἐκτρέϐεἷεν,

302 3555 499 3626 τιθεὶς,
528 3551 607 3609 ἔτι
653 3575 711 3610 τε
756 3555 1054 3631 κρατύνων,
1101 3559 1189 3612 καὶ
1241 3556 1396 3631 δόξαν
1434 3560 1521 3615 ἐπὶ
1572 3560 1699 3637 δόξῃ
1738 3563 1957 3638 μείζονα

305 3649 597 3721 χορηγῶν,
632 3646 723 3699 καὶ
773 3646 842 3703 δι’
879 3647 1074 3711 αἰῶνός
1132 3648 1191 3702 σέ
1219 3668 1279 3703 τε
1323 3649 1416 3705 καὶ
1463 3649 1681 3721 παῖδας,
1728 3654 1818 3709 καὶ
1862 3654 1953 3729 γέ-

304 3755 399 3798 νος
457 3737 620 3803 ἅπαν,
667 3736 759 3790 καὶ
803 3733 968 3807 τήνδε
1014 3735 1202 3808 πόλιν,
1258 3742 1328 3809 ἧς
1376 3740 1541 3803 αὐτὸς
1589 3742 1678 3797 καὶ
1728 3741 1957 3799 πολιοῦ-

309 3846 415 3902 χος
469 3827 560 3881 καὶ
620 3827 888 3897 οἰκιστὴς,
943 3826 1165 3884 θάλλειν
1224 3826 1409 3893 διδούς
1442 3848 1457 3863 ⁶
1517 3833 1591 3895 ὡς
1640 3833 1700 3888 ἄν
1761 3856 1823 3909 γε
1879 3840 1958 3908 τῷ

312 3914 536 3992 ἄφθόνῳ
579 3921 691 3971 τῶν
749 3916 961 3992 ἀγαθῶν
1012 3916 1097 3973 ἐπὶ
1140 3919 1240 3980 τὰς
1289 3918 1703 3996 θρυλλουμένας
1751 3928 1957 3999 χρυσᾶς

311 4004 520 4067 ὲκείνας
577 4007 766 4070 Ἐννας
814 4011 1079 4079 Ῥωμαῖοι
1128 4006 1440 4081 ἀνέλθωμεν
1474 4029 1487 4042 ’
1542 4013 1677 4085 μετὰ
1730 4015 1789 4089 γὲ
1828 4013 1960 4089 χρό-

313 4116 405 4150 νον
442 4096 667 4171 μακρὸν,
730 4096 867 4170 βαθύ
927 4117 986 4152 τε
1053 4104 1225 4171 γῆρας
1279 4100 1369 4154 καὶ
1433 4100 1683 4175 λιπαρὸν,
1741 4102 1962 4179 ἀπειρίᾳ

314 4180 514 4259 σχεδὸν
562 4184 1060 4257 συνεξεταζόμενον,
1110 4187 1197 4239 καὶ
1245 4194 1345 4256 τῆς
1394 4186 1694 4265 ἄδιαδόχου
1748 4194 1838 4247 καί
1871 4192 1963 4267 ἀρ-

311 4280 424 4348 χῆς
482 4274 573 4328 καὶ
632 4273 914 4349 βασιλείας
951 4276 1300 4345 καταξιώσειε
1328 4296 1341 4311 ’
1392 4279 1489 4333 κᾶν
1537 4283 1607 4353 τῇ
1651 4281 1758 4335 τῶν
1809 4302 1960 4358 πρω-

308 4363 550 4418 τοτόκων
603 4362 901 4435 Ἐκκλησία
948 4362 1123 4439 ἐκείνῃ
1168 4369 1247 4437 τῷ
1294 4372 1396 4435 τῆς
1442 4368 1676 4432 πίστεως
1724 4370 1962 4450 ἀρχηγῷ

2061 617 2338 678 mentem,
2389 609 2801 675 actionumque
2851 605 3310 678 magnitudinem
3360 611 3414 657 et
3458 602 3711 672 pondus,

2052 704 2250 772 ’neque
2280 698 2609 755 encomium
2644 696 2990 766 laudemque
3027 693 3376 765 condignam
3416 696 3474 747 et
3502 691 3708 747 decen-

2062 798 2174 848 tem
2216 788 2485 846 invenire
2531 785 2689 852 licet,
2739 799 2871 839 cum
2918 782 3148 854 quidem
3189 781 3424 853 plurimi
3455 778 3712 852 plurima

2062 882 2331 949 dixerint,
2384 878 2752 948 multumque
2800 875 2897 928 diu
2928 889 3112 944 opera
3153 878 3209 929 et
3238 871 3412 927 studii
3447 871 3505 926 in
3536 870 3711 926 rebus

2050 970 2181 1026 teis
2212 968 2543 1042 posuerint:
2594 966 2695 1038 qui
2727 979 2865 1020 sane
2908 977 3112 1019 omnes
3145 960 3444 1016 inferiores
3473 960 3556 1014 eis
3588 971 3714 1015 esse

2063 1066 2204 1116 sunt
2249 1057 2615 1128 deprehensi,
2667 1053 2881 1110 ccelum
2931 1050 3217 1122 attingere
3266 1053 3567 1115 conantes,
3610 1050 3716 1102 aut

2065 1158 2232 1206 suam
2280 1149 2541 1219 ipsorum
2602 1144 2868 1200 umbram
2918 1137 3430 1211 comprehendere
3470 1141 3716 1193 conten-

2064 1240 2306 1295 dentes:
2359 1251 2486 1307 quis
2516 1249 2632 1305 quo
2681 1231 2869 1301 magis
2914 1229 2975 1284 εἰ·
3009 1227 3406 1297 impendeant,
3444 1241 3510 1281 eo
3551 1224 3713 1280 cedat

2067 1328 2256 1399 magis
2303 1332 2359 1381 et
2399 1323 2685 1394 diﬂ‘ugiat.
2733 1319 2880 1385 Quid
2922 1317 3056 1373 ais?
3104 1314 3619 1386 Reprehenderene
3656 1319 3718 1369 et

2068 1432 2307 1488 carpere
2331 1412 2687 1471 constituisti
2737 1426 2869 1466 eum
2903 1408 3005 1481 qui
3035 1423 3104 1463 ex
3134 1408 3260 1478 ipso
3286 1420 3529 1476 prorsus
3560 1404 3711 1458 nati-

2067 1525 2196 1564 vam
2224 1508 2447 1563 obtinet
2477 1503 2723 1575 gloriam
2754 1506 2812 1557 et
2842 1498 3208 1569 dignitatem,
3241 1500 3298 1551 et
3327 1510 3503 1567 quem
3528 1493 3717 1549 honor

2068 1605 2125 1654 et
2153 1595 2478 1665 amplitudo
2528 1593 2781 1648 maxime
2822 1587 3093 1645 satellitio
3124 1586 3377 1659 quodam
3430 1585 3716 1657 stipantes

2068 1688 2364 1743 illustrant
2420 1692 2586 1754 atque
2643 1684 2976 1738 exornant:
3036 1676 3137 1733 28
3194 1676 3265 1731 ad
3306 1689 3478 1747 quem
3528 1688 3718 1744 neque

2069 1775 2167 1832 ille
2191 1775 2285 1845 qui
2319 1775 2473 1846 apud
2523 1770 2751 1828 Graecos
2797 1785 2899 1841 pro
2952 1769 3059 1823 deo
3088 1766 3283 1821 cultus
3312 1768 3401 1820 est
3427 1762 3717 1819 convicio-

2068 1878 2197 1922 rum
2230 1865 2494 1920 inventor
2520 1866 2691 1931 atque
2726 1862 2935 1914 auctor
2969 1861 3218 1922 Momus,
3251 1870 3366 1910 non
3397 1852 3569 1908 modo
3596 1867 3713 1906 non

2064 1954 2315 2027 propius
2361 1951 2655 2014 accedere,
2704 1950 2801 2003 sed
2853 1963 2926 2002 ne
2964 1945 3248 2016 respicere
3277 1941 3510 2015 quidem
3545 1956 3717 2012 pror-

2073 2060 2176 2100 sus
2204 2041 2454 2098 audeat?
2490 2040 2640 2104 Quin
2690 2038 2906 2107 potius.
2941 2035 3170 2091 Momus
3216 2031 3490 2102 deinceps
3522 2028 3714 2086 nullus

2073 2138 2318 2199 exastat,
2349 2136 2415 2186 ut
2460 2129 2559 2201 qui
2616 2127 2900 2183 interierit
2929 2129 3105 2198 atque
3145 2123 3480 2190 difﬂuxerit,
3514 2123 3572 2175 in
3604 2118 3718 2177 hoc

2073 2221 2195 2279 solo
2226 2237 2299 2277 ne
2326 2218 2619 2277 tantillum
2668 2217 2908 2289 quidem
2954 2214 3113 2286 quod
3162 2211 3579 2283 perstringeret
3616 2209 3721 2265 ha-

2073 2312 2234 2368 bens.
2283 2311 2565 2366 Caeterum
2625 2324 2727 2377 ego
2784 2305 3019 2378 quidem
3079 2304 3208 2359 ista.
3267 2301 3457 2357 Tuum
3523 2304 3719 2354 autem

2072 2398 2263 2469 fuerit,
2313 2398 2580 2469 princeps
2618 2394 2848 2466 Optime,
2903 2398 2966 2447 ut
3012 2392 3338 2447 consideres
3375 2392 3553 2460 atque
3586 2403 3718 2459 per-

2074 2490 2289 2560 pendes
2320 2487 2563 2543 seorsim
2614 2483 2830 2549 omnia,
2877 2488 2936 2539 et
2974 2496 3201 2554 equum
3235 2482 3716 2549 constantemque

2064 2577 2273 2648 judicii
2304 2577 2388 2631 tui
2413 2574 2701 2631 calculum
2736 2572 2877 2628 mihi
2910 2571 3206 2627 adhibeas.
3236 2569 3337 2625 Dei
3370 2567 3520 2624 enim
3544 2566 3717 2637 plane

2071 2673 2167 2722 tua
2203 2667 2378 2721 fuerit
2424 2663 2728 2720 sententia.
2780 2661 2901 2726 Qui
2929 2674 3059 2717 vero
3091 2677 3183 2716 me
3214 2662 3407 2731 ipsum
3441 2658 3498 2713 in
3531 2659 3716 2712 certa-

2073 2773 2205 2812 men
2240 2754 2558 2812 maximum
2590 2750 2963 2823 conjecerim,
2999 2767 3151 2809 nunc
3173 2751 3408 2807 demum
3435 2746 3719 2820 fugientia

2072 2862 2164 2901 me
2211 2844 2500 2918 persequi,
2551 2846 2608 2898 et
2654 2860 2688 2898 a
2736 2850 2895 2915 tergo
2945 2840 3253 2899 ﬂuentium
3300 2852 3584 2910 aquarum
3633 2832 3719 2889 ire

2068 2935 2380 3005 comperio.
2432 2936 2566 2998 Qua
2610 2948 2705 2989 res
2747 2932 2980 2988 veniam
3027 2932 3276 3003 perfecto
3325 2930 3598 2984 meretur.
3652 2928 3719 2979 In

2067 3041 2182 3095 qua
2230 3024 2531 3090 nimirum,
2564 3027 2630 3079 ut
2675 3022 2946 3096 equidem
2981 3026 3137 3091 puto,
3181 3020 3428 3092 quilibet
3456 3015 3718 3081 fallatur,

2068 3116 2164 3185 qui
2196 3114 2415 3172 scilicet
2445 3130 2508 3170 se
2528 3114 2587 3169 in
2618 3117 2915 3169 certamen
2945 3115 3174 3168 tantum
3194 3109 3514 3166 demittere
3539 3118 3716 3163 cone-

2066 3211 2196 3260 tur:
2233 3204 2387 3259 unde
2418 3208 2638 3269 tamen,
2672 3205 2905 3273 propter
2934 3215 3025 3255 res
3051 3212 3233 3270 prope
3260 3194 3715 3268 incomprehen-

2064 3297 2267 3355 sibiles
2314 3302 2486 3365 atque
2534 3292 3040 3366 inexpugnabiles,
3086 3290 3332 3347 evadere
3360 3305 3479 3345 non
3511 3287 3715 3359 possit.

2065 3389 2196 3461 Ipse
2230 3402 2365 3442 vero
2405 3385 2523 3441 Rex
2579 3399 2781 3454 regum
2830 3387 2887 3438 et
2942 3381 3226 3438 Dominus
3286 3379 3718 3436 dominantium

2062 3476 2354 3539 Christus,
2388 3474 2490 3546 qui
2521 3472 2808 3545 sanguine
2839 3486 2945 3527 suo
2965 3470 3281 3526 Ecclesiam
3309 3473 3490 3533 fsuam
3533 3481 3723 3525 sacra-

2061 3568 2144 3623 vit
2189 3572 2248 3621 et
2293 3565 2541 3620 ﬁrmiter
2584 3561 2930 3629 construxit,
2974 3565 3032 3617 et
3075 3564 3134 3615 te
3175 3558 3259 3615 illi
3312 3558 3501 3613 virum
3541 3558 3712 3627 juxta

2062 3673 2161 3714 cor
2191 3670 2365 3711 suum
2414 3651 2823 3709 auxiliatorem
2873 3654 2932 3706 et
2970 3649 3332 3705 defensorem
3363 3658 3707 3720 germanum

2065 3759 2324 3819 purpura
2378 3743 2711 3799 decoratum
2778 3738 3097 3808 constituit,
3166 3737 3329 3810 pium
3397 3736 3711 3809 imperium

2064 3841 2229 3891 tuum
2264 3833 2320 3888 in
2363 3831 2619 3887 inﬁnitos
2640 3829 2743 3886 aevi
2775 3846 2960 3886 annos
2990 3828 3315 3885 custodiat:
3351 3836 3525 3900 atque
3554 3827 3611 3882 id
3646 3826 3707 3882 in

2065 3922 2254 3980 stabili
2288 3927 2344 3978 et
2382 3922 2624 3977 immota
2670 3918 2887 3988 laetitia,
2919 3918 3072 3976 inter
3099 3933 3304 3973 omnes
3331 3917 3429 3988 qui
3459 3915 3711 3972 circum-

2067 4016 2220 4072 circa
2241 4017 2400 4081 eunt,
2434 4013 2617 4069 donec
2649 4026 2887 4082 prorsus
2917 4009 3114 4066 cuncti
3135 4008 3245 4064 sub
3268 4009 3516 4080 pedibus
3538 4004 3714 4079 positi

2066 4107 2447 4160 conterantur
2475 4099 2766 4169 inimicos,
2797 4098 2857 4154 in
2909 4098 3101 4170 majus
3134 4113 3475 4154 excrescens
3507 4100 3715 4164 servet,

2071 4192 2473 4263 majoremque
2511 4189 2683 4246 aliam
2734 4204 2909 4260 super
2948 4187 3124 4244 aliam
3156 4185 3403 4259 gloriam
3435 4184 3723 4243 submini-

2070 4287 2267 4339 strans
2314 4280 2655 4337 conﬁrmet:
2705 4283 2881 4349 atque
2927 4277 3070 4333 adeo
3099 4281 3177 4344 te,
3207 4274 3421 4333 liberos
3450 4280 3508 4331 et
3536 4291 3718 4347 genus

2071 4384 2260 4439 omne,
2318 4370 2629 4442 ipsamque
2684 4367 2836 4424 hanc
2892 4367 3116 4432 urbem,
3160 4365 3333 4437 cujus
3380 4381 3443 4422 es
3475 4368 3634 4421 tutor
3661 4368 3720 4421 et

316 4451 539 4525 βασιλεῖ
578 4450 868 4526 σύνθρονον
916 4454 1007 4507 καὶ
1055 4453 1337 4528 ἰσάριθμον
1382 4454 1691 4528 ἀναδείξειε,
1732 4460 1798 4514 τὰ
1834 4462 1957 4535 γέρα

2069 4461 2356 4525 conditor,
2390 4459 2450 4514 in
2484 4463 2823 4530 perpetuum
2874 4457 3080 4512 ﬂorere
3129 4455 3319 4525 faciat,
3372 4459 3438 4510 ut
3478 4455 3716 4511 tandem

306 4547 419 4596 τῶν
474 4547 697 4617 μακρῶν
739 4541 946 4612 πόνων,
1007 4543 1139 4615 ὑπὲρ
1194 4550 1295 4613 τῆς
1344 4550 1582 4620 Χριστοῦ
1628 4547 1961 4619 Ἐκκλήσίας

308 4630 402 4685 καὶ
444 4632 708 4704 ποίμνης,
762 4632 836 4693 ὡς
890 4633 1069 4707 χρεών
1125 4654 1205 4707 γε,
1264 4635 1383 4690 κατ’
1438 4635 1587 4706 ἂξίαν
1642 4637 1965 4713 καρπούμε-

308 4742 399 4777 νον
409 4767 421 4779 .

2076 4550 2243 4609 bonis
2290 4549 2566 4605 omnibus
2612 4547 2845 4602 abunde
2890 4544 3261 4611 accumulati,
3292 4546 3351 4600 in
3383 4545 3719 4600 decantatas

2070 4641 2202 4697 illas
2259 4654 2463 4696 aureas
2510 4637 2707 4693 Encas
2763 4635 3012 4690 Romani
3065 4635 3165 4706 (1)
3229 4636 3712 4690 conscendamus.

2070 4731 2206 4787 Post
2233 4729 2474 4802 longum
2508 4743 2640 4784 vero
2692 4736 2945 4798 tempus,
2995 4728 3450 4796 provectumque
3484 4722 3720 4778 demum

307 4821 368 4872 et
428 4816 625 4883 molle,
687 4818 839 4888 quod
899 4820 967 4873 ad
1043 4817 1339 4875 inﬁnitum
1418 4835 1593 4894 prope
1654 4824 1965 4895 pertingat,
2026 4821 2283 4890 senium,
2338 4818 2441 4876 illo
2498 4832 2748 4890 quoque,
2808 4813 3454 4890 quod,successionem
3514 4814 3720 4883 nescit,

310 4906 676 4977 sempiterno
723 4923 903 4979 regno
953 4912 1010 4963 et
1040 4908 1286 4980 imperio
1337 4916 1392 4966 te
1436 4911 1745 4984 dignetur:
1791 4918 1968 4986 atque
2013 4913 2073 4968 in
2123 4912 2221 4967 illa
2270 4909 2787 4983 primogenitorum
2834 4907 3089 4964 Ecclesia
3127 4906 3185 4960 in
3234 4905 3508 4961 eumdem
3548 4904 3722 4960 thros-

308 5012 455 5052 nnm
508 5001 569 5052 et
615 5012 929 5054 numerum
980 5014 1113 5055 cum
1154 4999 1283 5055 lldei
1327 5002 1587 5072 principe
1637 5003 1987 5074 imperatore
2025 5003 2260 5070 referat,
2310 5001 2673 5057 diutinorum
2729 5014 2834 5070 pro
2884 4996 3101 5054 Christi
3149 4995 3406 5052 Ecclesia
3454 5002 3508 5051 et
3546 5010 3721 5068 grege

310 5093 721 5159 susceptorum
753 5088 1045 5157 laborum,
1078 5090 1160 5147 ita
1190 5096 1252 5147 ut
1283 5093 1468 5162 decet,
1504 5093 1751 5151 honores
1786 5099 1841 5150 et
1876 5095 2093 5151 fructus
2123 5092 2451 5165 condignas
2482 5095 2913 5164 perceptarum.

357 5301 467 5386 .(i)
518 5300 745 5389 Novam.
794 5309 852 5359 ct
898 5305 1191 5389 agilestem
1214 5307 1596 5389 AJerusalem.
1656 5310 1768 5389 Est
1810 5312 1965 5389 apud

311 5370 585 5466 Cicerhin
637 5375 862 5466 a‘cticpe
919 5378 1161 5466 Y‘errina
1209 5379 1343 5466 (ξτες
1395 5380 1558 5466 Epna
1598 5370 1877 5466 Oppidum
1907 5384 1965 5441 in

312 5446 594 5504 umbilico
643 5446 854 5504 Siciliae
903 5448 1103 5520 situm,
1153 5450 1261 5507 soli
1311 5446 1763 5512 fertilissimi'et
1802 5455 1875 5513 ob
1907 5456 1966 5514 id

2076 5309 2268 5368 Cereri
2298 5327 2553 5368 sacrum.
2586 5332 2617 5359 ››
2648 5304 2960 5381 Christiani
2984 5323 3155 5377 porro
3178 5305 3250 5363 ad
3273 5322 3478 5363 aureas
3507 5306 3722 5381 Eunus,

2076 5384 2370 5441 caelestem
2403 5384 2672 5455 patriam,
2706 5379 3059 5453 aspiramus.
