4100 6218
1706 335 2126 398 NICEPHOBI
2169 338 2524 400 CALLISTI
3709 337 3816 399 est

421 459 3830 508 υ

1915 517 2232 526 ...σι-*φ’-

2241 519 2441 526 ς--ρ--αῂ
2459 517 3193 526 ——.-—._‘~—._—M-—
3219 518 3364 525 ————
3379 519 3398 524 φ
3421 519 3465 524 __
3482 517 3685 526 ..ν-η--
3700 514 3822 523 ..ος-

698 658 2100 834 ΝΙΚΗΦΟΡΟΥ
2215 659 3563 834 ΚΑΛΛΙΣΤΟΥ

1789 937 1916 990 ἸῸΥ
1950 936 2455 992 ΞΔΝΘΟΠΟΥΔΟΥ

888 1111 2452 1244 ΕΚΚΑΗΣΙΑΣΤΙΚΗΣ
2553 1112 3374 1244 ΙΣΤΟΡΙΑΣ

1617 1345 2042 1444 ΤΟΜΟΣ
2129 1345 2634 1443 ΠΡΩΤΟΣ

1093 1701 2194 1868 NICEPHORI
2273 1699 3173 1866 CALLISTI

1900 1938 2277 1997 XANTHOPU
2289 1939 2351 1996 LI

875 2111 1716 2234 ECCLESIA
1751 2109 2304 2234 STICAB
2455 2109 3372 2232 HISTORIA?)

1854 2317 2252 2409 TOMUS
2331 2324 2392 2404 1'-

1084 2628 1318 2685 CAPUT
1356 2629 1401 2684 Ι.

420 2754 520 2810 88
559 2753 896 2810 Prooemium
943 2756 1200 2823 auctoris,
1230 2755 1520 2810 consilium
1540 2768 1645 2824 quo
1681 2752 1752 2808 ad
1771 2768 1907 2824 opus
1925 2768 2078 2823 prs:—

487 2842 610 2880 sons
657 2825 1112 2882 conscribendam
1167 2827 1417 2881 animum
1474 2825 1757 2895 adfecerit,
1812 2833 2076 2895 praeterea

491 2895 726 2952 breviter
754 2895 920 2953 totius
945 2897 1248 2952 voluminis
1277 2901 1666 2967 argumentum
1692 2898 2030 2968 perstringit.

491 3076 854 3150 Nicephorns
900 3077 1116 3136 Callisti
1169 3077 1325 3135 ﬁlius
1392 3077 1845 3135 ecclesiasticam
1897 3076 2077 3133 histo-

420 3165 566 3222 riam
622 3168 970 3240 composuit,
1017 3167 1185 3224 initio
1229 3168 1300 3223 ab
1341 3167 1471 3240 ipsa
1503 3168 1701 3224 statim
1751 3166 2077 3222 Servatoris

416 3255 598 3312 nostri
632 3255 774 3312 Jesu
804 3256 1019 3312 Christi
1072 3256 1438 3330 apparitione
1481 3256 1538 3312 in
1583 3272 1755 3312 carne
1795 3264 2023 3326 sumpto
2059 3271 2072 3311 :

422 3361 571 3417 opus
601 3345 659 3400 id
695 3345 1038 3418 praclarum
1086 3351 1142 3402 et
1191 3346 1506 3403 lectoribus
1554 3350 1780 3416 gratum
1835 3346 1954 3401 fore
1980 3361 2072 3400 ra-

423 3437 539 3492 tus.
572 3435 733 3500 Quod
765 3435 814 3492 si
847 3435 1000 3491 enim
1045 3452 1161 3492 non
1197 3436 1254 3490 in
1298 3435 1486 3507 parvis
1514 3434 1956 3506 humilibusque
1985 3450 2074 3490 re-

428 3522 544 3580 bus
575 3523 840 3592 habetur,
871 3525 1010 3597 quin
1045 3525 1235 3598 potius
1264 3540 1499 3580 summa
1535 3523 1707 3580 lauda
1737 3531 1789 3578 et
1827 3538 2074 3578 venera-

429 3613 586 3669 tione
617 3614 859 3686 dignum
893 3614 1145 3680 ducitur,
1177 3613 1226 3669 si
1273 3613 1406 3686 quis
1437 3612 1741 3668 historiam
1777 3611 2073 3685 profanam

429 3702 676 3776 pulchro
717 3705 920 3760 ordine
967 3702 1248 3776 colligens
1299 3707 1587 3775 proponat
1619 3703 1992 3773 fructumque
2020 3704 2077 3756 et

424 3790 735 3848 utilitatem
785 3794 915 3863 ejus
964 3792 1141 3848 studii
1191 3792 1249 3848 in
1301 3791 1560 3849 medium
1611 3793 1886 3862 proterat,
1945 3805 2072 3846 eam

419 3897 772 3955 cognoscere
801 3881 1172 3938 volentibus:
1210 3881 1396 3938 multo
1431 3882 1690 3954 profecto
1721 3879 2076 3937 laudabilius

2101 2627 2151 2694 Δ

2819 2629 3076 2680 ΚΕΦΑΛ.
3118 2624 3194 2679 Δ’.

2187 2751 2565 2839 Προοιίμιον
2593 2753 2709 2838 τοῦ
2734 2751 3168 2836 συγγρηαφέως
3193 2769 3205 2781 ·
3240 2748 3416 2810 ὅπως
3447 2749 3548 2839 ἐπι
3578 2753 3832 2839 τῷ’συ,γο

2256 2820 2537 2895 γράφειν
2599 2824 2714 2890 τὴν
2752 2820 3089 2896 παροῦσαν
3129 2822 3604 2895 πραγματείαν
3643 2820 3827 2891 -ἐλήζ

2256 2891 2483 2967 λυθενο
2517 2888 2656 2948 ἔστι
2689 2890 2756 2967 δὲ
2801 2893 3293 2967 καὶᾲσόντομος
3334 2899 3453 2962 τῆς
3497 2889 3678 2956 ὅλης
3729 2893 3825 2967 βί-

2257 2913 2483 2948 Αυοεν·
2517 2913 2656 2948 εστι
2689 2913 2756 2948 οε
2801 2914 2908 2947 και
2959 2913 3293 2967 συντομος
3334 2913 3412 2962 τη

2257 2959 2423 3018 ὅλου
2469 2969 2596 3020 τῶν
2640 2964 2870 3036 τόμων
2916 2962 3292 3039 ἐπιδρομή.

2254 3071 2572 3147 Νικηφόρος
2653 3071 2682 3126 ὁ
2767 3069 3078 3128 Καλλίστου
3178 3071 3276 3138 τὴν
3371 3069 3823 3142 ἑκκλησιαστικήν

2187 3158 2430 3228 ἱστορίαν
2487 3161 2784 3230 συνέταξεν,
2834 3159 3132 3236 ἀρξάμενος
3185 3159 3340 3222 εὐθὺς
3387 3159 3494 3214 ἀπὸ
3541 3167 3647 3230 τῆς
3696 3161 3825 3216 κατᾶ

2186 3249 2354 3324 σάρκα
2402 3253 2500 3305 τοῦ
2557 3256 2816 3324 Σωτῆρος
2893 3247 3204 3329 ἐπιφανείας
3285 3253 3538 3324 Χριστοῦ,
3603 3248 3827 3326 λογισά-

2189 3357 2350 3411 μενος
2389 3337 2637 3412 γενναίαν
2704 3337 2851 3412 μάλα
2898 3339 2986 3393 καὶ
3044 3338 3194 3411 ἀξίαν
3244 3336 3416 3413 λόγου
3463 3334 3676 3394 ἔσεσθαι
3727 3341 3820 3409 τήν

2186 3424 2450 3498 σπουδήν.
2503 3425 2668 3502 Ε’ίπερ
2723 3430 2825 3504 γάρ
2873 3449 2925 3483 τι
2971 3433 3078 3483 τῶν
3129 3429 3192 3484 οὗ
3250 3429 3424 3499 πάντη
3474 3434 3726 3504 σμικρῶν
3771 3450 3823 3484 τε

2183 3518 2273 3574 καὶ
2305 3517 2560 3593 ἀγεννῶν,
2611 3517 2818 3592 κομιδῆ
2873 3520 2968 3593 μὲν
3017 3517 3108 3574 οὗν
3142 3519 3234 3574 καὶ
3271 3523 3378 3574 τῶν
3420 3519 3539 3574 λίαν
3591 3525 3823 3594 σεμνῶν,

2184 3608 2455 3682 κοσμικήν
2485 3629 2605 3663 τινα
2661 3608 2902 3680 ἱστορίαν
2947 3607 3339 3680 ἆναλεξάμενον
3385 3606 3575 3686 ἐφεξῆς
3607 3611 3822 3681 προθεῖ-

2184 3717 2272 3751 ναι
2302 3696 2393 3752 καὶ
2440 3696 2502 3750 τὸ
2547 3693 2828 3758 λυσιτελὲς
2856 3703 2956 3766 τῆς
3007 3695 3248 3766 σπουδῆς
3296 3696 3347 3752 ἐν
3390 3702 3557 3770 κοινῷ
3605 3703 3821 3774 προκεῖ-

2186 3789 2307 3842 σθαι
2338 3790 2736 3865 παρασκευάσαι
2766 3793 2844 3862 τῷ
2877 3788 3206 3864 βουλομένῳ
3242 3808 3254 3821 ⁸
3287 3792 3322 3859 ἡ
3355 3810 3459 3845 που
3512 3790 3654 3864 μέγα
3693 3789 3823 3845 πάν-

2185 3897 2296 3940 τως
2349 3877 2496 3951 ἰεράν
2555 3898 2676 3933 τινα
2729 3875 3059 3951 προθέμενον
3120 3875 3378 3952 ἱστορίαν,
3442 3877 3608 3933 ἅπασι
3693 3879 3821 3932 κατᾶ

417 3971 644 4028 censeri
674 3971 866 4038 debet,
917 3988 1010 4028 res
1041 3975 1236 4044 gestas
1282 3987 1481 4027 sacras
1511 3971 1570 4026 in
1600 3970 1831 4042 publica
1861 3986 2069 4026 monu-

2189 3967 2352 4041 μέρος
2412 3965 2724 4041 διεξελθεῖν,
2781 3969 3078 4044 πρόχειρον
3125 3965 3474 4024 διδασκαλίαν
3519 3973 3619 4023 τοῦ
3666 3971 3818 4042 κοινῇ

417 4065 641 4130 menta,
693 4077 819 4133 qua
875 4062 1149 4118 omnibus
1201 4077 1552 4134 cognoscere
1599 4060 1787 4128 liceat,
1837 4059 2070 4124 referre,

419 4149 864 4223 doctrinamque
913 4150 1144 4208 facilem
1175 4155 1231 4206 et
1269 4151 1565 4207 salubrem
1598 4149 1912 4222 publicitus
1943 4163 2070 4218 pro-

417 4237 679 4295 futuram
738 4241 1114 4297 constituere.
1179 4239 1458 4310 Equidem
1519 4239 1833 4296 maximam
1875 4235 2070 4295 deberi

415 4327 671 4400 gratiam
704 4327 788 4384 eis
810 4328 1098 4395 existimo,
1133 4328 1234 4400 qui
1263 4327 1542 4384 historias
1581 4333 1637 4384 et
1665 4345 1758 4386 res
1805 4342 2072 4384 commu-

417 4432 525 4474 nes
557 4418 778 4489 privato
809 4435 916 4474 suo
947 4417 1143 4474 labore
1173 4418 1284 4474 sibi
1315 4418 1769 4475 conscribendas
1801 4421 2068 4474 sumunt.

417 4505 508 4563 Illi
542 4507 852 4579 siquidem,
902 4509 1056 4580 quod
1102 4507 1162 4564 in
1209 4509 1293 4564 eis
1341 4516 1424 4564 est
1463 4507 1604 4564 utile
1633 4507 2068 4571 admirandum,

420 4611 540 4654 non
573 4599 726 4668 apud
759 4614 821 4655 se
857 4601 1139 4669 tanquam
1192 4597 1439 4669 privatas
1485 4613 1618 4668 opes
1666 4596 1938 4663 retinent,
1970 4594 2072 4650 sed

418 4685 667 4759 publicae
715 4685 976 4754 utilitati,
1029 4686 1269 4742 edendis
1317 4687 1421 4757 eis,
1483 4686 1763 4743 inservire
1818 4683 2067 4749 malunt,

421 4775 794 4834 administros
843 4792 1084 4849 prorsus
1131 4792 1194 4832 se
1240 4775 1445 4832 divina:
1493 4775 1863 4848 providentiae
1907 4773 2070 4831 exhi-

417 4866 643 4938 bentes,
678 4868 774 4937 qui
805 4867 864 4924 in
899 4885 1018 4927 uno
1067 4869 1290 4927 scilicet
1337 4883 1508 4940 opere
1549 4867 1690 4924 varii
1723 4866 1947 4938 generis
1976 4881 2067 4921 res

415 4961 631 5026 gestas,
662 4956 901 5028 perinde
930 4963 1104 5031 atque
1127 4960 1186 5015 in
1211 4957 1441 5032 publico
1473 4957 1673 5013 aerario
1705 4959 2066 5028 reponentes,

417 5047 779 5116 perscribant
811 5047 913 5104 84
961 5047 1150 5104 Facile
1197 5047 1412 5120 quippe
1458 5045 1640 5102 cuivis
1685 5050 1796 5111 est,
1839 5060 1910 5100 ex
1957 5042 2070 5097 hu-

409 5133 670 5205 jusmodi
692 5135 924 5208 publico
949 5141 1327 5194 monumento
1357 5137 1624 5207 exempla
1644 5148 1864 5204 capere,
1891 5135 2068 5202 atque

417 5239 488 5279 ex
516 5222 764 5281 aliorum
798 5227 1002 5284 erratis
1035 5227 1296 5284 actiones
1318 5242 1451 5282 suae
1483 5224 1658 5296 probe
1692 5220 2066 5286 constituere,

2183 4055 2524 4120 συνοίσοντος
2603 4059 3070 4133 προστησάμενον.
3146 4059 3353 4134 Ἔγωγ’
3411 4057 3502 4136 οὖν
3561 4059 3817 4136 μεγίστην

2183 4145 2343 4220 χάριν
2373 4145 2666 4222 ὁμολογεῖν
2697 4145 2886 4222 ο⁹ίομαι
2913 4147 3020 4204 δεῖν
3057 4153 3175 4211 τοῖς
3219 4149 3317 4210 τὰς
3357 4147 3542 4210 κοινὰς
3579 4148 3816 4218 ἱστορίας

2183 4233 2322 4290 ἰδίαν
2353 4239 2728 4312 πραγματείαν
2773 4236 3168 4310 πεποιημένοις
3199 4257 3211 4270 ·
3257 4237 3372 4294 ἐπεί
3410 4239 3496 4294 τοί
3535 4258 3594 4312 γε
3639 4237 3702 4292 τὸ
3736 4259 3816 4314 φι-

2183 4322 2412 4401 λότιμον
2443 4327 2504 4382 οὐ
2553 4329 2671 4383 καθ’
2713 4328 2934 4391 ἑαυτοὺς
2980 4324 3151 4404 ἔχειν,
3191 4327 3340 4384 ἀλλὰ
3375 4332 3528 4402 κοινῇ
3567 4329 3659 4384 τὸν
3703 4328 3815 4403 βίον

2182 4414 2415 4489 ὠφελεῖν
2474 4415 2819 4490 ᾐρεθίσαντο,
2881 4417 3144 4493 ὑπουργοί
3202 4437 3340 4480 τινες
3387 4421 3466 4490 τῷ
3512 4415 3627 4472 ὄντι
3682 4415 3818 4476 θείας

2181 4503 2441 4578 προνοίας
2479 4502 2942 4579 ἀναδεικνσόμενοι,
2992 4507 3066 4568 ὡς
3117 4506 3221 4562 ὑπὸ
3275 4505 3401 4578 μίαν
3451 4505 3819 4583 πραγματείαν

2179 4591 2274 4656 τὰς
2334 4591 2628 4668 διαφόρους
2682 4597 2899 4671 πράξεις
2955 4597 3191 4668 καθάπερ
3251 4594 3327 4659 ε’ίς
3391 4617 3444 4651 τι
3501 4597 3678 4651 κοινὸν
3735 4615 3819 4648 τα-

2184 4688 2336 4756 μεῖον
2385 4683 2856 4760 ἂπογραψάμενοι.
2920 4685 3017 4740 Καί
3056 4705 3117 4760 γε
3164 4683 3348 4761 ῥᾴδιον
3399 4683 3635 4740 ἐντεῦθεν
3679 4685 3815 4759 ᾑρη-

2184 4769 2332 4845 μένῳ
2361 4773 2542 4841 παντὶ,
2573 4779 2689 4835 τοῖς
2718 4778 2824 4828 τῶν
2875 4771 3062 4830 ἄλλων
3115 4775 3421 4850 ἂγνοήμασι
3457 4775 3525 4830 τά
3561 4774 3734 4829 οἰκεῖα
3761 4769 3814 4826 εὖ

2177 4860 2440 4928 τίθεσθαι,
2493 4863 2584 4918 καὶ
2639 4863 2777 4937 πρὸς
2829 4864 2927 4932 τὴν
2987 4861 3248 4933 ποικίλην
3309 4867 3417 4918 τῶν
3485 4861 3811 4940 πραγμάτων

2180 4948 2485 5027 ἐξαλλαγὴν
2519 4953 2595 5024 μὴ
2629 4957 2809 5022 ζητεῖν
2841 4954 3142 5028 αἱρεῖσθαι·
3180 4955 3466 5026 μεμεῖσθαι
3499 4949 3546 5007 δ’
3576 4952 3652 5014 ὡς
3701 4949 3807 5007 οἷόν

2179 5059 2237 5094 τε
2264 5044 2372 5094 τῶν
2421 5039 2608 5104 καλῶς
2663 5041 3026 5116 χρησαμένων
3071 5043 3173 5112 τήν
3223 5042 3497 5118 ἐργασίαν.
3531 5041 3589 5098 Εἰ
3641 5039 3810 5096 δὲκαὶ

2179 5125 2449 5204 πηοῦχειν
2478 5127 2529 5184 ἒν
2567 5131 2794 5205 βουλαῖς
2825 5132 2892 5186 τὰ
2929 5135 3038 5187 τῶν
3083 5127 3478 5206 πρισϐυτὲρων,
3510 5132 3598 5186 καὶ
3630 5130 3694 5185 τὸ
3719 5134 3810 5197 τῆς

2177 5217 2363 5292 πείρας
2419 5217 2586 5274 καλὸν
2637 5225 2850 5296 κρατεῖν
2901 5221 3104 5296 ἀνάγκη
3141 5218 3228 5276 διὰ
3258 5222 3357 5290 τήν
3389 5219 3450 5276 ἐκ
3475 5223 3572 5275 τοῦ
3617 5217 3808 5295 χρόνου

417 5315 477 5368 et
507 5314 575 5368 ad
610 5314 828 5370 variam
861 5331 1051 5371 rerum
1104 5315 1490 5372 mutationem
1542 5327 1655 5368 non
1685 5311 1901 5366 variare
1937 5311 2067 5381 opi-

2189 5307 2514 5379 ιιεριουσίαν,
2573 5309 2658 5362 καὶ
2717 5309 2792 5369 ὡς
2848 5307 3040 5386 λόγος,
3099 5309 3314 5382 σύμπαν
3375 5309 3438 5363 τὸ
3492 5307 3806 5384 ἀρχαιότητι

383 5399 746 5474 ‘nionibus;
814 5405 916 5460 sed
988 5404 1202 5478 potius,
1263 5406 1448 5476 quoad
1502 5403 1632 5474 ejus
1689 5399 1810 5456 ﬁeri
1869 5379 2063 5470 queat,

2189 5391 2430 5472 διαφέρον
2492 5394 2812 5471 αἲδέσιμοοο
2872 5399 3085 5461 πάντως
3133 5419 3237 5454 που
3285 5400 3384 5467 τὴν
3435 5397 3697 5474 ἱστορίαν,
3743 5395 3809 5455 ὡς

414 5504 614 5548 eorum
646 5493 744 5565 qni
795 5494 968 5550 rebus
1013 5498 1165 5550 recte
1209 5497 1350 5548 sunt
1398 5492 1514 5559 usi,
1563 5493 1713 5547 facta
1765 5487 1978 5544 imitari
2012 5491 2068 5542 et

411 5576 706 5638 virtutem.
757 5582 932 5640 Porro
983 5583 1034 5639 si
1085 5583 1146 5639 in
1199 5580 1726 5640 consultationibus
1767 5577 2065 5634 seniorum

2177 5479 2582 5558 προϐεϐηκυῖαν
2641 5492 2720 5558 τῷ
2773 5488 2980 5568 χρόνῳ,
3040 5489 3128 5544 καὶ
3186 5493 3264 5562 τῷ
3321 5492 3430 5544 τῶν
3481 5487 3804 5564 πραγμάτων

2180 5571 2378 5644 πλήθει
2411 5577 2804 5651 προτεροῦσαν,
2854 5577 2999 5648 ἀξίαν
3048 5581 3144 5633 τοῦ
3184 5577 3384 5638 παντὸς
3429 5577 3566 5633 εἶναι
3611 5574 3802 5649 κρίνω’

415 5669 659 5728 consilia
715 5673 1020 5744 excellunt,
1077 5677 1135 5731 et
1185 5673 1548 5744 experientia
1603 5686 1776 5728 usum
1836 5672 2069 5740 propter

2189 5661 2516 5737 καὶμᾶλλον
2543 5667 2644 5735 τὴν
2695 5664 2863 5742 ίέρᾱιν,
2915 5667 2988 5728 ὡς
3031 5667 3094 5721 τὸ
3143 5667 3426 5745 χρήσιμον
3471 5671 3565 5722 καῖ
3603 5663 3799 5720 λυσιτε-
