  <div class='ocr_page' id='page_1' title='image "/cluster/home/n/w/nwhite01/storage/ocr_20150623/145/hvd.32044054086921/308.png"; bbox 0 0 4100 6218; ppageno 0'>
   <div class='ocr_carea' id='block_1_1' title="bbox 279 378 397 437">
    <p class='ocr_par' dir='ltr' id='par_1_1' title="bbox 279 378 397 437">
     <span class='ocr_line' id='line_1_1' title="bbox 279 378 397 437; baseline -0.034 0"><span class='ocrx_word' id='word_1_1' title='bbox 279 378 397 437; x_wconf 65' lang='grc'><strong>608</strong></span> 
     </span>
    </p>
   </div>
   <div class='ocr_carea' id='block_1_2' title="bbox 1288 372 2632 440">
    <p class='ocr_par' dir='ltr' id='par_1_2' title="bbox 1288 372 2632 440">
     <span class='ocr_line' id='line_1_2' title="bbox 1288 372 2632 440; baseline -0.002 0"><span class='ocrx_word' id='word_1_2' title='bbox 1288 372 1915 440; x_wconf 64' lang='lat' dir='ltr'><strong>ECCLESIASTICE</strong></span> <span class='ocrx_word' id='word_1_3' title='bbox 1958 376 2350 440; x_wconf 70' lang='lat' dir='ltr'><strong>HISTORIE</strong></span> <span class='ocrx_word' id='word_1_4' title='bbox 2390 377 2537 440; x_wconf 86' lang='lat' dir='ltr'><strong>LIB.</strong></span> <span class='ocrx_word' id='word_1_5' title='bbox 2584 377 2632 439; x_wconf 85' lang='grc' dir='ltr'><strong>ῐ.</strong></span> 
     </span>
    </p>
   </div>
   <div class='ocr_carea' id='block_1_3' title="bbox 3565 372 3683 437">
    <p class='ocr_par' dir='ltr' id='par_1_3' title="bbox 3565 372 3683 437">
     <span class='ocr_line' id='line_1_3' title="bbox 3565 372 3683 437; baseline 0 0"><span class='ocrx_word' id='word_1_6' title='bbox 3565 372 3683 437; x_wconf 76' lang='lat'><strong>606</strong></span> 
     </span>
    </p>
   </div>
   <div class='ocr_carea' id='block_1_4' title="bbox 286 488 1934 586">
    <p class='ocr_par' dir='ltr' id='par_1_4' title="bbox 286 507 1924 586">
     <span class='ocr_line' id='line_1_4' title="bbox 286 507 1924 586; baseline 0.003 -24"><span class='ocrx_word' id='word_1_7' title='bbox 286 507 379 569; x_wconf 70' lang='grc' dir='ltr'>λὶς</span> <span class='ocrx_word' id='word_1_8' title='bbox 427 510 589 565; x_wconf 75' lang='grc' dir='ltr'>ἅπασι</span> <span class='ocrx_word' id='word_1_9' title='bbox 637 513 723 566; x_wconf 73' lang='grc' dir='ltr'>καὶ</span> <span class='ocrx_word' id='word_1_10' title='bbox 770 510 1087 583; x_wconf 78' lang='grc' dir='ltr'><strong>ἐκκλησίαις</strong></span> <span class='ocrx_word' id='word_1_11' title='bbox 1145 512 1234 565; x_wconf 79' lang='grc' dir='ltr'><strong>καὶ</strong></span> <span class='ocrx_word' id='word_1_12' title='bbox 1285 510 1506 585; x_wconf 75' lang='grc' dir='ltr'>πράξεσι</span> <span class='ocrx_word' id='word_1_13' title='bbox 1551 515 1924 586; x_wconf 83' lang='grc' dir='ltr'>χορηγοῦσαν.</span> 
     </span>
    </p>
   </div>
   <div class='ocr_carea' id='block_1_5' title="bbox 2044 488 3683 586">
    <p class='ocr_par' dir='ltr' id='par_1_5' title="bbox 2044 488 3683 584">
     <span class='ocr_line' id='line_1_5' title="bbox 2044 488 3683 584; baseline -0.001 -16"><span class='ocrx_word' id='word_1_14' title='bbox 2044 514 2311 583; x_wconf 86' lang='lat' dir='ltr'><strong>temporis</strong></span> <span class='ocrx_word' id='word_1_15' title='bbox 2342 512 2777 569; x_wconf 83' lang='lat' dir='ltr'><strong>diuturnitatem</strong></span> <span class='ocrx_word' id='word_1_16' title='bbox 2813 520 3086 584; x_wconf 73' lang='lat' dir='ltr'><strong>praestare</strong></span> <span class='ocrx_word' id='word_1_17' title='bbox 3111 488 3347 567; x_wconf 80' lang='lat' dir='ltr'><strong>necesse</strong></span> <span class='ocrx_word' id='word_1_18' title='bbox 3368 514 3475 577; x_wconf 88' lang='lat' dir='ltr'><strong>est,</strong></span> <span class='ocrx_word' id='word_1_19' title='bbox 3509 511 3683 582; x_wconf 92' lang='lat' dir='ltr'><strong>quod-</strong></span> 
     </span>
    </p>
   </div>
   <div class='ocr_carea' id='block_1_6' title="bbox 280 600 1928 677">
    <p class='ocr_par' dir='ltr' id='par_1_6' title="bbox 280 600 1928 677">
     <span class='ocr_line' id='line_1_6' title="bbox 280 600 1928 677; baseline -0.002 -18"><span class='ocrx_word' id='word_1_20' title='bbox 280 604 389 672; x_wconf 76' lang='grc' dir='ltr'>Τήν</span> <span class='ocrx_word' id='word_1_21' title='bbox 441 603 536 674; x_wconf 73' lang='grc' dir='ltr'>μὲν</span> <span class='ocrx_word' id='word_1_22' title='bbox 584 603 689 677; x_wconf 76' lang='grc' dir='ltr'><strong>γὰρ</strong></span> <span class='ocrx_word' id='word_1_23' title='bbox 733 604 920 658; x_wconf 81' lang='grc' dir='ltr'><strong>κακίαν</strong></span> <span class='ocrx_word' id='word_1_24' title='bbox 968 604 1043 665; x_wconf 82' lang='grc' dir='ltr'><strong>ὡς</strong></span> <span class='ocrx_word' id='word_1_25' title='bbox 1085 602 1264 677; x_wconf 82' lang='grc' dir='ltr'>χρεὼν</span> <span class='ocrx_word' id='word_1_26' title='bbox 1331 600 1664 676; x_wconf 66' lang='grc' dir='ltr'>πορρωτέρω</span> <span class='ocrx_word' id='word_1_27' title='bbox 1713 601 1928 662; x_wconf 86' lang='grc' dir='ltr'>πάντως</span> 
     </span>
    </p>
   </div>
   <div class='ocr_carea' id='block_1_7' title="bbox 280 688 1926 769">
    <p class='ocr_par' dir='ltr' id='par_1_7' title="bbox 280 688 1926 769">
     <span class='ocr_line' id='line_1_7' title="bbox 280 688 1926 769; baseline -0.002 -22"><span class='ocrx_word' id='word_1_28' title='bbox 280 693 418 759; x_wconf 74' lang='grc' dir='ltr'>αὕτη</span> <span class='ocrx_word' id='word_1_29' title='bbox 450 698 636 747; x_wconf 84' lang='grc' dir='ltr'>ποιεῖ·</span> <span class='ocrx_word' id='word_1_30' title='bbox 682 690 1011 768; x_wconf 76' lang='grc' dir='ltr'><strong>λοιδοροῦσα</strong></span> <span class='ocrx_word' id='word_1_31' title='bbox 1039 693 1263 761; x_wconf 68' lang='grc' dir='ltr'>ταύτην,</span> <span class='ocrx_word' id='word_1_32' title='bbox 1306 694 1394 746; x_wconf 80' lang='grc' dir='ltr'>οἷα</span> <span class='ocrx_word' id='word_1_33' title='bbox 1424 688 1490 761; x_wconf 80' lang='grc' dir='ltr'>δὴ</span> <span class='ocrx_word' id='word_1_34' title='bbox 1540 696 1648 745; x_wconf 81' lang='grc' dir='ltr'>τῶν</span> <span class='ocrx_word' id='word_1_35' title='bbox 1703 690 1926 769; x_wconf 71' lang='grc' dir='ltr'>φαύλων</span> 
     </span>
    </p>
   </div>
   <div class='ocr_carea' id='block_1_8' title="bbox 279 776 1927 855">
    <p class='ocr_par' dir='ltr' id='par_1_8' title="bbox 279 776 1927 855">
     <span class='ocr_line' id='line_1_8' title="bbox 279 776 1927 855; baseline -0.003 -19"><span class='ocrx_word' id='word_1_36' title='bbox 279 782 371 836; x_wconf 83' lang='grc' dir='ltr'>καί</span> <span class='ocrx_word' id='word_1_37' title='bbox 405 776 679 836; x_wconf 78' lang='grc' dir='ltr'>δυσσεϐὦν</span> <span class='ocrx_word' id='word_1_38' title='bbox 719 785 838 844; x_wconf 75' lang='grc' dir='ltr'>τοὺς</span> <span class='ocrx_word' id='word_1_39' title='bbox 869 783 1071 855; x_wconf 82' lang='grc' dir='ltr'>ψόγους</span> <span class='ocrx_word' id='word_1_40' title='bbox 1122 779 1391 851; x_wconf 82' lang='grc' dir='ltr'>διεξιοῦσα</span> <span class='ocrx_word' id='word_1_41' title='bbox 1415 797 1429 809; x_wconf 79' lang='grc'><strong>⁸</strong></span> <span class='ocrx_word' id='word_1_42' title='bbox 1461 778 1588 840; x_wconf 79' lang='grc' dir='ltr'>τοὺς</span> <span class='ocrx_word' id='word_1_43' title='bbox 1630 777 1676 834; x_wconf 82' lang='grc' dir='ltr'>δ’</span> <span class='ocrx_word' id='word_1_44' title='bbox 1706 779 1771 833; x_wconf 76' lang='grc' dir='ltr'>αὑ</span> <span class='ocrx_word' id='word_1_45' title='bbox 1818 800 1927 853; x_wconf 81' lang='grc' dir='ltr'>γεν·</span> 
     </span>
    </p>
   </div>
   <div class='ocr_carea' id='block_1_9' title="bbox 278 868 1927 948">
    <p class='ocr_par' dir='ltr' id='par_1_9' title="bbox 278 868 1927 948">
     <span class='ocr_line' id='line_1_9' title="bbox 278 868 1927 948; baseline -0.004 -21"><span class='ocrx_word' id='word_1_46' title='bbox 278 871 468 931; x_wconf 84' lang='grc' dir='ltr'>ναίους</span> <span class='ocrx_word' id='word_1_47' title='bbox 509 871 597 925; x_wconf 81' lang='grc' dir='ltr'><strong>καὶ</strong></span> <span class='ocrx_word' id='word_1_48' title='bbox 629 870 866 948; x_wconf 79' lang='grc' dir='ltr'>ἀγαθοὺς</span> <span class='ocrx_word' id='word_1_49' title='bbox 918 868 1134 945; x_wconf 74' lang='grc' dir='ltr'>ἄνδρας,</span> <span class='ocrx_word' id='word_1_50' title='bbox 1167 870 1258 925; x_wconf 82' lang='grc' dir='ltr'><strong>καὶ</strong></span> <span class='ocrx_word' id='word_1_51' title='bbox 1306 869 1429 943; x_wconf 81' lang='grc' dir='ltr'>περὶ</span> <span class='ocrx_word' id='word_1_52' title='bbox 1476 870 1544 923; x_wconf 78' lang='grc' dir='ltr'>τὰ</span> <span class='ocrx_word' id='word_1_53' title='bbox 1580 873 1773 940; x_wconf 81' lang='grc' dir='ltr'>πρῶτα</span> <span class='ocrx_word' id='word_1_54' title='bbox 1818 871 1927 921; x_wconf 81' lang='grc' dir='ltr'>τῶν</span> 
     </span>
    </p>
   </div>
   <div class='ocr_carea' id='block_1_10' title="bbox 281 953 1929 1032">
    <p class='ocr_par' dir='ltr' id='par_1_10' title="bbox 281 953 1929 1032">
     <span class='ocr_line' id='line_1_10' title="bbox 281 953 1929 1032; baseline -0.002 -20"><span class='ocrx_word' id='word_1_55' title='bbox 281 960 403 1013; x_wconf 89' lang='grc' dir='ltr'>καθ’</span> <span class='ocrx_word' id='word_1_56' title='bbox 460 961 609 1032; x_wconf 77' lang='grc' dir='ltr'>ἡμᾶς</span> <span class='ocrx_word' id='word_1_57' title='bbox 689 957 927 1032; x_wconf 84' lang='grc' dir='ltr'>μάλιστα</span> <span class='ocrx_word' id='word_1_58' title='bbox 988 961 1088 1028; x_wconf 77' lang='grc' dir='ltr'>τὴν</span> <span class='ocrx_word' id='word_1_59' title='bbox 1159 953 1431 1013; x_wconf 66' lang='grc' dir='ltr'>εὐσέϐειάν</span> <span class='ocrx_word' id='word_1_60' title='bbox 1502 978 1562 1030; x_wconf 83' lang='grc' dir='ltr'><strong>γε</strong></span> <span class='ocrx_word' id='word_1_61' title='bbox 1645 956 1734 1011; x_wconf 86' lang='grc' dir='ltr'><strong>καὶ</strong></span> <span class='ocrx_word' id='word_1_62' title='bbox 1811 956 1929 1029; x_wconf 80' lang='grc' dir='ltr'>ἀρε-</span> 
     </span>
    </p>
   </div>
   <div class='ocr_carea' id='block_1_11' title="bbox 274 1037 1928 1121">
    <p class='ocr_par' dir='ltr' id='par_1_11' title="bbox 274 1037 1928 1121">
     <span class='ocr_line' id='line_1_11' title="bbox 274 1037 1928 1121; baseline -0.001 -19"><span class='ocrx_word' id='word_1_63' title='bbox 274 1037 387 1118; x_wconf 73' lang='grc' dir='ltr'>τὴν</span> <span class='ocrx_word' id='word_1_64' title='bbox 444 1048 708 1120; x_wconf 83' lang='grc' dir='ltr'><strong>πλείστην</strong></span> <span class='ocrx_word' id='word_1_65' title='bbox 751 1044 1265 1121; x_wconf 69' lang='grc' dir='ltr'>καταϐεϐλημένους</span> <span class='ocrx_word' id='word_1_66' title='bbox 1320 1044 1582 1119; x_wconf 43' lang='grc' dir='ltr'>σπουδὴν,</span> <span class='ocrx_word' id='word_1_67' title='bbox 1645 1045 1828 1121; x_wconf 84' lang='grc' dir='ltr'>λόγοις</span> <span class='ocrx_word' id='word_1_68' title='bbox 1871 1045 1928 1101; x_wconf 78' lang='grc' dir='ltr'>εὖ</span> 
     </span>
    </p>
   </div>
   <div class='ocr_carea' id='block_1_12' title="bbox 282 1133 1929 1215">
    <p class='ocr_par' dir='ltr' id='par_1_12' title="bbox 282 1133 1929 1215">
     <span class='ocr_line' id='line_1_12' title="bbox 282 1133 1929 1215; baseline -0.003 -23"><span class='ocrx_word' id='word_1_69' title='bbox 282 1136 483 1206; x_wconf 71' lang='grc' dir='ltr'>ἥκουσι</span> <span class='ocrx_word' id='word_1_70' title='bbox 530 1136 619 1193; x_wconf 81' lang='grc' dir='ltr'><strong>καὶ</strong></span> <span class='ocrx_word' id='word_1_71' title='bbox 668 1136 958 1214; x_wconf 80' lang='grc' dir='ltr'><strong>ἐγκωμίων</strong></span> <span class='ocrx_word' id='word_1_72' title='bbox 1007 1136 1288 1215; x_wconf 79' lang='grc' dir='ltr'>στεφάνοις</span> <span class='ocrx_word' id='word_1_73' title='bbox 1333 1138 1677 1206; x_wconf 83' lang='grc' dir='ltr'>καταξιοῦσα,</span> <span class='ocrx_word' id='word_1_74' title='bbox 1711 1133 1929 1206; x_wconf 84' lang='grc' dir='ltr'>ἀξιολό-</span> 
     </span>
    </p>
   </div>
   <div class='ocr_carea' id='block_1_13' title="bbox 282 1221 1929 1302">
    <p class='ocr_par' dir='ltr' id='par_1_13' title="bbox 282 1221 1929 1302">
     <span class='ocr_line' id='line_1_13' title="bbox 282 1221 1929 1302; baseline -0.002 -22"><span class='ocrx_word' id='word_1_75' title='bbox 282 1247 417 1302; x_wconf 83' lang='grc' dir='ltr'>γους</span> <span class='ocrx_word' id='word_1_76' title='bbox 449 1227 731 1301; x_wconf 74' lang='grc' dir='ltr'>ἐργάζεται</span> <span class='ocrx_word' id='word_1_77' title='bbox 756 1244 769 1257; x_wconf 90' lang='grc'><strong>·</strong></span> <span class='ocrx_word' id='word_1_78' title='bbox 802 1228 890 1288; x_wconf 77' lang='grc' dir='ltr'>οἷς</span> <span class='ocrx_word' id='word_1_79' title='bbox 924 1224 1058 1290; x_wconf 80' lang='grc' dir='ltr'>δῆτα</span> <span class='ocrx_word' id='word_1_80' title='bbox 1103 1227 1195 1280; x_wconf 87' lang='grc' dir='ltr'><strong>καὶ</strong></span> <span class='ocrx_word' id='word_1_81' title='bbox 1237 1228 1365 1286; x_wconf 77' lang='grc' dir='ltr'>τοὺς</span> <span class='ocrx_word' id='word_1_82' title='bbox 1416 1224 1826 1301; x_wconf 71' lang='grc' dir='ltr'>ἐπιγενομένους</span> <span class='ocrx_word' id='word_1_83' title='bbox 1872 1221 1929 1277; x_wconf 75' lang='grc' dir='ltr'>εὖ</span> 
     </span>
    </p>
   </div>
   <div class='ocr_carea' id='block_1_14' title="bbox 285 1307 1925 1389">
    <p class='ocr_par' dir='ltr' id='par_1_14' title="bbox 285 1307 1925 1389">
     <span class='ocr_line' id='line_1_14' title="bbox 285 1307 1925 1389; baseline -0.003 -21"><span class='ocrx_word' id='word_1_84' title='bbox 285 1312 440 1387; x_wconf 80' lang='grc' dir='ltr'>μάλα</span> <span class='ocrx_word' id='word_1_85' title='bbox 482 1317 861 1389; x_wconf 72' lang='grc' dir='ltr'>προτρέπεται,</span> <span class='ocrx_word' id='word_1_86' title='bbox 913 1320 1020 1370; x_wconf 86' lang='grc' dir='ltr'><strong>τῶν</strong></span> <span class='ocrx_word' id='word_1_87' title='bbox 1066 1312 1379 1369; x_wconf 83' lang='grc' dir='ltr'>καλλίστων</span> <span class='ocrx_word' id='word_1_88' title='bbox 1432 1307 1605 1389; x_wconf 83' lang='grc' dir='ltr'>ἔργων</span> <span class='ocrx_word' id='word_1_89' title='bbox 1646 1313 1736 1366; x_wconf 86' lang='grc' dir='ltr'><strong>καὶ</strong></span> <span class='ocrx_word' id='word_1_90' title='bbox 1835 1311 1925 1364; x_wconf 77' lang='grc' dir='ltr'>δοο</span> 
     </span>
    </p>
   </div>
   <div class='ocr_carea' id='block_1_15' title="bbox 280 1400 1926 1478">
    <p class='ocr_par' dir='ltr' id='par_1_15' title="bbox 280 1400 1926 1478">
     <span class='ocr_line' id='line_1_15' title="bbox 280 1400 1926 1478; baseline -0.002 -21"><span class='ocrx_word' id='word_1_91' title='bbox 280 1404 459 1476; x_wconf 82' lang='grc' dir='ltr'>ξάζειν</span> <span class='ocrx_word' id='word_1_92' title='bbox 489 1405 609 1478; x_wconf 87' lang='grc' dir='ltr'><strong>περὶ</strong></span> <span class='ocrx_word' id='word_1_93' title='bbox 644 1406 708 1458; x_wconf 88' lang='grc' dir='ltr'>τὸ</span> <span class='ocrx_word' id='word_1_94' title='bbox 738 1410 889 1459; x_wconf 86' lang='grc' dir='ltr'>Θεῖον</span> <span class='ocrx_word' id='word_1_95' title='bbox 940 1404 1118 1478; x_wconf 87' lang='grc' dir='ltr'>χρεὼν</span> <span class='ocrx_word' id='word_1_96' title='bbox 1165 1402 1356 1472; x_wconf 83' lang='grc' dir='ltr'>ἐπίσης</span> <span class='ocrx_word' id='word_1_97' title='bbox 1392 1401 1615 1463; x_wconf 72' lang='grc' dir='ltr'>ἰκείνοις</span> <span class='ocrx_word' id='word_1_98' title='bbox 1669 1400 1926 1455; x_wconf 83' lang='grc' dir='ltr'>ἀνθάπτε-</span> 
     </span>
    </p>
   </div>
   <div class='ocr_carea' id='block_1_16' title="bbox 281 1494 430 1549">
    <p class='ocr_par' dir='ltr' id='par_1_16' title="bbox 281 1494 430 1549">
     <span class='ocr_line' id='line_1_16' title="bbox 281 1494 430 1549; baseline 0.007 -2"><span class='ocrx_word' id='word_1_99' title='bbox 281 1494 430 1549; x_wconf 88' lang='grc' dir='ltr'>σθαι.</span> 
     </span>
    </p>
   </div>
   <div class='ocr_carea' id='block_1_17' title="bbox 279 1583 1919 1658">
    <p class='ocr_par' dir='ltr' id='par_1_17' title="bbox 279 1583 1919 1658">
     <span class='ocr_line' id='line_1_17' title="bbox 279 1583 1919 1658; baseline -0.002 -20"><span class='ocrx_word' id='word_1_100' title='bbox 279 1584 498 1641; x_wconf 83' lang='lat' dir='ltr'><strong>virtute</strong></span> <span class='ocrx_word' id='word_1_101' title='bbox 553 1591 610 1641; x_wconf 89' lang='lat' dir='ltr'><strong>et</strong></span> <span class='ocrx_word' id='word_1_102' title='bbox 664 1586 878 1658; x_wconf 84' lang='lat' dir='ltr'><strong>pietate</strong></span> <span class='ocrx_word' id='word_1_103' title='bbox 938 1584 1261 1656; x_wconf 88' lang='lat' dir='ltr'><strong>plurimum</strong></span> <span class='ocrx_word' id='word_1_104' title='bbox 1318 1583 1495 1640; x_wconf 89' lang='lat' dir='ltr'><strong>studii</strong></span> <span class='ocrx_word' id='word_1_105' title='bbox 1581 1584 1919 1653; x_wconf 89' lang='lat' dir='ltr'><strong>posuerunt,</strong></span> 
     </span>
    </p>
   </div>
   <div class='ocr_carea' id='block_1_18' title="bbox 2037 601 3683 674">
    <p class='ocr_par' dir='ltr' id='par_1_18' title="bbox 2037 601 3683 674">
     <span class='ocr_line' id='line_1_18' title="bbox 2037 601 3683 674; baseline 0 -17"><span class='ocrx_word' id='word_1_106' title='bbox 2037 619 2149 674; x_wconf 91' lang='lat' dir='ltr'><strong>que</strong></span> <span class='ocrx_word' id='word_1_107' title='bbox 2180 604 2412 664; x_wconf 87' lang='lat' dir='ltr'><strong>dicitur.</strong></span> <span class='ocrx_word' id='word_1_108' title='bbox 2442 601 2726 674; x_wconf 87' lang='lat' dir='ltr'><strong>quidquid</strong></span> <span class='ocrx_word' id='word_1_109' title='bbox 2759 608 3034 659; x_wconf 86' lang='lat' dir='ltr'><strong>vetustate</strong></span> <span class='ocrx_word' id='word_1_110' title='bbox 3084 602 3551 667; x_wconf 79' lang='lat' dir='ltr'><strong>commendetur,</strong></span> <span class='ocrx_word' id='word_1_111' title='bbox 3586 616 3683 657; x_wconf 82' lang='lat' dir='ltr'><strong>ve-</strong></span> 
     </span>
    </p>
   </div>
   <div class='ocr_carea' id='block_1_19' title="bbox 2037 692 3682 763">
    <p class='ocr_par' dir='ltr' id='par_1_19' title="bbox 2037 692 3682 763">
     <span class='ocr_line' id='line_1_19' title="bbox 2037 692 3682 763; baseline -0.001 -15"><span class='ocrx_word' id='word_1_112' title='bbox 2037 692 2290 748; x_wconf 87' lang='lat' dir='ltr'><strong>nerabile</strong></span> <span class='ocrx_word' id='word_1_113' title='bbox 2320 694 2373 747; x_wconf 92' lang='lat' dir='ltr'><strong>id</strong></span> <span class='ocrx_word' id='word_1_114' title='bbox 2435 708 2562 747; x_wconf 89' lang='lat' dir='ltr'><strong>esse</strong></span> <span class='ocrx_word' id='word_1_115' title='bbox 2619 697 2845 763; x_wconf 83' lang='lat' dir='ltr'><strong>oportet</strong></span> <span class='ocrx_word' id='word_1_116' title='bbox 2899 709 2912 747; x_wconf 88' lang='lat'>:</span> <span class='ocrx_word' id='word_1_117' title='bbox 2968 692 3268 749; x_wconf 80' lang='lat' dir='ltr'><strong>historiam</strong></span> <span class='ocrx_word' id='word_1_118' title='bbox 3328 692 3586 757; x_wconf 86' lang='lat' dir='ltr'><strong>omnino,</strong></span> <span class='ocrx_word' id='word_1_119' title='bbox 3620 695 3682 746; x_wconf 82' lang='lat' dir='ltr'><strong>ut</strong></span> 
     </span>
    </p>
   </div>
   <div class='ocr_carea' id='block_1_20' title="bbox 2038 780 3682 852">
    <p class='ocr_par' dir='ltr' id='par_1_20' title="bbox 2038 780 3682 852">
     <span class='ocr_line' id='line_1_20' title="bbox 2038 780 3682 852; baseline -0.001 -17"><span class='ocrx_word' id='word_1_120' title='bbox 2038 798 2164 852; x_wconf 68' lang='lat' dir='ltr'><strong>quae</strong></span> <span class='ocrx_word' id='word_1_121' title='bbox 2195 788 2253 837; x_wconf 87' lang='lat' dir='ltr'><strong>et</strong></span> <span class='ocrx_word' id='word_1_122' title='bbox 2279 781 2666 836; x_wconf 78' lang='lat' dir='ltr'><strong>diuturnitate</strong></span> <span class='ocrx_word' id='word_1_123' title='bbox 2688 780 2966 852; x_wconf 88' lang='lat' dir='ltr'><strong>temporis</strong></span> <span class='ocrx_word' id='word_1_124' title='bbox 2986 786 3043 835; x_wconf 92' lang='lat' dir='ltr'><strong>et</strong></span> <span class='ocrx_word' id='word_1_125' title='bbox 3075 780 3461 851; x_wconf 89' lang='lat' dir='ltr'><strong>plurimarum</strong></span> <span class='ocrx_word' id='word_1_126' title='bbox 3488 795 3682 835; x_wconf 89' lang='lat' dir='ltr'><strong>rerum</strong></span> 
     </span>
    </p>
   </div>
   <div class='ocr_carea' id='block_1_21' title="bbox 2041 867 3684 939">
    <p class='ocr_par' dir='ltr' id='par_1_21' title="bbox 2041 867 3684 939">
     <span class='ocr_line' id='line_1_21' title="bbox 2041 867 3684 939; baseline -0.002 -14"><span class='ocrx_word' id='word_1_127' title='bbox 2041 886 2146 925; x_wconf 88' lang='lat' dir='ltr'><strong>usu</strong></span> <span class='ocrx_word' id='word_1_128' title='bbox 2179 870 2352 936; x_wconf 89' lang='lat' dir='ltr'><strong>valet,</strong></span> <span class='ocrx_word' id='word_1_129' title='bbox 2387 869 2619 939; x_wconf 81' lang='lat' dir='ltr'><strong>plurimi</strong></span> <span class='ocrx_word' id='word_1_130' title='bbox 2656 870 2978 926; x_wconf 80' lang='lat' dir='ltr'><strong>faciendam</strong></span> <span class='ocrx_word' id='word_1_131' title='bbox 3012 886 3141 925; x_wconf 89' lang='lat' dir='ltr'><strong>esse</strong></span> <span class='ocrx_word' id='word_1_132' title='bbox 3175 874 3423 932; x_wconf 79' lang='lat' dir='ltr'><strong>constat.</strong></span> <span class='ocrx_word' id='word_1_133' title='bbox 3472 869 3532 924; x_wconf 92' lang='lat' dir='ltr'><strong>in</strong></span> <span class='ocrx_word' id='word_1_134' title='bbox 3564 867 3684 939; x_wconf 89' lang='lat' dir='ltr'><strong>pri—</strong></span> 
     </span>
    </p>
   </div>
   <div class='ocr_carea' id='block_1_22' title="bbox 2040 958 3686 1031">
    <p class='ocr_par' dir='ltr' id='par_1_22' title="bbox 2040 958 3686 1031">
     <span class='ocr_line' id='line_1_22' title="bbox 2040 958 3686 1031; baseline -0.001 -18"><span class='ocrx_word' id='word_1_135' title='bbox 2040 959 2152 1013; x_wconf 91' lang='lat' dir='ltr'><strong>mis</strong></span> <span class='ocrx_word' id='word_1_136' title='bbox 2178 973 2311 1015; x_wconf 90' lang='lat' dir='ltr'><strong>vero</strong></span> <span class='ocrx_word' id='word_1_137' title='bbox 2333 974 2583 1023; x_wconf 88' lang='lat' dir='ltr'><strong>sacram,</strong></span> <span class='ocrx_word' id='word_1_138' title='bbox 2608 959 2904 1031; x_wconf 78' lang='lat' dir='ltr'><strong>ingentem</strong></span> <span class='ocrx_word' id='word_1_139' title='bbox 2931 958 3209 1013; x_wconf 87' lang='lat' dir='ltr'><strong>nimirum</strong></span> <span class='ocrx_word' id='word_1_140' title='bbox 3234 958 3486 1014; x_wconf 83' lang='lat' dir='ltr'><strong>fructum</strong></span> <span class='ocrx_word' id='word_1_141' title='bbox 3510 962 3686 1029; x_wconf 88' lang='lat' dir='ltr'><strong>atque</strong></span> 
     </span>
    </p>
   </div>
   <div class='ocr_carea' id='block_1_23' title="bbox 2040 1045 3687 1118">
    <p class='ocr_par' dir='ltr' id='par_1_23' title="bbox 2040 1045 3687 1118">
     <span class='ocr_line' id='line_1_23' title="bbox 2040 1045 3687 1118; baseline -0.002 -15"><span class='ocrx_word' id='word_1_142' title='bbox 2040 1046 2346 1103; x_wconf 75' lang='lat' dir='ltr'><strong>utilitatem</strong></span> <span class='ocrx_word' id='word_1_143' title='bbox 2397 1048 2670 1103; x_wconf 88' lang='lat' dir='ltr'><strong>omnibus</strong></span> <span class='ocrx_word' id='word_1_144' title='bbox 2716 1047 2895 1103; x_wconf 82' lang='lat' dir='ltr'><strong>simul</strong></span> <span class='ocrx_word' id='word_1_145' title='bbox 2937 1051 2995 1102; x_wconf 90' lang='lat' dir='ltr'><strong>et</strong></span> <span class='ocrx_word' id='word_1_146' title='bbox 3024 1046 3284 1104; x_wconf 88' lang='lat' dir='ltr'><strong>ecclesiis</strong></span> <span class='ocrx_word' id='word_1_147' title='bbox 3333 1052 3391 1102; x_wconf 89' lang='lat' dir='ltr'><strong>et</strong></span> <span class='ocrx_word' id='word_1_148' title='bbox 3438 1045 3687 1118; x_wconf 82' lang='lat' dir='ltr'><strong>negotiis</strong></span> 
     </span>
    </p>
   </div>
   <div class='ocr_carea' id='block_1_24' title="bbox 2040 1136 3683 1208">
    <p class='ocr_par' dir='ltr' id='par_1_24' title="bbox 2040 1136 3683 1208">
     <span class='ocr_line' id='line_1_24' title="bbox 2040 1136 3683 1208; baseline -0.002 -16"><span class='ocrx_word' id='word_1_149' title='bbox 2040 1136 2530 1208; x_wconf 78' lang='lat' dir='ltr'><strong>suppeditantem.</strong></span> <span class='ocrx_word' id='word_1_150' title='bbox 2556 1136 2843 1208; x_wconf 83' lang='lat' dir='ltr'><strong>Namque,</strong></span> <span class='ocrx_word' id='word_1_151' title='bbox 2865 1136 2947 1191; x_wconf 85' lang='lat' dir='ltr'><strong>ita</strong></span> <span class='ocrx_word' id='word_1_152' title='bbox 2979 1141 3044 1192; x_wconf 90' lang='lat' dir='ltr'><strong>ut</strong></span> <span class='ocrx_word' id='word_1_153' title='bbox 3091 1152 3326 1208; x_wconf 68' lang='lat' dir='ltr'><strong>aequum</strong></span> <span class='ocrx_word' id='word_1_154' title='bbox 3370 1140 3479 1203; x_wconf 84' lang='lat' dir='ltr'><strong>est,</strong></span> <span class='ocrx_word' id='word_1_155' title='bbox 3510 1150 3683 1190; x_wconf 91' lang='lat' dir='ltr'><strong>omne</strong></span> 
     </span>
    </p>
   </div>
   <div class='ocr_carea' id='block_1_25' title="bbox 2039 1224 3685 1297">
    <p class='ocr_par' dir='ltr' id='par_1_25' title="bbox 2039 1224 3685 1297">
     <span class='ocr_line' id='line_1_25' title="bbox 2039 1224 3685 1297; baseline -0.001 -17"><span class='ocrx_word' id='word_1_156' title='bbox 2039 1241 2223 1296; x_wconf 71' lang='lat' dir='ltr'><strong>genus</strong></span> <span class='ocrx_word' id='word_1_157' title='bbox 2264 1225 2533 1281; x_wconf 92' lang='lat' dir='ltr'><strong>vitiorum</strong></span> <span class='ocrx_word' id='word_1_158' title='bbox 2597 1242 2665 1281; x_wconf 90' lang='lat' dir='ltr'><strong>ea</strong></span> <span class='ocrx_word' id='word_1_159' title='bbox 2713 1226 2841 1297; x_wconf 85' lang='lat' dir='ltr'><strong>ipsa</strong></span> <span class='ocrx_word' id='word_1_160' title='bbox 2887 1226 3200 1280; x_wconf 89' lang='lat' dir='ltr'><strong>traducens</strong></span> <span class='ocrx_word' id='word_1_161' title='bbox 3261 1229 3318 1280; x_wconf 90' lang='lat' dir='ltr'><strong>et</strong></span> <span class='ocrx_word' id='word_1_162' title='bbox 3372 1224 3685 1292; x_wconf 86' lang='lat' dir='ltr'><strong>damnans,</strong></span> 
     </span>
    </p>
   </div>
   <div class='ocr_carea' id='block_1_26' title="bbox 2039 1313 3685 1387">
    <p class='ocr_par' dir='ltr' id='par_1_26' title="bbox 2039 1313 3685 1387">
     <span class='ocr_line' id='line_1_26' title="bbox 2039 1313 3685 1387; baseline -0.001 -18"><span class='ocrx_word' id='word_1_163' title='bbox 2039 1331 2213 1385; x_wconf 90' lang='lat' dir='ltr'><strong>quam</strong></span> <span class='ocrx_word' id='word_1_164' title='bbox 2247 1315 2584 1385; x_wconf 70' lang='lat' dir='ltr'><strong>longissime</strong></span> <span class='ocrx_word' id='word_1_165' title='bbox 2613 1315 2822 1387; x_wconf 88' lang='lat' dir='ltr'><strong>rejicit,</strong></span> <span class='ocrx_word' id='word_1_166' title='bbox 2857 1314 3158 1386; x_wconf 88' lang='lat' dir='ltr'><strong>malosque</strong></span> <span class='ocrx_word' id='word_1_167' title='bbox 3188 1324 3243 1369; x_wconf 85' lang='lat' dir='ltr'><strong>et</strong></span> <span class='ocrx_word' id='word_1_168' title='bbox 3271 1313 3484 1385; x_wconf 89' lang='lat' dir='ltr'><strong>impios</strong></span> <span class='ocrx_word' id='word_1_169' title='bbox 3506 1313 3685 1384; x_wconf 89' lang='lat' dir='ltr'><strong>justis</strong></span> 
     </span>
    </p>
   </div>
   <div class='ocr_carea' id='block_1_27' title="bbox 2040 1402 3685 1475">
    <p class='ocr_par' dir='ltr' id='par_1_27' title="bbox 2040 1402 3685 1475">
     <span class='ocr_line' id='line_1_27' title="bbox 2040 1402 3685 1475; baseline 0.001 -19"><span class='ocrx_word' id='word_1_170' title='bbox 2040 1403 2312 1459; x_wconf 84' lang='lat' dir='ltr'><strong>conviciis</strong></span> <span class='ocrx_word' id='word_1_171' title='bbox 2339 1411 2689 1470; x_wconf 87' lang='lat' dir='ltr'><strong>exsecratur,</strong></span> <span class='ocrx_word' id='word_1_172' title='bbox 2723 1408 2780 1459; x_wconf 90' lang='lat' dir='ltr'><strong>et</strong></span> <span class='ocrx_word' id='word_1_173' title='bbox 2812 1419 3056 1475; x_wconf 78' lang='lat' dir='ltr'><strong>magnos</strong></span> <span class='ocrx_word' id='word_1_174' title='bbox 3098 1404 3481 1473; x_wconf 89' lang='lat' dir='ltr'><strong>laudatosque</strong></span> <span class='ocrx_word' id='word_1_175' title='bbox 3508 1402 3685 1467; x_wconf 87' lang='lat' dir='ltr'><strong>viros,</strong></span> 
     </span>
    </p>
   </div>
   <div class='ocr_carea' id='block_1_28' title="bbox 2038 1488 3687 1565">
    <p class='ocr_par' dir='ltr' id='par_1_28' title="bbox 2038 1488 3687 1565">
     <span class='ocr_line' id='line_1_28' title="bbox 2038 1488 3687 1565; baseline -0.001 -20"><span class='ocrx_word' id='word_1_176' title='bbox 2038 1491 2140 1562; x_wconf 89' lang='lat' dir='ltr'><strong>qui</strong></span> <span class='ocrx_word' id='word_1_177' title='bbox 2172 1492 2230 1547; x_wconf 91' lang='lat' dir='ltr'><strong>in</strong></span> <span class='ocrx_word' id='word_1_178' title='bbox 2263 1494 2435 1549; x_wconf 85' lang='lat' dir='ltr'><strong>rebus</strong></span> <span class='ocrx_word' id='word_1_179' title='bbox 2467 1493 2767 1565; x_wconf 81' lang='lat' dir='ltr'><strong>religionis</strong></span> <span class='ocrx_word' id='word_1_180' title='bbox 2801 1497 3011 1549; x_wconf 68' lang='lat' dir='ltr'><strong>nostris</strong></span> <span class='ocrx_word' id='word_1_181' title='bbox 3061 1492 3335 1547; x_wconf 81' lang='lat' dir='ltr'><strong>maximis</strong></span> <span class='ocrx_word' id='word_1_182' title='bbox 3384 1488 3687 1548; x_wconf 82' lang='lat' dir='ltr'><strong>excellenti</strong></span> 
     </span>
    </p>
   </div>
   <div class='ocr_carea' id='block_1_29' title="bbox 2010 1579 3690 1655">
    <p class='ocr_par' dir='ltr' id='par_1_29' title="bbox 2010 1579 3690 1655">
     <span class='ocr_line' id='line_1_29' title="bbox 2010 1579 3690 1655; baseline 0 -21"><span class='ocrx_word' id='word_1_183' title='bbox 2010 1580 2198 1637; x_wconf 86' lang='lat' dir='ltr'><strong>verbis</strong></span> <span class='ocrx_word' id='word_1_184' title='bbox 2278 1582 2660 1654; x_wconf 83' lang='lat' dir='ltr'><strong>amplissimis</strong></span> <span class='ocrx_word' id='word_1_185' title='bbox 2729 1582 3086 1654; x_wconf 83' lang='lat' dir='ltr'><strong>laudumque</strong></span> <span class='ocrx_word' id='word_1_186' title='bbox 3162 1580 3465 1655; x_wconf 65' lang='lat' dir='ltr'><strong>praeconiis</strong></span> <span class='ocrx_word' id='word_1_187' title='bbox 3524 1579 3690 1652; x_wconf 87' lang='lat' dir='ltr'><strong>quasi</strong></span> 
     </span>
    </p>
   </div>
   <div class='ocr_carea' id='block_1_30' title="bbox 282 1668 3689 1746">
    <p class='ocr_par' dir='ltr' id='par_1_30' title="bbox 282 1668 3689 1746">
     <span class='ocr_line' id='line_1_30' title="bbox 282 1668 3689 1746; baseline -0.001 -18"><span class='ocrx_word' id='word_1_188' title='bbox 282 1673 646 1746; x_wconf 92' lang='lat' dir='ltr'><strong>quibusdam</strong></span> <span class='ocrx_word' id='word_1_189' title='bbox 687 1674 916 1731; x_wconf 91' lang='lat' dir='ltr'><strong>coronis</strong></span> <span class='ocrx_word' id='word_1_190' title='bbox 956 1690 1270 1740; x_wconf 77' lang='lat' dir='ltr'><strong>exornans,</strong></span> <span class='ocrx_word' id='word_1_191' title='bbox 1301 1672 1677 1729; x_wconf 88' lang='lat' dir='ltr'><strong>admirandos</strong></span> <span class='ocrx_word' id='word_1_192' title='bbox 1740 1669 2177 1738; x_wconf 90' lang='lat' dir='ltr'><strong>imitandosque</strong></span> <span class='ocrx_word' id='word_1_193' title='bbox 2235 1670 2364 1727; x_wconf 89' lang='lat' dir='ltr'><strong>aliis</strong></span> <span class='ocrx_word' id='word_1_194' title='bbox 2420 1673 2617 1727; x_wconf 79' lang='lat' dir='ltr'><strong>efﬁcit.</strong></span> <span class='ocrx_word' id='word_1_195' title='bbox 2648 1671 2875 1735; x_wconf 86' lang='lat' dir='ltr'><strong>Quibus</strong></span> <span class='ocrx_word' id='word_1_196' title='bbox 2931 1688 3167 1744; x_wconf 86' lang='lat' dir='ltr'><strong>quoque</strong></span> <span class='ocrx_word' id='word_1_197' title='bbox 3226 1671 3401 1726; x_wconf 84' lang='lat' dir='ltr'><strong>rebus</strong></span> <span class='ocrx_word' id='word_1_198' title='bbox 3442 1668 3689 1741; x_wconf 85' lang='lat' dir='ltr'><strong>posteri-</strong></span> 
     </span>
    </p>
   </div>
   <div class='ocr_carea' id='block_1_31' title="bbox 282 1758 3685 1834">
    <p class='ocr_par' dir='ltr' id='par_1_31' title="bbox 282 1758 3685 1834">
     <span class='ocr_line' id='line_1_31' title="bbox 282 1758 3685 1834; baseline -0.001 -17"><span class='ocrx_word' id='word_1_199' title='bbox 282 1766 465 1818; x_wconf 83' lang='lat' dir='ltr'><strong>tatem</strong></span> <span class='ocrx_word' id='word_1_200' title='bbox 497 1764 681 1834; x_wconf 89' lang='lat' dir='ltr'><strong>ipsam</strong></span> <span class='ocrx_word' id='word_1_201' title='bbox 715 1762 1102 1834; x_wconf 81' lang='lat' dir='ltr'><strong>pulcherrime</strong></span> <span class='ocrx_word' id='word_1_202' title='bbox 1140 1764 1373 1828; x_wconf 83' lang='lat' dir='ltr'><strong>excitat,</strong></span> <span class='ocrx_word' id='word_1_203' title='bbox 1406 1766 1464 1818; x_wconf 88' lang='lat' dir='ltr'><strong>et</strong></span> <span class='ocrx_word' id='word_1_204' title='bbox 1494 1759 1890 1817; x_wconf 89' lang='lat' dir='ltr'><strong>sanctissimis</strong></span> <span class='ocrx_word' id='word_1_205' title='bbox 1937 1759 2212 1828; x_wconf 92' lang='lat' dir='ltr'><strong>operibus</strong></span> <span class='ocrx_word' id='word_1_206' title='bbox 2268 1769 2322 1815; x_wconf 91' lang='lat' dir='ltr'><strong>et</strong></span> <span class='ocrx_word' id='word_1_207' title='bbox 2378 1762 2562 1828; x_wconf 81' lang='lat' dir='ltr'><strong>factis,</strong></span> <span class='ocrx_word' id='word_1_208' title='bbox 2626 1760 2966 1833; x_wconf 88' lang='lat' dir='ltr'><strong>decentique</strong></span> <span class='ocrx_word' id='word_1_209' title='bbox 3032 1765 3090 1816; x_wconf 93' lang='lat' dir='ltr'><strong>et</strong></span> <span class='ocrx_word' id='word_1_210' title='bbox 3143 1764 3303 1815; x_wconf 90' lang='lat' dir='ltr'><strong>recta</strong></span> <span class='ocrx_word' id='word_1_211' title='bbox 3360 1760 3432 1815; x_wconf 93' lang='lat' dir='ltr'><strong>de</strong></span> <span class='ocrx_word' id='word_1_212' title='bbox 3489 1758 3685 1814; x_wconf 89' lang='lat' dir='ltr'><strong>divino</strong></span> 
     </span>
    </p>
   </div>
   <div class='ocr_carea' id='block_1_32' title="bbox 281 1844 2830 1921">
    <p class='ocr_par' dir='ltr' id='par_1_32' title="bbox 281 1844 2830 1921">
     <span class='ocr_line' id='line_1_32' title="bbox 281 1844 2830 1921; baseline -0.001 -17"><span class='ocrx_word' id='word_1_213' title='bbox 281 1848 541 1905; x_wconf 84' lang='lat' dir='ltr'><strong>Numine</strong></span> <span class='ocrx_word' id='word_1_214' title='bbox 587 1849 887 1921; x_wconf 90' lang='lat' dir='ltr'><strong>opinione,</strong></span> <span class='ocrx_word' id='word_1_215' title='bbox 915 1866 1120 1905; x_wconf 91' lang='lat' dir='ltr'><strong>eorum</strong></span> <span class='ocrx_word' id='word_1_216' title='bbox 1141 1849 1398 1904; x_wconf 89' lang='lat' dir='ltr'><strong>virorum</strong></span> <span class='ocrx_word' id='word_1_217' title='bbox 1428 1848 1660 1903; x_wconf 88' lang='lat' dir='ltr'><strong>laudem</strong></span> <span class='ocrx_word' id='word_1_218' title='bbox 1690 1844 2024 1903; x_wconf 65' lang='lat' dir='ltr'><strong>aemulando</strong></span> <span class='ocrx_word' id='word_1_219' title='bbox 2085 1848 2409 1902; x_wconf 89' lang='lat' dir='ltr'><strong>consectari</strong></span> <span class='ocrx_word' id='word_1_220' title='bbox 2469 1848 2830 1904; x_wconf 88' lang='lat' dir='ltr'><strong>cohortatur.</strong></span> 
     </span>
    </p>
   </div>
   <div class='ocr_carea' id='block_1_33' title="bbox 354 1932 1934 2013">
    <p class='ocr_par' dir='ltr' id='par_1_33' title="bbox 354 1932 1934 2013">
     <span class='ocr_line' id='line_1_33' title="bbox 354 1932 1934 2013; baseline -0.004 -21"><span class='ocrx_word' id='word_1_221' title='bbox 354 1938 513 1992; x_wconf 78' lang='grc' dir='ltr'>’Ὀθεν</span> <span class='ocrx_word' id='word_1_222' title='bbox 564 1937 653 1992; x_wconf 77' lang='grc' dir='ltr'><strong>καὶ</strong></span> <span class='ocrx_word' id='word_1_223' title='bbox 705 1939 869 2009; x_wconf 72' lang='grc' dir='ltr'>ἡμεῖς</span> <span class='ocrx_word' id='word_1_224' title='bbox 914 1935 1123 1999; x_wconf 78' lang='grc' dir='ltr'>δικαίας</span> <span class='ocrx_word' id='word_1_225' title='bbox 1167 1936 1444 2012; x_wconf 73' lang='grc' dir='ltr'>κρίνοντες</span> <span class='ocrx_word' id='word_1_226' title='bbox 1484 1932 1776 2013; x_wconf 82' lang='grc' dir='ltr'>ἀποδοχῆς</span> <span class='ocrx_word' id='word_1_227' title='bbox 1807 1933 1934 1994; x_wconf 81' lang='grc' dir='ltr'>τοὺς</span> 
     </span>
    </p>
   </div>
   <div class='ocr_carea' id='block_1_34' title="bbox 2044 1932 3689 2013">
    <p class='ocr_par' dir='ltr' id='par_1_34' title="bbox 2118 1939 3689 2010">
     <span class='ocr_line' id='line_1_34' title="bbox 2118 1939 3689 2010; baseline 0.001 -19"><span class='ocrx_word' id='word_1_228' title='bbox 2118 1940 2481 2009; x_wconf 84' lang='lat' dir='ltr'><strong>Quapropter</strong></span> <span class='ocrx_word' id='word_1_229' title='bbox 2502 1944 2560 1995; x_wconf 92' lang='lat' dir='ltr'><strong>et</strong></span> <span class='ocrx_word' id='word_1_230' title='bbox 2583 1955 2688 1994; x_wconf 90' lang='lat' dir='ltr'><strong>nos</strong></span> <span class='ocrx_word' id='word_1_231' title='bbox 2719 1939 2944 2009; x_wconf 88' lang='lat' dir='ltr'><strong>judicio</strong></span> <span class='ocrx_word' id='word_1_232' title='bbox 2976 1946 3169 1995; x_wconf 82' lang='lat' dir='ltr'><strong>nostro</strong></span> <span class='ocrx_word' id='word_1_233' title='bbox 3224 1954 3322 1994; x_wconf 91' lang='lat' dir='ltr'><strong>eos</strong></span> <span class='ocrx_word' id='word_1_234' title='bbox 3380 1939 3477 2010; x_wconf 91' lang='lat' dir='ltr'><strong>qui</strong></span> <span class='ocrx_word' id='word_1_235' title='bbox 3523 1954 3689 1994; x_wconf 90' lang='lat' dir='ltr'><strong>sacra</strong></span> 
     </span>
    </p>
   </div>
   <div class='ocr_carea' id='block_1_35' title="bbox 280 2025 1938 2101">
    <p class='ocr_par' dir='ltr' id='par_1_35' title="bbox 280 2025 1938 2101">
     <span class='ocr_line' id='line_1_35' title="bbox 280 2025 1938 2101; baseline -0.004 -20"><span class='ocrx_word' id='word_1_236' title='bbox 280 2025 548 2096; x_wconf 82' lang='grc' dir='ltr'>τοιαύτην</span> <span class='ocrx_word' id='word_1_237' title='bbox 606 2027 837 2100; x_wconf 81' lang='grc' dir='ltr'>περὶτὰ</span> <span class='ocrx_word' id='word_1_238' title='bbox 900 2028 1055 2082; x_wconf 72' lang='grc' dir='ltr'>κοινά</span> <span class='ocrx_word' id='word_1_239' title='bbox 1116 2025 1706 2101; x_wconf 79' lang='grc' dir='ltr'>πραγματευσαμένους</span> <span class='ocrx_word' id='word_1_240' title='bbox 1774 2043 1938 2078; x_wconf 89' lang='grc' dir='ltr'>σπου-</span> 
     </span>
    </p>
   </div>
   <div class='ocr_carea' id='block_1_36' title="bbox 284 2111 1937 2189">
    <p class='ocr_par' dir='ltr' id='par_1_36' title="bbox 284 2111 1937 2189">
     <span class='ocr_line' id='line_1_36' title="bbox 284 2111 1937 2189; baseline -0.001 -20"><span class='ocrx_word' id='word_1_241' title='bbox 284 2111 410 2184; x_wconf 82' lang='grc' dir='ltr'><strong>δήν,</strong></span> <span class='ocrx_word' id='word_1_242' title='bbox 444 2114 532 2169; x_wconf 77' lang='grc' dir='ltr'>ἐπὶ</span> <span class='ocrx_word' id='word_1_243' title='bbox 572 2116 665 2170; x_wconf 88' lang='grc' dir='ltr'>τὸν</span> <span class='ocrx_word' id='word_1_244' title='bbox 713 2115 905 2189; x_wconf 85' lang='grc' dir='ltr'>ὅμοιον</span> <span class='ocrx_word' id='word_1_245' title='bbox 944 2122 1044 2184; x_wconf 80' lang='grc' dir='ltr'>τῆς</span> <span class='ocrx_word' id='word_1_246' title='bbox 1087 2115 1393 2176; x_wconf 73' lang='grc' dir='ltr'>ὑποθέσεως</span> <span class='ocrx_word' id='word_1_247' title='bbox 1426 2114 1790 2188; x_wconf 80' lang='grc' dir='ltr'>προήχθημεν</span> <span class='ocrx_word' id='word_1_248' title='bbox 1838 2114 1937 2180; x_wconf 78' lang='grc' dir='ltr'><strong>ζῆ·</strong></span> 
     </span>
    </p>
   </div>
   <div class='ocr_carea' id='block_1_37' title="bbox 282 2197 1940 2277">
    <p class='ocr_par' dir='ltr' id='par_1_37' title="bbox 282 2197 1940 2277">
     <span class='ocr_line' id='line_1_37' title="bbox 282 2197 1940 2277; baseline -0.003 -19"><span class='ocrx_word' id='word_1_249' title='bbox 282 2202 385 2258; x_wconf 91' lang='grc' dir='ltr'><strong>λον</strong></span> <span class='ocrx_word' id='word_1_250' title='bbox 412 2223 428 2237; x_wconf 79' lang='grc' dir='ltr'><strong>ο</strong></span> <span class='ocrx_word' id='word_1_251' title='bbox 465 2201 585 2259; x_wconf 76' lang='grc' dir='ltr'>οὔτε</span> <span class='ocrx_word' id='word_1_252' title='bbox 626 2205 724 2271; x_wconf 79' lang='grc' dir='ltr'>τὴν</span> <span class='ocrx_word' id='word_1_253' title='bbox 778 2204 901 2277; x_wconf 80' lang='grc' dir='ltr'>περὶ</span> <span class='ocrx_word' id='word_1_254' title='bbox 951 2204 1047 2266; x_wconf 81' lang='grc' dir='ltr'>τὰς</span> <span class='ocrx_word' id='word_1_255' title='bbox 1094 2204 1313 2277; x_wconf 83' lang='grc' dir='ltr'>πράξεις</span> <span class='ocrx_word' id='word_1_256' title='bbox 1344 2203 1540 2277; x_wconf 78' lang='grc' dir='ltr'>ἀρετὴν</span> <span class='ocrx_word' id='word_1_257' title='bbox 1573 2197 1940 2275; x_wconf 66' lang='grc' dir='ltr'>ἐπιδεδειγμέ-</span> 
     </span>
    </p>
   </div>
   <div class='ocr_carea' id='block_1_38' title="bbox 278 2289 1935 2370">
    <p class='ocr_par' dir='ltr' id='par_1_38' title="bbox 278 2289 1935 2370">
     <span class='ocr_line' id='line_1_38' title="bbox 278 2289 1935 2370; baseline -0.002 -24"><span class='ocrx_word' id='word_1_258' title='bbox 278 2314 393 2360; x_wconf 88' lang='grc' dir='ltr'>νοι,</span> <span class='ocrx_word' id='word_1_259' title='bbox 426 2290 553 2348; x_wconf 69' lang='grc' dir='ltr'>οὔτε</span> <span class='ocrx_word' id='word_1_260' title='bbox 614 2294 720 2366; x_wconf 82' lang='grc' dir='ltr'>μὴν</span> <span class='ocrx_word' id='word_1_261' title='bbox 777 2298 847 2366; x_wconf 74' lang='grc' dir='ltr'><strong>τῇ</strong></span> <span class='ocrx_word' id='word_1_262' title='bbox 909 2292 1215 2370; x_wconf 79' lang='grc' dir='ltr'>εὐγλωττίᾳ</span> <span class='ocrx_word' id='word_1_263' title='bbox 1259 2290 1675 2367; x_wconf 72' lang='grc' dir='ltr'>τεθαρρηκότες,</span> <span class='ocrx_word' id='word_1_264' title='bbox 1722 2289 1813 2344; x_wconf 85' lang='grc' dir='ltr'>καὶ</span> <span class='ocrx_word' id='word_1_265' title='bbox 1866 2292 1935 2361; x_wconf 77' lang='grc' dir='ltr'><strong>τῇ</strong></span> 
     </span>
    </p>
   </div>
   <div class='ocr_carea' id='block_1_39' title="bbox 283 2378 1934 2459">
    <p class='ocr_par' dir='ltr' id='par_1_39' title="bbox 283 2378 1934 2459">
     <span class='ocr_line' id='line_1_39' title="bbox 283 2378 1934 2459; baseline -0.004 -23"><span class='ocrx_word' id='word_1_266' title='bbox 283 2381 453 2459; x_wconf 76' lang='grc' dir='ltr'>ῥώμῃ</span> <span class='ocrx_word' id='word_1_267' title='bbox 506 2387 616 2437; x_wconf 80' lang='grc' dir='ltr'>τῶν</span> <span class='ocrx_word' id='word_1_268' title='bbox 676 2380 894 2457; x_wconf 87' lang='grc' dir='ltr'>λόγων·</span> <span class='ocrx_word' id='word_1_269' title='bbox 924 2380 1307 2451; x_wconf 77' lang='grc' dir='ltr'>ἐπιστήσαντες</span> <span class='ocrx_word' id='word_1_270' title='bbox 1356 2379 1402 2435; x_wconf 85' lang='grc' dir='ltr'>δ’</span> <span class='ocrx_word' id='word_1_271' title='bbox 1442 2380 1517 2443; x_wconf 84' lang='grc' dir='ltr'>ὡς</span> <span class='ocrx_word' id='word_1_272' title='bbox 1566 2379 1681 2434; x_wconf 80' lang='grc' dir='ltr'>οἷόν</span> <span class='ocrx_word' id='word_1_273' title='bbox 1735 2399 1793 2433; x_wconf 85' lang='grc' dir='ltr'><strong>τε</strong></span> <span class='ocrx_word' id='word_1_274' title='bbox 1843 2378 1934 2432; x_wconf 89' lang='grc' dir='ltr'>τὸν</span> 
     </span>
    </p>
   </div>
   <div class='ocr_carea' id='block_1_40' title="bbox 278 2467 1938 2544">
    <p class='ocr_par' dir='ltr' id='par_1_40' title="bbox 278 2467 1938 2544">
     <span class='ocr_line' id='line_1_40' title="bbox 278 2467 1938 2544; baseline -0.003 -19"><span class='ocrx_word' id='word_1_275' title='bbox 278 2475 408 2526; x_wconf 65' lang='lat' dir='ltr'><strong>vein</strong></span> <span class='ocrx_word' id='word_1_276' title='bbox 457 2476 575 2532; x_wconf 86' lang='grc' dir='ltr'>τοῖς</span> <span class='ocrx_word' id='word_1_277' title='bbox 624 2472 731 2544; x_wconf 88' lang='grc' dir='ltr'>πρὸ</span> <span class='ocrx_word' id='word_1_278' title='bbox 778 2473 940 2543; x_wconf 73' lang='grc' dir='ltr'>ἡμῶν</span> <span class='ocrx_word' id='word_1_279' title='bbox 980 2472 1047 2525; x_wconf 82' lang='grc' dir='ltr'>τὰ</span> <span class='ocrx_word' id='word_1_280' title='bbox 1094 2471 1230 2525; x_wconf 81' lang='grc' dir='ltr'>κατὰ</span> <span class='ocrx_word' id='word_1_281' title='bbox 1266 2471 1366 2538; x_wconf 75' lang='grc' dir='ltr'>τήν</span> <span class='ocrx_word' id='word_1_282' title='bbox 1398 2467 1723 2538; x_wconf 83' lang='grc' dir='ltr'>Ἐκκλησίαν</span> <span class='ocrx_word' id='word_1_283' title='bbox 1750 2485 1938 2541; x_wconf 87' lang='grc' dir='ltr'>συγγε-</span> 
     </span>
    </p>
   </div>
   <div class='ocr_carea' id='block_1_41' title="bbox 282 2555 1939 2636">
    <p class='ocr_par' dir='ltr' id='par_1_41' title="bbox 282 2555 1939 2636">
     <span class='ocr_line' id='line_1_41' title="bbox 282 2555 1939 2636; baseline -0.002 -23"><span class='ocrx_word' id='word_1_284' title='bbox 282 2560 548 2636; x_wconf 70' lang='grc' dir='ltr'>γραφόσι,</span> <span class='ocrx_word' id='word_1_285' title='bbox 599 2560 698 2627; x_wconf 80' lang='grc' dir='ltr'><strong>τήν</strong></span> <span class='ocrx_word' id='word_1_286' title='bbox 761 2560 857 2632; x_wconf 72' lang='grc' dir='ltr'>μὲν</span> <span class='ocrx_word' id='word_1_287' title='bbox 906 2559 1219 2632; x_wconf 86' lang='grc' dir='ltr'>προαίρεσιν</span> <span class='ocrx_word' id='word_1_288' title='bbox 1259 2557 1467 2613; x_wconf 81' lang='grc' dir='ltr'>τούτων</span> <span class='ocrx_word' id='word_1_289' title='bbox 1521 2555 1759 2630; x_wconf 79' lang='grc' dir='ltr'>μάλιστα</span> <span class='ocrx_word' id='word_1_290' title='bbox 1805 2556 1939 2610; x_wconf 69' lang='grc' dir='ltr'>πάνυ</span> 
     </span>
    </p>
   </div>
   <div class='ocr_carea' id='block_1_42' title="bbox 284 2645 1933 2723">
    <p class='ocr_par' dir='ltr' id='par_1_42' title="bbox 284 2645 1933 2723">
     <span class='ocr_line' id='line_1_42' title="bbox 284 2645 1933 2723; baseline -0.004 -18"><span class='ocrx_word' id='word_1_291' title='bbox 284 2670 400 2705; x_wconf 83' lang='grc' dir='ltr'><strong>των</strong></span> <span class='ocrx_word' id='word_1_292' title='bbox 450 2646 741 2723; x_wconf 77' lang='grc' dir='ltr'>ἀποδοχῆς</span> <span class='ocrx_word' id='word_1_293' title='bbox 780 2649 1087 2721; x_wconf 71' lang='grc' dir='ltr'>ἠξιώσαμεν</span> <span class='ocrx_word' id='word_1_294' title='bbox 1108 2668 1121 2680; x_wconf 87' lang='grc'>·</span> <span class='ocrx_word' id='word_1_295' title='bbox 1156 2648 1217 2703; x_wconf 82' lang='grc' dir='ltr'>οὐ</span> <span class='ocrx_word' id='word_1_296' title='bbox 1262 2648 1371 2720; x_wconf 77' lang='grc' dir='ltr'><strong>μην</strong></span> <span class='ocrx_word' id='word_1_297' title='bbox 1402 2647 1491 2701; x_wconf 83' lang='grc' dir='ltr'><strong>καὶ</strong></span> <span class='ocrx_word' id='word_1_298' title='bbox 1521 2646 1655 2719; x_wconf 90' lang='grc' dir='ltr'>πρὸς</span> <span class='ocrx_word' id='word_1_299' title='bbox 1685 2645 1748 2701; x_wconf 88' lang='grc' dir='ltr'>τὸ</span> <span class='ocrx_word' id='word_1_300' title='bbox 1778 2649 1933 2718; x_wconf 76' lang='grc' dir='ltr'>κοινῇ</span> 
     </span>
    </p>
   </div>
   <div class='ocr_carea' id='block_1_43' title="bbox 286 2736 1932 2813">
    <p class='ocr_par' dir='ltr' id='par_1_43' title="bbox 286 2736 1932 2813">
     <span class='ocr_line' id='line_1_43' title="bbox 286 2736 1932 2813; baseline -0.002 -21"><span class='ocrx_word' id='word_1_301' title='bbox 286 2737 568 2813; x_wconf 78' lang='grc' dir='ltr'>συμφέρον</span> <span class='ocrx_word' id='word_1_302' title='bbox 620 2739 954 2793; x_wconf 83' lang='grc' dir='ltr'>παντάπασιν</span> <span class='ocrx_word' id='word_1_303' title='bbox 1013 2736 1344 2810; x_wconf 69' lang='grc' dir='ltr'>ἐξειργάσθαι</span> <span class='ocrx_word' id='word_1_304' title='bbox 1403 2736 1497 2797; x_wconf 79' lang='grc' dir='ltr'><strong>τὰς</strong></span> <span class='ocrx_word' id='word_1_305' title='bbox 1557 2736 1735 2790; x_wconf 81' lang='grc' dir='ltr'>αὐτῶν</span> <span class='ocrx_word' id='word_1_306' title='bbox 1785 2753 1932 2807; x_wconf 88' lang='grc' dir='ltr'>πρα-</span> 
     </span>
    </p>
   </div>
   <div class='ocr_carea' id='block_1_44' title="bbox 284 2823 1933 2903">
    <p class='ocr_par' dir='ltr' id='par_1_44' title="bbox 284 2823 1933 2903">
     <span class='ocr_line' id='line_1_44' title="bbox 284 2823 1933 2903; baseline -0.002 -22"><span class='ocrx_word' id='word_1_307' title='bbox 284 2827 553 2903; x_wconf 85' lang='grc' dir='ltr'>γματείας</span> <span class='ocrx_word' id='word_1_308' title='bbox 611 2823 1031 2899; x_wconf 79' lang='grc' dir='ltr'>ἐδοκιμάσαμεν.</span> <span class='ocrx_word' id='word_1_309' title='bbox 1063 2826 1126 2879; x_wconf 79' lang='grc' dir='ltr'><strong>Οἱ</strong></span> <span class='ocrx_word' id='word_1_310' title='bbox 1187 2826 1280 2897; x_wconf 75' lang='grc' dir='ltr'>μὲν</span> <span class='ocrx_word' id='word_1_311' title='bbox 1323 2824 1425 2900; x_wconf 77' lang='grc' dir='ltr'><strong>γὰρ</strong></span> <span class='ocrx_word' id='word_1_312' title='bbox 1482 2824 1681 2888; x_wconf 81' lang='grc' dir='ltr'>αὐτῶν,</span> <span class='ocrx_word' id='word_1_313' title='bbox 1734 2824 1810 2895; x_wconf 83' lang='grc' dir='ltr'>μὴ</span> <span class='ocrx_word' id='word_1_314' title='bbox 1854 2826 1933 2894; x_wconf 80' lang='grc' dir='ltr'><strong>τῷ</strong></span> 
     </span>
    </p>
   </div>
   <div class='ocr_carea' id='block_1_45' title="bbox 286 2909 1931 2989">
    <p class='ocr_par' dir='ltr' id='par_1_45' title="bbox 286 2909 1931 2989">
     <span class='ocr_line' id='line_1_45' title="bbox 286 2909 1931 2989; baseline -0.003 -19"><span class='ocrx_word' id='word_1_315' title='bbox 286 2913 590 2989; x_wconf 78' lang='grc' dir='ltr'>ὑγιαίνοντι</span> <span class='ocrx_word' id='word_1_316' title='bbox 626 2914 782 2989; x_wconf 86' lang='grc' dir='ltr'>λόγῳ</span> <span class='ocrx_word' id='word_1_317' title='bbox 818 2909 1216 2987; x_wconf 78' lang='grc' dir='ltr'>ξυμϐαίνοντες,</span> <span class='ocrx_word' id='word_1_318' title='bbox 1249 2912 1301 2968; x_wconf 73' lang='grc' dir='ltr'>ἐν</span> <span class='ocrx_word' id='word_1_319' title='bbox 1334 2911 1569 2974; x_wconf 86' lang='grc' dir='ltr'>πολλοῖς</span> <span class='ocrx_word' id='word_1_320' title='bbox 1621 2910 1747 2967; x_wconf 75' lang='grc' dir='ltr'>οὐδὲ</span> <span class='ocrx_word' id='word_1_321' title='bbox 1793 2911 1931 2982; x_wconf 79' lang='grc' dir='ltr'>ἄξιοι</span> 
     </span>
    </p>
   </div>
   <div class='ocr_carea' id='block_1_46' title="bbox 281 2997 1934 3081">
    <p class='ocr_par' dir='ltr' id='par_1_46' title="bbox 281 2997 1934 3081">
     <span class='ocr_line' id='line_1_46' title="bbox 281 2997 1934 3081; baseline -0.003 -20"><span class='ocrx_word' id='word_1_322' title='bbox 281 3003 513 3061; x_wconf 86' lang='grc' dir='ltr'>δοκοῦσι</span> <span class='ocrx_word' id='word_1_323' title='bbox 560 3009 669 3060; x_wconf 84' lang='grc' dir='ltr'><strong>τῶν</strong></span> <span class='ocrx_word' id='word_1_324' title='bbox 724 3005 871 3081; x_wconf 73' lang='grc' dir='ltr'>σφίσι</span> <span class='ocrx_word' id='word_1_325' title='bbox 920 3003 1232 3079; x_wconf 77' lang='grc' dir='ltr'>λεγομὲνων</span> <span class='ocrx_word' id='word_1_326' title='bbox 1267 3001 1533 3077; x_wconf 84' lang='grc' dir='ltr'>μάρτυρες</span> <span class='ocrx_word' id='word_1_327' title='bbox 1579 3002 1746 3057; x_wconf 84' lang='grc' dir='ltr'>εἶναι·</span> <span class='ocrx_word' id='word_1_328' title='bbox 1789 2997 1934 3056; x_wconf 80' lang='grc' dir='ltr'>ἔνθεν</span> 
     </span>
    </p>
   </div>
   <div class='ocr_carea' id='block_1_47' title="bbox 278 3090 1932 3167">
    <p class='ocr_par' dir='ltr' id='par_1_47' title="bbox 278 3090 1932 3167">
     <span class='ocr_line' id='line_1_47' title="bbox 278 3090 1932 3167; baseline -0.004 -17"><span class='ocrx_word' id='word_1_329' title='bbox 278 3115 375 3150; x_wconf 88' lang='grc' dir='ltr'><strong>τοι</strong></span> <span class='ocrx_word' id='word_1_330' title='bbox 446 3093 535 3149; x_wconf 71' lang='grc' dir='ltr'><strong>καί</strong></span> <span class='ocrx_word' id='word_1_331' title='bbox 605 3098 722 3158; x_wconf 84' lang='grc' dir='ltr'>τοῖς</span> <span class='ocrx_word' id='word_1_332' title='bbox 795 3095 868 3154; x_wconf 85' lang='grc' dir='ltr'><strong>ὡς</strong></span> <span class='ocrx_word' id='word_1_333' title='bbox 933 3092 1158 3163; x_wconf 84' lang='grc' dir='ltr'>ἀληθῶς</span> <span class='ocrx_word' id='word_1_334' title='bbox 1208 3094 1334 3167; x_wconf 85' lang='grc' dir='ltr'>παρ’</span> <span class='ocrx_word' id='word_1_335' title='bbox 1392 3091 1567 3147; x_wconf 74' lang='grc' dir='ltr'>αὐτῶν</span> <span class='ocrx_word' id='word_1_336' title='bbox 1621 3090 1932 3166; x_wconf 70' lang='grc' dir='ltr'>εἰρημένοις</span> 
     </span>
    </p>
   </div>
   <div class='ocr_carea' id='block_1_48' title="bbox 280 3178 1930 3259">
    <p class='ocr_par' dir='ltr' id='par_1_48' title="bbox 280 3178 1930 3259">
     <span class='ocr_line' id='line_1_48' title="bbox 280 3178 1930 3259; baseline -0.004 -21"><span class='ocrx_word' id='word_1_337' title='bbox 280 3179 728 3259; x_wconf 75' lang='grc' dir='ltr'>ἀμφισϐητοῦσιν</span> <span class='ocrx_word' id='word_1_338' title='bbox 763 3184 814 3236; x_wconf 82' lang='grc' dir='ltr'>οἱ</span> <span class='ocrx_word' id='word_1_339' title='bbox 857 3182 1107 3237; x_wconf 86' lang='grc' dir='ltr'>πλεῖστοι</span> <span class='ocrx_word' id='word_1_340' title='bbox 1149 3179 1236 3235; x_wconf 72' lang='grc' dir='ltr'><strong>διὰ</strong></span> <span class='ocrx_word' id='word_1_341' title='bbox 1280 3181 1342 3236; x_wconf 88' lang='grc' dir='ltr'>τὸ</span> <span class='ocrx_word' id='word_1_342' title='bbox 1381 3184 1488 3235; x_wconf 82' lang='grc' dir='ltr'>τῶν</span> <span class='ocrx_word' id='word_1_343' title='bbox 1516 3178 1800 3255; x_wconf 83' lang='grc' dir='ltr'>δογμάτων</span> <span class='ocrx_word' id='word_1_344' title='bbox 1854 3179 1930 3250; x_wconf 76' lang='grc' dir='ltr'>μὴ</span> 
     </span>
    </p>
   </div>
   <div class='ocr_carea' id='block_1_49' title="bbox 2044 2025 3687 2100">
    <p class='ocr_par' dir='ltr' id='par_1_49' title="bbox 2044 2025 3687 2100">
     <span class='ocr_line' id='line_1_49' title="bbox 2044 2025 3687 2100; baseline 0.002 -20"><span class='ocrx_word' id='word_1_345' title='bbox 2044 2025 2288 2082; x_wconf 90' lang='lat' dir='ltr'><strong>historia</strong></span> <span class='ocrx_word' id='word_1_346' title='bbox 2316 2028 2626 2083; x_wconf 88' lang='lat' dir='ltr'><strong>scribenda</strong></span> <span class='ocrx_word' id='word_1_347' title='bbox 2655 2029 2722 2083; x_wconf 93' lang='lat' dir='ltr'><strong>ad</strong></span> <span class='ocrx_word' id='word_1_348' title='bbox 2761 2027 3052 2100; x_wconf 84' lang='lat' dir='ltr'><strong>publicam</strong></span> <span class='ocrx_word' id='word_1_349' title='bbox 3102 2027 3413 2083; x_wconf 87' lang='lat' dir='ltr'><strong>utilitatem</strong></span> <span class='ocrx_word' id='word_1_350' title='bbox 3460 2032 3687 2083; x_wconf 87' lang='lat' dir='ltr'><strong>tantum</strong></span> 
     </span>
    </p>
   </div>
   <div class='ocr_carea' id='block_1_50' title="bbox 2045 2114 3684 2189">
    <p class='ocr_par' dir='ltr' id='par_1_50' title="bbox 2045 2114 3684 2189">
     <span class='ocr_line' id='line_1_50' title="bbox 2045 2114 3684 2189; baseline 0 -18"><span class='ocrx_word' id='word_1_351' title='bbox 2045 2114 2418 2172; x_wconf 89' lang='lat' dir='ltr'><strong>contulerunt</strong></span> <span class='ocrx_word' id='word_1_352' title='bbox 2448 2116 2646 2188; x_wconf 89' lang='lat' dir='ltr'><strong>studii,</strong></span> <span class='ocrx_word' id='word_1_353' title='bbox 2692 2118 3160 2189; x_wconf 90' lang='lat' dir='ltr'><strong>comprobantes,</strong></span> <span class='ocrx_word' id='word_1_354' title='bbox 3209 2116 3581 2173; x_wconf 70' lang='lat' dir='ltr'><strong>simulatione</strong></span> <span class='ocrx_word' id='word_1_355' title='bbox 3612 2117 3684 2172; x_wconf 88' lang='lat' dir='ltr'><strong>ad</strong></span> 
     </span>
    </p>
   </div>
   <div class='ocr_carea' id='block_1_51' title="bbox 2043 2204 3686 2278">
    <p class='ocr_par' dir='ltr' id='par_1_51' title="bbox 2043 2204 3686 2278">
     <span class='ocr_line' id='line_1_51' title="bbox 2043 2204 3686 2278; baseline -0.001 -18"><span class='ocrx_word' id='word_1_356' title='bbox 2043 2204 2312 2260; x_wconf 86' lang='lat' dir='ltr'><strong>eamdem</strong></span> <span class='ocrx_word' id='word_1_357' title='bbox 2386 2206 2687 2261; x_wconf 87' lang='lat' dir='ltr'><strong>materiam</strong></span> <span class='ocrx_word' id='word_1_358' title='bbox 2738 2207 3101 2262; x_wconf 88' lang='lat' dir='ltr'><strong>tractandam</strong></span> <span class='ocrx_word' id='word_1_359' title='bbox 3136 2204 3393 2278; x_wconf 87' lang='lat' dir='ltr'><strong>provecti</strong></span> <span class='ocrx_word' id='word_1_360' title='bbox 3456 2219 3686 2269; x_wconf 90' lang='lat' dir='ltr'><strong>sumus,</strong></span> 
     </span>
    </p>
   </div>
   <div class='ocr_carea' id='block_1_52' title="bbox 2045 2292 3689 2367">
    <p class='ocr_par' dir='ltr' id='par_1_52' title="bbox 2045 2292 3689 2367">
     <span class='ocr_line' id='line_1_52' title="bbox 2045 2292 3689 2367; baseline -0.001 -19"><span class='ocrx_word' id='word_1_361' title='bbox 2045 2308 2160 2349; x_wconf 91' lang='lat' dir='ltr'><strong>non</strong></span> <span class='ocrx_word' id='word_1_362' title='bbox 2219 2309 2326 2348; x_wconf 89' lang='lat' dir='ltr'><strong>nos</strong></span> <span class='ocrx_word' id='word_1_363' title='bbox 2385 2292 2623 2365; x_wconf 92' lang='lat' dir='ltr'><strong>quidem</strong></span> <span class='ocrx_word' id='word_1_364' title='bbox 2680 2296 2911 2367; x_wconf 81' lang='lat' dir='ltr'><strong>egregia</strong></span> <span class='ocrx_word' id='word_1_365' title='bbox 2987 2294 3213 2350; x_wconf 82' lang='lat' dir='ltr'><strong>virtutis</strong></span> <span class='ocrx_word' id='word_1_366' title='bbox 3265 2297 3477 2350; x_wconf 66' lang='lat' dir='ltr'><strong>nostris</strong></span> <span class='ocrx_word' id='word_1_367' title='bbox 3537 2292 3689 2348; x_wconf 83' lang='lat' dir='ltr'><strong>facta</strong></span> 
     </span>
    </p>
   </div>
   <div class='ocr_carea' id='block_1_53' title="bbox 2042 2380 3688 2454">
    <p class='ocr_par' dir='ltr' id='par_1_53' title="bbox 2042 2380 3688 2454">
     <span class='ocr_line' id='line_1_53' title="bbox 2042 2380 3688 2454; baseline -0.001 -17"><span class='ocrx_word' id='word_1_368' title='bbox 2042 2386 2423 2449; x_wconf 88' lang='lat' dir='ltr'><strong>ostentantes,</strong></span> <span class='ocrx_word' id='word_1_369' title='bbox 2506 2398 2696 2454; x_wconf 89' lang='lat' dir='ltr'><strong>neque</strong></span> <span class='ocrx_word' id='word_1_370' title='bbox 2756 2384 3144 2454; x_wconf 87' lang='lat' dir='ltr'><strong>eloquentiam</strong></span> <span class='ocrx_word' id='word_1_371' title='bbox 3190 2381 3468 2438; x_wconf 88' lang='lat' dir='ltr'><strong>orationis</strong></span> <span class='ocrx_word' id='word_1_372' title='bbox 3510 2380 3565 2435; x_wconf 89' lang='lat' dir='ltr'><strong>vi</strong></span> <span class='ocrx_word' id='word_1_373' title='bbox 3633 2386 3688 2436; x_wconf 90' lang='lat' dir='ltr'><strong>et</strong></span> 
     </span>
    </p>
   </div>
   <div class='ocr_carea' id='block_1_54' title="bbox 2044 2471 3683 2543">
    <p class='ocr_par' dir='ltr' id='par_1_54' title="bbox 2044 2471 3683 2543">
     <span class='ocr_line' id='line_1_54' title="bbox 2044 2471 3683 2543; baseline -0.001 -17"><span class='ocrx_word' id='word_1_374' title='bbox 2044 2471 2308 2527; x_wconf 89' lang='lat' dir='ltr'><strong>ubertate</strong></span> <span class='ocrx_word' id='word_1_375' title='bbox 2341 2472 2469 2526; x_wconf 82' lang='lat' dir='ltr'><strong>freti</strong></span> <span class='ocrx_word' id='word_1_376' title='bbox 2489 2472 2829 2543; x_wconf 87' lang='lat' dir='ltr'><strong>jactitantes</strong></span> <span class='ocrx_word' id='word_1_377' title='bbox 2859 2490 2874 2528; x_wconf 90' lang='lat'><strong>:</strong></span> <span class='ocrx_word' id='word_1_378' title='bbox 2904 2474 3005 2529; x_wconf 89' lang='lat' dir='ltr'><strong>sed</strong></span> <span class='ocrx_word' id='word_1_379' title='bbox 3054 2472 3340 2537; x_wconf 85' lang='lat' dir='ltr'><strong>animum,</strong></span> <span class='ocrx_word' id='word_1_380' title='bbox 3398 2478 3683 2542; x_wconf 88' lang='lat' dir='ltr'><strong>quantum</strong></span> 
     </span>
    </p>
   </div>
   <div class='ocr_carea' id='block_1_55' title="bbox 2041 2556 3683 2633">
    <p class='ocr_par' dir='ltr' id='par_1_55' title="bbox 2041 2556 3683 2633">
     <span class='ocr_line' id='line_1_55' title="bbox 2041 2556 3683 2633; baseline -0.001 -19"><span class='ocrx_word' id='word_1_381' title='bbox 2041 2559 2275 2631; x_wconf 89' lang='lat' dir='ltr'><strong>quidem</strong></span> <span class='ocrx_word' id='word_1_382' title='bbox 2307 2559 2427 2615; x_wconf 84' lang='lat' dir='ltr'><strong>ﬁeri</strong></span> <span class='ocrx_word' id='word_1_383' title='bbox 2462 2562 2669 2631; x_wconf 91' lang='lat' dir='ltr'><strong>potuit,</strong></span> <span class='ocrx_word' id='word_1_384' title='bbox 2701 2562 2770 2617; x_wconf 89' lang='lat' dir='ltr'><strong>ad</strong></span> <span class='ocrx_word' id='word_1_385' title='bbox 2802 2578 2902 2618; x_wconf 92' lang='lat' dir='ltr'><strong>eos</strong></span> <span class='ocrx_word' id='word_1_386' title='bbox 2932 2564 3033 2633; x_wconf 91' lang='lat' dir='ltr'><strong>qui</strong></span> <span class='ocrx_word' id='word_1_387' title='bbox 3065 2567 3197 2616; x_wconf 88' lang='lat' dir='ltr'><strong>ante</strong></span> <span class='ocrx_word' id='word_1_388' title='bbox 3228 2577 3329 2616; x_wconf 87' lang='lat' dir='ltr'><strong>nos</strong></span> <span class='ocrx_word' id='word_1_389' title='bbox 3371 2575 3460 2616; x_wconf 89' lang='lat' dir='ltr'><strong>res</strong></span> <span class='ocrx_word' id='word_1_390' title='bbox 3500 2556 3683 2614; x_wconf 87' lang='lat' dir='ltr'><strong>eccle-</strong></span> 
     </span>
    </p>
   </div>
   <div class='ocr_carea' id='block_1_56' title="bbox 2040 2646 3685 2720">
    <p class='ocr_par' dir='ltr' id='par_1_56' title="bbox 2040 2646 3685 2720">
     <span class='ocr_line' id='line_1_56' title="bbox 2040 2646 3685 2720; baseline -0.002 -15"><span class='ocrx_word' id='word_1_391' title='bbox 2040 2648 2308 2705; x_wconf 87' lang='lat' dir='ltr'><strong>siasticas</strong></span> <span class='ocrx_word' id='word_1_392' title='bbox 2338 2650 2693 2720; x_wconf 84' lang='lat' dir='ltr'><strong>scripserunt</strong></span> <span class='ocrx_word' id='word_1_393' title='bbox 2725 2656 3151 2715; x_wconf 84' lang='lat' dir='ltr'><strong>convertentes.</strong></span> <span class='ocrx_word' id='word_1_394' title='bbox 3188 2650 3521 2705; x_wconf 87' lang='lat' dir='ltr'><strong>institutum</strong></span> <span class='ocrx_word' id='word_1_395' title='bbox 3561 2646 3685 2719; x_wconf 90' lang='lat' dir='ltr'><strong>qui-</strong></span> 
     </span>
    </p>
   </div>
   <div class='ocr_carea' id='block_1_57' title="bbox 2040 2736 3685 2811">
    <p class='ocr_par' dir='ltr' id='par_1_57' title="bbox 2040 2736 3685 2811">
     <span class='ocr_line' id='line_1_57' title="bbox 2040 2736 3685 2811; baseline -0.001 -19"><span class='ocrx_word' id='word_1_396' title='bbox 2040 2737 2170 2792; x_wconf 92' lang='lat' dir='ltr'><strong>dem</strong></span> <span class='ocrx_word' id='word_1_397' title='bbox 2202 2741 2260 2792; x_wconf 92' lang='lat' dir='ltr'><strong>et</strong></span> <span class='ocrx_word' id='word_1_398' title='bbox 2284 2739 2644 2809; x_wconf 89' lang='lat' dir='ltr'><strong>propositum</strong></span> <span class='ocrx_word' id='word_1_399' title='bbox 2681 2755 2882 2795; x_wconf 90' lang='lat' dir='ltr'><strong>eorum</strong></span> <span class='ocrx_word' id='word_1_400' title='bbox 2929 2740 2990 2795; x_wconf 93' lang='lat' dir='ltr'><strong>in</strong></span> <span class='ocrx_word' id='word_1_401' title='bbox 3040 2739 3243 2811; x_wconf 86' lang='lat' dir='ltr'><strong>primis</strong></span> <span class='ocrx_word' id='word_1_402' title='bbox 3301 2736 3685 2807; x_wconf 89' lang='lat' dir='ltr'><strong>complecten-</strong></span> 
     </span>
    </p>
   </div>
   <div class='ocr_carea' id='block_1_58' title="bbox 2038 2824 3686 2897">
    <p class='ocr_par' dir='ltr' id='par_1_58' title="bbox 2038 2824 3686 2897">
     <span class='ocr_line' id='line_1_58' title="bbox 2038 2824 3686 2897; baseline -0.001 -16"><span class='ocrx_word' id='word_1_403' title='bbox 2038 2826 2178 2881; x_wconf 92' lang='lat' dir='ltr'><strong>dum</strong></span> <span class='ocrx_word' id='word_1_404' title='bbox 2210 2825 2485 2881; x_wconf 88' lang='lat' dir='ltr'><strong>duximus</strong></span> <span class='ocrx_word' id='word_1_405' title='bbox 2516 2844 2530 2881; x_wconf 92' lang='lat'>:</span> <span class='ocrx_word' id='word_1_406' title='bbox 2563 2827 2660 2883; x_wconf 88' lang='lat' dir='ltr'><strong>sed</strong></span> <span class='ocrx_word' id='word_1_407' title='bbox 2695 2844 2811 2884; x_wconf 91' lang='lat' dir='ltr'><strong>non</strong></span> <span class='ocrx_word' id='word_1_408' title='bbox 2848 2827 3049 2883; x_wconf 91' lang='lat' dir='ltr'><strong>itidem</strong></span> <span class='ocrx_word' id='word_1_409' title='bbox 3102 2828 3319 2897; x_wconf 90' lang='lat' dir='ltr'><strong>scripta</strong></span> <span class='ocrx_word' id='word_1_410' title='bbox 3360 2824 3686 2881; x_wconf 88' lang='lat' dir='ltr'><strong>eorumdem</strong></span> 
     </span>
    </p>
   </div>
   <div class='ocr_carea' id='block_1_59' title="bbox 2040 2914 3681 2986">
    <p class='ocr_par' dir='ltr' id='par_1_59' title="bbox 2040 2914 3681 2986">
     <span class='ocr_line' id='line_1_59' title="bbox 2040 2914 3681 2986; baseline -0.003 -16"><span class='ocrx_word' id='word_1_411' title='bbox 2040 2914 2238 2970; x_wconf 92' lang='lat' dir='ltr'><strong>omnia</strong></span> <span class='ocrx_word' id='word_1_412' title='bbox 2266 2917 2334 2970; x_wconf 88' lang='lat' dir='ltr'><strong>ad</strong></span> <span class='ocrx_word' id='word_1_413' title='bbox 2368 2915 2662 2985; x_wconf 89' lang='lat' dir='ltr'><strong>publicam</strong></span> <span class='ocrx_word' id='word_1_414' title='bbox 2696 2917 3008 2974; x_wconf 87' lang='lat' dir='ltr'><strong>utilitatem</strong></span> <span class='ocrx_word' id='word_1_415' title='bbox 3039 2918 3223 2972; x_wconf 81' lang='lat' dir='ltr'><strong>facere</strong></span> <span class='ocrx_word' id='word_1_416' title='bbox 3258 2914 3681 2986; x_wconf 88' lang='lat' dir='ltr'><strong>judicavimus.</strong></span> 
     </span>
    </p>
   </div>
   <div class='ocr_carea' id='block_1_60' title="bbox 2040 3001 3686 3067">
    <p class='ocr_par' dir='ltr' id='par_1_60' title="bbox 2040 3001 3686 3067">
     <span class='ocr_line' id='line_1_60' title="bbox 2040 3001 3686 3067; baseline -0.002 -9"><span class='ocrx_word' id='word_1_417' title='bbox 2040 3002 2282 3067; x_wconf 89' lang='lat' dir='ltr'><strong>Quidam</strong></span> <span class='ocrx_word' id='word_1_418' title='bbox 2313 3002 2471 3060; x_wconf 91' lang='lat' dir='ltr'><strong>enim</strong></span> <span class='ocrx_word' id='word_1_419' title='bbox 2503 3020 2571 3060; x_wconf 87' lang='lat' dir='ltr'><strong>ex</strong></span> <span class='ocrx_word' id='word_1_420' title='bbox 2600 3006 2685 3060; x_wconf 91' lang='lat' dir='ltr'><strong>eis</strong></span> <span class='ocrx_word' id='word_1_421' title='bbox 2716 3021 2872 3062; x_wconf 64' lang='lat' dir='ltr'><strong>sana</strong></span> <span class='ocrx_word' id='word_1_422' title='bbox 2911 3006 3184 3061; x_wconf 67' lang='lat' dir='ltr'><strong>doctrinm</strong></span> <span class='ocrx_word' id='word_1_423' title='bbox 3225 3020 3339 3059; x_wconf 90' lang='lat' dir='ltr'><strong>non</strong></span> <span class='ocrx_word' id='word_1_424' title='bbox 3389 3001 3686 3056; x_wconf 68' lang='lat' dir='ltr'><strong>adhaeren-</strong></span> 
     </span>
    </p>
   </div>
   <div class='ocr_carea' id='block_1_61' title="bbox 2040 3090 3683 3157">
    <p class='ocr_par' dir='ltr' id='par_1_61' title="bbox 2040 3090 3683 3157">
     <span class='ocr_line' id='line_1_61' title="bbox 2040 3090 3683 3157; baseline -0.001 -12"><span class='ocrx_word' id='word_1_425' title='bbox 2040 3094 2147 3157; x_wconf 90' lang='lat' dir='ltr'><strong>tes,</strong></span> <span class='ocrx_word' id='word_1_426' title='bbox 2197 3090 2399 3147; x_wconf 83' lang='lat' dir='ltr'><strong>multis</strong></span> <span class='ocrx_word' id='word_1_427' title='bbox 2447 3093 2505 3147; x_wconf 90' lang='lat' dir='ltr'><strong>in</strong></span> <span class='ocrx_word' id='word_1_428' title='bbox 2560 3093 2732 3150; x_wconf 90' lang='lat' dir='ltr'><strong>rebus</strong></span> <span class='ocrx_word' id='word_1_429' title='bbox 2794 3111 2906 3150; x_wconf 91' lang='lat' dir='ltr'><strong>non</strong></span> <span class='ocrx_word' id='word_1_430' title='bbox 2957 3092 3096 3150; x_wconf 85' lang='lat' dir='ltr'><strong>satis</strong></span> <span class='ocrx_word' id='word_1_431' title='bbox 3153 3092 3347 3149; x_wconf 84' lang='lat' dir='ltr'><strong>idonei</strong></span> <span class='ocrx_word' id='word_1_432' title='bbox 3397 3091 3683 3147; x_wconf 90' lang='lat' dir='ltr'><strong>dictorum</strong></span> 
     </span>
    </p>
   </div>
   <div class='ocr_carea' id='block_1_62' title="bbox 2041 3179 3683 3251">
    <p class='ocr_par' dir='ltr' id='par_1_62' title="bbox 2041 3179 3683 3251">
     <span class='ocr_line' id='line_1_62' title="bbox 2041 3179 3683 3251; baseline -0.001 -15"><span class='ocrx_word' id='word_1_433' title='bbox 2041 3198 2281 3237; x_wconf 90' lang='lat' dir='ltr'><strong>suorum</strong></span> <span class='ocrx_word' id='word_1_434' title='bbox 2308 3188 2483 3238; x_wconf 89' lang='lat' dir='ltr'><strong>testes</strong></span> <span class='ocrx_word' id='word_1_435' title='bbox 2513 3199 2641 3239; x_wconf 89' lang='lat' dir='ltr'><strong>esse</strong></span> <span class='ocrx_word' id='word_1_436' title='bbox 2671 3183 2944 3240; x_wconf 90' lang='lat' dir='ltr'><strong>videntur</strong></span> <span class='ocrx_word' id='word_1_437' title='bbox 2983 3203 2996 3240; x_wconf 91' lang='lat'>:</span> <span class='ocrx_word' id='word_1_438' title='bbox 3040 3183 3196 3239; x_wconf 92' lang='lat' dir='ltr'><strong>unde</strong></span> <span class='ocrx_word' id='word_1_439' title='bbox 3244 3184 3479 3250; x_wconf 86' lang='lat' dir='ltr'><strong>factum,</strong></span> <span class='ocrx_word' id='word_1_440' title='bbox 3529 3179 3683 3251; x_wconf 93' lang='lat' dir='ltr'><strong>quod</strong></span> 
     </span>
    </p>
   </div>
   <div class='ocr_carea' id='block_1_63' title="bbox 281 3265 1934 3356">
    <p class='ocr_par' dir='ltr' id='par_1_63' title="bbox 281 3265 1934 3347">
     <span class='ocr_line' id='line_1_63' title="bbox 281 3265 1934 3347; baseline -0.004 -20"><span class='ocrx_word' id='word_1_441' title='bbox 281 3270 625 3347; x_wconf 77' lang='grc' dir='ltr'>ἐῤῥωμένον,</span> <span class='ocrx_word' id='word_1_442' title='bbox 660 3274 710 3326; x_wconf 69' lang='grc' dir='ltr'>οἱ</span> <span class='ocrx_word' id='word_1_443' title='bbox 742 3268 800 3325; x_wconf 78' lang='grc' dir='ltr'>δὲ</span> <span class='ocrx_word' id='word_1_444' title='bbox 827 3277 906 3344; x_wconf 79' lang='grc' dir='ltr'>τῷ</span> <span class='ocrx_word' id='word_1_445' title='bbox 937 3271 1177 3342; x_wconf 81' lang='grc' dir='ltr'>καθάπαξ</span> <span class='ocrx_word' id='word_1_446' title='bbox 1211 3265 1556 3347; x_wconf 73' lang='grc' dir='ltr'>διενηνὲχθαι</span> <span class='ocrx_word' id='word_1_447' title='bbox 1586 3273 1667 3339; x_wconf 79' lang='grc' dir='ltr'>τῷ</span> <span class='ocrx_word' id='word_1_448' title='bbox 1693 3275 1795 3336; x_wconf 86' lang='grc' dir='ltr'><strong>τῆς</strong></span> <span class='ocrx_word' id='word_1_449' title='bbox 1839 3268 1934 3321; x_wconf 80' lang='grc' dir='ltr'>πί-</span> 
     </span>
    </p>
   </div>
   <div class='ocr_carea' id='block_1_64' title="bbox 2044 3265 3689 3356">
    <p class='ocr_par' dir='ltr' id='par_1_64' title="bbox 2044 3271 3689 3346">
     <span class='ocr_line' id='line_1_64' title="bbox 2044 3271 3689 3346; baseline -0.001 -21"><span class='ocrx_word' id='word_1_450' title='bbox 2044 3287 2217 3341; x_wconf 88' lang='lat' dir='ltr'><strong>quam</strong></span> <span class='ocrx_word' id='word_1_451' title='bbox 2281 3271 2517 3342; x_wconf 90' lang='lat' dir='ltr'><strong>plurimi</strong></span> <span class='ocrx_word' id='word_1_452' title='bbox 2578 3274 2748 3329; x_wconf 88' lang='lat' dir='ltr'><strong>etiam</strong></span> <span class='ocrx_word' id='word_1_453' title='bbox 2802 3290 2868 3329; x_wconf 84' lang='lat' dir='ltr'><strong>ea</strong></span> <span class='ocrx_word' id='word_1_454' title='bbox 2923 3291 3051 3346; x_wconf 75' lang='lat' dir='ltr'><strong>quae</strong></span> <span class='ocrx_word' id='word_1_455' title='bbox 3085 3274 3157 3329; x_wconf 89' lang='lat' dir='ltr'><strong>ab</strong></span> <span class='ocrx_word' id='word_1_456' title='bbox 3204 3272 3321 3327; x_wconf 90' lang='lat' dir='ltr'><strong>illis</strong></span> <span class='ocrx_word' id='word_1_457' title='bbox 3367 3286 3502 3327; x_wconf 89' lang='lat' dir='ltr'><strong>vere</strong></span> <span class='ocrx_word' id='word_1_458' title='bbox 3550 3273 3689 3326; x_wconf 88' lang='lat' dir='ltr'><strong>sunt</strong></span> 
     </span>
    </p>
   </div>
   <div class='ocr_carea' id='block_1_65' title="bbox 282 3356 1931 3435">
    <p class='ocr_par' dir='ltr' id='par_1_65' title="bbox 282 3356 1931 3435">
     <span class='ocr_line' id='line_1_65' title="bbox 282 3356 1931 3435; baseline -0.004 -19"><span class='ocrx_word' id='word_1_459' title='bbox 282 3381 460 3423; x_wconf 86' lang='grc' dir='ltr'>στεως</span> <span class='ocrx_word' id='word_1_460' title='bbox 511 3359 692 3435; x_wconf 88' lang='grc' dir='ltr'>λόγῳ,</span> <span class='ocrx_word' id='word_1_461' title='bbox 721 3359 811 3415; x_wconf 86' lang='grc' dir='ltr'><strong>καὶ</strong></span> <span class='ocrx_word' id='word_1_462' title='bbox 860 3360 995 3435; x_wconf 89' lang='grc' dir='ltr'>πρὸς</span> <span class='ocrx_word' id='word_1_463' title='bbox 1036 3357 1330 3413; x_wconf 85' lang='grc' dir='ltr'>ἀντίπαλον</span> <span class='ocrx_word' id='word_1_464' title='bbox 1376 3356 1568 3429; x_wconf 83' lang='grc' dir='ltr'>ἐκείνῳ</span> <span class='ocrx_word' id='word_1_465' title='bbox 1605 3363 1931 3425; x_wconf 75' lang='grc' dir='ltr'>καταστῆναι</span> 
     </span>
    </p>
   </div>
   <div class='ocr_carea' id='block_1_66' title="bbox 288 3441 1932 3524">
    <p class='ocr_par' dir='ltr' id='par_1_66' title="bbox 288 3441 1932 3524">
     <span class='ocr_line' id='line_1_66' title="bbox 288 3441 1932 3524; baseline -0.004 -19"><span class='ocrx_word' id='word_1_466' title='bbox 288 3456 494 3524; x_wconf 81' lang='grc' dir='ltr'>μοῖραν</span> <span class='ocrx_word' id='word_1_467' title='bbox 524 3469 536 3482; x_wconf 78' lang='grc'><strong><em>⁸</em></strong></span> <span class='ocrx_word' id='word_1_468' title='bbox 570 3449 667 3504; x_wconf 75' lang='grc' dir='ltr'>κᾶν</span> <span class='ocrx_word' id='word_1_469' title='bbox 699 3448 752 3510; x_wconf 79' lang='grc' dir='ltr'>ἐς</span> <span class='ocrx_word' id='word_1_470' title='bbox 793 3449 1014 3524; x_wconf 78' lang='grc' dir='ltr'>ὕστερον</span> <span class='ocrx_word' id='word_1_471' title='bbox 1059 3448 1127 3503; x_wconf 73' lang='grc' dir='ltr'>τὰ</span> <span class='ocrx_word' id='word_1_472' title='bbox 1170 3447 1353 3502; x_wconf 76' lang='grc' dir='ltr'>εῗκότα</span> <span class='ocrx_word' id='word_1_473' title='bbox 1400 3453 1670 3524; x_wconf 81' lang='grc' dir='ltr'>φρανῆσαι</span> <span class='ocrx_word' id='word_1_474' title='bbox 1716 3441 1932 3515; x_wconf 75' lang='grc' dir='ltr'>ξυνέϐη,</span> 
     </span>
    </p>
   </div>
   <div class='ocr_carea' id='block_1_67' title="bbox 279 3532 1937 3617">
    <p class='ocr_par' dir='ltr' id='par_1_67' title="bbox 279 3532 1937 3617">
     <span class='ocr_line' id='line_1_67' title="bbox 279 3532 1937 3617; baseline -0.004 -23"><span class='ocrx_word' id='word_1_475' title='bbox 279 3542 357 3611; x_wconf 77' lang='grc' dir='ltr'>τῇ</span> <span class='ocrx_word' id='word_1_476' title='bbox 412 3540 547 3614; x_wconf 84' lang='grc' dir='ltr'>πρὸς</span> <span class='ocrx_word' id='word_1_477' title='bbox 598 3536 689 3600; x_wconf 78' lang='grc' dir='ltr'>οὓς</span> <span class='ocrx_word' id='word_1_478' title='bbox 744 3535 1054 3617; x_wconf 74' lang='grc' dir='ltr'>διεφέροντο</span> <span class='ocrx_word' id='word_1_479' title='bbox 1101 3532 1241 3609; x_wconf 82' lang='grc' dir='ltr'>ἔριδι</span> <span class='ocrx_word' id='word_1_480' title='bbox 1286 3537 1353 3591; x_wconf 76' lang='grc' dir='ltr'>τὰ</span> <span class='ocrx_word' id='word_1_481' title='bbox 1390 3533 1577 3591; x_wconf 85' lang='grc' dir='ltr'>πολλὰ</span> <span class='ocrx_word' id='word_1_482' title='bbox 1607 3532 1937 3609; x_wconf 87' lang='grc' dir='ltr'>παραλελοι-</span> 
     </span>
    </p>
   </div>
   <div class='ocr_carea' id='block_1_68' title="bbox 285 3621 1932 3699">
    <p class='ocr_par' dir='ltr' id='par_1_68' title="bbox 285 3621 1932 3699">
     <span class='ocr_line' id='line_1_68' title="bbox 285 3621 1932 3699; baseline -0.004 -17"><span class='ocrx_word' id='word_1_483' title='bbox 285 3628 453 3687; x_wconf 86' lang='grc' dir='ltr'>πότες</span> <span class='ocrx_word' id='word_1_484' title='bbox 483 3646 494 3658; x_wconf 86' lang='lat'><strong>&#39;</strong></span> <span class='ocrx_word' id='word_1_485' title='bbox 526 3622 651 3681; x_wconf 71' lang='grc' dir='ltr'>οὐδὲ</span> <span class='ocrx_word' id='word_1_486' title='bbox 682 3624 833 3681; x_wconf 75' lang='grc' dir='ltr'>οὗτοι</span> <span class='ocrx_word' id='word_1_487' title='bbox 872 3622 1108 3696; x_wconf 85' lang='grc' dir='ltr'>ἔμπεδον</span> <span class='ocrx_word' id='word_1_488' title='bbox 1155 3625 1463 3699; x_wconf 73' lang='grc' dir='ltr'>ἀκραιφνῶς</span> <span class='ocrx_word' id='word_1_489' title='bbox 1512 3622 1573 3678; x_wconf 89' lang='grc' dir='ltr'>τὸ</span> <span class='ocrx_word' id='word_1_490' title='bbox 1622 3621 1932 3691; x_wconf 84' lang='grc' dir='ltr'>ἀξιόπιστον</span> 
     </span>
    </p>
   </div>
   <div class='ocr_carea' id='block_1_69' title="bbox 286 3707 1934 3790">
    <p class='ocr_par' dir='ltr' id='par_1_69' title="bbox 286 3707 1934 3790">
     <span class='ocr_line' id='line_1_69' title="bbox 286 3707 1934 3790; baseline -0.003 -21"><span class='ocrx_word' id='word_1_491' title='bbox 286 3713 532 3790; x_wconf 83' lang='grc' dir='ltr'>ἔχουσιν,</span> <span class='ocrx_word' id='word_1_492' title='bbox 563 3714 743 3769; x_wconf 89' lang='grc' dir='ltr'>καίτοι</span> <span class='ocrx_word' id='word_1_493' title='bbox 788 3734 851 3788; x_wconf 90' lang='grc' dir='ltr'><strong>γε</strong></span> <span class='ocrx_word' id='word_1_494' title='bbox 891 3711 1103 3774; x_wconf 77' lang='grc' dir='ltr'>ἄλλως,</span> <span class='ocrx_word' id='word_1_495' title='bbox 1137 3711 1308 3786; x_wconf 83' lang='grc' dir='ltr'>λόγου</span> <span class='ocrx_word' id='word_1_496' title='bbox 1335 3707 1559 3784; x_wconf 85' lang='grc' dir='ltr'>δυνάμει</span> <span class='ocrx_word' id='word_1_497' title='bbox 1590 3712 1934 3783; x_wconf 85' lang='grc' dir='ltr'>κρατοῦντες,</span> 
     </span>
    </p>
   </div>
   <div class='ocr_carea' id='block_1_70' title="bbox 283 3797 1933 3876">
    <p class='ocr_par' dir='ltr' id='par_1_70' title="bbox 283 3797 1933 3876">
     <span class='ocr_line' id='line_1_70' title="bbox 283 3797 1933 3876; baseline -0.004 -17"><span class='ocrx_word' id='word_1_498' title='bbox 283 3803 378 3859; x_wconf 87' lang='grc' dir='ltr'><strong>καὶ</strong></span> <span class='ocrx_word' id='word_1_499' title='bbox 423 3807 503 3873; x_wconf 83' lang='grc' dir='ltr'>τῷ</span> <span class='ocrx_word' id='word_1_500' title='bbox 545 3810 646 3871; x_wconf 84' lang='grc' dir='ltr'><strong>τῆς</strong></span> <span class='ocrx_word' id='word_1_501' title='bbox 695 3805 908 3876; x_wconf 76' lang='grc' dir='ltr'>γραφῆς</span> <span class='ocrx_word' id='word_1_502' title='bbox 941 3802 1116 3876; x_wconf 79' lang='grc' dir='ltr'>βάθει,</span> <span class='ocrx_word' id='word_1_503' title='bbox 1149 3797 1225 3855; x_wconf 85' lang='grc' dir='ltr'>ἔτι</span> <span class='ocrx_word' id='word_1_504' title='bbox 1258 3798 1314 3856; x_wconf 76' lang='grc' dir='ltr'>δὲ</span> <span class='ocrx_word' id='word_1_505' title='bbox 1342 3800 1530 3871; x_wconf 82' lang='grc' dir='ltr'>καὶτῷ</span> <span class='ocrx_word' id='word_1_506' title='bbox 1560 3800 1682 3872; x_wconf 85' lang='grc' dir='ltr'>περὶ</span> <span class='ocrx_word' id='word_1_507' title='bbox 1711 3799 1933 3871; x_wconf 81' lang='grc' dir='ltr'>Χριστὸν</span> 
     </span>
    </p>
   </div>
   <div class='ocr_carea' id='block_1_71' title="bbox 284 3890 1933 3966">
    <p class='ocr_par' dir='ltr' id='par_1_71' title="bbox 284 3890 1933 3966">
     <span class='ocr_line' id='line_1_71' title="bbox 284 3890 1933 3966; baseline -0.004 -19"><span class='ocrx_word' id='word_1_508' title='bbox 284 3893 446 3964; x_wconf 85' lang='grc' dir='ltr'>πόθῳ</span> <span class='ocrx_word' id='word_1_509' title='bbox 484 3894 573 3947; x_wconf 78' lang='grc' dir='ltr'>καὶ</span> <span class='ocrx_word' id='word_1_510' title='bbox 616 3891 795 3965; x_wconf 74' lang='grc' dir='ltr'>ζήλῳ,</span> <span class='ocrx_word' id='word_1_511' title='bbox 827 3897 935 3947; x_wconf 80' lang='grc' dir='ltr'>τῶν</span> <span class='ocrx_word' id='word_1_512' title='bbox 980 3893 1099 3946; x_wconf 79' lang='grc' dir='ltr'>καθ’</span> <span class='ocrx_word' id='word_1_513' title='bbox 1143 3891 1291 3962; x_wconf 78' lang='grc' dir='ltr'>ἡμᾶς</span> <span class='ocrx_word' id='word_1_514' title='bbox 1338 3890 1399 3944; x_wconf 89' lang='grc' dir='ltr'>τὸ</span> <span class='ocrx_word' id='word_1_515' title='bbox 1445 3894 1711 3962; x_wconf 80' lang='grc' dir='ltr'>πρωτεῖον</span> <span class='ocrx_word' id='word_1_516' title='bbox 1758 3890 1933 3966; x_wconf 73' lang='grc' dir='ltr'>φερειν</span> 
     </span>
    </p>
   </div>
   <div class='ocr_carea' id='block_1_72' title="bbox 289 3975 1935 4055">
    <p class='ocr_par' dir='ltr' id='par_1_72' title="bbox 289 3975 1935 4055">
     <span class='ocr_line' id='line_1_72' title="bbox 289 3975 1935 4055; baseline -0.004 -18"><span class='ocrx_word' id='word_1_517' title='bbox 289 3980 683 4055; x_wconf 81' lang='grc' dir='ltr'>διενιστάμενοι</span> <span class='ocrx_word' id='word_1_518' title='bbox 710 4003 722 4015; x_wconf 88' lang='grc'><strong>·</strong></span> <span class='ocrx_word' id='word_1_519' title='bbox 764 3980 957 4036; x_wconf 80' lang='grc' dir='ltr'>αὐτίκα</span> <span class='ocrx_word' id='word_1_520' title='bbox 1004 3979 1092 4035; x_wconf 79' lang='grc' dir='ltr'><strong>καὶ</strong></span> <span class='ocrx_word' id='word_1_521' title='bbox 1140 3979 1244 4054; x_wconf 80' lang='grc' dir='ltr'><strong>γὰρ</strong></span> <span class='ocrx_word' id='word_1_522' title='bbox 1273 3980 1300 4034; x_wconf 84' lang='grc' dir='ltr'>ὁ</span> <span class='ocrx_word' id='word_1_523' title='bbox 1344 3979 1438 4050; x_wconf 73' lang='grc' dir='ltr'>μὲν</span> <span class='ocrx_word' id='word_1_524' title='bbox 1492 3975 1784 4055; x_wconf 78' lang='grc' dir='ltr'>Παμφίλου</span> <span class='ocrx_word' id='word_1_525' title='bbox 1835 3977 1935 4031; x_wconf 63' lang='grc' dir='ltr'><strong>Εὐ,</strong></span> 
     </span>
    </p>
   </div>
   <div class='ocr_carea' id='block_1_73' title="bbox 287 4065 1934 4143">
    <p class='ocr_par' dir='ltr' id='par_1_73' title="bbox 287 4065 1934 4143">
     <span class='ocr_line' id='line_1_73' title="bbox 287 4065 1934 4143; baseline -0.005 -16"><span class='ocrx_word' id='word_1_526' title='bbox 287 4066 471 4132; x_wconf 73' lang='grc' dir='ltr'>σὲϐιος</span> <span class='ocrx_word' id='word_1_527' title='bbox 528 4071 636 4127; x_wconf 83' lang='grc' dir='ltr'><strong>ἀπὸ</strong></span> <span class='ocrx_word' id='word_1_528' title='bbox 692 4074 798 4125; x_wconf 82' lang='grc' dir='ltr'>τῶν</span> <span class='ocrx_word' id='word_1_529' title='bbox 852 4069 990 4126; x_wconf 74' lang='grc' dir='ltr'>κατὰ</span> <span class='ocrx_word' id='word_1_530' title='bbox 1045 4069 1277 4143; x_wconf 88' lang='grc' dir='ltr'>Χριστὸν</span> <span class='ocrx_word' id='word_1_531' title='bbox 1343 4067 1643 4142; x_wconf 79' lang='grc' dir='ltr'>ἀρξάμενος</span> <span class='ocrx_word' id='word_1_532' title='bbox 1698 4065 1934 4141; x_wconf 79' lang='grc' dir='ltr'>χρόνων,</span> 
     </span>
    </p>
   </div>
   <div class='ocr_carea' id='block_1_74' title="bbox 289 4156 1939 4236">
    <p class='ocr_par' dir='ltr' id='par_1_74' title="bbox 289 4156 1939 4236">
     <span class='ocr_line' id='line_1_74' title="bbox 289 4156 1939 4236; baseline -0.005 -19"><span class='ocrx_word' id='word_1_533' title='bbox 289 4162 459 4236; x_wconf 68' lang='grc' dir='ltr'>μέχρι</span> <span class='ocrx_word' id='word_1_534' title='bbox 520 4166 630 4216; x_wconf 79' lang='grc' dir='ltr'>τῶν</span> <span class='ocrx_word' id='word_1_535' title='bbox 686 4164 785 4216; x_wconf 83' lang='grc' dir='ltr'><strong>τοῦ</strong></span> <span class='ocrx_word' id='word_1_536' title='bbox 846 4158 1086 4236; x_wconf 81' lang='grc' dir='ltr'>μεγάλου</span> <span class='ocrx_word' id='word_1_537' title='bbox 1155 4156 1555 4214; x_wconf 75' lang='grc' dir='ltr'>Κωνσταντίνου</span> <span class='ocrx_word' id='word_1_538' title='bbox 1614 4160 1817 4229; x_wconf 83' lang='grc' dir='ltr'>καιρῶν</span> <span class='ocrx_word' id='word_1_539' title='bbox 1872 4156 1939 4209; x_wconf 79' lang='grc' dir='ltr'><strong>τὰ</strong></span> 
     </span>
    </p>
   </div>
   <div class='ocr_carea' id='block_1_75' title="bbox 288 4244 1936 4323">
    <p class='ocr_par' dir='ltr' id='par_1_75' title="bbox 288 4244 1936 4323">
     <span class='ocr_line' id='line_1_75' title="bbox 288 4244 1936 4323; baseline -0.004 -17"><span class='ocrx_word' id='word_1_540' title='bbox 288 4245 577 4323; x_wconf 72' lang='grc' dir='ltr'>συμϐάντα</span> <span class='ocrx_word' id='word_1_541' title='bbox 599 4254 718 4313; x_wconf 80' lang='grc' dir='ltr'>ταῖς</span> <span class='ocrx_word' id='word_1_542' title='bbox 749 4246 1061 4319; x_wconf 81' lang='grc' dir='ltr'>ἐκκλησίαις</span> <span class='ocrx_word' id='word_1_543' title='bbox 1095 4244 1401 4322; x_wconf 79' lang='grc' dir='ltr'>διέρχεται’</span> <span class='ocrx_word' id='word_1_544' title='bbox 1435 4244 1493 4300; x_wconf 84' lang='grc' dir='ltr'>ἐκ</span> <span class='ocrx_word' id='word_1_545' title='bbox 1541 4250 1647 4300; x_wconf 81' lang='grc' dir='ltr'>τῶν</span> <span class='ocrx_word' id='word_1_546' title='bbox 1682 4244 1936 4306; x_wconf 83' lang='grc' dir='ltr'>Φίλωνός</span> 
     </span>
    </p>
   </div>
   <div class='ocr_carea' id='block_1_76' title="bbox 283 4332 1937 4407">
    <p class='ocr_par' dir='ltr' id='par_1_76' title="bbox 283 4332 1937 4407">
     <span class='ocr_line' id='line_1_76' title="bbox 283 4332 1937 4407; baseline -0.005 -13"><span class='ocrx_word' id='word_1_547' title='bbox 283 4360 344 4394; x_wconf 85' lang='grc' dir='ltr'><strong>τε</strong></span> <span class='ocrx_word' id='word_1_548' title='bbox 381 4341 472 4392; x_wconf 78' lang='grc' dir='ltr'>καὶ</span> <span class='ocrx_word' id='word_1_549' title='bbox 510 4339 802 4407; x_wconf 79' lang='grc' dir='ltr'>Ἰωσήπου,</span> <span class='ocrx_word' id='word_1_550' title='bbox 837 4334 1155 4406; x_wconf 72' lang='grc' dir='ltr'>Κλήμεντος</span> <span class='ocrx_word' id='word_1_551' title='bbox 1203 4355 1261 4389; x_wconf 90' lang='grc' dir='ltr'><strong>τε</strong></span> <span class='ocrx_word' id='word_1_552' title='bbox 1316 4338 1413 4391; x_wconf 88' lang='grc' dir='ltr'><strong>τοῦ</strong></span> <span class='ocrx_word' id='word_1_553' title='bbox 1462 4332 1821 4406; x_wconf 84' lang='grc' dir='ltr'>στρωματέως</span> <span class='ocrx_word' id='word_1_554' title='bbox 1846 4332 1937 4386; x_wconf 86' lang='grc' dir='ltr'><strong>καὶ</strong></span> 
     </span>
    </p>
   </div>
   <div class='ocr_carea' id='block_1_77' title="bbox 288 4421 1940 4503">
    <p class='ocr_par' dir='ltr' id='par_1_77' title="bbox 288 4421 1940 4503">
     <span class='ocr_line' id='line_1_77' title="bbox 288 4421 1940 4503; baseline -0.004 -20"><span class='ocrx_word' id='word_1_555' title='bbox 288 4429 662 4503; x_wconf 75' lang='grc' dir='ltr'>Ἡγηρίππου,</span> <span class='ocrx_word' id='word_1_556' title='bbox 697 4424 1025 4483; x_wconf 78' lang='grc' dir='ltr'>Ἱππολύτου</span> <span class='ocrx_word' id='word_1_557' title='bbox 1056 4446 1113 4479; x_wconf 88' lang='grc' dir='ltr'><strong>τε</strong></span> <span class='ocrx_word' id='word_1_558' title='bbox 1142 4424 1232 4478; x_wconf 87' lang='grc' dir='ltr'><strong>καὶ</strong></span> <span class='ocrx_word' id='word_1_559' title='bbox 1269 4423 1468 4491; x_wconf 84' lang='grc' dir='ltr'>Παπία,</span> <span class='ocrx_word' id='word_1_560' title='bbox 1498 4423 1585 4477; x_wconf 82' lang='grc' dir='ltr'>καὶ</span> <span class='ocrx_word' id='word_1_561' title='bbox 1634 4421 1743 4478; x_wconf 82' lang='grc' dir='ltr'>τῶν</span> <span class='ocrx_word' id='word_1_562' title='bbox 1787 4422 1940 4476; x_wconf 84' lang='grc' dir='ltr'>καθε-</span> 
     </span>
    </p>
   </div>
   <div class='ocr_carea' id='block_1_78' title="bbox 287 4507 1939 4589">
    <p class='ocr_par' dir='ltr' id='par_1_78' title="bbox 287 4507 1939 4589">
     <span class='ocr_line' id='line_1_78' title="bbox 287 4507 1939 4589; baseline -0.005 -19"><span class='ocrx_word' id='word_1_563' title='bbox 287 4517 386 4587; x_wconf 77' lang='grc' dir='ltr'>ξῆς</span> <span class='ocrx_word' id='word_1_564' title='bbox 417 4517 580 4589; x_wconf 76' lang='grc' dir='ltr'>ἰερῶν</span> <span class='ocrx_word' id='word_1_565' title='bbox 611 4510 977 4584; x_wconf 83' lang='grc' dir='ltr'>διδασκάλων,</span> <span class='ocrx_word' id='word_1_566' title='bbox 1006 4514 1103 4581; x_wconf 79' lang='grc' dir='ltr'><strong>τήν</strong></span> <span class='ocrx_word' id='word_1_567' title='bbox 1146 4511 1385 4587; x_wconf 78' lang='grc' dir='ltr'>ἱστορίαν</span> <span class='ocrx_word' id='word_1_568' title='bbox 1431 4509 1812 4586; x_wconf 82' lang='grc' dir='ltr'>ἐρανισάμενος</span> <span class='ocrx_word' id='word_1_569' title='bbox 1840 4528 1851 4540; x_wconf 93' lang='grc'><strong>·</strong></span> <span class='ocrx_word' id='word_1_570' title='bbox 1887 4507 1939 4563; x_wconf 80' lang='grc' dir='ltr'>ἐν</span> 
     </span>
    </p>
   </div>
   <div class='ocr_carea' id='block_1_79' title="bbox 287 4597 1937 4677">
    <p class='ocr_par' dir='ltr' id='par_1_79' title="bbox 287 4597 1937 4677">
     <span class='ocr_line' id='line_1_79' title="bbox 287 4597 1937 4677; baseline -0.005 -17"><span class='ocrx_word' id='word_1_571' title='bbox 287 4607 325 4677; x_wconf 73' lang='grc' dir='ltr'><strong><em>ᾗ</em></strong></span> <span class='ocrx_word' id='word_1_572' title='bbox 351 4606 417 4660; x_wconf 88' lang='grc' dir='ltr'><strong>τό</strong></span> <span class='ocrx_word' id='word_1_573' title='bbox 457 4625 515 4659; x_wconf 89' lang='grc' dir='ltr'><strong>τε</strong></span> <span class='ocrx_word' id='word_1_574' title='bbox 543 4605 811 4674; x_wconf 78' lang='grc' dir='ltr'>κακόηθες</span> <span class='ocrx_word' id='word_1_575' title='bbox 841 4610 940 4672; x_wconf 78' lang='grc' dir='ltr'><strong>τῆς</strong></span> <span class='ocrx_word' id='word_1_576' title='bbox 989 4601 1153 4657; x_wconf 79' lang='grc' dir='ltr'>αὐτοῦ</span> <span class='ocrx_word' id='word_1_577' title='bbox 1192 4602 1448 4674; x_wconf 64' lang='grc' dir='ltr'>ατρὲσεως</span> <span class='ocrx_word' id='word_1_578' title='bbox 1500 4597 1808 4676; x_wconf 72' lang='grc' dir='ltr'>ὑποφαίνει,</span> <span class='ocrx_word' id='word_1_579' title='bbox 1840 4598 1937 4652; x_wconf 72' lang='grc' dir='ltr'>κᾶν</span> 
     </span>
    </p>
   </div>
   <div class='ocr_carea' id='block_1_80' title="bbox 285 4661 2021 4768">
    <p class='ocr_par' dir='ltr' id='par_1_80' title="bbox 285 4661 2021 4768">
     <span class='ocr_line' id='line_1_80' title="bbox 285 4661 2021 4768; baseline -0.006 -18"><span class='ocrx_word' id='word_1_580' title='bbox 285 4661 435 4750; x_wconf 61' lang='grc' dir='ltr'>τισιν</span> <span class='ocrx_word' id='word_1_581' title='bbox 468 4693 644 4768; x_wconf 81' lang='grc' dir='ltr'>ὀρθῶς</span> <span class='ocrx_word' id='word_1_582' title='bbox 692 4691 927 4763; x_wconf 78' lang='grc' dir='ltr'>δοξάζειν</span> <span class='ocrx_word' id='word_1_583' title='bbox 961 4688 1095 4765; x_wconf 77' lang='grc' dir='ltr'>δοκῇ</span> <span class='ocrx_word' id='word_1_584' title='bbox 1129 4688 1568 4763; x_wconf 74' lang='grc' dir='ltr'>διατεινομένοις,</span> <span class='ocrx_word' id='word_1_585' title='bbox 1599 4661 1667 4761; x_wconf 66' lang='grc' dir='ltr'><strong>τῇ</strong></span> <span class='ocrx_word' id='word_1_586' title='bbox 1697 4707 1755 4742; x_wconf 86' lang='grc' dir='ltr'><strong>τε</strong></span> <span class='ocrx_word' id='word_1_587' title='bbox 1785 4688 1939 4761; x_wconf 86' lang='grc' dir='ltr'>πρώ-</span> <span class='ocrx_word' id='word_1_588' title='bbox 1971 4661 2021 4726; x_wconf 81' lang='lat' dir='ltr'><strong>D</strong></span> 
     </span>
    </p>
   </div>
   <div class='ocr_carea' id='block_1_81' title="bbox 288 4775 1942 4859">
    <p class='ocr_par' dir='ltr' id='par_1_81' title="bbox 288 4775 1942 4859">
     <span class='ocr_line' id='line_1_81' title="bbox 288 4775 1942 4859; baseline -0.006 -20"><span class='ocrx_word' id='word_1_589' title='bbox 288 4806 360 4859; x_wconf 74' lang='grc' dir='ltr'>τῃ</span> <span class='ocrx_word' id='word_1_590' title='bbox 431 4784 521 4837; x_wconf 79' lang='grc' dir='ltr'><strong>καὶ</strong></span> <span class='ocrx_word' id='word_1_591' title='bbox 590 4781 747 4838; x_wconf 84' lang='grc' dir='ltr'>αὐτὸν</span> <span class='ocrx_word' id='word_1_592' title='bbox 809 4778 1013 4854; x_wconf 84' lang='grc' dir='ltr'>συνόδῳ</span> <span class='ocrx_word' id='word_1_593' title='bbox 1063 4785 1337 4856; x_wconf 83' lang='grc' dir='ltr'>παρεῖναι,</span> <span class='ocrx_word' id='word_1_594' title='bbox 1386 4779 1475 4833; x_wconf 77' lang='grc' dir='ltr'><strong>καὶ</strong></span> <span class='ocrx_word' id='word_1_595' title='bbox 1530 4782 1607 4849; x_wconf 78' lang='grc' dir='ltr'><strong>τῷ</strong></span> <span class='ocrx_word' id='word_1_596' title='bbox 1663 4775 1942 4850; x_wconf 87' lang='grc' dir='ltr'>ὁμοουσίῳ</span> 
     </span>
    </p>
   </div>
   <div class='ocr_carea' id='block_1_82' title="bbox 294 4864 1944 4947">
    <p class='ocr_par' dir='ltr' id='par_1_82' title="bbox 294 4864 1944 4947">
     <span class='ocr_line' id='line_1_82' title="bbox 294 4864 1944 4947; baseline -0.005 -20"><span class='ocrx_word' id='word_1_597' title='bbox 294 4876 565 4947; x_wconf 81' lang='grc' dir='ltr'>στοιχεῖν,</span> <span class='ocrx_word' id='word_1_598' title='bbox 596 4872 684 4926; x_wconf 81' lang='grc' dir='ltr'><strong>καὶ</strong></span> <span class='ocrx_word' id='word_1_599' title='bbox 748 4872 1040 4944; x_wconf 79' lang='grc' dir='ltr'>σκώμμασι</span> <span class='ocrx_word' id='word_1_600' title='bbox 1095 4866 1253 4940; x_wconf 82' lang='grc' dir='ltr'>δῆθεν</span> <span class='ocrx_word' id='word_1_601' title='bbox 1320 4865 1545 4943; x_wconf 79' lang='grc' dir='ltr'>βάλλειν</span> <span class='ocrx_word' id='word_1_602' title='bbox 1584 4865 1713 4928; x_wconf 71' lang='grc' dir='ltr'>τοὺς</span> <span class='ocrx_word' id='word_1_603' title='bbox 1743 4864 1944 4938; x_wconf 85' lang='grc' dir='ltr'>κτίσμα</span> 
     </span>
    </p>
   </div>
   <div class='ocr_carea' id='block_1_83' title="bbox 290 4954 1941 5035">
    <p class='ocr_par' dir='ltr' id='par_1_83' title="bbox 290 4954 1941 5035">
     <span class='ocr_line' id='line_1_83' title="bbox 290 4954 1941 5035; baseline -0.007 -16"><span class='ocrx_word' id='word_1_604' title='bbox 290 4963 387 5019; x_wconf 87' lang='grc' dir='ltr'>τὸν</span> <span class='ocrx_word' id='word_1_605' title='bbox 430 4960 552 5016; x_wconf 85' lang='grc' dir='ltr'><strong>Υἷὸν</strong></span> <span class='ocrx_word' id='word_1_606' title='bbox 607 4965 704 5015; x_wconf 86' lang='grc' dir='ltr'><strong>τοῦ</strong></span> <span class='ocrx_word' id='word_1_607' title='bbox 757 4964 889 5016; x_wconf 85' lang='grc' dir='ltr'>Θεοῦ</span> <span class='ocrx_word' id='word_1_608' title='bbox 949 4957 1391 5035; x_wconf 85' lang='grc' dir='ltr'>δογματίζοντας.</span> <span class='ocrx_word' id='word_1_609' title='bbox 1426 4955 1677 5031; x_wconf 80' lang='grc' dir='ltr'>Ἑρμείας</span> <span class='ocrx_word' id='word_1_610' title='bbox 1732 4954 1827 5027; x_wconf 71' lang='grc' dir='ltr'>μέν</span> <span class='ocrx_word' id='word_1_611' title='bbox 1858 4975 1941 5009; x_wconf 90' lang='grc' dir='ltr'><strong>τοι</strong></span> 
     </span>
    </p>
   </div>
   <div class='ocr_carea' id='block_1_84' title="bbox 296 5046 1940 5123">
    <p class='ocr_par' dir='ltr' id='par_1_84' title="bbox 296 5046 1940 5123">
     <span class='ocr_line' id='line_1_84' title="bbox 296 5046 1940 5123; baseline -0.008 -15"><span class='ocrx_word' id='word_1_612' title='bbox 296 5053 652 5123; x_wconf 81' lang='grc' dir='ltr'>Σωζόμενος,</span> <span class='ocrx_word' id='word_1_613' title='bbox 681 5050 709 5105; x_wconf 86' lang='grc' dir='ltr'><strong>ὁ</strong></span> <span class='ocrx_word' id='word_1_614' title='bbox 766 5051 855 5105; x_wconf 85' lang='grc' dir='ltr'><strong>καὶ</strong></span> <span class='ocrx_word' id='word_1_615' title='bbox 903 5046 1265 5121; x_wconf 78' lang='grc' dir='ltr'>Σαλαμίνιος,</span> <span class='ocrx_word' id='word_1_616' title='bbox 1296 5048 1385 5103; x_wconf 83' lang='grc' dir='ltr'><strong>καὶ</strong></span> <span class='ocrx_word' id='word_1_617' title='bbox 1437 5047 1464 5101; x_wconf 89' lang='grc' dir='ltr'><strong>ὁ</strong></span> <span class='ocrx_word' id='word_1_618' title='bbox 1512 5046 1611 5115; x_wconf 73' lang='grc' dir='ltr'>τὴν</span> <span class='ocrx_word' id='word_1_619' title='bbox 1665 5048 1940 5118; x_wconf 74' lang='grc' dir='ltr'>Κυριστῶι</span> 
     </span>
    </p>
   </div>
   <div class='ocr_carea' id='block_1_85' title="bbox 294 5129 1942 5216">
    <p class='ocr_par' dir='ltr' id='par_1_85' title="bbox 294 5129 1942 5216">
     <span class='ocr_line' id='line_1_85' title="bbox 294 5129 1942 5216; baseline -0.007 -19"><span class='ocrx_word' id='word_1_620' title='bbox 294 5137 661 5216; x_wconf 78' lang='grc' dir='ltr'>προεδρεύσας</span> <span class='ocrx_word' id='word_1_621' title='bbox 721 5138 885 5214; x_wconf 78' lang='grc' dir='ltr'>σοφὸς</span> <span class='ocrx_word' id='word_1_622' title='bbox 953 5134 1332 5211; x_wconf 87' lang='grc' dir='ltr'>Θεοδώρητος,</span> <span class='ocrx_word' id='word_1_623' title='bbox 1393 5139 1461 5209; x_wconf 79' lang='grc' dir='ltr'>τῇ</span> <span class='ocrx_word' id='word_1_624' title='bbox 1521 5133 1676 5209; x_wconf 80' lang='grc' dir='ltr'>τρίτῃ</span> <span class='ocrx_word' id='word_1_625' title='bbox 1732 5129 1942 5203; x_wconf 84' lang='grc' dir='ltr'>συνόδῳ</span> 
     </span>
    </p>
   </div>
   <div class='ocr_carea' id='block_1_86' title="bbox 291 5218 1941 5305">
    <p class='ocr_par' dir='ltr' id='par_1_86' title="bbox 291 5218 1941 5305">
     <span class='ocr_line' id='line_1_86' title="bbox 291 5218 1941 5305; baseline -0.006 -20"><span class='ocrx_word' id='word_1_626' title='bbox 291 5231 432 5305; x_wconf 85' lang='grc' dir='ltr'>πρὸς</span> <span class='ocrx_word' id='word_1_627' title='bbox 470 5228 658 5303; x_wconf 80' lang='grc' dir='ltr'>μάχην</span> <span class='ocrx_word' id='word_1_628' title='bbox 694 5227 829 5281; x_wconf 77' lang='grc' dir='ltr'>ἰών·</span> <span class='ocrx_word' id='word_1_629' title='bbox 878 5224 958 5282; x_wconf 77' lang='grc' dir='ltr'>ἔτι</span> <span class='ocrx_word' id='word_1_630' title='bbox 1004 5223 1058 5281; x_wconf 74' lang='grc' dir='ltr'>δὲ</span> <span class='ocrx_word' id='word_1_631' title='bbox 1102 5226 1189 5280; x_wconf 82' lang='grc' dir='ltr'>καὶ</span> <span class='ocrx_word' id='word_1_632' title='bbox 1236 5226 1261 5279; x_wconf 75' lang='grc' dir='ltr'>ὁ</span> <span class='ocrx_word' id='word_1_633' title='bbox 1311 5225 1574 5298; x_wconf 71' lang='grc' dir='ltr'>θεομισὴς</span> <span class='ocrx_word' id='word_1_634' title='bbox 1632 5218 1941 5296; x_wconf 80' lang='grc' dir='ltr'>Φιλοστόρ-</span> 
     </span>
    </p>
   </div>
   <div class='ocr_carea' id='block_1_87' title="bbox 291 5307 1943 5397">
    <p class='ocr_par' dir='ltr' id='par_1_87' title="bbox 291 5307 1943 5397">
     <span class='ocr_line' id='line_1_87' title="bbox 291 5307 1943 5397; baseline -0.007 -22"><span class='ocrx_word' id='word_1_635' title='bbox 291 5336 449 5397; x_wconf 87' lang='grc' dir='ltr'>γιος·</span> <span class='ocrx_word' id='word_1_636' title='bbox 484 5319 621 5392; x_wconf 84' lang='grc' dir='ltr'>πρὸς</span> <span class='ocrx_word' id='word_1_637' title='bbox 654 5314 711 5373; x_wconf 72' lang='grc' dir='ltr'>δὲ</span> <span class='ocrx_word' id='word_1_638' title='bbox 738 5318 825 5373; x_wconf 84' lang='grc' dir='ltr'><strong>καὶ</strong></span> <span class='ocrx_word' id='word_1_639' title='bbox 862 5318 889 5372; x_wconf 89' lang='grc' dir='ltr'>ὁ</span> <span class='ocrx_word' id='word_1_640' title='bbox 930 5318 1028 5385; x_wconf 74' lang='grc' dir='ltr'>τήν</span> <span class='ocrx_word' id='word_1_641' title='bbox 1080 5313 1472 5391; x_wconf 83' lang='grc' dir='ltr'>προσηγορίαν,</span> <span class='ocrx_word' id='word_1_642' title='bbox 1506 5312 1566 5368; x_wconf 78' lang='grc' dir='ltr'>οὐ</span> <span class='ocrx_word' id='word_1_643' title='bbox 1619 5313 1726 5386; x_wconf 71' lang='grc' dir='ltr'>μὴν</span> <span class='ocrx_word' id='word_1_644' title='bbox 1778 5307 1834 5366; x_wconf 72' lang='grc' dir='ltr'>δὲ</span> <span class='ocrx_word' id='word_1_645' title='bbox 1882 5330 1943 5387; x_wconf 82' lang='grc' dir='ltr'><strong>γε</strong></span> 
     </span>
    </p>
   </div>
   <div class='ocr_carea' id='block_1_88' title="bbox 292 5399 1941 5483">
    <p class='ocr_par' dir='ltr' id='par_1_88' title="bbox 292 5399 1941 5483">
     <span class='ocr_line' id='line_1_88' title="bbox 292 5399 1941 5483; baseline -0.006 -18"><span class='ocrx_word' id='word_1_646' title='bbox 292 5409 385 5466; x_wconf 85' lang='grc' dir='ltr'><strong>καὶ</strong></span> <span class='ocrx_word' id='word_1_647' title='bbox 441 5409 544 5477; x_wconf 78' lang='grc' dir='ltr'><strong>τήν</strong></span> <span class='ocrx_word' id='word_1_648' title='bbox 603 5406 914 5483; x_wconf 87' lang='grc' dir='ltr'>προαίρεσιν</span> <span class='ocrx_word' id='word_1_649' title='bbox 974 5406 1205 5481; x_wconf 86' lang='grc' dir='ltr'>καθαρὸς</span> <span class='ocrx_word' id='word_1_650' title='bbox 1281 5405 1601 5480; x_wconf 78' lang='grc' dir='ltr'>Σωκράτης,</span> <span class='ocrx_word' id='word_1_651' title='bbox 1660 5403 1722 5457; x_wconf 85' lang='grc' dir='ltr'>τὸ</span> <span class='ocrx_word' id='word_1_652' title='bbox 1777 5399 1941 5474; x_wconf 72' lang='grc' dir='ltr'>πέρας</span> 
     </span>
    </p>
   </div>
   <div class='ocr_carea' id='block_1_89' title="bbox 292 5493 1940 5573">
    <p class='ocr_par' dir='ltr' id='par_1_89' title="bbox 292 5493 1940 5573">
     <span class='ocr_line' id='line_1_89' title="bbox 292 5493 1940 5573; baseline -0.007 -17"><span class='ocrx_word' id='word_1_653' title='bbox 292 5498 502 5556; x_wconf 71' lang='grc' dir='ltr'>ἐκείνου</span> <span class='ocrx_word' id='word_1_654' title='bbox 532 5498 713 5573; x_wconf 69' lang='grc' dir='ltr'>ἀρχὴν</span> <span class='ocrx_word' id='word_1_655' title='bbox 762 5501 872 5552; x_wconf 77' lang='grc' dir='ltr'><strong>τῶν</strong></span> <span class='ocrx_word' id='word_1_656' title='bbox 917 5496 1068 5552; x_wconf 84' lang='grc' dir='ltr'>ἰδίων</span> <span class='ocrx_word' id='word_1_657' title='bbox 1114 5493 1478 5569; x_wconf 70' lang='grc' dir='ltr'>πεποιημένοι</span> <span class='ocrx_word' id='word_1_658' title='bbox 1530 5496 1940 5570; x_wconf 76' lang='grc' dir='ltr'>πραγματειῶν,</span> 
     </span>
    </p>
   </div>
   <div class='ocr_carea' id='block_1_90' title="bbox 296 5581 1943 5669">
    <p class='ocr_par' dir='ltr' id='par_1_90' title="bbox 296 5581 1943 5669">
     <span class='ocr_line' id='line_1_90' title="bbox 296 5581 1943 5669; baseline -0.006 -24"><span class='ocrx_word' id='word_1_659' title='bbox 296 5591 433 5669; x_wconf 78' lang='grc' dir='ltr'>ἄχρι</span> <span class='ocrx_word' id='word_1_660' title='bbox 492 5586 561 5657; x_wconf 79' lang='grc' dir='ltr'>δὴ</span> <span class='ocrx_word' id='word_1_661' title='bbox 620 5590 707 5644; x_wconf 86' lang='grc' dir='ltr'><strong>καὶ</strong></span> <span class='ocrx_word' id='word_1_662' title='bbox 751 5592 860 5643; x_wconf 83' lang='grc' dir='ltr'><strong>τῶν</strong></span> <span class='ocrx_word' id='word_1_663' title='bbox 906 5587 1120 5662; x_wconf 88' lang='grc' dir='ltr'>χρόνων</span> <span class='ocrx_word' id='word_1_664' title='bbox 1176 5581 1465 5641; x_wconf 79' lang='grc' dir='ltr'>Θεοδοσίου</span> <span class='ocrx_word' id='word_1_665' title='bbox 1512 5588 1609 5639; x_wconf 85' lang='grc' dir='ltr'><strong>τοῦ</strong></span> <span class='ocrx_word' id='word_1_666' title='bbox 1665 5583 1787 5637; x_wconf 76' lang='grc' dir='ltr'>νέου</span> <span class='ocrx_word' id='word_1_667' title='bbox 1845 5582 1943 5651; x_wconf 72' lang='grc' dir='ltr'>τήν</span> 
     </span>
    </p>
   </div>
   <div class='ocr_carea' id='block_1_91' title="bbox 294 5668 1939 5756">
    <p class='ocr_par' dir='ltr' id='par_1_91' title="bbox 294 5668 1939 5756">
     <span class='ocr_line' id='line_1_91' title="bbox 294 5668 1939 5756; baseline -0.007 -19"><span class='ocrx_word' id='word_1_668' title='bbox 294 5678 542 5756; x_wconf 72' lang='grc' dir='ltr'>ἱστορίαν</span> <span class='ocrx_word' id='word_1_669' title='bbox 584 5676 968 5749; x_wconf 87' lang='grc' dir='ltr'>καθείλκυσαν,</span> <span class='ocrx_word' id='word_1_670' title='bbox 1010 5674 1258 5732; x_wconf 86' lang='grc' dir='ltr'>ὑπόθεσιν</span> <span class='ocrx_word' id='word_1_671' title='bbox 1317 5673 1438 5748; x_wconf 90' lang='grc' dir='ltr'>μίαν</span> <span class='ocrx_word' id='word_1_672' title='bbox 1496 5674 1598 5729; x_wconf 78' lang='grc' dir='ltr'>οὐκ</span> <span class='ocrx_word' id='word_1_673' title='bbox 1655 5668 1757 5727; x_wconf 78' lang='grc' dir='ltr'>οἶδ’</span> <span class='ocrx_word' id='word_1_674' title='bbox 1791 5670 1939 5733; x_wconf 82' lang='grc' dir='ltr'>ὅπως</span> 
     </span>
    </p>
   </div>
   <div class='ocr_carea' id='block_1_92' title="bbox 2044 3358 3687 3433">
    <p class='ocr_par' dir='ltr' id='par_1_92' title="bbox 2044 3358 3687 3433">
     <span class='ocr_line' id='line_1_92' title="bbox 2044 3358 3687 3433; baseline -0.002 -18"><span class='ocrx_word' id='word_1_675' title='bbox 2044 3359 2221 3425; x_wconf 84' lang='lat' dir='ltr'><strong>dicta,</strong></span> <span class='ocrx_word' id='word_1_676' title='bbox 2262 3366 2496 3433; x_wconf 89' lang='lat' dir='ltr'><strong>propter</strong></span> <span class='ocrx_word' id='word_1_677' title='bbox 2526 3361 2766 3417; x_wconf 91' lang='lat' dir='ltr'><strong>minime</strong></span> <span class='ocrx_word' id='word_1_678' title='bbox 2796 3378 2971 3418; x_wconf 88' lang='lat' dir='ltr'><strong>sanas</strong></span> <span class='ocrx_word' id='word_1_679' title='bbox 3013 3377 3215 3418; x_wconf 88' lang='lat' dir='ltr'><strong>eorum</strong></span> <span class='ocrx_word' id='word_1_680' title='bbox 3252 3360 3576 3431; x_wconf 81' lang='lat' dir='ltr'><strong>Opiniones,</strong></span> <span class='ocrx_word' id='word_1_681' title='bbox 3626 3358 3687 3412; x_wconf 91' lang='lat' dir='ltr'><strong>in</strong></span> 
     </span>
    </p>
   </div>
   <div class='ocr_carea' id='block_1_93' title="bbox 2046 3448 3691 3517">
    <p class='ocr_par' dir='ltr' id='par_1_93' title="bbox 2046 3448 3691 3517">
     <span class='ocr_line' id='line_1_93' title="bbox 2046 3448 3691 3517; baseline -0.001 -14"><span class='ocrx_word' id='word_1_682' title='bbox 2046 3448 2289 3504; x_wconf 93' lang='lat' dir='ltr'><strong>dubium</strong></span> <span class='ocrx_word' id='word_1_683' title='bbox 2357 3460 2583 3506; x_wconf 88' lang='lat' dir='ltr'><strong>vocant.</strong></span> <span class='ocrx_word' id='word_1_684' title='bbox 2621 3450 2900 3507; x_wconf 91' lang='lat' dir='ltr'><strong>Nonnulli</strong></span> <span class='ocrx_word' id='word_1_685' title='bbox 2957 3458 3173 3517; x_wconf 90' lang='lat' dir='ltr'><strong>autem,</strong></span> <span class='ocrx_word' id='word_1_686' title='bbox 3235 3465 3370 3505; x_wconf 91' lang='lat' dir='ltr'><strong>cum</strong></span> <span class='ocrx_word' id='word_1_687' title='bbox 3419 3448 3597 3504; x_wconf 89' lang='lat' dir='ltr'><strong>semel</strong></span> <span class='ocrx_word' id='word_1_688' title='bbox 3658 3465 3691 3502; x_wconf 88' lang='lat' dir='ltr'><strong>a</strong></span> 
     </span>
    </p>
   </div>
   <div class='ocr_carea' id='block_1_94' title="bbox 2043 3537 3687 3609">
    <p class='ocr_par' dir='ltr' id='par_1_94' title="bbox 2043 3537 3687 3609">
     <span class='ocr_line' id='line_1_94' title="bbox 2043 3537 3687 3609; baseline -0.001 -17"><span class='ocrx_word' id='word_1_689' title='bbox 2043 3538 2215 3593; x_wconf 91' lang='lat' dir='ltr'><strong>verbo</strong></span> <span class='ocrx_word' id='word_1_690' title='bbox 2247 3537 2381 3593; x_wconf 83' lang='lat' dir='ltr'><strong>ﬁdei</strong></span> <span class='ocrx_word' id='word_1_691' title='bbox 2413 3539 2842 3608; x_wconf 87' lang='lat' dir='ltr'><strong>discessissent,</strong></span> <span class='ocrx_word' id='word_1_692' title='bbox 2872 3549 2926 3596; x_wconf 93' lang='lat' dir='ltr'><strong>et</strong></span> <span class='ocrx_word' id='word_1_693' title='bbox 2957 3542 3026 3595; x_wconf 86' lang='lat' dir='ltr'><strong>ad</strong></span> <span class='ocrx_word' id='word_1_694' title='bbox 3057 3541 3331 3596; x_wconf 82' lang='lat' dir='ltr'><strong>adversas</strong></span> <span class='ocrx_word' id='word_1_695' title='bbox 3378 3538 3430 3594; x_wconf 91' lang='lat' dir='ltr'><strong>ei</strong></span> <span class='ocrx_word' id='word_1_696' title='bbox 3491 3540 3687 3609; x_wconf 89' lang='lat' dir='ltr'><strong>partes</strong></span> 
     </span>
    </p>
   </div>
   <div class='ocr_carea' id='block_1_95' title="bbox 2046 3624 3691 3701">
    <p class='ocr_par' dir='ltr' id='par_1_95' title="bbox 2046 3624 3691 3701">
     <span class='ocr_line' id='line_1_95' title="bbox 2046 3624 3691 3701; baseline -0.002 -21"><span class='ocrx_word' id='word_1_697' title='bbox 2046 3626 2415 3695; x_wconf 80' lang='lat' dir='ltr'><strong>defecissent,</strong></span> <span class='ocrx_word' id='word_1_698' title='bbox 2471 3629 2700 3685; x_wconf 87' lang='lat' dir='ltr'><strong>etiamsi</strong></span> <span class='ocrx_word' id='word_1_699' title='bbox 2743 3637 2941 3701; x_wconf 90' lang='lat' dir='ltr'><strong>postea</strong></span> <span class='ocrx_word' id='word_1_700' title='bbox 2995 3645 3094 3685; x_wconf 91' lang='lat' dir='ltr'><strong>eos</strong></span> <span class='ocrx_word' id='word_1_701' title='bbox 3132 3644 3302 3699; x_wconf 64' lang='lat' dir='ltr'><strong>aequa</strong></span> <span class='ocrx_word' id='word_1_702' title='bbox 3339 3630 3395 3682; x_wconf 87' lang='lat' dir='ltr'><strong>et</strong></span> <span class='ocrx_word' id='word_1_703' title='bbox 3424 3624 3691 3680; x_wconf 90' lang='lat' dir='ltr'><strong>decentia</strong></span> 
     </span>
    </p>
   </div>
   <div class='ocr_carea' id='block_1_96' title="bbox 2045 3714 3689 3789">
    <p class='ocr_par' dir='ltr' id='par_1_96' title="bbox 2045 3714 3689 3789">
     <span class='ocr_line' id='line_1_96' title="bbox 2045 3714 3689 3789; baseline -0.002 -18"><span class='ocrx_word' id='word_1_704' title='bbox 2045 3732 2250 3786; x_wconf 86' lang='lat' dir='ltr'><strong>sapere</strong></span> <span class='ocrx_word' id='word_1_705' title='bbox 2306 3717 2631 3789; x_wconf 81' lang='lat' dir='ltr'><strong>contigerit,</strong></span> <span class='ocrx_word' id='word_1_706' title='bbox 2666 3718 3009 3774; x_wconf 88' lang='lat' dir='ltr'><strong>adversandi</strong></span> <span class='ocrx_word' id='word_1_707' title='bbox 3040 3723 3232 3773; x_wconf 86' lang='lat' dir='ltr'><strong>tamen</strong></span> <span class='ocrx_word' id='word_1_708' title='bbox 3263 3717 3369 3784; x_wconf 89' lang='lat' dir='ltr'><strong>eis,</strong></span> <span class='ocrx_word' id='word_1_709' title='bbox 3402 3732 3436 3771; x_wconf 87' lang='lat' dir='ltr'><strong>a</strong></span> <span class='ocrx_word' id='word_1_710' title='bbox 3474 3714 3689 3786; x_wconf 90' lang='lat' dir='ltr'><strong>quibus</strong></span> 
     </span>
    </p>
   </div>
   <div class='ocr_carea' id='block_1_97' title="bbox 2046 3803 3689 3880">
    <p class='ocr_par' dir='ltr' id='par_1_97' title="bbox 2046 3803 3689 3880">
     <span class='ocr_line' id='line_1_97' title="bbox 2046 3803 3689 3880; baseline 0.001 -23"><span class='ocrx_word' id='word_1_711' title='bbox 2046 3803 2360 3875; x_wconf 84' lang='lat' dir='ltr'><strong>aliquando</strong></span> <span class='ocrx_word' id='word_1_712' title='bbox 2391 3806 2808 3872; x_wconf 87' lang='lat' dir='ltr'><strong>dissenserant,</strong></span> <span class='ocrx_word' id='word_1_713' title='bbox 2840 3809 3054 3878; x_wconf 90' lang='lat' dir='ltr'><strong>studio,</strong></span> <span class='ocrx_word' id='word_1_714' title='bbox 3079 3806 3442 3880; x_wconf 87' lang='lat' dir='ltr'><strong>permultain</strong></span> <span class='ocrx_word' id='word_1_715' title='bbox 3460 3804 3689 3873; x_wconf 87' lang='lat' dir='ltr'><strong>scriptis</strong></span> 
     </span>
    </p>
   </div>
   <div class='ocr_carea' id='block_1_98' title="bbox 2046 3896 3687 3967">
    <p class='ocr_par' dir='ltr' id='par_1_98' title="bbox 2046 3896 3687 3967">
     <span class='ocr_line' id='line_1_98' title="bbox 2046 3896 3687 3967; baseline -0.001 -18"><span class='ocrx_word' id='word_1_716' title='bbox 2046 3897 2172 3949; x_wconf 90' lang='lat' dir='ltr'><strong>suis</strong></span> <span class='ocrx_word' id='word_1_717' title='bbox 2203 3896 2725 3965; x_wconf 66' lang='lat' dir='ltr'><strong>prmtermittentes,</strong></span> <span class='ocrx_word' id='word_1_718' title='bbox 2756 3898 2853 3955; x_wconf 73' lang='lat'><strong>85</strong></span> <span class='ocrx_word' id='word_1_719' title='bbox 2892 3914 3003 3953; x_wconf 92' lang='lat' dir='ltr'><strong>non</strong></span> <span class='ocrx_word' id='word_1_720' title='bbox 3036 3913 3274 3967; x_wconf 90' lang='lat' dir='ltr'><strong>prorsus</strong></span> <span class='ocrx_word' id='word_1_721' title='bbox 3319 3898 3687 3951; x_wconf 91' lang='lat' dir='ltr'><strong>constantem</strong></span> 
     </span>
    </p>
   </div>
   <div class='ocr_carea' id='block_1_99' title="bbox 2046 3982 3690 4057">
    <p class='ocr_par' dir='ltr' id='par_1_99' title="bbox 2046 3982 3690 4057">
     <span class='ocr_line' id='line_1_99' title="bbox 2046 3982 3690 4057; baseline -0.001 -20"><span class='ocrx_word' id='word_1_722' title='bbox 2046 3991 2101 4037; x_wconf 92' lang='lat' dir='ltr'><strong>et</strong></span> <span class='ocrx_word' id='word_1_723' title='bbox 2129 3982 2373 4037; x_wconf 85' lang='lat' dir='ltr'><strong>solidam</strong></span> <span class='ocrx_word' id='word_1_724' title='bbox 2412 3985 2718 4040; x_wconf 90' lang='lat' dir='ltr'><strong>obtinuere</strong></span> <span class='ocrx_word' id='word_1_725' title='bbox 2764 3986 2922 4057; x_wconf 90' lang='lat' dir='ltr'><strong>apud</strong></span> <span class='ocrx_word' id='word_1_726' title='bbox 2961 3989 3203 4043; x_wconf 88' lang='lat' dir='ltr'><strong>tectores</strong></span> <span class='ocrx_word' id='word_1_727' title='bbox 3261 3985 3457 4051; x_wconf 76' lang='lat' dir='ltr'><strong>fidem,</strong></span> <span class='ocrx_word' id='word_1_728' title='bbox 3508 3996 3690 4054; x_wconf 92' lang='lat' dir='ltr'><strong>quan-</strong></span> 
     </span>
    </p>
   </div>
   <div class='ocr_carea' id='block_1_100' title="bbox 2046 4070 3688 4144">
    <p class='ocr_par' dir='ltr' id='par_1_100' title="bbox 2046 4070 3688 4144">
     <span class='ocr_line' id='line_1_100' title="bbox 2046 4070 3688 4144; baseline 0.001 -20"><span class='ocrx_word' id='word_1_729' title='bbox 2046 4070 2265 4126; x_wconf 90' lang='lat' dir='ltr'><strong>tumvis</strong></span> <span class='ocrx_word' id='word_1_730' title='bbox 2313 4071 2533 4127; x_wconf 90' lang='lat' dir='ltr'><strong>viribus</strong></span> <span class='ocrx_word' id='word_1_731' title='bbox 2581 4071 2928 4144; x_wconf 66' lang='lat' dir='ltr'><strong>eloquentiae</strong></span> <span class='ocrx_word' id='word_1_732' title='bbox 2974 4080 3031 4130; x_wconf 91' lang='lat' dir='ltr'><strong>et</strong></span> <span class='ocrx_word' id='word_1_733' title='bbox 3078 4072 3370 4131; x_wconf 89' lang='lat' dir='ltr'><strong>scribendi</strong></span> <span class='ocrx_word' id='word_1_734' title='bbox 3418 4073 3688 4127; x_wconf 88' lang='lat' dir='ltr'><strong>acumine</strong></span> 
     </span>
    </p>
   </div>
   <div class='ocr_carea' id='block_1_101' title="bbox 2047 4156 3693 4234">
    <p class='ocr_par' dir='ltr' id='par_1_101' title="bbox 2047 4156 3693 4234">
     <span class='ocr_line' id='line_1_101' title="bbox 2047 4156 3693 4234; baseline 0.001 -21"><span class='ocrx_word' id='word_1_735' title='bbox 2047 4156 2411 4227; x_wconf 79' lang='lat' dir='ltr'><strong>excellentes,</strong></span> <span class='ocrx_word' id='word_1_736' title='bbox 2442 4165 2617 4232; x_wconf 88' lang='lat' dir='ltr'><strong>atque</strong></span> <span class='ocrx_word' id='word_1_737' title='bbox 2646 4162 2874 4233; x_wconf 77' lang='lat' dir='ltr'><strong>egregio</strong></span> <span class='ocrx_word' id='word_1_738' title='bbox 2905 4180 3040 4234; x_wconf 83' lang='lat' dir='ltr'><strong>erga</strong></span> <span class='ocrx_word' id='word_1_739' title='bbox 3069 4163 3362 4218; x_wconf 89' lang='lat' dir='ltr'><strong>Christum</strong></span> <span class='ocrx_word' id='word_1_740' title='bbox 3398 4175 3594 4216; x_wconf 90' lang='lat' dir='ltr'><strong>amore</strong></span> <span class='ocrx_word' id='word_1_741' title='bbox 3635 4164 3693 4215; x_wconf 90' lang='lat' dir='ltr'><strong>et</strong></span> 
     </span>
    </p>
   </div>
   <div class='ocr_carea' id='block_1_102' title="bbox 2045 4248 3691 4321">
    <p class='ocr_par' dir='ltr' id='par_1_102' title="bbox 2045 4248 3691 4321">
     <span class='ocr_line' id='line_1_102' title="bbox 2045 4248 3691 4321; baseline 0.001 -19"><span class='ocrx_word' id='word_1_742' title='bbox 2045 4248 2270 4314; x_wconf 87' lang='lat' dir='ltr'><strong>ardore,</strong></span> <span class='ocrx_word' id='word_1_743' title='bbox 2331 4249 2479 4306; x_wconf 91' lang='lat' dir='ltr'><strong>inter</strong></span> <span class='ocrx_word' id='word_1_744' title='bbox 2538 4250 2723 4306; x_wconf 90' lang='lat' dir='ltr'><strong>nostri</strong></span> <span class='ocrx_word' id='word_1_745' title='bbox 2785 4253 3038 4308; x_wconf 87' lang='lat' dir='ltr'><strong>nominis</strong></span> <span class='ocrx_word' id='word_1_746' title='bbox 3111 4252 3401 4317; x_wconf 88' lang='lat' dir='ltr'><strong>homines,</strong></span> <span class='ocrx_word' id='word_1_747' title='bbox 3472 4250 3691 4321; x_wconf 86' lang='lat' dir='ltr'><strong>primas</strong></span> 
     </span>
    </p>
   </div>
   <div class='ocr_carea' id='block_1_103' title="bbox 2048 4337 3691 4411">
    <p class='ocr_par' dir='ltr' id='par_1_103' title="bbox 2048 4337 3691 4411">
     <span class='ocr_line' id='line_1_103' title="bbox 2048 4337 3691 4411; baseline -0.001 -19"><span class='ocrx_word' id='word_1_748' title='bbox 2048 4337 2195 4393; x_wconf 84' lang='lat' dir='ltr'><strong>ferre</strong></span> <span class='ocrx_word' id='word_1_749' title='bbox 2256 4339 2688 4397; x_wconf 90' lang='lat' dir='ltr'><strong>contendentes.</strong></span> <span class='ocrx_word' id='word_1_750' title='bbox 2757 4341 2977 4397; x_wconf 88' lang='lat' dir='ltr'><strong>Etenim</strong></span> <span class='ocrx_word' id='word_1_751' title='bbox 3048 4342 3329 4398; x_wconf 87' lang='lat' dir='ltr'><strong>Eusebius</strong></span> <span class='ocrx_word' id='word_1_752' title='bbox 3399 4338 3691 4411; x_wconf 89' lang='lat' dir='ltr'><strong>Pamphili</strong></span> 
     </span>
    </p>
   </div>
   <div class='ocr_carea' id='block_1_104' title="bbox 2047 4426 3690 4502">
    <p class='ocr_par' dir='ltr' id='par_1_104' title="bbox 2047 4426 3690 4502">
     <span class='ocr_line' id='line_1_104' title="bbox 2047 4426 3690 4502; baseline 0.001 -20"><span class='ocrx_word' id='word_1_753' title='bbox 2047 4426 2245 4482; x_wconf 89' lang='lat' dir='ltr'><strong>statim</strong></span> <span class='ocrx_word' id='word_1_754' title='bbox 2279 4444 2311 4482; x_wconf 92' lang='lat' dir='ltr'><strong>a</strong></span> <span class='ocrx_word' id='word_1_755' title='bbox 2340 4427 2552 4484; x_wconf 89' lang='lat' dir='ltr'><strong>Christi</strong></span> <span class='ocrx_word' id='word_1_756' title='bbox 2583 4430 2940 4500; x_wconf 89' lang='lat' dir='ltr'><strong>temporibus</strong></span> <span class='ocrx_word' id='word_1_757' title='bbox 2980 4446 3165 4502; x_wconf 90' lang='lat' dir='ltr'><strong>usque</strong></span> <span class='ocrx_word' id='word_1_758' title='bbox 3209 4433 3278 4486; x_wconf 87' lang='lat' dir='ltr'><strong>ad</strong></span> <span class='ocrx_word' id='word_1_759' title='bbox 3327 4428 3690 4485; x_wconf 88' lang='lat' dir='ltr'><strong>Constantini</strong></span> 
     </span>
    </p>
   </div>
   <div class='ocr_carea' id='block_1_105' title="bbox 2048 4516 3689 4592">
    <p class='ocr_par' dir='ltr' id='par_1_105' title="bbox 2048 4516 3689 4592">
     <span class='ocr_line' id='line_1_105' title="bbox 2048 4516 3689 4592; baseline 0.002 -20"><span class='ocrx_word' id='word_1_760' title='bbox 2048 4516 2240 4588; x_wconf 80' lang='lat' dir='ltr'><strong>Magni</strong></span> <span class='ocrx_word' id='word_1_761' title='bbox 2274 4523 2555 4590; x_wconf 90' lang='lat' dir='ltr'><strong>tempora,</strong></span> <span class='ocrx_word' id='word_1_762' title='bbox 2590 4537 2717 4592; x_wconf 66' lang='lat' dir='ltr'><strong>qua</strong></span> <span class='ocrx_word' id='word_1_763' title='bbox 2749 4522 2807 4576; x_wconf 90' lang='lat' dir='ltr'><strong>in</strong></span> <span class='ocrx_word' id='word_1_764' title='bbox 2859 4522 3131 4579; x_wconf 84' lang='lat' dir='ltr'><strong>Ecclesiis</strong></span> <span class='ocrx_word' id='word_1_765' title='bbox 3175 4527 3303 4578; x_wconf 90' lang='lat' dir='ltr'><strong>acta</strong></span> <span class='ocrx_word' id='word_1_766' title='bbox 3356 4526 3511 4588; x_wconf 89' lang='lat' dir='ltr'><strong>sunt,</strong></span> <span class='ocrx_word' id='word_1_767' title='bbox 3563 4536 3689 4590; x_wconf 88' lang='lat' dir='ltr'><strong>pro-</strong></span> 
     </span>
    </p>
   </div>
   <div class='ocr_carea' id='block_1_106' title="bbox 2052 4606 3694 4681">
    <p class='ocr_par' dir='ltr' id='par_1_106' title="bbox 2052 4606 3694 4681">
     <span class='ocr_line' id='line_1_106' title="bbox 2052 4606 3694 4681; baseline -0.001 -22"><span class='ocrx_word' id='word_1_768' title='bbox 2052 4606 2334 4675; x_wconf 83' lang='lat' dir='ltr'><strong>sequitur,</strong></span> <span class='ocrx_word' id='word_1_769' title='bbox 2366 4623 2434 4661; x_wconf 85' lang='lat' dir='ltr'><strong>ex</strong></span> <span class='ocrx_word' id='word_1_770' title='bbox 2464 4608 2727 4676; x_wconf 87' lang='lat' dir='ltr'><strong>Philone,</strong></span> <span class='ocrx_word' id='word_1_771' title='bbox 2755 4608 3031 4681; x_wconf 87' lang='lat' dir='ltr'><strong>Josepho,</strong></span> <span class='ocrx_word' id='word_1_772' title='bbox 3057 4610 3353 4668; x_wconf 90' lang='lat' dir='ltr'><strong>Clemente</strong></span> <span class='ocrx_word' id='word_1_773' title='bbox 3382 4608 3694 4680; x_wconf 85' lang='grc' dir='ltr'>στρωματεῖ</span> 
     </span>
    </p>
   </div>
   <div class='ocr_carea' id='block_1_107' title="bbox 2053 4692 3692 4772">
    <p class='ocr_par' dir='ltr' id='par_1_107' title="bbox 2053 4692 3692 4772">
     <span class='ocr_line' id='line_1_107' title="bbox 2053 4692 3692 4772; baseline 0.009 -24"><span class='ocrx_word' id='word_1_774' title='bbox 2053 4692 2185 4765; x_wconf 92' lang='lat' dir='ltr'><strong>(hoc</strong></span> <span class='ocrx_word' id='word_1_775' title='bbox 2215 4701 2325 4759; x_wconf 89' lang='lat' dir='ltr'><strong>est,</strong></span> <span class='ocrx_word' id='word_1_776' title='bbox 2356 4702 2711 4768; x_wconf 68' lang='lat' dir='ltr'><strong>contextam),</strong></span> <span class='ocrx_word' id='word_1_777' title='bbox 2745 4700 3089 4772; x_wconf 81' lang='lat' dir='ltr'><strong>Hegesippo,</strong></span> <span class='ocrx_word' id='word_1_778' title='bbox 3132 4698 3456 4770; x_wconf 84' lang='lat' dir='ltr'><strong>Hippolyto,</strong></span> <span class='ocrx_word' id='word_1_779' title='bbox 3494 4695 3692 4765; x_wconf 65' lang='lat' dir='ltr'><strong>Papia.</strong></span> 
     </span>
    </p>
   </div>
   <div class='ocr_carea' id='block_1_108' title="bbox 2054 4783 3691 4861">
    <p class='ocr_par' dir='ltr' id='par_1_108' title="bbox 2054 4783 3691 4861">
     <span class='ocr_line' id='line_1_108' title="bbox 2054 4783 3691 4861; baseline -0.001 -22"><span class='ocrx_word' id='word_1_780' title='bbox 2054 4786 2111 4839; x_wconf 91' lang='lat' dir='ltr'><strong>et</strong></span> <span class='ocrx_word' id='word_1_781' title='bbox 2139 4784 2268 4840; x_wconf 90' lang='lat' dir='ltr'><strong>aliis</strong></span> <span class='ocrx_word' id='word_1_782' title='bbox 2288 4786 2489 4842; x_wconf 91' lang='lat' dir='ltr'><strong>ordine</strong></span> <span class='ocrx_word' id='word_1_783' title='bbox 2521 4789 2930 4845; x_wconf 90' lang='lat' dir='ltr'><strong>ecclesiasticis</strong></span> <span class='ocrx_word' id='word_1_784' title='bbox 2951 4789 3351 4861; x_wconf 88' lang='lat' dir='ltr'><strong>scriptoribus,</strong></span> <span class='ocrx_word' id='word_1_785' title='bbox 3385 4783 3691 4840; x_wconf 88' lang='lat' dir='ltr'><strong>historiam</strong></span> 
     </span>
    </p>
   </div>
   <div class='ocr_carea' id='block_1_109' title="bbox 2054 4876 3693 4947">
    <p class='ocr_par' dir='ltr' id='par_1_109' title="bbox 2054 4876 3693 4947">
     <span class='ocr_line' id='line_1_109' title="bbox 2054 4876 3693 4947; baseline -0.001 -20"><span class='ocrx_word' id='word_1_786' title='bbox 2054 4876 2378 4930; x_wconf 90' lang='lat' dir='ltr'><strong>mutuatus.</strong></span> <span class='ocrx_word' id='word_1_787' title='bbox 2408 4878 2469 4931; x_wconf 91' lang='lat' dir='ltr'><strong>In</strong></span> <span class='ocrx_word' id='word_1_788' title='bbox 2504 4893 2615 4947; x_wconf 86' lang='lat' dir='ltr'><strong>qua</strong></span> <span class='ocrx_word' id='word_1_789' title='bbox 2647 4878 2887 4934; x_wconf 87' lang='lat' dir='ltr'><strong>historia</strong></span> <span class='ocrx_word' id='word_1_790' title='bbox 2910 4878 3213 4935; x_wconf 89' lang='lat' dir='ltr'><strong>cacoethes</strong></span> <span class='ocrx_word' id='word_1_791' title='bbox 3258 4877 3541 4931; x_wconf 72' lang='lat' dir='ltr'><strong>haareseos</strong></span> <span class='ocrx_word' id='word_1_792' title='bbox 3575 4887 3693 4928; x_wconf 69' lang='lat' dir='ltr'><strong>suis</strong></span> 
     </span>
    </p>
   </div>
   <div class='ocr_carea' id='block_1_110' title="bbox 2055 4962 3695 5037">
    <p class='ocr_par' dir='ltr' id='par_1_110' title="bbox 2055 4962 3695 5037">
     <span class='ocr_line' id='line_1_110' title="bbox 2055 4962 3695 5037; baseline -0.001 -21"><span class='ocrx_word' id='word_1_793' title='bbox 2055 4962 2265 5033; x_wconf 89' lang='lat' dir='ltr'><strong>prodit,</strong></span> <span class='ocrx_word' id='word_1_794' title='bbox 2298 4966 2561 5033; x_wconf 89' lang='lat' dir='ltr'><strong>quamvis</strong></span> <span class='ocrx_word' id='word_1_795' title='bbox 2591 4967 2939 5037; x_wconf 88' lang='lat' dir='ltr'><strong>quibusdam</strong></span> <span class='ocrx_word' id='word_1_796' title='bbox 2972 4971 3123 5021; x_wconf 89' lang='lat' dir='ltr'><strong>recte</strong></span> <span class='ocrx_word' id='word_1_797' title='bbox 3152 4965 3372 5021; x_wconf 90' lang='lat' dir='ltr'><strong>sentire</strong></span> <span class='ocrx_word' id='word_1_798' title='bbox 3411 4962 3695 5029; x_wconf 90' lang='lat' dir='ltr'><strong>videatur,</strong></span> 
     </span>
    </p>
   </div>
   <div class='ocr_carea' id='block_1_111' title="bbox 2053 5049 3696 5126">
    <p class='ocr_par' dir='ltr' id='par_1_111' title="bbox 2053 5049 3696 5126">
     <span class='ocr_line' id='line_1_111' title="bbox 2053 5049 3696 5126; baseline 0 -22"><span class='ocrx_word' id='word_1_799' title='bbox 2053 5064 2117 5105; x_wconf 86' lang='lat' dir='ltr'><strong>ex</strong></span> <span class='ocrx_word' id='word_1_800' title='bbox 2150 5065 2216 5104; x_wconf 92' lang='lat' dir='ltr'><strong>eo</strong></span> <span class='ocrx_word' id='word_1_801' title='bbox 2241 5049 2298 5105; x_wconf 91' lang='lat' dir='ltr'><strong>id</strong></span> <span class='ocrx_word' id='word_1_802' title='bbox 2331 5055 2823 5119; x_wconf 87' lang='lat' dir='ltr'><strong>asseverantibus,</strong></span> <span class='ocrx_word' id='word_1_803' title='bbox 2846 5056 3000 5126; x_wconf 91' lang='lat' dir='ltr'><strong>quod</strong></span> <span class='ocrx_word' id='word_1_804' title='bbox 3034 5059 3089 5110; x_wconf 92' lang='lat' dir='ltr'><strong>et</strong></span> <span class='ocrx_word' id='word_1_805' title='bbox 3110 5055 3233 5124; x_wconf 91' lang='lat' dir='ltr'><strong>ipse</strong></span> <span class='ocrx_word' id='word_1_806' title='bbox 3254 5053 3454 5124; x_wconf 75' lang='lat' dir='ltr'><strong>primae</strong></span> <span class='ocrx_word' id='word_1_807' title='bbox 3474 5050 3696 5122; x_wconf 82' lang='lat' dir='ltr'><strong>synodo</strong></span> 
     </span>
    </p>
   </div>
   <div class='ocr_carea' id='block_1_112' title="bbox 2053 5137 3697 5214">
    <p class='ocr_par' dir='ltr' id='par_1_112' title="bbox 2053 5137 3697 5214">
     <span class='ocr_line' id='line_1_112' title="bbox 2053 5137 3697 5214; baseline 0 -22"><span class='ocrx_word' id='word_1_808' title='bbox 2053 5137 2399 5207; x_wconf 81' lang='lat' dir='ltr'><strong>interfuerit,</strong></span> <span class='ocrx_word' id='word_1_809' title='bbox 2447 5150 2503 5197; x_wconf 92' lang='lat' dir='ltr'><strong>et</strong></span> <span class='ocrx_word' id='word_1_810' title='bbox 2550 5145 2628 5213; x_wconf 81' lang='grc' dir='ltr'>τῷ</span> <span class='ocrx_word' id='word_1_811' title='bbox 2675 5141 2955 5214; x_wconf 81' lang='grc' dir='ltr'>ὁμοουσίῳ</span> <span class='ocrx_word' id='word_1_812' title='bbox 3003 5142 3136 5214; x_wconf 88' lang='lat' dir='ltr'><strong>(hoc</strong></span> <span class='ocrx_word' id='word_1_813' title='bbox 3184 5146 3294 5209; x_wconf 90' lang='lat' dir='ltr'><strong>est,</strong></span> <span class='ocrx_word' id='word_1_814' title='bbox 3343 5138 3697 5197; x_wconf 73' lang='lat' dir='ltr'><strong>consubstan-</strong></span> 
     </span>
    </p>
   </div>
   <div class='ocr_carea' id='block_1_113' title="bbox 2052 5224 3695 5316">
    <p class='ocr_par' dir='ltr' id='par_1_113' title="bbox 2052 5224 3695 5316">
     <span class='ocr_line' id='line_1_113' title="bbox 2052 5224 3695 5316; baseline 0.001 -35"><span class='ocrx_word' id='word_1_815' title='bbox 2052 5224 2204 5299; x_wconf 80' lang='lat' dir='ltr'><strong>tiali)</strong></span> <span class='ocrx_word' id='word_1_816' title='bbox 2235 5231 2593 5288; x_wconf 88' lang='lat' dir='ltr'><strong>consenserit</strong></span> <span class='ocrx_word' id='word_1_817' title='bbox 2625 5248 2639 5289; x_wconf 93' lang='lat'>:</span> <span class='ocrx_word' id='word_1_818' title='bbox 2674 5232 2946 5303; x_wconf 87' lang='lat' dir='ltr'><strong>quodque</strong></span> <span class='ocrx_word' id='word_1_819' title='bbox 2960 5230 3236 5316; x_wconf 76' lang='lat' dir='ltr'><strong>conviciis</strong></span> <span class='ocrx_word' id='word_1_820' title='bbox 3268 5228 3695 5298; x_wconf 85' lang='lat' dir='ltr'><strong>reprehendens</strong></span> 
     </span>
    </p>
   </div>
   <div class='ocr_carea' id='block_1_114' title="bbox 2054 5314 3693 5390">
    <p class='ocr_par' dir='ltr' id='par_1_114' title="bbox 2054 5314 3693 5390">
     <span class='ocr_line' id='line_1_114' title="bbox 2054 5314 3693 5390; baseline 0.001 -21"><span class='ocrx_word' id='word_1_821' title='bbox 2054 5314 2353 5373; x_wconf 89' lang='lat' dir='ltr'><strong>incesserit</strong></span> <span class='ocrx_word' id='word_1_822' title='bbox 2389 5334 2505 5387; x_wconf 92' lang='lat' dir='ltr'><strong>eos,</strong></span> <span class='ocrx_word' id='word_1_823' title='bbox 2532 5319 2632 5390; x_wconf 90' lang='lat' dir='ltr'><strong>qui</strong></span> <span class='ocrx_word' id='word_1_824' title='bbox 2666 5318 2867 5375; x_wconf 87' lang='lat' dir='ltr'><strong>Filium</strong></span> <span class='ocrx_word' id='word_1_825' title='bbox 2899 5319 3001 5375; x_wconf 92' lang='lat' dir='ltr'><strong>Dei</strong></span> <span class='ocrx_word' id='word_1_826' title='bbox 3040 5314 3365 5375; x_wconf 81' lang='lat' dir='ltr'><strong>creaturam</strong></span> <span class='ocrx_word' id='word_1_827' title='bbox 3408 5334 3536 5374; x_wconf 90' lang='lat' dir='ltr'><strong>esse</strong></span> <span class='ocrx_word' id='word_1_828' title='bbox 3565 5316 3693 5387; x_wconf 88' lang='lat' dir='ltr'><strong>opi-</strong></span> 
     </span>
    </p>
   </div>
   <div class='ocr_carea' id='block_1_115' title="bbox 2052 5406 3694 5482">
    <p class='ocr_par' dir='ltr' id='par_1_115' title="bbox 2052 5406 3694 5482">
     <span class='ocr_line' id='line_1_115' title="bbox 2052 5406 3694 5482; baseline -0.001 -20"><span class='ocrx_word' id='word_1_829' title='bbox 2052 5415 2286 5463; x_wconf 90' lang='lat' dir='ltr'><strong>nantur.</strong></span> <span class='ocrx_word' id='word_1_830' title='bbox 2321 5410 2584 5467; x_wconf 88' lang='lat' dir='ltr'><strong>Hermias</strong></span> <span class='ocrx_word' id='word_1_831' title='bbox 2615 5428 2784 5482; x_wconf 88' lang='lat' dir='ltr'><strong>porro</strong></span> <span class='ocrx_word' id='word_1_832' title='bbox 2816 5409 3191 5479; x_wconf 79' lang='lat' dir='ltr'><strong>Sozomenus,</strong></span> <span class='ocrx_word' id='word_1_833' title='bbox 3224 5410 3324 5482; x_wconf 88' lang='lat' dir='ltr'><strong>qui</strong></span> <span class='ocrx_word' id='word_1_834' title='bbox 3355 5414 3412 5465; x_wconf 92' lang='lat' dir='ltr'><strong>et</strong></span> <span class='ocrx_word' id='word_1_835' title='bbox 3440 5406 3694 5465; x_wconf 87' lang='lat' dir='ltr'><strong>Salami-</strong></span> 
     </span>
    </p>
   </div>
   <div class='ocr_carea' id='block_1_116' title="bbox 2052 5496 3691 5572">
    <p class='ocr_par' dir='ltr' id='par_1_116' title="bbox 2052 5496 3691 5572">
     <span class='ocr_line' id='line_1_116' title="bbox 2052 5496 3691 5572; baseline 0.001 -21"><span class='ocrx_word' id='word_1_836' title='bbox 2052 5496 2184 5552; x_wconf 90' lang='lat' dir='ltr'><strong>nius</strong></span> <span class='ocrx_word' id='word_1_837' title='bbox 2213 5499 2428 5555; x_wconf 90' lang='lat' dir='ltr'><strong>dicitur</strong></span> <span class='ocrx_word' id='word_1_838' title='bbox 2455 5518 2475 5556; x_wconf 88' lang='lat'><strong><em>:</em></strong></span> <span class='ocrx_word' id='word_1_839' title='bbox 2502 5501 2642 5556; x_wconf 91' lang='lat' dir='ltr'><strong>item</strong></span> <span class='ocrx_word' id='word_1_840' title='bbox 2669 5500 2769 5572; x_wconf 92' lang='lat' dir='ltr'><strong>qui</strong></span> <span class='ocrx_word' id='word_1_841' title='bbox 2790 5499 2961 5572; x_wconf 84' lang='lat' dir='ltr'><strong>Cypri</strong></span> <span class='ocrx_word' id='word_1_842' title='bbox 2990 5500 3297 5572; x_wconf 89' lang='lat' dir='ltr'><strong>episcopus</strong></span> <span class='ocrx_word' id='word_1_843' title='bbox 3322 5498 3427 5554; x_wconf 82' lang='lat' dir='ltr'><strong>fuit</strong></span> <span class='ocrx_word' id='word_1_844' title='bbox 3455 5496 3691 5570; x_wconf 85' lang='lat' dir='ltr'><strong>sapiens</strong></span> 
     </span>
    </p>
   </div>
   <div class='ocr_carea' id='block_1_117' title="bbox 2050 5585 3694 5661">
    <p class='ocr_par' dir='ltr' id='par_1_117' title="bbox 2050 5585 3694 5661">
     <span class='ocr_line' id='line_1_117' title="bbox 2050 5585 3694 5661; baseline 0.003 -23"><span class='ocrx_word' id='word_1_845' title='bbox 2050 5585 2454 5658; x_wconf 89' lang='lat' dir='ltr'><strong>Theodoritus,</strong></span> <span class='ocrx_word' id='word_1_846' title='bbox 2487 5589 2705 5661; x_wconf 92' lang='lat' dir='ltr'><strong>quique</strong></span> <span class='ocrx_word' id='word_1_847' title='bbox 2738 5589 2888 5645; x_wconf 88' lang='lat' dir='ltr'><strong>idem</strong></span> <span class='ocrx_word' id='word_1_848' title='bbox 2913 5592 3134 5645; x_wconf 81' lang='lat' dir='ltr'><strong>tertiam</strong></span> <span class='ocrx_word' id='word_1_849' title='bbox 3161 5586 3694 5660; x_wconf 56' lang='lat' dir='ltr'><strong>impugnavitsynoo</strong></span> 
     </span>
    </p>
   </div>
   <div class='ocr_carea' id='block_1_118' title="bbox 2052 5676 3690 5752">
    <p class='ocr_par' dir='ltr' id='par_1_118' title="bbox 2052 5676 3690 5752">
     <span class='ocr_line' id='line_1_118' title="bbox 2052 5676 3690 5752; baseline 0.002 -21"><span class='ocrx_word' id='word_1_850' title='bbox 2052 5676 2191 5733; x_wconf 89' lang='lat' dir='ltr'><strong>dum</strong></span> <span class='ocrx_word' id='word_1_851' title='bbox 2227 5692 2240 5733; x_wconf 91' lang='lat'><strong>:</strong></span> <span class='ocrx_word' id='word_1_852' title='bbox 2275 5677 2412 5736; x_wconf 89' lang='lat' dir='ltr'><strong>item</strong></span> <span class='ocrx_word' id='word_1_853' title='bbox 2462 5680 2576 5738; x_wconf 87' lang='lat' dir='ltr'><strong>Deo</strong></span> <span class='ocrx_word' id='word_1_854' title='bbox 2624 5678 2849 5738; x_wconf 86' lang='lat' dir='ltr'><strong>invisus</strong></span> <span class='ocrx_word' id='word_1_855' title='bbox 2895 5679 3316 5752; x_wconf 72' lang='lat' dir='ltr'><strong>Philostorgius</strong></span> <span class='ocrx_word' id='word_1_856' title='bbox 3361 5696 3375 5735; x_wconf 92' lang='lat'><strong>:</strong></span> <span class='ocrx_word' id='word_1_857' title='bbox 3421 5688 3690 5751; x_wconf 68' lang='lat' dir='ltr'><strong>preterea</strong></span> 
     </span>
    </p>
   </div>
  </div>
