3950 6214
415 375 530 440 6οἾ

1711 371 2134 436 NICEPHORI
2177 373 2522 437 CALLISTI

3694 369 3796 431 608

416 510 765 582 cognomine
794 509 1055 579 quidem,
1086 508 1187 564 sed
1221 507 1418 564 animo
1461 507 1659 562 minus
1698 507 1956 580 καθαρὸς,

2238 528 2398 569 παντες
2446 505 2910 581 προστησάμενοι.
2960 504 3027 559 Οἳ
3077 503 3168 557 καὶ
3233 502 3368 576 πρὸς
3433 499 3713 571 ἀλλήλους
3752 498 3798 556 ἰν

416 608 521 660 est.
556 598 760 671 purus)
791 597 1076 664 Socrates,
1109 597 1285 652 ﬁnem
1328 595 1488 652 illius
1535 595 1766 652 initium
1819 612 2058 652 suorum

419 689 694 745 facientes
751 697 1016 758 operum,
1081 703 1263 757 usque
1321 687 1387 740 ad
1441 690 1705 757 tempora
1751 685 2064 742 Theodosii

410 777 660 846 junioris
691 775 997 830 historiam
1049 777 1444 846 produxerunt
1487 790 1501 828 :
1552 775 1796 830 materia
1834 777 2062 844 eadem,

418 867 612 922 nescio
670 883 787 938 quo
845 865 1110 930 consilio,
1174 881 1375 920 omnes
1437 864 1549 920 sibi
1604 866 1921 936 proposita.
1957 866 2063 932 Qui

416 955 654 1027 quidem
686 955 744 1010 in
777 954 952 1010 rebus
982 953 1339 1026 quibusdam
1375 953 1531 1008 varie
1570 953 1717 1009 inter
1749 969 1812 1010 se
1841 956 2067 1010 dissen-

415 1044 594 1108 tiunt,
651 1048 707 1100 et
755 1044 1160 1115 episcoporum
1217 1041 1371 1097 inter
1426 1042 1587 1114 ipsos
1637 1045 2062 1100 contentiones.

415 1149 520 1205 pro
573 1150 639 1189 eo
688 1139 862 1204 atque
905 1133 1115 1204 cuique
1170 1134 1358 1188 visum
1415 1138 1527 1198 est,
1584 1143 2064 1204 commemorant,

415 1223 632 1280 Omnes
663 1223 837 1279 etiam
873 1223 972 1278 isti
1003 1223 1191 1278 varias
1221 1223 1508 1294 quaedam
1539 1228 1597 1278 et
1627 1240 1808 1280 novas
1846 1240 1960 1289 res,
1993 1225 2065 1280 ab

417 1312 550 1368 aliis
600 1311 844 1368 minime
905 1311 1113 1378 dictas,
1172 1311 1432 1369 historiis
1497 1313 1623 1368 suis
1673 1313 2062 1370 inseruerunt.

417 1400 700 1471 Deinceps
747 1417 879 1456 vero
945 1399 1306 1470 Theoddrus,
1374 1402 1554 1458 lector
1628 1402 1959 1474 Byzantius,
2009 1411 2067 1458 et

417 1491 671 1556 Basilius
697 1499 866 1566 Cilix,
899 1503 956 1555 et
979 1499 1350 1571 exprmfectus
1379 1501 1674 1572 Evagrius,
1697 1501 2065 1572 superiorum

421 1591 554 1642 ante
582 1587 740 1658 ipsos
773 1593 1097 1658 temporum
1130 1603 1222 1644 res
1260 1590 1676 1661 prtetergressi,
1711 1597 1764 1646 et
1806 1593 2072 1663 tempora

419 1693 526 1732 sua
558 1676 708 1749 stylo
755 1677 1069 1748 prosecuti,
1129 1693 1330 1732 eorum
1389 1693 1535 1750 quos
1585 1679 1758 1734 modo
1816 1679 2070 1735 diximus

419 1765 704 1834 historiis,
756 1783 894 1822 suas
933 1767 1385 1836 conjunxerunt,
1433 1769 1623 1836 cperis
1666 1767 2068 1824 difﬁcultatem

422 1855 916 1912 reformidantes:
952 1855 1217 1911 nonnulli
1264 1856 1440 1913 etiam
1490 1873 1519 1912 e
1564 1857 1679 1912 vita
1725 1858 1872 1914 inter
1918 1859 2070 1913 scri-
2099 1883 2147 1948 Β

421 1943 677 2001 bendum
708 1945 1074 2012 excedentes,
1108 1944 1442 2001 institutum
1473 1961 1618 2018 cpus
1651 1947 1892 2001 minime
1908 1964 2071 2002 com—

420 2033 740 2106 pleverunt.
775 2033 906 2106 Ipse
938 2035 1174 2106 quidem
1208 2033 1481 2107 Evagrius
1526 2033 1743 2092 illustri
1789 2037 2072 2109 dignitate

418 2122 712 2195 prmditus,
739 2123 1046 2179 historiam
1079 2139 1268 2195 usque
1319 2124 1388 2179 ad
1447 2123 1660 2180 Justini
1703 2130 1935 2181 aetatem
1966 2126 2070 2182 de-

423 2213 605 2277 ducit,
655 2211 906 2268 maxima
967 2228 1035 2270 ex
1085 2215 1248 2284 parte
1291 2227 1382 2268 res
1439 2213 1712 2284 profanas
1761 2218 2066 2272 tractans:

423 2315 675 2374 quarum
708 2305 1054 2373 argumenta
1082 2309 1137 2357 et
1168 2303 1464 2358 materiam
1481 2317 1551 2359 ex
1591 2303 1886 2360 Eusthatio
1907 2305 2067 2376 Syro,

419 2390 668 2458 Zosimo,
744 2390 961 2458 Prisco,
1029 2391 1276 2462 Joanne,
1354 2392 1630 2464 Procopio
1706 2393 2068 2463 Cesariensi,

419 2481 688 2553 Agathia,
711 2479 812 2554 qui
845 2479 962 2538 illis
993 2482 1356 2554 temporibus
1393 2483 1595 2539 ordine
1629 2483 1887 2554 insignes
1913 2485 2072 2542 fuere

421 2575 698 2641 oratores,
729 2567 840 2627 86
877 2575 932 2626 et
965 2577 1231 2642 presteres
1252 2587 1321 2628 ex
1371 2572 1500 2629 aliis
1547 2589 1665 2630 non
1713 2575 2070 2646 pmnitendis

420 2657 720 2716 historicis
768 2661 1074 2732 decerpsit.
1139 2662 1417 2718 Caeterum
1476 2679 1678 2720 omnes
1735 2663 1833 2720 isti
1887 2664 2072 2722 multa

421 2764 536 2803 non
567 2748 708 2804 satis
740 2749 947 2805 idonea
976 2753 1032 2805 et
1061 2751 1728 2823 commodaimportune
1749 2759 2070 2810 recensent:

425 2852 539 2892 non
574 2851 760 2910 pauca
779 2853 937 2908 vero,
968 2855 1094 2911 quis
1145 2839 1473 2896 necessario
1521 2841 1835 2898 scribenda
1881 2847 2070 2909 erant,

418 2926 874 2996 praetermittunt
917 2943 932 2983 :
986 2928 1106 2983 sive
1151 2927 1207 2982 id
1249 2926 1514 2984 consulto
1569 2929 1870 2985 affectibus
1913 2931 2069 2986 ducti

423 3013 710 3083 fOCerunt,
739 3031 842 3072 seu
872 3017 1030 3089 quod
1061 3031 1176 3073 non
1202 3019 1400 3074 omnia
1419 3018 1698 3092 attingere
1736 3024 2069 3090 potuerunt,

420 3105 628 3160 timere
679 3106 932 3177 quodam
999 3109 1057 3162 et
1104 3106 1450 3178 indignitate
1523 3124 1715 3164 rerum
1767 3109 2070 3182 perculsi:

423 3194 698 3268 quodque
730 3195 972 3252 fortasse
1003 3195 1088 3252 eis
1129 3211 1245 3252 non
1303 3197 1540 3269 perinde
1581 3199 1729 3272 stylo
1771 3199 2072 3273 indulgere

2170 617 2309 652 τισιν
2359 593 2500 650 ἔστιν
2568 595 2708 649 ὅπου
2769 591 3122 667 διαφωνοῦσι,
3165 593 3261 653 τὰς
3328 593 3467 666 πρὸς
3531 589 3799 660 ἀλλήλους

2173 683 2418 758 διενέξεις
2473 689 2581 740 τῶν
2638 681 2942 738 ἐπισκόπων
3000 683 3134 756 πρὸς
3209 682 3272 735 τὸ
3342 679 3550 752 ἑκάστῳ
3624 676 3801 734 δοκοῦν

2173 773 2424 844 διιόντες,
2473 773 2561 829 καἱ
2618 769 2838 829 ’έκαστοι
2884 777 3006 834 ταῖς
3063 775 3210 849 σφῶν
3268 769 3534 844 ἱστορίαις
3588 765 3804 847 διάφορά

2173 885 2289 919 τινα
2331 863 2423 918 καὶ
2471 863 2590 931 ξένα
2631 862 2717 933 -μή
2765 865 2882 921 τοῖς
2929 857 3126 920 ἄλλοις
3159 855 3418 933 είρημένα
3447 855 3804 932 προσεπιγριὶ-

2176 974 2386 1029 φοντες.
2445 953 2716 1008 Ἐντεῦθεν
2765 947 2932 1004 πάλιν
3009 949 3038 1002 ὁ
3115 947 3406 1017 Βυζάντιος
3472 947 3807 1021 ἀναγνώστης

2174 1039 2476 1116 Θεόδωρος,
2506 1039 2596 1096 καὶ
2621 1041 2650 1094 ὁ
2682 1037 2882 1109 Κλίλιξ
2913 1035 3224 1106 Βασίλῦιος,
3246 1038 3337 1090 καὶ
3369 1037 3396 1091 ὁ
3431 1037 3537 1092 ἀπὸ
3569 1034 3808 1110 ἐπάρχων

2177 1131 2464 1209 Εὑάγριος,
2494 1131 2561 1185 τὰ
2614 1134 2723 1184 τῶν
2781 1126 3038 1201 ἀνωτέρω
3075 1125 3294 1201 χρόνων
3349 1124 3442 1180 καὶ
3492 1126 3598 1200 πρὸ
3645 1122 3805 1179 αὑτῶν

2179 1216 2528 1296 ὑπερϐάντες,
2561 1220 2614 1274 οἱ
2666 1219 2761 1292 μὲν
2807 1218 2934 1280 τοὺς
2981 1215 3224 1278 οἰκείους
3263 1215 3498 1294 χρόνους
3545 1219 3664 1276 τοῖς
3692 1212 3810 1267 ὲκεί-

2173 1333 2279 1366 νων
2355 1309 2702 1384 παρέζευξαν,
2780 1307 2842 1362 τὸ
2922 1313 3023 1375 τῆς
3105 1303 3480 1380 πραγματείας
3565 1301 3806 1380 δυσχερὲς

2177 1397 2640 1474 ὑπολογισάμενοι
2665 1416 2679 1432 ο
2712 1393 2880 1452 ἄλλοι
2911 1393 2968 1450 δὲ
3014 1395 3102 1450 καὶ
3151 1393 3244 1448 τὸν
3298 1393 3414 1468 βίον
3458 1397 3540 1464 τῷ
3581 1390 3798 1466 συγγρά-

2176 1511 2290 1564 φειν
2329 1486 2840 1554 ἆπολιπόντες,τήν
2891 1491 2992 1554 τῆς
3051 1478 3318 1551 ἐπιϐολῆς
3357 1483 3651 1537 ὑπόστασιν
3699 1479 3806 1549 ἤκι-

2175 1599 2276 1633 στα
2328 1575 2710 1632 συνετέλεσανο
2774 1575 2804 1628 ὅ
2859 1594 2920 1648 γε
2978 1573 3088 1647 μὴν
3161 1572 3426 1647 Εὐάγριος
3475 1572 3504 1625 ὁ
3560 1570 3806 1647 ἐπιφανής

2173 1667 2264 1722 καὶ
2323 1666 2494 1744 μέχρι
2548 1669 2656 1721 τῶν
2682 1663 2985 1720 Ἰουστίνου
3045 1660 3112 1731 δὴ
3171 1662 3384 1737 ’χρόνων
3424 1661 3523 1729 τήν
3580 1659 3806 1732 ἱστορίαν

2174 1751 2550 1825 καταϐιϐάζει,
2607 1757 2686 1826 τῷ
2744 1751 2988 1824 πλείστῳ
3045 1751 3196 1825 μέρει
3252 1750 3476 1826 πράξεσι
3535 1744 3806 1817 διατρίϐων

2175 1851 2294 1908 ταῖς
2325 1849 2638 1919 κοσμικαῖς,
2669 1840 2730 1897 ἒκ
2775 1845 2881 1898 τῶν
2924 1841 3223 1896 Εὐσταθίου
3271 1843 3370 1893 τοῦ
3420 1838 3622 1911 Σύρου,
3652 1835 3809 1890 Ζωσί-

2187 1957 2291 2010 μου
2322 1956 2382 1991 τε
2408 1935 2500 1990 καὶ
2549 1932 2788 2009 Πρίσκου
2833 1931 2924 1987 καὶ
2957 1930 3233 2000 Ἰωάννου,
3264 1929 3586 2002 Προκοπίου
3629 1948 3684 1982 τε
3726 1929 3807 1980 τοῦ

2183 2023 2516 2100 Καισαρέως,
2563 2018 2642 2080 ἔτι
2683 2020 2740 2078 δὲ
2788 2022 2878 2076 καὶ
2922 2018 3196 2095 ’Δγαθίου,
3236 2023 3346 2074 τῶν
3402 2017 3538 2072 κατᾶ
3594 2017 3690 2084 τήν
3715 2019 3804 2068 τῶν

2183 2115 2398 2190 χρόνων
2428 2113 2648 2169 ἐκείνων
2687 2108 2955 2186 διαδοχὴν
2987 2109 3260 2186 ῥητόρων,
3285 2107 3374 2163 καὶ
3405 2107 3608 2180 ἑτέρων
3641 2102 3804 2159 ἄλλων

2181 2204 2280 2258 οὑκ
2321 2203 2558 2279 ἀγεννῶν
2610 2200 2980 2278 συγγραφέων,
3019 2200 3115 2260 τὰς
3173 2198 3307 2260 ὕλας
3367 2199 3468 2262 τῆς
3525 2194 3808 2254 ὑποθέσεως

2179 2293 2562 2367 ποριζόμενος.
2593 2292 2664 2349 Οἳ
2714 2287 2782 2358 δὴ
2831 2289 3023 2350 πάντες
3073 2288 3220 2342 οὗτοι
3269 2283 3458 2342 πολλά
3502 2306 3561 2340 τε
3591 2287 3696 2340 τῶν
3741 2281 3804 2354 μή

2179 2381 2403 2456 καιρίων
2451 2377 2841 2458 ἆναγρᾶφουσι,
2905 2379 2994 2433 καὶ
3053 2382 3160 2432 τῶν
3233 2375 3539 2450 ἀναγκαίων
3619 2371 3676 2428 δὶ
3726 2371 3807 2426 οὐκ

2181 2472 2345 2548 ὀλίγα
2387 2469 2927 2546 παραλιμπάνουσιν,
2959 2467 3051 2526 εἴθ’
3105 2467 3314 2527 ἑκόντες
3358 2468 3521 2520 τοῦτο
3569 2461 3804 2521 παθόντες

2179 2567 2259 2635 τῷ
2306 2562 2662 2636 προσπαθεῖν,
2715 2558 2822 2614 εἴτε
2869 2562 2948 2630 τῷ
2997 2557 3072 2630 μὴ
3123 2561 3282 2611 πᾶσιν
3337 2551 3614 2632 ἔφικέσθαι
3659 2549 3805 2619 δυνη-

2181 2654 2358 2721 θῆναι,
2393 2648 2500 2705 δέει
2550 2647 2616 2720 δή
2674 2670 2783 2704 τινι
2840 2649 2928 2702 καὶ
2979 2644 3322 2718 ἀνελευθερίᾳ
3361 2643 3698 2718 πραγμάτων
3723 2660 3806 2695 πε-

2183 2741 2557 2816 ρισχεθέντες·
2608 2738 2696 2794 καὶ
2751 2741 2832 2809 τῷ
2892 2737 2967 2808 μὴ
3027 2732 3241 2810 θαρρεῖν
3301 2731 3436 2796 ἴσως
3485 2737 3605 2792 τοῖς
3643 2728 3805 2789 καλῶς

2183 2826 2533 2908 δεδογμένοις
2615 2821 2993 2898 ἐνδιατρίϐειν,
3052 2822 3234 2897 ὥσπερ
3317 2827 3410 2877 νῦν
3481 2820 3554 2883 εἷς
3623 2819 3805 2878 πλάτος

2183 2920 2324 2976 οὕτω
2355 2926 2452 2988 τῆς
2481 2916 2810 2986 Ἑκκλησὶας
2842 2913 3385 2990 παῤῥησιαζομένης,
3417 2911 3549 2984 ὅπερ
3589 2913 3657 2983 τῇ
3685 2928 3802 2982 παρ·

2183 3011 2315 3082 οὔσῃ
2363 3005 2510 3080 μάλα
2577 3006 2926 3081 πραγματείᾳ
2979 3000 3360 3072 σπουδάζεται.
3423 2995 3678 3060 Εὒσέϐιος
3725 2998 3802 3068 μὲν

2182 3101 2283 3174 γὰρ
2341 3095 2663 3172 τριακοσίων
2713 3095 2802 3149 καὶ
2867 3093 3059 3168 μικρόν
3119 3113 3172 3146 τι
3235 3092 3373 3164 πρὸς
3424 3090 3556 3144 ἑτῶν
3602 3086 3803 3164 ἀριθμὸν

2184 3189 2538 3263 ἀναγράφεται
2565 3205 2579 3219 ·
2613 3187 2663 3240 οἱ
2705 3182 2760 3239 δὲ
2807 3185 2930 3259 περὶ
2981 3182 3278 3256 Σωκράτην
3331 3180 3422 3235 καὶ
3475 3175 3801 3250 Θεοδώρητον

421 3254 493 3339 de
524 3254 698 3340 rebus
727 3293 878 3340 recte
905 3285 1244 3342 constitutis
1279 3254 1464 3356 licuit,
1509 3254 1685 3360 atqu'e
1725 3254 1902 3358 nunc,
1935 3254 1981 3344 ξι

2242 3279 2367 3334 ατόν
2403 3298 2506 3332 που
2537 3278 2626 3332 καί
2664 3276 3064 3349 τεσσαράκοντα
3113 3271 3222 3326 ἀπὸ
3267 3275 3366 3326 τοῦ
3415 3269 3636 3343 πρώτου
3673 3261 3802 3324 ἔτους

421 3374 683 3430 Ecclesia
713 3375 1079 3448 amplissime
1109 3377 1340 3433 dicendi
1374 3383 1432 3434 et
1469 3379 1760 3436 scribendi
1809 3379 2076 3439 libertate

424 3464 608 3520 utitur
639 3479 654 3519 :
689 3480 866 3537 quam
901 3481 1042 3522 sane
1071 3464 1390 3524 libertatem
1421 3468 1480 3524 in
1513 3473 1714 3524 nostro
1763 3469 1870 3526 hoc
1901 3487 2076 3544 opere

424 3553 484 3609 in
515 3553 727 3626 primis
786 3557 1224 3627 usurpabimus.
1271 3558 1580 3616 Enimvero
1618 3559 1903 3616 Eusebius
1957 3567 2076 3618 tre-

425 3648 625 3700 centos
660 3648 718 3700 et
746 3643 972 3716 aliquot
1019 3650 1298 3718 praeterea
1341 3664 1526 3704 annos
1575 3654 1665 3705 est
1715 3651 2074 3722 complexus,

425 3732 696 3790 Socrates
727 3742 920 3790 autem
951 3739 1008 3791 et
1043 3735 1450 3808 Theodoritus,
1499 3754 1604 3794 nec
1655 3739 1853 3796 minus
1903 3741 2075 3798 Sozo-

432 3838 660 3888 manus,
691 3827 930 3880 centum
959 3824 1076 3880 fere
1106 3829 1162 3880 et
1192 3827 1601 3900 quadraginta,
1641 3845 1675 3883 a
1723 3829 1911 3900 primo
1961 3831 2078 3886 sci-

429 3911 564 3970 licet
603 3912 970 3969 Constantini
1027 3915 1217 3986 Magni
1267 3933 1441 3984 anno,
1473 3917 1689 3973 cumis
1745 3917 1934 3974 Caesar
1989 3923 2078 3975 est

432 4002 820 4072 renuntiatus,
847 4021 1032 4076 usque
1075 4005 1144 4060 ad
1193 4006 1488 4062 decimum
1533 4008 1848 4081 septimum
1887 4009 2078 4066 Theo-

431 4090 582 4146 dosii
636 4091 899 4148 Junioris
973 4109 1210 4150 anuum.
1279 4095 1556 4168 Deinceps
1614 4112 1786 4167 porro
1843 4102 1902 4153 et
1952 4097 2078 4170 ipse

427 4180 710 4252 Evagrius
762 4189 993 4254 tempus
1072 4183 1446 4255 prosequitur
1507 4201 1796 4242 annorum
1849 4187 2080 4244 circiter

428 4275 657 4324 centum
699 4273 758 4325 et
788 4269 1176 4342 quadraginta
1203 4291 1216 4328 :
1250 4278 1316 4329 ut
1345 4273 1588 4332 historia
1609 4292 1644 4332 a
1675 4275 1903 4332 Christo
1945 4281 2078 4334 nato

427 4358 640 4426 omnis,
674 4373 849 4430 quam
879 4358 918 4414 ii
951 4377 1098 4432 quos
1141 4363 1572 4421 nominavimus
1622 4365 1879 4423 historici
1941 4383 2080 4424 con-

428 4446 812 4519 scripserunt,
841 4449 1018 4505 simul
1041 4455 1098 4505 et
1119 4451 1364 4507 seorsim
1399 4469 1511 4510 non
1555 4455 1752 4511 minus
1800 4457 2080 4528 temporis

2181 3371 2280 3438 τῆς
2308 3371 2406 3422 τοῦ
2447 3365 2688 3441 μεγάλου
2738 3363 3152 3420 Κωνσταντίνου
3201 3359 3624 3437 ἀναγορεόσεως,
3656 3353 3803 3426 δηλα-

2185 3457 2252 3529 δή
2307 3457 2414 3520 ’έως
2473 3453 2928 3512 ἑπτακαιδεκάτου
2975 3447 3128 3514 ἔτους
3185 3454 3282 3506 τοῦ
3340 3449 3464 3505 νέου
3521 3443 3802 3505 Θεοδοσίου.

2183 3554 2306 3612 Τοῖς
2350 3545 2396 3603 δ’
2452 3547 2643 3624 ἐφεξῆς
2710 3544 2974 3620 Εὖάγριος
3033 3539 3223 3598 δίεισιν
3291 3539 3421 3596 ὡσεὶ
3489 3537 3684 3614 χρόνον
3727 3533 3800 3624 καί

2187 3639 2347 3701 αὐτὸς
2376 3638 2508 3695 ἐτῶν
2547 3637 2733 3693 ἑκατὸν
2783 3635 3218 3709 τεσσαράκοντα·
3264 3631 3339 3694 ὡς
3389 3630 3526 3686 εἶναι
3571 3631 3671 3698 τήν
3716 3621 3802 3679 ἀπὸ

2185 3732 2419 3805 Χριστοῦ
2465 3725 2706 3803 ἱστορίαν
2751 3729 2924 3779 πᾶσαν
2963 3725 3024 3792 ἣν
3061 3723 3114 3777 οἱ
3162 3720 3555 3797 προειρημένοι
3588 3733 3802 3805 συγγρα-

2186 3800 2302 3898 φεῖς
2353 3800 2716 3892 ἀνεγράψαντο
2775 3813 2886 3885 ἰδίᾳ
2941 3835 2998 3868 τε
3054 3813 3144 3868 καὶ
3199 3814 3420 3877 κοινῶς,
3465 3808 3661 3884 χρόνον
3695 3800 3804 3898 ,οὐχ

2184 3892 2344 3980 ἦττον
2391 3909 2426 3979 ἢ
2486 3907 2774 3978 ἑξακοσίων
2833 3903 2988 3959 ἐτῶν.
3039 3905 3158 3959 Τῶν
3213 3898 3272 3955 δὲ
3323 3899 3552 3970 καθεξῆς
3608 3892 3776 3974 χρόνω

2185 4001 2279 4062 τὰς
2336 3999 2483 4074 ἱερὰς
2537 3997 2752 4070 πράξεις
2810 3991 2943 4073 ἄχρι
3002 3990 3069 4062 δὴ
3129 3991 3219 4047 καὶ
3273 3989 3327 4051 ἐς
3397 3986 3577 4062 δεῦρο,
3618 3983 3798 4074 ,καίπερ

2185 4073 2399 4150 πολλὰς
2447 4086 2537 4141 καὶ
2592 4084 2826 4159 μεγάλας
2874 4083 3035 4146 οῧσας
3081 4081 3172 4137 καὶ
3211 4077 3324 4158 οὑχ
3347 4081 3510 4148 ἧττον
3542 4075 3579 4145 ἢ
3610 4073 3799 4136 ἐκεῖναι,

2188 4176 2366 4234 οὐδενί
2413 4201 2501 4235 πω
2545 4182 2652 4234 τῶν
2701 4175 2757 4231 εὑ
2806 4176 3040 4250 ἱστορεῖν
3089 4170 3314 4228 εἰδότων
3355 4169 3432 4232 είς
3462 4173 3589 4223 νοῦν
3621 4162 3797 4242 ἐγένετο

2191 4273 2289 4342 μιᾷ
2342 4271 2650 4346 περιγραφῇ
2726 4265 3016 4336 συντάξεως
3091 4261 3295 4324 ἐκείνας
3354 4280 3412 4314 τε
3469 4258 3554 4314 καὶ
3618 4252 3800 4356 ,ταύτας

2190 4339 2358 4436 ὑφ’ἓν
2406 4339 2957 4434 πραγματεύσασθαι·
3009 4350 3109 4408 οὐκ
3156 4347 3276 4406 οἶδα
3324 4347 3432 4404 εἷ’τε
3464 4345 3702 4423 ῥιιστώντ⁶
3741 4339 3796 4406 δή

2186 4429 2289 4508 τινι
2329 4429 2722 4524 παραλιπόντες
2749 4451 2851 4515 τῆς
2881 4444 3112 4522 φύσεως,
3146 4439 3252 4496 εἴτε
3299 4439 3387 4494 καὶ
3439 4436 3572 4510 πρὸς
3614 4434 3674 4524 τὸ
3719 4429 3800 4524 μέ·

429 4552 610 4609 quam
641 4539 1114 4611 sexingentorum
1158 4558 1445 4598 annorum
1494 4520 1989 4618 complectatur:l

2237 4542 2340 4602 εθος
2389 4546 2487 4608 τῆς
2540 4536 2846 4596 ὑποθέσεως
2893 4533 3311 4602 ἀποκνήσαντες.
3355 4527 3455 4584 Καί
3508 4547 3571 4602 γε
3618 4521 3687 4630 δη
3722 4520 3797 4574 τὸν

430 4641 561 4682 rum
586 4629 782 4682 autem
811 4643 938 4699 quae
969 4632 1173 4700 postea
1202 4629 1518 4688 subsecuta
1557 4613 1696 4690 suht
1745 4639 1990 4708 tempori

2239 4631 2398 4705 ρόνων
2427 4627 2518 4683 καὶ
2559 4630 2665 4681 τῶν
2710 4624 2952 4701 πράξεων
3001 4623 3066 4676 ἓκ
3105 4624 3200 4674 τοῦ
3241 4619 3584 4692 παρήκοντος
3635 4613 3799 4708 ἐρῥιμῖ

429 4730 522 4770 res
571 4715 1015 4787 ecclesiasticas,
1061 4719 1131 4774 ad
1207 4719 1358 4776 hanc
1403 4738 1589 4795 usque
1647 4727 1900 4795 aetatem,
1946 4741 2078 4782 cum

430 4820 534 4861 nec
567 4805 894 4878 pauciores,
927 4823 1030 4863 nec
1062 4807 1312 4866 minores
1345 4827 1519 4882 quam
1565 4811 1675 4868 illae
1723 4819 1938 4882 essent,
1991 4829 2083 4870 ne-

431 4891 575 4948 mini
601 4893 701 4950 uni
727 4909 930 4951 eorum
963 4896 1062 4968 qui
1093 4895 1400 4954 historiam
1435 4901 1690 4957 scribere
1740 4907 2077 4974 potuerunt,

426 4983 487 5038 in
521 4988 778 5040 mentem
809 4984 990 5054 venit,
1025 4986 1198 5044 unius
1228 4988 1420 5060 operis
1470 4990 1762 5047 volumine
1812 4993 1902 5048 his
1945 5009 2078 5049 cum

425 5070 543 5130 illis
571 5074 920 5145 coniunctis,
971 5077 1276 5151 complecti
1316 5083 1487 5150 atque
1536 5083 2029 5154 comprehendere
2063 5101 2076 5139 :

427 5162 624 5220 nescio
657 5165 1000 5223 socordiane
1025 5170 1083 5223 et
1114 5167 1516 5225 imbecillitate
1546 5170 1761 5242 ingenii
1795 5188 1916 5228 rem
1953 5177 2079 5228 tan-

424 5255 546 5308 tam
587 5253 902 5325 omittenti,
953 5273 1025 5311 an
1084 5272 1118 5312 a
1168 5257 1571 5330 magnitudine
1617 5264 1673 5316 et
1733 5259 2081 5318 difﬁcultate

425 5345 756 5415 argumenti
805 5345 1166 5404 abhorrenti.
1219 5347 1446 5420 Quippe
1513 5355 1839 5421 temporum
1901 5351 2078 5407 simul

427 5447 743 5505 rerumque
791 5431 1052 5491 historiis
1109 5437 1356 5510 carptim
1395 5441 1452 5494 et
1509 5437 1692 5494 obiter
1747 5437 1807 5494 in
1860 5440 2080 5496 multos

426 5519 735 5595 variosque
763 5523 1074 5596 scriptores
1113 5529 1172 5582 et
1217 5525 1510 5582 volumina
1559 5527 1856 5603 conjectis,
1895 5529 2080 5586 ardua

428 5613 486 5668 et
506 5607 762 5669 difﬁcilis
789 5628 992 5670 earum
1043 5618 1133 5671 est
1189 5613 1443 5687 cognitio
1491 5619 1549 5670 et
1589 5618 1889 5687 memoria,
1951 5617 2077 5676 aliis

429 5697 649 5760 scilicet
704 5699 820 5759 alio
879 5701 1004 5760 loco
1063 5703 1238 5761 rebus
1294 5702 1672 5761 multifariam
1720 5710 1778 5762 et
1823 5708 2077 5779 sparsim

2192 4693 2360 4794 μένων
2411 4715 2462 4772 ἒν
2522 4713 2760 4776 πολλοῖς
2821 4712 2912 4768 καὶ
2975 4708 3254 4787 διαφόροις
3314 4707 3666 4782 συγγραφεῦσι
3724 4693 3800 4794 καὶ

2188 4785 2604 4884 πραγματείαις,
2665 4801 2937 4878 δυσχερὴς
3011 4785 3208 4874 ἒσάγαν
3284 4785 3798 4885 abducitis-10:?

2434 4901 2541 4953 τῶν
2590 4891 2968 4972 γεγενημένων
3014 4887 3326 4954 καθίστατο,
3359 4882 3539 4976 ἄλλης
3569 4879 3798 4976 ἀλλαχοῦ

2187 4971 2611 5061 διεσπαρμένης
2667 4979 3009 5058 ἀμωσγέπως
3103 4981 3209 5033 τῶν
3296 4972 3562 5048 πράξεων.
3633 4971 3796 5061 ’ξῐμξις

2185 5052 2552 5147 τοίνυνπόνιρ
2581 5052 2780 5144 πολλῷ
2809 5052 2900 5126 καὶ
2937 5069 3125 5148 χρόνῳ
3155 5067 3255 5135 τὴν
3288 5061 3368 5136 ἐφ’
3401 5063 3606 5132 ἑκάστῳ
3652 5052 3799 5148 διάθευ

2187 5189 2266 5221 σιν
2317 5166 2673 5236 ἐξετάσαντες,
2733 5159 2841 5216 δεῖν
2887 5160 3151 5232 ᾠήθημεν
3200 5153 3451 5210 ὑπόθεσιν
3505 5148 3620 5223 μίαν
3668 5144 3797 5240 icto:-

2188 5235 2364 5330 pzxiyi
2401 5259 2500 5322 τῆς
2558 5251 2798 5308 καθόλου
2843 5245 3165 5312 Ἐκκλησίας
3228 5243 3316 5320 ὑφ’
3363 5235 3798 5330 Egyptian-Off?

2186 5341 2661 5419 πραγματεόασθαι
2688 5362 2700 5372 ·
2746 5339 2835 5394 καὶ
2875 5342 3065 5412 πρῶτα
3099 5335 3192 5408 μὲν
3239 5333 3304 5386 τὰ
3353 5334 3462 5384 τῶν
3512 5326 3612 5400 πρὸ
3657 5322 3795 5424 ἡμων

2190 5416 2426 5504 ἰδίᾳζνῶς
2467 5431 2518 5505 γ’
2568 5429 2709 5500 ἐνὸν,
2743 5431 2933 5506 φράσει
2980 5423 3070 5480 καὶ
3127 5416 3545 5506 συντετμημένη
3567 5416 3793 5506 παράδος

2189 5503 2285 5597 μαι
2323 5503 2576 5587 διελθεῖν,
2609 5519 2669 5572 τό
2699 5503 2765 5573 τε
2788 5515 3033 5592 περιττὸν
3062 5513 3260 5584 καὶδτῷ
3290 5507 3478 5589 χρόνῳ
3507 5503 3708 5597 εἰκαῖον

2186 5596 2436 5670 ὑποθέσει
2501 5606 2657 5681 δόξαν
2731 5605 3092 5683 παραλιπεῖν
3155 5601 3217 5656 τὸ
3274 5597 3323 5654 δ’
3379 5596 3678 5683 αναγκαῖον
3710 5596 3791 5648 τῆς

2185 5704 2390 5766 εννοίας
2437 5675 2591 5757 κατᾶ⁷
2620 5675 2820 5775 χώραν’
2873 5699 3042 5772 μένειν
3093 5691 3244 5748 ἐᾶσαι
3271 5709 3284 5722 ο
3329 5688 3420 5744 καὶ
3468 5685 3532 5742 τὰ
3575 5675 3792 5736 ἐνδέοντα
