4100 6218
289 374 416 434 609

288 509 704 581 προσεπιθεῖναι
759 512 874 569 τοῖς
936 505 1153 563 ἐκείνων
1213 505 1627 582 συγγράμμασιν
1661 525 1676 540 ο

295 592 522 654 ἕκαστος
578 593 844 669 ἀναγκαῖα
896 599 1007 650 τῶν
1064 593 1254 650 ἄλλων
1311 593 1732 668 παραλιπόντων
1791 593 1948 650 ἰστό-

298 703 454 755 ρησε,
523 689 602 755 τῷ
666 685 1050 760 συγγράμματι
1103 685 1355 761 ἐξυφῆναι
1402 703 1416 717 ·
1474 685 1573 746 τάς
1617 685 1664 740 τ’
1731 683 1947 740 ἐκείνων

293 771 592 850 διαφωνίας
620 775 756 847 πρὸς
786 773 867 829 τὸ·
903 773 1088 848 χρόνῳ
1135 776 1406 843 κρατῆσαν
1453 769 1576 835 ἔθος
1608 778 1678 848 τῇ
1711 774 1946 842 Ἐκκλη-

294 865 388 936 σία
445 863 786 934 διευθετῆσαί
841 887 900 920 τε
953 867 1044 920 καὶ
1103 864 1384 939 ῥυθμίσαι,
1455 864 1580 920 ὅσον
1646 865 1802 920 νόθον
1855 865 1945 920 καὶ

292 949 568 1023 κίϐδηλον
601 951 998 1028 διωθούμενον,
1030 951 1256 1029 γλώττη
1289 952 1346 1009 δὲ
1374 958 1684 1030 περιτράνῳ
1704 956 1766 1010 τὸ
1786 953 1944 1028 ὀρθὸν

291 1059 352 1096 τε
397 1041 488 1096 καὶ
535 1041 682 1117 ὑγιὲς
730 1047 834 1111 τῆς
887 1041 1124 1104 πίστεως
1197 1040 1708 1116 παρρησιαζόμενον
1753 1059 1766 1074 ο
1838 1040 1949 1094 εἶτα

290 1127 388 1182 καὶ
420 1127 520 1181 ὅσα
546 1131 625 1196 τῷ
653 1127 790 1200 μετᾶ
837 1132 1006 1182 ταῦτα
1055 1125 1488 1202 παραλέλειπται
1519 1127 1724 1201 χρόνῳ,
1774 1144 1946 1200 προσο

292 1217 470 1270 θεῖναι
539 1213 690 1288 μάλα
758 1216 1042 1290 βιάσομαι,
1127 1217 1318 1290 μικρὸν
1403 1216 1603 1270 ἄνωθεν
1669 1219 1766 1269 τοῦ
1831 1215 1948 1268 καθ’

289 1307 446 1377 ἡμᾶς
497 1303 620 1378 βίου
667 1305 765 1373 τήν
812 1305 1050 1371 ἱστορίαν
1103 1303 1460 1379 διαπεραίνων
1489 1325 1502 1339 ·
1537 1304 1572 1373 ἢ
1623 1301 1716 1374 δὴ,
1765 1302 1841 1366 ὥς
1887 1323 1948 1378 γε

293 1396 482 1466 οἶμαι,
539 1399 632 1448 καῖ
694 1393 842 1466 μάλα
898 1393 1128 1450 πλεῖστα
1187 1395 1282 1466 μὲν
1335 1393 1622 1468 ὠφελῆσαι
1690 1391 1944 1463 δυνηθείη

292 1483 428 1545 τοὺς
461 1484 906 1560 ἐστυγχάνυντας,
940 1483 1209 1559 ἐλάχιστα
1240 1481 1287 1538 δ’
1317 1483 1613 1559 ἐνοχλήσει
1658 1489 1776 1546 τοῖς
1823 1483 1947 1557 περὶ

293 1573 469 1643 αύτήν
505 1573 788 1646 ἑλομένοις
837 1572 982 1647 ἔχειν
1035 1569 1339 1648 διατριϐήν.
1392 1574 1630 1644 Ἐξὲσται
1671 1575 1776 1649 γὰρ
1825 1573 1946 1628 ἑκά-

292 1685 412 1736 στῳ
469 1663 672 1734 ταύτης
730 1665 806 1726 ὡς
869 1663 930 1718 ὲκ
999 1663 1247 1737 μεγάλης
1308 1671 1487 1738 πηγῆς
1542 1664 1606 1718 τὸ
1669 1665 1948 1738 χρήσιμον

295 1754 441 1808 ἅπαν
471 1753 749 1828 ἀρύεσθαι.
794 1751 1127 1827 Συνοίδαμεν
1155 1754 1258 1830 γάρ
1297 1774 1414 1814 πως
1463 1754 1539 1824 μή
1590 1750 1780 1826 ῥᾴδιον
1813 1752 1947 1806 εἶναι

295 1841 576 1917 σποράδας
624 1842 788 1905 οὔσας
842 1848 952 1898 τῶν
1007 1842 1280 1899 τοσούτων
1327 1842 1670 1919 ξυηραφὲων
1719 1843 1812 1903 τὰς
1864 1840 1945 1917 βί-

295 1926 472 1993 ϐλους
540 1931 839 2004 εύπορῆσαί
895 1953 1034 1998 τινα,
1091 1933 1191 1998 τὴν
1252 1933 1398 2006 ἱερὰν
1463 1930 1704 2004 ἱστορίαν
1771 1933 1942 1983 πᾶσαν

294 2022 637 2094 πειρώμενον
707 2017 1091 2095 διεξέρχεσθαι.
1147 2023 1368 2075 Ἔπειτα
1415 2020 1504 2074 καὶ
1560 2021 1620 2074 τὸ
1683 2017 1940 2095 διάφορον

290 2116 396 2179 τῆς
431 2112 702 2184 φράσεως,
733 2112 868 2182 πρὸς
920 2109 979 2164 δὲ
1024 2109 1207 2164 καὶτὸ
1247 2109 1462 2178 πλῆθος
1511 2114 1620 2164 τῶν
1669 2130 1944 2184 συγγραμ⁸

296 2203 511 2271 μάτων,
571 2196 884 2278 δυσέφικτον
960 2200 1096 2253 πάνυ
1171 2199 1262 2253 καὶ
1333 2196 1781 2268 δυσκατάληπτον
1847 2200 1944 2266 τὴν

291 2287 576 2361 ἀνάληψιν
635 2287 807 2344 ἐποίει
855 2292 963 2342 τῶν
1029 2289 1290 2361 πράξεων.
1349 2293 1418 2342 "ﬂ
1474 2308 1534 2362 γε
1593 2291 1702 2362 μὴν
1756 2289 1809 2342 ἐν
1851 2292 1949 2360 μιᾷ

296 2379 601 2448 συντάξεως
671 2383 978 2454 περιγραφῇ
1051 2375 1422 2452 πραγματεία,
1500 2379 1564 2432 τὸ
1637 2375 1944 2451 ἐῤῥωμὲνον

297 2468 382 2546 ἐφ’
453 2467 616 2522 ἅπασι
675 2462 1100 2540 προϐαλλομένη
1163 2471 1269 2521 τῶν
1331 2464 1658 2540 διηγήσεων,
1736 2464 1797 2521 ἐκ
1851 2469 1948 2520 τοῦ

300 2559 506 2632 ῥᾴστου
535 2563 650 2619 τοῖς
703 2557 1062 2632 βουλομένοις
1110 2557 1338 2628 ἑτοίμην
1386 2557 1480 2629 μὲν
1521 2555 1816 2631 παρέχεται
1847 2557 1946 2624 τὴν

298 2647 610 2720 ἀνάγνωσιν
637 2665 654 2680 ο
695 2647 793 2714 τήν
831 2643 890 2700 δὲ
937 2647 1270 2720 κατάληψιν,
1312 2643 1368 2700 εὖ
1423 2645 1572 2718 μάλα
1612 2645 1946 2722 ἐφεπομένην

297 2738 400 2804 τῆς
428 2737 676 2811 φράσεως
719 2740 800 2807 τῷ
842 2740 1042 2807 ταυτῷ,
1094 2735 1210 2790 οἷόν
1259 2755 1375 2789 τινα
1421 2737 1597 2809 σειρὰν
1631 2740 1790 2788 πᾶσιν
1821 2735 1949 2810 ἐφε-

302 2826 400 2895 ξῆς
441 2825 846 2898 ἁρμοζομένην,
902 2823 1218 2897 θαυμασίως
1266 2843 1324 2878 τε
1371 2821 1808 2895 ἐπιπλεκομὲνην
1857 2823 1948 2877 καὶ

301 2910 718 2987 διανρέχουσαν.
776 2917 1046 2968 Τοσοῦτον
1105 2909 1154 2966 δ’
1221 2911 1504 2988 ὑπερέχειν
1558 2909 1730 2986 ἔγωγε
1791 2913 1947 2984 οἶμαι

299 3003 508 3072 ταύτην
553 3007 664 3057 τῶν
711 3001 916 3068 ἄλλων,
967 3002 1080 3075 ὅσῳ
1125 3003 1546 3077 χρησιμώτερον
1592 3003 1654 3056 τὸ
1701 3007 1802 3056 πᾶν
1848 3007 1946 3057 τοῦ

303 3091 526 3167 μέρους,
585 3093 674 3148 καὶ
730 3097 826 3148 τοῦ
885 3089 1218 3167 διῃρημένου
1267 3092 1330 3147 τὸ
1375 3093 1624 3169 συνεχὲς.
1683 3090 1838 3146 Οἱὶτω
1889 3088 1947 3146 δὲ

299 3181 738 3257 χρησιμωτάτης
815 3181 981 3250 οὔσης
1055 3187 1156 3250 τῆς
1213 3181 1541 3249 ὑποθέσεως,
1608 3183 1770 3254 ἡμεῖς
1837 3179 1947 3255 οὐχ

293 3272 518 3335 ἁπλῶς,
549 3270 694 3326 ἀλλά
721 3271 812 3325 καὶ
853 3269 1006 3342 πόνῳ
1041 3268 1181 3339 δῆτα
1228 3270 1428 3342 πολλῷ
1474 3269 1674 3339 ταύτην
1723 3270 1940 3326 συνελε-

292 3359 524 3434 ξάμεθα,
554 3364 634 3431 τῷ
666 3357 896 3433 μεγάλῳ
926 3363 1031 3431 νεῷ
1059 3366 1158 3428 τῆς
1202 3363 1302 3413 τοῦ
1343 3362 1477 3414 Θεοῦ
1527 3357 1706 3433 Λόγου
1739 3358 1941 3434 Σοφίας

289 3451 432 3520 ἐξέτι
484 3451 606 3506 νέου
654 3451 855 3512 ἱκανῶς
905 3447 1352 3524 παρεδρεύοντες,
1391 3449 1480 3505 καί
1532 3449 1590 3505 ἐκ
1643 3454 1752 3504 τῶν
1798 3449 1944 3523 παρᾶ

287 3541 500 3610 ταύτης
561 3540 972 3612 ὑπομνημάτων
1029 3540 1096 3594 τὰ
1168 3537 1348 3594 πλείω
1431 3538 1820 3614 ἐρανιζόμενοι.
1883 3541 1940 3594 Τί

290 3631 395 3704 γὰρ
456 3627 520 3683 ἂν
581 3628 717 3702 αὐτῇ
776 3629 1167 3706 χαρισαίμεθα,
1232 3627 1465 3683 πολλῶν
1521 3627 1611 3682 καὶ
1673 3627 1942 3703 μεγίστων

292 3723 433 3791 ἡμῖν
481 3715 729 3792 δαψιλῶς
780 3715 1090 3791 μεταδούσῃ
1122 3722 1404 3791 χρηστῶν,
1454 3716 1542 3770 καὶ
1581 3721 1678 3772 τοῦ
1708 3737 1771 3793 γε
1808 3717 1945 3772 κάλ-

291 3806 430 3870 λους
459 3805 626 3875 αὐτῆς
659 3805 918 3883 ἐντρυφᾷν
947 3805 1156 3880 ἀνείσῃ,
1195 3805 1286 3860 καὶ
1327 3803 1533 3860 δίαιταν
1577 3803 1634 3860 δὲ
1681 3805 1770 3860 καὶ
1811 3826 1940 3860 κατ-

287 3897 520 3970 αγωγὴν
551 3895 606 3949 ἐν
637 3894 774 3969 αὐτῇ
825 3893 1031 3966 πολλῷ
1059 3899 1136 3966 τῷ
1187 3896 1336 3968 μέσῳ
1381 3895 1570 3968 χρόνῳ
1623 3891 1945 3968 δωρησαμὲ-

289 4008 380 4056 νη,
440 3986 636 4040 ὡσανεὶ
691 3985 782 4039 καὶ
843 3983 1227 4057 μαιευσαμένῃ,
1285 3984 1374 4038 καὶ
1423 3984 1476 4046 ἐς
1526 3981 1652 4038 τόδε
1725 3983 1945 4054 ἡλικίας

287 4076 440 4146 ἡμᾶς
473 4073 564 4126 καὶ
599 4073 767 4148 λόγου
798 4072 1214 4148 προαγαγούσῃ,
1245 4074 1278 4143 ἢ
1309 4073 1370 4127 τὸ
1401 4072 1468 4128 τὰ
1500 4070 1668 4140 αὐτῆς
1716 4072 1944 4136 ἅπαντα,

283 4160 410 4218 ’ἴσον
443 4161 492 4216 δ’
543 4161 712 4218 εἰπεῖν
761 4161 851 4217 καὶ
902 4159 972 4216 τὰ
1017 4167 1120 4230 τῆς
1167 4163 1409 4217 καθόλου
1469 4160 1821 4231 Ἐκκλησίας,
1871 4160 1946 4222 ὡς

288 4251 407 4308 ἐνόν
439 4272 525 4326 γε,
575 4249 743 4325 ἄρδην
812 4247 1114 4320 διαλαϐεῖν,
1175 4252 1262 4306 καὶ
1313 4255 1428 4312 τοῖς
1483 4249 1842 4324 βουλομένοις
1893 4250 1944 4312 ἐς

290 4344 488 4411 κοινὴν
516 4342 795 4412 προθεῖναι
844 4341 1140 4415 ἀκρόασιν;
1193 4339 1255 4395 ού
1306 4339 1551 4414 φράσεως
1585 4337 1771 4414 ὄγκον,
1821 4337 1947 4395 ουδὲ

292 4430 478 4506 λόγων
539 4431 868 4504 κομψότητα
921 4431 1040 4504 περὶ
1103 4427 1364 4484 πλείστου
1435 4425 1502 4497 δὴ
1562 4429 1946 4500 ποιουμένους,

1325 369 1953 434 EGCLESIASTICE
1991 369 2382 438 HISTORIA“:
2420 374 2569 434 ΜΒ.
2615 374 2666 434 Ι.

1751 503 1851 561 ὅσα
1895 507 1942 560 θ’
1974 511 2024 577 Α
2057 506 2382 579 descriptis.
2449 509 2564 577 Ego
2626 523 2758 563 vero
2807 505 3004 563 labore
3057 509 3117 562 et
3167 509 3430 577 tempore
3489 487 3700 576 multo,

1977 1887 2024 1951 Β

3585 362 3705 434 61Ὸ

2055 596 2355 654 aﬂ‘ectione
2394 603 2449 651 et
2497 596 2786 652 sententia
2826 597 3116 668 cujusque
3142 594 3444 666 inquisita,
3477 595 3700 652 facien-

2055 687 2197 743 dum
2248 685 2390 742 mihi
2442 687 2656 757 putavi,
2707 690 2772 741 ut
2819 689 3229 757 argumentum
3279 691 3338 742 et
3393 685 3697 743 materiam

2057 793 2314 844 omnem,
2346 793 2520 832 unam
2564 775 2869 832 historiam
2918 774 3214 832 catholica
3256 776 3524 832 Ecclesia
3555 773 3704 831 mihi

2057 881 2458 939 proponerem,
2489 869 2564 933 et,
2597 865 2714 921 Deo
2763 865 2906 921 bene
2949 866 3210 936 juvante,
3259 881 3388 922 eam
3429 865 3487 920 in
3517 881 3699 922 unum

2057 972 2206 1027 opus
2237 956 2582 1026 redigerem.
2612 955 2686 1010 Et
2709 954 2965 1026 primum
2996 970 3065 1011 ea
3094 970 3226 1026 qua
3258 953 3330 1010 ab
3361 954 3431 1009 iis
3453 955 3698 1026 scripto-

2057 1043 2244 1112 ribus,
2271 1043 2369 1114 qui
2415 1047 2549 1098 ante
2598 1059 2702 1098 nos
2754 1043 3010 1108 fuerunt,
3054 1043 3262 1097 tradita
3311 1046 3471 1106 sunt,
3521 1041 3696 1114 style,

2058 1140 2342 1204 quantum
2376 1131 2500 1186 fieri
2530 1131 2759 1203 poterit,
2783 1135 2983 1186 nostro
3016 1129 3281 1202 persequi
3314 1131 3691 1187 conabimur:

2059 1227 2115 1278 at
2146 1223 2194 1278 si
2221 1221 2356 1292 quid
2389 1220 2756 1293 superﬂuum
2787 1225 2844 1276 et
2863 1223 3152 1276 vetustate
3166 1219 3289 1290 jam
3315 1221 3698 1290 prasentibus

2056 1311 2421 1384 temporibus
2469 1319 2520 1367 et
2563 1309 2678 1382 ipsi
2728 1309 2978 1366 materia
3023 1308 3230 1365 inutile
3275 1309 3470 1366 visum
3505 1311 3699 1374 fuerit,

2056 1401 2114 1456 id
2138 1399 2636 1472 pratermittemus
2660 1415 2674 1454 :
2707 1415 2838 1470 qua
2857 1414 2990 1455 vero
3011 1397 3316 1456 sententia
3339 1406 3393 1455 et
3421 1397 3700 1454 doctrina

2058 1491 2400 1546 necessaria
2445 1494 2607 1556 sunt,
2661 1505 2759 1544 ess
2805 1505 2910 1544 suo
2959 1487 3084 1545 loco
3115 1487 3554 1544 collocabimus.
3589 1485 3693 1544 81

2055 1581 2334 1635 Praterea
2357 1596 2486 1650 qua
2515 1581 2716 1634 deesse
2739 1577 3160 1648 judicabimus,
3199 1577 3432 1648 scriptis
3464 1575 3695 1632 illorum

2055 1671 2336 1726 addemus
2369 1685 2382 1722 :
2416 1678 2470 1723 et
2500 1683 2867 1739 quacunque
2910 1667 3242 1738 cognitione
3285 1667 3467 1739 digna
3495 1681 3699 1722 eorum

2056 1759 2392 1830 quisquam,
2453 1757 2583 1813 aliis
2657 1756 3088 1821 omittentibus,
3155 1755 3482 1824 adnotavit,
3537 1753 3694 1827 operi

2057 1852 2256 1904 nostro
2283 1847 2630 1903 intexemus.
2662 1845 2942 1901 Dabimus
2985 1845 3160 1901 etiam
3191 1861 3444 1917 operam,
3475 1847 3541 1900 ut
3569 1844 3700 1900 dis-

2053 1939 2366 1996 sentientes
2422 1937 2660 1992 illorum
2721 1935 3027 2007 opiniones
3079 1935 3152 1990 ad
3209 1933 3696 1991 consuetudinem

2055 2026 2340 2093 Ecclesia,
2393 2042 2520 2098 qua
2569 2033 2896 2094 temporum
2951 2022 3381 2096 proscriptione
3424 2021 3696 2091 invaluit,

2055 2114 2377 2186 dirigamus
2408 2117 2583 2185 atque
2614 2112 3142 2168 accommodamus.
3184 2111 3476 2182 Quidquid
3507 2109 3696 2165 insin-

2054 2218 2247 2259 cerum
2295 2203 2807 2272 adulterinumque
2872 2203 3062 2267 fuerit,
3123 2199 3581 2272 repudiabimus,
3641 2203 3698 2256 et

2055 2307 2321 2348 sermone
2347 2291 2596 2363 simplici
2645 2299 2698 2346 et
2729 2294 2926 2360 aperto
2959 2294 3177 2344 rectam
3210 2304 3529 2360 canamque
3557 2288 3691 2344 fidei

2055 2382 2379 2438 doctrinam
2429 2397 2564 2438 cum
2635 2380 2898 2452 legitima
2953 2377 3692 2447 libertate-‘proﬂtebimur.

2059 2471 2338 2542 Deinceps
2367 2476 2426 2526 et
2450 2487 2519 2526 ea
2539 2486 2668 2542 qua
2697 2469 3190 2541 consequentibus
3215 2468 3502 2540 praterita
3521 2470 3696 2525 omis-

2058 2578 2238 2632 saque
2267 2567 2406 2616 sunt
2453 2559 2834 2630 temporibus,
2879 2558 3130 2631 adjicere
3159 2556 3546 2625 studebimus,
3579 2573 3694 2613 non

2056 2651 2142 2708 ita
2172 2654 2340 2720 longe
2368 2654 2504 2706 ante
2525 2649 2714 2705 atatis
2742 2653 2954 2704 nostra
2983 2652 3215 2718 tempus
3237 2646 3492 2702 historia
3523 2646 3699 2702 tinem

2056 2737 2408 2810 imposituri.
2442 2741 2521 2792 Ea
2568 2752 2724 2804 vero,
2771 2741 2832 2792 ut
2875 2735 3148 2809 equidem
3185 2738 3346 2806 puto,
3378 2733 3698 2805 plurimum

2057 2828 2372 2884 lectoribus
2404 2827 2683 2898 prodesse
2733 2824 2948 2898 poterit
2979 2839 2994 2880 :
3039 2824 3351 2880 minimum
3383 2831 3536 2880 certe
3567 2839 3703 2878 mo-

2057 2918 2236 2974 lestia
2268 2931 2494 2972 versare
2523 2931 2651 2970 eam
2682 2914 3012 2971 volentibus
3059 2912 3277 2969 afferet.
3320 2911 3516 2968 Cuivis
3544 2911 3702 2967 enim

2057 3023 2128 3064 ex
2155 3022 2244 3072 ea,
2285 3011 2560 3076 tanquam
2610 3019 2678 3060 ex
2724 3007 2877 3060 fonte
2909 3003 3190 3068 uberiore,
3225 3003 3517 3074 ingentem
3550 3001 3706 3056 utili-

2059 3101 2237 3152 tatem
2299 3094 2532 3151 haurire
2588 3093 2804 3149 licebit.
2865 3091 3016 3148 Satis
3073 3091 3229 3147 enim
3275 3094 3520 3158 constat,
3567 3105 3704 3146 cum

2065 3183 2262 3256 plures
2299 3183 2419 3239 sint
2447 3181 2974 3238 ecclesiasticorum
3009 3177 3416 3236 historicorum
3448 3177 3702 3250 sparsim

1975 3248 2019 3314 α
2057 3248 2254 3343 scripti
2315 3273 2466 3340 libri,
2529 3289 2644 3328 non
2703 3270 2869 3326 facile
2923 3285 3054 3325 esse
3103 3284 3200 3325 eos
3256 3248 3589 3340 comparare
3649 3272 3707 3323 et

2057 3365 2358 3436 consequi,
2399 3363 2452 3419 ei
2500 3363 2600 3434 qui
2644 3378 2872 3418 sacram
2904 3361 3210 3418 historiam
3243 3375 3478 3416 omnem
3509 3358 3703 3430 perle-

2049 3470 2185 3528 gere
2236 3460 2295 3509 et
2343 3468 2694 3524 cognoscere
2737 3451 2894 3508 velit.
2949 3450 3230 3507 Praterea
3271 3449 3516 3504 varietas
3562 3447 3702 3518 styti

2052 3553 2107 3599 et
2135 3543 2505 3606 elocutionis,
2537 3546 2664 3596 tum
2688 3541 2863 3596 etiam
2895 3538 3176 3596 librorum
3210 3537 3546 3606 multitudo,
3579 3536 3703 3592 effi-

2053 3633 2220 3689 ciunt
2249 3638 2313 3688 ut
2360 3631 2544 3686 ardua
2589 3630 2910 3686 admodum
2958 3633 3018 3683 st
3065 3625 3320 3684 difﬁcilis
3371 3625 3704 3697 legentibus

2053 3722 2284 3779 eveniat
2334 3735 2526 3776 rerum
2581 3717 2854 3789 cognitio.
2910 3716 3069 3787 Opus
3139 3731 3265 3770 rero
3335 3718 3700 3786 perpetuum,

2056 3825 2287 3880 unoque
2319 3808 2627 3878 Scriptura
2659 3809 2931 3860 contextu
2957 3802 3372 3875 compositum,
3398 3816 3488 3856 res
3511 3804 3702 3856 certas

2055 3899 2442 3968 undequaque
2507 3893 2940 3950 narrationibus
3007 3891 3274 3946 dilucidis
3343 3904 3702 3946 commemo-

2053 4004 2211 4054 rans,
2242 3985 2464 4042 facilem
2495 3984 2766 4040 omnibus
2795 3987 2854 4038 et
2888 3987 3218 4054 promptam
3247 3980 3477 4036 exhibet
3501 3979 3699 4034 lentim

2057 4092 2188 4132 nem
2235 4093 2250 4130 :
2309 4080 2366 4131 et
2421 4081 2652 4145 propter
2699 4073 2971 4128 eumdem
3022 4070 3368 4128 elocutionis
3415 4075 3699 4138 tenorem,

2054 4169 2510 4237 consequentem
2568 4177 2799 4235 quoque
2844 4177 3038 4218 rerum
3090 4162 3351 4232 ipsarum
3411 4157 3720 4232 cognitio-.

2057 4271 2212 4322 nem,
2243 4261 2526 4326 tanquam
2560 4252 2871 4323 quamdam
2928 4255 3188 4309 catenam
3237 4249 3396 4307 omni
3439 4263 3507 4304 ex
3537 4253 3705 4320 parte

2055 4346 2255 4401 ordine
2285 4360 2392 4400 suo
2426 4351 2774 4415 coeptatam,
2801 4340 3264 4410 mirabiliterque
3291 4339 3446 4394 inter
3475 4354 3538 4395 se
3567 4353 3706 4394 con-

2058 4441 2293 4502 textam,
2345 4439 2403 4489 et
2445 4432 2626 4488 veluti
2674 4434 3133 4504 procurrentem.
3185 4428 3444 4498 Denique
3471 4431 3701 4482 tantum

292 4519 421 4577 ἀλλ’
458 4518 650 4580 ἁπλῶς
684 4516 830 4574 οὕτω
859 4521 1042 4595 γυμνὰ
1068 4524 1187 4580 τοῖς
1218 4523 1344 4574 πᾶσι
1389 4519 1674 4593 προθεῖναι
1703 4519 1768 4572 τά
1813 4521 1945 4572 κατᾶ

2060 4527 2320 4578 nostram
2353 4520 2504 4578 hanc
2535 4521 2840 4576 historiam
2871 4517 3004 4574 aliis
3025 4530 3296 4590 praestare
3327 4521 3489 4588 puto,
3521 4530 3706 4587 quan-

293 4613 390 4672 τὰς
454 4607 751 4678 ἐκκλησίας
801 4591 1038 4684 ἐξαρχῆς
1089 4591 1443 4686 γεγενημένα.
1472 4605 1705 4663 διελθεῖν
1755 4627 1945 4680 πειρω-

2059 4616 2186 4668 tum
2219 4611 2366 4682 parti
2398 4615 2586 4666 totum
2619 4613 2880 4681 prastat,
2902 4617 2954 4663 et
2974 4605 3326 4678 interpolato
3357 4605 3700 4660 continuum

296 4699 520 4773 μένους,
577 4700 644 4752 τὰ
691 4701 819 4772 παρ’
872 4700 1118 4760 ἑκάστοις
1192 4698 1554 4772 ἱστορούμενα
1609 4698 1750 4753 κατὰ
1818 4697 1945 4758 τοὺς

295 4787 574 4864 ἀρχαίους
608 4789 866 4862 χρόνους,
898 4787 980 4864 ἐφ’
1011 4789 1138 4843 ὅσον
1169 4789 1306 4860 ἡμῖν
1333 4790 1368 4857 ἡ
1401 4789 1525 4860 περί
1556 4786 1754 4862 λόγους
1787 4783 1947 4840 δύνα-

297 4891 396 4953 μις
437 4879 678 4952 εὐπορεῖ,
725 4876 910 4941 καλῶς
959 4879 1050 4932 καὶ
1105 4879 1179 4940 ὡς
1228 4884 1510 4952 προσῆκον
1539 4877 1630 4945 ἦν,
1678 4875 1952 4946 ἐξετάσαν-

293 4989 416 5032 τας.
445 4969 599 5024 Ἐπεὶ
653 4966 699 5020 δ’
745 4971 882 5039 ἡμῖν
930 4968 1181 5030 ὑπόθεσις
1227 4967 1387 5036 αὕτη,
1437 4965 1521 5022 δεῖ
1568 4963 1625 5021 δὲ
1671 4963 1950 5044 σαφρνείας

299 5060 467 5133 χάριν
496 5057 588 5112 καί
616 5078 734 5112 τινα
790 5058 911 5130 περί
969 5060 1069 5122 τῆς
1126 5056 1265 5126 δλης
1304 5054 1676 5132 πραγματείας
1723 5051 1953 5129 προδιο-

298 5149 484 5224 ρίσαιο
549 5147 744 5217 ἶστὲον,
791 5148 868 5208 ὡς
925 5151 961 5217 ἡ
1017 5147 1113 5220 μὲν
1185 5145 1378 5219 βίϐλος
1425 5151 1568 5202 πᾶσα
1625 5145 1701 5208 εἰς
1749 5145 1956 5218 τόμους

293 5241 434 5312 ἡμῖν
469 5234 728 5312 διῄρηται
766 5239 855 5306 ιη’.

2063 4716 2229 4772 opus.
2261 4700 2552 4770 Quidquid
2605 4703 2799 4754 autem
2847 4701 3081 4752 esttam
3117 4695 3274 4752 utilis
3303 4693 3456 4759 libri,
3487 4693 3544 4747 id
3586 4707 3703 4747 non

2061 4790 2144 4846 ita
2189 4789 2378 4852 facile.
2432 4790 2534 4844 sed
2585 4789 2772 4842 multo
2823 4803 2963 4842 sane
3013 4801 3146 4842 cum
3180 4783 3392 4849 labore,
3429 4796 3560 4837 cum
3593 4783 3703 4834 ad-

2061 4880 2178 4934 huc
2225 4895 2258 4933 a
2298 4879 2376 4950 (li
2429 4877 2622 4946 pueris
2666 4878 2738 4933 ad
2784 4885 3100 4948 augustum
3145 4872 3333 4943 ipsius
3380 4870 3483 4926 Dei
3536 4869 3706 4926 Verbi

2063 4968 2374 5040 Sapientia
2427 4968 2712 5040 templum
2763 4981 3048 5029 essemus,
3105 4966 3164 5018 et
3218 4960 3467 5031 plurima
3510 4975 3580 5014 ex
3621 4959 3707 5015 eis

2065 5073 2197 5129 qua
2225 5057 2304 5112 ibi
2338 5062 2498 5123 sunt,
2528 5056 2923 5113 voluminibus
2945 5061 3003 5108 et
3023 5049 3457 5108 commentariis
3491 5053 3707 5119 petere-

2065 5162 2198 5202 mus
2255 5146 2622 5217 collegimus.
2673 5146 2850 5209 Quam
2906 5157 3040 5197 vero
3088 5139 3259 5194 aliam
3321 5139 3430 5210 ipsi
3481 5142 3707 5194 aterna

2063 5236 2372 5309 Sapientia
2405 5237 2754 5292 referremus
2785 5233 3057 5304 gratiam,
3081 5246 3210 5302 qua
3233 5227 3486 5286 maxima
3507 5228 3566 5283 in
3600 5243 3706 5284 nos

295 5332 519 5404 prolir
576 5331 822 5388 contulit
865 5330 1163 5397 beneficia,
1213 5335 1270 5384 et
1317 5345 1420 5386 nos
1471 5327 1805 5384 amanitate
1857 5326 2194 5398 deliciisque
2253 5328 2377 5382 suis
2426 5325 2647 5398 perfrui
2697 5328 2786 5379 est
2839 5338 3035 5394 passa,
3095 5319 3457 5377 domicilium
3515 5318 3596 5373 ibi
3649 5320 3706 5373 et

297 5424 670 5479 mansionem
725 5422 904 5477 multo
947 5427 1209 5492 tempore
1267 5421 1436 5477 nobis
1481 5419 1770 5492 prabens,
1819 5418 1920 5475 88
1967 5423 2026 5474 et
2075 5418 2350 5490 pietatem
2397 5416 2563 5488 quasi
2612 5414 2920 5486 cujusdam
2980 5411 3312 5468 obstetricis
3358 5418 3412 5466 et
3459 5407 3708 5465 nutricis

373 5623 451 5694 (1)
501 5621 786 5695 Volumen
845 5621 994 5695 istud
1052 5619 1409 5695 Nicephorus
1465 5619 1960 5695 Constantinopoli
2021 5621 2092 5675 ad
2152 5621 2438 5695 templum
2493 5620 2742 5690 Sophia,
2796 5619 2894 5676 ubi
2949 5618 3298 5676 bibliotheca
3345 5617 3598 5692 insignis
3644 5622 3704 5678 et

253 5689 264 5699 ’
298 5689 724 5752 monachorum
764 5694 1107 5750 asceterium
1136 5692 1266 5760 fuit,
1300 5692 1648 5764 composuit.
