3950 6214
428 356 496 414 61
513 357 542 417 1
1719 355 2081 417 NICEPHOI

2202 352 2528 416 IALLISTI
3699 359 3804 418 612

435 495 741 562 praestans,
793 497 964 558 atque
1012 487 1082 541 ad
1135 487 1188 542 id
1235 505 1338 543 nos
1382 489 1567 544 artatis
1611 493 1668 543 et
1720 489 2008 556 profectus
2058 491 2367 548 deducens.
2421 501 2588 552 quam
2641 491 2706 541 ut
2759 503 2849 542 res
2897 487 3044 557 ejus,
3097 487 3341 543 fortasse
3389 492 3588 545 autem
3631 489 3808 546 dicen-

434 583 575 637 dum
631 579 920 636 catholicae
981 577 1268 644 Ecclesiae,
1321 594 1544 645 omnes,
1605 583 1892 648 quantum
1955 578 2077 634 ﬁeri
2139 578 2340 649 possit,
2405 593 2520 632 uno
2590 575 2884 632 volumine
2950 577 3600 649 comprehenderemus,
3659 583 3713 635 et
3761 579 3814 634 id

435 670 664 743 publice
723 667 1000 722 omnibus
1055 667 1114 720 in
1161 683 1524 723 communem
1587 685 1760 722 usum
1817 669 2100 722 utendum
2157 666 2574 724 collocaremus
2612 665 2639 721 ?
2699 666 3044 722 elocutionis
3103 668 3349 736 pondus,
3411 669 3816 742 verborumque

434 763 770 816 ornamenta
801 757 998 812 minus
1028 761 1472 812 consectantes:
1516 759 1614 812 sed
1661 757 1920 812 oratione
1970 774 2134 827 pura,
2191 772 2282 812 res
2334 761 2582 827 apertas,
2625 761 2687 812 ut
2731 757 2802 812 ab
2853 756 3018 812 initio
3069 757 3128 811 in
3179 757 3437 814 ecclesiis
3467 767 3606 814 sunt
3633 765 3814 830 gestae,

437 848 620 906 cuivis
678 862 959 915 exponere
1009 854 1304 900 conantes.
1365 845 1525 908 Quod
1587 851 1650 900 ut
1705 845 1890 902 facere
1949 861 2272 916 possemus,
2345 851 2630 916 quantum
2707 845 3053 902 eruditionis
3130 851 3338 901 nostra:
3395 847 3644 904 tenuitas
3699 864 3816 919 ρει·-

439 939 620 1002 misit,
657 953 790 992 cum
831 953 968 991 cura
1025 939 1083 990 et
1133 935 1262 1004 fide,
1316 953 1442 1006 quas
1491 936 1559 990 de
1607 937 1779 991 rebus
1825 941 2088 991 veterum
2139 944 2466 1007 temporum
2519 937 2577 991 in
2627 941 3013 992 monumenta
3053 941 3187 992 sunt
3241 936 3439 1005 relata,
3491 938 3818 1010 perquisivi-

438 1044 590 1084 mus.
623 1025 838 1081 Verum
869 1025 1162 1080 enimvero
1211 1040 1344 1080 cum
1390 1042 1456 1080 ea
1506 1025 1668 1080 nobis
1715 1027 1790 1080 sit
1837 1025 2134 1096 proposita
2183 1025 2474 1080 scribendi
2528 1025 2791 1092 materia,
2827 1031 2892 1082 ut
2921 1023 3234 1080 dilucidior
3265 1042 3354 1081 res
3380 1028 3576 1083 omnis
3607 1028 3722 1096 fiat,
3761 1031 3821 1083 de

435 1123 552 1171 toto
596 1131 768 1184 opere
820 1113 1288 1183 prasmittendum
1338 1113 1550 1184 aliquid
1605 1113 1902 1168 duximus.
1953 1114 2269 1170 Sciendum
2321 1113 2536 1185 itaque,
2587 1118 2770 1169 totum
2823 1113 2932 1170 hoc
2978 1113 3246 1170 volumen
3298 1115 3472 1171 nobis
3531 1115 3589 1170 in
3639 1118 3820 1172 decem

437 1211 494 1262 et
525 1211 652 1260 octo
685 1209 873 1260 tomos
906 1220 1032 1258 esse
1065 1203 1336 1258 divisum.

511 1295 728 1350 Horum
797 1293 1022 1364 primus
1097 1309 1188 1346 res
1263 1297 1457 1364 gestas
1516 1294 1833 1350 Servatoris
1891 1295 2074 1349 nostri

2255 1293 2469 1348 Τούτων
2511 1294 2539 1346 ὁ
2601 1294 2693 1364 μὲν
2739 1297 2958 1366 πρῶτος
3006 1293 3073 1347 τὰ
3124 1295 3262 1348 κατά
3307 1294 3400 1348 τὸν
3451 1301 3684 1368 Σωτῆρα
3737 1294 3818 1348 καὶ

439 1381 654 1438 Christi
677 1385 809 1438 Jesu
843 1381 1280 1452 complectetur,
1307 1389 1371 1437 ut
1402 1384 1626 1440 scilicet
1663 1385 1759 1439 ille
1788 1402 1820 1438 a
1853 1384 2080 1455 proprio

443 1471 649 1527 throno
677 1472 1042 1526 intransitive
1073 1473 1318 1538 excitus,
1355 1481 1588 1543 propter
1609 1471 2080 1543 incomparabilis

440 1561 717 1616 bonitatis
752 1559 1116 1614 aﬂ‘ectionem
1147 1565 1202 1613 et
1253 1559 1733 1628 misericordiam,
1777 1565 2081 1632 assumpta

437 1664 502 1702 ex
554 1647 734 1701 Maria
787 1647 1012 1716 virgine
1075 1661 1268 1714 carne,
1335 1651 1390 1701 et
1445 1654 1668 1703 terreno
1719 1649 1848 1703 vitae
1903 1665 2078 1702 cursu

437 1753 614 1807 quam
662 1735 882 1805 optime
931 1735 1210 1804 confecto,
1258 1753 1356 1807 per
1400 1736 1715 1792 salutarem
1753 1737 2078 1807 passionem

437 1829 610 1894 atque
660 1829 930 1878 naturam
981 1840 1214 1880 omnem
1271 1831 1648 1895 superantem
1709 1825 2080 1881 resurrectio-

437 1929 594 1980 nem,
627 1915 693 1968 ad
729 1913 1040 1968 Paternum
1091 1929 1295 1969 rursus
1349 1913 1676 1970 ascenderit
1724 1915 1959 1979 solium,
1993 1930 2080 1968 re-

437 2000 815 2057 concilatione
847 2006 1046 2056 nostra
1076 2017 1180 2056 suo
1229 2001 1414 2071 ipsius
1453 2003 1604 2058 Patri
1631 2003 1882 2074 perfecta
1910 2006 2082 2072 atque

437 2089 734 2146 absoluta.

513 2179 814 2233 Secundus
864 2194 930 2232 ea
979 2195 1104 2250 quea
1161 2179 1232 2233 ad
1285 2180 1562 2250 Spiritum
1604 2185 1874 2236 sanctum
1905 2182 2081 2251 perti-

443 2273 584 2324 nent
639 2267 1107 2338 comprehendet.
1169 2269 1320 2333 Quas
1395 2269 1494 2325 ille
1562 2269 1782 2326 scilicet
1841 2287 1933 2326 res
1983 2288 2084 2341 per

441 2373 640 2412 sacros
685 2356 972 2427 apostolos
1026 2359 1352 2428 peregerit:
1396 2359 1724 2430 quibusque
1777 2359 1858 2414 illi
1908 2361 2079 2415 rebus

441 2446 640 2517 gestis,
672 2444 898 2517 qualem
933 2445 1106 2500 finem
1159 2446 1284 2500 Viti:
1333 2449 1578 2519 quisque
1615 2464 1816 2504 eorum
1849 2449 2079 2518 ceperit,

443 2539 815 2591 sacrosancta
865 2535 1030 2590 nobis
1087 2535 1301 2607 scripta
1359 2536 1770 2608 relinquentes.
1831 2539 1964 2601 Quae
2017 2554 2081 2594 ea

441 2623 562 2678 sint
593 2623 832 2694 scripta,
867 2627 923 2679 et
953 2639 1083 2695 quae
1131 2625 1192 2680 in
1238 2624 1323 2680 eis
1368 2641 1518 2692 vera,
1551 2626 1779 2683 sincera
1808 2631 1864 2682 et
1893 2631 2076 2682 testa-
2117 2657 2159 2721 Β

444 2713 751 2769 mentaria.

511 2803 738 2859 Tertius
789 2802 1003 2874 primos
1047 2803 1440 2874 apostolorum
1496 2820 1867 2861 successores
1913 2823 2083 2877 expo-

443 2898 561 2961 net,
593 2893 694 2947 ubi
726 2897 783 2948 et
813 2893 1102 2964 quomodo
1153 2893 1423 2950 salutaris
1463 2895 1720 2950 doctrina
1753 2913 1852 2966 per
1881 2896 2081 2952 orbem

444 2983 774 3039 universum
809 2983 1132 3054 peragravit
1175 3000 1186 3036 :
1222 3001 1366 3054 quas
1416 2984 1775 3040 calamitates
1805 2992 1863 3039 et
1887 2984 2082 3040 clades

442 3072 839 3143 Hierosolyma
862 3077 1094 3142 propter
1113 3073 1328 3128 eosdem
1353 3075 1675 3128 Servatoris
1695 3075 1906 3129 Christi
1939 3073 2080 3128 Jesu

445 3158 787 3232 pertulerint
819 3175 832 3214 :
866 3175 1012 3232 quos
1065 3175 1264 3215 rursus
1307 3169 1582 3230 tanquam
1616 3161 1873 3216 haeredes
1907 3161 2076 3216 mini-

443 3249 602 3304 sterii
634 3249 748 3309 sui,
779 3265 902 3318 quae
929 3248 1062 3304 item
1089 3247 1410 3304 litterarum
1447 3255 1822 3306 monumenta
1851 3261 2080 3322 aposto-

445 3339 626 3394 lorum
659 3354 1024 3394 successores
1057 3342 1188 3409 post
1235 3355 1295 3395 se
1343 3340 1758 3411 relinquentes,
1807 3341 2079 3414 martyrio

445 3445 546 3501 pro
579 3428 788 3484 Christi
819 3427 1054 3483 nomine
1084 3429 1199 3483 sint
1229 3431 1506 3484 coronati.
1551 3435 1616 3486 Et
1645 3447 1770 3502 qua:
1798 3433 1922 3500 jam
1955 3435 2078 3486 tum

443 3518 700 3592 primum
731 3518 1077 3573 emerserint
1105 3516 1379 3573 adversus
1411 3521 1724 3576 salutarem
1754 3519 2080 3576 doctrinam

441 3609 710 3664 haereses.

515 3695 716 3761 Quarti
751 3697 892 3752 tomi
947 3703 1354 3767 argumentum
1405 3699 1531 3767 erit,
1575 3699 1813 3770 quinam
1849 3698 1996 3755 falsa
2028 3703 2085 3755 et

443 3785 776 3840 adulterinae
836 3785 1112 3841 doctrinae
1185 3787 1506 3843 exstiterint
1561 3789 1761 3854 duces,
1821 3803 2084 3858 quosque

443 3880 644 3932 contra
669 3891 766 3932 eos
790 3876 888 3930 89
921 3875 1344 3932 ecclesiasticos
1369 3877 1681 3948 scriptores
1713 3883 1770 3932 et
1800 3879 2083 3946 doctores,

444 3980 570 4033 quae
601 3963 798 4017 omnia
830 3963 974 4017 bene
1018 3963 1275 4034 disponit
1319 3967 1375 4017 et
1423 3963 1617 4035 dirigit
1666 3964 1862 4019 divina
1895 3964 2086 4020 Provi-

2191 1381 2383 1454 Κύριον
2414 1383 2573 1453 ἡμῶν
2615 1380 2847 1458 περιέξει
2877 1383 3141 1456 Χριστὸν,
3173 1384 3250 1443 ὡς
3291 1387 3400 1438 τῶν
3440 1382 3654 1438 οἳκείων
3707 1381 3820 1454 θρό-

2187 1492 2292 1522 νων
2329 1465 2682 1542 ἆμεταϐἀτως
2731 1470 3068 1550 ἀφορμηθεὶς
3122 1470 3292 1544 οἷ’κτῳ
3335 1473 3646 1528 ἀνεικάστου
3685 1493 3818 1547 χρη-

2192 1555 2474 1626 στότητος,
2508 1557 2596 1611 καὶ
2631 1561 2800 1632 σάρκα
2831 1557 2890 1612 ἐκ
2921 1561 3192 1630 Παρθένου
3243 1559 3578 1638 ἀνειληφὼς,
3609 1563 3696 1616 καῖ
3727 1563 3810 1630 τήν

2190 1648 2463 1722 περίγειον
2498 1646 2662 1700 αὺτοῦ
2713 1647 2993 1702 πολιτείαν
3023 1649 3258 1723 ἀρίστως
3310 1647 3581 1718 διηνυκὼς
3615 1649 3703 1705 διὰ
3734 1654 3815 1704 τοῦ

2191 1734 2464 1809 σωτηρίου
2531 1737 2734 1796 πάθους
2801 1739 2890 1791 καὶ
2960 1744 3062 1806 τῆς
3129 1739 3398 1814 ὑπερφοῦς
3475 1740 3812 1810 ἀναστάσεως,

2189 1825 2324 1894 πρὸς
2355 1825 2443 1878 τὸν
2477 1829 2732 1898 Πατρῷον
2763 1823 2914 1886 αὖθις
2947 1825 3098 1898 ἀνῄει
3133 1828 3363 1900 θρόνων,
3400 1829 3501 1898 τήν
3555 1828 3814 1884 καταλλα-

2187 1915 2288 1986 γήν
2319 1916 2477 1985 ἡμῶν
2508 1918 2587 1984 τῷ
2617 1912 2809 1968 ἑαυτοῦ
2843 1921 3010 1988 Πατρι
3047 1919 3440 1988 ποιησάμενος.

2262 2183 2322 2238 Ὁ
2393 2179 2637 2258 δεύτερος
2702 2183 2768 2237 τὰ
2833 2185 2930 2236 τοῦ
2995 2185 3261 2260 παναγίου
3333 2205 3428 2258 μοι
3505 2183 3808 2258 διαλήψεται

2193 2273 2529 2346 Πνεύματος,
2589 2275 2687 2326 ὅσα
2752 2270 2889 2337 δῆτα
2947 2271 3036 2327 διὰ
3110 2277 3217 2328 τῶν
3276 2277 3435 2348 ἱερῶν
3509 2275 3808 2330 ἀποστόλων

2189 2361 2457 2436 ἐνήργησε
2486 2382 2498 2394 ’
2540 2362 2658 2418 τίνα
2699 2383 2755 2418 τε
2805 2362 2955 2424 αὖθις
3007 2363 3156 2418 οὗτοι
3201 2361 3646 2438 διαπραξάμενοι,
3687 2364 3808 2418 τέλει

2189 2455 2285 2506 τοῦ
2345 2451 2466 2526 βίου
2513 2450 2819 2528 ἐχρήσαντο
2876 2448 3123 2520 ἕκαστος,
3167 2453 3233 2506 τὰ
3281 2453 3400 2526 ἱερᾶ
3444 2455 3648 2508 τούτων
3699 2475 3811 2528 συγ-

2189 2543 2484 2618 γράμματα
2543 2540 3006 2604 καταλελοιπότες
3065 2545 3199 2614 ἡμῖν
3237 2563 3248 2574 ·
3311 2545 3398 2598 καὶ

2263 2633 2278 2654 \
2311 2631 2340 2686 ὅ
2617 2631 2627 2650 Ι
2822 2629 2836 2650 \
2995 2629 3007 2650 1

2189 2653 2278 2686 και
2345 2652 2408 2685 σα
2437 2633 2635 2706 γνήσια
2661 2651 2719 2684 τε
2749 2652 2838 2685 και
2869 2629 3178 2702 ἐνδιαθηκα.

3475 2544 3590 2598 τίνα
3642 2549 3810 2610 ταῦτα,

2265 2813 2320 2861 '0
2365 2809 2547 2882 τρίτος
2594 2807 2686 2870 τὰς
2745 2810 2963 2884 πρώτας
3020 2811 3249 2883 περιέξει
3301 2832 3394 2884 μοι
3445 2817 3552 2866 τῶν
3597 2811 3812 2866 ἀποστό-

2193 2901 2306 2956 λων
2356 2898 2642 2978 διαδοχᾶς,
2699 2899 2804 2970 ὅπη
2857 2921 2915 2954 τε
2960 2903 3052 2955 καὶ
3103 2900 3249 2962 ὅπως
3287 2903 3314 2956 ὁ
3349 2905 3619 2976 σωτήριος
3667 2902 3809 2976 λόγος

2190 2999 2288 3058 την
2341 2990 2667 3061 οἰκουμένην
2709 2985 2965 3060 διέδραμε
2998 3010 3010 3021 ·
3051 2989 3170 3044 τίνα
3215 3012 3272 3045 τε
3319 2994 3388 3063 τῇ
3431 2989 3806 3064 Ἰεροσολύμων

2191 3083 2288 3142 τῆς
2351 3078 2770 3154 Χριστοκτονίας
2821 3079 2984 3153 χάριν
3043 3077 3246 3146 ἐπῆλθε
3307 3077 3497 3134 δεινά*
3557 3079 3812 3138 καὶτίνας

2191 3164 2345 3229 αὖθις
2401 3163 2780 3239 κληρονόμους
2833 3172 2933 3234 τῆς
2983 3171 3128 3243 σφῶν
3177 3164 3454 3228 διακονίας
3503 3165 3810 3221 καταλιπόν-

2189 3275 2274 3315 τες
2306 3253 2358 3307 οἱ
2386 3257 2492 3307 τῶν
2539 3252 2858 3308 ἀποστόλων
2907 3251 3199 3328 διάδοχοι·
3251 3255 3342 3309 καὶ
3393 3257 3534 3310 πόσα
3575 3258 3658 3309 καὶ
3702 3254 3806 3308 τίνα

2189 3349 2295 3398 τῶν
2371 3343 2813 3420 συγγραμμάτων
2885 3347 2962 3414 τῷ
3039 3345 3170 3416 ὑπὲρ
3248 3345 3485 3418 Χριστοῦ
3553 3343 3806 3418 μαρτυρίῳ

2190 3434 2674 3505 κατεκοσμήθησαν
2705 3449 2718 3461 ⁸
2771 3433 2859 3485 καὶ
2907 3432 3030 3506 περὶ
3077 3439 3183 3487 τῶν
3231 3431 3351 3506 ἄρτι
3423 3435 3646 3508 πρώτως
3692 3433 3808 3486 ἀνα-

2193 3526 2422 3599 φυεισῶν
2455 3525 2535 3592 τῷ
2565 3521 2820 3596 σωτηρίῳ
2849 3519 3003 3594 λόγῳ
3030 3522 3310 3596 αἱρέσεων.

2265 3704 2372 3771 Τοῦ
2418 3721 2477 3774 γε
2529 3701 2635 3770 μὴν
2683 3701 2944 3772 τετάρτου
2995 3703 3028 3770 ἡ
3062 3703 3298 3776 περιοχὴ
3349 3696 3518 3772 ἔσται,
3567 3701 3676 3756 ὅσοι
3721 3705 3806 3764 τῆς

2195 3787 2550 3864 ψευδωνόμου
2607 3790 2858 3862 γνώσεως
2937 3788 3176 3864 ἐγένοντο
3243 3790 3511 3866 ἀρχηγοὶ,
3571 3793 3708 3850 ὅπως
3759 3808 3806 3841 τε

2197 3881 2229 3946 ἡ
2263 3879 2432 3932 πάντα
2461 3877 2643 3938 καλῶς
2697 3875 3011 3952 διεξάγουσα
3064 3879 3299 3952 Πρόνοια
3351 3875 3803 3950 ἐκκλησιαστικοὺς

2197 3965 2391 4040 ἄνδρας
2449 3973 2775 4044 συγγραφεῖς
2833 3968 2923 4020 καὶ
2983 3965 3342 4030 διδασκάλους
3425 3968 3642 4026 ἐκείνοις
3687 3965 3806 4019 ἆνθέο

445 4029 662 4120 dentis,
685 4051 966 4118 excitarit,
991 4029 1322 4122 apostolicis
1349 4052 1517 4108 donis
1538 4029 1884 4108 excellentes
1907 4053 2081 4122 viros,

2202 4077 2407 4124 στησιν,
2466 4055 2853 4117 ἀποστολικοῖς
2913 4058 3217 4130 χαρίσμασι
3279 4053 3687 4131 διαπρέποντας,
3732 4051 3802 4106 καὶ

446 4138 738 4210 simulque
795 4143 852 4194 et
901 4139 1019 4194 vita
1066 4143 1123 4195 et
1168 4141 1428 4196 doctrina
1478 4141 1708 4197 illorum
1761 4145 2086 4198 evertentes

445 4227 680 4282 insanas
725 4228 1047 4299 opiniones.
1095 4228 1202 4292 Qui
1255 4229 1352 4284 isti
1401 4230 1635 4296 fuerint,
1683 4235 1740 4284 et
1787 4247 1913 4301 quis
1964 4239 2086 4286 tum

447 4318 516 4372 de
565 4318 882 4388 quaestione
931 4318 1260 4372 celebrandi
1315 4319 1618 4374 Paschatis
1672 4322 1790 4374 sint
1845 4319 2089 4375 dissidia

447 4410 662 4462 exorta.

517 4495 716 4562 Quinti
751 4495 996 4550 materia
1027 4496 1135 4551 erit
1165 4497 1271 4552 sub
1306 4497 1514 4553 Severo
1556 4505 1608 4552 et
1645 4497 1808 4553 Decio
1841 4496 2084 4569 impera-

448 4585 670 4642 toribus
699 4583 1095 4642 Ecclesiarum
1131 4587 1474 4658 persecutio.
1502 4587 1783 4642 Pristerea
1812 4587 1908 4659 qui
1945 4587 2090 4642 mul-

447 4681 572 4732 tum
605 4675 890 4747 sapientia
921 4675 1098 4731 valuit
1155 4678 1278 4749 ipse
1326 4677 1622 4746 Origenes,
1653 4694 1777 4749 qua:
1819 4678 1945 4748 ejus
1975 4679 2092 4732 vita

449 4765 642 4832 fuerit,
675 4783 804 4838 quae
836 4767 1072 4835 scripta.
1109 4767 1256 4822 Tum
1292 4768 1390 4838 qui
1441 4769 1498 4822 in
1530 4767 1761 4822 Oriente
1809 4773 1864 4823 et
1893 4768 1951 4822 in
1985 4771 2088 4822 Oc-

446 4855 672 4912 cidente
725 4856 1083 4912 sanctissimi
1147 4862 1426 4928 martyres
1489 4862 1920 4912 sacrosanctum
1989 4873 2088 4926 pro

445 4946 674 5002 Christo
706 4951 996 5002 certamen
1049 4945 1268 5002 fortiter
1315 4945 1678 5017 pertulerint.
1715 4945 1855 5002 Item
1889 4946 1958 5002 de
1988 4946 2091 5018 Cy-

447 5035 648 5108 priano
700 5035 900 5090 Africa;
962 5035 1254 5106 episcopo.
1319 5037 1456 5091 Item
1515 5034 1585 5090 de
1641 5034 1933 5107 Dionysio,
1989 5035 2090 5106 qui

446 5124 848 5180 Alexandrina:
875 5125 1104 5196 prefuit
1134 5124 1423 5182 Ecclesia.
1457 5127 1598 5180 Item
1629 5126 1699 5180 de
1720 5123 2088 5191 Christianis,

447 5214 544 5287 qui
581 5214 639 5269 in
675 5215 1076 5286 persecutione
1097 5215 1207 5270 sub
1233 5215 1396 5270 Decio
1421 5213 1687 5285 pietatem
1722 5214 2088 5283 abjurarnnt,

449 5304 754 5360 historiam
786 5307 956 5363 texet.

2201 4145 2306 4218 βίῳ
2361 4146 2448 4200 καὶ
2501 4145 2647 4218 λόγῳ
2695 4145 2760 4199 τὰ
2817 4143 3032 4200 ἐκείνων
3093 4145 3488 4220 ἂνατρὲποντας
3549 4143 3801 4218 δόγματα³

2195 4235 2285 4288 καὶ
2333 4234 2466 4296 τίνες
2515 4235 2666 4288 οὗτοι
2699 4251 2711 4263 ·
2764 4235 2852 4288 καὶ
2903 4231 3002 4288 ὅσα
3051 4237 3350 4302 τηνικαῦτα
3407 4233 3532 4306 περί
3587 4239 3676 4299 τῆς
3724 4231 3803 4282 τοῖν

2199 4324 2387 4396 Πάσχα
2420 4324 2696 4392 ζητήσεως
2729 4319 3061 4395 ἒπεγένοντο.

2267 4505 2354 4572 Τῷ
2434 4498 2489 4555 δὲ
2563 4500 2794 4574 πέμπτῳ
2865 4501 2892 4556 ὁ
2957 4502 3094 4556 κατὰ
3172 4501 3414 4571 Σεῦηρον
3491 4502 3577 4554 καὶ
3651 4497 3802 4553 Δέκιον

2201 4587 2448 4664 διωγμὸς
2489 4589 2738 4652 ὑπόθεσις
2789 4585 2934 4644 ἕσται
2963 4612 2974 4622 ·
3026 4585 3105 4645 ἔτι
3141 4588 3196 4644 δὲ
3227 4592 3253 4644 ὁ
3283 4593 3386 4659 τήν
3429 4591 3616 4665 σοφίαν
3659 4584 3804 4642 πολὺς

2199 4679 2494 4752 Ὡριγὲνης,
2549 4679 2634 4733 καὶ
2695 4681 2729 4748 ἡ
2789 4681 2905 4734 κατ’
2973 4680 3132 4733 αὐτὸν
3211 4679 3466 4734 πολιτεία
3551 4679 3635 4732 καὶ
3701 4693 3800 4744 συγ-

2199 4770 2426 4845 γραφή·
2491 4768 2607 4822 ὅσοι
2655 4789 2713 4822 τε
2769 4769 2821 4822 ἐν
2877 4768 3075 4838 ὲσπὲρᾳ
3133 4767 3222 4822 καὶ
3278 4765 3352 4840 ἕῳ
3407 4773 3516 4822 τῶν
3575 4765 3800 4838 Genetii-rt

2203 4859 2486 4932 μαρτύρων
2539 4858 2628 4911 τὸν
2678 4857 2808 4931 ὑπὲρ
2867 4859 3102 4931 Χριστοῦ
3159 4857 3346 4930 ἀγῶνα
3405 4857 3658 4930 γενναίως
3713 4849 3800 4916 διή-

2197 4967 2421 5022 νεγκαν·
2477 4948 2598 5021 περέ
2644 4967 2702 5002 τε
2743 4952 3052 5020 Κυπριανοῦ
3099 4951 3196 5002 τοῦ
3244 4947 3456 5022 Ἄφρων
3523 4943 3794 5000 ἐπισκόπου.

2198 5039 2286 5092 καὶ
2316 5041 2413 5091 τοῦ
2457 5044 2555 5106 τῆς
2619 5034 2974 5109 Ἀλεξάνδρου
3035 5037 3318 5090 Διονυσίου
3350 5055 3361 5066 ·
3425 5035 3516 5089 καὶ
3562 5033 3674 5106 περὶ
3719 5031 3797 5082 τῶν

2195 5127 2258 5182 τὸ
2317 5121 2477 5186 σέϐας
2534 5123 2944 5200 ἐξομοσαμένων
3005 5127 3346 5198 Χριστιανῶν
3417 5122 3468 5178 ἐν
3527 5129 3637 5184 τοῖς
3695 5113 3798 5172 uti

2199 5213 2380 5270 Δέκιον
2408 5213 2543 5288 διωγ
2554 5219 2698 5288 μοῖς.

499 5395 732 5472 ,δεκίης
767 5396 1250 5451 commemorabit
1297 5395 1545 5450 haereses
1593 5393 1801 5460 varias,
1837 5409 2081 5464 quarum

2265 5401 2320 5448 Ὀ
2366 5395 2520 5456 ἓκτος
2569 5394 2634 5448 τὰ
2678 5395 2811 5448 κατὰ
2871 5395 2964 5448 τὸν
3014 5388 3247 5462 δυσσεϐῆ
3301 5393 3568 5456 Μάνεντα,
3613 5387 3694 5441 καὶ
3735 5383 3798 5434 τὸν

449 5489 717 5540 auctores
767 5485 926 5541 fuere
979 5486 1196 5556 impius
1245 5491 1464 5554 Manes,
1510 5485 1776 5554 impurus
1805 5481 2081 5548 Novatus,

451 5572 796 5646 Apollinaris
817 5583 870 5632 et
895 5575 1307 5633 Samosatenus
1329 5573 1564 5632 Paulus.
1595 5571 1890 5628 Describet
1909 5572 2082 5629 etiam

3221 5479 3632 5555 ’Δπολλινάριον
3657 5519 3668 5544 ,
3733 5469 3796 5524 καί

3255 5569 3508 5628 Παῦλον⁵
3568 5566 3650 5623 καὶ
3705 5555 3795 5632 mp:-

2198 5487 2492 5558 ἀκάθαρτον
2553 5489 2791 5538 Ναυᾶτον
2823 5527 2836 5550 ,
2921 5481 2998 5536 ἔτι
3079 5479 3134 5536 δὲ

2195 5575 2285 5630 τὸν
2357 5577 2674 5648 Σαμοσατέα
2751 5571 3016 5644 διεξέλθοι
3077 5593 3170 5644 μοι
