3950 6214
203 387 301 447 613

204 527 280 577 τοῦ
330 518 708 593 ’Λλιξανδρείας
757 520 906 582 αὖθις
960 520 1247 575 Διονυσίου
1289 538 1303 551 ·

206 610 419 685 μεγάλων
476 607 730 685 πρόεδροι
782 609 997 665 πόλεων
1054 611 1186 683 ἄχρι
1242 609 1329 663 καὶ
1399 615 1500 673 τῆς
1553 612 1661 663 τῶν
1708 606 1793 662 ἐκ·

203 698 407 767 κλησιῶν
486 697 805 772 πολιορκίας
893 696 1161 771 διέμειναν
1204 714 1217 727 ·
1305 696 1395 752 καὶ
1476 697 1600 772 περὶ
1684 700 1790 751 τῶν

202 784 413 856 τηνικάδε
505 785 857 859 ἀκμασᾶντων
964 784 1431 857 ἐκκλησιαστικῶν
1546 805 1788 861 συγγρα-

203 874 334 953 φέων,
389 877 470 930 καὶ
520 875 709 937 ἄλλως
760 876 845 930 ἐπὶ
895 878 1058 951 σοφίᾳ
1126 876 1242 947 θείᾳ
1313 871 1657 950 περιϐοήτων
1716 875 1794 931 ἂνέ

203 963 335 1039 δρῶν.

254 1056 303 1111 Ὀ
350 1049 577 1127 ἕϐδομος
636 1057 701 1111 τὰ
757 1055 879 1129 περί
937 1062 1035 1125 τῆς
1086 1049 1263 1131 ἔριδος
1316 1060 1425 1111 τῶν
1477 1057 1595 1110 καθ’
1645 1058 1792 1128 ἡμᾶς

201 1142 482 1216 διαλήψεται
528 1143 838 1217 ἐπισκόπων
896 1187 910 1200 .
970 1144 1088 1201 ὅθεν
1146 1145 1235 1199 καὶ
1284 1152 1384 1214 τῆς
1424 1144 1569 1206 θείας
1626 1145 1793 1216 ἀμοι-

198 1234 416 1304 ρήσαντες
472 1234 703 1307 χάριτος
764 1235 901 1308 πρὸς
956 1236 1163 1309 καιρὸν,
1197 1232 1391 1298 δεινοῖς
1424 1236 1739 1309 περιέπεσον
1772 1254 1784 1270 '

194 1317 256 1375 ἔτι
283 1319 433 1377 δὲκαὶ
471 1323 595 1396 περὶ
645 1328 751 1378 τῶν
794 1322 1098 1397 ἄλιτηρίων
1142 1325 1411 1398 τυράννων
1461 1324 1797 1393 Διοκλητια-

194 1415 271 1464 νοῦ
307 1411 389 1464 καὶ
447 1414 810 1484 Μαξιμιανοῦ,
872 1412 1163 1485 Μαξεντίου
1222 1433 1279 1467 τε
1324 1413 1414 1467 καὶ
1466 1413 1792 1487 Μαξιμίνου,

193 1499 263 1552 καὶ
315 1501 572 1568 Λικινίου,
624 1500 722 1554 ὅσα
766 1502 901 1555 κατά
940 1508 1040 1570 τῆς
1087 1502 1322 1573 Χριστοῦ
1369 1502 1612 1573 ποίμνης
1668 1499 1793 1576 δρά-

195 1608 365 1656 σαντες,
429 1587 794 1666 διεφθάρησαν
854 1610 865 1621 ·
936 1591 1021 1644 καὶ
1076 1589 1151 1652 ὡς
1200 1592 1227 1644 ὁ
1271 1589 1437 1667 μέγας
1470 1591 1561 1644 καί
1600 1590 1795 1645 ίσαπό-

192 1676 354 1740 στολος
418 1680 838 1745 Κωνσταντῖνος,
896 1682 1101 1733 τούτων
1170 1679 1287 1751 θείᾳ
1344 1678 1626 1751 δυναστείᾳ
1700 1699 1792 1733 πε-

194 1768 523 1840 ριγενόμενος,
610 1766 831 1842 εἰρήνην
917 1773 1035 1830 ταῖς
1110 1766 1431 1844 ἐκκληφίαις
1532 1770 1792 1847 παρέσχε,

1175 381 1797 447 ECOLESIASTICJE
1839 384 2235 447 HISTORIA?)
2279 382 2422 446 LIB.
2469 383 2518 444 Ι.

3427 379 3545 441 6M

1364 520 1453 573 καὶ
1502 518 1621 573 ὅσοι
1685 523 1793 573 τῶν

1921 536 1999 577 res
2026 520 2279 592 Dionysii
2302 517 2658 575 Alexandriae
2676 516 2951 588 episcopi.
2976 518 3044 572 Et
3073 516 3174 588 qui
3200 531 3545 587 magnarum

1907 610 2142 665 urbium
2164 609 2434 681 usquead
2468 606 2853 663 Ecclesiarum
2891 606 3385 678 Oppugnationem
3422 620 3546 675 per-

1910 699 2234 756 manserint
2262 696 2534 769 episcopi.
2558 695 3104 767 Ostendetquoque,
3131 694 3231 767 qui
3251 702 3373 751 tum
3398 701 3549 749 tem-

1909 788 2066 860 poris
2122 785 2499 843 ecclesiastici
2556 786 2883 856 scriptores,
2933 790 2993 841 et
3039 783 3207 841 aliter
3254 785 3311 839 in
3348 783 3545 840 divina

1908 876 2193 948 sapientia
2222 875 2362 931 clari
2390 874 2493 929 viri
2529 874 2853 930 ﬂoruerint.

1980 1058 2271 1130 Septimus
2300 1055 2729 1112 contentionem
2753 1058 2811 1109 et
2839 1054 2994 1110 rixas
3024 1061 3353 1109 nostrorum
3375 1069 3552 1127 expe-

1908 1149 2027 1203 diet
2053 1148 2481 1219 episcoporum,
2533 1146 2688 1200 unde
2744 1143 2828 1199 illi
2881 1160 2916 1199 a
2963 1142 3158 1197 divina
3202 1143 3274 1197 ad
3313 1148 3551 1214 tempus

1909 1238 2237 1294 excidentes
2286 1236 2490 1307 gratia,
2540 1234 2601 1289 in
2646 1248 2850 1303 magna
2896 1232 3229 1287 inciderunt
3273 1231 3549 1302 pericula.

1909 1327 2125 1383 Deinde
2146 1327 2218 1382 de
2242 1324 2575 1382 exitialibus
2597 1322 2883 1395 tyrannis,
2905 1321 3265 1377 Diocletiano
3298 1325 3355 1376 et
3386 1321 3553 1377 Maxi-

1910 1418 2123 1482 miano,
2171 1415 2455 1471 Maxentio
2503 1419 2558 1469 et
2613 1413 2949 1480 Maximino,
3007 1417 3062 1466 et
3107 1410 3345 1477 Licinio,
3377 1426 3549 1479 quam

1907 1506 2217 1561 crudeliter
2246 1503 2328 1560 illi
2361 1503 2415 1559 in
2449 1518 2684 1574 gregem
2734 1500 2947 1557 Christi
2991 1499 3302 1562 saevierint,
3336 1504 3555 1554 tracta-

1910 1595 2012 1652 bit.
2048 1599 2369 1658 Pcstremo,
2401 1594 2685 1664 quomodo
2718 1608 2962 1661 magnus
3011 1599 3066 1646 et
3099 1588 3374 1660 apostolis
3407 1589 3552 1661 ipsis

1911 1703 2014 1758 par
2042 1686 2479 1751 Constantinus,
2529 1682 2725 1738 divina
2773 1698 2879 1753 ope
2920 1681 2991 1736 ab
3023 1680 3093 1736 iis
3124 1679 3422 1736 victoriam
3454 1696 3550 1736 re-

1912 1779 2171 1847 portans,
2232 1787 2433 1844 pacem
2490 1770 2759 1828 Ecclesiis
2817 1769 3163 1835 conciliarit,
3213 1777 3267 1824 et
3324 1768 3548 1839 primus

192 1854 260 1908 καί
311 1860 517 1930 πρῶτος
567 1861 904 1926 Χριστιανῶν
962 1857 1221 1931 βασιλεὺς
1270 1859 1661 1933 ἀναγορευθεὶς,
1695 1860 1792 1926 τήν

194 1942 205 1964 9
263 1945 272 1955 ⁸
525 1945 536 1961 9
588 1948 616 1961 υ
716 1944 756 1964 l‘
1088 1952 1111 1961 φ
1198 1947 1210 1958 η
1346 1952 1370 1962 υ

1921 1862 2371 1918 3hristianorum
2407 1862 2720 1931 imperator
2742 1866 2989 1925 creatus,
3016 1858 3319 1931 magnifice
3340 1872 3552 1929 cogno-

190 1942 435 2016 ἐπώνυμον
476 1945 632 2017 αὐτῷ
660 1944 823 2001 πόλιν
850 1952 1153 2025 περιφανῶς
1187 1947 1391 2017 ἀνιστᾷ.

245 2035 329 2088 Τὸν
387 2031 431 2088 δ’
485 2030 685 2111 ὄγδοον
743 2036 833 2089 καὶ
884 2036 1041 2090 αὐτὸν
1091 2037 1118 2091 ὁ
1172 2036 1529 2099 ίσαπόστολος
1565 2039 1795 2112 περιέξει

192 2143 268 2193 μοι
322 2126 730 2191 Κωνσταντῖνος,
780 2124 867 2179 καί
924 2126 991 2179 τὰ
1043 2124 1122 2179 ἐπ’
1181 2126 1351 2180 αὐτοῦ
1407 2131 1525 2186 ταῖς
1595 2124 1795 2197 ἐκκλη-

190 2211 305 2272 σίαις
365 2208 667 2285 συμϐάντα,
725 2215 790 2267 τά
855 2233 912 2268 τε
968 2214 1101 2269 κατὰ
1149 2216 1240 2269 τὸν
1292 2210 1520 2283 δυσσεϐῆ
1556 2221 1796 2288 Ἄρειον,

194 2300 266 2352 καὶ
323 2302 417 2369 τήν
467 2303 697 2374 πρώτην
755 2300 807 2356 ἐν
866 2303 1061 2375 Νικαίᾳ
1114 2301 1337 2358 σύνοδον
1401 2323 1413 2336 ’
1470 2303 1559 2358 καὶ
1607 2305 1680 2367 ὡς
1736 2306 1801 2359 τὰ

185 2390 484 2459 Χριστιανῶν
541 2391 619 2452 εἷς
681 2388 920 2446 ἐπίδοσιν
976 2392 1123 2467 ἤχθη
1162 2412 1173 2424 ·
1235 2394 1324 2447 καί
1382 2396 1502 2469 περὶ
1553 2401 1654 2461 τῆς
1690 2398 1798 2447 τῶν

188 2483 414 2556 μοναχῶν
474 2478 772 2556 ἀῃελικῆς
832 2480 1138 2551 πολιτείας,
1205 2482 1321 2537 ὅθεν
1396 2481 1619 2556 ἤρξατο,
1707 2483 1794 2536 καὶ

186 2566 309 2629 τίνας
361 2563 516 2644 ἔσχεν
570 2568 857 2646 ἀρχηγοὺς
897 2590 909 2602 ·
972 2570 1070 2624 ὅσα
1116 2591 1173 2625 τε
1219 2571 1322 2627 ὑπὸ
1358 2577 1463 2626 τῶν
1507 2573 1792 2646 ’Δρειανῶν

182 2661 276 2717 τοῖς
301 2653 530 2712 εὐσεϐεῖν
583 2658 886 2732 ᾑρημένοις
937 2658 1210 2734 ἐπράχθη,
1254 2663 1343 2715 καὶ
1395 2660 1607 2733 μᾶλλον
1638 2663 1795 2716 Ἀθα-

185 2747 329 2818 νασίῳ
382 2753 459 2820 τῷ
498 2749 751 2823 μεγάλῳ,
782 2749 1025 2819 καὶπερὶ
1083 2756 1181 2817 τῆς
1243 2750 1509 2824 μακαρίας
1552 2750 1798 2820 Ἑλένης,

184 2835 380 2891 καὶτῶν
412 2837 614 2907 ταύτης
646 2838 914 2913 θεοφιλῶν
955 2836 1126 2915 ἔργων
1164 2859 1177 2871 '
1212 2840 1300 2893 καὶ
1345 2840 1419 2902 ὡς
1466 2840 1608 2896 τέλει
1657 2859 1796 2916 χρη-

184 2924 362 2995 σαμένη
410 2930 508 2979 τοῦ
558 2925 706 2999 βίου,
739 2927 831 2980 σὺν
858 2930 938 2997 τῷ
986 2928 1089 2998 υἱῴ
1134 2929 1514 3001 Κωνσταντίνῳ
1552 2932 1621 3001 τῇ
1652 2926 1799 2984 ἐπω-

180 3012 308 3086 νύμῳ
334 3016 497 3071 αὐτοῦ
529 3016 885 3086 κατετέθησαν
918 3017 1098 3074 πόλει.

235 3196 286 3249 Ὀ
312 3194 357 3250 δ’
403 3193 629 3259 ἔννατος
674 3199 742 3252 τὰ
790 3196 877 3251 ἐπὶ
926 3203 1032 3252 τῶν
1078 3196 1285 3253 παίδων
1332 3197 1669 3277 ὀφηγήσεται
1700 3204 1796 3254 τοῦ

1909 1952 2123 2007 minem
2155 1950 2266 2006 sibi
2300 1950 2503 2005 urbem
2533 1948 2941 2006 construxerit.

1977 2044 2253 2098 Octavum
2298 2045 2522 2095 tomum
2568 2039 2682 2094 sibi
2723 2036 3042 2093 vindicabit
3070 2036 3225 2092 idem
3260 2037 3381 2108 ipse
3410 2052 3549 2107 apo-

1906 2132 2069 2189 stolis
2117 2148 2231 2187 non
2263 2130 2504 2187 inferior
2532 2136 2589 2185 et
2617 2128 3037 2184 Constantinus
3068 2144 3082 2183 :
3115 2131 3173 2182 et
3205 2143 3294 2182 res
3326 2143 3455 2198 qua
3484 2142 3551 2183 eo

1904 2221 2233 2292 imperante
2278 2220 2535 2277 ecclesiis
2591 2219 2947 2273 acciderunt.
3008 2216 3120 2272 Res
3187 2215 3325 2271 item
3382 2215 3552 2287 impii

1907 2311 2027 2368 Arii
2060 2327 2073 2366 :
2106 2316 2162 2367 et
2195 2310 2439 2381 primam
2489 2324 2615 2378 qua
2660 2305 2860 2362 Nicaeae
2911 2315 2996 2362 est
3043 2304 3330 2361 celebrata
3371 2321 3549 2377 syno-

1905 2403 2066 2457 dum.
2098 2400 2166 2454 Et
2196 2397 2689 2469 quemadmodum
2728 2411 2819 2450 res
2849 2393 3193 2449 Christianas
3222 2393 3549 2450 incremen-

1905 2494 2033 2545 tum
2063 2489 2341 2558 ceperint.
2375 2488 2512 2541 Item
2546 2487 2619 2541 de
2666 2482 2926 2554 angelica
2957 2482 3373 2539 monachorum
3404 2482 3546 2548 vita,

1909 2581 2062 2637 unde
2092 2580 2322 2636 initium
2354 2578 2693 2648 sumpserit,
2716 2584 2774 2632 et
2795 2592 2942 2648 quos
2965 2574 3233 2630 habuerit
3261 2584 3546 2631 auctores.

1907 2673 2049 2726 Item
2083 2687 2209 2741 quas
2241 2670 2436 2724 Ariani
2466 2671 2668 2724 contra
2692 2682 2839 2722 versa
2872 2664 3103 2735 pietatis
3136 2669 3469 2731 sectatores,
3491 2667 3552 2719 et

1909 2760 2156 2815 maxime
2186 2759 2467 2814 adversus
2499 2771 2780 2827 magnum
2812 2753 3196 2809 Athanasium
3229 2754 3332 2809 40
3363 2752 3546 2808 moliti

1906 2850 2022 2904 sint
2050 2856 2106 2903 et
2136 2847 2394 2904 fecerint.
2432 2846 2711 2901 Praeterea
2749 2845 2820 2899 de
2863 2844 3029 2898 beata
3058 2842 3293 2910 Helena,
3344 2847 3401 2897 et
3432 2841 3543 2913 piis

1906 2939 2165 3008 ejusdem
2200 2935 2427 3005 Deoque
2456 2934 2638 3006 gratis
2667 2933 2941 3006 operibus
2973 2948 2986 2986 :
3032 2937 3089 2987 et
3119 2939 3180 2987 ut
3208 2931 3375 2986 finita
3403 2931 3543 2998 vita,

1909 3043 2025 3081 una
2054 3041 2184 3080 cum
2222 3024 2338 3079 lilio
2363 3022 2763 3088 Constantino,
2809 3021 2868 3075 in
2918 3020 3268 3092 cognomine
3309 3019 3360 3074 ei
3407 3018 3547 3075 urbe

1907 3115 1986 3170 sit
2018 3114 2267 3186 sepulta,
2298 3113 2454 3168 idem
2486 3110 2767 3167 narrabit.

1979 3208 2178 3259 Nonus
2219 3218 2308 3259 res
2358 3201 2607 3256 ﬁliorum
2656 3199 3010 3256 sacrosancti
3059 3196 3443 3265 Constantini,
3488 3200 3545 3253 et

173 3283 297 3355 ἱεροῦ
352 3287 781 3354 Κωνσταντίνου,
834 3286 921 3341 καὶ
989 3286 1205 3358 μᾶλλον
1260 3287 1326 3341 τὰ
1371 3285 1459 3342 ἔπὶ
1509 3296 1793 3344 Κωνσταν-

1927 3310 1963 3348 n
1996 3293 2195 3362 primis
2225 3308 2293 3347 ea
2340 3308 2468 3363 quas
2517 3288 2779 3346 ecclesiis
2818 3289 2930 3345 sub
2958 3287 3297 3344 Constantio
3326 3302 3541 3343 evene-

173 3391 271 3425 τιου
319 3379 433 3435 ταῖς
489 3372 814 3443 ἐκκλησίαις
867 3374 1217 3449 γεγενημένα,
1293 3377 1380 3429 καὶ
1466 3381 1576 3430 τῶν
1667 3377 1791 3433 τότε

172 3461 506 3533 ἀκμασάντων
566 3462 658 3518 ἐπὶ
726 3482 785 3518 τε
839 3467 907 3537 τῇ
980 3465 1114 3537 ὀρθῇ
1201 3463 1291 3519 καὶ
1386 3462 1790 3540 διεστραμμένη

173 3547 278 3623 δόξῃ
309 3569 322 3581 ⁸
378 3554 521 3614 τίνες
581 3573 639 3607 τε
695 3554 746 3606 οἱ
803 3558 872 3627 τῇ
955 3558 1232 3628 μοναχικῇ
1304 3560 1598 3624 τηνικαῦτα
1672 3554 1789 3610 δια-

172 3647 364 3710 πρεπεῖς
412 3642 674 3713 πολιτείᾳ
729 3642 829 3696 ἀνά
881 3662 940 3697 τε
1019 3642 1384 3713 Παλαιστίνην
1459 3645 1548 3699 καὶ
1630 3645 1790 3720 Αἴγυ-

173 3747 280 3782 πτον
337 3749 349 3760 ’
408 3735 501 3786 καὶ
560 3732 688 3804 περὶ
748 3728 1020 3807 διαφόρων
1081 3731 1315 3788 συνόδων
1384 3735 1475 3788 καὶ
1531 3732 1786 3790 ἐκθέσεων

174 3816 394 3882 πίστεως.

232 3908 338 3963 Ἐπὶ
369 3908 594 3969 τούτοις
627 3909 656 3963 ὁ
688 3905 909 3973 δέκατος
958 3910 1025 3966 τε
1072 3912 1207 3966 κατᾶ
1254 3912 1344 3967 τὸν
1396 3915 1623 3986 θεομισῆ
1675 3911 1790 3969 δια-

177 3990 385 4069 λήψεται
436 3997 759 4064 Ἰουλιανὸν,
799 3999 873 4060 ὡς
924 4000 997 4060 εἰς
1053 4001 1146 4054 τὸν
1222 4000 1587 4075 Ἐλληνισμὸν
1657 4005 1791 4058 ἀπο-

174 4082 332 4147 κλίνας
384 4086 446 4140 ἐκ
500 4093 605 4156 τῆς
664 4087 833 4161 ἁρθῆς
892 4087 1146 4152 πίστεως,
1205 4089 1472 4153 ποικίλως
1529 4093 1621 4147 τὸν
1680 4093 1797 4147 καθ’

175 4172 311 4242 ἡμῶν
356 4174 677 4252 ἆνεῤῥίπισε
735 4176 980 4251 διωγμόν
1044 4198 1057 4210 ·
1116 4178 1204 4234 καὶ
1263 4180 1337 4241 ὡς
1408 4175 1676 4236 εἰσϐαλὼν
1727 4185 1796 4253 τῇ

177 4262 391 4335 Περσίδι,
441 4270 628 4327 κακῶς
686 4263 970 4345 διεφθάρη.
1002 4270 1085 4324 Ἐν
1140 4270 1287 4341 μέρει
1338 4268 1394 4324 δὲ
1423 4273 1512 4325 καὶ
1551 4275 1617 4325 τὰ
1664 4273 1799 4328 κατᾶ

174 4351 250 4403 τὸν
316 4350 702 4410 εὐσεϐέστατον
778 4350 1038 4411 Ἰοϐιανὸν
1123 4359 1376 4430 περιέξει,
1462 4360 1612 4422 ὅπως
1696 4368 1796 4429 τῆς

173 4438 318 4582 ὀὲθῆς
375 4441 539 4516 δόξης
594 4444 849 4518 γενναίως
942 4446 1089 4517 μάλα
1172 4448 1619 4521 ὑπεριστάμενος,
1697 4450 1799 4503 ἀπ-

173 4547 193 4581 ι
229 4552 304 4582 ιω-

173 4547 304 4587 ιοιω.

1904 3388 2062 3447 runt,
2097 3385 2499 3453 persequetur.
2550 3382 2696 3434 Item
2747 3378 2846 3449 qui
2897 3377 3005 3433 viri
3042 3381 3166 3432 tum
3198 3380 3255 3433 ct
3292 3376 3352 3431 in
3383 3380 3540 3432 recta

1902 3476 1959 3526 et
1988 3471 2048 3526 in
2081 3485 2349 3542 perversa
2377 3468 2640 3524 doctrina
2686 3467 2956 3522 ﬂorentes
2997 3466 3229 3520 fuerint.
3264 3466 3405 3520 Item
3438 3462 3539 3535 qui

1900 3574 1965 3614 eo
1996 3563 2255 3628 tempore
2281 3557 2603 3611 monastica
2630 3554 2748 3610 vita
2782 3569 2880 3624 per
2910 3554 3274 3608 Palaestinam
3298 3560 3351 3606 et
3371 3552 3535 3623 Egy-

1902 3655 2063 3720 ptum
2096 3647 2492 3704 excelluerint.
2528 3646 2665 3701 Item
2707 3645 2777 3701 de
2815 3643 3055 3700 diversis
3092 3642 3329 3715 synodis
3359 3648 3417 3697 et
3446 3657 3544 3697 va-

1901 3737 2003 3793 riis
2055 3736 2432 3807 professionis
2481 3734 2609 3789 fidei
2658 3731 3118 3805 expositionibus
3164 3739 3219 3786 et
3277 3728 3545 3786 formulis

1902 3826 2196 3883 tractabit.

1976 3915 2246 3971 Decimus
2279 3929 2447 3985 porro
2498 3911 2920 3983 complectetur
2967 3926 3059 3966 res
3090 3909 3207 3966 Deo
3236 3909 3402 3965 invisi
3435 3912 3548 3963 Ju-

1907 4004 2065 4064 liani,
2099 4010 2163 4058 ut
2193 4002 2289 4057 ille
2318 4020 2351 4058 a
2382 4006 2537 4057 recta
2568 4001 2776 4071 pietate
2806 3999 3161 4068 desciscens,
3197 4002 3254 4055 et
3283 4000 3352 4053 ad
3386 3998 3547 4053 Gras-

1905 4108 2105 4149 corum
2135 4091 2521 4148 idololatriam
2555 4089 2849 4156 deﬁciens,
2882 4089 3053 4144 variis
3073 4088 3323 4145 subinde
3355 4087 3546 4144 modis

1906 4183 2366 4253 persecutionem
2416 4184 2619 4235 contra
2668 4195 2774 4235 nos
2821 4179 3148 4245 concitarit,
3193 4187 3250 4233 et
3291 4181 3353 4232 ut
3392 4176 3544 4233 bello

1909 4272 2097 4328 Persis
2144 4270 2320 4335 illato,
2375 4270 2565 4325 malus
2619 4269 2768 4324 male
2821 4268 3071 4339 perierit.
3122 4267 3327 4337 Aliqua
3367 4268 3544 4322 etiam

1909 4365 1957 4417 is
1983 4366 2182 4417 tomus
2212 4376 2279 4415 ex
2313 4365 2472 4430 parte
2510 4374 2601 4414 res
2645 4358 2889 4427 piissimi
2923 4357 3287 4427 imperatoris
3318 4355 3553 4412 Joviani

1911 4448 2380 4521 comprehendet,
2451 4449 2744 4521 quomodo
2816 4445 3033 4502 scilicet
3091 4460 3299 4516 magno
3356 4444 3549 4499 animo

1914 4544 2130 4595 rectam
2162 4539 2483 4593 doctrinam
2519 4552 2871 4608 propagans,
2904 4536 3078 4591 vitam
3111 4533 3344 4590 finierit.

230 4620 281 4676 '0
328 4619 384 4677 at
436 4623 581 4695 μετὰ
626 4626 817 4678 τοῦτον
888 4621 1168 4689 ἑνδέκατος
1224 4624 1490 4697 διεξέλθοι
1540 4628 1795 4703 ἀρίστως,

1983 4626 2154 4682 Porro
2186 4626 2286 4698 qui
2319 4626 2474 4681 hunc
2519 4633 2909 4695 consequetur
2956 4624 3304 4678 undecimus
3336 4630 3549 4686 tomus,

172 4708 256 4763 ὅσα
298 4709 382 4766 ἐπὶ
428 4709 882 4767 Οὗαλεντινιανοῦ
938 4715 1027 4768 καί
1077 4719 1174 4770 τοῦ
1221 4712 1511 4779 δυσσεϐοῦς
1562 4719 1802 4774 Οὐάλεν-

171 4816 249 4860 τος
302 4806 418 4863 ταῖς
479 4798 804 4871 ἐκκλησίαις
870 4800 1159 4872 ἐπισυνέϐη
1196 4824 1208 4836 ο
1270 4805 1392 4880 περί
1448 4828 1505 4862 τε
1547 4811 1655 4863 τῶν
1686 4810 1800 4863 καθ’

175 4888 300 4957 ἡμᾶς
358 4890 616 4966 μεγάλων
663 4898 763 4959 τῆς
798 4890 1121 4962 Ἐκκλησίας
1181 4896 1507 4969 φωστηρων,
1560 4896 1650 4951 καὶ
1697 4901 1804 4952 τῶν

175 4976 239 5039 εἷς
271 4979 566 5037 ἀντίπαλον
613 4980 838 5043 ἐκείνοις
885 4983 1260 5039 καταστάντων
1321 4991 1561 5060 μοῖρανι
1606 4988 1693 5042 καὶ
1728 4988 1801 5049 ὡς

175 5067 227 5120 τὰ
261 5074 350 5123 τοῦ
401 5075 713 5146 μοναχικοῦ
770 5070 843 5133 είς
908 5072 1045 5147 μέγα
1096 5071 1388 5131 ἐπιδέδωκε
1449 5078 1736 5151 σχήματος
1785 5098 1798 5110 ·

176 5155 298 5210 πόσα
325 5178 380 5212 τε
410 5163 520 5213 τῶν
564 5158 730 5213 ἐθνῶν
777 5160 869 5215 τὸν
923 5164 1349 5237 Χριστιανισμὸν
1395 5162 1751 5239 παρεδέξαντο
1785 5185 1797 5198 ·

174 5246 346 5307 καὶὡς
394 5246 661 5324 διεφθάρη
712 5248 958 5321 Οὐάλης,
1006 5253 1174 5325 πυρὸς
1224 5251 1515 5327 γενόμενος
1563 5255 1803 5328 παρανά-

175 5328 340 5405 λωμα.

232 5429 309 5494 Τῷ
359 5423 654 5499 δωδεκάτῳ
702 5425 899 5483 ἐσεῖται
960 5426 1308 5506 διηγουμένῳ
1357 5433 1422 5487 τὰ
1471 5434 1607 5488 κατὰ
1668 5440 1803 5509 Γρα-

174 5513 329 5565 me»
392 5518 482 5569 καὶ
553 5515 946 5572 Οὐαλεντιανὸν
1000 5520 1092 5574 τὸν
1152 5521 1290 5588 νέον,
1346 5522 1434 5577 καὶ
1481 5524 1571 5577 τὸν
1622 5522 1673 5592 ἐξ
1732 5524 1799 5579 Ἰ-

175 5602 379 5664 σπανίας
443 5603 697 5678 μέγιστον
768 5605 1076 5676 Θετδὸσιον,
1125 5612 1222 5677 τήν
1299 5632 1354 5666 τε
1421 5613 1800 5683 οἰκουμενικὴν

173 5692 251 5742 καὶ
303 5689 551 5768 δευτέραν
608 5695 764 5772 ἁγίαν
824 5696 1041 5753 σύνοδον
1078 5717 1090 5731 ·
1151 5699 1241 5753 καὶ
1290 5700 1361 5763 ὡς
1420 5700 1508 5755 ἐπὶ
1559 5700 1619 5756 τὸ
1681 5706 1799 5776 μεῖ-

1913 4716 2142 4783 ecpiose
2174 4715 2503 4780 testabitur,
2536 4730 2664 4785 quas
2707 4712 2976 4768 Ecclesia
3006 4712 3114 4767 sub
3145 4708 3549 4765 Valentiniano

1913 4809 1969 4859 et
1997 4804 2178 4873 impio
2219 4802 2445 4859 valente
2478 4803 2835 4874 pertulerint.
2861 4803 3002 4856 Item
3026 4802 3094 4854 de
3117 4798 3342 4868 magnis
3361 4796 3550 4852 Eccle-

1914 4894 2011 4947 sia
2058 4894 2389 4948 orthodoxae
2438 4891 2848 4957 luminaribus,
2908 4895 2968 4944 et
3024 4889 3125 4960 qui
3183 4903 3252 4943 ex
3309 4887 3550 4941 adverso

1913 4983 2133 5037 eisdem
2191 4982 2515 5037 exstiterint
2570 4984 3015 5050 Oppugnatores,
3075 4976 3360 5032 ostendet.
3409 4973 3555 5028 Pras-

1916 5077 2073 5126 terea
2105 5075 2168 5125 ut
2197 5073 2335 5125 ordo
2387 5070 2740 5125 monasticus
2790 5069 2847 5122 in
2897 5068 3252 5121 immensum
3292 5061 3551 5119 creverit.

1915 5160 2058 5216 Item
2117 5176 2239 5230 quas
2306 5163 2508 5229 gentes
2564 5156 3083 5212 Christianismum
3153 5151 3549 5223 susceperint;

1915 5256 2231 5320 postremo,
2265 5255 2329 5303 ut
2360 5248 2568 5303 Valens
2596 5245 2865 5301 incendio
2897 5245 3148 5314 perierit.

1987 5433 2335 5490 Duodecimo
2358 5436 2512 5487 tomo
2534 5428 2938 5485 describentur
2965 5430 3221 5484 Gratiani
3253 5430 3309 5483 et
3337 5425 3551 5482 Valen-

1912 5524 2116 5579 tiniani
2165 5521 2438 5593 junioris,
2489 5523 2546 5576 et
2595 5536 2663 5576 ex
2713 5517 2991 5589 Hispania
3038 5515 3269 5572 oriundi
3317 5515 3552 5571 Maximi

1910 5610 2220 5667 Theodosii
2257 5625 2367 5665 res.
2403 5610 2542 5665 Item
2575 5609 2893 5664 secundum
2931 5605 3253 5662 universale
3284 5610 3550 5662 sanctum

1911 5700 2216 5760 concilium
2253 5714 2267 5756 :
2319 5703 2377 5756 et
2423 5703 2490 5757 ut
2537 5697 2717 5771 pietas
2763 5696 3094 5757 Christiana
3136 5695 3197 5754 in
3248 5695 3437 5770 majus
3464 5694 3540 5754 sit
