3950 6214
3687 374 3786 436 616

2831 509 2980 580 ἡμᾶς
3063 505 3440 582 προελήλυθεν
3521 504 3790 578 εὐσεϐείας,

2165 595 2468 650 παντάπασι
2537 601 2647 650 τῶν
2730 594 3034 651 εἰδωλικῶν
3121 595 3568 672 κατασραφὲντων
3651 601 3792 653 νεῶν.

2166 685 2281 739 Ἒτι
2363 681 2420 739 δὲ
2491 685 2581 740 καὶ
2668 685 2791 762 περὶ
2872 687 2980 740 τῶν
3055 685 3178 742 τότε
3261 683 3452 740 δεινῶν
3541 686 3798 760 αἷρεσιαρο

2167 779 2306 848 χῶν,
2363 776 2454 829 καὶ
2505 775 2611 830 τῶν
2671 777 2792 828 καθ’
2850 777 2996 848 ἡμᾶς
3069 775 3238 849 ἁγίων
3325 777 3414 830 καὶ
3491 776 3797 852 φιλοσόφων

2166 862 2402 938 ἀνδρῶν.

2239 955 2299 1011 Ὁ
2358 952 2796 1027 τρισκαιδέκατος
2852 955 2918 1008 τὰ
2975 955 3098 1027 περῖ
3159 953 3447 1027 Ἀρκάδιον
3509 955 3596 1008 καὶ
3654 955 3804 1010 Ὁνώ-

2169 1062 2282 1117 ριον
2346 1041 2614 1116 λαμπρῶς
2673 1041 3038 1118 διηγήσεται·
3096 1041 3172 1098 ἔτι
3223 1041 3280 1098 δὲ
3327 1045 3418 1098 καὶ
3457 1042 3525 1098 τὰ
3565 1045 3696 1098 κατὰ
3724 1044 3804 1098 τὸν

2168 1136 2419 1206 Χρυσοῦν
2481 1133 2578 1200 τὴν
2623 1131 2896 1206 γλῶτταν,
2953 1133 3029 1194 εἷς
3081 1132 3279 1190 λεπτὸν
3331 1131 3610 1204 ἐπεξέλθοι
3671 1154 3760 1208 μοι
3792 1152 3802 1162 ·

405 372 526 432 615
1698 369 2029 432 NICEPHO
2041 373 2118 434 RI
2161 373 2518 464 CALLISTI

411 513 700 583 provecta,
760 507 994 578 templis
1042 507 1258 579 ubique
1305 523 1430 576 quae
1489 505 1660 560 idolis
1717 512 2049 562 consecrata

2195 527 2254 560 ον
2312 508 2380 561 τὰ
2449 515 2547 576 τῆς
2625 509 2742 562 καθ’

414 599 645 656 fuerant
675 599 910 652 eversis.
945 598 1190 665 Insuper
1221 595 1290 650 de
1322 597 1449 666 ejus
1483 597 1758 662 temporis
1777 597 2056 665 gravibus

416 685 834 751 hmresiarchis,
884 689 942 738 et
984 685 1202 740 sanctis
1250 684 1421 738 etiam
1455 683 1685 754 piisque
1715 682 1771 736 in
1805 683 2060 738 Ecclesia

414 779 630 836 nostris
665 777 1019 833 hominibus.

486 959 857 1014 Tredccimus
901 962 1165 1028 tempora
1209 955 1434 1010 Arcadii
1481 960 1538 1010 et
1568 955 1804 1010 Honorii
1839 955 2058 1026 prolixe

418 1053 684 1120 exponet.
719 1049 1114 1118 Prmtereaque
1163 1063 1253 1100 res
1294 1062 1469 1100 aurea
1500 1044 1698 1110 lingua
1729 1045 2058 1112 praestantis

417 1140 524 1194 viri
557 1137 950 1210 Chrysostomi
983 1135 1226 1202 scilicet,
1273 1139 1329 1189 et
1373 1151 1496 1204 quae
1529 1135 1766 1202 insuper
1795 1150 1860 1188 ea
1893 1137 2060 1188 (etate

417 1227 686 1284 Ecclesiae
715 1225 1083 1295 contigerint,
1113 1228 1379 1280 accurate
1415 1227 1814 1292 prosequetur.

493 1409 556 1463 In
580 1412 786 1479 quarto
809 1407 1034 1462 decimo
1059 1411 1212 1461 torno
1241 1411 1656 1474 argumentum
1679 1404 1849 1460 nobis
1869 1407 2064 1460 Theo—

421 1497 855 1567 dosiusjunior,
879 1499 936 1550 et
956 1495 1214 1550 omnium
1238 1495 1624 1550 admiratione
1647 1495 1822 1566 digna
1848 1494 2064 1550 femina

421 1585 724 1641 Pulcheria
760 1584 1184 1656 suppeditrhit;
1209 1592 1264 1638 et
1296 1589 1424 1638 acta
1445 1583 1646 1638 concili
1681 1582 1829 1638 tertii
1856 1583 2063 1652 Ephesi

421 1675 608 1730 coacti
658 1673 1160 1738 commemorabil,
1216 1671 1318 1726 ιΙΙ
1379 1677 1435 1726 et
1467 1677 1742 1742 praeterea
1767 1674 2066 1742 episcopo-

423 1780 553 1819 rum
588 1763 1038 1828 successionem,
1071 1763 1170 1832 qui
1207 1761 1477 1817 maximis
1519 1761 1854 1831 quibusque
1883 1760 2066 1816 eccle-

423 1853 528 1908 iis
553 1854 920 1921 praefuerunt.
943 1851 1568 1906 Commemorabuntur
1583 1851 1758 1904 etiam
1785 1849 2066 1920 Eutychos

422 1947 480 1997 et
509 1941 836 2008 Dioscorus,
871 1939 1146 1994 haeretici.
1181 1940 1322 1994 Item
1355 1939 1608 1994 Eudocia
1647 1943 1704 1993 et
1743 1937 2065 2002 Pulcheria,

424 2031 637 2102 regium
659 2045 759 2084 seu
787 2027 1203 2100 imperatrices.
1231 2028 1490 2098 Denique
1512 2027 1614 2098 qui
1637 2043 1706 2081 ea
1725 2030 2073 2097 tempestate

426 2119 486 2175 in
518 2116 828 2174 Palestina
859 2121 915 2171 et
963 2115 1104 2172 alibi
1137 2117 1249 2170 Deo
1282 2116 1604 2185 placentem
1637 2115 1838 2181 vitam,
1869 2130 2074 2170 mona-

429 2208 633 2266 sticam
665 2207 909 2274 scilicet,
940 2205 1157 2277 optime
1184 2209 1320 2261 sunt
1353 2203 1598 2275 professi
1623 2213 1676 2258 el
1706 2204 1910 2258 secuti.

505 2297 671 2354 Hunc
721 2295 818 2367 qui
867 2299 1150 2366 sequetur
1187 2294 1447 2351 decimus
1479 2296 1742 2366 quintus,
1765 2293 1886 2349 hac
1917 2309 2074 2348 com-

436 2387 721 2461 plectetur
774 2403 786 2439 :
835 2384 1194 2442 celeberrimi
1263 2385 1630 2455 imperatoris
1689 2385 1966 2440 Marciani
2022 2389 2078 2440 et

439 2476 646 2534 Leonis
694 2475 888 2546 Magni
939 2490 1052 2536 res,
1095 2479 1151 2529 et
1197 2479 1413 2544 quart
1463 2473 1666 2546 synodi
1699 2479 1846 2541 acta,
1879 2473 2078 2529 omnia

432 2583 500 2624 ea
532 2565 764 2623 abunde
813 2580 1152 2635 exponens:
1198 2569 1254 2618 et
1297 2564 1557 2634 insuper,
1607 2579 1728 2632 quae
1757 2563 2074 2618 Antiochiae

428 2662 484 2714 et
502 2655 861 2712 Alexandriae
894 2655 952 2710 in
989 2653 1275 2710 seditione
1305 2668 1566 2708 evenere.
1603 2653 1742 2708 Item
1777 2669 1899 2722 qua:
1929 2653 2076 2708 circa

431 2745 812 2816 adjectionem
845 2747 932 2798 ter
963 2743 1150 2800 sancti
1181 2743 1382 2812 hymni
1407 2750 1546 2798 sunt
1575 2741 1744 2798 facta.

507 2930 570 2982 In
620 2925 846 2982 decimo
895 2929 1053 2980 sexto
1093 2929 1264 2980 erunt
1314 2939 1400 2978 res
1429 2921 1672 2978 Zenonis
1704 2924 1760 2976 et
1790 2920 2074 2984 Basilisci,

435 3017 734 3088 hujusque
763 3013 1078 3070 circulares
1109 3013 1355 3080 litterae;
1390 3017 1446 3066 et
1477 3027 1603 3082 qua;
1636 3017 1895 3081 tempore
1925 3013 2074 3064 Ana-

434 3105 592 3162 stasii
614 3104 803 3160 Dicori
829 3103 1090 3160 Ecclesiae
1110 3109 1450 3158 evenerunt.
1469 3099 1688 3154 Deinde
1723 3116 1813 3153 res
1845 3114 2076 3170 quoque

434 3195 651 3260 Severi,
713 3193 862 3249 Petri
935 3192 1220 3263 Gnaphei,
1296 3190 1445 3246 Petri
1523 3191 1728 3259 Mongi,
1787 3187 2076 3244 Timothei

2168 1219 2267 1276 ὅσα
2320 1241 2378 1276 τε
2435 1221 2526 1276 καὶ
2601 1223 2697 1276 οἷα
2790 1225 3080 1292 τηνικαῦτα
3161 1227 3226 1296 τῇ
3315 1220 3617 1294 Ἐκκλησία
3699 1223 3804 1277 έπε-

2171 1304 2364 1379 συνέϐη
2378 1354 2388 1365 .

2242 1405 2327 1470 Τῷ
2377 1420 2437 1474 γε
2487 1401 2594 1474 μὴν
2643 1397 3208 1475 τεσσαρεσκαιδεκάτῳ
3259 1405 3366 1456 τῶν
3407 1401 3593 1473 τόμων
3627 1401 3655 1454 ὁ
3683 1401 3806 1454 νεώ-

2169 1509 2324 1562 τερος
2381 1486 2698 1558 Θεοδόσιος,
2731 1490 2819 1544 καὶ
2877 1494 2911 1559 ἡ
2973 1491 3257 1562 θαυμαστὴ
3316 1495 3588 1564 γυναικῶν
3643 1489 3806 1544 Πουλ-

2172 1576 2334 1652 χερία
2379 1581 2688 1654 χορηγήσει
2735 1579 2828 1641 τὰς
2876 1577 3010 1642 ὕλας
3043 1599 3056 1611 ·
3105 1580 3292 1634 καὶτὰ
3340 1579 3480 1634 κατὰ
3507 1581 3606 1647 τὴν
3635 1579 3803 1652 τρίτην

2173 1665 2224 1722 έν
2259 1665 2464 1743 Ἐφέσῳ
2493 1665 2718 1722 σύνοδον
2769 1667 2824 1722 εὖ
2877 1667 3024 1738 μάλα
3074 1667 3328 1723 διέλθοι·
3381 1672 3480 1738 τήν
3529 1690 3586 1722 τε
3637 1665 3808 1722 διαδο-

2176 1759 2285 1832 χὴν
2319 1762 2426 1812 τῶν
2449 1759 2572 1812 τότε
2601 1763 2710 1812 τῶν
2746 1757 3004 1832 μεγάλων
3045 1757 3405 1830 ἡγησαμένων
3461 1761 3756 1831 παροικιῶν
3794 1777 3803 1786 -

2175 1843 2254 1900 ἔτι
2287 1844 2344 1900 δὲ
2401 1847 2490 1900 καὶ
2547 1847 2613 1900 τὰ
2651 1848 2786 1902 κατὰ
2828 1847 2918 1900 τὸν
2977 1848 3200 1922 Εὐτυχῆ
3259 1848 3348 1900 καὶ
3381 1847 3697 1920 Διόσκορον.
3725 1845 3800 1898 καὶ

2189 1934 2452 1990 Εὐδοκίαν
2480 1937 2570 1991 καὶ
2619 1936 2950 2009 Παλαιστίνῃ
2997 1937 3084 1990 καὶ
3116 1937 3372 2012 ἀλλαχοῦ
3400 1939 3501 2004 τήν
3531 1937 3668 1991 κατὰ
3696 1938 3805 1991 Θεὸν

2181 2031 2482 2095 τηνικαῦτα
2509 2026 2562 2080 έν
2599 2027 2927 2100 Παλαιστίνῃ
2978 2027 3068 2082 καὶ
3119 2025 3374 2104 ἀλλαχοῦ
3413 2027 3512 2094 τήν
3541 2026 3678 2080 κατὰ
3699 2027 3808 2080 Θεὸν

2182 2114 2459 2170 πολιτείαν
2493 2115 2727 2190 ῃρίστως
2760 2117 3040 2189 μετῄεσαν.

2255 2294 2400 2366 Πρὸς
2453 2293 2670 2354 τούτοις
2728 2295 2756 2348 ὁ
2817 2298 2932 2367 μετ’
2991 2294 3192 2349 ἐκεῖνον
3249 2291 3726 2354 πεντεκαιδέκατος
3751 2295 3806 2345 τὰ

2183 2383 2321 2436 κατὰ
2395 2384 2484 2437 τὸν
2557 2380 2812 2455 αοίδιμον
2897 2383 3228 2456 Μαρκιανὸν,
3307 2383 3396 2438 καὶ
3474 2385 3566 2437 τὸν
3671 2381 3810 2455 μέγαν

2187 2473 2409 2540 Λέοντα,
2467 2471 2558 2526 καὶ
2623 2473 2722 2540 τήν
2795 2472 3052 2544 τετάρτην
3121 2470 3506 2549 ἒκδιηγήσεται
3585 2467 3810 2536 σύνοδον1

2186 2557 2355 2634 ἄρδην
2429 2561 2496 2615 τὰ
2579 2559 2776 2630 ταύτης
2863 2561 3030 2616 πάντα
3108 2555 3519 2633 διαλαμϐάνων,
3609 2560 3704 2614 ὅσα
3767 2578 3812 2611 τε

2185 2647 2238 2704 ἐν
2295 2649 2602 2723 Ἀντιοχείᾳ
2657 2650 2746 2704 καὶ
2802 2651 2939 2704 κατὰ
2993 2651 3092 2717 τήν
3170 2647 3528 2724 Ἀλεξάνδρου
3595 2648 3679 2704 ἐπὶ
3731 2669 3812 2702 συ-

2188 2737 2366 2794 στάσει
2423 2738 2625 2808 ταύτης
2679 2734 2887 2813 προέϐη
2949 2759 2962 2772 ο
3023 2733 3103 2794 ἔτι
3165 2737 3222 2794 δὲ
3279 2739 3367 2793 καὶ
3425 2740 3493 2796 τὰ
3547 2739 3672 2813 περὶ
3727 2745 3809 2806 τῆς

2185 2828 2238 2882 έν
2267 2833 2347 2899 τῷ
2378 2827 2645 2902 τρισαγίῳ
2675 2827 2826 2902 ὕμνῳ
2855 2831 3178 2903 προσθήκης
3209 2829 3564 2906 γεγενημένα.

2257 2923 2322 2972 ‘0
2378 2920 2558 2990 μέντοι
2621 2915 2991 2990 ὶξκαιδέκατος
3057 2919 3122 2972 τὰ
3203 2919 3326 2990 περὶ
3404 2919 3660 2988 Ζήνωνος
3735 2916 3812 2970 καὶ

2187 3005 2535 3076 Βασιλίσκου,
2589 3007 2837 3061 καὶτῶν
2913 3006 3218 3080 ἐγκυκλίων
3297 3007 3493 3062 τούτου
3579 3007 3812 3078 γραμμά-

2184 3117 2314 3166 των,
2357 3094 2438 3150 ἕτι
2496 3095 2553 3150 δὲ
2608 3097 2698 3152 καὶ
2753 3099 2821 3151 τὰ
2872 3097 3006 3151 κατὰ
3053 3098 3143 3152 τὸν
3206 3097 3434 3170 Δίκορον
3485 3097 3810 3153 Ἀναστάσιον

2189 3190 2258 3259 τῇ
2303 3187 2572 3260 ἱερωσύνῃ
2637 3183 3008 3258 έπισυμϐἀντα
3083 3183 3511 3260 συνδιαλήψεται
3561 3207 3578 3219 ·
3653 3184 3810 3240 ἔπειτα

3307 2383 3396 2438 καὶ
3474 2385 3566 2437 τὸν

433 3283 634 3350 ιΕΙυτί,
683 3291 735 3338 et
783 3282 1030 3338 aliorum
1067 3245 1316 3350 linsuper
1363 3245 1790 3336 haereticorum.
1835 3281 1896 3331 Et
1937 3277 2055 3332 iten

2195 3276 2278 3330 καὶ
2335 3277 2400 3330 τὰ
2454 3276 2577 3348 περί
2641 3277 2888 3348 Σευήρου
2945 3275 3036 3330 καὶ
3107 3273 3312 3348 Πέτρου
3379 3279 3478 3330 τοῦ
3553 3273 3808 3350 Κναφὲως,

435 3389 560 3446 quae
591 3373 782 3428 denuo
805 3387 906 3444 per
927 3370 1274 3426 seditionem
1299 3371 1370 3425 de
1391 3373 1602 3440 quarta
1623 3371 1827 3424 sancta
1854 3367 2076 3438 synodo

433 3467 574 3521 sunt
607 3471 753 3530 acta,
788 3465 1056 3517 accurate
1085 3463 1386 3532 praponet.

505 3735 773 3791 Decimus
821 3734 1108 3805 septimus
1155 3749 1221 3789 ex
1271 3733 1446 3788 rebus
1503 3731 1723 3788 Justini
1783 3731 1982 3802 primi,
2025 3737 2083 3788 et

430 3824 791 3882 successoris
821 3825 947 3894 ejus
981 3823 1216 3880 maximi
1241 3822 1584 3890 Justiniani,
1607 3827 1662 3877 et
1689 3823 1834 3877 actis
1864 3821 2081 3893 quintae

439 3921 654 3970 sanctae
684 3913 890 3982 synodi
923 3911 1232 3968 constabit.
1285 3911 1386 3967 His
1425 3911 1770 3982 adjiciantur
1799 3909 2082 3966 Bellisarii

437 4019 532 4058 res
565 4009 740 4074 gestae
777 4019 789 4056 :
821 4004 958 4058 item
987 4001 1204 4058 Justini
1232 4001 1484 4072 junioris
1517 4017 1630 4068 res,
1665 4008 1718 4055 et
1749 4001 1848 4072 qui
1880 4000 2081 4056 eodem

437 4097 696 4163 tempore
737 4092 850 4146 vita
895 4091 1122 4162 angelis
1159 4089 1366 4162 mquali
1419 4089 1556 4145 clari
1597 4089 1757 4144 fuere
1789 4088 2082 4145 monachi.

511 4339 782 4395 Decimus
813 4343 870 4393 et
913 4341 1146 4394 octavus
1189 4343 1382 4394 tomus
1413 4338 1566 4392 clare
1597 4336 1926 4407 explicabit,
1959 4352 2084 4408 quae

438 4430 548 4486 sub
577 4429 810 4484 Tiberio
839 4435 897 4484 et
929 4429 1208 4484 Mauricio
1239 4428 1691 4498 imperatoribus
1735 4428 1794 4484 in
1824 4427 2085 4484 ecclesiis

438 4523 578 4576 sunt
607 4524 773 4585 acta;
809 4518 949 4574 item
983 4535 1071 4574 res
1125 4517 1470 4583 Hormisdm,
1521 4516 1784 4574 Ghosrosn
1835 4521 1888 4572 et
1937 4517 2084 4572 Cha-

442 4609 575 4681 gani
609 4609 913 4664 Persarum
948 4625 963 4674 ;
996 4613 1052 4662 et
1100 4613 1165 4662 ut
1212 4607 1528 4664 Mauricius
1571 4624 1770 4680 poenas
1809 4607 1924 4664 Deo
1957 4625 2055 4679 per

2201 4615 2310 4666 τῶν
2369 4614 2584 4683 Περσῶν
2647 4606 2930 4683 Ὀρμίσδα,
2991 4607 3244 4680 Χοσρόου
3309 4629 3368 4662 τε
3419 4607 3508 4662 καὶ

441 4698 696 4768 solvens,
753 4697 945 4768 gladio
992 4698 1248 4766 perierit.
1299 4697 1514 4754 Deinde
1545 4698 1810 4768 quasdam
1842 4713 2092 4754 comme-

447 4788 831 4844 morabuntur
861 4787 930 4842 de
963 4785 1354 4852 singularibus
1383 4786 1732 4857 quibusdam
1751 4785 2014 4842 dissidiis
2035 4792 2093 4842 et

444 4877 791 4943 haeresibus,
814 4877 1040 4932 scilicet
1059 4877 1507 4948 Monophysitis,
1527 4876 1850 4942 Tritheitis,
1867 4879 2092 4946 Agnos-

443 4969 520 5024 tis
550 4972 606 5023 et
646 4965 1136 5039 Theopaschitis;
1169 4967 1305 5022 item
1360 4967 1429 5021 de
1477 4965 1756 5022 Jac-abitis
1790 4969 1845 5020 et
1887 4966 2096 5020 Arms—

443 5057 580 5122 niis,
615 5061 672 5113 et
704 5065 977 5128 praterea
1009 5072 1135 5128 quis
1187 5057 1244 5111 in
1299 5055 1368 5110 iis
1409 5055 1556 5126 ipsis
1587 5055 1911 5110 haeresibus
1943 5056 2099 5109 fuere

449 5147 716 5204 dissidia.
787 5152 1086 5203 Postremo
1151 5163 1327 5219 quam
1386 5145 1638 5216 turpiter
1693 5144 1937 5211 Phocas,
1998 5144 2096 5215 qui

448 5237 732 5294 Mauricio
779 5237 1097 5294 succedens
1145 5233 1456 5292 crudeliter
1495 5234 1863 5306 tyrannidem
1897 5233 2095 5305 gessit,

452 5329 531 5390 sit
555 5327 888 5404 jugulatus.

2185 3365 2396 3439 Πέτρου
2459 3385 2518 3418 τε
2567 3369 2664 3419 τοῦ
2719 3363 2940 3440 Μόγγου
3023 3365 3110 3418 καὶ
3199 3365 3464 3436 Τιμοθέου
3553 3369 3652 3418 τοῦ
3731 3362 3807 3416 Αἱ-

2187 3453 2412 3528 λούρου,
2477 3454 2566 3508 καὶ
2649 3459 2758 3508 τῶν
2842 3451 3029 3508 ἄλλων
3109 3453 3196 3507 ἐπὶ
3289 3453 3506 3515 τούτοις
3583 3453 3806 3528 αἱρεσιω·

2186 3565 2308 3620 τφν,
2368 3543 2479 3619 έρεῖ
2526 3544 2661 3617 πρὸς
2731 3537 3010 3618 ἀκρίϐειαν
3045 3562 3056 3574 ·
3119 3543 3209 3596 καί
3265 3541 3364 3597 ὅσα
3413 3539 3481 3612 δὴ
3541 3541 3690 3602 αὖθις
3737 3537 3809 3594 ἐπὶ

2187 3653 2436 3690 συστασει
2467 3639 2567 3703 τῆς
2597 3633 2754 3708 ἁγίας
2794 3634 3056 3706 τετάρτης
3091 3629 3312 3687 συνόδου
3343 3629 3620 3708 ἐπράχθη.

2259 3724 2357 3777 Τὸν
2416 3721 2867 3778 ἑπτακαιδέκατον
2952 3724 3244 3782 Ἰουστῖνος
3327 3723 3355 3776 ὁ
3440 3725 3654 3795 πρῶτος
3733 3721 3806 3772 καὶ

2190 3809 2218 3862 ὁ
2279 3809 2393 3879 μετ’
2471 3808 2666 3862 ἐκεῖνον
2759 3807 3013 3879 μέγιστος
3113 3807 3490 3866 Ἰουστινιανὸς

2191 3895 2319 3970 ἁγίᾳ
2376 3897 2600 3970 πέμπτῃ
2659 3893 2871 3968 συνόδῳ
2932 3897 3022 3951 καὶ
3079 3901 3200 3956 τοῖς
3271 3895 3324 3950 έν
3403 3894 3538 3968 αὐτῇ
3616 3913 3808 3965 πεπρα-

2188 3988 2434 4058 γμένοις,
2493 3985 2630 4057 πρὸς
2685 3983 2741 4039 δὲ
2804 3991 2918 4046 τοῖς
3002 3984 3136 4039 κατᾶ
3217 3983 3572 4058 Βελλισάριον
3659 3981 3811 4056 ἔργοις

2190 4073 2578 4149 ἀναπληρώσει
2643 4094 2783 4146 μοι·
2845 4069 2920 4130 ἔτι
2980 4072 3037 4129 ὂὶ
3092 4075 3182 4127 καὶ
3239 4075 3266 4128 ὁ
3323 4074 3586 4148 νεώτερος
3643 4074 3810 4126 Ἰονστῑ

2191 4185 2305 4236 νος,
2329 4163 2418 4218 καὶ
2477 4162 2595 4219 ὅσοι
2658 4163 2761 4237 βίῳ
2843 4167 3142 4232 τηνικαῦτα
3201 4161 3478 4237 ἰσαγγέλῳ
3535 4159 3807 4232 διαπρέπον

2190 4275 2279 4316 τες
2309 4255 2461 4322 ἦσαν.

2271 4348 2327 4396 '0
2360 4339 2416 4396 δέ
2447 4363 2508 4416 γε
2557 4340 2778 4402 δὲκατός
2807 4361 2866 4395 τε
2915 4341 3003 4395 καὶ
3061 4337 3252 4416 ὄγδοος
3294 4340 3562 4413 λαμπρῶς
3608 4333 3812 4410 περιέξει

2205 4452 2322 4504 μοι,
2355 4430 2454 4486 ὅσα
2505 4431 2593 4486 ἐπὶ
2641 4425 2893 4505 Τιϐερίου
2941 4431 3030 4484 καὶ
3081 4431 3384 4502 Μαυρικίου
3433 4433 3540 4483 τῶν
3575 4426 3815 4496 015101.51—

2193 4523 2373 4596 τὸρων
2429 4526 2550 4582 ταῖς
2607 4519 2924 4588 ἐκκλησίαις
2983 4517 3191 4594 ἐγένετο
3226 4537 3238 4550 ·
3291 4513 3366 4571 ἔτι
3401 4515 3458 4572 δὲ
3497 4515 3586 4571 καί
3625 4516 3688 4570 τὰ
3715 4511 3816 4582 περὶ

3603 4601 3816 4676 Χαγὰνου

2639 4699 2728 4751 καὶ
2773 4699 2848 4760 ὡς
2891 4696 3190 4772 Μαυρίκιος
3219 4697 3411 4756 ποινὰς
3447 4699 3561 4766 Θεῷ
3591 4693 3814 4760 εἰσπρατ-

2471 3808 2666 3862 ὲκεῖνον
2759 3805 3013 3882 μέγιστος
3113 3807 3490 3866 Ἰουστινιανὸς
3579 3807 3668 3860 σὺν

2203 4699 2542 4776 γεγενημένα
2576 4720 2588 4730 ·

2201 4789 2451 4863 τόμενος,
2480 4789 2616 4866 ξίφει
2649 4787 2739 4843 τὸν
2789 4789 2905 4861 βίον
2959 4784 3296 4860 μετήλλαξεν
3334 4805 3344 4816 ·

2207 4879 2527 4952 σχισμάτων
2557 4879 2646 4932 καὶ
2708 4879 2964 4951 αἱρέσεων
3009 4875 3244 4948 μερικῶν
3301 4871 3624 4947 διαλήψεται
3669 4891 3678 4900 ’
3725 4869 3818 4922 Mo-

2205 4973 2533 5045 νοφυσιτῶν,
2591 4968 2906 5039 Τριθεῖτῶν,
2971 4968 3292 5038 Ἀγνοητῶν
3379 4961 3469 5016 καὶ
3552 4967 3820 5026 8501:3611-

2206 5061 2313 5112 τῶν
2367 5075 2380 5088 ·
2435 5052 2513 5110 ἔτι
2559 5053 2616 5110 δὲ
2662 5055 2784 5128 περῖ
2839 5059 2948 5108 τῶν
2994 5047 3323 5108 Ἰακωϐιτῶν
3375 5050 3466 5106 καὶ
3533 5043 3822 5122 ’Δρμενὲων,

2207 5145 2297 5200 καὶ
2356 5149 2462 5199 τῶν
2523 5143 2574 5198 ἐν
2633 5143 2816 5204 αὕτοῖς
2877 5139 3188 5211 διαιρέσεων
3225 5159 3237 5170 ·
3299 5139 3391 5194 καὶ
3453 5137 3599 5198 ὅπως
3642 5135 3670 5188 ὁ
3715 5127 3823 5202 μετᾶ

2213 5233 2507 5307 Μαυρίκιον
2542 5238 2720 5288 κακῶς
2778 5232 3110 5304 τυραννήσας
3167 5233 3358 5288 Φωκᾶς
3399 5227 3642 5300 αἰσχρῶς
3668 5215 3822 5287 ἀπηλ-

2217 5320 2362 5398 λάγη
2390 5325 2488 5376 τοῦ
2517 5325 2637 5395 ζῇν.

3399 4785 3510 4838 εἶτα
3538 4781 3654 4854 περί
3683 4797 3816 4832 τινων
