4100 6218
164 336 278 398 617
1187 325 1810 390 ECCLESIASTICIE

1965 326 2243 388 STORLE
2289 327 2432 386 LIB.
2481 326 2527 385 Ι.
3435 329 3555 388 618

269 469 367 524 42
397 465 764 521 Postm‘orum
813 465 1054 536 quinque
1099 469 1371 518 tomorum
1420 471 1743 534 argumenta
1788 464 1941 520 alius
1988 465 2228 519 auctori:
2273 477 2384 517 esse
2421 461 2694 516 videntur.
2739 463 2845 530 Qui
2892 463 3026 517 ιονιιί
3067 465 3124 518 in
3166 462 3265 518 hoc
3292 477 3450 534 opere

1662 553 1770 591 non
1810 544 2054 592 exuam.

238 649 292 702 Ὀ
348 643 393 699 δ’
451 638 925 702 ἐννεακαιδέκατος
982 639 1144 695 αὐτόν
1194 661 1251 694 τε
1307 639 1655 713 Ἡράκλειον,
1687 640 1811 702 τούς
1843 645 1894 710 Α

170 757 224 792 τε
280 732 475 794 παῖδας
535 733 620 786 καὶ
683 731 938 806 ἐγγόνους
993 729 1156 784 αὐτοῦ
1214 730 1300 783 καὶ
1360 730 1427 783 τὰ
1485 730 1567 784 ἐπ’
1623 729 1812 792 αὐτοῖς

174 828 425 902 γενόμενα
480 819 750 896 περιέξειο
814 821 882 874 τά
963 840 1022 874 τε
1080 825 1180 886 τῆς
1259 823 1474 894 Περσῶν
1549 822 1816 889 κινήσεως

176 915 284 969 καθ’
328 909 512 984 ἡμῶν,
545 914 642 964 τοῦ
697 929 756 963 τε
805 907 1094 963 ἀκαθίστου
1149 909 1376 979 Ὗμνου.
1428 907 1518 962 καὶ
1562 915 1661 976 τῆς
1719 909 1817 963 Ἱε-

182 1001 496 1077 ροσολύμων
556 998 814 1054 ἁλώσεως
841 1015 854 1030 '
911 995 1000 1051 καὶ
1061 997 1134 1057 ὡς
1179 997 1206 1050 6
1241 997 1478 1070 μυσαρὸς
1522 1001 1817 1066 τηνικαῦτα

179 1092 397 1170 ἀνεφάνη
448 1089 694 1160 Μωάμεθ
723 1106 736 1120 ο
787 1082 867 1141 ἔτι
922 1083 979 1140 δὲ
1023 1085 1112 1140 καὶ
1159 1086 1226 1139 τὰ
1269 1085 1389 1158 περὶ
1432 1088 1529 1153 τῆς
1561 1087 1818 1160 αἱρέσεως

180 1186 276 1234 τῶν
335 1175 758 1246 Μονοοελητῶν,
815 1175 904 1229 καὶ
971 1178 1080 1229 τῶν
1143 1174 1226 1228 ἐπ’
1296 1173 1431 1240 αὖτῆ
1489 1176 1817 1247 γενομένων,

183 1267 401 1344 Σεργίου
465 1287 524 1321 τε
584 1267 671 1320 καὶ
736 1262 976 1338 Πῦῥρου,
1037 1259 1257 1318 Παῦλου
1315 1285 1371 1318 τε
1426 1265 1513 1318 κοὶ
1593 1264 1819 1338 Πέτρου,

184 1356 420 1428 Μαξίμου
490 1375 552 1408 τε
620 1357 717 1408 τοῦ
784 1351 928 1406 θείου
985 1351 1076 1405 καὶ
1137 1349 1488 1426 ὁμολογητοῦ
1522 1371 1535 1385 ο
1587 1353 1710 1425 περί
1764 1371 1823 1407 τε

183 1453 274 1514 τῆς
330 1438 587 1504 εὐσεϐοῦς
651 1440 927 1515 βασιλείας
990 1441 1398 1495 Κωνσταντίνου
1468 1444 1565 1494 τοῦ
1623 1447 1824 1515 Πωγω-

187 1533 376 1588 νάτουο
436 1533 528 1587 καὶ
588 1531 657 1586 τὰ
714 1531 850 1584 κατὰ
895 1530 994 1598 τήν
1047 1527 1200 1605 ἁγίαν
1248 1525 1413 1598 ἕκτην
1445 1529 1535 1583 καὶ
1567 1528 1828 1600 οἲκουμε-

187 1623 332 1690 νικήν
395 1618 642 1686 σύνοδον,
701 1618 790 1674 καὶ
846 1618 914 1673 τὰ
990 1617 1042 1672 ἐν
1118 1617 1254 1691 αὐτῇ
1348 1619 1685 1692 πραχθέντα,
1738 1617 1827 1671 καὶ

195 1714 297 1786 μετ’
379 1711 572 1779 αὐτην,
633 1709 720 1764 ἐπὶ
809 1711 1190 1764 Ἰουστινιανοῦ
1273 1712 1371 1761 τοῦ
1451 1709 1828 1780 Ῥινοτμήτου,

193 1803 274 1855 καὶ
345 1805 452 1854 τῶν
523 1800 753 1869 καθεξῆς
826 1795 1120 1871 βασιλέων,
1180 1794 1309 1870 ἄχρι
1386 1793 1452 1865 δὴ
1511 1797 1600 1850 καὶ
1659 1797 1828 1863 αὐτῆς

195 1890 322 1960 ὅλης
349 1889 532 1964 ἀρχῆς
567 1887 925 1942 Ἀναστασίου
973 1890 1070 1940 τοῦ
1119 1886 1354 1959 Δικόρου
1402 1887 1493 1939 καὶ
1542 1883 1831 1940 Θεοδοσίου

196 1983 284 2034 τοῦ
315 1980 730 2052 ’Δτραμυτηνοῦ
760 1976 870 2030 τῶν
901 1975 1334 2048 αὐτοκρατόρων.

260 2071 319 2124 Ἦ
381 2069 570 2140 μέντοι
625 2066 866 2142 περιοχή
941 2069 1040 2120 τοῦ
1117 2065 1364 2119 εἰκοστοῦ
1435 2063 1611 2137 τόμου
1687 2063 1833 2119 ἔσται

204 2163 339 2216 Λὲων
391 2159 575 2214 Κόνων
625 2159 652 2212 6
681 2159 928 2231 Ἵσαυρος
992 2157 1079 2210 καὶ
1146 2153 1525 2229 Εἶ“κονομάχος
1554 2174 1566 2186 ·
1619 2153 1733 2209 ὅθεν
1779 2175 1837 2208 τε

198 2252 229 2318 ἡ
274 2253 375 2302 τῶν
428 2245 826 2319 Εἰκονομάχων
877 2242 1087 2318 αἵρεσις
1143 2242 1390 2316 ἄνεῳ-ὗηο
1441 2243 1579 2316 πρὸς
1635 2240 1690 2296 δὲ
1746 2241 1834 2297 καὶ

208 2340 232 2394 ὁ
277 2337 650 2412 Κοπρώνυμος
694 2341 1114 2400 Κωνσταντῖνος,
1164 2335 1252 2388 καὶ
1295 2333 1362 2388 τὰ
1413 2331 1484 2387 δι’
1529 2333 1694 2388 αὐτοῦ
1743 2353 1841 2407 γε-

199 2429 443 2504 γενημένα
503 2427 720 2487 ἀθέως³
779 2425 832 2480 ἐν
887 2429 1069 2496 ταυτῷ
1127 2421 1184 2478 δὲ
1241 2424 1330 2477 καὶ
1393 2427 1693 2496 Γερμανοῦ,
1751 2423 1839 2477 καὶ

200 2521 286 2573 τοῦ
338 2517 684 2589 Δαμασκόθεν
737 2515 1008 2583 Ἰωάννου,
1076 2513 1351 2585 Στεφάνου
1407 2532 1464 2566 τε
1538 2516 1634 2566 τοῦ
1698 2511 1838 2577 νέου,

205 2607 284 2659 καὶ
335 2610 438 2659 τῶν
505 2603 726 2658 λοιπῶν
781 2605 1051 2674 θεομισῶν
1108 2600 1274 2655 αὐτοῦ
1330 2598 1524 2675 ἔργων,
1561 2601 1838 2672 μεμνήσε-

207 2713 318 2750 ται·
362 2694 450 2748 καὶ
501 2694 581 2754 ὡς
629 2691 890 2769 διεφθάρη
934 2690 1095 2752 αὐτός
1148 2711 1204 2744 τε
1253 2690 1342 2743 καὶ
1377 2691 1404 2744 6
1456 2694 1583 2751 παῖς
1617 2691 1769 2742 Λέων
1816 2688 1843 2741 ὁ

210 2784 262 2839 ἐκ
310 2791 404 2853 τῆς
484 2781 740 2856 Χαζάρας
823 2781 921 2848 τὴν
1003 2779 1316 2851 ἐπωνυμίαν
1402 2777 1843 2852 κεκληρωμένος.

210 2875 316 2928 Ἔτι
347 2869 776 2944 συνδιαλήψεται
830 2870 922 2923 καὶ
977 2868 1043 2922 τὰ
1096 2869 1220 2942 περὶ
1276 2875 1379 2937 τῆς
1428 2862 1680 2928 εὐσεϐοῦς
1741 2867 1844 2940 βα-

217 2959 403 3022 σιλείας
463 2958 869 3016 Κωνσταντίνου
945 2957 1034 3012 καὶ
1092 2957 1333 3028 Εἰρήνης
1371 2976 1382 2988 ·
1445 2958 1534 3010 καὶ
1592 2955 1660 3011 τὰ
1713 2956 1848 3010 κατὰ

216 3052 304 3118 τήν
357 3049 510 3126 ἁγίαν
577 3044 821 3122 ἑϐδόμην
878 3047 968 3101 καὶ
1030 3046 1413 3119 οἶκουμενικὴν
1448 3042 1713 3100 σύιοδον⁶
1759 3045 1850 3099 καὶ

221 3143 306 3207 τῆς
356 3145 460 3194 τῶν
523 3137 693 3214 ἁγίων
753 3137 971 3192 εἰκόνων
1021 3142 1228 3210 τιμῆς·
1277 3137 1415 3210 πρὸς
1475 3133 1531 3190 δὲ
1584 3132 1850 3208 Ταρασίου

222 3229 300 3281 καὶ
329 3227 675 3303 Νικηφόρου·
710 3220 787 3279 ἔτι
844 3222 901 3279 δὲ
949 3223 1242 3286 Πλάτωνος
1273 3224 1362 3278 καὶ
1413 3221 1698 3296 Θεοδώρου
1757 3227 1854 3276 τοῦ

229 3313 543 3371 Στουδίτουο
595 3314 684 3369 καὶ
742 3312 850 3368 τῶν
904 3313 1210 3388 γεγονότων
1265 3313 1316 3366 ἐν
1365 3312 1583 3374 τούτοις
1617 3312 1853 3385 σχισμά-

227 3426 357 3462 των·
413 3408 497 3460 καὶ
553 3405 634 3466 ὡς
693 3406 722 3459 6
778 3403 884 3458 ἀπὸ
938 3407 1162 3476 γενικῶν
1221 3402 1558 3475 Νικηφόρος,
1617 3401 1857 3471 Σταυρά-

228 3496 333 3555 κιός
371 3515 426 3549 τε
471 3495 560 3548 καὶ
618 3493 645 3546 6
687 3486 952 3565 Ῥαγκαϐὲ
1008 3487 1263 3564 Μιχαὴλ,
1320 3491 1412 3544 τὸν
1475 3489 1590 3562 βίον
1647 3487 1856 3562 μετηλ-

236 3583 404 3656 λαξαν,

294 3674 348 3725 Ὀ
398 3672 829 3744 εἷκοστόπρωτος
888 3671 954 3724 τὰ
1009 3667 1146 3723 κατᾶ
1213 3667 1304 3722 τὸν
1365 3662 1596 3734 δυσσεϐῆ
1656 3667 1862 3720 Λέοντα

238 3763 318 3815 τὸν
365 3761 639 3836 ’Δρμένιον
698 3758 1052 3834 διηγήσεων
1108 3759 1257 3819 ὅπως
1317 3778 1376 3812 τε
1423 3760 1457 3826 ἡ
1505 3753 1726 3830 δευτὲρα
1772 3757 1859 3832 γὲ-

239 3869 370 3924 γονεν
417 3849 809 3926 εἶκονομαχία·
867 3848 956 3902 καὶ
1014 3847 1094 3909 τίς
1147 3848 1174 3900 ὁ
1232 3847 1431 3915 ταύτης
1492 3847 1712 3918 πατήρ·
1772 3845 1860 3898 καὶ

243 3939 308 4002 ὡς
359 3940 639 4016 ὑπερόριος
697 3936 784 3993 διὰ
837 3939 1036 4006 ταύτην
1076 3938 1104 3991 6
1143 3935 1488 4010 πατριάρχης
1548 3933 1861 4011 Νικηφόρος

244 4025 562 4100 ὲγένετο,καὶ
619 4029 647 4082 6
701 4024 1000 4095 Στουδίτης
1045 4023 1353 4098 Θεόδωρος,
1381 4025 1471 4078 καὶ
1526 4022 1671 4077 ἄλλα
1700 4021 1862 4077 πλεῖ-

246 4137 347 4172 στοι
386 4137 399 4151 ο
455 4121 576 4193 περί
651 4139 710 4173 τε
785 4124 886 4185 τῆς
947 4115 1226 4190 βασιλείας
1284 4119 1381 4171 τοῦ
1435 4115 1698 4188 Ἀμορὲου
1757 4121 1864 4169 Μι-

242 4204 401 4280 χαὴλ,
447 4207 535 4261 καὶ
583 4208 708 4280 περὶ
762 4205 1033 4262 Μεθοδίου
1075 4210 1173 4260 τοῦ
1226 4205 1604 4279 πατριάρχουο
1656 4204 1742 4258 καὶ
1798 4204 1865 4258 τὰ

245 4292 291 4346 ἒν
343 4299 406 4367 τῇ
460 4295 713 4370 βασιλείᾳ
751 4295 1021 4368 Θεοφίλου
1077 4297 1426 4370 πραχθέντα·
1453 4295 1542 4349 καὶ
1593 4301 1690 4363 τῆς
1724 4291 1864 4366 παῤ-

249 4381 421 4454 ῥησίας
492 4391 596 4441 τῶν
667 4389 966 4456 τηνικαῦτα
1031 4385 1196 4458 ἁγίων
1267 4382 1496 4457 ἀνδρῶν,
1555 4388 1662 4437 τῶν
1728 4403 1864 4456 γρα-

249 4478 382 4528 πτῶν
437 4475 693 4547 μάλιστα,
749 4477 839 4530 καὶ
899 4471 1168 4530 Μεθοδίου
1223 4478 1319 4528 τοῦ
1367 4474 1535 4547 ἱεροῦ,
1594 4471 1684 4526 καὶ
1747 4473 1869 4526 Ἰω-

252 4563 346 4640 si}?
397 4569 488 4618 τοῦ
547 4566 938 4642 ὑμνογράφου·
999 4564 1089 4618 καὶ
1148 4565 1221 4624 ὡς
1296 4562 1345 4616 ἐν
1430 4561 1574 4617 τέλει
1640 4561 1866 4636 δενόμε-

251 4670 327 4711 νος
361 4652 386 4706 ὁ
415 4653 698 4731 Θεόφιλος,
727 4659 844 4716 ταῖς
870 4654 1042 4724 ἱεραῖς
1068 4651 1240 4706 εἰκόσι
1269 4654 1579 4725 προσέθετο.

314 4747 391 4813 Τῷ
444 4741 499 4798 δὲ
556 4745 784 4816 εἴκοστῷ
841 4742 1074 4818 δευτέρῳ
1142 4740 1287 4798 ἔσται
1348 4741 1713 4818 διηγουμένῳ,
1774 4745 1872 4798 ὅσα
1907 4739 1948 4802 D

258 4825 333 4884 ἒπὶ
379 4833 600 4906 Μιχαὴλ
645 4835 733 4888 καὶ
779 4830 1060 4908 Θεοδὼρας
1109 4840 1209 4900 τῆς
1253 4832 1406 4907 ἁγίας
1451 4833 1617 4887 αὐτοῦ
1669 4834 1877 4906 μητρὸς

258 4921 318 4988 τῇ
363 4920 648 4994 Ἐκκλησία
730 4922 1020 4997 ἐπράχθη’
1080 4923 1169 4977 καὶ
1227 4925 1262 4990 ἡ
1325 4920 1704 4992 ἀναστήλωσις
1769 4923 1876 4976 τῶν

263 5005 409 5080 ἁγίων
471 5011 686 5066 είκόνων
751 5010 962 5085 ἐγένετο
1008 5033 1021 5045 ·
1073 5013 1198 5085 περί
1265 5031 1322 5066 τε
1395 5011 1726 5066 Ἰωαννικίου
1781 5013 1878 5064 τοῦ

267 5096 506 5170 μεγάλου,
561 5101 648 5155 καὶ
722 5107 824 5169 τῆς
896 5097 1215 5172 διακρίσεως
1289 5098 1580 5163 Μεθοδίου,
1631 5101 1717 5152 καὶ
1777 5105 1877 5166 τῆς

263 5186 355 5236 τῶν
428 5187 640 5262 ἀνιέρων
712 5188 1074 5262 καθαιρέσεως
1151 5189 1359 5262 ἱερέων,
1416 5189 1504 5242 καὶ
1571 5193 1678 5242 τῶν
1757 5188 1879 5242 τότε

267 5273 590 5346 σχισμεὴων·
650 5277 773 5349 περί
829 5296 888 5330 τε
963 5279 1280 5344 Λιζικιανῶν
1358 5275 1449 5330 καὶ
1516 5274 1874 5348 Μανιχαίωνο

266 5358 342 5410 καὶ
409 5361 420 5381 “
545 5364 557 5380 ‘
665 5369 686 5380 '
993 5366 1002 5380 '
1179 5360 1201 5381 "'
1430 5366 1444 5380 ‘

395 5382 463 5425 ως
508 5384 566 5418 το
621 5386 730 5420 των
793 5362 1121 5440 Βουλγαρων
1176 5365 1321 5425 εθνος
1391 5385 1482 5418 τον
1560 5365 1876 5438 Χριστιανι-

270 5446 388 5517 σμὸν
434 5452 776 5523 προσεδέξατο
815 5470 828 5483 '
891 5449 970 5506 ἔτι
1030 5449 1087 5506 δὲ
1143 5451 1232 5505 καὶ
1285 5453 1408 5526 περί
1467 5450 1730 5528 Ἰγνατίου
1786 5451 1875 5505 καὶ

273 5537 462 5591 Φωτίου
497 5545 598 5595 τῶν
654 5542 1045 5616 πατριαρχών·
1105 5541 1195 5595 καὶ
1251 5542 1318 5594 τὰ
1373 5540 1568 5614 μεταξὺ
1627 5544 1731 5595 τῶν
1781 5537 1875 5595 δύο

273 5622 453 5681 τοῦτων
506 5624 817 5703 συμϐάνταο
877 5631 968 5684 καί
1023 5631 1090 5685 τὰ
1149 5631 1314 5703 μέσον
1370 5631 1592 5686 Φωτίου
1637 5630 1724 5684 καὶ
1779 5636 1876 5686 Νι-

561 5733 816 5794 ΡΑτιιοι..
861 5735 977 5794 Gn.
1023 5731 1242 5793 CXLV.

1995 644 2058 698 In
2109 642 2331 696 decimo
2383 657 2536 696 nono
2585 645 2740 696 tomo
2773 645 2974 711 agetur
3020 643 3091 698 de
3121 643 3248 714 ipsa
3280 642 3560 712 Heraclio,

1921 731 2240 801 liberisque
2261 739 2313 785 et
2345 729 2652 800 nepotibus
2673 731 2822 799 ejus,
2845 740 2895 786 et
2921 733 3092 786 rebus
3123 733 3234 788 sub
3257 732 3338 788 eis
3358 733 3558 804 gestis.

1921 826 2135 889 Agetur
2166 825 2438 890 praeterea
2469 821 2537 873 de
2569 819 2872 874 Persarum
2897 822 3174 876 adversus
3199 821 3561 876 Christianos

1923 913 2106 964 motu.
2141 908 2277 963 Item
2331 908 2401 962 de
2450 913 2810 962 sacrosancto
2867 907 3099 979 hymno,
3149 912 3206 962 et
3236 908 3561 980 Hierosoly-

1926 1015 2152 1053 morum
2196 995 2541 1066 captivitate.
2601 996 2669 1050 Et
2712 1001 2776 1050 ut
2819 996 3189 1053 exsecrabilis
3238 1002 3294 1052 et
3345 996 3564 1053 abomi-

1926 1087 2152 1142 nandus
2181 1102 2250 1140 ea
2277 1091 2441 1140 :etate
2471 1084 2874 1140 Mahomethus
2928 1089 3159 1140 coortus
3190 1086 3286 1140 sit.
3320 1087 3462 1141 ltem
3495 1087 3564 1142 de

1927 1175 2127 1231 haeresi
2181 1174 2707 1238 Monothelitarum,
2757 1179 2814 1228 et
2865 1176 2962 1245 qui
3006 1190 3132 1229 eam
3179 1175 3375 1230 sectati
3407 1182 3564 1235 sunt.

1928 1264 2148 1336 Sergio,
2186 1264 2424 1334 Pyrrho.
2479 1263 2657 1318 Paulo
2688 1268 2742 1318 et
2774 1265 2977 1331 Petro;
3011 1264 3148 1319 item
3191 1265 3260 1318 de
3290 1264 3562 1330 Maximo,

1929 1354 2124 1409 divino
2153 1355 2483 1409 confessore
2508 1368 2520 1418 ;
2545 1353 2682 1407 item
2716 1353 2787 1407 de
2818 1352 2911 1423 pio
2942 1352 3190 1424 imperio
3212 1353 3568 1408 Constantini

1931 1443 2201 1510 Pogonati
2251 1443 2368 1496 sive
2418 1442 2685 1506 Barbati;
2727 1441 2863 1496 item
2899 1443 2968 1496 de
2997 1448 3199 1498 sancto
3246 1448 3406 1497 sexto
3438 1441 3571 1496 uni-

1930 1531 2142 1587 versali
2173 1531 2437 1597 concilio,
2471 1531 2760 1602 rebusque
2803 1531 2860 1584 in
2906 1547 2972 1586 eo
3022 1535 3076 1586 et
3126 1535 3251 1602 post
3281 1531 3338 1585 id
3369 1530 3572 1602 gestis,

1934 1626 2196 1692 tempore
2241 1619 2552 1674 Justiniani
2607 1619 2988 1686 Bhinotmeti,
3036 1624 3094 1675 et
3141 1621 3571 1676 succedentium

1937 1711 2382 1780 imperatorum,
2417 1725 2601 1778 usque
2643 1710 2713 1763 ad
2753 1708 3046 1780 integrum
3081 1709 3388 1780 imperium
3423 1716 3577 1765 Ana-

1939 1799 2099 1855 stasii
2162 1798 2366 1865 Dicori,
2427 1802 2483 1853 et
2536 1797 2845 1854 Theodosii
2906 1799 3265 1870 Atramyteni
3324 1799 3579 1870 impera-

1941 1889 2105 1945 toris.

2012 2067 2287 2126 Vicesimi
2336 2069 2476 2124 torni
2524 2069 2763 2124 materia
2801 2069 2911 2124 erit
2961 2070 3069 2125 Leo
3100 2070 3294 2125 Conon
3326 2071 3580 2136 Isaurus,

1946 2161 2270 2231 imaginum
2304 2157 2656 2213 debellator:
2694 2161 2846 2214 unde
2876 2159 3049 2214 etiam
3084 2158 3320 2214 heresis
3352 2163 3586 2215 etsecta

1947 2249 2232 2318 imagines
2275 2246 2688 2303 debellantium
2737 2251 2827 2302 est
2878 2253 3093 2303 exorta.
3128 2248 3409 2304 Praeterea
3439 2249 3584 2304 Con-

1949 2342 2246 2396 stantinus
2278 2341 2697 2412 Copronymus,
2745 2343 2803 2394 et
2852 2355 2975 2412 quae
3025 2340 3095 2395 ab
3140 2357 3205 2396 eo
3249 2340 3426 2411 impie
3472 2340 3591 2394 sint

1949 2431 2113 2488 facta.
2154 2431 2213 2485 In
2232 2430 2432 2484 eodem
2465 2435 2624 2484 torno
2656 2429 2872 2484 mentio
2894 2445 3124 2500 quoque
3165 2429 3263 2484 fiet
3291 2427 3588 2492 Germani.

1950 2517 2194 2574 Joannis
2225 2516 2590 2584 Damasceni,
2642 2521 2700 2570 et
2743 2516 3018 2584 Stephani
3061 2515 3336 2585 junioris,
3369 2520 3425 2570 et
3453 2515 3591 2570 item

1953 2607 2309 2676 reliquorum
2347 2606 2466 2661 Deo
2498 2605 2816 2660 invisorum
2849 2604 3126 2660 factorum
3159 2605 3418 2674 ejusdem
3453 2604 3597 2660 Con-

1955 2696 2195 2752 stantini
2228 2711 2241 2749 :
2274 2700 2330 2750 et
2362 2699 2426 2748 ut
2457 2695 2599 2764 ipse,
2643 2694 2919 2764 ﬁliusque
2950 2694 3076 2763 ejus
3112 2693 3244 2760 Leo,
3276 2709 3596 2762 cognomen

1957 2803 1988 2840 a
2019 2785 2292 2848 Chazara,
2325 2785 2444 2838 sive
2480 2799 2735 2850 secessu,
2763 2784 3024 2853 adeptus,
3048 2783 3391 2838 interierint.
3424 2782 3598 2836 Com-

1959 2875 2235 2944 ptectelur
2264 2871 2414 2926 idem
2438 2876 2632 2926 tomus
2655 2887 2744 2926 res
2765 2876 2962 2940 gestas
2985 2870 3062 2941 pii
3086 2871 3159 2924 im
3171 2869 3601 2942 perliConstan-

1963 2963 2064 3016 tini
2097 2967 2154 3016 et
2196 2961 2397 3024 Irenaa,
2420 2970 2471 3016 et
2503 2964 2713 3015 sanctis
2743 2959 2998 3029 septimas
3026 2959 3364 3014 universalis
3395 2957 3600 3030 synodi

1961 3057 2109 3108 acta.
2141 3057 2198 3104 et
2227 3051 2524 3104 restitutos
2555 3048 2736 3104 sacris
2769 3047 3127 3118 imaginibus
3157 3047 3425 3103 honores.
3457 3049 3599 3115 Age-

1964 3150 2053 3192 tur
2084 3154 2312 3208 quoque
2343 3137 2414 3192 de
2443 3138 2675 3192 Tarasio
2723 3140 2782 3191 et
2829 3135 3170 3206 Nicephoro,
3209 3135 3348 3190 item
3382 3135 3452 3189 de
3484 3135 3606 3189 Pla-

1965 3235 2118 3292 tone,
2139 3231 2194 3281 et
2215 3227 2512 3282 Theodoro
2537 3227 2786 3293 Studita,
2810 3230 2866 3281 et
2887 3243 3014 3298 qua:
3041 3227 3246 3280 horum
3276 3229 3603 3296 temporum

1965 3316 2182 3371 fuerint
2229 3315 2545 3370 schismata
2592 3321 2648 3370 et
2690 3315 2969 3380 dissidia;
3021 3321 3075 3370 et
3119 3314 3409 3386 quomodo
3440 3311 3606 3370 Nice-

1969 3407 2184 3477 phorus
2234 3404 2469 3470 nobilis,
2518 3404 2877 3472 Stauracius,
2923 3408 2980 3460 et
3027 3403 3268 3458 Michael
3325 3402 3605 3458 Rancabe

1968 3495 2142 3548 vitam
2177 3493 2451 3550 ﬁnierint.

2042 3675 2369 3730 Vicesimus
2421 3675 2644 3736 primus
2690 3679 2882 3730 tomus
2931 3674 3090 3744 impii
3127 3675 3327 3731 Leonis
3356 3675 3614 3732 Armenii

1972 3771 2134 3836 gesta
2168 3782 2180 3818 :
2216 3769 2273 3818 et
2303 3765 2590 3834 quomodo
2623 3765 2942 3820 secundum
2995 3764 3354 3836 imaginibus
3398 3764 3615 3821 bellum

1973 3857 2040 3909 sit
2076 3854 2319 3917 illatum,
2356 3854 2489 3924 quis
2519 3854 2641 3924 ejus
2667 3852 2801 3908 belli
2825 3859 3066 3921 auctor;
3100 3859 3157 3909 et
3177 3860 3236 3909 ut
3257 3871 3324 3910 ea
3353 3856 3423 3910 de
3446 3873 3618 3911 causa

1972 3943 2329 4012 Nicephorus
2407 3941 2752 4012 patriarcha,
2827 3943 3163 3998 Theodorus
3231 3945 3506 4008 Studites,
3561 3952 3616 4000 et

1974 4031 2301 4102 complures
2350 4030 2446 4084 alii
2497 4032 2553 4086 in
2602 4031 2871 4086 exsilium
2923 4033 3039 4087 sint
3088 4035 3222 4101 acti,
3269 4034 3612 4090 recensebit.

1971 4119 2398 4189 Complectetur
2417 4137 2646 4193 quoque
2668 4121 2980 4193 imperium
3015 4122 3313 4178 Michaelis
3346 4123 3612 4194 Amorgi,

1972 4216 2026 4264 et
2060 4226 2148 4265 res
2179 4209 2452 4264 Methodii
2486 4210 2843 4280 patriarchae.
2898 4211 3035 4265 ltem
3089 4227 3179 4266 res
3231 4213 3342 4266 sub
3373 4212 3618 4283 imperio

1972 4295 2280 4368 Theophili
2317 4304 2527 4367 gestas.
2563 4299 2706 4352 Item
2749 4298 2976 4353 dicendi
3029 4299 3352 4354 libertatem
3397 4307 3618 4356 sancto.

1975 4405 2103 4442 rum
2138 4403 2204 4442 eo
2254 4395 2507 4456 tempore
2551 4388 2822 4454 virorum,
2857 4388 3146 4458 praecipue
3180 4390 3234 4442 in
3275 4390 3446 4459 pictis
3476 4391 3621 4445 ima-

1982 4476 2218 4546 ginibus
2246 4475 2645 4530 defendendis.
2675 4479 2897 4546 Agetur
2919 4476 3057 4531 item
3083 4479 3152 4531 de
3182 4483 3385 4534 sancto
3407 4479 3618 4534 Metho-

1983 4567 2098 4629 dio,
2142 4569 2198 4618 et
2226 4564 2479 4633 Josepho
2512 4565 2858 4634 hymnorum
2887 4566 3211 4636 scriptore;
3244 4576 3299 4621 et
3330 4572 3393 4621 ut
3419 4569 3476 4621 in
3508 4568 3621 4622 fine

1985 4671 2158 4726 prope
2181 4653 2306 4706 vitae
2327 4653 2682 4724 Theophilus
2723 4671 2914 4709 sacras
2948 4655 3233 4725 imagines
3266 4656 3617 4726 approbarit.

2054 4745 2113 4797 In
2173 4742 2444 4797 vicesimo
2505 4745 2754 4798 secundo
2814 4744 3291 4809 recensebuntur,
3341 4760 3466 4814 quae
3511 4746 3621 4800 sub

1991 4832 2233 4902 imperio
2282 4831 2597 4897 Michaelis,
2647 4837 2702 4886 et
2737 4833 3051 4888 Theodore?
3085 4835 3285 4886 matris
3318 4835 3461 4902 ejus,
3495 4852 3626 4889 san-

1990 4927 2094 4975 ctis
2128 4922 2377 4990 feminae,
2430 4921 2692 4976 Ecclesiae
2744 4923 3080 4986 acciderint,
3114 4927 3169 4975 et
3201 4923 3486 4977 restitutio
3527 4941 3625 4978 sa-

1990 5028 2218 5065 crarum
2269 5012 2613 5082 imaginum.
2671 5011 2898 5066 Dicetur
2945 5027 3175 5081 quoque
3224 5013 3292 5064 de
3321 5011 3626 5068 Joannicio

1989 5100 2216 5169 Magno,
2246 5100 2316 5154 de
2361 5100 2837 5154 meditationibus
2889 5098 3184 5166 Methodii,
3216 5099 3288 5152 de
3321 5098 3626 5170 impiorum

1990 5189 2359 5259 abrogatione
2388 5192 2753 5243 sacerdotum
2781 5204 2794 5241 :
2820 5189 2887 5242 de
2917 5189 3045 5257 ejus
3077 5187 3354 5258 temporis
3377 5188 3631 5244 dissidiis

1988 5283 2044 5331 et
2092 5276 2526 5345 schismatihus,
2579 5277 2861 5346 praecipue
2918 5291 3048 5330 vero
3098 5276 3168 5330 de
3221 5276 3520 5332 Lizieianis
3578 5283 3634 5333 et

1990 5365 2349 5432 Manichmis,
2385 5370 2447 5419 ut
2498 5381 2640 5436 gens
2692 5364 3068 5435 Bulgarorum
3119 5365 3631 5423 Christianismum

1986 5454 2310 5524 susceperit
2353 5470 2367 5508 :
2421 5453 2492 5508 de
2547 5453 2772 5524 lgnatio
2815 5461 2870 5507 et
2916 5453 3118 5508 Photio
3167 5453 3529 5524 patriarchis,
3579 5460 3635 5513 et

1995 5561 2123 5616 quae
2174 5544 2366 5598 medio
2409 5542 2560 5597 inter
2607 5542 2750 5598 istos
2807 5546 3068 5614 tempore
3117 5542 3452 5601 acciderint.
3491 5547 3634 5602 Item

1991 5651 2118 5704 qua:
2152 5633 2300 5689 inter
2330 5631 2605 5688 Photium
2655 5637 2709 5688 et
2758 5632 3058 5689 Nicolaum
3091 5649 3301 5705 papam
3337 5633 3454 5690 sint
3487 5641 3640 5693 acta-

3243 5733 3323 5792 20

3955 8 3977 138 -ε

3965 153 3979 194 Ἰη

3965 189 3979 270 ,Ι

3978 284 3981 342 i

3985 728 3989 793 ί
