4100 6218
455 261 576 323 619

460 486 640 542 cisus.

536 674 798 732 Vicesimi
852 676 1007 732 tertii
1055 676 1207 731 comi
1258 679 1667 745 argumentum
1718 676 1829 733 erit
1858 675 2107 733 Basilius

462 764 719 834 Macedo,
754 771 811 821 et
844 764 945 819 ﬁlii
980 765 1123 834 eius,
1175 765 1285 819 Leo
1318 765 1563 832 Sapiens
1593 771 1650 820 et
1678 764 2020 831 Alexander,
2051 769 2109 820 et

463 870 587 925 quae
635 854 743 910 sub
793 854 887 908 his
938 853 1208 909 Ecclesia
1257 854 1569 909 evenerint.
1618 854 1689 908 Et
1731 869 1966 909 rursum
2017 869 2109 910 res

463 944 649 999 Photii
698 949 755 1000 et
801 943 1033 1015 Ignatii.
1081 946 1221 999 Item
1271 949 1400 999 acta
1443 944 1571 1013 ejus
1627 959 1753 1014 quae
1812 943 1966 998 dicta
2021 947 2113 999 est

463 1037 657 1088 actava
700 1033 1046 1089 universalis
1093 1032 1372 1104 synodus.
1424 1031 1702 1087 Praeterea
1749 1030 2024 1087 scandala
2053 1035 2111 1087 et

471 1121 842 1190 olfendicula,
901 1137 1025 1193 quas
1085 1130 1206 1175 tum
1269 1137 1370 1193 per
1429 1121 1689 1176 Photium
1724 1121 2107 1177 'exstiterunt.

468 1213 613 1266 Item
640 1216 703 1266 ut
731 1226 873 1281 gens
896 1210 1292 1265 Rhulenorum
1321 1210 1396 1264 sit
1417 1209 1749 1265 Christiana
1772 1210 1944 1265 facta.
1973 1210 2109 1264 Item

466 1300 537 1355 de
569 1300 897 1369 patriarcha
940 1299 1254 1370 Stephano,
1307 1299 1407 1370 qui
1456 1298 1657 1353 Photio
1701 1297 2004 1361 successit,
2054 1301 2113 1352 et

468 1388 782 1444 schismate
829 1392 1059 1457 propter
1106 1387 1301 1457 ipsum
1348 1385 1705 1456 Stephanum
1754 1395 1972 1440 exorto.
2018 1386 2109 1439 In-

469 1492 644 1548 super
683 1476 753 1531 de
784 1481 1035 1548 quatuor
1064 1475 1352 1546 conjugiis
1385 1473 1749 1544 imperatoris
1781 1473 1987 1529 Leonis
2008 1474 2114 1528 Sa-

470 1568 698 1637 pientis,
740 1571 796 1621 et
839 1566 1262 1621 schismatibus
1302 1565 1657 1634 synodisque
1703 1563 1770 1619 ea
1817 1564 1889 1617 de
1938 1580 2117 1619 causa

467 1656 708 1711 habitis.
762 1660 901 1711 Item
953 1657 1023 1711 de
1071 1654 1306 1710 Nicolao
1337 1660 1395 1709 et
1433 1653 1739 1725 Euthymio
1772 1652 2116 1724 patriarchis

1754 267 2173 332 NICEPHORI
2216 272 2567 335 CALLISTI

458 391 525 449 Et
571 402 632 453 ut
679 398 896 456 Bardas
927 398 1131 468 Caesar,
1176 403 1233 455 et
1278 399 1591 471 imperator
1637 397 1837 455 Michel
1886 400 1961 454 sit
2007 416 2099 456 oc-
2131 404 2185 469 Α
2214 402 2420 457 κολάου

3749 284 3859 346 620

2513 408 2612 458 τοῦ
2682 405 2837 458 πάπα
2920 403 3257 481 γεγενημένα
3287 424 3301 438 ·
3359 408 3453 462 καὶ
3523 408 3599 471 ὡς
3675 410 3861 489 ἐσφάγη

2210 488 2419 565 Βάρόας
2498 493 2525 545 ὁ
2606 498 2832 568 Καῖσαρ,
2900 493 2990 548 καὶ
3068 495 3097 549 ὁ
3179 495 3533 573 αὐτοκράτωρ
3612 488 3868 575 ἀνῄρηται

2213 579 2474 655 Μιχαήλ.

2282 673 2386 722 Τοῦ
2433 666 2489 722 δεῖ
2545 669 2795 724 εἲκοστοῦ
2850 670 3037 746 τρίτου
3093 673 3129 741 ἡ
3181 673 3487 749 περίληψις
3531 671 3687 733 ἔσται
3725 678 3869 735 Βασί-

2212 756 2361 819 λειος
2413 759 2441 812 ὁ
2488 757 2751 815 Μακεδὼν
2802 759 2893 814 καὶ
2945 761 2997 815 οἱ
3044 760 3239 823 παῖδες
3288 763 3483 834 αὐτοῦ,
3517 767 3670 822 Λέων
3714 770 3744 823 ὁ
3776 776 3871 825 Σο·

2213 845 2313 923 ιρὸς
2373 845 2462 899 καὶ
2522 844 2922 921 Ἀλέξανδρος’
2977 849 3068 903 καὶ
3125 850 3195 904 τὰ
3252 849 3341 905 ἐπὶ
3391 853 3601 909 τούτων
3642 860 3716 929 τῇ
3771 858 3876 911 Ἐκ-

2212 934 2419 1005 κλησίᾳ
2484 931 2807 1008 συμϐάντα·
2867 939 2957 992 καὶ
3042 937 3199 1000 αὖθις
3278 942 3416 995 κατὰ
3498 944 3721 999 Φώτιον
3795 946 3876 1000 καὶ

2213 1023 2517 1097 Ἰγνάτιον·
2570 1025 2661 1078 καὶ
2716 1026 2782 1080 τὰ
2833 1027 2960 1101 περὶ
3015 1030 3118 1091 τῆς
3180 1026 3494 1105 λεγομένης
3540 1030 3754 1109 ὀγδόης
3802 1034 3876 1089 οἷ-

2213 1119 2545 1184 κουμενικῆς
2601 1112 2851 1185 συνόδου,
2904 1113 2995 1169 καί
3081 1121 3189 1171 τῶν
3268 1124 3569 1187 τηνικαῦτα
3656 1120 3877 1178 σκανδά-

2214 1197 2325 1254 λων
2358 1198 2446 1255 διὰ
2473 1202 2565 1255 τὸν
2601 1202 2818 1257 Φώτιον
2845 1222 2857 1235 ·
2892 1206 2981 1259 καὶ
3013 1206 3166 1266 ὅπως
3197 1206 3260 1261 τὸ
3292 1205 3446 1272 ἔθνος
3472 1214 3580 1264 τῶν
3613 1211 3753 1272 Ῥὼς
3783 1212 3869 1267 τὸν

2214 1290 2635 1363 Χριστιανισμὸν
2687 1289 3056 1365 παρεδέξατο’
3103 1294 3192 1349 καὶ
3263 1296 3390 1369 περὲ
3438 1302 3535 1352 τοῦ
3602 1301 3745 1371 μετᾶ
3796 1302 3878 1356 τὸν

2217 1378 2432 1433 Φώτιον
2493 1384 2842 1456 πατριάρχου
2901 1384 3199 1461 Στεφάνου,
3265 1386 3357 1440 καὶ
3428 1385 3529 1441 τοῦ
3604 1385 3681 1443 δι’
3723 1390 3877 1444 αὐτοῦ

2218 1464 2556 1544 σχίσματος’
2590 1466 2669 1522 ἔτι
2723 1467 2779 1524 δὲ
2834 1472 2923 1524 καὶ
2991 1479 3093 1540 τῆς
3151 1477 3524 1550 τετραγαμίας
3581 1482 3686 1532 τοῦ
3732 1478 3876 1552 βασι-

2220 1556 2360 1616 λέως
2394 1558 2619 1619 Λέοντος
2652 1564 2750 1613 τοῦ
2803 1566 3008 1639 Σοφοῦ,
3047 1564 3138 1617 καὶ
3187 1569 3296 1619 τῶν
3337 1563 3409 1621 δι’
3440 1567 3612 1637 αὐτὴν
3665 1574 3877 1643 γενομὲ-

2219 1666 2326 1699 νων
2380 1648 2701 1720 σχισμᾶτων
2752 1670 2809 1703 τε
2858 1651 2949 1704 καὶ
3003 1651 3285 1707 συνόδων·
3322 1655 3448 1732 περί
3494 1678 3551 1711 τε
3604 1659 3876 1716 Νικολάου

469 1743 1140 1815 ConstantinOpolitanis,
1193 1744 1482 1814 rebusque
1521 1744 1632 1797 sub
1681 1743 1766 1798 eis
1812 1743 1979 1797 actis.
2014 1743 2114 1798 Po-

2237 1735 2308 1824 ui
2378 1735 2640 1824 Είθυμίου
2693 1741 2801 1791 τῶν
2860 1743 2961 1804 τῆς
3020 1744 3422 1798 Κωνσταντίνου
3483 1754 3875 1822 πατριαρχῶν¹

470 1841 708 1902 stremo,
744 1839 809 1890 ut
852 1836 956 1890 Leo
1003 1832 1466 1905 sapientissimus
1507 1832 1819 1904 imperator
1848 1832 1927 1887 sit
1961 1848 2113 1887 mor-

472 1930 631 1981 tuus.

543 2015 614 2069 Et
644 2014 766 2070 hac
797 2013 1030 2086 quidem
1073 2011 1400 2067 accuratius
1443 2010 1772 2081 clariusque
1812 2011 1917 2066 toti
1957 2010 2114 2082 operi

476 2103 820 2176 praemittere
850 2102 1166 2168 voluimus,
1198 2116 1264 2155 eo
1293 2099 1557 2164 consilio,
1607 2103 1672 2153 ut
1698 2099 1910 2153 animis
1938 2099 2115 2155 lecto-

475 2209 606 2248 rum
642 2192 1005 2264 propositum
1038 2196 1439 2261 argumentum
1463 2204 1530 2244 eo
1562 2188 1912 2260 perspectius
1940 2193 2116 2243 esset.

476 2287 560 2337 Ne
590 2281 682 2335 cui
714 2287 903 2336 autem
938 2280 1237 2335 historiam
1269 2286 1527 2333 nostram
1559 2278 1869 2348 depravere
1900 2277 2000 2332 43
2033 2278 2119 2332 fa-

477 2372 585 2427 cile
616 2374 769 2424 esset
800 2370 1254 2441 (consueverunt
1283 2368 1439 2422 enim
1475 2366 1646 2421 multi
1672 2366 1875 2436 faliena
1905 2365 2118 2437 scripta

478 2477 544 2515 ex
578 2459 814 2515 arbitrio
845 2474 972 2524 suo,
1008 2463 1178 2528 prout
1211 2457 1293 2513 eis
1322 2463 1406 2511 est
1434 2456 1644 2521 visum,
1667 2455 1926 2527 digerere
1948 2464 2120 2527 atque

478 2546 809 2619 disponere)
845 2547 1062 2617 primas
1102 2546 1219 2600 sive
1247 2545 1523 2616 capitales
1553 2544 1778 2599 litteras
1806 2548 2118 2611 tomorum,

480 2638 578 2710 qui
612 2636 849 2709 quidem
882 2634 1029 2690 tomi
1057 2650 1344 2689 annorum
1378 2648 1616 2687 suorum
1639 2648 1943 2688 numerum
1966 2633 2122 2702 quis-

486 2742 598 2798 que
624 2740 960 2797 expressum
984 2723 1301 2787 continent,
1323 2721 1405 2777 ita
1427 2721 1752 2792 posuimus,
1778 2728 1837 2775 ut
1859 2721 2121 2776 certioris

482 2814 615 2869 ﬁdei
646 2813 829 2883 gratia
860 2828 1070 2866 nomen
1121 2816 1176 2866 et
1204 2816 1541 2880 'cognomen
1574 2815 1838 2865 nostrum
1873 2811 2124 2865 referant

480 2910 650 2973 atque
681 2902 1161 2972 complectantur.
1214 2900 1598 2966 Quamobrem
1642 2904 1791 2970 peto,
1845 2900 1894 2954 si
1933 2915 2057 2971 qua:
2087 2916 2122 2955 a

480 2993 650 3047 nobis
685 3010 787 3063 per
816 2998 1000 3046 totum
1051 2991 1158 3044 hoc
1206 3005 1354 3061 Opus
1384 2993 1537 3043 recte
1579 2993 1720 3044 sunt
1749 2988 2027 3057 exposita,
2057 2993 2122 3044 ut

479 3099 547 3137 ea
572 3086 733 3136 extra
764 3080 1040 3135 invidiam
1074 3080 1192 3134 sint
1230 3078 1531 3143 collocata,
1562 3093 1689 3148 quae
1719 3076 1958 3148 optimis
1989 3079 2119 3148 qui-

481 3174 710 3243 busque
759 3171 931 3226 rebus
982 3168 1264 3240 praecipue
1311 3166 1617 3223 imminere
1665 3166 1983 3221 consuevit.
2016 3166 2119 3221 Sin

477 3277 614 3317 vero
643 3261 702 3315 in
734 3260 1032 3330 aliquibus
1061 3255 1383 3329 ignorantia
1414 3254 1557 3326 lapsi
1589 3270 1819 3322 sumus,
1854 3269 1918 3308 ea
1951 3259 2013 3309 ut
2050 3255 2121 3310 ab

480 3349 610 3405 aliis
658 3349 760 3420 qui
791 3354 848 3403 et
896 3346 1166 3401 doctrinae
1220 3350 1276 3400 et
1322 3342 1683 3415 eloquentiae,
1731 3346 1903 3413 atque
1946 3342 2121 3398 etiam

479 3437 847 3510 experientiae
893 3435 1099 3489 virtute
1148 3432 1388 3506 pollent,
1438 3433 1816 3502 corrigantur.
1864 3430 1924 3486 In
1951 3431 2121 3501 juve-

481 3526 584 3582 nili
632 3526 789 3581 enim
821 3528 987 3579 aetate
1019 3539 1163 3594 opus
1210 3521 1317 3577 hoc
1344 3519 1709 3575 conscribere
1742 3518 1999 3590 aggressi
2032 3536 2126 3573 su-

480 3633 631 3683 mus,
664 3614 937 3686 idemque
982 3613 1239 3668 nondum
1287 3619 1504 3666 sextum
1536 3614 1593 3664 et
1633 3608 1997 3663 tricesimum
2024 3623 2125 3662 an-

480 3722 621 3759 num
681 3703 893 3772 egressi
962 3702 1329 3773 perfecimus.
1391 3696 1869 3768 Quandoquidem
1929 3700 2124 3752 autem

478 3794 707 3849 abunde
737 3792 934 3847 omnia
955 3807 1023 3846 ea
1053 3806 1183 3862 quae
1204 3806 1351 3861 opus
1384 3804 1504 3843 esse
1536 3785 1885 3859 putavimus,
1921 3784 2131 3839 hucus-

2224 1822 2312 1876 καὶ
2356 1823 2423 1877 τὰ
2469 1821 2556 1877 ἐπὶ
2603 1825 2821 1889 τούτοις
2853 1845 2866 1858 ⁶
2916 1828 3007 1882 καὶ
3058 1831 3135 1891 ὡς
3179 1826 3389 1886 ἀπεϐίω
3440 1835 3593 1888 Λὲων
3641 1836 3671 1889 ὁ
3703 1821 3877 1891 occdi-

2223 1932 2389 1974 τατος
2421 1912 2703 1986 βασιλεὺς.
3781 1896 3792 1912 ⁸

2294 2005 2467 2055 Ταῦτα
2522 2004 2618 2074 μὶν
2673 2003 2726 2066 ἐς
2786 2011 2846 2059 τὸ
2901 2002 3124 2080 ἀκριϐὲς
3181 2007 3701 2086 προδιωρισάμεθα,
3744 2014 3877 2088 ἡρη-

2228 2090 2379 2164 μένοι
2437 2094 2534 2161 τήν
2613 2099 2721 2148 τῶν
2797 2098 3276 2173 ἀναγινωσκόντων
3352 2098 3599 2158 διάνοιαν
3680 2106 3742 2160 ἐκ
3788 2111 3873 2161 τοῦ

2227 2179 2421 2254 σχεδὸν
2479 2184 2578 2250 τὴν
2653 2184 2751 2248 τῆς
2829 2187 3134 2249 ὑποθέσεως
3212 2191 3467 2264 πρόθεσιν
3548 2193 3872 2249 εὐσύνοπτοι»

2227 2268 2373 2344 ἔχειν
2400 2288 2413 2302 ’
2445 2268 2539 2325 ’ίνα
2570 2269 2626 2327 δὲ
2672 2276 2747 2344 μή
2781 2295 2885 2328 τινι
2916 2275 3007 2349 ἐξῇ
3059 2276 3416 2350 λυμαίνεσθαι
3468 2286 3549 2354 τῷ
3608 2285 3872 2359 συγγράμ-

2230 2379 2357 2431 ματι
2383 2379 2401 2396 ο
2435 2360 2655 2414 εἰώθασι
2704 2363 2809 2436 γὰρ
2859 2365 2912 2418 οἱ
2948 2364 3199 2421 πλεῖστοι
3246 2369 3341 2431 τὰς
3372 2368 3685 2446 ἀλλοτρίας
3712 2394 3869 2450 πραγ-

2232 2448 2449 2521 ματείας
2493 2446 2856 2521 διασκευάζειν
2904 2456 3039 2527 πρὸς
3082 2457 3144 2510 τὸ
3196 2454 3432 2513 δοκοῦν⁸
3464 2461 3563 2522 τὰς
3617 2464 3716 2535 μὲν
3772 2446 3873 2517 τιῖιν

2226 2538 2414 2609 τόμων
2465 2539 2854 2619 ἀκροστιχίδας
2900 2546 2981 2615 τῷ
3031 2544 3150 2618 ἐμῷ
3199 2549 3717 2626 προησφαλισάμην
3766 2553 3873 2606 ὀνό-

2233 2627 2362 2699 ματί
2407 2647 2464 2681 τε
2511 2628 2602 2682 καί
2651 2629 2926 2703 ἐπωνύμῳ
2953 2636 3052 2706 (i),
3086 2632 3176 2688 διὰ
3226 2635 3442 2691 πάντων
3505 2640 3714 2714 χρόνον
3755 2640 3873 2695 ἐτῶν

2230 2715 2650 2791 συγκλειόντων,
2688 2721 2788 2774 Καὶ
2837 2721 3019 2774 τοίνυν
3077 2722 3236 2793 αἰτῶ,
3277 2724 3310 2778 ἃ
3362 2727 3457 2799 μὲν
3513 2727 3706 2790 καλῶς
3753 2731 3875 2799 ὑπη-

2230 2806 2484 2881 γόρευται
2541 2814 2667 2882 παρ’
2719 2806 2856 2880 ὅλην
2914 2812 3013 2880 τήν
3072 2816 3417 2892 συγγραφὴν,
3473 2818 3549 2888 μὴ
3607 2819 3873 2894 μετεχέτω

2231 2895 2456 2970 ιρθόνου,
2486 2895 2545 2957 ’ὸς
2602 2902 2718 2958 τοῖς
2776 2897 2973 2960 καλοῖς
3023 2901 3129 2975 πρὸ
3170 2907 3278 2957 τῶν
3327 2902 3517 2959 ἄλλων
3563 2906 3872 2975 ἐπιφόεσθαι

2233 2981 2451 3037 εἷ’ωθεν·
2501 2984 2533 3038 ἃ
2582 2982 2641 3040 δὲ
2676 2986 2948 3062 ἀγνοῆσαι
3007 2989 3277 3056 συνέπεσε,
3311 2995 3458 3068 παρὰ
3513 2999 3628 3050 τῶν
3675 2968 3762 3057 οἷς
3793 2996 3873 3051 λό⁴

2231 3094 2328 3148 γου
2374 3069 2598 3145 δύναμις
2641 3076 2731 3129 καὶ
2780 3077 2991 3152 πείρας,
3026 3075 3394 3154 διορθωτέον’
3425 3081 3535 3138 νέοι
3584 3087 3689 3159 γὰρ
3740 3084 3872 3147 ὄντες

2232 3163 2394 3232 ἡμεῖς
2442 3161 2531 3216 καὶ
2588 3165 2756 3234 μήπω
2802 3161 2962 3220 ’ἐκτου
3006 3167 3095 3221 καὶ
3144 3174 3472 3243 τριακοστοῦ
3522 3179 3631 3241 τῆς
3663 3171 3871 3242 ἡλικίας

2230 3245 2513 3312 ἐπιϐάντες
2566 3250 2837 3320 ἐνιαυτοῦ,
2895 3255 3062 3324 ἡνίκα
3115 3261 3184 3331 τῇ
3250 3261 3600 3333 πραγματείᾳ
3667 3261 3870 3323 ἑαυτοὺς

2232 3335 2630 3412 ἐκδεδώκαμεν,
2677 3342 2742 3396 τὸ
2798 3342 3157 3416 προκείμενον
3219 3344 3572 3421 διηνόσαμεν.
3633 3350 3778 3406 Ἐπεὶ
3831 3347 3872 3404 δ’

2233 3426 2608 3501 ἀποχρώντως
2640 3430 2739 3484 ὅσα
2768 3452 2831 3505 γε
2859 3439 3136 3505 προσῆκον
3177 3434 3311 3489 εἶναι
3356 3433 3683 3513 λελόγισται
3726 3459 3871 3512 προε-

2234 3518 2451 3588 θέμεθα,
2512 3519 2612 3585 τῆς
2677 3520 2821 3582 θείας
2899 3524 3209 3594 ἡγουμένης
3290 3525 3488 3598 ῥοπῆς,
3547 3529 3869 3605 κατάρξομαί

2233 3625 2290 3677 γε
2341 3613 2440 3674 τῆς
2498 3607 2801 3671 ὑποθέσεως
2852 3609 2970 3664 ὅθεν
3022 3608 3285 3691 ἄρχεσθαι
3324 3613 3569 3686 ἄμεινον,
3605 3619 3714 3693 πρὸ
3760 3619 3871 3672 πᾶνα

2232 3715 2340 3748 των
2398 3696 2460 3750 τὸ
2516 3703 2617 3765 τῆς
2674 3698 2923 3772 ἱστορίας
2997 3706 3177 3774 τιμῶν
3255 3702 3512 3779 ἀσφαλὲς,
3575 3707 3679 3776 τήν
3750 3706 3870 3776 ἀλή-

2239 3794 2403 3846 θειαν.

480 3900 591 3956 que
623 3882 843 3956 prmfati
874 3896 1099 3947 sumus,
1144 3879 1388 3949 agedum
1438 3875 1613 3931 divini
1660 3874 1934 3931 Numinis
1981 3875 2149 3929 ductu
2194 3890 2313 3930 rem
2362 3874 2573 3947 ipsam,
2617 3879 2771 3932 unde
2819 3880 3071 3936 maxime
3119 3883 3407 3954 convenit,
3449 3885 3748 3942 ordiamur
3779 3903 3790 3940 :
3820 3886 3867 3940 in

481 3972 688 4045 primis
719 3970 974 4027 historia
1008 3970 1176 4026 nobis
1206 3968 1659 4032 firmamentum,
1689 3965 1876 4036 ipsam
1907 3962 2131 4019 scilicet
2158 3964 2483 4031 veritatem,
2516 3968 2959 4023 consectandum
2989 3976 3400 4042 proponentes.

1130 4094 1363 4150 CAPUT
1406 4093 1476 4148 II.

482 4206 557 4259 De
589 4206 841 4259 vetustate
870 4207 1065 4258 nostrae
1096 4200 1425 4256 Christianae
1457 4198 1767 4270 religionis,
1798 4195 1941 4270 etde
1973 4195 2123 4251 divi-

553 4276 726 4347 nitate
761 4283 925 4347 atque
963 4273 1280 4330 aternitate
1309 4270 1444 4329 Filii
1462 4289 1483 4336 ;
1514 4268 1579 4347 et:
1602 4278 1660 4324 ut
1680 4273 1816 4347 ante
1847 4268 2042 4347 legem,
2073 4275 2126 4322 et

547 4351 675 4419 post
693 4340 879 4419 tegent
909 4346 1104 4419 latam,
1151 4346 1357 4419 sanctis
1404 4347 1453 4399 et
1500 4343 1605 4419 piis
1636 4342 1770 4419 viris
1797 4340 2127 4412 mysterium

553 4414 617 4473 de
644 4414 934 4473 divinitate
965 4416 1170 4473 Christi
1195 4419 1536 4488 perspectum
1558 4414 1756 4483 fuerit.

557 4599 670 4654 Res
698 4596 1161 4653 Christianorum
1191 4612 1223 4649 a
1254 4595 1435 4666 prima
1470 4611 1577 4650 sua
1603 4593 1827 4665 origine
1853 4595 2127 4664 repetere,

486 4690 584 4760 qui
633 4686 770 4755 sint,
810 4686 986 4753 unde,
1038 4690 1095 4740 et
1125 4686 1416 4757 quomodo
1446 4688 1610 4740 tanta
1650 4681 1906 4755 ceperint
1939 4680 2131 4735 incre-

485 4784 697 4842 menta,
731 4793 912 4849 eoque
943 4775 1365 4846 magnitudinis
1412 4780 1468 4830 et
1514 4774 1712 4846 gloriae
1743 4771 2132 4844 pervenerint,

486 4866 978 4938 intempestivum,
1001 4869 1173 4936 atque
1192 4866 1333 4920 adeo
1355 4879 1783 4935 supervacuum
1812 4876 1941 4918 esse
1975 4863 2130 4932 puto,

487 4962 553 5012 ut
582 4958 639 5012 in
673 4954 979 5027 praesentia
1006 4955 1076 5009 de
1102 4954 1186 5009 eis
1212 4955 1622 5026 perquiratur:
1657 4967 1787 5008 cum
1823 4966 1991 5006 sacra
2014 4964 2130 5003 ora-

487 5046 620 5102 cula
648 5049 705 5100 et
733 5049 880 5109 acta,
914 5042 1488 5113 innumerabilesque
1519 5041 1642 5097 alia:
1683 5057 1750 5097 ex
1782 5041 1985 5096 ordine
2016 5052 2130 5104 res,

489 5140 683 5207 aperte
705 5133 849 5189 satis
880 5136 936 5187 et
965 5136 1231 5188 accurate
1261 5132 1574 5201 declarent,
1612 5130 1955 5201 longissime
1981 5134 2132 5194 ante,

490 5229 546 5279 et
574 5223 644 5277 ab
677 5222 862 5288 initio,
894 5221 1301 5292 cumqueipsis
1324 5219 1538 5275 conditi
1574 5220 1779 5273 mundi
1808 5215 2133 5288 principiis,

491 5315 699 5385 dogma
731 5316 991 5368 nostrum
1026 5327 1142 5365 una
1172 5327 1299 5366 esse
1323 5311 1546 5380 jactum
1573 5313 1631 5365 et
1661 5310 1996 5374 fundatum,
2029 5323 2133 5364 seu

2158 4091 2204 4157 D

2868 4098 3127 4153 ΚΕΦΑΛ.
3170 4097 3244 4155 Β’.

2238 4194 2394 4277 Περὶ
2460 4202 2579 4264 τῆς
2641 4196 3098 4277 ἀξλρχξιιότητος
3164 4206 3291 4277 τοῦ⁸
3339 4204 3486 4258 καθ’
3532 4206 3713 4277 ἡμᾶς
3758 4207 3865 4260 τῶν

2309 4266 3148 4356 Χρπιστιιὶανῶνηδόγματ-ος,
3177 4273 3297 4356 καὶ
3336 4276 3489 4356 περὶ
3530 4266 3868 4353 θεολογίας

2310 4340 2419 4420 καί
2459 4340 2851 4420 ἀιδιότητος
2879 4340 3008 4420 ’τξοῦ
3049 4340 3238 4398 Υὶοῦ”
3279 4347 3389 4401 καὶ
3429 4340 3525 4409 ’ὡς
3575 4353 3724 4410 τοῖς
3752 4340 3868 4420 ’πρὸ

2308 4412 2687 4501 τοῦςνέμου
2733 4414 2853 4501 κκαὶ
2912 4414 2989 4501 ἐν⁹
3027 4420 3117 4487 τῷ
3170 4417 3356 4490 νόμῳ
3407 4417 3756 4501 θεοφιλέσι
3808 4412 3867 4472 τὸ

2311 4487 2473 4536 κατά
2511 4487 2794 4553 Χριστὸν
2836 4487 3271 4560 προέγνωστο
3306 4487 3700 4564 μυστήριον.

2311 4592 2379 4645 Τὸ
2441 4591 2535 4663 μὶν
2592 4591 2683 4647 οὖν
2735 4594 2802 4648 τὰ
2857 4598 3198 4670 Χριστιανῶν
3273 4597 3687 4675 ἀρχαιολογεῖν,
3745 4597 3867 4657 τίνες

2240 4676 2407 4748 ὄντες,
2438 4682 2528 4736 καὶ
2577 4682 2715 4751 ὅθεν,
2746 4684 2836 4739 καὶ
2882 4684 3033 4747 ὅπως
3085 4686 3173 4741 ἐπὶ
3213 4688 3370 4744 τόσον
3424 4690 3487 4744 τὸ
3542 4691 3664 4746 κατ’
3694 4687 3865 4748 αὐτοὺς

2241 4768 2556 4841 ἐπιδέδωκε,
2595 4774 2685 4827 καὶ
2730 4773 2807 4837 εἷς
2854 4772 2981 4830 τόδε
3024 4775 3373 4850 προελήλυθε
3430 4775 3614 4850 δόξης,
3664 4775 3866 4853 ἄκαιρόν

2240 4880 2299 4914 τε
2348 4859 2437 4914 καὶ
2488 4859 2677 4923 ἄλλως
2728 4860 2978 4939 περιττὸν
3036 4865 3190 4938 οἶμαι
3240 4869 3321 4937 τῷ
3368 4867 3598 4941 παρόντι
3633 4865 3868 4942 διερευνᾶ-

2243 4951 2384 5019 σθαι,
2414 4954 2521 5004 τῶν
2578 4952 2738 5026 ἱερῶν
2798 4951 3006 5029 λογίων
3065 4955 3151 5008 καὶ
3210 4955 3476 5029 πράξεων,
3527 4957 3616 5010 καὶ
3678 4954 3863 5029 μυρίων

2244 5036 2433 5093 ἄλλων
2489 5044 2597 5095 τῶν
2653 5042 2902 5112 καθεξῆς,
2960 5040 3262 5119 διαῤῥηδην
3321 5048 3490 5099 ταῦτα
3568 5047 3687 5117 μετ’
3738 5044 3867 5117 ἀκρι-

2246 5124 2395 5189 ϐείας
2452 5127 2781 5200 διεξιόντων,
2839 5132 2914 5194 ὡς
2966 5131 3164 5187 ἄνωθεν
3227 5154 3286 5189 τε
3341 5134 3434 5189 καὶ
3491 5132 3746 5210 ἔξαρχῆς,
3791 5129 3863 5186 καὶ

2246 5219 2387 5292 ὁμοῦ
2429 5224 2550 5281 ταῖς
2596 5225 2692 5274 τοῦ
2748 5221 2961 5294 κόσμου
3015 5227 3266 5298 κρηπῖσι,
3298 5225 3361 5279 τὸ
3418 5226 3683 5299 ἡμέτερον
3713 5221 3865 5295 δόγμα

2247 5303 2662 5383 συγκατεϐλήθη
2692 5328 2704 5343 ·
2762 5308 2973 5384 μᾶλλον
3022 5308 3078 5367 δὲ
3130 5313 3219 5368 καὶ
3268 5312 3472 5388 χρόνου
3512 5313 3751 5369 ἐπέκεινα
3791 5305 3865 5364 καὶ

566 5516 640 5587 (1)
671 5515 872 5571 Primae
903 5516 1099 5572 decem
1133 5522 1185 5570 et
1213 5519 1339 5570 octo
1387 5510 1967 5587 tomorumjstorum
2002 5507 2230 5578 litterae,
2264 5507 2643 5586 ακροστιχίδες
2676 5515 3030 5587 compositae,
3083 5532 3292 5572 nomen
3326 5517 3578 5575 auctoris
3606 5517 3662 5572 in
3695 5516 3863 5572 Greco

496 5579 807 5662 gxéthpluri
836 5589 1186 5659 exprimunt,
1218 5585 1541 5661 Νικηφόρου
1575 5579 1901 5638 Καλλίστου.
