4100 6218
203 405 314 469 62!

205 537 400 601 αἰῶνος
442 540 511 608 ἦν
549 557 564 573 ⁸

203 653 367 694 στεως
415 634 583 707 ἡμῶν
633 632 835 708 ἆφορᾷν
887 636 1015 688 Θεὸν
1068 634 1261 709 Λόγον,
1304 636 1392 689 τὸν
1448 634 1641 710 Κύριον
1690 639 1848 708 ἡμῶν

203 724 408 792 Ἰησοῦν
463 721 718 796 Χριστόν.
770 726 967 778 Διττοῦ
1015 723 1121 797 γὰρ
1170 721 1325 787 ὄντος
1369 728 1465 778 τοῦ
1522 726 1639 779 κατ’
1692 726 1851 780 αὐτὸν

209 810 532 886 μυστηρίου,
618 810 707 865 χαὶ
788 815 887 866 τοῦ
962 812 1056 884 μὲν
1138 812 1306 867 οἱονεί
1388 834 1530 874 τινος
1610 814 1849 893 κεφαλῆς

205 899 569 974 ἐγνωσμένου,
631 899 728 953 ὅσα
784 921 847 975 γε
902 899 1027 976 περὶ
1085 902 1185 969 τήν
1244 901 1485 978 ἄναρχον
1543 903 1709 959 αὐτοῦ
1758 904 1848 958 καὶ

204 987 536 1065 προαιώνιον
584 988 835 1063 γέννησιν
884 990 1170 1065 ἀνατρέχει
1204 1008 1217 1020 ⁸
1271 995 1368 1047 τοῦ
1420 989 1499 1059 δὲ,
1531 991 1607 1054 ὡς
1654 991 1714 1047 ἄν
1765 1014 1849 1056 τις

204 1078 362 1147 εἴποι,
410 1078 642 1153 ὑστέρου
690 1079 780 1133 καὶ
826 1077 1164 1149 τελευταίου,
1215 1079 1315 1135 ὅσα
1368 1082 1492 1157 περὶ
1548 1084 1645 1151 τήν
1698 1084 1845 1138 κάτω

201 1167 286 1223 καὶ
336 1165 387 1222 ἐν
442 1168 654 1242 ὑστέρῳ
700 1172 812 1222 τῶν
863 1168 1079 1243 χρόνων
1127 1167 1190 1223 ἐκ
1234 1171 1502 1243 παρθένου
1551 1174 1844 1242 σαρκωσιν,

202 1254 469 1330 περίγειόν
500 1275 561 1309 τε
613 1253 897 1310 πολιτείαν
929 1255 1019 1310 καὶ
1069 1256 1292 1332 ἀγωγήν
1330 1277 1343 1289 ·
1391 1257 1457 1311 τὰ
1508 1257 1602 1330 μὲν
1654 1262 1846 1330 πρῶτα

201 1343 363 1418 λέγειν
412 1365 473 1399 τε
523 1344 616 1399 καὶ
665 1339 1216 1420 διακριῦολογεῖσθαι
1272 1344 1469 1415 ἥκιστά
1522 1367 1584 1421 γε
1635 1352 1843 1418 προῆ-

195 1457 282 1490 κον
339 1432 585 1508 παρέστη
622 1454 636 1468 ⁶
696 1435 821 1508 περὶ
880 1437 985 1511 γὰρ
1046 1435 1259 1491 ἐκείνων
1309 1434 1363 1491 εἴ
1398 1457 1481 1497 τις
1532 1435 1754 1510 ἐπεξίοι,
1814 1439 1842 1493 ὁ

198 1524 354 1600 λόγος
412 1523 686 1599 πάρεργον
749 1523 848 1592 ὢν,
902 1524 1070 1581 πλέον
1127 1524 1189 1580 ἃν
1245 1522 1408 1602 ἔργον
1466 1526 1501 1596 ἢ
1557 1527 1631 1580 ὧν
1688 1523 1842 1583 ἕνεκα

197 1612 358 1689 λέγειν
417 1610 695 1688 προῦθετο
752 1616 1054 1693 παράσχοι.
1118 1616 1266 1670 Ἐπεὶ
1324 1615 1429 1691 γὰρ
1486 1614 1547 1670 οὗ
1626 1615 1839 1690 χρόνῳ,

194 1700 314 1757 ἀλλ’
371 1699 489 1756 οὐδ’
551 1704 709 1758 αἰῶνι
774 1704 968 1778 μεσίτῃ
1027 1703 1254 1766 ἐκείνοις
1311 1704 1557 1779 γενέσθαι
1631 1704 1841 1775 ξυνέπε-

198 1811 293 1859 σεν,
342 1788 469 1845 οὐδέ
517 1811 626 1845 τινι
671 1796 921 1865 παρεῖναι
971 1791 1059 1845 καὶ
1123 1793 1342 1846 θεᾶσθαι
1391 1791 1477 1846 καὶ
1529 1789 1839 1866 διηγεῖσθαι

196 1882 504 1957 ὲξεχωρήθη
535 1882 606 1937 τὰ
653 1881 786 1957 ὓπὶρ
825 1877 1034 1938 ἔννοιαν
1084 1880 1355 1957 δρώμενα,
1388 1887 1555 1938 ταῦτα
1606 1885 1700 1957 μὲν
1752 1888 1833 1956 τῷ

196 1967 450 2042 ἀκινδύνῳ
498 1977 604 2036 τῆς
662 1974 875 2040 σιωπῆς
931 1966 1109 2042 τιμᾷνν
1150 1971 1501 2047 ἐπαφήσομεν
1534 1989 1548 2002 ·
1614 1971 1827 2044 μᾶλλον

196 2057 248 2114 δὲ
303 2056 444 2131 μηδὲ
500 2057 988 2136 πολυπραγμονεῖν
1046 2066 1166 2121 ταῖς
1241 2061 1471 2122 ἐννοίαις
1530 2063 1691 2135 ἡμῶν
1758 2062 1826 2116 τὰ

197 2154 406 2205 τοιαῦτα
436 2148 691 2228 σφοδρῶς
737 2149 1087 2223 ἐπιτάξομεν,
1119 2146 1213 2207 ἅτε
1240 2155 1335 2206 νοῦ
1382 2150 1472 2206 καὶ
1524 2150 1689 2225 λόγου
1734 2151 1825 2207 καὶ

198 2235 423 2301 διανοίας
481 2240 749 2313 ὑπέρτερα
780 2257 795 2271 '
854 2243 989 2313 ἡμῖν
1047 2239 1094 2296 δ’
1161 2242 1383 2319 ἀπόχρη
1446 2241 1585 2314 μόνα
1648 2242 1712 2296 τᾶ
1768 2242 1829 2297 ἐκ

196 2332 290 2382 τῶν
319 2329 475 2383 θείων
522 2329 789 2404 παράγειν
820 2334 1047 2404 Γραφῶν
1078 2348 1092 2361 ·
1126 2330 1222 2399 ὡς,
1276 2332 1373 2387 Ἑν
1430 2331 1606 2406 ἀρχῇ
1662 2332 1736 2400 ἦν
1797 2332 1825 2386 ὁ

198 2414 409 2489 Λόγος·
444 2417 554 2471 καί
600 2416 806 2490 Λόγος
846 2417 923 2486 ἦν
962 2418 1123 2493 πρὸς
1160 2418 1269 2472 τὸν
1311 2419 1489 2474 Θεόν·
1522 2421 1630 2473 καὶ
1669 2420 1828 2484 Θεὸς

197 2505 264 2572 ἦν
318 2506 346 2557 ὁ
400 2505 637 2580 Λόγος.
698 2507 915 2561 Πάντα
972 2504 1049 2561 δι’
1107 2506 1309 2562 αὐτοῦ
1366 2505 1677 2583 ἒγένετο·
1718 2510 1826 2565 καὶ

199 2594 397 2668 χωρὶς
437 2595 646 2650 αὐτοῦ
705 2595 964 2671 ἐγένετο
1004 2594 1157 2652 οὐδέ
1193 2597 1281 2666 ἓν,
1340 2598 1369 2652 ’ὀ
1409 2600 1643 2674 γέγονε
1674 2619 1687 2632 '
1739 2600 1827 2654 καὶ

198 2682 262 2743 ὡς
307 2679 378 2736 ὢν
426 2684 508 2738 ἀεὶ
560 2684 715 2750 Θεὸς,
761 2686 788 2738 ὁ
839 2684 1079 2760 ἄναρχός
1120 2707 1178 2740 τε
1227 2686 1317 2740 καὶ
1365 2687 1722 2760 προαιώνιος,
1754 2687 1828 2749 ὡς

199 2771 369 2846 ἐκείνῳ
401 2774 554 2849 μόνῳ
584 2776 849 2849 γνωστὸν,
880 2776 987 2850 πρὸ
1015 2781 1123 2831 τῶν
1148 2777 1359 2832 αἰώνων
1388 2782 1542 2852 γεννᾷ
1586 2778 1676 2833 τὸν
1710 2777 1830 2832 ἐαυ-

196 2866 284 2915 τοῦ
309 2862 428 2917 Υιὸν
482 2866 582 2918 τὸν
615 2863 797 2934 ἀληθῆ
851 2866 978 2920 Θεὸν
1013 2868 1191 2942 Λόγον
1226 2868 1587 2937 ἀνεννοήτους,
1629 2866 1829 2921 ἀκατα-

204 2951 431 3023 λήπτως,
466 2953 604 3030 ὑπὲρ
653 2957 827 3010 πάντα
868 2958 993 3009 νοῦν
1037 2955 1126 3009 καὶ
1173 2952 1412 3010 διάνοιαν
1448 2974 1461 2988 ·
1512 2956 1726 3029 σύναμα
1773 2952 1829 3011 δὲ

199 3040 362 3094 καὶτὸ
407 3043 668 3116 πανάγιον
697 3044 866 3097 αὐτοῦ
915 3048 1131 3115 Πνεῦμα
1176 3039 1515 3119 προϐάλλεδί
1549 3042 1612 3099 οἶ)
1645 3064 1830 3119 γεννη-

204 3150 318 3196 τως,
348 3129 469 3186 ἀλλ’
500 3130 843 3207 ἐκπορευτῶς
879 3150 892 3164 ⁸
926 3132 1053 3187 Θεὸν
1086 3133 1176 3187 καὶ
1228 3133 1363 3188 αὐτὸ
1392 3131 1600 3187 τέλειον
1631 3131 1830 3205 ὁμοσύ-

210 3220 310 3273 σιόν
336 3240 392 3274 τε
418 3222 638 3283 τούτοις
688 3221 779 3276 καὶ
808 3219 1215 3296 ταυτοδύναμον
1251 3242 1264 3255 ·
1313 3223 1379 3277 τὰ
1424 3224 1549 3296 τρία
1577 3221 1630 3277 ’ὲν
1662 3240 1676 3253 ’
1730 3223 1828 3296 μία

1224 407 1861 472 ECCLESIASTICE
1901 407 2293 471 HISTORLE
2334 409 2483 471 LIB.
2530 407 2581 469 Ι.

622 538 675 595 εἴ
726 560 786 613 γε
844 541 957 616 γρῆ
990 541 1126 617 πρὸς
1175 542 1266 596 τὸν
1326 543 1573 618 ἀρχηγὸν
1615 551 1716 614 τῆς
1762 544 1838 599 πί-

1968 548 2157 617 potius
2187 546 2340 603 ultra
2369 550 2633 617 tempora
2655 548 2712 600 et
2740 545 2957 601 saecula
2985 545 3185 602 omnia
3213 545 3270 602 id
3293 547 3611 614 exstitisse,

1864 1927 1911 1991 B

3494 404 3615 471 622

1959 635 2277 707 siquidem
2323 636 2392 690 ad
2450 638 2743 689 auctorem
2796 638 2853 689 et
2900 634 3103 691 ducem
3147 634 3526 707 professionis
3555 638 3614 691 et

1958 725 2093 779 ﬁdei
2127 731 2337 781 nostras
2368 723 2555 780 Deum
2589 723 2841 778 Verbum
2875 724 3187 781 Dominum
3220 730 3483 781 nostrum
3512 724 3614 780 Je-

1958 830 2091 868 sum
2124 813 2425 870 Christum
2459 814 2748 883 respicere
2794 819 3075 883 oporteat.
3128 814 3612 886 Quandoquidem

1956 903 2114 958 enim
2159 902 2370 973 duplex
2408 903 2897 958 considerandum
2941 903 3096 959 venit
3138 903 3506 975 mysterium,
3550 908 3610 961 et

1957 996 2202 1049 alterum
2245 993 2481 1065 quidem
2511 998 2794 1064 tanquam
2810 993 3106 1064 quoddam
3138 999 3311 1065 caput
3341 999 3606 1049 contem-

1954 1083 2210 1154 plamur,
2241 1083 2391 1152 quod
2422 1081 2645 1138 scilicet
2674 1083 2744 1137 ad
2778 1086 3076 1150 aeternam,
3099 1082 3383 1154 principio
3405 1098 3608 1139 caren-

1953 1177 2092 1238 tem,
2126 1172 2454 1243 saeculaque
2482 1171 2677 1226 omnia
2721 1172 3139 1242 praecedentem
3172 1172 3605 1242 generationem

1953 1263 2229 1328 refertur;
2259 1261 2507 1316 alterum
2548 1265 2741 1315 autem
2771 1260 2941 1331 quasi
2977 1260 3266 1331 posterius
3305 1261 3606 1330 quiddam,

1954 1356 2014 1407 ut
2045 1352 2120 1405 ita
2152 1351 2366 1415 dicam,
2416 1355 2472 1404 et
2516 1348 2788 1404 ultimum
2840 1354 3196 1420 spectamus,
3246 1350 3399 1420 quod
3433 1348 3606 1403 nimi-

1950 1455 2078 1493 rum
2104 1441 2171 1493 ad
2216 1438 2549 1493 interiorem
2591 1437 2740 1493 banc
2783 1443 2839 1493 et
2890 1438 3198 1509 postremis
3242 1438 3605 1509 temporibus

1950 1531 2054 1583 44
2085 1544 2153 1583 ex
2182 1527 2422 1600 Virgine
2448 1527 2906 1585 incarnationem
2941 1528 3173 1592 factam,
3197 1534 3603 1598 terrenarutu

1947 1618 2448 1672 conversationem
2506 1621 2564 1672 et
2618 1615 2794 1671 vitam
2852 1615 3106 1686 pertinet
3157 1632 3169 1669 :
3229 1616 3391 1687 prius
3447 1614 3592 1671 illud

1947 1722 2253 1777 exponere,
2295 1712 2351 1762 et
2380 1705 2713 1762 accurotius
2744 1704 2999 1760 oratione
3031 1704 3302 1777 persequi
3362 1704 3603 1761 minime

1946 1797 2209 1850 omnium
2262 1796 2545 1851 convenit.
2597 1794 2676 1850 De
2724 1811 2790 1849 eo
2840 1794 2996 1849 enim
3042 1795 3092 1850 si
3142 1795 3274 1866 quis
3314 1793 3601 1850 disserere

1945 1885 2233 1951 instituat,
2289 1901 2422 1940 cum
2453 1884 2634 1940 oratio
2684 1883 2818 1939 talis
2849 1888 3011 1939 extra
3060 1884 3417 1955 propositum
3449 1898 3599 1954 opus

1943 1974 2041 2039 sit,
2076 1984 2196 2030 tum
2230 1972 2362 2046 plus
2394 1989 2579 2043 operas
2610 1978 2668 2028 et
2707 1973 2920 2045 negotii
2950 1989 3125 2044 quam
3177 1989 3325 2044 Opus
3375 1974 3593 2046 ipsum.

1937 2070 1995 2120 et
2025 2081 2092 2120 ea
2120 2065 2189 2119 de
2237 2063 2455 2135 quibus
2502 2068 2749 2118 tractare
2796 2064 3249 2129 decreverimus,
3297 2062 3590 2134 exhibeat.

1938 2153 2259 2225 Siquidem,
2293 2168 2427 2207 cum
2472 2167 2664 2223 neque
2706 2155 2959 2222 tempus,
2993 2167 3182 2224 neque
3212 2152 3492 2207 saeculum
3534 2153 3587 2207 ei

1939 2242 2213 2314 mysterio
2264 2240 2679 2309 intercesserit,
2728 2243 2785 2295 et
2842 2240 3084 2311 proinde
3146 2256 3329 2312 neque
3383 2241 3586 2296 adesse

1937 2330 2043 2394 illi,
2078 2346 2267 2401 neque
2297 2328 2680 2401 contemplari
2710 2333 2768 2383 et
2795 2327 2989 2399 eloqui
3020 2328 3077 2383 id
3111 2330 3267 2399 quod
3291 2343 3462 2399 supra
3492 2328 3585 2383 in-

1937 2419 2316 2491 telligentiam
2349 2421 2607 2473 nostram
2638 2420 2747 2482 est,
2780 2432 3120 2472 concessum
3164 2417 3263 2484 sit,
3304 2416 3587 2488 quidquid

1939 2508 1992 2562 id
2022 2513 2130 2575 est,
2154 2510 2281 2562 tuto
2334 2503 2551 2561 silentii
2596 2503 2835 2575 prmmio
2866 2506 3310 2575 permittemus:
3364 2520 3428 2558 ac
3478 2520 3586 2575 po-

1941 2598 2055 2652 tius
2088 2593 2338 2667 ingeniis
2370 2595 2607 2662 nostris,
2640 2609 2713 2649 ne
2744 2593 2803 2649 in
2835 2594 3051 2650 talibus
3084 2594 3257 2648 rebus
3280 2592 3584 2649 curiosita-

1940 2695 2051 2741 tem
2078 2684 2321 2741 nimium
2354 2691 2674 2748 exerceant,
2694 2682 3138 2753 imperabimus,
3164 2686 3360 2753 utpote
3381 2698 3582 2747 sensu.

1939 2777 2181 2843 ratione,
2214 2778 2272 2830 et
2318 2773 2590 2829 acumine
2639 2772 2851 2828 mentis
2883 2776 3093 2827 nostrai
3126 2772 3296 2844 longe
3324 2772 3588 2844 superio-

1938 2865 2124 2921 ribus.
2156 2863 2335 2919 Nobis
2386 2876 2517 2917 vero
2564 2861 2707 2917 satis
2757 2861 2930 2917 fuerit
2977 2860 3104 2917 sola
3133 2876 3162 2915 e
3197 2860 3409 2917 divinis
3437 2860 3588 2917 Scri-

1941 2955 2128 3027 pturis
2178 2953 2467 3009 adducere
2514 2949 2849 3006 testimonia
2878 2969 2892 3018 ;
2927 2955 3027 3006 ut:
3066 2952 3126 3006 1η
3156 2952 3432 3022 principio
3468 2956 3588 3007 erat

1947 3045 2197 3109 Verbum,
2244 3047 2297 3096 et
2351 3039 2591 3094 Verbum
2637 3043 2755 3094 erat
2802 3038 2949 3111 apud
2993 3040 3181 3108 Deum,
3212 3042 3263 3094 et
3301 3039 3438 3095 Deus
3467 3054 3589 3107 erat

1948 3134 2205 3187 Verbum.
2249 3129 2445 3186 Omnia
2499 3144 2598 3198 per
2643 3130 2821 3198 ipsum
2868 3128 3017 3196 facta
3061 3136 3209 3197 sunt,
3240 3133 3292 3184 et
3320 3129 3442 3184 sine
3471 3130 3589 3200 ipso

1942 3226 2153 3285 factum
2185 3218 2458 3287 estnihil,
2482 3217 2621 3289 quod
2639 3219 2856 3287 factum
2876 3226 2955 3273 est
2974 3217 3028 3284 ‘;
3064 3221 3121 3272 et
3141 3218 3381 3289 insuper
3414 3218 3586 3285 scire,

213 3308 354 3381 96st:
379 3310 465 3364 καὶ
496 3309 656 3365 οὐσία
685 3311 774 3365 καὶ
815 3308 1042 3383 δύναμις
1077 3330 1090 3343 ·
1144 3313 1261 3384 μεθ’
1292 3313 1364 3366 ὧν
1396 3312 1485 3366 καὶ
1518 3309 1588 3366 δι’
1635 3313 1707 3367 ὧν
1735 3314 1830 3373 τάς

1949 3313 2102 3384 quod
2136 3312 2287 3366 Deus
2318 3324 2548 3379 semper
2578 3308 2889 3373 exsistens,
2932 3307 3335 3378 principioque
3364 3323 3589 3374 carens,

211 3416 263 3451 τε
311 3397 595 3473 ἁγγελικὰς
648 3396 901 3472 δυνάμεις
947 3402 1035 3457 καὶ
1085 3401 1177 3456 τὸν
1227 3402 1436 3474 κόσμον
1487 3406 1677 3456 τοῦτον
1736 3423 1835 3456 πα·

215 3484 349 3562 ράγει
392 3508 449 3542 τε
501 3490 597 3544 καὶ
658 3487 991 3568 δημιουργεῖ
1050 3493 1125 3565 μὴ
1186 3492 1451 3567 πρότερον
1508 3487 1682 3547 ὅντα’
1744 3492 1833 3547 καὶ

213 3574 268 3628 τὸ
308 3577 603 3651 ὁριώμενον
655 3578 868 3652 σύμπαν
904 3599 917 3612 ·
967 3582 1032 3635 τό
1080 3601 1141 3636 τε
1188 3584 1344 3658 ψυχῇ
1398 3581 1487 3636 καὶ
1552 3582 1627 3654 μὴ
1683 3583 1836 3659 χρώ-

219 3684 357 3736 μενον
368 3711 380 3724 .

1945 3413 1996 3459 et
2028 3399 2242 3458 saecula
2273 3397 2625 3470 praecedens,
2657 3396 2737 3450 ita
2762 3402 2826 3451 ut
2856 3396 2968 3467 ipsi
3014 3395 3124 3452 soli
3152 3396 3451 3467 cognitum
3481 3400 3591 3465 est,

1944 3497 2076 3547 ante
2110 3489 2237 3560 ipsa
2266 3484 2479 3542 saecula
2508 3484 2693 3556 gignit
2722 3499 2890 3539 suum
2922 3483 3108 3554 ipsius
3140 3483 3370 3551 Filium,
3392 3498 3592 3539 verum

1946 3584 2127 3637 Deum
2161 3578 2437 3641 Verbum,
2461 3589 2642 3646 supra
2662 3572 2852 3628 omnis
2880 3571 3279 3644 intelligentia:
3310 3577 3367 3629 et
3395 3574 3591 3643 depre-

1947 3666 2249 3726 hensionis
2279 3668 2534 3735 captum,
2574 3666 2631 3716 et
2661 3678 2837 3730 supra
2887 3661 3099 3717 mentis
3139 3677 3378 3717 sensum
3408 3666 3465 3716 et
3492 3675 3597 3718 co-

220 3757 562 3830 gitationem,
610 3762 1120 3834 cognitionemque
1183 3779 1451 3819 omnem:
1506 3763 1796 3835 simulque
1844 3759 2286 3820 sanctissimum
2336 3769 2512 3810 suum
2557 3753 2771 3824 profert
2819 3752 3121 3822 Spiritum,
3174 3768 3290 3807 non
3342 3756 3405 3807 ut
3434 3750 3596 3823 geni-

218 3851 323 3903 tum
355 3848 541 3920 illum,
573 3851 677 3907 sed
706 3858 769 3907 ut
803 3854 1255 3924 procedentem:
1309 3852 1490 3909 Deum
1536 3859 1592 3908 et
1638 3855 1836 3925 ipsum
1887 3854 2207 3926 perfectum
2256 3849 2427 3916 atque
2467 3841 3022 3900 consubstantialem
3054 3842 3214 3908 illiis,
3247 3851 3301 3897 et
3335 3842 3595 3912 ejusdem

221 3935 373 4005 plane
398 3939 629 3995 virtutis
658 3945 715 3995 et
751 3942 1080 4013 potestatis.
1114 3942 1184 3997 Et
1222 3944 1375 4013 quod
1426 3948 1542 3998 tres
1568 3942 1661 3996 isti
1705 3958 1884 3996 unum
1935 3949 2092 4007 sunt,
2124 3953 2242 3993 una
2272 3938 2482 3989 natura
2511 3936 2570 3989 et
2597 3930 2853 3987 essentia
2881 3935 2937 3985 et
2977 3934 3256 4001 potestas,
3289 3946 3422 3987 cum
3452 3931 3594 4001 qui-

222 4025 316 4080 bus
342 4032 395 4082 et
430 4045 528 4101 per
561 4046 708 4101 quos
738 4031 917 4086 simul
965 4036 1022 4088 et
1050 4032 1339 4102 angelicas
1390 4036 1707 4103 potestates
1757 4037 1813 4087 et
1842 4031 2131 4085 mundum
2182 4025 2342 4080 hunc
2389 4022 2725 4077 universum
2759 4021 3031 4091 produxit
3058 4023 3116 4075 et
3144 4019 3431 4085 condidit,
3463 4035 3597 4075 cum

224 4114 267 4169 is
293 4122 449 4173 antea
497 4136 639 4187 non,
679 4120 1006 4190 exstiterit;
1054 4128 1113 4177 et
1164 4127 1438 4193 preterea
1485 4122 1543 4177 id
1577 4123 1727 4195 quod
1777 4120 1836 4175 in
1876 4120 2068 4175 visum
2117 4116 2271 4172 cadit
2316 4111 2789 4184 conspiciturque
2834 4126 3029 4177 omne,
3081 4109 3354 4182 quodque
3400 4108 3598 4166 anima

222 4206 473 4277 agitatur,
519 4214 580 4266 et
608 4211 761 4281 quod
794 4213 993 4267 anima
1023 4215 1181 4268 caret
1212 4213 1312 4283 (1).

284 4294 403 4365 Περὶ
461 4299 556 4369 μὲν
618 4296 684 4368 δὴ
739 4302 834 4354 τοῦ
891 4298 1001 4355 ἄνω
1055 4297 1244 4373 γένους
1300 4304 1539 4373 Χριστοῦ
1586 4303 1683 4354 τοῦ
1733 4304 1832 4367 τῆς

2015 4298 2199 4368 Atque
2228 4294 2349 4350 haec
2398 4292 2633 4365 quidem
2693 4291 2764 4347 de
2796 4304 3051 4361 superno
3092 4289 3326 4359 Christi,
3369 4305 3601 4362 persua-

221 4379 430 4447 πίστεως
477 4390 640 4461 ἡμῶν
688 4387 963 4463 ἀρχηγοῦ,
1015 4389 1105 4443 καὶ
1153 4396 1253 4458 τῆς
1299 4389 1445 4458 ἀξίας
1502 4389 1699 4444 τούτου
1747 4389 1836 4443 καὶ

225 4469 430 4545 φῦσεως,
477 4476 712 4532 τοσαῦτά
761 4498 856 4549 μοι
902 4475 1179 4553 λελέχθω.
1227 4478 1318 4539 Τίς
1373 4478 1471 4552 γὰρ
1530 4477 1591 4532 ἂν
1647 4478 1836 4551 αὐτὰρ.

222 4576 311 4627 κης
337 4559 557 4625 ἒκείνοις
585 4567 801 4641 γένοιτο
836 4565 1023 4638 λόγος,
1053 4568 1195 4621 καθὰ
1242 4563 1308 4637 δή
1342 4588 1446 4621 που
1497 4568 1583 4621 καὶ
1616 4567 1643 4621 ὁ
1692 4568 1834 4626 θεῖος

225 4644 477 4725 ὑποφαίνει
509 4654 787 4728 χρησμὸς,
827 4654 953 4722 Τήν
1002 4651 1068 4708 δὲ
1114 4655 1341 4729 γενεὰν
1386 4655 1606 4725 αὐτοῦ,
1638 4653 1832 4730 λέγων,

224 4734 308 4796 τίς
354 4734 791 4816 διηγήσεται;
842 4738 977 4797 Οὐδὲ
1023 4745 1123 4819 γάρ
1170 4763 1254 4804 τις
1300 4744 1393 4799 τὸν
1453 4744 1662 4816 Πατέρα
1717 4744 1833 4798 κατ’

290 4910 489 4971 ¹.Ιοιιο.
521 4933 562 4986 ι,
598 4919 650 4985 1,
677 4919 732 4974 3.

292 5088 363 5160 (1)
388 5092 559 5151 Totus
590 5100 647 5151 et
695 5096 895 5167 lingua
941 5099 1000 5151 et
1024 5099 1218 5152 mente
1246 5100 1303 5152 et
1331 5095 1681 5166 cogitatione
1710 5093 1846 5148 bor—

235 5173 337 5226 reo,
383 5168 605 5234 quando
651 5169 720 5224 de
768 5166 883 5223 Deo
923 5167 1097 5222 verba
1144 5169 1309 5223 facio.
1370 5168 1450 5223 De
1502 5166 1614 5223 Deo
1654 5170 1848 5221 autem

236 5243 347 5312 gum
378 5239 516 5312 dico,
551 5256 731 5312 unum
765 5256 865 5293 vos
896 5238 1335 5312 circumfulgeat
1377 5240 1675 5312 Iumen,et
1716 5237 1847 5312 tria.

235 5297 349 5358 Tria
377 5297 623 5376 quidem,
648 5311 817 5380 juxta
858 5297 1241 5381 proprietates
1281 5314 1401 5365 sive
1439 5297 1853 5365 subsistentias

238 5385 325 5427 seu
374 5393 698 5446 personas:
751 5396 930 5435 unum
982 5396 1138 5444 vero,
1187 5383 1511 5436 secundum
1567 5381 1849 5435 rationem

239 5450 479 5523 essentia:
507 5454 620 5508 sive
658 5453 910 5507 deitatis.
948 5452 1335 5523 Distinguitur
1364 5454 1517 5509 enim
1552 5453 1855 5521 insepara-

238 5511 485 5608 Eili‘tgrmt
505 5529 941 5608 cgagmentatur
961 5511 1582 5608 separabiliterﬂnum
1609 5511 1856 5608 namque

238 5589 287 5668 ζει
313 5589 486 5668 tribus
522 5589 714 5651 Deitas
746 5596 889 5668 ipsa,
926 5600 983 5649 et
1022 5589 1149 5666 ipsa
1180 5596 1612 5668 triaiunum,in
1647 5589 1856 5668 quibus

238 5652 440 5739 ροηδε,
472 5680 568 5721 seu
614 5683 739 5739 quis
768 5652 989 5724 ‘Deitas
1037 5652 1194 5723 sunt.
1238 5667 1437 5738 (Greg
1482 5652 1855 5739 Theologus.)

238 5722 379 5787 Unus
406 5722 572 5808 Dens,
619 5722 741 5796 t'res
788 5722 1066 5811 persona,
1119 5722 1547 5807 una‘essentia,
1579 5722 1854 5810 potentia,

1948 4386 2129 4442 sionis
2159 4389 2216 4440 et
2247 4383 2378 4439 ﬁdei
2412 4385 2622 4437 nostra:
2674 4379 2973 4450 principis,
3024 4394 3255 4451 genere,
3303 4380 3603 4451 ipsiusque

1946 4474 2186 4531 sublimi
2242 4470 2525 4544 dignitate
2556 4475 2613 4525 et
2633 4477 2859 4537 natura,
2891 4466 3060 4523 nobis
3092 4468 3249 4523 dicta
3280 4468 3602 4537 sufﬁciant,

1945 4568 2079 4632 Quae
2109 4564 2267 4619 enim
2314 4562 2489 4617 rebus
2532 4559 2709 4615 tantis
2753 4558 3112 4630 explicandis
3143 4557 3353 4614 idonea
3383 4572 3604 4628 suppe-

1946 4655 2089 4710 ditet
2117 4651 2343 4708 oratio?
2395 4667 2499 4721 pro
2527 4663 2594 4704 eo
2634 4652 2806 4719 atque
2854 4646 3120 4702 divinum
3159 4647 3216 4701 id
3259 4662 3485 4716 quoque
3515 4661 3603 4700 os-

1944 4742 2131 4800 tendit
2161 4739 2464 4796 oraculum
2494 4755 2508 4793 :
2535 4737 2953 4795 Generationem
2974 4751 3094 4791 vero
3124 4736 3261 4806 ejus,
3304 4735 3600 4805 inquiens,

1958 5089 2267 5161 sapientia,
2316 5085 2568 5161 bonitas,
2608 5101 2725 5141 una
2765 5091 2821 5161 et_
2848 5081 3394 5161 indivisa_Trinitas.
3426 5080 3603 5147 Deus,

1964 5154 2263 5227 Dominus,
2295 5158 2643 5222 Paracletus,
2681 5156 2937 5215 Genitor,
2979 5154 3602 5227 genitus,regenerans.

1962 5235 2045 5287 Ab
2079 5248 2192 5288 uno
2220 5225 2436 5286 omnia.
2488 5231 2533 5284 A
2562 5244 2697 5298 quo,
2746 5242 2843 5295 per
2892 5242 3085 5295 quem,
3131 5225 3191 5279 in
3225 5241 3335 5298 quo
3384 5225 3601 5298 omnia.

1964 5305 2179 5360 Unusa
2230 5318 2310 5368 se,
2358 5317 2511 5356 unus
2563 5292 2632 5354 ad
2677 5292 2813 5363 uno,
2846 5292 3014 5368 unus
3041 5298 3111 5350 ab
3138 5296 3447 5368 ambobus,
3481 5292 3608 5368 Eva

1963 5391 2045 5438 se,
2074 5372 2133 5427 ὃν
2178 5376 2249 5429 ab
2282 5366 2481 5437 altero,
2558 5373 2632 5425 ab
2682 5376 2946 5439 utroque.
2997 5367 3183 5431 Pater,
3226 5367 3431 5439 Filius,
3475 5366 3607 5437 Spi-

1964 5433 2111 5501 ritus
2141 5446 2410 5501 Sanctus.
2462 5433 2588 5497 Una
2644 5433 3073 5514 ραιοιοξᾼόγος,
3108 5433 3603 5514 Παράκλητοςούο,

1963 5518 2239 5584 essentia,
2286 5532 2396 5571 una
2438 5514 2645 5584 virtus,
2696 5528 2816 5567 una
2864 5511 3166 5584 beatitudo
3204 5526 3217 5564 :
3267 5527 3301 5564 a
3344 5525 3478 5580 quo,
3508 5524 3611 5580 per

1966 5606 2165 5661 quem,
2208 5580 2265 5643 et
2312 5588 2383 5661 in
2410 5600 2523 5656 quo
2564 5583 2749 5661 beata
2792 5587 2932 5639 sunt
2978 5580 3196 5650 omnia,
3246 5596 3611 5653 quacunque

1966 5655 2308 5717 beata'sunt
2338 5655 2765 5731 (Augustinus).
