3950 6214
477 351 597 412 623
1771 347 2190 409 NICEPHORI
2235 347 2584 409 CALLISTI
3751 349 3854 413 624

471 487 594 559 quis
649 483 1032 540 cnarrabit'?
1077 483 1274 554 Neque
1331 482 1486 537 enim
1518 481 1809 554 quispiam
1869 483 2031 538 Patre

2299 479 2378 533 ίαν
2413 481 2567 554 γνοίη
2601 481 2646 532 εἷ
2689 481 2764 552 μή
2799 480 2825 534 ὁ
2871 479 2994 540 Υἱός
3029 499 3042 511 ·
3091 478 3221 534 ἀλλ’
3249 477 3378 535 οὐδὲ
3407 481 3497 536 τὸν
3549 479 3672 534 Υἳὸν
3703 481 3857 548 αὖθις,

473 591 577 646 pro
608 592 674 632 eo
707 579 876 645 atque
925 575 1112 638 decet,
1150 573 1292 628 satis
1323 572 1674 642 cognoverit,
1732 577 2033 642 praeterqu:

2314 570 2390 640 μὴ
2423 570 2450 622 ὁ
2500 570 2762 644 γεννήσας
2817 570 3006 643 Πατήρ
3041 589 3054 601 ·
3107 569 3243 642 πρὸς
3286 570 3345 622 ’ὸν
3389 569 3528 624 κατὰ
3571 569 3662 624 τὸν
3709 569 3861 624 πάλαι

475 663 652 718 Filius
697 678 886 733 neque
961 679 1194 716 rursum
1265 660 1496 726 Filium,
1560 666 1940 732 preterquam
2022 677 2035 714 (

2303 656 2432 712 ωσέα
2480 657 2978 734 κοινολογούμενος
3009 659 3037 712 ὁ
3091 659 3282 733 Πατὴρ
3329 663 3398 730 τῇ
3447 659 3863 735 παραγωγῇτοῦ

473 751 640 806 illum
671 751 875 822 genuit
907 755 1086 806 Pater.
1125 751 1208 804 Ad
1246 767 1442 820 quem,
1479 753 1542 804 ut
1571 750 1839 820 estjapud
1874 755 2033 806 veteri

2303 747 2438 808 ιντὸς
2465 745 2646 817 τοῦδε,
2681 750 3103 821 Ποιήσωμεν,
3137 749 3320 824 φησὶν,
3361 745 3710 822 ἄνθρωπον
3749 747 3863 804 κατ’

472 843 696 908 Mosen,
729 843 971 911 loquens
1005 843 1170 896 Pater
1206 844 1262 896 in
1294 843 1581 896 creatione
1615 839 1868 896 universi
1899 841 2032 910 huju

2304 837 2464 889 κὸνα
2493 836 2829 910 ἡμετέραν
2861 836 2966 891 καὶ
2999 837 3138 891 καθ’
3169 836 3522 908 ὁμοίωσιν.
3555 841 3752 892 Τοῦτον
3783 849 3863 909 μὲν

469 933 780 998 Faciamus,
807 932 1010 1002 inquit,
1049 930 1321 985 hominem
1348 929 1417 984 ad
1457 931 1757 1002 imaginem
1799 939 2029 984 nostran

2307 949 2326 980 ν
2373 925 2464 981 καὶ
2515 925 2632 980 ὅσοι
2691 925 2857 1001 ἀρετῇ
2907 926 2998 981 καὶ
3045 922 3320 998 θεοσεϐείᾳ
3375 931 3482 981 τῶν
3545 925 3730 980 ἄλλων
3781 925 3867 982 διε-

471 1019 971 1076 similitudinem“.
1019 1020 1184 1074 Hunc
1229 1023 1419 1092 ipsum
1452 1036 1611 1089 sane,
1644 1021 1977 1090 quicunque
2009 1037 2031 1072 ν

2307 1019 2439 1090 (κεῖν
2503 1013 2747 1088 λέγονται
2807 1015 3028 1085 ἄνωθεν,
3083 1013 3136 1070 ο⁴ἷ
3193 1037 3250 1070 τε
3307 1016 3431 1088 περὶ
3489 1017 3582 1070 τὸν
3637 1011 3867 1092 ’Δϐραὶμ

471 1115 593 1166 tute
623 1109 754 1165 etin
791 1109 976 1166 Deum
1011 1110 1222 1180 pietate
1253 1107 1384 1162 aliis
1417 1115 1688 1178 praestare
1737 1107 1944 1177 primis
1975 1113 2030 1162 te

2305 1127 2380 1177 Ιμι
2414 1105 2505 1158 καὶ
2558 1103 2776 1174 Μωσέα,
2806 1104 2896 1158 καὶ
2943 1104 3058 1159 ὅσοι
3106 1125 3164 1180 γε
3213 1106 3318 1177 πρὸ
3363 1103 3586 1159 ἐκείνων
3629 1105 3717 1158 καὶ
3767 1109 3865 1177 μετ’

473 1201 714 1270 poribus
746 1198 883 1252 dicti
916 1203 1076 1267 sunt,
1109 1203 1172 1252 ut
1225 1197 1514 1252 Abraham
1573 1203 1630 1252 et
1677 1197 1876 1266 Moses,
1937 1197 2033 1252 45

2305 1193 2476 1254 είνους
2529 1190 2727 1248 δίκαιοι
2778 1196 2854 1264 τῷ
2885 1191 3281 1266 ἐξηλλαγμένῳ
3321 1198 3432 1248 τῶν
3481 1191 3697 1266 τρόπων
3735 1193 3865 1270 γεγί-

471 1287 711 1358 insuper
742 1287 1070 1358 quicunque
1098 1292 1229 1342 ante
1261 1294 1316 1342 et
1374 1293 1504 1359 post
1561 1305 1658 1342 eos
1697 1288 1846 1358 justi
1897 1303 2031 1342 mori

2307 1303 2445 1354 νται,
2506 1289 2780 1358 προφῆται
2863 1282 2952 1335 καὶ
3028 1281 3214 1344 ἄλλως
3294 1282 3594 1356 εὐάρεστοι,
3675 1283 3865 1356 ὄμμασι

473 1377 802 1431 mutatione
833 1376 1068 1430 fuerunt
1099 1377 1413 1448 prOphetee,
1447 1381 1503 1431 et
1532 1375 1630 1432 alii
1661 1379 1773 1432 Deo
1825 1377 2018 1447 placiti

2307 1374 2476 1434 κνοίας
2545 1374 2852 1451 ἀκραιφνῶς
2917 1373 3322 1448 φαντασθέντες,
3383 1371 3655 1446 λαμπρῶς
3729 1369 3867 1446 ἔγνωο

471 1465 618 1536 grati
643 1464 930 1530 homines,
965 1465 1177 1520 mentis
1209 1465 1393 1521 oculis
1421 1467 1645 1520 sincere
1675 1471 1734 1520 et
1784 1465 1936 1520 clare
1977 1481 2031 1520 cc

2303 1485 2329 1514 ν
2363 1481 2375 1494 ·
2435 1462 2526 1516 καὶ
2587 1463 2674 1516 οἷα
2733 1465 2867 1516 Θεοῦ
2921 1459 3074 1516 παιδί
3135 1461 3374 1536 γνησίῳ,
3431 1462 3594 1538 γέρας
3660 1461 3862 1535 ἰξαίσιον

471 1553 756 1625 templati,
785 1554 998 1624 prolixe
1021 1562 1430 1628 cognoverunt,
1459 1561 1514 1611 et
1537 1560 1816 1628 tanquam
1849 1571 2031 1627 germi

2301 1545 2512 1611 σεϐείας
2567 1549 2874 1622 ἀπένειμαν.
2927 1551 2990 1606 Ὁ
3049 1547 3095 1604 δ’
3155 1549 3222 1604 αὖ
3281 1556 3384 1618 τῆς
3441 1551 3674 1612 πίστεως
3733 1553 3861 1624 ἀμει.

475 1643 572 1697 Dei
605 1643 744 1696 FlIIO
779 1644 1326 1714 praestantissimum
1364 1645 1590 1714 pietatis
1623 1645 1904 1700 honorem
1937 1645 2035 1698 trit

2301 1639 2474 1710 ἱμενος
2505 1641 2604 1708 τήν
2657 1641 2931 1712 Πατρικήν
2979 1659 3038 1693 τε
3085 1639 3174 1692 καὶ
3225 1638 3389 1693 αὐτοῦ
3439 1644 3662 1715 γνῶσιν,
3693 1641 3861 1696 ὡσανεὶ

476 1737 669 1788 erunt.
705 1731 804 1786 Ille
835 1749 1002 1802 porro
1035 1734 1472 1804 persuasionem
1507 1734 1799 1804 iidemque
1839 1734 2036 1804 ejusm‘

2299 1727 2635 1801 τελεστέραν,
2686 1729 3000 1804 προστιθεῖς
3043 1729 3108 1798 ἦν
3145 1748 3157 1760 '
3199 1729 3286 1784 καί
3335 1749 3396 1803 γε
3443 1729 3610 1806 λόγος
3657 1730 3859 1804 ἀρχαῖος

401 1849 414 1856 -
485 1837 887 1886 remunerans,
919 1827 974 1876 et
1005 1822 1194 1878 Patris
1225 1829 1281 1877 et
1339 1823 1429 1878 sui
1491 1823 1882 1895 cognitionem
1942 1840 1961 1893 ι

2299 1823 2380 1892 ρεῖ
2432 1813 2642 1890 μηδένα
2688 1821 2796 1870 τῶν
2847 1816 3046 1870 ἀνωθεν
3095 1814 3542 1889 εύηρεστηκότων
3596 1822 3711 1887 Θεῷ
3751 1815 3858 1890 δίχα

479 1912 718 1966 ctiorem
753 1911 1292 1984 absolutioremque
1323 1913 1440 1968 illis
1492 1914 1747 1969 adauxit.
1783 1913 1883 1967 Est
1913 1911 2039 1984 qui;

2297 1915 2340 1976 ἧς
2391 1907 2469 1968 εἰς
2521 1909 2754 1981 Χριστὸν
2805 1905 3037 1969 πίστεως
3085 1907 3146 1961 τὸ
3189 1911 3286 1961 τοῦ
3343 1909 3468 1980 βίου
3527 1908 3694 1982 πὲρας
3737 1908 3857 1976 κλη-

475 2005 643 2056 vetus
675 2001 969 2058 oraculare
1016 2003 1274 2070 verbum,
1309 2003 1602 2059 neminem
1661 2019 1857 2059 eorum
1891 2003 1990 2074 qui
2031 2021 2035 2054 ι

2293 1997 2560 2050 ὒσασθαιο
2621 1995 2672 2051 εἷ’
2743 2017 2802 2070 γε
2874 2000 3036 2050 τοῦτο
3106 1995 3588 2072 τεκμηριώσασθαι
3665 1995 3853 2070 ἔξεστιν,

470 2091 718 2160 tiquitus
777 2091 890 2146 Deo
937 2091 1300 2161 placuerunt.
1351 2092 1475 2147 sine
1532 2092 1645 2148 fide
1710 2094 1769 2147 in
1830 2091 2024 2146 Christ

2293 2089 2328 2138 ’σ
2375 2083 2668 2159 διαφόρους
2719 2083 3010 2156 πληθύνων
3061 2085 3296 2160 ὁράσεις,
3337 2086 3475 2160 πρὸς
3526 2087 3660 2159 ὅπερ
3705 2085 3853 2164 φέρειν

471 2179 646 2234 ﬁnem
699 2181 824 2234 vita:
877 2193 1252 2236 consecutum
1291 2197 1440 2237 esse.
1495 2182 1795 2252 Siquidem
1839 2197 1942 2252 per
1995 2196 2024 2236 ο

2291 2195 2462 2235 ιαστος
2544 2175 2660 2234 οἷός
2713 2193 2770 2226 τε
2841 2174 2928 2242 ἦν,
2987 2173 3077 2227 καὶ
3153 2171 3204 2226 ἐν
3270 2175 3559 2248 ἀνθρώπου
3637 2177 3851 2250 σχήματι

468 2267 754 2337 jecturam
785 2268 842 2324 id
866 2268 1136 2340 colligere
1163 2269 1322 2338 licet,
1372 2286 1440 2324 ex
1491 2270 1866 2326 multifariam
1897 2270 2028 2325 visic

2293 2265 2416 2342 φθαι
2465 2267 2544 2334 τῷ
2596 2283 2652 2316 τε
2703 2258 2954 2337 Ἀϐραὰμ.
3003 2260 3276 2340 διαρὸρως
3332 2263 3422 2316 καὶ
3479 2269 3598 2326 τοῖς
3654 2263 3702 2334 ἐξ
3749 2263 3853 2316 ὲκεί-

469 2359 580 2413 bus
612 2375 784 2428 quam
820 2359 965 2415 alias
996 2360 1124 2414 aliis
1149 2361 1566 2428 accumulavit,
1603 2379 1704 2433 pro
1727 2377 1792 2416 eo
1824 2367 1999 2432 atque

2287 2374 2332 2407 iu
2383 2350 2710 2412 πιστεύεται,
2755 2352 2844 2405 καὶ
2904 2353 3039 2404 ποτε
3101 2352 3195 2424 μὶν
3243 2349 3314 2405 δι’
3371 2353 3586 2420 ἑαυτοῦ,
3639 2353 3759 2406 ποτε
3805 2349 3847 2404 δὲ

468 2448 717 2518 quisque
749 2447 897 2503 ferre
929 2449 1132 2520 potuit.
1187 2451 1374 2520 Atque
1425 2449 1702 2521 equidem
1756 2451 1812 2504 in
1871 2450 2028 2504 humi

2298 2443 2330 2494 ἆ
2357 2444 2463 2496 τῶν
2518 2438 2856 2516 λειτολργῶν
2899 2439 3062 2494 αὐτοῦ
3111 2440 3351 2514 ἀγγέλων
3405 2443 3760 2515 χρηματίζων
3800 2441 3849 2494 τὶ

473 2539 664 2604 specie
711 2537 824 2607 ipsi
871 2536 1110 2591 Abrabe
1162 2537 1542 2610 frequentius,
1590 2539 2016 2608 progenitisque

2289 2531 2536 2585 >είττονα.
2585 2534 2672 2590 Ὡς
2723 2525 2906 2602 ῥᾴδιον
2951 2529 3080 2584 εἶναι
3135 2529 3296 2584 παντί
3343 2551 3424 2601 τῳ
3461 2531 3550 2584 καὶ
3597 2536 3751 2586 τοῦτο
3791 2528 3849 2584 ἒν-

471 2639 537 2678 eo
571 2624 913 2694 apparuisse
963 2626 1238 2693 creditur,
1272 2629 1619 2698 quandoque
1665 2644 1764 2698 per
1796 2645 1858 2682 se
1907 2627 2031 2699 ipsu

2287 2622 2414 2674 ιῢθεν
2465 2619 2854 2672 πιστώσασθαι.
2897 2619 3000 2673 Τὸν
3055 2617 3149 2690 μὲν
3207 2619 3308 2692 γὰρ
3357 2615 3598 2694 ἄγγελον
3669 2619 3727 2674 ού
3771 2617 3847 2673 Κύ-

467 2718 816 2788 quandoque
847 2733 946 2786 per
977 2718 1356 2773 administros
1389 2735 1520 2774 suos
1582 2719 1841 2789 angelos,
1873 2733 2027 2772 oracl

2287 2729 2376 2778 ον,
2421 2705 2544 2762 οὐδὲ
2607 2709 2715 2778 μὴν
2777 2709 2904 2762 Θεὸν
2961 2706 3385 2782 προσαγορεύειν
3442 2706 3562 2770 ἔθος
3617 2709 3722 2764 ἐστὶ
3771 2715 3847 2776 τῆς

474 2822 573 2862 eos
603 2807 954 2874 admonens,
988 2813 1045 2861 et
1077 2808 1290 2862 docens
1321 2809 1391 2862 de
1433 2808 1608 2863 rebus
1666 2806 1924 2879 optimis.
1961 2807 2034 2870 Qu

2287 2805 2456 2873 ραφῆς
2491 2815 2505 2829 ⁶
2539 2795 2666 2852 ἀλλ’
2715 2795 2906 2860 ἁπλῶς
2931 2796 3101 2857 οὕτως
3153 2795 3381 2870 ἄγγελον
3425 2797 3578 2872 ψιλῷ
3609 2799 3757 2852 καλεῖ

471 2897 704 2966 quidem
735 2897 918 2952 cuivis
951 2896 1038 2950 vel
1073 2896 1206 2952 inde
1238 2895 1402 2950 facile
1435 2903 1520 2952 est
1551 2897 1886 2951 existimare
1918 2901 1974 2950 et
2003 2913 2031 2952 c

2282 2887 2466 2960 θόματι
2500 2906 2512 2920 ⁸
2568 2887 2771 2940 ἐκεῖνον
2815 2883 2863 2940 δ’
2912 2886 2992 2940 ἀεὶ
3043 2891 3261 2960 σεμνοῖς
3307 2887 3396 2941 καὶ
3448 2883 3842 2962 ὑπερϐεϐηκότα

469 2985 620 3038 dere.
655 2985 936 3056 Angelum
985 2985 1138 3040 enim
1198 2985 1528 3054 Dominum,
1579 2985 1668 3040 vel
1715 2985 1891 3040 etiam
1943 2985 2021 3040 De

2285 2977 2431 3054 ξαίρει
2489 2977 2741 3050 ὀνόμασι,
2807 2975 2896 3030 καὶ
2969 2976 3096 3030 Θεὸν
3153 2975 3242 3030 καὶ
3319 2975 3520 3050 Κύριον
3601 2975 3845 3050 ἀριδήλως

470 3074 786 3144 appellare,
831 3074 1190 3128 consuetudo
1240 3075 1549 3145 Scriptura:
1593 3091 1702 3129 non
1752 3079 1840 3130 est
1870 3092 1883 3130 :
1912 3074 2015 3130 sed

2285 3066 2704 3138 ιτονομᾶκουσα.
2741 3069 2828 3126 Ὡς
2865 3065 2958 3136 μὲν
3002 3063 3093 3118 οὖν
3144 3065 3478 3138 προαιώνιος
3509 3067 3538 3120 ὁ
3571 3068 3688 3120 καθ’
3729 3067 3845 3138 ἡμᾶς

469 3162 829 3232 simpliciter,
861 3164 1015 3217 nudo
1047 3163 1266 3219 scilicet
1299 3164 1550 3232 nomine,
1583 3163 1856 3235 angelum
1891 3180 1903 3217 :
1955 3163 2029 3217 IIIl

2287 3157 2435 3232 ὀγος,
2467 3153 2558 3208 καὶ
2602 3159 2708 3208 τῶν
2743 3153 2955 3208 αἰώνων
3003 3155 3220 3208 πάντων
3247 3155 3336 3207 καὶ
3381 3155 3602 3229 χρόνων
3648 3155 3840 3230 ἀρχαιό-

468 3213 615 3306 veror
634 3213 865 3322 semper
895 3251 1220 3323 insignibus
1261 3259 1316 3306 et
1344 3213 1761 3308 excellentibus
1802 3251 2024 3308 extollit

2333 3213 2342 3232 Ι
2404 3213 2434 3224 ’⁷
3383 3213 3435 3229 (bl
3683 3213 3750 3230 I’b

2275 3265 2411 3318 ερος,
2473 3243 2562 3298 καὶ
2620 3244 2694 3304 ὡς
2749 3243 2858 3297 τισὶ
2929 3247 3039 3296 τῶν
3113 3241 3454 3317 παλαιτέρων
3533 3241 3835 3316 μ’)στικιίιτε·

468 3339 726 3396 celebrat
757 3341 1112 3406 nominibus,
1146 3340 1448 3412 Deumque
1469 3345 1526 3396 et
1559 3341 1873 3396 Dominum
1925 3357 2028 3412 ape

2269 3357 2322 3390 ον
2383 3331 2564 3410 ὤφθη,
2634 3333 2677 3386 εἰ
2747 3331 2836 3386 καὶ
2915 3333 2990 3404 μή
3073 3330 3365 3404 σύμπασιν,
3423 3332 3702 3410 αὐτάρκως
3771 3330 3829 3384 εί-

469 3435 526 3485 et
557 3430 708 3486 clare
739 3435 926 3486 vocat.
961 3431 1158 3502 Itaque
1187 3430 1464 3502 Verbum,
1523 3433 1674 3502 quod
1741 3433 1992 3488 colimus
2021 3437 2029 3498 l

887 3435 926 3485 t.
961 3431 1158 3502 Itaque
1187 3430 1464 3502 Verbum,
1523 3433 1674 3502 quod
1741 3433 1992 3488 colimus
2021 3432 2120 3505 (1),
2237 3426 2447 3502 pristim.

468 3524 770 3588 aeternum,
821 3525 878 3576 et
918 3523 1146 3576 saeculis
1199 3521 1675 3594 temporibusque
1727 3521 2012 3578 universis

2356 3537 2358 3566 i
2408 3513 2609 3580 fuisse,
2658 3522 2710 3568 et
2757 3511 3047 3568 veteribus
3084 3513 3246 3581 olim,
3278 3514 3386 3568 etsi
3419 3531 3532 3570 non
3569 3514 3826 3576 omnibus,
3913 3524 3916 3590 ς

469 3612 820 3681 quibusdam
855 3616 1070 3678 tamen,
1103 3611 1160 3668 in
1191 3612 1468 3685 mysterio
1525 3614 1896 3684 apparuisse,
1933 3612 2133 3684 paucis
2164 3609 2324 3664 hisce
2357 3603 2574 3658 dictum
2609 3617 2733 3658 esse
2766 3605 2912 3657 satis
2943 3603 3038 3658 sit.
3905 3599 3915 3685 ll

1109 3741 1340 3798 CAPUT
1381 3742 1478 3798 III.

2863 3734 3121 3787 ΚΕΦΔΛ.
3165 3731 3237 3788 Γ’.

471 3847 644 3911 Quum
675 3847 738 3902 ob
777 3863 997 3902 causam
1029 3863 1136 3902 non
1164 3849 1298 3904 olim
1352 3848 1602 3904 Salvator
1641 3851 1908 3914 Christus,
1941 3849 2030 3904 sed

2261 3842 2315 3895 ,ι’
2353 3841 2430 3908 ἣν
2471 3837 2812 3914 αἰτίαν.μὴ
2850 3837 3096 3914 ῥίνωιθεν
3141 3839 3167 3892 ὁ
3203 3840 3486 3914 Χριστὸς
3531 3839 3821 3914 ἐνηνθρῖώ-

541 3925 812 3988 postrema
839 3925 1144 3990 temporum
1172 3925 1353 3984 asta-1e,
1387 3921 1664 3976 hominem
1711 3907 2068 3991 assumpserit
2097 3961 2101 3974 .

2297 3907 2522 3991 πη-σεν,
2565 3907 2808 3991 ᾁλλ”ἐν
2844 3909 3094 3991 ὑκατέρῳ
3135 3907 3271 3991 τῶν
3299 3911 3564 3991 χρόνω)
3603 3907 3817 3991 καςιριξν

541 3978 678 4046 etde
695 3978 1032 4062 perpetuo'et
1059 3978 1386 4064 sempiterno
1413 3993 1530 4063 eius
1561 4009 1747 4061 regno.
1893 3978 1906 3991 ’
2298 3978 2404 4072 καὶ
2445 3983 2594 4067 περὶ
2625 3987 2743 4050 τῆς
2783 3978 3015 4036 ἀϊδίου
3048 3978 3154 4036 καὶ
3188 3978 3466 4037 αἰωνίου
3509 3978 3820 4058 βασιλὲίας
3883 3987 3886 4028 έ

2302 4073 2528 4108 αυτου.

547 4172 778 4227 Minime
807 4188 940 4228 vero
967 4171 1166 4228 mirari
1209 4177 1452 4243 oportet,
1497 4189 1612 4228 non
1645 4173 1866 4230 dudum
1925 4179 2107 4241 anteal

2297 4179 2530 4230 Ἥκιστα
2576 4171 2632 4228 δὲ
2689 4175 2984 4248 θαυμάζειν
3035 4176 3170 4252 χρὴ,
3219 4177 3302 4231 ὅτι
3365 4178 3442 4250 μὴ
3505 4175 3681 4250 ὥσπερ
3731 4177 3819 4238 νῦν,

477 4261 554 4315 ita
587 4269 646 4315 ut
679 4277 858 4326 nunc,
884 4262 1160 4316 omnibus
1191 4263 1530 4318 hominibus
1560 4269 1615 4318 et
1643 4263 1914 4334 gentibus
1955 4265 2032 4320 Ch

2257 4263 2534 4320 κπολλοῦ
2583 4267 2888 4340 ἀνθρώποις
2937 4271 3066 4320 πᾶσι
3114 4268 3198 4320 καί
3246 4263 3448 4322 ἔθνεσιν
3497 4267 3817 4342 ἐγνώρίζετο·

475 4356 634 4404 stum
679 4349 1026 4406 innotuisse.
1059 4349 1334 4406 Doctrina
1393 4353 1547 4407 enim
1597 4351 1808 4408 Christi
1857 4355 2035 4408 omnii

2259 4386 2262 4423 ι
2321 4355 2425 4431 γὰρ
2483 4355 2660 4422 πάσης
2715 4351 2992 4430 ἀκριϐείας
3049 4357 3138 4410 καὶ
3193 4354 3543 4426 τελειότητος
3589 4359 3819 4428 παντοίης

476 4439 1052 4493 consummatissima
1109 4443 1284 4509 atque
1341 4439 1784 4510 perfectissima,
1843 4441 2036 4514 omniq

2261 4445 2322 4498 αὶ
2369 4445 2659 4516 πανάρετος
2709 4449 2806 4498 τοῦ
2855 4449 3092 4518 Χριστοῦ
3144 4442 3466 4500 διδασκαλία
3514 4447 3622 4521 οὐχ
3668 4443 3746 4500 οἵα
3783 4459 3821 4493 τε

479 4527 772 4596 sapientiae
833 4537 886 4581 et
945 4527 1178 4582 virtutis
1235 4545 1447 4598 genere
1501 4529 1956 4596 absolutissima,
2005 4547 2039 4586 n

2259 4533 2297 4603 iv
2347 4539 2424 4604 τῷ
2470 4533 2640 4589 πάλαι
2687 4539 2796 4588 τῶν
2846 4534 3148 4608 ἀνθρώπων
3199 4535 3327 4609 βίῳ,
3379 4535 3466 4590 καὶ
3517 4535 3736 4608 μάλιστά
3775 4550 3819 4604 γε

479 4617 581 4670 46
615 4621 772 4687 apta,
795 4619 1122 4685 opportuna
1143 4623 1198 4670 et
1228 4633 1554 4688 congruens
1595 4619 1833 4674 omnino
1865 4627 2039 4675 veteri

2255 4625 2582 4699 προσήκουσα
2617 4644 2628 4656 ’
2680 4625 2770 4677 καὶ
2819 4626 2921 4698 γὰρ
2971 4623 3030 4680 ἐκ
3075 4625 3384 4698 προοιμίων
3443 4625 3620 4695 εὐθύς,
3673 4625 3696 4678 ὁ
3743 4623 3815 4684 τὴν

475 4705 780 4760 hominum
813 4705 938 4760 vitae
993 4711 1048 4759 et
1097 4706 1354 4760 moribus
1396 4707 1524 4761 fuit.
1579 4707 2035 4778 Quandoquideu

2257 4715 2419 4788 ιγήρω
2467 4713 2554 4767 καί
2609 4713 2870 4786 μακαρίαν
2905 4716 3052 4784 ζωὴν
3099 4714 3364 4793 εἰληφὼς,
3412 4717 3441 4769 ὁ
3491 4721 3698 4790 πρῶτος
3741 4709 3817 4776 δη-

475 4795 676 4865 primis
717 4794 916 4850 statim
951 4793 1156 4861 initiis,
1189 4795 1288 4863 qui
1322 4796 1818 4866 incorruptibilem
1861 4799 2035 4870 seniiq

2259 4799 2372 4871 ,αδὴ
2407 4801 2708 4875 ἄνθρωπος,
2739 4803 2828 4856 καὶ
2869 4809 2966 4856 τοῦ
3015 4803 3199 4878 γὲνους
3229 4807 3388 4878 ἡμῶν
3435 4804 3696 4884 ἀρχηγὸς,
3725 4799 3819 4854 ἐλά·

475 4893 764 4953 expcrtem
797 4887 854 4936 et
879 4884 1104 4938 beatam
1136 4883 1312 4936 vitam
1372 4895 1688 4954 acceperat,
1721 4889 1944 4957 primus
1979 4889 2035 4942 vi:

2311 4911 2396 4944 πα
2445 4898 2544 4960 τῆς
2605 4889 2902 4963 δεδομένης
2959 4890 3188 4962 ἐντολῆς
3247 4891 3553 4968 φροντίσας,
3601 4891 3702 4946 ἀντὶ
3748 4891 3820 4952 τῆς
3863 4899 3871 4916 ¹

471 4971 832 5038 liccthumo,
892 4977 950 5026 et
1013 4971 1240 5042 generis
1299 4975 1482 5027 nostri
1542 4980 1762 5042 auctor,
1809 4977 2031 5032 minimi

2257 4979 2495 5034 ιθανάτου
2545 4981 2645 5046 τὴν
2695 4978 2956 5054 ἐπίκηρον
3007 4979 3284 5051 ἠλλάξατο
3337 4982 3548 5056 βιοτήν.
3579 4981 3670 5036 Καί
3711 4975 3817 5052 750‘-

472 5062 588 5116 dati
627 5061 892 5132 praecepti
926 5076 1169 5121 memor,
1215 5061 1598 5116 immortalem
1651 5064 1802 5118 fatali
1860 5081 2032 5120 comn

2330 5067 2536 5122 ἐκείνου
2583 5067 2726 5122 πολὺ
2775 5069 2996 5142 χείρους
3045 5070 3352 5142 γενόμενοι,
3403 5070 3548 5140 πλὴν
3595 5067 3700 5128 ἑνός
3743 5083 3817 5118 που
3863 5113 3867 5120 .

473 5151 617 5206 tavit
673 5147 806 5204 vita.
836 5150 943 5213 Qui
1003 5167 1140 5204 vero
1189 5167 1255 5204 ex
1315 5167 1380 5205 eo
1431 5155 1570 5206 sunt
1599 5153 1912 5222 progeniti,
1955 5153 2033 5209 lor

2255 5158 2318 5210 Lai
2365 5154 2486 5225 δύο,
2544 5156 2726 5230 ἄγριόν
2783 5177 2902 5211 τινα
2957 5158 3048 5212 καὶ
3107 5155 3355 5233 θηριώδη
3425 5156 3618 5233 σχεδὸν
3669 5155 3815 5208 πάντες

472 5239 806 5306 deteriores,
869 5253 984 5293 uno
1033 5243 1208 5308 atque
1267 5239 1444 5294 altero
1505 5245 1764 5310 excepto,
1834 5249 2032 5314 agresti

2259 5245 2572 5320 πανῄρηντο
2628 5247 2768 5320 βίον.
2821 5245 3025 5321 οἷ’στρῳ
3069 5251 3178 5300 τῶν
3238 5243 3390 5300 ἰδίων
3437 5245 3654 5321 ὀρέξεων
3703 5241 3815 5316 inter

475 5329 812 5400 quamdam.
849 5327 1028 5382 feram
1061 5331 1118 5382 et
1141 5343 1319 5399 prope
1351 5327 1672 5384 belluinam
1696 5345 1922 5397 omnes,
1953 5350 2035 5404 ap}

2251 5333 2472 5406 δόμεναι.
2525 5334 2600 5388 Οὐ
2657 5333 2838 5390 τοίνυν
2889 5333 3080 5397 πόλεις
3139 5333 3336 5406 ᾤκουν,
3386 5337 3451 5390 οὗ
3499 5335 3708 5408 τέχνην,
3747 5325 3811 5380 0'31

469 5417 745 5474 titionum
805 5431 1050 5470 suarum
1107 5415 1326 5486 impetu
1385 5417 1564 5484 ducti,
1623 5425 1866 5488 egerunt
1925 5420 2029 5474 vita

2251 5425 2536 5496 ,πιστήμας
2591 5423 2857 5497 μετῄεσαν
2893 5443 2904 5456 ·
2955 5423 3170 5480 πολλὸῦ
3219 5445 3280 5499 γε
3327 5425 3436 5498 μὴν
3485 5423 3696 5482 ἐκείνοις
3739 5413 3811 5470 ἔδεε

471 5506 596 5562 Non
627 5505 826 5576 itaque
855 5503 937 5558 illi
981 5505 1157 5560 urbes
1219 5505 1534 5576 incoluere,
1593 5523 1706 5561 non
1753 5507 1974 5563 artibus
2025 5529 2031 5562 ι

2249 5512 2412 5586 νόμων
2467 5533 2524 5568 τε
2581 5515 2670 5568 καὶ
2729 5515 2888 5569 θείων
2949 5511 3356 5588 δικαιωμάτων.
3414 5516 3610 5590 ’Δρετή
3661 5530 3709 5564 τε
3751 5501 3809 5558 κεῖ

544 5623 566 5658 ³
599 5626 710 5678 Isa.
742 5637 864 5688 Lm,
892 5621 948 5675 8.
1019 5619 1040 5654 ³
1073 5621 1214 5676 Gen.
1259 5638 1298 5692 ι,
1329 5623 1420 5677 26.

543 5741 624 5812 (1)
655 5737 770 5792 Ηοο
801 5737 1083 5808 exquisite
1107 5745 1162 5794 et
1191 5739 1512 5796 luculenter
1541 5741 1598 5797 in
1633 5743 1942 5814 Tryphanes
1971 5760 2076 5800 suo
2107 5749 2315 5804 tractat
2341 5747 2399 5803 Β.
2441 5749 2726 5808 Justinus.
