4100 6218
229 425 345 486 625
1251 427 1869 493 ECCLESIASTICIE
1911 428 2311 492 HISTORIA“.
2355 427 2504 486 LIB.
2551 426 2599 486 Ι.
3508 423 3626 482 626

229 557 520 634 φιλοσοφία
551 560 676 631 παρ’
709 559 892 633 αὐτρῖς
947 557 1072 616 ούδί
1107 561 1306 636 μέχρις
1343 563 1610 634 ὀνόματος
1643 561 1858 639 ἐγνωρί-

1981 563 2262 622 doctrinis
2338 558 2706 631 scientiisque
2779 559 3008 628 ingenia
3093 557 3412 624 excoluere,
3461 555 3630 626 longe

231 654 363 716 ζετο.
397 645 653 720 Νομάδες
683 646 740 703 δέ
783 669 924 709 τινες
967 650 1054 704 ἔπ’
1105 650 1338 724 έρημίας
1391 648 1606 726 διῆγον,
1654 655 1721 708 τα
1772 655 1866 727 μὲν

227 736 549 809 ένσπαρέντα
604 740 671 809 τῇ
740 737 892 815 φῦσει
952 735 1154 813 λογικᾶ
1211 738 1492 813 σπέρματα
1559 739 1870 815 διαφθείον-

228 846 330 891 τες,
389 825 578 880 κακίαν
641 823 697 880 δὲ
773 832 944 881 πᾶσαν
1001 826 1052 897 ἐξ
1117 827 1575 904 αὐτοπροαιρέτου
1643 805 1871 906 γνώμης

228 916 710 988 ἀναπλαττόμενοι,
783 919 1025 988 σύμπαν,
1084 916 1214 990 ὅπερ
1289 919 1569 992 χείριστον
1656 922 1866 989 αὐτοῖς,

228 1003 388 1065 ἀδεῶς
449 1000 838 1075 διεπράττοντο
883 1027 895 1038 ·
956 1006 1029 1067 ὡς
1085 1007 1217 1060 ποτε
1278 1008 1372 1080 μὲν
1420 1011 1644 1085 φθοραῖς
1691 1011 1867 1065 τεκαὶ

228 1094 402 1171 φόνοις
430 1099 549 1155 τοῖς
580 1095 696 1148 κατ’
745 1092 1014 1165 ἀλλήλων
1067 1093 1402 1167 ὁπλίζεσθαι,
1431 1099 1520 1153 ὁτὲ
1553 1098 1608 1153 δὲ
1665 1102 1869 1172 θεομα-

229 1187 338 1255 χεῖν
373 1182 668 1257 αἱρεῖσθαι,
699 1184 785 1237 καὶ
818 1181 1030 1256 τολμᾷν
1080 1183 1429 1260 ἐπιτειχίζειν
1480 1195 1582 1261 γῆν
1632 1187 1866 1264 οὐρανῷ,

226 1269 454 1342 κάκείνῳ
501 1272 896 1344 προσαράσσειν
939 1274 1039 1342 τὴν
1088 1273 1332 1350 κεφαλήν
1370 1295 1382 1307 ο
1434 1277 1525 1330 καὶ
1574 1275 1666 1331 ἐπὶ
1706 1277 1867 1334 τόσον

227 1361 336 1414 κατ’
386 1361 565 1414 αὐτῶν
617 1359 841 1437 ἐγείρειν
889 1362 990 1430 τὴν
1021 1361 1254 1441 ξᾶμαχον
1303 1362 1530 1438 δῦναμιν
1577 1372 1864 1437 μετιοῦσαν

225 1449 281 1503 τὸ
325 1445 551 1511 αὕθαδές
599 1470 654 1503 τε
711 1449 800 1504 καὶ
851 1447 1111 1524 ἄκαρπον,
1145 1453 1282 1506 καθά
1328 1474 1442 1508 τινα
1492 1452 1629 1524 ὕλην
1681 1455 1864 1530 ἀγρίαν

225 1538 352 1592 κατά
391 1537 572 1607 πάσης
621 1539 930 1612 κεχυμένην
975 1546 1074 1608 τῆς
1123 1547 1228 1614 γῆς
1263 1559 1274 1570 ·
1329 1542 1404 1605 ὡς
1434 1544 1564 1597 ποτὶ
1608 1544 1702 1615 μὲν
1736 1545 1866 1600 Θεὸν

228 1622 553 1698 ὑπερϐολαῖς
611 1624 816 1682 ὑδάτων
883 1627 1108 1692 τούτους
1165 1630 1482 1701 ἀμύνεσθαι,
1551 1629 1754 1687 ἄλλοτε
1811 1631 1869 1687 δὲ

227 1714 387 1787 πυρὸς
431 1715 655 1789 ὀχετοῖς
700 1715 790 1768 καὶ
839 1720 1113 1789 κεραυνῶν
1161 1717 1456 1790 ἀνημέροις
1506 1719 1697 1792 βολαῖς
1733 1720 1869 1775 ’ἀνα-

229 1801 466 1858 στέλλειν
519 1805 807 1878 πειρᾶσθαι
856 1805 954 1873 τήν
1005 1803 1219 1860 ἐκείνων
1263 1814 1361 1875 τῆς
1410 1808 1597 1870 κακίας
1636 1808 1864 1882 ἄσχετον

1978 657 2149 712 etiam
2184 651 2463 725 alegibus
2496 651 2833 720 devinisque
2881 649 3138 704 cultibus
3170 653 3225 702 et
3252 646 3634 718 justiﬁcatio-

1979 742 2150 798 nibus
2183 741 2439 796 abfuere.
2474 737 2672 792 Virtus
2698 753 2864 807 porro
2928 741 2985 792 et
3037 735 3411 806 philosophia
3461 750 3533 789 ne
3564 735 3635 790 de

1979 829 2213 887 nomine
2242 829 2476 898 quidem
2509 826 2663 897 apud
2696 841 2794 880 eos
2827 833 2970 881 notae
2997 825 3151 879 fuere
3185 841 3198 877 :
3241 824 3340 879 sed
3393 823 3633 894 perinde

1977 923 2150 990 atque
2209 917 2447 988 quidam
2509 914 2811 980 nomades,
2869 912 3132 984 palantes
3182 911 3242 966 in
3294 911 3435 967 solis
3487 913 3631 967 locis

1976 1011 2185 1070 vixere,
2221 1014 2278 1062 et
2310 1007 2488 1061 insita
2517 1005 2626 1060 sibi
2659 1021 2692 1059 a
2727 1009 2932 1059 natura
2963 1003 3208 1058 rationis
3239 1003 3465 1057 semina
3495 1019 3631 1057 cor-

1977 1102 2336 1170 rumpentes,
2363 1111 2429 1150 ac
2460 1094 2831 1149 vitiositatem
2864 1091 3267 1162 malitiamque
3298 1107 3526 1145 omnem
3562 1107 3630 1145 ex

1975 1187 2139 1244 liberi
2177 1184 2396 1242 arbitrii
2437 1183 2722 1239 sententia
2754 1183 3125 1252 refingentes,
3159 1179 3441 1251 quidquid
3474 1184 3632 1234 esset

1977 1278 2321 1349 pessimum,
2351 1273 2563 1329 timore
2594 1271 2858 1342 deposito
2891 1285 3158 1341 peregere
3192 1285 3204 1322 :
3246 1284 3436 1338 usque
3468 1269 3630 1333 adeo,

1977 1370 2037 1420 ut
2073 1362 2421 1436 quandoque
2468 1360 2704 1431 quidem
2736 1357 2812 1413 ad
2845 1361 3081 1412 mutuas
3121 1356 3303 1411 cades
3351 1358 3405 1409 et
3436 1355 3628 1410 homi-

1976 1453 2126 1509 cidia
2157 1453 2306 1507 inter
2335 1466 2394 1505 se
2425 1449 2628 1505 armati
2679 1455 3112 1518 consurgerent,
3145 1444 3457 1515 aliquando
3497 1461 3629 1498 vero

1979 1545 2090 1598 Deo
2142 1541 2358 1597 bellum
2411 1539 2621 1594 inferre
2671 1539 3014 1608 inciperent,
3076 1552 3367 1608 superque
3414 1541 3627 1590 terram

1978 1631 2337 1688 munitiones
2368 1634 2424 1684 et
2475 1644 2673 1683 muros
2722 1631 3058 1681 construere
3114 1625 3389 1681 adversus
3420 1623 3626 1678 ccelum

1975 1726 2032 1777 et
2051 1727 2228 1792 caput
2258 1720 2328 1774 ad
2383 1718 2438 1773 id
2472 1717 2718 1782 illidere,
2751 1732 2816 1770 ac
2867 1715 2927 1768 in
2983 1717 3206 1768 tantum
3259 1713 3506 1783 denique
3544 1713 3630 1766 in-

1975 1807 2422 1882 expugnabilem
2456 1808 2570 1861 vim
2625 1809 2681 1858 et
2737 1803 3052 1875 potentiam
3111 1802 3169 1855 in
3205 1817 3267 1856 se
3320 1815 3628 1871 provocare

231 1890 420 1964 ῥύμην,
480 1893 674 1964 λιμοῖς
716 1913 772 1947 τε
839 1894 980 1964 ὁμοῦ
1032 1893 1122 1948 καὶ
1175 1893 1417 1968 λοιμοῖς,
1452 1894 1617 1951 έίδεσί
1658 1918 1715 1952 τε
1745 1895 1858 1952 δια-

282 1979 291 1996 .
526 1978 586 1996 ς,
854 1983 867 1996 ι
1001 1983 1014 1996 .
1145 1988 1168 1996 ..
1368 1989 1393 1996 ..
1495 1985 1509 1996 .
1567 1985 1604 1996 ..
1826 1988 1835 1996 .

1981 1904 2150 1970 atque
2181 1897 2429 1952 excitare
2459 1895 2758 1960 auderent,
2795 1896 2857 1946 ut
2903 1892 2973 1946 ad
3005 1891 3380 1946 coercendam
3425 1904 3627 1944 eorum

232 1979 400 2058 φόρων
448 1978 738 2054 πολέμων,
773 1983 906 2056 πρὸς
956 1983 1054 2050 τήν
1102 1988 1208 2038 τῶν
1257 1989 1435 2039 κακῶν
1485 1985 1753 2061 ἀνάλογον
1782 1988 1872 2041 κί-

230 2091 373 2139 νησιν
424 2071 744 2145 χρώμενον,
803 2071 891 2124 καὶ
943 2072 1018 2132 ὡς
1077 2074 1194 2127 οἷον
1271 2073 1465 2143 αἰπεῖν,
1522 2076 1622 2142 τήν
1697 2075 1868 2139 οὕτως

231 2159 439 2227 ἀπηνῶς
485 2160 888 2232 ἐπινεμομένην
937 2166 1042 2214 τῶν
1097 2165 1288 2236 ψυχῶν
1339 2165 1513 2232 νόσον,
1546 2165 1634 2218 καὶ
1680 2162 1868 2227 δεινῶς

229 2245 509 2322 ἓρπουσαν,
579 2246 1034 2323 δραστικωτέροις
1109 2249 1500 2325 κολαστηρίοις
1584 2251 1867 2308 ἀνακαθαί-

233 2355 397 2411 ροντα.

1981 1988 2156 2044 simul
2190 1993 2246 2043 et
2278 1986 2638 2058 praefractam
2670 1981 3079 2046 temeritatem,
3112 1989 3164 2035 et
3195 1980 3368 2034 inane
3399 1979 3628 2033 inutile-

1980 2095 2092 2151 que
2124 2083 2401 2150 emptum,
2436 2082 2700 2144 tanquam
2736 2071 3117 2144 perniciosam
3153 2070 3413 2127 nocentis
3435 2069 3628 2124 herbae

1979 2167 2197 2240 sylvam
2230 2183 2332 2238 per
2359 2165 2692 2221 universam
2725 2167 2938 2216 terram
2987 2160 3253 2225 effusam,
3288 2159 3440 2213 Deus
3472 2174 3629 2214 nunc

1978 2255 2282 2312 immensis
2324 2269 2609 2324 aquarum
2661 2250 2893 2306 diluviis
2941 2249 3254 2316 vindicare,
3289 2263 3444 2302 nunc
3493 2247 3627 2301 hor-

1977 2345 2173 2402 rendis
2231 2344 2384 2415 ignis
2441 2342 2728 2397 imbribus
2787 2353 3172 2410 compescere,
3215 2341 3272 2392 et
3311 2337 3625 2392 violentum

229 2429 603 2500 malignitatis
631 2447 829 2486 eorum
867 2432 1150 2502 impetum
1187 2433 1493 2503 reprimere
1525 2435 1934 2506 aggrederetur
1967 2451 1979 2489 :
2023 2441 2077 2490 et
2110 2440 2384 2507 praeterea
2414 2433 2567 2488 fame
2613 2429 2784 2486 simul
2817 2433 2874 2484 et
2922 2431 3106 2499 peste,
3139 2431 3195 2482 et
3224 2425 3398 2481 variis
3429 2424 3618 2480 bello—

231 2536 348 2574 rum
379 2521 694 2592 generibus
726 2523 795 2576 ad
829 2522 1194 2578 indecentem
1227 2528 1281 2578 et
1316 2524 1705 2593 importunam
1741 2526 2023 2580 malorum
2059 2524 2417 2580 molitionem
2449 2521 2764 2576 tollendam
2797 2523 3053 2574 uteretur
3087 2534 3099 2570 :
3133 2520 3470 2587 tantamque
3499 2515 3620 2569 ani-

230 2625 440 2664 morum
473 2612 561 2679 (ut
593 2610 674 2665 ita
704 2611 917 2682 dicam)
950 2611 1104 2668 luem
1138 2613 1374 2682 impune
1407 2613 1598 2668 omnia
1631 2614 2063 2686 depascentem,
2093 2613 2454 2686 graviterque
2480 2610 2945 2673 invalescenlem,
2969 2605 3390 2663 efﬁcacioribus
3424 2621 3620 2676 repur-

229 2704 378 2768 garet
409 2701 682 2755 remediis
713 2705 770 2755 et
802 2701 1006 2771 poenis.

291 2787 555 2858 Ὀπηνίκα
585 2788 765 2844 τοίνυν
797 2791 826 2844 ’ὀ
857 2795 1117 2852 τοσοῦτος
1150 2797 1250 2861 τῆς
1295 2792 1486 2850 κακίας
1531 2793 1696 2865 κάρος
1727 2791 1865 2846 κατᾶ

229 2877 425 2931 πάντων
476 2875 679 2956 σχεδὸν
727 2877 978 2954 ἐπεχεῖτο
1036 2881 1130 2934 οἷα
1190 2901 1272 2941 τις
1334 2879 1469 2951 μέθη
1540 2877 1711 2949 δεινή,
1769 2883 1863 2942 τὰς

235 2971 366 3042 σφῶν
424 2967 792 3023 ἐπισκοτοῦσα
848 2972 1054 3045 ψυχὰς,
1113 2970 1274 3032 αὐτὸς
1335 2972 1361 3024 ὁ
1410 2971 1716 3046 πανάγαθος
1766 2975 1862 3026 τοῦ

232 3061 353 3110 Θεοῦ
391 3058 576 3132 Aci-{0;
624 3053 952 3130 ὑπερϐολαῖς
999 3066 1100 3128 τῆς
1138 3059 1334 3122 οἰκείας
1367 3062 1672 3132 ἡττημένος
1705 3080 1860 3138 χρη-

234 3145 497 3217 στότητος,
527 3151 612 3217 τῷ
667 3168 724 3201 τε
776 3153 986 3225 φυσικῷ
1031 3145 1210 3221 νόμῳ,
1266 3145 1467 3204 ἄλλοτε
1518 3147 1566 3203 δ’
1612 3149 1862 3226 ἀγγέλων

234 3231 578 3303 ἐπιστασίαις,
613 3236 701 3290 ὁτὲ
760 3233 817 3290 δὲ
873 3236 963 3291 καὶ
1023 3235 1094 3291 δι’
1143 3237 1334 3292 ἑαυτοῦ
1387 3243 1674 3310 μυστικαῖς
1721 3260 1860 3294 τισιν

233 3322 548 3406 ἐπιφανείαις
580 3329 687 3378 τῶν
729 3323 902 3380 πάλαι
964 3321 1308 3400 περιϐοήτων
1369 3325 1421 3380 ἐν
1477 3326 1727 3406 θεοφιλίᾳ
1759 3329 1859 3381 ἀν-

233 3405 359 3482 δρῶν
417 3411 633 3486 ὀλίγοις
701 3433 804 3466 που
890 3412 1225 3491 ἐπεφαίνετο,
1281 3412 1571 3488 ἀνθρώπου
1643 3416 1857 3493 μορφὴν

231 3498 418 3552 ὑπιών·
450 3501 534 3554 ὅτι
593 3522 657 3574 γε
713 3503 841 3573 μητ’
891 3500 1080 3562 ἄλλως
1109 3503 1175 3570 ἦν
1225 3503 1351 3576 ὁρᾷν
1409 3503 1593 3567 αὐτοῖς
1623 3504 1854 3581 ἐφικτόν.

229 3590 306 3646 Ὦς
337 3584 380 3640 δ’
417 3588 730 3662 ἀρκούντως
790 3589 931 3644 οὕτω
991 3589 1081 3645 διὰ
1135 3596 1243 3645 τῶν
1306 3593 1462 3646 θείων
1503 3593 1719 3648 ἐκείνων
1767 3595 1854 3648 ἀν-

231 3669 358 3746 δρῶν
409 3678 472 3731 τὰ
539 3682 640 3742 τῆς
700 3674 1001 3739 θεοσεϐείας
1059 3679 1134 3741 είς
1202 3679 1449 3742 πολλοὺς
1521 3678 1853 3737 κατεϐάλετο

233 3767 498 3837 σπάρματα
532 3788 545 3802 ·
601 3763 748 3830 ἔθνος
796 3790 852 3823 τε
911 3765 1188 3841 θεοσεϐείᾳ
1243 3771 1610 3846 προσανέχον,
1642 3772 1700 3827 ἐκ
1754 3777 1854 3826 τοῦ

228 3855 348 3907 κατά
389 3856 562 3931 βραχὺ
619 3854 932 3928 ὁλόκληρον
994 3859 1194 3928 ὑπέστη
1247 3860 1334 3914 καὶ
1380 3861 1698 3934 ἐγνωρίζετο
1733 3884 1744 3895 ·
1779 3863 1853 3922 ὡς

232 3940 298 4002 εἰς
327 3942 469 4017 ῥίζαν
517 3944 780 4022 ἀναφέρον
826 3945 1068 4020 βλάστης
1116 3949 1208 4002 τὸν
1257 3943 1529 4022 Ἀϐραὰμ,
1561 3954 1720 4004 τοῦτο
1756 3953 1848 4023 μὲν

231 4030 404 4085 ὠσανεῖ
443 4038 559 4094 ταῖς
610 4034 781 4089 πάλαι
823 4040 912 4090 καὶ
961 4038 1068 4109 πρὸ
1118 4036 1354 4112 βραχέος
1408 4036 1638 4100 διαίταις
1672 4039 1855 4104 καλῶς

230 4117 663 4195 ἐντεθραμμένον,
716 4126 871 4196 νόμῳ
915 4124 995 4198 τῷ
1046 4124 1133 4180 διὰ
1180 4131 1420 4191 Μωσέως
1453 4130 1547 4184 οἷά
1592 4152 1698 4184 τινι
1728 4150 1854 4205 χει-

231 4216 448 4285 ραγωγῷ
495 4214 631 4286 πρὸς
687 4213 906 4285 μείζονα
954 4210 1256 4271 θεοσέϐειαν
1310 4216 1598 4293 ἐγχειρίζει
1653 4239 1663 4250 ·
1720 4220 1854 4292 σύμ-

233 4294 359 4354 ϐολα
405 4323 461 4356 τε
515 4303 603 4358 καὶ
655 4303 860 4367 εἰκόνας
912 4301 1200 4362 Σαϐϐάτου
1245 4310 1330 4363 καὶ
1385 4318 1711 4384 περιτομῆς,
1762 4313 1852 4366 καί

230 4409 361 4452 τινας
414 4392 593 4466 ἑτέρας
666 4393 968 4468 εἴσαγιυγᾶς
1040 4397 1324 4470 θειοτέρων
1401 4401 1692 4470 νοημάτων
1761 4402 1851 4454 καὶ

233 4480 593 4555 μυσταγωγίας
671 4480 1064 4556 παραδεικνύει,
1135 4484 1232 4540 οὐκ
1317 4486 1555 4561 ἐναργεῖς
1647 4489 1848 4561 μέντοι,

229 4561 341 4648 ἀλλ’
387 4566 628 4644 ἀμυδράς
676 4591 734 4623 τε
783 4571 871 4624 καὶ
930 4570 1175 4634 σκιώδεις
1225 4575 1312 4628 καὶ
1365 4575 1560 4635 ταύτας
1621 4575 1850 4648 παραδι-

231 4646 361 4714 δούς.
405 4660 488 4718 Ὡς
540 4655 587 4712 δ’
638 4656 877 4713 ἐντεῦθεν
945 4661 1276 4735 πανταχόθεν
1340 4664 1536 4718 τούτου
1586 4646 1852 4719 διαδοθέν-

1888 3374 1938 3439 G

2046 2794 2429 2865 Posteaquam
2454 2791 2630 2864 igitur
2659 2793 2823 2845 tanta
2855 2787 3208 2857 malignitas,
3233 2785 3621 2856 vitiorumque

1975 2883 2239 2937 omnium
2271 2881 2541 2953 gravedo,
2567 2879 2802 2951 perinde
2831 2882 3005 2946 atque
3037 2877 3322 2929 damnosa
3351 2873 3615 2944 quaedam

1973 2971 2242 3036 ebrietas,
2277 2987 2378 3042 per
2405 2986 2609 3026 omnes
2639 2969 2753 3022 fere
2783 2971 2870 3023 est
2898 2962 3617 3037 grassata,caliginemque

1971 3077 2173 3116 eorum
2231 3059 2442 3115 animis
2496 3056 2720 3123 offudit,
2772 3056 2965 3126 ipsum
3019 3053 3279 3107 omnium
3327 3051 3614 3122 optimum

1972 3152 2086 3206 Deo
2135 3149 2415 3214 Verbum,
2451 3145 2851 3217 magnitudine
2900 3142 3174 3199 bonitatis
3222 3140 3464 3211 propria;
3514 3157 3613 3194 co-

1971 3247 2186 3303 actum,
2220 3252 2376 3292 nunc
2410 3253 2510 3308 per
2542 3238 2758 3290 naturae
2791 3234 2997 3304 legem,
3037 3245 3190 3285 nunc
3239 3245 3339 3300 per
3379 3228 3618 3301 angelo-

1971 3345 2099 3382 rum
2141 3327 2454 3382 adventum
2498 3329 2554 3381 et
2613 3321 3002 3394 prasentiam,
3053 3319 3394 3392 quandoque
3444 3319 3616 3372 etiam

1970 3434 2069 3489 per
2095 3433 2155 3471 se
2186 3416 2380 3486 ipsum
2415 3411 2676 3484 mysticis
2707 3410 3050 3482 quibusdam
3086 3412 3143 3463 et
3171 3407 3397 3462 arcanis
3428 3423 3617 3477 appa—

1964 3505 2297 3564 ritionibus,
2331 3504 2534 3573 paucis
2581 3500 2933 3572 quibusdam
2965 3498 3064 3568 qui
3126 3496 3462 3566 antiquibus
3496 3495 3618 3565 pie-

1965 3599 2082 3650 tate
2112 3599 2169 3648 et
2199 3609 2396 3648 amore
2432 3590 2524 3646 Dei
2559 3590 2697 3645 clari
2732 3589 3076 3644 exstiterunt
3119 3584 3277 3650 viris,
3309 3584 3521 3639 alicubi
3549 3599 3611 3639 se

1963 3682 2245 3748 exhibuit,
2279 3680 2532 3735 hominis
2566 3680 2752 3734 forma
2782 3679 3088 3745 assumpta
3121 3691 3134 3729 :
3169 3674 3320 3744 quod
3365 3671 3469 3728 47
3507 3672 3615 3726 ali-

1964 3784 2048 3831 ter
2077 3775 2134 3830 id
2166 3774 2306 3845 ipsis
2364 3771 2619 3842 aspicere
2679 3783 3024 3825 concessum
3082 3783 3194 3820 non
3253 3769 3428 3820 esset.
3463 3764 3608 3818 Cum

1964 3882 2134 3936 porro
2165 3864 2308 3918 satis
2336 3863 2407 3916 ad
2439 3877 2569 3914 eum
2622 3859 2861 3914 modum
2904 3873 3004 3928 per
3035 3855 3262 3910 divinos
3292 3853 3424 3908 illos
3455 3853 3610 3908 viros

1962 3955 2021 4010 in
2056 3952 2266 4009 multos
2313 3949 2580 4005 homines
2632 3947 2861 4018 pietatis
2903 3945 3220 4016 cultusque
3262 3943 3360 3998 Dei
3408 3942 3608 4011 conje-

1962 4045 2138 4099 cisset
2163 4041 2410 4108 semina,
2441 4044 2498 4095 et
2527 4054 2670 4109 gens
2702 4036 2797 4091 tali
2849 4034 3030 4091 cultui
3082 4034 3278 4088 dedita
3330 4030 3609 4102 paulatim

1960 4134 2018 4189 in
2053 4133 2176 4186 dies
2207 4131 2394 4199 magis
2425 4129 2722 4199 magisque
2773 4127 2832 4180 in
2866 4141 3048 4178 unum
3103 4121 3445 4178 coalesceret
3483 4137 3610 4175 cor-

1963 4239 2093 4294 pus,
2122 4225 2178 4276 et
2206 4219 2372 4289 quasi
2423 4233 2656 4290 germen
2690 4215 2980 4286 quoddam
3030 4212 3222 4267 radice
3267 4227 3394 4276 sua,
3424 4210 3603 4265 Abra-

1963 4311 2137 4365 hamo
2168 4309 2277 4363 niti
2309 4310 2754 4378 cognosceretur
2788 4321 2801 4357 :
2835 4303 2883 4357 ei
2915 4301 3073 4373 genti
3106 4317 3232 4370 qua
3265 4304 3322 4354 et
3352 4298 3608 4369 antiqui-

1961 4403 2075 4468 tus,
2108 4402 2163 4452 et
2193 4414 2306 4452 non
2339 4398 2420 4450 ita
2451 4395 2675 4464 pridem
2721 4393 2838 4448 vita
2869 4396 2924 4446 et
2955 4389 3213 4445 moribus
3243 4389 3348 4443 rite
3377 4388 3609 4444 exculta

1961 4493 2137 4554 esset,
2168 4486 2350 4556 legem
2404 4502 2504 4557 per
2547 4484 2766 4549 Mosen,
2802 4481 3040 4553 perinde
3079 4483 3252 4549 atque
3297 4478 3605 4546 quemdam

1961 4577 2164 4632 ducem
2213 4579 2269 4630 et
2312 4574 2814 4637 manuductorem,
2846 4571 2918 4626 ad
2969 4566 3393 4640 praesentiorem
3432 4565 3609 4634 pieta-

1963 4673 2102 4733 tem,
2143 4663 2362 4735 Deique
2410 4662 2631 4717 cultum
2679 4659 2962 4716 tradidit:
3010 4656 3266 4730 symbola
3309 4661 3365 4710 et
3413 4654 3606 4724 signa,

232 4761 333 4809 τος,
359 4745 416 4797 ἒκ
462 4751 556 4801 τοῦ
597 4747 840 4816 ἀπηνοῦς
889 4749 1089 4804 ἐκείνου
1139 4753 1226 4805 καὶ
1269 4752 1464 4825 ἀγρίου
1507 4753 1630 4826 βίου
1670 4755 1848 4828 ἡρέμα

1970 4757 2286 4826 ﬁgurasque
2316 4759 2372 4809 et
2399 4753 2683 4824 imagines
2723 4751 2958 4805 Sabbati
3015 4753 3070 4804 et
3121 4742 3606 4809 circumcisionis,

360 4831 400 4852 ,’
526 4837 535 4856 ρ
1042 4845 1065 4855 «ν

236 4837 720 4908 μετερρυθμιζοντο,
774 4837 1092 4915 φιλοσοφειν
1137 4861 1195 4894 τε
1247 4836 1530 4910 ἐπέϐαλον,
1579 4844 1668 4897 καὶ
1717 4845 1851 4917 πρὸς

231 4917 490 4990 ἀλλήλους
522 4927 708 5001 φιλίας
739 4947 796 4981 τε
839 4928 928 4981 καὶ
982 4929 1253 5001 ἐπιμιξίας
1285 4927 1428 5002 ἔχειν
1458 4935 1799 5007 κατήρχοντο
1833 4953 1845 4964 ·

346 5009 675 5087 παιδαγωγῷ
723 5017 880 5089 νόμῳ
939 5017 1029 5071 οἷά
1065 5038 1167 5071 τινι
1223 5019 1405 5073 κανόνι
1449 5021 1728 5095 χρώμενοι
1761 5023 1850 5076 καὶ

234 5092 647 5174 ἐκπαιδευὸμενοι
684 5123 696 5136 °
750 5105 838 5159 καὶ
900 5107 1004 5179 πρό
1051 5129 1112 5183 γε
1155 5108 1368 5162 πάντων
1409 5092 1641 5180 ἔμπεδος
1687 5113 1720 5179 ἡ
1752 5115 1849 5165 τοῦ

234 5189 348 5239 Θεοῦ
377 5193 576 5262 Πατρὸς
608 5198 802 5268 γνῶσις
853 5193 1078 5257 ἐκείνοις
1115 5195 1498 5272 κατεῤῥιζοῦτο
1533 5243 1546 5256 .
1597 5197 1758 5268 δεξιοί
1792 5220 1850 5255 τε

339 5275 625 5348 ἐπιτήδειοι
675 5285 766 5337 καὶ
809 5285 947 5358 πρὸς
1005 5281 1325 5359 παραδοχὴν
1391 5288 1646 5358 μειξόνων
1689 5309 1848 5363 σπερ-

238 5362 400 5430 μάτων
447 5369 771 5441 θεογνωσίας
821 5372 1013 5426 ὡσανεὶ
1069 5374 1244 5444 ἦσαν’
1288 5379 1578 5443 τηνικαῦτα
1623 5377 1650 5430 ὁ
1689 5362 1848 5439 αὐτὸς

236 5449 378 5537 πάλιν
411 5459 514 5510 τῶν
546 5461 776 5531 πρώτων
833 5469 932 5530 τῆς
993 5463 1185 5536 ἀρετῆς
1246 5463 1567 5537 σπερμάτων
1623 5461 1850 5521 καταϐο-

237 5534 366 5629 labs,
395 5543 422 5596 ὁ
448 5550 539 5600 τοῦ
569 5553 701 5604 Θεοῦ
733 5552 905 5626 Λόγος
939 5553 966 5606 ὁ
998 5534 1237 5627 ἄναρχός
1270 5574 1327 5608 τε
1495 5557 1847 5629 προαιώνιος*

239 5623 338 5682 ἐπεὶ
370 5629 490 5702 μηδ’
521 5633 706 5700 ἄλλως
739 5641 801 5708 ἦν
826 5623 1229 5717 Ἵέγχωροῦνντὸ
1280 5623 1546 5718 ἡμέτερον
1589 5648 1688 5710 τῆς
1737 5644 1852 5700 ἐπι-

239 5724 516 5795 κεχυμενης
569 5729 816 5803 καθάπαξ
866 5730 1258 5806 ἀπαλλαγῆναι
1315 5733 1445 5810 ἀρᾶς
1499 5755 1511 5770 ⁸
1554 5733 1644 5789 καὶ
1715 5735 1854 5813 πρὸς

1961 4849 2018 4898 et
2046 4843 2156 4898 alia
2186 4843 2448 4912 quaedam
2476 4842 2761 4896 elementa
2808 4855 2909 4894 seu
2944 4835 3228 4908 principia
3275 4831 3604 4886 divinorum

1961 4932 2335 4987 consiliorum
2359 4935 2414 4986 et
2444 4928 3030 5000 contemplationum,
3057 4924 3449 4994 mysticasque
3473 4935 3608 4990 prae-

1959 5025 2114 5076 terea
2145 5020 2543 5085 caeremonias,
2577 5035 2689 5073 non
2721 5020 2950 5086 apertas
2989 5013 3118 5066 illas
3163 5016 3218 5066 et
3266 5008 3470 5073 clarae,
3503 5005 3604 5061 sed

1959 5110 2260 5176 obscuras,
2284 5114 2489 5165 tenues
2534 5113 2590 5163 et
2638 5101 2980 5160 umbratiles
3028 5100 3142 5156 illis
3189 5098 3520 5160 ostendens,
3555 5102 3608 5149 et

1961 5198 2247 5268 praebens.
2287 5199 2358 5252 At
2411 5196 2510 5250 ubi
2543 5195 2812 5263 deinceps
2874 5192 2996 5262 lege
3028 5188 3246 5259 ubique
3292 5185 3606 5255 divulgata.

1959 5303 2025 5341 ex
2056 5286 2203 5341 dura
2229 5285 2332 5340 illa
2370 5290 2426 5339 et
2465 5281 2678 5354 agresti
2726 5282 2844 5335 vita
2898 5276 3158 5333 homines
3204 5273 3481 5347 paulatim
3533 5272 3606 5326 ad

1959 5375 2381 5430 humanitatem
2414 5379 2550 5427 sunt
2595 5369 2804 5425 exculti
2855 5375 2910 5424 et
2960 5368 3026 5422 ad
3081 5362 3604 5436 philosOphandum

1958 5465 2219 5520 animum
2261 5464 2620 5532 adjecerunt,
2657 5459 3010 5527 invicemque
3059 5452 3346 5511 amicitias
3394 5449 3603 5518 colere,

1960 5560 2016 5610 et
2045 5552 2520 5609 consuetudinem
2551 5549 2704 5604 inter
2753 5563 2815 5602 se
2867 5546 3075 5602 habere
3129 5543 3430 5614 cmperunt
3473 5540 3604 5610 (pa:-

1961 5645 2178 5714 dagogo
2217 5650 2274 5697 et
2317 5641 2552 5696 doctore
2603 5637 2723 5709 lege
2773 5635 2941 5709 quasi
2990 5631 3186 5707 regula
3229 5633 3480 5697 utentes,
3513 5645 3606 5684 se-

1962 5749 2074 5808 que
2103 5730 2454 5804 erudientcs)
2487 5733 2663 5801 atque
2700 5727 2760 5786 in
2792 5725 2998 5801 primis
3045 5723 3268 5782 ﬁrmior
3313 5717 3607 5778 stabilior-
