3950 6214
450 331 568 393 627
626 408 629 415 ν

1745 330 2160 394 NICEPHORI
2198 331 2551 396 CALLISTI

3703 333 3797 397 628

453 483 567 540 que
594 465 698 523 Dei
731 462 915 521 Patris
951 464 1156 521 notitia
1184 465 1333 536 apud
1374 480 1473 520 eos
1512 464 1733 521 radices
1764 467 1900 537 egit,
1934 466 2074 539 apti-

2197 465 2300 535 τὴν
2329 464 2522 539 ἀγήρω
2558 465 2649 519 καὶ
2684 466 2949 538 μακαρίαν
2994 463 3204 537 ἔκείνην
3245 465 3556 524 ἐπανελθεῖν
3601 469 3761 543 βιοτήν
3785 479 3800 500 ⁸
3906 430 3907 491 ἲ

451 574 562 630 que
586 557 704 626 jam
736 560 793 612 et
819 555 1009 610 idonei
1042 559 1319 625 tanquam
1351 555 1423 609 ad
1470 553 1699 609 semina
1738 556 1963 627 majora
1994 557 2092 611 Dei

453 645 795 718 cognitionis
826 644 1194 715 suscipienda
1247 644 1482 698 fuerunt
1523 660 1537 698 :
1589 657 1712 698 tum
1762 645 1913 700 idem
1948 645 2091 701 illud

452 751 711 804 rursum,
744 736 889 807 quod
933 738 1101 788 antea
1146 732 1376 788 virtutis
1442 722 1665 788 semina
1711 739 1952 805 severat,
1998 735 2093 790 Dei

448 826 708 882 Verbum
759 823 1029 896 principii
1087 839 1314 892 expers,
1365 823 1692 893 saeculaque
1740 825 2090 895 praecedens,

451 912 921 986 quandoquidem
955 911 1121 966 aliter
1151 910 1273 965 fieri
1303 926 1418 965 non
1459 912 1662 979 potuit,
1696 916 1761 966 ut
1791 912 2091 969 hominum

449 1019 631 1075 genus
691 1003 920 1057 tandem
981 1015 1220 1071 prorsus
1276 1000 1346 1053 ab
1407 1000 1598 1054 infusa
1642 1001 1693 1055 ei
1751 1000 2093 1058 liberaretur

448 1091 839 1151 exsecratione
867 1093 923 1145 et
970 1088 1245 1159 pernicie,
1276 1092 1335 1143 et
1371 1087 1445 1143 ad
1492 1088 1878 1145 immortalem
1930 1090 2091 1146 illam

450 1186 627 1252 atque
672 1181 896 1236 beatam
949 1180 1322 1234 reduceretur
1366 1178 1566 1246 vitam,
1600 1180 1906 1249 postremis
1960 1188 2094 1236 tem-

447 1270 708 1342 poribus,
769 1269 1164 1324 Romanorum
1222 1267 1466 1338 imperio
1519 1268 1716 1323 orbem
1776 1268 2093 1333 obtinente,

447 1365 657 1414 natura
700 1363 756 1413 et
802 1357 1134 1414 conditione
1176 1360 1375 1412 nostra
1424 1362 1678 1429 accepta,
1731 1359 1894 1415 nulla
1953 1377 2013 1415 re
2062 1376 2095 1415 a

446 1453 647 1504 nostra
695 1446 990 1520 (fatalibus
1037 1448 1317 1501 duntaxat
1365 1447 1583 1518 peccati
1634 1447 2092 1518 inquinamentis

441 1536 716 1608 exceptis)
744 1535 1061 1603 diﬁ‘erente,
1092 1552 1159 1590 ea
1205 1540 1263 1590 et
1312 1535 1445 1591 fecit
1486 1539 1543 1589 et
1583 1552 1923 1607 perpessum
1970 1543 2080 1607 est,

445 1642 572 1697 quae
602 1640 836 1696 aequum
861 1628 983 1679 erat
1008 1630 1191 1679 Deum
1216 1624 1399 1679 facere
1431 1640 1687 1695 corpore,
1719 1627 1774 1680 in
1808 1626 1917 1681 bac
1947 1628 2084 1693 vita,

444 1729 682 1786 peregre
720 1723 1066 1768 versantem.
1100 1713 1163 1767 In
1215 1730 1331 1784 qua
1376 1712 1474 1768 ille
1524 1714 1877 1769 nativitatem
1927 1716 2092 1771 miri-

2199 552 2285 609 ἐπ’
2338 553 2583 629 ἐσχάτων
2631 559 2740 609 τῶν
2777 557 3025 629 ἡμερῶν,
3074 559 3171 622 τῆς
3222 558 3515 632 Ῥωμαίων
3561 556 3802 633 βασιλείας

2199 643 2534 717 ἀρχομένης,
2595 644 2695 711 τήν
2759 644 3029 718 ἡμετέραν
3087 644 3245 725 φύσιν
3318 641 3618 716 ἀναλαϐὼν,
3692 647 3805 700 κατᾶ

2202 730 2371 807 μηδὲν
2406 731 2838 788 διαλλάττουσαν
2869 738 2976 787 τῶν
3011 733 3289 809 ἐπικήρων
3322 733 3586 805 κηλίδων,
3616 740 3806 790 τοιαῦτα

2198 816 2387 897 ἔδρασέ
2434 844 2493 878 τε
2539 822 2631 877 καὶ
2674 820 2889 891 ἔπαθεν,
2941 822 3040 878 ὅσα
3087 824 3155 893 ἦν
3202 824 3344 887 εἰκὸς
3385 826 3515 880 Θεὸν
3545 824 3666 899 δρᾷν
3696 828 3807 897 μετᾶ

2198 912 2453 985 σώματος
2477 916 2557 984 τῷ
2602 912 2707 988 βίῳ
2755 910 3169 985 ἐπιδημήσαντα
3200 930 3215 945 ⁶
3264 913 3511 989 γέννησίν
3557 935 3614 969 τε
3660 916 3809 987 παρά-

2202 997 2354 1073 δοξον
2413 995 2892 1073 προϐαλλόμενον,
2952 1002 3094 1072 ἀήθη
3154 1022 3214 1057 τε
3273 1004 3463 1079 βιοτὴν
3521 1003 3609 1058 καὶ
3677 1004 3809 1076 El:qu

2198 1086 2567 1159 διδασκαλίαν,
2620 1089 2862 1166 ὑπερφυᾶ
2909 1110 2968 1145 τε
3024 1089 3176 1155 αὖθις
3247 1089 3509 1165 νὲκρωσιν
3581 1091 3667 1146 καὶ
3729 1112 3812 1146 τα-

2197 1181 2304 1252 φὴν
2347 1179 2438 1233 καὶ
2484 1178 2770 1233 ἀνάστασιν
2807 1198 2821 1211 ο
2873 1178 2907 1233 ἃ
2955 1175 3022 1247 δὴ
3063 1177 3234 1251 πάντα
3287 1180 3424 1235 κατά
3474 1181 3638 1255 μέρος
3666 1181 3811 1236 πάλαι

2195 1271 2316 1331 ταῖς
2361 1266 2719 1341 προφητείαις
2767 1265 3159 1341 ἀνεκηρύττετο
3192 1288 3205 1301 ·
3258 1270 3333 1331 ὡς
3382 1266 3448 1338 δὴ
3500 1271 3588 1325 καὶ
3625 1271 3716 1339 τήν
3742 1272 3813 1325 ἐπὶ

2200 1356 2347 1413 τέλει
2381 1357 2659 1433 βασιλείαν
2692 1357 2855 1412 οὐτοῦ
2904 1359 2932 1412 ὁ
2985 1357 3259 1421 θειὸτατος
3308 1360 3511 1431 Δανιὴλ
3548 1365 3627 1432 τῷ
3667 1366 3814 1435 νοερῷ

2199 1448 2469 1521 πνεύματι
2515 1444 2776 1513 κατιδὼν,
2821 1447 3030 1503 οὑτωσί
3078 1469 3195 1510 πως
3226 1450 3329 1519 τὴν
3373 1450 3603 1525 θεωρίαν
3632 1449 3813 1525 ἀνθρω-

2195 1538 2494 1612 πικώτερον
2557 1537 2885 1613 ὑπογράφει,
2917 1538 3313 1612 Ἐθεώρουν,
3363 1534 3563 1614 λέγων,
3600 1536 3717 1601 ἓως
3758 1539 3813 1593 οὗ

2196 1626 2421 1695 θρόνοι
2452 1624 2789 1696 ἐτέθησαν·
2816 1624 2923 1680 καὶ
2948 1623 3245 1688 Παλαιὸς
3268 1629 3537 1701 ἡμερῶν
3561 1628 3811 1683 ἐκάθισε.
3906 1623 3907 1673 l

2196 1716 2298 1773 Καὶ
2321 1713 2531 1785 διεξιὼν
2554 1714 2621 1769 τὰ
2641 1715 2763 1787 περὶ
2791 1713 2978 1783 αὐτοῦ,
3003 1713 3244 1793 ἐπιφέρει
3266 1713 3443 1785 αὖθις,
3467 1722 3559 1788 Κρ
3578 1718 3812 1789 ιτιςριον
3906 1710 3907 1719 “

442 1804 630 1870 ticam,
661 1803 1113 1874 opinionemque
1145 1819 1374 1857 omnem
1415 1802 1811 1864 excellentem.
1846 1820 2074 1860 conver-

2193 1803 2488 1871 ἐκάθισε,
2518 1803 2628 1857 καὶ
2664 1798 3385 1878 βίϐλοιήνεῴχθησαν.
3410 1804 3510 1860 Καὶ
3534 1806 3676 1876 ἑξῆς,
3698 1807 3813 1860 Ἐθ-

442 1894 842 1962 sationemque
870 1891 1183 1954 insolitam.
1216 1897 1273 1947 et
1301 1892 1626 1947 doctrinam
1659 1909 1865 1948 novam
1898 1894 2082 1949 omni-

441 1997 555 2053 que
603 1985 819 2036 naturaa
869 1980 1147 2035 miraculo
1194 1980 1552 2052 superiorem
1597 1985 1840 2038 mortem
1889 1987 1945 2038 et
1984 2000 2083 2038 se—

441 2069 735 2142 pulturam
785 2073 843 2124 et
890 2070 1371 2125 resurrectionem
1426 2070 1743 2125 redivivam
1794 2070 2076 2128 exhibuit.

438 2162 574 2224 Quae
603 2159 798 2214 omnia
827 2158 1447 2232 sigillatim-vaticiniis
1479 2158 1890 2229 prophetarum
1933 2177 2076 2231 prte-

439 2249 595 2304 dicta
652 2248 879 2303 fuerant
936 2252 993 2302 et
1050 2246 1436 2319 promulgata.
1469 2247 1965 2312 Quemadmodum
2024 2254 2081 2304 et

438 2353 685 2415 regnum
715 2338 843 2408 ejus
874 2338 929 2392 in
973 2336 1086 2391 fine
1116 2337 1310 2391 seculi
1360 2335 1591 2391 divinus
1626 2335 1820 2391 Daniel
1870 2338 2075 2408 spiritu

437 2427 703 2483 liberiore
733 2431 790 2482 et
836 2427 1065 2499 puriore
1114 2426 1427 2497 perspexit,
1457 2430 1515 2480 et
1545 2424 1700 2480 hisce
1750 2426 1941 2483 verbis
1976 2427 2077 2482 hu-

435 2533 611 2574 mano
642 2533 802 2573 more
839 2517 1123 2571 visionem
1174 2531 1300 2572 eam
1358 2514 1713 2587 descripsit:
1760 2515 2081 2586 Spectabam

433 2606 728 2680 inquiens,
759 2606 928 2661 donec
958 2605 1142 2660 throni
1187 2609 1541 2674 ponerentur,
1571 2612 1625 2660 et
1668 2605 1938 2677 Antiquus
1967 2605 2083 2662 die-

437 2713 563 2752 rum
618 2695 929 2752 consedit‘.
964 2696 1033 2750 Et
1072 2709 1539 2750 commemorans
1593 2710 1685 2749 res
1742 2694 1869 2766 ipse
1924 2711 2079 2759 suas,

439 2786 547 2843 48
578 2786 752 2841 infert
781 2801 985 2840 rursus
1018 2802 1031 2838 :
1065 2784 1336 2841 Iudicium
1365 2783 1621 2852 consedit,
1652 2791 1709 2838 et
1740 2784 1875 2839 libri
1903 2785 2083 2856 aperti

2192 1893 2678 1969 εώρουν,φησὶ,
2721 1892 2829 1946 καὶ
2877 1889 3022 1946 ἰδοὺ
3058 1894 3370 1965 μετὰτῶν
3402 1893 3692 1971 νεφελῶν
3718 1894 3811 1948 τοῦ
3906 1944 3907 1963 γ

2192 1983 2491 2056 οὐρανοῦ,
2516 1980 3130 2055 ὡςυίὸςάνθρώπου
3161 1982 3684 2057 ὲρχόμενος·καί
3710 1980 3811 2044 ἕως
3906 1996 3907 2009 ‘

2184 2075 2299 2126 τοῦ
2330 2067 2628 2125 Παλαισῦ
2655 2074 2779 2125 τῶν
2813 2071 3081 2144 ἡμερῶν
3114 2068 3376 2146 ἔφθασε’
3411 2074 3518 2127 καὶ
3550 2072 3805 2128 ἰνώπιον
3906 2076 3907 2081 “

2186 2158 2386 2213 αὐτοῦ
2418 2153 3017 2236 προσηνέχθηοκαὶ
3041 2156 3442 2230 atratum,
3472 2160 3805 2236 ἡάρχήκαὶ
3906 2184 3907 2217 1

2186 2249 2221 2316 ἡ
2252 2247 2415 2319 τιμή
2444 2245 2606 2315 καὶὴ
2634 2246 2952 2321 βασιλεία
2990 2246 3396 2310 ’καὶπάντες
3430 2250 3491 2304 οἱ
3520 2250 3805 2327 λαοὶ,φυ-

2189 2334 2680 2410 λαὶ,γλῶσσαι,
2729 2335 2907 2407 αὐτῷ
2937 2333 3454 2393 δουλεύσουσιν⁹
3489 2341 3524 2409 ὴ
3571 2339 3806 2413 ἐξουσία
3906 2334 3907 2355 ¹

2185 2424 2666 2498 αὐτοῦὲξουσία
2695 2424 2994 2495 αἲώνιος,
3018 2426 3167 2495 ἥτις
3191 2428 3263 2482 οὐ
3286 2426 3765 2502 παρελεύσεται
3791 2447 3806 2502 ἡ

2185 2516 2291 2570 καὶ
2322 2517 2356 2584 ἡ
2395 2512 2709 2589 βασιλεία
2740 2513 2944 2570 αὐτοῦ
2973 2515 3048 2569 οὗ
3081 2500 3809 2593 διαφθαρήσεταιπίνιῖ

2188 2604 2246 2659 ἃν
2294 2602 2453 2677 ἄλλῳ
2505 2604 2654 2658 ταῦτ’
2692 2603 3045 2682 ἐφαρμόσειεν
3090 2605 3125 2675 ἢ
3184 2606 3402 2668 πάντως
3438 2612 3522 2679 τῷ
3584 2608 3806 2680 ἡμετέρῳ
3906 2600 3907 2633 ί

2191 2700 2410 2767 Σωτῆρι
2468 2695 2711 2768 Χριστῷ,
2765 2694 3051 2768 ἀνθρώπου
3110 2695 3214 2767 υἱῳ
3272 2693 3363 2750 διὰ
3417 2700 3519 2767 τήν
3606 2697 3809 2766 ὑστάτην

2191 2784 2359 2839 αὐτοῦ
2390 2781 2795 2858 ἑνανθρώπησιν
2843 2783 3250 2858 χρηματίσαντι
3283 2803 3298 2855 ;

436 2882 585 2933 sunt.
616 2864 685 2929 Et
714 2874 987 2963 deinceps
1022 2890 1035 2927 :
1068 2872 1409 2963 Spectabam,
1443 2872 1651 2943 inquit,
1680 2879 1733 2928 et
1759 2889 1881 2929 ecce
1925 2889 2049 2929 cum
2081 2874 2316 2929 nubibus
2362 2874 2486 2929 caeli
2531 2882 2797 2946 tanquam
2833 2876 2984 2945 ﬁlius
3030 2876 3270 2931 hominis
3317 2878 3563 2941 veniens.
3587 2883 3640 2935 et
3666 2893 3811 2949 usque
3906 2902 3907 2963 γ

436 2965 507 3022 ad
535 2964 839 3035 Antiquam
867 2962 1080 3018 dierum
1108 2962 1377 3034 pervenit,
1408 2970 1460 3017 et
1489 2964 1546 3017 in
1576 2977 1913 3034 conspectum
1940 2964 2057 3031 eius
2085 2963 2347 3019 adductus
2375 2972 2474 3031 est,
2505 2971 2556 3018 et
2577 2962 2687 3035 ipsi
2715 2965 2964 3019 traditus
2994 2973 3071 3021 est
3115 2967 3466 3038 principatus
3493 2977 3549 3025 et
3588 2971 3744 3024 robur
3768 2973 3811 3021 et
3906 2970 3907 3039 ξ

435 3071 688 3127 regnum,
719 3060 770 3109 et
800 3068 983 3108 omnes
1021 3053 1218 3125 populi
1248 3052 1421 3107 tribus
1451 3061 1503 3107 et
1530 3051 1742 3120 linguae
1768 3050 2005 3108 servient
2028 3055 2138 3124 ipsi
2160 3054 2422 3109 .Potestas
2450 3054 2571 3124 ejus
2588 3060 2821 3124 potestas
2848 3054 3202 3124 sempiterna,
3223 3072 3343 3127 qua:
3372 3073 3485 3112 non
3511 3055 3811 3129 prateribit,

435 3150 488 3203 et
515 3162 749 3217 regnum
777 3146 896 3213 eius
925 3160 1034 3199 non
1061 3149 1442 3214 corrumpetur
1464 3143 1504 3196 ⁸.
1539 3143 1596 3196 In
1630 3156 1804 3212 quem
1834 3158 1968 3197 vera
1999 3142 2177 3197 alium
2207 3142 2327 3198 hinc
2360 3143 2670 3214 quadrent,
2701 3159 2879 3215 quam
2913 3160 3154 3215 prorsus
3196 3145 3257 3201 in
3305 3150 3666 3205 Servatorem
3696 3162 3806 3202 nos.

434 3239 590 3292 trum
622 3234 935 3301 Christum,
968 3231 1224 3288 hominis
1256 3231 1463 3298 filium,
1495 3236 1728 3302 prOpter
1776 3239 2129 3302 postremam
2178 3231 2365 3303 ipsius
2396 3247 2498 3303 per
2553 3237 2913 3304 assumptam
2955 3248 3188 3289 carnem
3244 3233 3697 3307 humanitatem,
3724 3250 3808 3307 per

434 3325 731 3384 oraculum
763 3324 1168 3399 propheticum
1202 3322 1569 3379 nominatum
1590 3320 1619 3376 ‘l

1069 3449 1298 3506 CAPUT
1344 3451 1438 3505 IV.

432 3560 582 3629 Quod
610 3560 837 3615 nomina
860 3558 976 3625 Dei,
994 3558 1335 3630 ejusdemque
1364 3556 1604 3630 hominis
1638 3554 1812 3621 Verbi,
1837 3554 2078 3630 Christus

498 3631 703 3688 scilicet
748 3639 797 3687 et
841 3627 1027 3697 Jesus,
1053 3631 1207 3700 longe
1240 3627 1417 3684 antea
1463 3628 1530 3682 ab
1561 3630 1680 3698 ipso
1725 3642 1895 3698 usque
1941 3627 2078 3684 Mose

497 3704 819 3772 symbolice,
850 3708 899 3760 et
920 3702 1019 3758 sub
1050 3704 1214 3757 certis
1238 3700 1460 3772 indiciis
1492 3701 1550 3753 in
1596 3700 1801 3772 honore
1825 3707 1876 3753 et
1902 3701 2075 3768 pretio

497 3770 756 3844 fuerint:
785 3781 1081 3846 propterea
1126 3780 1179 3828 et
1222 3771 1518 3846 sacerdotes
1561 3770 1689 3840 ipsi,
1721 3776 1772 3824 et
1815 3785 1990 3846 reges,
2024 3778 2074 3825 et

496 3842 796 3918 propheta,
842 3844 1071 3912 Christi,
1104 3861 1199 3915 per
1253 3843 1731 3898 adumbrationem
1775 3842 2074 3911 quamdam

496 3923 627 3973 sunt
654 3918 806 3973 dicti.

497 4024 806 4095 Reliquum
839 4029 926 4081 est
955 4028 1020 4078 ut
1049 4024 1543 4087 demonstremus,
1567 4021 1759 4092 ipsum
1790 4024 2068 4075 aeternum

425 4114 831 4186 principioque
862 4118 1149 4169 carentem
1190 4112 1372 4167 Deum
1424 4111 1667 4167 Verbum
1717 4127 1833 4166 non
1883 4109 2068 4165 solum

425 4203 751 4274 antiquitus
790 4203 925 4274 piis,
957 4206 1187 4273 Deoque
1242 4200 1433 4256 charis
1491 4200 1829 4255 hominibus
1877 4198 2071 4269 cogni-

423 4294 574 4355 tum,
606 4307 830 4363 suoque
861 4295 1119 4362 tempore
1171 4290 1324 4360 apud
1378 4306 1483 4345 nos
1526 4288 1918 4359 corporaliter,
1953 4298 2069 4344 tan-

423 4396 598 4451 quam
630 4381 998 4453 peregrinum
1032 4384 1322 4435 versatum
1375 4379 1554 4434 fuisse
1590 4393 1604 4432 :
1651 4394 1851 4434 verum
1892 4380 2062 4434 etiam

418 4469 643 4524 divinas
673 4471 797 4540 ejus
828 4468 1266 4541 appellationes,
1298 4468 1429 4523 Jesu
1473 4466 1708 4529 scilicet,
1742 4470 1799 4522 et
1826 4467 2064 4535 Christi,

417 4573 536 4612 non
603 4558 772 4613 nobis
829 4557 989 4623 solis,
1032 4557 1130 4611 sed
1191 4561 1249 4611 et
1302 4556 1596 4611 veteribus
1648 4555 1946 4626 prephetis
2002 4555 2061 4609 in

417 4648 672 4702 maximo
714 4648 942 4701 habitas
998 4661 1123 4701 esse
1179 4646 1418 4701 honore.
1451 4645 1710 4699 Primum
1769 4644 2056 4714 siquidem

418 4753 668 4808 magnus
700 4734 795 4791 ille
826 4736 923 4791 Dei
955 4740 1247 4806 spectator
1276 4734 1489 4799 Moses,
1519 4750 1649 4789 cum
1691 4734 1972 4804 imagines
2001 4738 2058 4787 et

2815 3448 3074 3504 ΚΕΦΔΛ.
3124 3453 3195 3508 Δ’.

2179 3559 2322 3608 *Οτι
2360 3551 3481 3628 καὶαῖ-κλήσειςτοῦλθεανθρώπολυ
3521 3558 3801 3625 Λόγου,ὴ

2250 3624 2532 3697 Χριστὸς
2568 3622 2895 3698 δηλονότΔι
2928 3624 3038 3698 καὶ
3072 3622 3370 3698 Ἰησοῦς,
3418 3626 3666 3685 ἄνωθεν
3700 3622 3803 3683 ἀπὸ

2248 3691 2364 3749 τοῦ
2396 3691 2969 3771 Μῌωσέως-συρὸομλ
2990 3691 3611 3771 ικῷςέσεμνύνοντο
3632 3699 3732 3755 καὶ
3756 3698 3804 3753 ἐν

2246 3774 2407 3846 τιμῇ
2438 3768 2598 3846 ἦσαν
2633 3765 2937 3846 ’-διὸκαὶ
2984 3768 3042 3822 οἱ
3073 3765 3327 3846 ’ἱερ-εῖς,
3362 3772 3469 3846 καὶ
3522 3773 3587 3827 οἱ
3632 3774 3804 3846 βα-σι-

2255 3838 2562 3915 λεῖς,καί
2624 3839 2684 3892 οἳ
2739 3846 3102 3915 προφῆται,
3162 3838 3441 3915 Χριστοί
3524 3838 3802 3903 σκίωδῶς

2247 3908 2715 3983 ὠνομάζοντο.

2246 4019 2401 4086 Ἑξῆς
2460 4014 2507 4072 δ’
2564 4017 2625 4072 ἃν
2686 4017 2767 4083 εἴη
2816 4014 3107 4085 δεικνυναι,
3139 4019 3216 4080 ὡς
3272 4019 3335 4074 οὐ
3381 4022 3551 4092 μόνον
3601 4022 3800 4083 αὐτὸςὸ

2173 4106 2522 4184 προάναρχος
2555 4107 2685 4168 Θεὸς
2717 4107 2895 4183 Λόγος
2929 4111 3047 4168 τοῖς
3094 4106 3265 4163 πάλαι
3314 4109 3626 4189 θεοφιλὲσιν
3651 4110 3799 4185 ἔγνω-

2173 4214 2286 4256 στο,
2319 4196 2408 4248 καὶ
2452 4194 2541 4250 ὅτε
2595 4197 2887 4267 προσήκων
2945 4196 3133 4267 καιρὸς
3187 4197 3275 4251 καὶ
3335 4204 3455 4259 τοῖς
3502 4201 3628 4254 καθ’
3671 4203 3795 4272 ἡμᾶς

2172 4288 2501 4355 σωματικῶς
2545 4282 2887 4355 ἐπεδήμησεν
2923 4302 2937 4315 '
2987 4283 3116 4341 ἀλλ’
3165 4286 3354 4361 ὃτιπερ
3395 4290 3488 4343 καὶ
3528 4290 3588 4343 αἱ
3618 4290 3798 4344 θειότε-

2172 4391 2257 4440 ραι
2289 4370 2515 4442 κλήσεις
2535 4373 2724 4440 αὐτοῦ,
2755 4373 2790 4441 ἤ
2822 4392 2881 4427 τε
2933 4374 3202 4440 Ἰησοῦς
3250 4371 3491 4447 δηλαδὴ,
3524 4378 3618 4432 καὶ
3662 4384 3798 4450 Χριο

2168 4461 2347 4531 στὸς,
2380 4461 2485 4536 οὐχ
2520 4464 2658 4533 ἡμῖν
2712 4463 2926 4532 μόνοις,
2981 4460 3127 4518 ἀλλά
3172 4464 3264 4518 καὶ
3304 4470 3423 4527 τοῖς
3474 4464 3537 4520 ἒκ
3579 4466 3797 4521 παλαιοῦ

2168 4551 2471 4628 προφήταις
2512 4547 2602 4605 Sitit
2629 4550 2893 4620 πλείστης
2941 4550 3149 4625 ἤγοντο
3197 4556 3299 4618 τῆς
3343 4558 3535 4628 τιμῆς.
3593 4561 3794 4630 Πρῶτος

2168 4639 2348 4693 τοίνυν
2396 4639 2554 4701 αὐτὸς
2597 4640 2625 4693 ὁ
2671 4641 3103 4702 θεοπτικώτατος
3152 4643 3419 4712 Μωϋσῆς,
3471 4645 3680 4705 εἰκόνας
3720 4644 3796 4698 καὶ

2170 4748 2291 4784 τινα
2322 4724 2573 4799 σύμϐολα
2637 4730 2923 4803 καινὸτρρα
2978 4730 3069 4783 καὶ
3127 4731 3414 4806 ἀπόκρυφα
3461 4732 3794 4808 παραδιδοὺς.

416 4824 684 4897 symbola
722 4825 1005 4897 signaque
1035 4825 1296 4896 quaedam
1348 4840 1558 4878 arcana
1594 4831 1648 4877 et
1694 4839 1861 4889 nova,
1894 4823 2061 4891 juxta

2192 4817 2304 4873 ιατά
2354 4820 2479 4879 τοὺς
2532 4818 2754 4883 τύπους,
2802 4817 2895 4879 οὓς
2946 4817 3000 4874 ἓν
3047 4820 3127 4892 τῷ
3157 4816 3268 4893 ὄρει
3307 4822 3336 4875 ὁ
3394 4821 3793 4901 χρησμῷὃήσας

412 4917 618 4988 typum
652 4919 707 4970 et
740 4916 952 4987 figuras
982 4931 1109 4987 quas
1140 4915 1189 4970 ei
1222 4914 1281 4968 in
1334 4918 1528 4969 monte
1558 4913 1817 4967 divinum
1859 4917 2058 4968 osten-

414 5005 578 5059 derat
607 5005 932 5074 oraculum,
955 5005 1304 5073 institueret,
1332 5003 1658 5074 pontificem
1696 5002 1789 5057 Dei
1823 5002 2058 5056 fratrem

414 5110 588 5151 suum
645 5096 931 5151 Aaronem
990 5094 1344 5151 renuntiavit
1392 5110 1405 5149 :
1466 5092 1955 5162 excellentemque
2006 5090 2055 5144 ei

410 5184 715 5250 honorem,
776 5185 1298 5255 prae-eminentiam,
1358 5189 1414 5238 et
1478 5183 1718 5257 gloriam
1777 5182 2055 5248 tribuens,

410 5274 699 5330 Christum
731 5278 785 5330 et
819 5279 1056 5330 unctum
1115 5275 1335 5331 Domini
1390 5272 1781 5345 pronuntiavit
1816 5289 1827 5324 :
1861 5281 1913 5324 et
1962 5288 2059 5325 no-

412 5379 543 5418 men
580 5362 634 5417 id
670 5364 751 5418 illi
790 5366 1273 5429 accommodavit,
1308 5381 1513 5420 areane
1563 5380 1667 5435 per
1713 5363 2053 5433 mysterium

410 5453 707 5509 celebrans
737 5461 793 5511 et
823 5456 1214 5512 cohonestans
1245 5455 1694 5528 appellationem
1727 5451 2058 5519 eam,illud-

480 5653 505 5687 ι
530 5652 675 5712 Dan.
707 5668 810 5717 vn,
832 5652 887 5709 9.
965 5654 987 5690 ⁸
1006 5653 1155 5714 Ibid.
1181 5655 1266 5720 l3,
1299 5653 1387 5711 14.

2173 4907 2415 4975 ὑπέθετο,
2475 4907 2734 4985 ἀρχιερέα
2788 4911 2920 4962 Θεοῦ
2972 4909 3058 4962 νὸν
3114 4905 3351 4986 ἀδελφὸν
3424 4912 3638 4987 Ἀαρὼν
3688 4911 3793 4965 ἀνα·

2169 4992 2458 5066 δείκνυσιν,
2534 4992 2982 5066 ὖπερϐάλλουσάν
3046 5017 3104 5051 τε
3187 4999 3356 5070 τιμὴν
3443 4999 3633 5074 ἐκείνῳ
3714 4999 3791 5054 καὶ

2167 5082 2453 5159 προεδρίαν
2500 5086 2586 5138 καὶ
2650 5086 2806 5154 δόξαν
2865 5083 3276 5158 διαταξάμενος,
3320 5089 3553 5161 Χριστὸν
3615 5090 3792 5160 Κυρίου

2166 5175 2474 5250 ἀναγορεύει
2509 5193 2523 5209 ⁸
2569 5176 2656 5230 καὶ
2703 5180 2863 5231 τοῦτο
2905 5175 3082 5248 ὄνομα
3125 5177 3277 5249 αὐτῷ
3334 5179 3667 5251 περιτίθησι,
3710 5202 3791 5246 μυ-

2168 5272 2363 5328 στικῶς
2426 5268 2697 5340 σεμνύνων
2751 5268 2849 5334 τήν
2907 5265 3127 5337 κλῆσιν,
3212 5270 3301 5324 καὶ
3384 5268 3791 5347 προδιαγράφων

2168 5357 2361 5416 ἐκεῖνο,
2393 5356 2467 5417 ὥς
2498 5378 2548 5411 τι
2599 5362 2734 5410 εεῖον
2785 5357 2873 5411 καὶ
2906 5356 3096 5431 ἔξοχον
3135 5365 3333 5434 ’χρῆμα
3366 5360 3698 5435 ἧγοόμενοτ.
3726 5358 3790 5415 Οὖ

2172 5449 2280 5519 μὴν
2334 5444 2390 5501 δὲ
2448 5446 2595 5501 ἀλλὰ
2649 5446 2739 5499 καὶ
2796 5447 2896 5514 τὴν
2956 5446 3139 5517 Ἰησυῦ
3196 5448 3598 5523 προσηγορίαν,
3652 5449 3793 5506 αὐτὸς
