4100 6218
218 368 326 429 629

1221 365 1855 433 ECCLESIASTICIE
1899 372 2291 434 HISTORIJE
2332 370 2475 433 LIB.
2523 373 2570 432 I.

3478 358 3599 433 636

221 495 360 557 αὖθις
413 498 625 573 πρῶτος
696 493 824 568 θείῳ
896 497 1166 569 Πνεύματι
1234 496 1609 571 ἐμπνευσθεὶς,
1671 502 1841 572 μήπω

1955 517 2068 574 que
2113 502 2428 560 divinando
2476 501 2852 569 adumbrans,
2901 501 3160 558 divinum
3214 501 3489 574 quiddam
3539 505 3597 557 et

220 585 464 662 πρότερον
508 587 655 640 τοῦτ’
703 584 962 640 ἀκουσθέν
1013 580 1205 658 ὄνομα,
1236 591 1316 658 τῷ
1351 592 1448 642 τοῦ
1494 591 1651 658 Ναυῆ
1694 589 1841 663 μόνῳ

221 679 387 749 σοφῶς
436 673 764 748 περιτίθησι,
820 674 981 748 γέρας
1042 674 1235 730 ὡσανεί
1293 697 1345 730 τι
1404 674 1693 750 ἐξαίρετον,
1750 681 1840 734 καὶ

225 761 493 840 βασιλικοῦ
550 759 887 836 διαδήματος
946 762 1329 837 ἐντελέστερον,
1394 766 1575 839 τούτῳ
1638 765 1844 843 δωρού-

225 876 372 928 μενος
425 854 485 908 ’ὀν
533 848 887 927 συμϐολικῶς
927 851 1060 928 ἔγνω
1108 854 1242 923 μετά
1284 858 1384 926 τήν
1425 854 1632 913 ἐκείνου
1660 858 1845 914 τελευ-

221 945 333 1013 τὴν,
377 943 473 1010 τήν
522 943 659 996 κατὰ
713 942 927 998 πάντων
983 943 1163 1017 ἀρχὴν
1222 941 1584 1019 ἐκδεξάμενον.
1644 947 1844 1003 Εἰκόνα

221 1033 426 1107 καὶγὰρ
452 1032 628 1105 φέρων
659 1030 726 1100 ἦν
764 1033 792 1086 ὁ
834 1037 931 1087 τοῦ
978 1039 1135 1101 Ναυῆ
1167 1033 1377 1103 Ἰησοῦς
1427 1040 1524 1090 τοῦ
1583 1042 1843 1109 Σωτῆρος

221 1125 402 1195 ἡμῶν
456 1121 516 1182 ’ὸς
578 1122 747 1193 μόνος
803 1122 936 1193 μετά
992 1121 1189 1178 Μωσέα
1229 1122 1319 1178 καί
1372 1124 1436 1178 τὸ
1485 1125 1846 1201 συμπέρασμα

219 1214 307 1280 τῆς
337 1207 402 1265 δι’
432 1210 638 1266 ἐκείνου
686 1206 1030 1284 ωμϐολικῆς
1077 1211 1328 1287 λατρείας
1375 1215 1475 1283 τήν
1522 1216 1697 1291 ἀρχὴν
1743 1222 1843 1285 τῆς

220 1300 439 1371 ἀληθοῦς
495 1300 587 1354 καὶ
663 1298 919 1376 διαυγοῦς
977 1297 1247 1364 εὐσεϐείας
1309 1308 1492 1375 σαφῶς
1551 1302 1842 1378 διεδέξατο.

219 1393 269 1445 '0
298 1391 386 1462 μὲν
428 1387 518 1443 οὖν
582 1396 809 1459 Μωσῆς,
842 1388 983 1464 ᾗπέρ
1042 1411 1134 1462 μοι
1194 1390 1421 1464 εἴρηται,
1453 1390 1585 1467 διχῆ
1646 1390 1841 1449 διελὼν

215 1479 299 1540 τάς
353 1482 448 1532 τοῦ
489 1481 753 1551 Σωτῆρος
810 1481 975 1550 ἡμῶν
1028 1477 1276 1549 κλήσεις,
1303 1486 1418 1541 τοῖς
1462 1478 1668 1557 ἐξόχως
1705 1486 1843 1557 τιμῇ

216 1568 297 1622 καὶ
352 1564 475 1640 δόξῃ
546 1567 675 1641 παρ’
722 1567 873 1638 αῦτῷ
931 1565 1252 1638 δοξασθεῖσι,
1309 1574 1388 1641 τῷ
1446 1570 1540 1641 μὲν
1598 1572 1846 1646 ἀρχιερεῖ

218 1657 305 1723 τὴν
360 1656 675 1730 Χριστὸς,
703 1659 783 1728 τῷ
843 1654 900 1710 δὲ
960 1658 1072 1730 μετ’
1132 1657 1291 1711 αὐτὸν
1345 1660 1685 1734 ἡγησομενῳ
1742 1662 1843 1730 τὴν

219 1746 468 1813 Ἰησοῦς
536 1744 828 1823 ὑπερφυῶς
886 1744 1183 1818 σεμνύνων,
1244 1742 1599 1820 συμϐολικῶς
1642 1748 1843 1811 ἀὐτοῖς

216 1832 507 1906 περιέθηκε.
544 1831 645 1885 Καὶ
693 1828 860 1887 ἄλλοι
918 1829 974 1886 δὲ
1033 1834 1148 1905 μετ’
1179 1832 1339 1888 αὐτὸν
1396 1832 1677 1908 ἀριδήλως
1733 1841 1840 1891 τῶν

216 1921 497 1996 προφητῶν
528 1917 768 1991 Χριστὸν
809 1918 899 1972 τὸν
949 1921 1181 1990 Σωτῆρα
1229 1918 1536 1988 ὠνόμασαν.
1583 1926 1842 1995 Πνεῦμα

213 2007 339 2079 γὰρ,
371 2006 533 2079 φησὶν
563 2006 996 2081 Ἱερεμίας,πρὸ
1034 2009 1394 2082 προσώπου
1434 2012 1621 2082 ἡμῶν
1651 2030 1663 2041 ·
1698 2014 1843 2086 Χρι-

217 2096 349 2157 στὸς
400 2096 645 2167 Κύριος
700 2095 1081 2175 συνελήφθη
1137 2095 1198 2151 ἐν
1255 2102 1401 2160 ταῖς
1441 2096 1842 2176 διαφθοραῖς

212 2181 424 2238 αὐτῶν.
454 2181 552 2237 Καὶ
592 2177 759 2237 Δαϐὶδ
805 2180 861 2237 δέ
891 2205 1044 2259 φησι,
1074 2184 1497 2258 Παρὲστησαν
1551 2187 1611 2239 οἱ
1660 2188 1841 2258 βασι-

216 2276 339 2339 λεῖς
390 2283 508 2345 τῆς
576 2282 725 2351 γῆς,
765 2275 872 2329 καὶ
914 2275 973 2328 οἱ
1031 2272 1354 2349 ἄρχοντες
1412 2277 1843 2350 συνήχθησαν

215 2365 581 2439 ἐπιτραυτὸ,
613 2363 776 2419 κατὰ
812 2367 926 2418 τοῦ
960 2363 1202 2437 Κυρίου
1233 2363 1532 2419 καὶκατὰ
1557 2369 1842 2434 Χριστοῦ

213 2455 414 2512 αὐτοῦ.
447 2456 543 2518 Οἷς
578 2455 703 2525 ἑξῆς
735 2453 974 2531 ἐπιφέρει
1007 2453 1202 2529 λέγων,
1229 2453 1469 2528 Κύριος
1510 2456 1650 2509 εἶπε
1679 2455 1841 2529 πρός

219 2532 303 2616 με,
335 2544 481 2606 Υἱός
524 2565 652 2617 μου
702 2543 762 2597 εἴ
807 2543 912 2596 σύ·
955 2540 1082 2618 ἐγὼ
1134 2545 1425 2617 σήμερον
1478 2546 1845 2620 γεγέννηκά

217 2655 290 2688 σε.
308 2637 455 2690 Ταῦτ’
477 2631 581 2709 ἄρα
610 2635 673 2689 τὸ
700 2638 797 2688 τοῦ
827 2638 1061 2701 Χριστοῦ
1090 2629 1381 2705 σεϐάσμιον
1415 2630 1589 2706 ὄνομα
1622 2634 1683 2689 ού
1716 2636 1841 2696 τοὺς

215 2724 463 2798 ἱερωσύνῃ
492 2722 663 2794 μόνον
694 2721 1087 2795 τετιμημένους
1105 2727 1184 2794 τῷ
1217 2728 1491 2794 σκευαστῷ
1519 2724 1842 2796 κατεκόσμει

216 2810 372 2885 ἐλαίῳ
419 2807 802 2885 συμϐολικῶς,
834 2810 978 2867 ἀλλά
1024 2812 1114 2866 καὶ
1157 2811 1285 2873 τοὺς
1338 2812 1581 2887 βασιλεῖς
1627 2813 1840 2875 αὐτούς.

215 2902 336 2973 Θείῳ
362 2903 462 2978 γάρ
491 2899 722 2962 τούτους
752 2899 1003 2975 χρίοντες
1043 2900 1314 2972 Πνεύματι
1362 2902 1449 2963 οἷς
1495 2903 1641 2957 τοῦτ’
1671 2900 1845 2957 ἐπιτέ-

210 3010 419 3064 τραπτο,
466 2988 736 3065 Χριστοὺς
793 2990 909 3044 κατ’
965 2989 1145 3044 εἰκόνα
1199 2990 1508 3065 εἰργάζοντο
1561 2991 1651 3045 καὶ
1709 2991 1841 3045 ὠνό-

223 3086 392 3152 μαζον.
442 3078 598 3134 Ἐπεί
645 3077 730 3132 τοί
771 3099 835 3152 γε
888 3078 978 3132 καὶ
1030 3079 1219 3140 αὐτοῖς
1264 3081 1481 3140 πάντως
1530 3100 1632 3133 ποο
1682 3079 1843 3135 τύποι

216 3170 341 3232 τινες
373 3167 567 3239 ἐνῆσαν
616 3174 715 3236 τῆς
773 3169 908 3223 κατά
963 3169 1176 3223 πάντων
1236 3168 1474 3238 ἀληθοῦς
1532 3170 1714 3244 ἀρχῆς
1751 3169 1843 3225 καὶ

1951 590 2234 648 excellens
2289 608 2419 648 esse
2468 591 2676 646 ducem
2728 594 2784 645 et
2834 588 3179 661 principem.
3231 593 3408 645 Porro
3454 587 3595 645 Jesu

1951 695 2184 752 quoque
2214 680 2778 753 cognominationem
2813 679 2933 750 ipse
2955 680 3182 750 primus
3212 680 3403 734 divino
3435 678 3596 734 afﬂa-

1948 771 2048 825 tus
2077 769 2347 839 Spiritus,
2379 786 2512 826 cum
2546 784 2845 840 nunquam
2887 772 3058 822 antea
3104 767 3216 822 hoc
3249 784 3461 823 nomen
3489 784 3598 824 au-

1952 854 2143 927 ditum
2190 855 2417 922 fuisset,
2480 855 2595 911 tilio
2654 855 2809 910 Nave
2860 854 2970 910 soli
3014 853 3303 925 sapienter
3335 854 3589 909 indidit:

1950 938 2128 1000 veluti
2166 946 2544 1016 praecipuum,
2576 949 2635 1001 et
2667 944 2824 1015 regio
2866 944 3194 999 diademate
3235 944 3594 1013 praestantio-

1953 1048 2074 1088 rem
2131 1033 2646 1105 perfectioremque
2704 1032 2983 1088 honorem
3040 1030 3126 1085 illi
3184 1031 3424 1099 habens,
3487 1031 3594 1089 49

1953 1137 2127 1190 quem
2159 1138 2261 1193 per
2287 1121 2546 1194 symbola
2574 1124 2940 1193 cognoverat,
2983 1123 3112 1189 post
3158 1119 3383 1176 obitum
3417 1136 3591 1176 suum

1953 1209 2262 1281 imperium
2308 1210 2368 1265 in
2417 1226 2620 1266 omnes
2650 1216 3058 1280 suscepturum
3093 1224 3243 1264 esse.
3276 1208 3593 1280 Imaginem

1952 1296 2111 1373 enim
2158 1297 2325 1354 Jesus
2372 1297 2528 1354 Nave
2575 1296 2730 1352 ﬁlius
2770 1295 3090 1352 Servatoris
3121 1296 3300 1352 nostri
3329 1296 3548 1352 ferebat
3581 1309 3601 1350 τ

1954 1386 2052 1457 qui
2107 1402 2260 1442 unus
2291 1392 2422 1458 post
2450 1388 2649 1443 Mosen
2682 1391 2856 1458 atque
2882 1385 3395 1442 eonsumationem
3428 1402 3590 1458 sym'

1955 1476 2125 1534 bolici
2176 1476 2619 1547 umbratilisque
2667 1476 2858 1531 cultus
2896 1475 3055 1531 illius
3088 1490 3332 1546 regnum
3364 1490 3512 1529 verte
3541 1479 3598 1529 et

1953 1565 2199 1622 illustris
2246 1564 2478 1637 pietatis
2518 1565 2827 1621 manifesto
2857 1563 3132 1636 suscepit.
3163 1564 3349 1620 Moses
3380 1564 3596 1636 itaque,

1956 1662 2018 1710 ut
2046 1655 2185 1716 dixi,
2218 1654 2508 1711 distinctis
2545 1654 2866 1710 Servatoris
2898 1652 3080 1709 nostri
3111 1652 3598 1724 appellationibus

1955 1759 2103 1815 quas
2151 1760 2379 1800 summo
2430 1743 2648 1799 honore
2695 1747 2751 1799 et
2779 1742 2962 1810 gloria
2990 1740 3196 1796 extulit
3226 1745 3284 1796 et
3312 1741 3599 1796 condeco-

1955 1834 2121 1901 ravit,
2174 1832 2428 1904 pontiﬁci
2484 1833 2738 1904 quidem,
2792 1830 3043 1896 Christi;
3092 1829 3413 1886 successori
3461 1845 3596 1885 vero

1952 1939 2059 1979 suo
2090 1922 2243 1990 duci,
2273 1922 2414 1978 Jesu
2450 1938 2661 1977 nomen
2693 1918 3298 1991 magniﬁcentissime,
3331 1936 3442 1974 non
3471 1918 3595 1973 sine

1950 2027 2160 2068 arcano
2207 2017 2265 2066 et
2311 2011 2535 2082 ingenti
2584 2011 2888 2083 mysterio,
2939 2006 3166 2064 tribuit.
3199 2008 3348 2075 Quin
3399 2015 3453 2063 et
3500 2007 3599 2062 alii

1950 2106 2077 2172 post
2103 2100 2273 2156 illum
2307 2100 2620 2172 propheta,
2654 2105 2852 2170 aperte
2880 2106 2935 2154 et
2964 2097 3366 2170 significanter
3398 2100 3603 2153 admo-

1948 2191 2110 2256 dum,
2159 2190 2522 2245 Servatorem
2572 2187 2869 2245 Christum
2920 2188 3318 2244 nominarunt.
3354 2185 3597 2257 Spiritus

1948 2278 2119 2346 enim,
2151 2278 2346 2349 inquit
2372 2277 2679 2345 Jeremias,
2709 2286 2839 2332 ante
2864 2278 3066 2345 faciem
3109 2278 3348 2332 nostram
3381 2293 3400 2330 :
3433 2274 3595 2330 Chri-

1947 2374 2061 2424 stus
2117 2369 2385 2424 Dominus
2436 2366 2854 2438 comprehensus
2916 2372 2995 2421 est
3039 2366 3102 2420 in
3157 2364 3599 2431 corruptionibus

1947 2473 2137 2514 eorum
2161 2456 2203 2513 δ.
2234 2461 2300 2511 Et
2346 2456 2527 2512 David
2568 2474 2582 2514 :
2617 2457 2949 2522 Astiterunt,
2991 2454 3092 2522 ait,
3126 2470 3279 2523 rege:
3327 2458 3511 2531 terrai,
3544 2464 3597 2511 et

1948 2549 2221 2617 mincipes
2265 2552 2636 2601 convenerunt
2664 2545 2725 2600 in
2756 2562 2948 2611 unum,
2983 2544 3243 2599 adversus
3282 2544 3597 2607 Dominum,

1948 2638 2001 2690 et
2049 2633 2305 2689 adversus
2354 2633 2630 2688 Christum
2675 2636 2796 2701 eius
2825 2634 2865 2687 τ.
2919 2632 3139 2697 Quibus
3194 2632 3385 2687 verbis
3432 2631 3601 2686 dein-

1951 2742 2086 2797 ceps
2134 2724 2238 2780 illa
2266 2725 2477 2781 infert:
2511 2726 2774 2781 Dominus
2817 2724 2965 2780 dixit
2996 2724 3066 2779 ad
3094 2739 3200 2791 me,
3233 2724 3406 2779 Filius
3442 2740 3598 2778 meus

1948 2831 2003 2871 es
2031 2821 2110 2881 tu,
2142 2830 2238 2885 ego
2266 2814 2426 2871 hodie
2452 2814 2624 2883 genui
2654 2822 2706 2869 te
2729 2814 2770 2869 ⁸.
2796 2812 2911 2869 Ηοο
2949 2812 3144 2883 ipsum
3179 2828 3350 2883 porro
3379 2810 3597 2868 Christi

1948 2904 2318 2961 veneratione
2337 2904 2581 2976 dignum
2614 2920 2847 2970 nomen,
2871 2919 2983 2958 non
3017 2902 3205 2959 solum
3238 2916 3338 2956 eos
3367 2901 3469 2973 qui
3500 2917 3596 2955 εει

1950 2993 2207 3049 cordotio
2237 2992 2595 3049 cohonestati
2626 2997 2842 3062 essent,
2867 2992 3086 3047 factitio
3116 2990 3418 3047 exornavit
3448 2988 3594 3057 oleo,

1949 3080 2127 3153 idque
2176 3098 2280 3153 per
2326 3080 2682 3153 symbolum,
2714 3083 2811 3138 sed
2863 3086 2919 3136 et
2969 3096 3133 3153 reges
3181 3081 3357 3152 ipsos.
3396 3079 3597 3135 Divina

1950 3172 2106 3226 enim
2156 3171 2327 3226 hosce
2378 3172 2726 3243 inungentes
2770 3171 3017 3243 Spiritu,
3052 3170 3267 3242 quibus
3315 3169 3372 3224 id
3406 3169 3598 3224 fuerat

215 3254 437 3330 ἐξουσίας
492 3261 594 3312 τοῦ
655 3261 917 3327 Σωτῆρος
970 3256 1132 3327 ἡμῶν
1190 3254 1372 3325 Ἰησοῦ
1426 3241 1679 3328 Χριστοῦ.
1741 3255 1841 3311 Ναὶ

1952 3261 2348 3329 commissum,
2378 3241 2635 3318 Christos
2686 3276 2787 3333 per
2816 3241 3149 3332 imaginem
3197 3262 3255 3313 et
3285 3258 3595 3327 faciebant,

219 3348 314 3417 μὴν
341 3346 566 3401 καὶτῶν
620 3349 921 3422 προφητῶν
966 3344 1116 3404 τινας
1168 3343 1433 3410 Χριστούς
1477 3365 1537 3420 γε
1585 3346 1719 3399 εἶναι
1766 3349 1845 3415 τῷ

217 3435 330 3506 θείῳ
387 3435 665 3507 Πνεῦματι
714 3433 1141 3507 κατειλήφαμεν.
1195 3434 1300 3489 Καὶ
1358 3433 1462 3509 γάρ
1519 3455 1637 3495 πως
1693 3435 1842 3488 οὗτοι

217 3528 397 3587 πάντες
426 3526 565 3600 πρὸς
610 3524 703 3578 τὸν
753 3525 918 3596 μόνον
962 3522 1221 3598 ἀρχιερέα
1267 3527 1375 3578 τῶν
1426 3524 1570 3579 ὅλων
1619 3526 1709 3579 καὶ
1738 3525 1846 3579 πα-

223 3633 310 3684 σης
338 3614 565 3674 κτίσεως
618 3611 865 3686 βασιλέα,
898 3611 987 3666 καὶ
1039 3613 1204 3685 μόνον
1237 3614 1526 3690 προφήτην
1565 3613 1690 3668 ῦντα
1733 3616 1841 3667 τῶν

223 3709 528 3780 προφητῶν,
590 3701 683 3757 τὸν
771 3705 1004 3776 Σωτῆρα
1074 3702 1334 3772 Χριστὸν,
1400 3703 1499 3770 τὴν
1571 3702 1844 3780 ἀναφορὰν

224 3791 380 3870 εἶχον.
421 3788 727 3860 ’Δπόδειξις
762 3786 807 3845 δ’
845 3789 1077 3865 ἐναργὴς
1125 3791 1186 3845 τὸ
1222 3791 1297 3861 μή
1348 3812 1454 3845 τινι
1497 3795 1607 3846 τῶν
1655 3792 1847 3865 ἀρχιε-

225 3880 343 3952 ρέων
391 3882 478 3935 καὶ
516 3878 789 3955 βασιλέων
836 3878 925 3933 καί
973 3885 1292 3957 προφητῶν,
1330 3885 1438 3935 τῶν
1489 3876 1845 3952 συμϐολικῶς

220 3970 581 4043 κεχρισμένων
611 3972 691 4039 τῷ
740 3966 948 4022 τούτου
1001 3968 1254 4039 ὀνόματι,
1307 3969 1573 4039 τοσαύτην
1622 3989 1847 4045 προσγε-

221 4058 378 4113 νέσθαι
412 4057 643 4131 δύναμιν
675 4053 944 4118 θεοειδοῦς
973 4056 1193 4131 ἀρετῆς,
1243 4056 1375 4125 ὅσην
1423 4054 1560 4125 δῆτα
1591 4059 1618 4112 ὁ
1653 4057 1845 4131 Κύριος

220 4146 365 4219 ἡμῶν
431 4148 645 4217 Ἰησοῦς
701 4144 793 4199 καὶ
850 4149 970 4199 ταῖς
1030 4144 1311 4215 ἀληθείαις
1368 4141 1538 4208 ὅντως
1610 4147 1849 4217 Χριστὸς

223 4231 535 4306 ἐπεδείξατο,
571 4231 782 4288 οἳκοθεν
814 4227 983 4307 ἔχων.
1018 4231 1180 4288 Ἀλλ’
1226 4229 1353 4287 οὐδέ
1382 4255 1489 4287 τινι
1536 4239 1642 4289 τῶν
1678 4236 1847 4289 ἁπάν-

220 4345 318 4379 των
346 4325 551 4399 ἒγένετο
591 4323 720 4384 τοὺς
770 4322 819 4390 ἐξ
866 4320 1072 4376 ἐκείνου
1127 4321 1203 4384 εἷς
1257 4322 1499 4392 ὑπήκοον
1548 4324 1847 4379 καταστάν-

220 4434 303 4474 τας
362 4412 421 4467 ἐκ
474 4420 578 4481 τῆς
669 4410 944 4478 εἶκονικῆς
1044 4409 1335 4483 ὀνομασίας
1420 4417 1847 4487 προσαγορεῦσαι

227 4501 600 4576 Χριστιανοὺς,
631 4502 723 4555 καί
764 4500 913 4554 ταῦτ’
961 4497 1197 4554 ἐπιπολὺ
1247 4498 1407 4571 δόξης
1445 4522 1504 4555 τε
1549 4503 1638 4554 καὶ
1682 4508 1850 4574 τιμῆς

1948 3352 2006 3406 et
2054 3351 2365 3423 ungebsnt.
2421 3349 2902 3421 Quandoquidem
2960 3354 3017 3404 et
3068 3349 3303 3421 regibus
3358 3348 3596 3403 omnino

1950 3437 2069 3511 typi
2118 3439 2354 3510 quidam
2408 3448 2462 3496 et
2510 3440 2703 3512 figure
2750 3440 3003 3505 inerant,
3034 3438 3151 3492 veri
3200 3437 3362 3509 regni
3409 3440 3466 3491 et
3495 3451 3595 3508 po-

1952 3529 2171 3581 testatis
2214 3527 2529 3582 Servatoris
2580 3526 2763 3583 nostri
2809 3526 2947 3583 Jesu
3000 3525 3216 3580 Christi
3264 3524 3323 3579 in
3368 3538 3595 3579 omnes.

1952 3614 2233 3670 Ceterum
2265 3621 2322 3670 et
2353 3616 2664 3687 prophetas
2712 3617 2995 3687 quosdam
3036 3614 3294 3671 Christos
3332 3627 3483 3681 esse,
3514 3611 3596 3665 di-

1951 3703 2070 3760 vini
2136 3705 2384 3775 Spiritus
2451 3706 2733 3762 instinctu
2816 3705 3199 3775 percepimus.
3255 3701 3483 3759 Etenim
3554 3700 3597 3755 ii

1950 3809 2176 3862 omnes,
2201 3795 2270 3848 ad
2296 3794 2536 3850 unicum
2571 3794 2907 3850 Pontificem
2933 3793 3218 3859 omnium,
3239 3795 3296 3846 et
3315 3794 3594 3845 creatura;

1952 3884 2147 3940 omnis
2176 3900 2392 3955 regem,
2425 3885 2732 3957 solumque
2766 3884 3177 3955 prophetarum
3225 3881 3596 3953 Prophetam,

1952 3971 2305 4028 Servatorem
2336 3973 2657 4040 Christum,
2681 3978 3006 4044 respectum
3035 3987 3211 4027 suum
3244 3970 3596 4025 habuerunt.

1953 4061 2015 4116 Id
2065 4060 2208 4116 illud
2258 4061 2580 4119 clarissime
2626 4062 2898 4131 ostendit,
2932 4064 3082 4132 quod
3140 4059 3284 4116 nulli
3333 4059 3598 4115 omnium

1954 4148 2313 4221 pontiﬁcum,
2347 4166 2571 4222 regum,
2603 4157 2660 4208 et
2691 4150 3125 4222 prophetarum,
3149 4149 3250 4221 qui
3280 4146 3600 4221 symbolice

1954 4236 2134 4307 hujus
2183 4241 2419 4295 nomine
2464 4241 2615 4296 uncti
2667 4241 3052 4310 honoratique
3093 4247 3252 4305 sunt,
3284 4243 3449 4293 tanta
3505 4237 3602 4292 di-

1954 4326 2103 4382 vinie
2135 4326 2361 4384 virtutis
2408 4330 2494 4384 vis
2539 4330 2649 4383 fuit
2677 4332 2736 4385 et
2765 4332 3035 4399 potestas,
3068 4332 3347 4399 quantam
3380 4324 3602 4382 scilicet

1956 4413 2239 4472 Dominus
2290 4421 2490 4473 noster
2535 4418 2725 4484 Jesus,
2777 4421 2832 4473 et
2879 4417 3073 4489 reipsa
3122 4432 3251 4471 vere
3308 4415 3600 4480 Christus,

1955 4504 2212 4561 nativam
2264 4510 2321 4561 et
2352 4508 2645 4577 prapriam
2695 4523 2819 4563 eam
2857 4506 3099 4573 habens,
3131 4505 3380 4562 ostendit
3429 4508 3601 4573 atque

225 4592 608 4677 προελθόντων.
663 4587 803 4647 Οὐδὲ
829 4590 1063 4659 τοσαύτη
1107 4587 1267 4660 ἄλλῳ
1296 4610 1356 4663 γε
1404 4592 1678 4664 περιήφθη
1711 4594 1844 4661 τιμή

1958 4591 2239 4648 exhibuit.
2274 4595 2384 4650 Sed
2420 4596 2557 4651 nulli
2592 4596 2768 4651 etiam
2799 4612 2867 4651 ex
2895 4596 3168 4651 omnibus
3199 4593 3307 4650 hoc
3333 4590 3599 4663 contigit,

224 4684 310 4733 τοῦ
338 4675 675 4752 σεϐάσματος
706 4679 795 4732 καί
851 4677 986 4749 μετά
1030 4678 1131 4745 τὴν
1165 4674 1443 4747 τελευτήν,
1489 4678 1564 4740 ὡς
1594 4678 1683 4732 καὶ
1716 4679 1849 4754 ὑπὲρ

227 4767 377 4822 αὐτοῦ
403 4768 554 4831 τινάς
582 4767 644 4823 τὸ
692 4770 790 4839 ζῇν
842 4764 903 4819 ὲκ
949 4769 1046 4820 τοῦ
1098 4764 1296 4840 ῥᾴστου
1346 4763 1490 4841 ἔχειν
1540 4764 1847 4837 προίεσθαι.

226 4855 368 4912 Ἀλλ’
396 4855 521 4912 οὐδὲ
552 4856 775 4926 σεισμός
819 4875 904 4916 τις
953 4853 1283 4927 οἰκουμένης
1332 4854 1421 4908 καὶ
1466 4855 1679 4924 κίνησις
1725 4857 1848 4930 περί

228 4962 347 4998 κατα
380 4949 487 5000 τῶν
518 4943 568 5015 ἐξ
611 4944 809 5004 αἰῶνος
855 4940 1087 5012 τοσαύνη
1145 4939 1373 5016 ἐγένετο,
1433 4941 1531 5013 ὅση
1578 4944 1701 5016 περὶ
1760 4945 1851 4999 αύ-

225 5033 342 5089 τόν·
376 5037 455 5090 ὅτι
488 5055 552 5110 γε
586 5030 726 5107 μηδὲ
773 5033 959 5099 ἱκανήν
1010 5031 1141 5086 εἶναι
1181 5036 1278 5086 τοῦ
1326 5031 1498 5088 τύπου
1545 5035 1644 5103 τὴν
1691 5032 1849 5091 δύνα-

230 5144 313 5194 μιν
339 5124 556 5179 τοσαῦτ’
586 5121 841 5198 ἐνεργεῖν,
874 5118 974 5175 ὅσα
1005 5117 1142 5188 δῆτα
1189 5121 1277 5175 καὶ
1309 5123 1409 5191 τήν
1452 5128 1551 5191 τῆς
1584 5122 1848 5194 ἀληθείας

225 5214 565 5287 παράστασιν,
623 5211 659 5281 ἢ
718 5208 807 5265 διά
860 5214 958 5287 τοῦ
1017 5216 1279 5283 Σωτῆρος
1352 5212 1512 5281 ἡμῶν
1566 5210 1846 5285 ἀριδήλως

223 5298 477 5357 ἐδείκνυτο
502 5322 515 5334 ·
561 5302 618 5364 ὅς
646 5323 706 5374 γε
737 5297 861 5355 οὐδέ
882 5321 936 5354 τι
966 5303 1071 5352 τῶν
1125 5298 1223 5353 ὅσα
1272 5299 1441 5371 σεμνά
1469 5320 1526 5353 τε
1556 5302 1642 5355 καὶ
1692 5301 1849 5374 τίμια

221 5391 352 5464 παρά
377 5413 471 5446 του
515 5387 721 5460 λαϐὼν,
772 5389 899 5444 ἀλλ’
941 5385 1066 5443 οὐδὲ
1104 5388 1166 5441 τὸ
1204 5388 1351 5463 γένος
1391 5387 1442 5461 ἐξ
1477 5388 1661 5460 ἱερέων
1703 5392 1848 5466 τάχα

223 5481 492 5556 κατάγωνσ
555 5479 676 5536 οῦδὲ
729 5499 838 5535 τισι
897 5475 1228 5540 δυναστείαις
1279 5476 1367 5533 ἐπὶ
1414 5478 1513 5547 τήν
1568 5479 1844 5554 βασιλείαν

296 5660 318 5693 ⁸
344 5661 560 5719 Thren.
588 5677 667 5729 IV,
693 5660 787 5720 20.
811 5661 833 5698 "
861 5657 1021 5719 Psal.
1050 5675 1114 5725 ιι,
1143 5658 1203 5734 2,
1229 5655 1256 5694 ⁸
1276 5656 1421 5718 ibid.
1447 5658 1539 5716 20.

1963 4687 2026 4738 ut
2054 4698 2152 4737 eos
2184 4683 2279 4755 qui
2335 4702 2396 4740 se
2427 4685 2543 4740 illis
2576 4691 2639 4741 ut
2668 4686 2932 4742 subditos
2969 4687 3362 4756 subjcceruut,
3394 4680 3599 4752 imagi-

1961 4774 2123 4830 nario
2153 4779 2210 4831 et
2243 4777 2542 4834 umbratili
2573 4779 2808 4834 nomine
2848 4776 3202 4834 Christianos
3234 4773 3603 4843 cognomina-

1956 4868 2085 4919 rent
2118 4881 2132 4919 :
2167 4863 2278 4921 50
2309 4882 2444 4921 cum
2492 4867 2577 4922 illi
2621 4876 2813 4924 tamen
2846 4868 2917 4923 ad
2948 4866 3241 4934 ingentem
3272 4862 3515 4934 gloriam
3546 4865 3603 4916 et

1955 4950 2236 5009 honorem
2285 4957 2724 5026 processissent.
2755 4958 2879 5012 Jam
2931 4970 3035 5009 nec
3064 4952 3162 5007 alii
3192 4950 3445 5024 cuipiam
3477 4954 3603 5006 tan-

1955 5044 2055 5095 tus
2085 5041 2261 5098 etiam
2293 5050 2426 5114 post
2451 5044 2677 5099 obitum
2710 5044 3027 5100 attributus
3057 5046 3146 5096 est
3173 5040 3387 5100 cultus.
3420 5048 3474 5095 et
3501 5055 3603 5095 ve-

1956 5132 2274 5189 nerationis
2318 5134 2522 5202 honor,
2558 5140 2621 5189 ut
2654 5151 2754 5205 pro
2797 5135 2923 5203 ejus
2973 5131 3209 5187 nomine
3234 5129 3425 5202 ipsam
3457 5144 3603 5200 quo-

1955 5236 2064 5290 que
2122 5221 2299 5278 vitam
2348 5224 2526 5295 aliqui
2577 5239 2693 5278 non
2746 5225 2978 5293 gravate
3033 5219 3203 5275 vilem
3263 5218 3603 5283 habuerint,

1955 5309 2393 5383 amiserintque.
2434 5313 2677 5382 Insuper
2726 5325 2907 5380 neque
2960 5310 3111 5364 circa
3160 5323 3521 5379 quemquam
3573 5323 3606 5362 a

1956 5401 2176 5455 mundo
2205 5402 2457 5469 condito,
2490 5405 2694 5456 tantus
2724 5404 2916 5455 motus
2946 5404 3002 5454 et
3032 5396 3340 5454 concussio
3369 5396 3608 5453 habita-

1953 5486 2093 5544 bilis
2155 5494 2341 5558 terre,
2393 5494 2652 5562 quantus
2707 5490 2859 5545 circa
2915 5503 3070 5550 cum,
3120 5486 3248 5543 fuit.
3303 5485 3608 5544 Enimvero
