3950 6214
433 387 548 453 631

1741 401 2166 465 NICEPHORI
2209 405 2562 468 CALLISTI

3715 407 3823 468 632

435 529 560 587 ﬁeri
613 531 958 604 neutiquam
1011 547 1195 601 posse,
1231 537 1294 589 ut
1331 532 1418 590 vi
1447 541 1502 590 et
1541 534 1724 592 virtus
1755 536 1877 609 typi
1907 541 2083 612 atque

2212 539 2408 612 ἱχθεῖς,
2445 535 2566 594 οὕτε
2600 540 2706 614 μὴν
2757 541 3046 618 προφήτης
3089 541 3164 602 ὡς
3209 540 3264 594 οἱ
3310 537 3484 594 πάλαι
3527 541 3828 612 γενόμενος,

433 619 686 694 maginis
739 627 970 676 tantum
1025 622 1312 692 perficiat,
1346 629 1632 694 quantum
1683 626 1960 682 nimirum
2003 645 2096 684 ve-

439 693 648 765 iritatis
679 710 864 780 ipsius
895 714 1322 781 repraesentatio
1353 693 1408 768 et
1437 713 1736 780 exhibitio,
1767 732 1830 771 ea
1880 733 2008 788 quae
2039 717 2096 773 in

439 800 740 856 Servatore
797 805 995 856 nostro
1061 805 1150 856 est
1219 809 1516 874 perspecta
1579 810 1856 876 potestas,
1917 807 2098 862 mani-

438 889 727 944 festisime
759 891 1096 960 comprobat
1125 901 1180 946 et
1231 892 1506 948 declarat.
1542 895 1650 961 Qui
1693 897 1930 966 quidem
1961 914 2096 952 cum

445 978 592 1032 nihil
621 995 819 1032 eorum
852 995 980 1048 qum
1019 981 1330 1052 magniﬁca
1358 985 1410 1036 et
1437 983 1786 1053 praestabilis
1810 985 2099 1041 habentur

445 1085 478 1121 a
509 1069 786 1140 quopiam
819 1071 1140 1140 accepisset
1163 1088 1176 1124 :
1197 1073 1296 1126 sed
1329 1089 1519 1144 neque
1548 1089 1733 1144 genus
1767 1077 2008 1132 fortasse
2027 1094 2096 1134 ex

451 1159 822 1214 sacerdotum
867 1161 1070 1214 ordine
1103 1161 1380 1228 duxisset,
1417 1179 1600 1234 neque
1641 1165 1850 1236 opibus
1883 1165 2095 1237 aliqui—

445 1245 556 1302 bus
588 1247 658 1301 ad
697 1263 938 1318 regnum
971 1253 1200 1306 evectus
1230 1257 1384 1306 esset
1417 1267 1430 1306 :
1467 1269 1650 1323 neque
1684 1271 1781 1323 pro
1815 1257 2096 1326 propheta

447 1341 512 1390 ut
547 1340 762 1390 veteres
793 1336 898 1400 illi,
933 1354 996 1392 se
1029 1339 1322 1409 gessisset,
1359 1357 1544 1412 neque
1591 1344 1871 1414 dignitate
1901 1346 2097 1417 aliqua

449 1443 481 1480 a
526 1427 746 1482 Judeis
794 1435 996 1484 auctus
1027 1436 1180 1485 esset
1213 1451 1227 1498 ;
1263 1433 1528 1503 quamvis
1563 1451 1662 1502 per
1690 1451 1750 1490 se
1783 1437 1976 1508 ipsum
2013 1455 2094 1493 re-

449 1534 586 1572 vera
614 1519 808 1572 omnia
839 1536 872 1574 a
897 1519 1080 1588 Patre,
1105 1525 1161 1576 et
1187 1537 1302 1577 non
1337 1539 1437 1592 per
1457 1525 1720 1595 symbols
1751 1531 1850 1582 aut
1885 1527 2096 1597 ﬁguras

453 1606 724 1663 haberet:
748 1607 1010 1664 Christus
1039 1613 1232 1666 tamen
1269 1627 1379 1682 pra:
1411 1614 1680 1670 omnibus
1703 1615 1818 1671 illis
1850 1619 2098 1673 maxime

453 1700 543 1750 est
589 1696 976 1765 renuntiatus,
1011 1703 1183 1770 atque
1237 1699 1611 1757 declaratus:
1658 1707 1714 1758 et
1777 1721 1906 1759 cum
1961 1707 2099 1761 orbe

453 1784 760 1840 habitabili
795 1786 1064 1843 univero
1105 1804 1421 1861 cognonem
1471 1793 1646 1848 simul
1697 1811 1893 1858 suum,
1928 1793 2096 1850 simul

2207 627 2332 684 ἀλλ’
2364 626 2488 684 οὐδέ
2512 650 2658 690 τινος
2711 629 2858 702 ἀξίας
2903 631 3048 704 παρά
3097 627 3391 690 Ἰουδαίοις
3442 627 3830 702 ἒνευπορτξσας·

2207 718 2301 772 κάν
2329 724 2448 778 ταῖς
2479 717 2764 789 ἀληθείαις
2813 721 2987 773 πάντα
3037 720 3158 795 εἶχε
3205 719 3497 792 πατρόθεν,
3543 717 3590 772 εἰ
3638 719 3722 772 καὶ
3765 719 3836 792 μῆ

2207 803 2584 880 συμϐολικῶς,
2634 809 2872 882 Χριστὸς
2919 805 3134 880 μᾶλλον
3183 807 3402 862 ἐκείνων
3453 807 3672 862 πάντων
3721 808 3838 876 ἀνη-

2204 897 2440 971 γορεύθη
2477 917 2489 929 ·
2557 897 2646 952 καὶ
2709 896 2851 972 πάσῃ
2921 900 2990 970 τῇ
3061 895 3354 970 οἰκουμένῃ
3433 903 3532 964 τῆς
3593 895 3838 974 σφετέρας

2207 986 2576 1062 προσηγορίας
2621 986 2710 1042 καὶ
2761 989 2857 1056 τῆς
2907 993 3108 1059 σεμνῆς
3159 985 3444 1046 πολιτείας
3501 982 3836 1058 μετέδωκεν·

2207 1075 2268 1130 οὑ
2320 1076 2472 1138 σκιὰς
2525 1076 2612 1129 καὶ
2662 1076 2867 1138 τύπους
2917 1075 3006 1130 καὶ
3057 1073 3288 1138 εἰκόνας,
3339 1075 3414 1134 ὡς
3471 1073 3688 1148 τοπρἱν,
3743 1077 3838 1126 τῶν

2205 1163 2412 1234 καλῶν,
2461 1163 2590 1220 ἀλλ’
2637 1164 2800 1226 αὐτὰς
2849 1165 3057 1240 γυμνὰς
3114 1163 3210 1224 τὰς
3257 1163 3450 1237 ἀρετὰς
3507 1163 3838 1236 παρασχών

2209 1252 2322 1327 βίον
2361 1253 2417 1308 τέ
2464 1275 2583 1308 τινα
2627 1253 2916 1328 διηρμένον
2963 1252 3052 1307 καὶ
3105 1252 3358 1326 οὐράνιον
3407 1253 3543 1324 μετά
3591 1256 3702 1306 τῶν
3749 1257 3840 1318 τῆς

2204 1342 2464 1412 ἀληθείας
2526 1340 2816 1418 δογμάτων
2863 1347 2980 1405 τοῖς
3031 1343 3320 1403 θιασώταις
3371 1339 3714 1406 καταλιπὼν,
3759 1339 3838 1392 ἅτε

2205 1430 2278 1486 ὢν
2313 1433 2475 1493 αὐτὸς
2505 1437 2624 1493 ταῖς
2675 1431 2959 1502 ἀληθείαις
3005 1432 3258 1506 Χριστὸς,
3309 1433 3338 1485 ὁ
3383 1433 3482 1485 τοῦ
3530 1433 3666 1485 Θεοῦ
3715 1447 3838 1482 παν-

2204 1519 2410 1583 τέλειος
2463 1521 2664 1595 Λόγος,
2698 1522 2725 1574 ὁ
2760 1522 2835 1594 μή
2881 1525 2959 1592 τῷ
2999 1524 3296 1592 σκευαστῷ,
3347 1517 3530 1593 ὥσπερ
3577 1516 3715 1588 δῆτα
3759 1519 3836 1572 καὶ

2207 1609 2258 1665 οἱ
2291 1610 2497 1676 λοιποὶ,
2529 1607 2678 1664 ἀλλὰ
2705 1613 2783 1681 τῷ
2813 1609 2940 1682 θείῳ
2989 1613 3210 1688 φυσικῷ
3263 1607 3507 1683 χρισθεὶς
3549 1605 3838 1678 Πνεύματι⁸

2211 1699 2358 1770 εἷ’περ
2411 1698 2580 1754 ἐκεῖνο
2627 1703 2723 1754 τοῦ
2777 1697 2996 1754 Ἡσαΐου
3039 1699 3138 1766 τῆν
3191 1695 3492 1772 μαρτυρίαν
3557 1695 3840 1768 παρέχεται

2209 1787 2565 1860 ἀξιόπιστόν·
2605 1792 2870 1862 Πνεῦμα
2901 1787 3151 1862 Κυρίου
3182 1786 3280 1842 ἐπ’
3311 1785 3458 1860 ἐμὲ,
3501 1783 3574 1839 οὗ
3605 1781 3842 1839 εἵνεκεν

455 1879 514 1930 et
565 1877 888 1930 veneranda
929 1881 988 1931 et
1034 1859 1234 1933 sancta
1283 1879 1553 1936 instituta
1605 1899 1910 1955 moresque
1958 1901 2098 1940 suos

2212 1873 2444 1956 ἔχρισέ
2493 1897 2600 1950 με,
2651 1877 2743 1931 καὶ
2780 1878 2845 1930 τὰ
2890 1877 3050 1946 ἓξῆς’
3107 1875 3196 1930 καὶ
3245 1876 3307 1930 τὸ
3355 1879 3456 1929 τοῦ
3503 1873 3652 1928 θείου
3697 1869 3842 1928 πάλιν

458 1963 909 2020 communicavit
941 1983 954 2020 :
990 1982 1102 2021 non
1137 1967 1398 2036 umbras,
1426 1973 1592 2040 typos
1623 1977 1679 2026 et
1707 1971 2015 2044 imagines,
2037 1977 2100 2028 ut

457 2059 624 2108 antea
672 2053 890 2108 factum
945 2055 1148 2124 fuerat,
1183 2071 1374 2112 rerum
1425 2059 1964 2130 pulcherrimarum,
1996 2063 2097 2118 sed

461 2141 794 2197 manifestas
825 2144 975 2212 ipsas
1005 2151 1058 2199 et
1097 2161 1250 2200 veras
1283 2148 1528 2202 virtutes
1559 2148 1859 2219 exhibens,
1895 2151 2102 2206 vitam-

458 2245 569 2301 que
612 2232 924 2300 quamdam
977 2233 1290 2290 sublimem
1341 2241 1397 2289 et
1443 2235 1756 2306 caelestem,
1805 2255 1923 2294 una
1971 2255 2100 2294 cum

457 2319 716 2375 veritatis
765 2321 1154 2392 dogmatibus,
1187 2323 1271 2378 eis
1312 2325 1456 2393 ipsis
1487 2327 1588 2397 qui
1619 2329 1798 2382 sacris
1827 2329 1954 2398 eius
1983 2329 2102 2383 ini-

457 2409 584 2464 tiati
633 2415 847 2476 essent,
881 2411 1238 2483 relinquens,
1273 2415 1604 2482 ipsissimus
1657 2417 1880 2472 scilicet
1920 2427 1973 2473 et
2021 2436 2104 2474 ve-

459 2499 728 2556 rissimus
785 2499 1070 2570 Christus,
1129 2503 1618 2570 perfectissimum
1678 2506 1778 2561 Dei
1823 2507 2103 2578 Verbum,

459 2587 558 2658 qui
613 2603 730 2644 non
781 2588 998 2646 factitio
1039 2591 1276 2663 perinde
1307 2597 1482 2665 atque
1512 2595 1743 2666 reliqui,
1773 2597 1876 2651 sed
1908 2597 2104 2654 divino

459 2677 796 2732 naturaliter
846 2683 1064 2735 unctus
1115 2687 1270 2736 esset
1301 2681 1538 2754 Spiritu.
1567 2683 1748 2754 Cujus
1781 2685 1860 2740 rei
1899 2687 2106 2742 certis-

460 2765 664 2822 simam
719 2765 890 2822 fidem
943 2767 1078 2823 facit
1127 2767 1274 2824 illud
1327 2771 1484 2827 Isaia:
1531 2773 1816 2829 verbum:
1867 2773 2106 2846 Spiritus

460 2853 680 2910 Domini
706 2871 868 2925 super
897 2871 999 2924 me,
1029 2863 1318 2928 propterea
1360 2861 1503 2932 quod
1533 2861 1693 2916 unxit
1738 2878 1843 2930 me,
1876 2867 1934 2918 et
1977 2880 2105 2934 quae

457 2947 786 3012 sequuntur
804 2942 847 2998 ο.
873 2943 1098 3000 Rursus
1129 2943 1271 3002 illud
1304 2947 1482 3002 divini
1513 2948 1746 3005 Davidis
1771 2965 1785 3005 :
1815 2955 2104 3021 Propterea

459 3035 624 3086 unxit
651 3036 702 3087 te
733 3032 893 3098 Deus,
927 3033 1063 3088 Deus
1094 3041 1241 3104 tuus,
1267 3037 1382 3092 oleo
1411 3038 1815 3107 exsultationis,
1847 3056 1960 3110 prae
1988 3055 2106 3096 con-

457 3121 690 3176 sortibus
733 3123 841 3176 tuis
874 3123 936 3174 ιθ.
975 3123 1080 3178 Ubi
1131 3123 1186 3178 id
1236 3123 1410 3180 etiam
1444 3127 1598 3195 quod
1651 3127 1990 3198 longissime
2020 3130 2104 3184 eis

459 3215 708 3280 praestet,
761 3213 858 3282 qui
909 3213 1198 3282 quondam
1253 3214 1596 3286 imaginarie
1645 3217 1804 3272 uncti
1857 3219 2103 3285 fuerant,

459 3299 603 3354 satis
635 3301 967 3356 subindicat
997 3307 1053 3357 et
1081 3303 1376 3358 describit.
1413 3305 1568 3359 Idem
1601 3307 1776 3361 David
1811 3306 1946 3362 alibi
1975 3325 2112 3378 quo-

459 3403 574 3459 que
605 3407 618 3445 :
658 3390 732 3444 Tu
759 3405 813 3444 es
840 3390 1085 3446 sacerdos
1115 3391 1176 3446 in
1223 3401 1492 3448 :elernum
1531 3395 1827 3450 secundum
1857 3397 2106 3452 ordinem

459 3477 838 3536 Melchisedech
871 3481 937 3534 ¹¹.
969 3479 1078 3544 Qui
1129 3481 1532 3550 introducitur,
1567 3500 1678 3538 non
1712 3485 1942 3540 facticio
1983 3487 2107 3540 oleo

459 3567 528 3623 ad
558 3583 858 3622 sacrorum
893 3568 1284 3625 ministerium
1323 3576 1556 3640 unctus,
1579 3589 1762 3642 neque
1784 3578 2106 3645 quidquam

459 3657 530 3712 ad
559 3657 933 3713 Hebraeorum
967 3659 1355 3714 sacerdotium
1403 3663 1702 3731 pertinens
1737 3679 1750 3716 :
1781 3665 1880 3734 qui
1912 3665 1970 3718 in
2003 3681 2107 3718 ca-

455 3747 719 3819 talogum
767 3754 825 3804 et
867 3750 1093 3820 generis
1142 3757 1574 3806 concatenatam
1605 3753 2102 3809 continuationem

459 3835 800 3892 solemniter
829 3839 1354 3908 perscribebanlur.
1389 3843 1748 3913 Quapropter
1777 3843 2098 3898 secundum

457 3925 646 3997 ipsius
676 3926 966 3992 ordinem,
990 3945 1101 3983 non
1133 3937 1324 3984 autem
1351 3931 1520 4000 juxta
1549 3932 1790 3986 aliorum
1828 3933 1925 4002 qui
1957 3949 2105 4005 sym-

459 4014 609 4078 bola,
641 4023 806 4088 typos
855 4021 910 4071 et
963 4015 1180 4088 figuras
1209 4025 1571 4090 acceperant,
1607 4021 1806 4090 ritum,
1841 4021 2106 4077 Christus

457 4107 514 4157 et
561 4105 824 4160 Pontifex
873 4111 1099 4176 recepto
1139 4107 1537 4177 jurejurando,
1589 4110 1851 4165 Servator
1903 4117 2100 4166 noster

457 4196 546 4246 est
595 4193 1012 4264 promulgatas.
1047 4193 1151 4250 5|
1196 4195 1356 4252 Unde
1409 4197 1574 4252 illum
1617 4215 1802 4269 neque
1832 4215 2102 4271 corpora~

462 4280 592 4336 liter
613 4287 872 4348 unctum,
896 4299 1084 4354 neque
1105 4301 1172 4339 ex
1203 4285 1542 4340 sacerdotali
1573 4287 1724 4342 tribu
1750 4293 1977 4354 natum,
2004 4289 2101 4360 qui

460 4373 674 4424 attente
716 4375 774 4425 et
820 4372 1128 4443 diligenter
1175 4373 1450 4430 historias
1483 4376 1725 4447 legendo
1757 4377 2100 4446 observarit,

2209 1967 2378 2022 ἐκεῖνο
2413 1961 2600 2036 Δαϐἰδ,
2635 1967 2750 2022 Διὰ
2779 1969 2982 2020 τοῦτο
3013 1959 3247 2040 ἔχρισὲ
3279 1984 3346 2019 σε
3371 1965 3398 2018 ὁ
3431 1965 3610 2030 Θεὸς,
3644 1963 3672 2016 ὁ
3703 1963 3844 2020 Θεό(

2212 2077 2356 2124 σου,
2418 2055 2656 2112 ἔλαιον
2709 2053 3183 2130 ἀγαλλιάσεως
3228 2055 3400 2123 παρὰ
3451 2051 3612 2114 τοὺς
3659 2051 3843 2124 μετό-

2211 2167 2372 2222 χους
2405 2167 2516 2200 σου
2537 2189 2550 2203 .
2584 2147 2668 2200 Ἐν
2699 2145 2744 2218 ᾦ
2774 2145 2862 2200 καὶ
2891 2144 2954 2199 τὸ
2993 2145 3112 2198 καθ’
3133 2139 3449 2216 ὑπερϐολὴν
3475 2147 3720 2216 κρεῖττον
3745 2145 3842 2194 τῶν

2211 2233 2380 2289 πάλαι
2439 2235 2720 2298 εἰκονικῶς
2765 2233 3142 2307 κεχρισμένων
3191 2231 3624 2307 καθυπογράφει.
3677 2231 3746 2286 "0
3798 2227 3838 2282 δ’

2213 2323 2374 2386 αὐτὸς
2402 2323 2492 2376 καὶ
2525 2321 2817 2396 ἀλλαχοῦ’
2855 2321 2934 2377 Σὺ
2989 2323 3052 2376 εἴ
3097 2321 3317 2394 ἱερεὺς
3365 2319 3460 2382 εἷς
3509 2319 3618 2375 τὸν
3651 2319 3842 2373 αἰῶνα

2213 2413 2374 2466 κατὰ
2403 2413 2524 2480 τήν
2557 2413 2738 2481 τάξιν
2775 2408 3234 2489 Μελχισεδέκ.
3284 2411 3386 2470 ’⁷ος
3435 2409 3726 2482 εἰσάγεται,
3773 2408 3836 2480 μή

2213 2505 2293 2572 τῷ
2359 2505 2629 2571 σκευαστῷ
2695 2499 2864 2574 ἐλαίῳ
2931 2501 3004 2561 εἰς
3071 2500 3170 2568 τήν
3235 2496 3502 2572 ἱερατείαν
3588 2496 3842 2572 χρισθεὶς,

2215 2591 2343 2646 ἀλλ’
2393 2587 2516 2645 οὐδὲ
2579 2595 2646 2664 τῇ
2705 2591 2824 2643 καθ’
2879 2583 3160 2662 Ἐϐραίους
3209 2588 3478 2661 ἱερωσύνῃ
3539 2588 3838 2660 προσήκων,

2215 2679 2312 2734 ὅσα
2361 2699 2424 2754 γε
2466 2683 2534 2752 τῇ
2593 2682 2688 2732 τοῦ
2736 2677 2924 2752 γένους
2976 2681 3129 2752 σειρᾷ
3185 2673 3620 2750 ἀναγέγραπταιο
3673 2671 3840 2746 διόπερ

2215 2770 2350 2823 κατά
2377 2770 2478 2836 τὴν
2509 2766 2674 2822 αὐτοῦ
2713 2765 2883 2837 τάξιν,
2925 2764 3052 2820 ἀλλ’
3094 2764 3155 2818 οὗ
3205 2764 3342 2818 κατά
3389 2764 3492 2832 τὴν
3531 2769 3640 2818 τῶν
3673 2759 3840 2816 ἄλλων

2215 2865 2323 2914 τῶν
2382 2851 2636 2930 σύμϐολα
2691 2856 2780 2910 καί
2833 2855 3038 2916 τόπους
3095 2853 3405 2932 εἰληφότων
3471 2850 3714 2924 Χριστὸς
3759 2848 3838 2902 καὶ

2215 2945 2502 3022 ἀρχιερεὺς
2537 2945 2671 3018 μετά
2721 2941 3113 3017 παραλήψεως,
3165 2940 3342 3015 ὅρκων
3376 2941 3404 2994 ὁ
3437 2941 3638 3014 Σωτὴρ
3697 2941 3836 3011 ἡμῶν

2213 3035 2592 3110 ἀνηγόρευται.
2627 3035 2809 3090 Ἔνθεν
2849 3053 2935 3088 τοι
2987 3030 3116 3087 οὐδὲ
3171 3029 3460 3106 χρισθέντα
3507 3031 3839 3102 σωματικῶς,

2221 3124 2330 3181 οὐδ’
2379 3125 2437 3180 ἐκ
2495 3121 2674 3202 φυλῆς
2728 3124 3004 3198 ἱερατικῆς
3061 3121 3372 3198 γενόμενον,
3429 3121 3721 3196 προσεχῶς
3771 3135 3843 3176 τις

2221 3212 2366 3288 εὕροι
2419 3234 2524 3268 που
2603 3213 2697 3275 τὰς
2757 3212 2998 3288 ἱστορίας
3073 3207 3470 3286 ἀναλεγόμενος
3505 3225 3520 3240 ·
3590 3205 3639 3275 ἐξ
3697 3205 3842 3260 αὖτοῦ

2221 3305 2404 3376 μέντοι
2435 3307 2531 3357 τοῦ
2565 3306 2698 3358 Θεοῦ
2741 3301 2830 3356 καὶ
2875 3299 3080 3375 [ἰατρὸς
3121 3299 3227 3373 πρὸ
3264 3303 3372 3353 τῶν
3421 3296 3631 3351 αἰώνων
3675 3296 3842 3370 ἀγήρω

2217 3391 2562 3468 προαιωνίως
2594 3391 2684 3446 καὶ
2715 3389 2855 3446 ἐσαεὶ
2895 3391 2992 3458 τήν
3041 3389 3340 3464 ἱερωσύνην
3383 3385 3568 3458 ὥσπερ
3611 3405 3666 3438 τι
3703 3383 3844 3458 γέρας

2219 3481 2646 3560 διακατέχοντα·
2681 3479 2787 3555 οὐχ
2825 3481 2986 3548 ἧττον
3039 3475 3096 3533 δὲ
3144 3477 3234 3532 καὶ
3283 3477 3380 3544 τὴν
3431 3475 3724 3550 ἀσωμάτου
3765 3471 3840 3525 καὶ

2219 3572 2400 3627 ἐνθέου
2435 3571 2668 3646 χρίσεως
2713 3571 2851 3642 μέγα
2885 3570 3207 3642 τεκμήριον,
3247 3567 3308 3620 τὸ
3347 3565 3438 3620 καὶ
3483 3565 3646 3637 μόνον
3697 3561 3840 3616 ﬁniv-

2216 3685 2324 3718 των
2357 3660 2436 3736 ἐφ’
2478 3659 2583 3734 ὅλῃ
2635 3663 2703 3734 τῇ
2753 3663 2850 3734 γῇ,
2899 3656 2952 3713 ἔν
2999 3678 3058 3712 τε
3107 3651 3407 3731 βαρϐάροις
3453 3653 3543 3708 καὶ
3593 3651 3836 3720 νελλησι,

2215 3751 2446 3824 Χριστὸν
2495 3749 2654 3804 αὐτὸν
2707 3747 3104 3822 ἀνομάζεσθαι·
3135 3745 3226 3800 καὶ
3268 3743 3316 3814 ἐξ
3369 3743 3576 3799 ἐκείνου
3613 3741 3670 3804 ἐς
3701 3740 3836 3812 δεῦρο

2215 3840 2358 3914 παρά
2405 3845 2522 3902 τοῖς
2581 3839 2657 3898 εἷς
2713 3838 2916 3894 ἐκεῖνον
2959 3833 3362 3901 πεπιστευκόσι,
3411 3833 3504 3887 καὶ
3553 3832 3626 3894 ὡς
3677 3828 3836 3896 ἀληθῆ

2216 3930 2343 3984 Θεὸν
2375 3930 2462 3984 καὶ
2501 3927 2736 3984 Βασιλέα
2782 3939 2872 3980 και
2915 3927 3075 3998 μόνον
3113 3923 3374 4002 ἀρχιερέα
3423 3924 3557 3976 Θεοῦ
3603 3921 3692 3974 καὶ
3721 3935 3836 3992 προ-

2215 4022 2394 4088 φήτην
2441 4017 2698 4091 τιμᾶσθαί
2725 4037 2782 4070 τε
2828 4015 2920 4071 καὶ
2968 4009 3280 4083 σεὸἀζεσθαι
3311 4031 3326 4044 ο
3359 4011 3447 4065 καὶ
3480 4011 3544 4064 τό
3575 4031 3638 4086 γε
3681 4006 3830 4079 λόγου

2215 4083 2588 4172 έπνέκειναίὼς
2623 4109 2698 4180 μὴ
2741 4105 2952 4180 χείλεσι
3005 4104 3194 4176 μόνον,
3238 4097 3380 4174 μηδὲ
3428 4083 3627 4178 ψόφοις
3675 4096 3834 4173 ῥημα-

2213 4219 2320 4251 των
2386 4195 2515 4258 τοὺς
2579 4196 2678 4264 τὴν
2747 4193 2910 4248 αὐτοῦ
2975 4191 3174 4260 κλῆσιν
3247 4187 3634 4264 ἐνδεδυμένους
3692 4189 3832 4254 τιμᾷ-ν

2217 4285 2510 4354 πείθεσθαι,
2569 4282 2714 4338 ἀλλὰ
2764 4285 2905 4355 πάσῃ
2955 4279 3188 4336 διαθέσει
3253 4283 3484 4353 ψυχῆς·
3537 4279 3612 4340 ὡς
3657 4275 3714 4330 ἐκ
3753 4275 3832 4326 τοῦ

2215 4375 2411 4448 ῥᾴστου
2457 4373 2650 4428 ἐκεῖναι
2698 4373 2914 4431 τούτοις
2973 4367 3043 4424 δι’
3101 4368 3259 4424 αὐτὸν
3311 4367 3402 4422 καὶ
3449 4365 3620 4436 αὐτήν
3668 4359 3832 4439 προδι-

459 4457 764 4514 inveniet:
797 4459 1011 4530 quippe
1059 4463 1153 4532 qui
1205 4463 1274 4518 ab
1325 4463 1454 4534 ipso
1495 4463 1609 4520 Deo
1659 4471 1718 4520 et
1747 4465 1935 4534 Patre,
1968 4479 2099 4521 ante

2216 4462 2361 4518 δόναι
2395 4463 2578 4538 ψυχὴν
2608 4462 2895 4536 αἱρεῖσθαι.

459 4547 669 4602 saecula
718 4549 971 4616 condita,
1023 4551 1442 4622 sempiternum
1492 4555 1562 4607 ab
1612 4559 1823 4609 mterno
1873 4561 1928 4610 et
1979 4557 2035 4610 in
2087 4563 2364 4611 aeternum
2413 4555 2822 4622 sacerdotium,
2868 4557 3142 4622 tanquam
3196 4565 3411 4604 munus
3462 4547 3745 4618 quoddam
3787 4545 3834 4595 et

460 4634 738 4692 honorem
797 4639 1146 4709 praecipuum
1211 4640 1487 4698 obtineat.
1545 4641 1691 4698 Illud
1751 4659 1978 4714 quoque
2041 4661 2157 4698 non
2225 4645 2419 4697 minus
2477 4647 2564 4697 est
2617 4643 2966 4709 incorporea
3031 4637 3432 4707 divinitusqus
3497 4631 3833 4689 advenientis

461 4725 753 4780 unctionis
804 4727 1034 4799 signum
1084 4737 1137 4782 et
1187 4730 1483 4796 indicium,
1518 4733 1672 4802 quod
1727 4731 1882 4786 hunc
1927 4749 1996 4788 ex
2040 4733 2314 4788 omnibus
2365 4747 2570 4796 unum,
2605 4747 2705 4801 per
2743 4745 2974 4784 omnem
3014 4733 3258 4788 terram,
3293 4725 3530 4780 Barbari
3577 4719 3744 4778 simul
3787 4721 3832 4770 et

459 4813 642 4870 Graeci
703 4815 1002 4872 Christum
1063 4819 1388 4874 nominant.
1445 4821 1508 4874 Et
1555 4821 1682 4890 jam
1741 4823 1876 4876 inde
1933 4839 1966 4877 a
2025 4823 2390 4892 temporibus
2450 4824 2577 4890 eius
2635 4823 2704 4874 ad
2761 4819 2916 4874 hunc
2971 4832 3156 4888 usque
3209 4817 3366 4870 diem
3425 4814 3484 4868 in
3543 4829 3674 4868 eum
3731 4821 3832 4863 cre-

461 4903 625 4970 dunt,
663 4910 726 4960 ut
757 4923 950 4961 verum
987 4909 1166 4963 Deum
1207 4913 1264 4964 et
1295 4909 1500 4980 Regem
1536 4911 1894 4982 unicumque
1929 4912 2266 4966 Pontiticem
2299 4911 2397 4965 Dei
2437 4915 2494 4966 et
2539 4909 2882 4980 Prophetam
2934 4923 3068 4962 eum
3114 4904 3316 4960 colunt
3365 4909 3422 4957 et
3463 4905 3830 4958 venerantur:

459 4993 675 5064 quique
729 4995 904 5066 (quod
955 4999 1272 5054 orationem
1322 5003 1379 5052 et
1425 4999 1708 5055 rationem
1760 5017 1992 5056 omnem
2051 5001 2300 5070 excellit)
2353 5000 2584 5054 nomine
2631 4999 2754 5066 ers
2793 5001 3130 5062 censentur,
3166 5008 3510 5065 persuasum
3561 4989 3702 5045 illud
3749 4987 3832 5039 ha-

461 5082 618 5152 bent,
649 5094 708 5140 ut
749 5101 860 5142 non
915 5087 1080 5142 labiis
1133 5093 1362 5144 tantum
1410 5097 1466 5144 et
1507 5093 1807 5146 verborum
1863 5091 2116 5162 strepitu
2172 5091 2360 5156 illum,
2396 5091 2493 5144 sed
2547 5089 2708 5143 omni
2743 5103 2981 5158 prorsus
3013 5087 3194 5140 animi
3226 5083 3533 5140 atl‘ectione
3563 5085 3618 5136 et
3649 5079 3832 5134 virtute

461 5175 657 5230 colant
687 5191 702 5230 :
739 5191 926 5247 usque
973 5191 1062 5243 eo,
1095 5183 1158 5233 ut
1205 5177 1274 5232 de
1325 5177 1479 5233 facili
1528 5178 1834 5234 consilium
1867 5179 2100 5248 capiant
2133 5184 2190 5234 et
2219 5183 2500 5246 statuant,
2533 5185 2588 5232 et
2619 5178 2806 5248 ipsum
2837 5181 3074 5248 propter
3103 5191 3236 5230 eum
3277 5189 3490 5244 ponere
3521 5171 3760 5226 animum
3789 5167 3832 5218 et

457 5263 660 5320 vitam.

533 5443 556 5478 ⁹
585 5445 694 5503 Isa.
727 5463 839 5514 LXI,
873 5447 898 5502 1
928 5463 943 5513 ;
975 5446 1113 5502 Luc.
1148 5463 1223 5511 1v,
1259 5447 1398 5502 18."
1429 5446 1578 5505 Psal.
1613 5465 1759 5516 xuv,
1793 5447 1894 5502 8.“
1931 5447 2083 5503 Psal.
2117 5465 2228 5516 cxx,
2261 5449 2313 5504 4.
