3950 6214
394 337 510 400 635

1696 343 2111 409 NICEPHORI
2155 339 2504 404 CALLISTI
3672 337 3770 398 536

391 472 656 531 obtineas
687 472 820 530 ﬁdei
859 477 917 531 et
949 475 1220 532 doctrina:
1270 477 1484 534 Christi
1512 480 1928 553 cognitionem,
1975 485 2035 537 ut

2152 479 2272 543 κῆς,
2303 474 2393 529 καὶ
2448 478 2550 542 τῆς
2596 475 2704 528 τῶν
2761 469 2948 528 ἄλλων
3011 466 3348 540 διαστολῆς·
3406 468 3481 523 ὧν
3511 471 3704 536 Μωσῆς
3731 467 3772 524 ὲν

393 563 728 628 sobrietate,
762 565 1142 637 temperantia
1172 569 1229 622 et
1269 568 1499 638 justitia
1540 569 1780 641 polleas,
1813 575 1878 627 ut
1905 588 2040 628 san-

394 653 641 710 ctiorem
675 655 853 710 vitam
901 654 1292 728 virtutemque
1321 656 1504 714 virilis
1551 665 1605 715 et
1634 661 1825 732 magni
1858 661 2041 717 animi

396 745 676 812 perpetuo
709 745 910 798 tenore
960 748 1294 800 constanter
1348 747 1677 809 continues,
1708 749 2040 804 interritus-

391 844 506 902 que
535 835 592 886 et
632 829 959 900 impavidus
987 831 1048 887 in
1080 833 1440 905 professione
1481 837 1711 907 pietatis
1742 838 1801 893 in
1833 843 2040 904 Deum,

391 933 495 990 per
542 919 741 976 omnia
787 921 1100 991 persistas;
1134 923 1188 977 id
1237 939 1408 979 omne
1463 943 1578 981 non
1629 929 1828 983 minus
1868 931 2042 998 atque

390 1023 516 1076 nos,
567 1007 651 1062 illi
702 1025 935 1081 quoque
978 1017 1253 1080 praestare
1300 1013 1676 1070 studuerunt.
1708 1015 1833 1071 Non
1883 1016 2039 1071 enim

388 1095 509 1152 illis
549 1099 616 1152 ad
631 1099 872 1154 modum
919 1114 1070 1154 curae
1102 1099 1208 1154 fuit
1236 1101 1324 1156 vel
1357 1102 1742 1171 circumcisio,
1777 1103 1866 1160 vel
1897 1104 2040 1159 Sab-

393 1184 656 1241 balorum
687 1187 1088 1259 testarumque
1110 1189 1335 1245 dierum
1369 1193 1733 1260 caeremonia,
1763 1193 1850 1249 vel
1874 1193 2043 1248 etiam

389 1273 802 1330 alimentorum
859 1283 912 1330 et
961 1276 1224 1332 ciborum
1276 1279 1604 1336 observatio
1652 1291 1706 1337 et
1754 1283 2040 1340 delectus:

390 1363 756 1437 aliarumque
807 1381 998 1421 rerum
1056 1367 1392 1437 discrimen,
1436 1387 1560 1442 quas
1593 1371 1786 1428 Moses
1812 1373 2040 1446 primus

392 1456 458 1508 ut
486 1453 754 1525 symbola
783 1458 838 1508 et
870 1454 1152 1527 imagines
1175 1456 1774 1532 instituens,posteris
1797 1462 1918 1518 suis
1940 1479 2041 1534 per

393 1557 603 1597 manus
633 1541 875 1598 tradidit
901 1561 914 1597 :
949 1550 1005 1600 et
1034 1561 1104 1601 ne
1132 1547 1303 1602 nobis
1335 1547 1570 1620 quidem
1603 1551 1947 1608 observandi
1974 1568 2041 1608 ea

392 1630 720 1686 necessitas
775 1631 1048 1704 imposita
1103 1639 1212 1690 est.
1272 1639 1435 1693 Certo
1484 1643 1674 1695 autem
1726 1645 1782 1695 et
1817 1639 2040 1713 liquido

392 1718 513 1775 illis
543 1720 829 1789 constitit,
858 1722 1052 1792 ipsum
1069 1722 1369 1781 Christum
1393 1731 1570 1783 Deum
1601 1729 1793 1785 visum
1813 1746 1935 1786 esse
1969 1730 2040 1784 ab

391 1807 747 1876 Abrahamo,
779 1811 1047 1866 eumdem
1092 1829 1372 1884 responsa
1401 1817 1629 1872 dedisse
1662 1817 1840 1885 Isaac,
1870 1817 2044 1874 collo-

394 1901 597 1952 cutum
655 1911 782 1954 esse
812 1915 943 1954 cum
1003 1901 1177 1956 Jacoh
1209 1920 1223 1970 ;
1257 1920 1392 1958 cum
1423 1905 1582 1960 Mose
1613 1914 1822 1975 autem,
1855 1912 1912 1962 et
1941 1906 2042 1978 qui

394 1989 527 2057 post
553 2001 686 2042 eum
721 1987 955 2043 fuerunt
989 1991 1310 2062 prephetis,
1343 1994 2039 2057 scrmonemcontulisse;

395 2087 499 2145 pro
539 2088 607 2128 eo
636 2076 811 2145 atque
851 2075 908 2130 id
957 2093 1129 2132 sacrae
1175 2079 1438 2134 indicant
1483 2080 1812 2152 Scriptura.
1856 2084 2040 2150 Quam

398 2160 472 2217 ob
503 2175 739 2218 causam
761 2167 818 2218 et
848 2163 978 2220 illos
1009 2181 1210 2222 omnes
1229 2165 1488 2234 [obscura
1517 2170 1766 2241 quadam
1799 2175 1857 2227 et
1881 2172 2043 2227 tenui

399 2250 654 2307 nominis
688 2253 774 2307 sui
813 2253 1201 2325 appellatione
1239 2257 1518 2329 dignatus
1557 2264 1665 2330 est,
1689 2261 1858 2331 juxta
1897 2259 2040 2316 illud

398 2339 700 2398 oraculare
739 2342 975 2398 verbum
1029 2362 1041 2404 ;
1075 2345 1252 2400 Nolite
1309 2352 1534 2418 tangere
1563 2347 1804 2404 Christo:
1835 2366 1984 2406 meos
2021 2367 2043 2408 :

394 2437 446 2485 et
474 2427 536 2484 in
574 2428 896 2500 phmphetis
948 2432 1088 2486 mei:
1118 2447 1188 2486 ne
1222 2431 1625 2504 malignemini.
1679 2434 1796 2493 58
1828 2435 1896 2493 Ut
1917 2437 2040 2507 jam

396 2517 740 2574 summatim
770 2517 959 2574 dicere
1007 2525 1064 2574 et
1103 2519 1377 2592 colligere
1425 2521 1612 2590 liceat,
1663 2540 1839 2594 quam
1889 2526 2040 2581 anti-

397 2603 598 2676 quitus
614 2603 855 2662 Abraha:
882 2607 1248 2663 ostendimus
1277 2608 1462 2665 fuisse
1491 2626 1627 2682 erga
1661 2612 1837 2668 Deum
1864 2613 2041 2685 pieta-

399 2697 518 2751 tem
550 2698 608 2748 et
667 2693 1029 2766 religionem,
1073 2712 1202 2752 eam
1253 2714 1369 2753 non
1427 2699 1600 2756 aliam
1632 2701 1818 2757 fuisse
1874 2701 1946 2757 ab
1975 2719 2044 2758 ea

399 2799 576 2854 quam
618 2799 802 2856 nuper
846 2802 947 2855 per
985 2785 1311 2842 doctrinam
1342 2787 1468 2859 ipse
1497 2805 1662 2844 suam
1694 2790 1954 2848 Christus
1984 2793 2043 2848 in

399 2889 603 2929 omnes
634 2873 848 2945 ubique
877 2874 1134 2948 vulgavit
1180 2881 1402 2946 gentes.
1442 2878 1640 2950 Neque
1669 2879 1805 2936 huic
1833 2882 2045 2939 rationi

400 2963 724 3035 quidquam
757 2961 900 3018 illud
951 2964 1138 3031 obest,
1169 2966 1324 3036 quod
1350 2965 1400 3022 is
1428 2966 1600 3039 longo
1632 2973 1758 3038 post
1789 2978 2044 3043 tempore

401 3051 903 3108 circumcisionem
960 3054 1261 3125 acceperit.
1294 3057 1440 3110 Ante
1488 3055 1636 3112 hanc
1660 3058 1815 3114 enim
1860 3058 2042 3129 ipsam

399 3139 514 3196 ﬁde
539 3139 920 3210 justificatum
967 3158 1101 3197 eum
1135 3143 1336 3209 fuisse,
1371 3143 1704 3201 testimonio
1735 3146 2043 3217 Scriptura:

399 3229 843 3302 comprobatum
885 3235 990 3285 est.
1051 3231 1212 3296 Quod
1247 3249 1346 3302 per
1377 3231 1520 3287 illud
1554 3235 1877 3291 astruitur:
1910 3237 2044 3292 Cre-

399 3318 539 3376 didit
567 3327 748 3375 autem
797 3319 1074 3375 Abraham
1113 3322 1238 3383 Deo.
1295 3332 1348 3377 et
1403 3321 1739 3394 imputatum
1777 3329 1855 3380 est
1895 3327 2046 3382 eiad

390 3411 674 3483 justitiam
706 3409 953 3466 “.Porro
977 3411 1169 3468 eidem
1201 3412 1523 3469 etiamnum
1555 3413 2045 3488 incircumcisoﬂ)

399 3498 633 3556 oraculo
655 3497 848 3555 divino
900 3499 1035 3572 (fuit
1074 3504 1271 3556 autem
1325 3500 1380 3555 id
1428 3502 1623 3573 ipsum
1655 3503 1755 3559 Dei
1797 3505 2044 3560 Verbum

397 3585 681 3654 Christus)
706 3587 776 3641 de
807 3586 888 3641 eis
929 3586 1026 3658 qui
1057 3588 1258 3643 eodem
1293 3604 1408 3660 quo
1440 3587 1562 3660 ipse
1598 3590 1768 3646 modo
1799 3589 1860 3645 in
1892 3591 2048 3646 tutu-

399 3691 528 3730 rum
557 3674 866 3746 justiticari
911 3675 1210 3741 deberent,
1264 3675 1479 3732 talibus
1519 3683 1608 3733 est
1646 3679 2044 3735 renuntiatum

397 3765 634 3822 verbis:
689 3764 753 3820 Et
800 3764 1182 3821 benedicentur
1236 3767 1295 3821 in
1346 3773 1398 3822 te
1442 3783 1626 3824 omnes
1655 3769 1828 3825 tribus
1857 3773 2042 3827 terrae.

399 3856 563 3920 Quod
596 3871 736 3911 sane
765 3854 955 3927 ipsum
983 3856 1039 3910 in
1075 3856 1725 3914 nobisconsummatum
1749 3859 2049 3926 esse,satis

397 3948 646 4002 constat.
677 3945 837 4000 Sicut
882 3945 1038 4001 enim
1087 3943 1184 4000 ille
1218 3945 1352 4017 (ide,
1387 3963 1565 4018 quam
1598 3949 1900 4020 apparenti
1931 3949 2044 4004 sibi

397 4033 586 4091 Verbo
617 4033 732 4090 Deo
767 4034 989 4102 habuit,
1013 4034 1386 4106 justificatus,
1413 4036 1658 4108 pristina
1685 4038 1802 4092 vita
1833 4038 2046 4109 patria-

2073 1858 2120 1924 B

2153 559 2457 634 συμϐόλοις
2505 564 2724 634 πρῶτος
2773 561 3092 635 ἀρξάμενος,
3141 563 3259 620 τοῖς
3308 558 3592 631 μετέπειτα
3621 577 3770 630 παρα-

2153 649 2383 707 δέδωκεν
2427 669 2441 682 *
2493 647 2607 705 ἐπεί
2645 648 2732 705 τοί
2774 670 2835 724 γε
2872 645 2986 703 οὐδ’
3032 649 3167 720 ἡμῖν
3223 643 3290 701 δι’
3343 647 3590 723 ἀνάγκης
3631 649 3776 701 ταῦτᾶ

2153 739 2317 796 ἔστιν.
2400 736 2632 809 ’ᾚδεσαν
2690 735 2738 792 δ’
2789 739 3100 814 ἀκραιφνῶς
3164 735 3323 792 αὐτὸν
3403 735 3636 810 Χριστὸν
3701 737 3775 792 τὸν

2153 831 2281 886 Θεόν
2314 850 2326 861 ’
2370 829 2447 891 ὡς
2501 828 2824 882 όπτάνεσθαι
2876 826 2970 900 μὲν
3019 820 3285 899 Ἀϐρααμ,
3339 824 3700 900 χρηματίζειν
3727 823 3775 880 δὲ

2151 918 2354 988 Ἰσαὰκ,
2403 915 2593 973 λαλεῖν
2644 913 2702 972 δὲ
2756 916 2976 991 Ἰακὼβ,
3035 919 3222 971 Μωσεῖ
3277 911 3334 970 δὲ
3387 912 3480 970 καί
3521 919 3636 977 τοῖς
3676 921 3774 986 μετ’

2153 1007 2312 1062 αὐτὸν
2366 1007 2675 1082 προφήταις
2725 1003 3118 1078 διομιλεῖσθαι,
3149 1004 3286 1059 καθᾶ
3330 1003 3676 1079 γέγραπταιί
3723 1005 3772 1060 οὗ

2151 1099 2314 1173 χάριν
2370 1096 2460 1151 καὶ
2511 1102 2612 1164 τῆς
2664 1094 2872 1150 ἐκείνου
2930 1095 3124 1156 πάντες
3180 1094 3331 1149 οὗτοι
3377 1091 3628 1162 κλήσεως
3658 1093 3776 1166 ἀμυ-

2151 1183 2294 1260 δρῶς
2353 1185 2735 1255 κατηξίωνται,
2784 1183 2920 1238 κατᾶ
2974 1184 3099 1254 τὴν,
3157 1183 3258 1250 Μή
3324 1183 3607 1238 ἅπτεσθε
3665 1185 3772 1236 τῶν

2151 1277 2458 1349 Χριστῶν
2495 1294 2643 1348 μου,
2673 1271 2975 1350 φάσκουσαν
3009 1268 3374 1351 χρησμῳδίαν
3397 1313 3410 1326 .
3445 1271 3532 1325 καὶ
3567 1268 3624 1324 ἐν
3652 1276 3773 1333 τοῖς

2151 1366 2534 1443 προφήταις
2567 1383 2692 1436 μου
2727 1363 2811 1434 μὴ
2845 1360 3328 1436 πονηρεύεσθε.
3360 1362 3524 1415 ’Ὥστε
3554 1361 3774 1435 συνάγειν

2151 1453 2384 1523 ἔστιν,ἣ
2439 1451 2673 1528 ἀρχαίαν
2742 1449 3048 1525 ἐδείκνυμεν
3111 1445 3416 1506 θεοσέϐειαν
3482 1454 3598 1512 τοῖς
3667 1449 3774 1524 περὶ

2151 1542 2244 1600 τὸν
2294 1537 2546 1616 Ἀϐραάμ
2592 1541 2875 1617 πρόπαλαι
2921 1539 3233 1615 γινομένην,
3288 1541 3365 1612 μή
3415 1537 3595 1609 ἄλλην
3641 1540 3775 1606 εἶναι,

2151 1631 2280 1688 ἀλλ’
2310 1630 2344 1701 ἢ
2400 1629 2520 1706 ἄρτι
2569 1630 2800 1706 Χριστὸς
2847 1627 2936 1684 διὰ
2975 1636 3075 1698 τῆς
3103 1630 3294 1684 ἑαυτοῦ
3324 1625 3674 1690 διδασκαλίας
3699 1627 3776 1683 ἐκ·

2153 1728 2288 1792 φανῆ
2350 1725 2466 1782 τοῖς
2525 1720 2852 1794 ἁπανταχοῦ
2909 1717 3200 1788 πεποίηκεν
3261 1710 3490 1780 ἔθνεσιν.
3547 1715 3618 1772 Ού
3683 1715 3773 1792 γὰρ

2153 1809 2331 1882 δήπου
2386 1811 2598 1872 πάντως
2653 1814 2734 1882 τῷ
2791 1808 2944 1883 λόγῳ
3000 1806 3318 1879 λυμαίνεται
3376 1811 3438 1863 τὸ
3496 1805 3686 1880 πολλῷ
3722 1828 3776 1882 γε

2150 1900 2369 1975 ὕστερον
2399 1899 2704 1974 περιτομὴν
2753 1897 2914 1952 αὑτὸν
2963 1893 3250 1970 εἰληφέναι
3283 1914 3296 1927 °
3330 1896 3438 1969 πρὸ
3466 1897 3568 1971 γὰρ
3593 1895 3776 1966 ταύτης

2154 1988 2566 2064 μεμαρτύρηται
2614 1991 2680 2052 τῇ
2733 1985 2910 2042 πίστει
2963 1983 3273 2046 δικαιωθείς
3306 2003 3319 2014 ·
3363 1985 3455 2040 καὶ
3503 1989 3658 2040 τοῦτο
3682 2005 3776 2039 παο

2153 2077 2371 2152 ρίστησι
2399 2077 2484 2148 τὸ,
2519 2075 2919 2133 Ἐπίστευσε
2951 2071 3017 2130 δὲ
3047 2075 3357 2149 ’Δβραὰμ
3384 2078 3472 2147 τῷ
3502 2079 3652 2147 Θεῷ,
3678 2074 3775 2127 καὶ

2153 2164 2471 2242 ἐλογίσθη
2505 2163 2678 2237 αὐτῷ
2709 2163 2806 2226 εἷς
2851 2161 3310 2233 δικαιοσύνην.
3347 2162 3448 2218 Καί
3494 2183 3553 2238 γε
3604 2161 3777 2235 ἀπερι-

2151 2258 2348 2330 τμήτῳ
2378 2251 2515 2319 ὄντι,
2549 2256 2577 2310 ὁ
2627 2252 2986 2331 χρηματίζων
3040 2255 3122 2326 (ἢν
3179 2249 3226 2307 δ’
3269 2253 3428 2315 αὐτὸς
3481 2253 3510 2307 ὁ
3537 2257 3629 2308 τοῦ
3658 2254 3774 2308 Θεοῦ

2152 2344 2332 2418 Λόγος
2385 2345 2640 2418 Χριστὸς)
2687 2343 2809 2419 περὶ
2855 2347 2964 2398 τῶν
3009 2340 3202 2412 ἐπίσης
3250 2342 3402 2414 αύτῷ
3460 2339 3773 2396 δικαιοῦσθαι

2157 2433 2472 2508 μελλόντων
2521 2431 2738 2493 τούτοις
2789 2429 2856 2502 δή
2917 2427 3292 2508 προήγγελται
3371 2430 3544 2505 λέγων
3598 2447 3612 2460 ·
3669 2431 3771 2484 Καὶ

2151 2523 2814 2600 ἰνευλογηθηήσονται
2857 2519 2918 2574 ἐν
2971 2520 3078 2574 σοὶ
3110 2525 3312 2574 πᾶσαι
3343 2518 3407 2574 αἶ
3439 2518 3642 2596 φυλαὶ
3670 2522 3771 2583 τῆς

2153 2619 2274 2688 γῆς
2307 2630 2320 2644 ⁸
2375 2612 2404 2666 ’ὁ
2447 2608 2514 2680 δὴ
2563 2610 2650 2666 καὶ
2685 2609 2852 2684 πὲρας
2901 2609 3129 2687 εἰληφὸς
3154 2609 3206 2664 ἐν
3238 2611 3375 2683 ἡμῖν
3404 2605 3770 2664 ἀναδέδεικται.

2151 2701 2240 2762 Ὠς
2293 2699 2395 2775 γὰρ
2443 2699 2646 2762 ἐκεῖνος
2702 2697 2880 2754 πίστει
2917 2703 3012 2778 .τῷ
3059 2697 3271 2774 ὀφθέντι
3326 2697 3480 2772 λόγῳ
3513 2701 3624 2768 Θεῷ
3651 2694 3774 2752 δεδι-

2151 2788 2403 2861 καίωται,
2461 2790 2554 2844 τόν
2606 2809 2664 2843 τε
2721 2789 2982 2863 πρότερον
3028 2787 3143 2863 βίον
3211 2787 3300 2842 καὶ
3373 2788 3473 2856 τήν
3545 2785 3776 2861 πατρῷαν

2153 2879 2438 2954 θρησκείαν
2509 2876 2820 2947 ἀπολιπὼν,
2875 2875 2966 2932 ἕνα
3043 2873 3100 2932 δὲ
3161 2881 3270 2932 τῶν
3331 2875 3477 2932 ὅλων
3535 2875 3773 2952 πρύτατιν

2154 2965 2510 3044 ὁμολογήσας
2559 2967 2710 3036 Θεὸν,
2761 2966 2852 3021 καὶ
2902 2963 3086 3042 ἔργοις
3133 2965 3350 3040 ἀρετῆς,
3410 2965 3472 3020 ού
3540 2963 3778 3039 θρησκεία

2150 3061 2248 3112 τοῦ
2279 3055 2520 3119 Μωσέως
2568 3055 2766 3130 νόμου,
2808 3055 3135 3130 θεραπεύσας
3185 3053 3345 3110 αὐτόν
3378 3074 3392 3088 ·
3427 3053 3571 3110 οὕτω
3601 3051 3664 3125 δη
3693 3057 3776 3109 κᾶν

2148 3150 2229 3218 τῷ
2259 3149 2481 3220 παρόντι
2541 3146 2569 3200 ὁ
2627 3144 2786 3208 αὐτὸς
2847 3143 3004 3207 οὗτος
3050 3151 3151 3214 τῆς
3209 3139 3482 3206 εὐσεϐείας
3513 3143 3776 3219 τρόποςὶξ

2076 3224 2118 3290 C
2158 3234 2370 3305 ἀπάσης
2427 3241 2527 3304 τῆς
2586 3233 2911 3308 οἰκουμένης
2969 3233 3116 3308 παρὰ
3185 3235 3376 3307 μόνοις
3452 3240 3777 3308 Χριστιανοις

2155 3323 2487 3396 ἀσκούμενος
2533 3321 2771 3398 ἐναργῶς
2823 3319 3181 3378 διαδείκνυται
3231 3342 3244 3355 '
3287 3323 3364 3385 ὡς
3417 3319 3585 3395 μηδὲν
3629 3322 3781 3395 ἐμπο-

2157 3409 2262 3466 δὼν
2305 3413 2652 3482 κπθεστάναι,
2669 3408 2756 3467 ἕνα
2783 3412 2880 3484 μὶν
2905 3412 2996 3467 τὸν
3019 3412 3112 3467 νῦν
3127 3412 3220 3467 καὶ
3249 3412 3340 3466 τὸν
3364 3409 3641 3486 πρόπαλαι
3676 3410 3778 3486 βίον

2152 3501 2287 3556 εἶναι
2319 3503 2454 3574 ἡμῖν
2481 3522 2540 3556 τε
2568 3507 2684 3564 τοῖς
2713 3501 2820 3556 ἀπὸ
2849 3500 3084 3576 Χριστοῦ
3107 3500 3198 3556 καὶ
3241 3507 3360 3564 τοῖς
3403 3495 3634 3557 ἔκπαλαι
3661 3503 3780 3556 κατὰ

2152 3590 2280 3646 Θεὸν
2340 3592 2556 3662 ζήσασι,
2607 3590 2887 3646 κάντεῦθεν
2949 3593 3284 3667 συνάγεσθαι,
3341 3591 3424 3659 τίή
3484 3591 3635 3663 ξένην
3677 3587 3782 3644 τινὶ

2151 3677 2240 3733 καὶ
2298 3679 2418 3734 νέαν
2476 3678 2756 3734 πολιτείαν
2809 3679 2944 3734 εἶναι
3002 3678 3297 3753 ἡμετέραν,
3327 3676 3458 3733 ἀλλ’
3515 3677 3560 3733 εἰ
3618 3677 3777 3752 χρεὼν

2152 3770 2311 3846 φάναι
2370 3767 2649 3843 παρῥησίᾳ
2705 3768 3012 3843 χρώμενον,
3045 3769 3270 3841 πρώτην
3314 3768 3516 3838 ταύτην
3562 3767 3651 3822 καὶ
3691 3765 3780 3838 μό-

2151 3879 2248 3926 νην
2289 3858 2376 3912 καὶ
2438 3858 2618 3928 ἀληθῆ
2678 3852 3132 3927 Θεοσὲὖειαν,τήν
3190 3855 3279 3912 διὰ
3334 3857 3571 3931 Χριστοῦ
3625 3854 3779 3910 πάλαι

2157 3946 2251 4019 μὲν
2275 3943 2534 4018 ἀμυδρῶς
2557 3943 3039 4020 παραδειχθεῖσαν,
3067 3947 3184 4001 νυνὶ
3235 3943 3292 4000 δὲ
3335 3945 3432 4000 οἶά
3477 3967 3596 4001 τινα
3641 3947 3776 4000 πυῶ-

2157 4036 2246 4089 σὸν
2279 4037 2396 4090 καθ’
2427 4035 2566 4106 ὅλης
2595 4041 2692 4106 τῆς
2723 4035 3056 4108 οἰκουμένης
3089 4033 3464 4109 ἐκλάμψασαν.

395 4140 506 4196 que
537 4123 817 4195 religione
846 4125 1062 4194 relicta,
1111 4141 1176 4182 ac
1211 4126 1570 4198 professione
1626 4127 1857 4198 pietatis
1887 4129 2070 4190 omni,
2105 4127 2165 4184 in
2220 4129 2458 4184 unicum
2491 4145 2684 4184 rerum
2733 4127 2989 4183 omnium
3035 4129 3483 4200 gubernatorem
3513 4133 3568 4185 et
3603 4126 3778 4184 Domi-

399 4230 542 4270 num
577 4214 758 4272 Deum
802 4215 1060 4284 collecta,
1096 4233 1212 4273 non
1260 4216 1520 4272 Moesica:
1560 4216 1724 4274 illum
1777 4217 1923 4289 legis
1973 4218 2354 4284 caeremoniis,
2399 4219 2498 4273 sed
2533 4216 2762 4274 virtutis
2794 4218 2958 4274 factis
2989 4217 3168 4274 coluit
3201 4235 3217 4284 ;
3249 4217 3450 4274 itidem
3480 4225 3538 4275 et
3566 4218 3621 4274 in
3655 4231 3776 4286 pre-

399 4304 607 4372 sentia,
639 4306 911 4362 eumdem
970 4308 1164 4378 ipsum
1199 4307 1432 4380 pietatis
1453 4323 1588 4378 erga
1617 4306 1796 4364 Deum
1845 4309 2040 4379 ritum,
2073 4325 2174 4381 per
2223 4308 2590 4365 habitabilem
2626 4313 2841 4364 terram
2883 4325 3112 4365 omnem
3145 4310 3295 4380 apud
3327 4309 3484 4365 solos
3522 4307 3780 4364 Christia-

397 4411 504 4450 nos
534 4394 592 4450 in
627 4411 734 4451 usu
773 4413 918 4464 esse,
979 4397 1289 4453 manifesto
1320 4397 1460 4454 satis
1498 4401 1755 4468 apparet.
1787 4397 2008 4469 Utjam
2041 4398 2187 4455 nihil
2218 4399 2428 4464 obstet.
2465 4400 2602 4470 quin
2636 4397 2906 4471 colligere
2950 4399 3084 4454 inde
3141 4409 3195 4455 et
3252 4397 3602 4454 concludere
3651 4411 3769 4468 pos-

399 4485 606 4550 simus,
641 4490 702 4540 ut
758 4502 934 4542 unam
965 4487 1342 4559 eamdemque
1371 4491 1426 4542 et
1457 4503 1609 4544 nunc
1639 4503 1788 4556 esse,
1820 4493 1876 4543 et
1911 4487 2050 4544 olim
2101 4488 2282 4544 fuisse
2313 4488 2510 4554 vitam,
2542 4495 2599 4544 et
2639 4489 2806 4546 nobis
2836 4487 3208 4554 Christianis,
3239 4493 3298 4544 et
3335 4487 3433 4559 qui
3482 4488 3781 4561 antiquitus

395 4591 464 4631 ex
492 4576 826 4646 praescripto
856 4575 954 4632 Dei
1007 4577 1269 4632 vixerunt
1298 4577 1571 4633 omnibus
1630 4592 1817 4648 neque
1855 4592 2068 4631 novum
2127 4584 2227 4632 aut
2277 4576 2640 4650 peregrinum
2674 4593 2802 4633 esse
2853 4575 3188 4634 institutum
3220 4582 3507 4644 nostrum,
3539 4579 3640 4633 sed
3691 4573 3778 4644 (si-

396 4665 633 4740 quidem
666 4665 907 4723 liberius
947 4665 1256 4723 dicendum
1299 4666 1407 4736 est)
1465 4667 1718 4739 primum
1760 4667 1914 4721 hunc
1942 4681 2070 4722 esse
2109 4670 2167 4722 et
2196 4665 2386 4722 solum
2444 4682 2762 4740 verumque
2803 4667 2898 4723 Dei
2932 4666 3180 4738 cultum,
3209 4666 3311 4738 qui
3364 4683 3464 4738 per
3507 4667 3779 4724 Christum

395 4759 486 4814 est
518 4773 532 4812 :
565 4757 665 4830 qui
694 4756 887 4812 cultus
919 4756 1059 4812 olim
1091 4756 1328 4828 quidem
1363 4757 1607 4812 tenuiter
1640 4760 1697 4812 et
1725 4756 1970 4812 obscure
2001 4755 2076 4812 sit
2114 4759 2409 4825 ostensus,
2443 4772 2598 4812 nunc
2629 4771 2762 4812 vero
2794 4761 3075 4828 tanquam
3109 4757 3374 4828 quasdam
3407 4756 3502 4812 fax
3548 4755 3774 4813 lucidior

394 4846 522 4904 orbi
552 4846 820 4903 universo
839 4847 1132 4917 minxerit.

467 5032 514 5068 ¹⁴
543 5033 686 5092 Gen.
711 5050 804 5102 xv,
835 5032 892 5089 6.

469 5218 548 5292 (i)
581 5219 709 5274 Hac
750 5231 921 5292 Δ(ιιιῳΔ
949 5219 1040 5272 est
1069 5215 1128 5271 in
1161 5213 1438 5292 praputio
1469 5212 1632 5292 ﬁdes,
1677 5212 1852 5292 finem
1904 5227 2040 5292 con-

397 5284 648 5363 iungens
675 5284 1058 5363 principio,et
1091 5284 1362 5363 prima'et
1396 5284 1713 5363 novissima
1744 5285 2032 5363 tactaest.

441 5355 622 5418 teiiim
653 5355 710 5417 οἱ
738 5355 1408 5417 αοῑθόἰτουιῂοἱεὶοοοω
1465 5362 1590 5412 erat
1631 5358 1689 5412 in
1746 5355 2035 5412 Abraham

2156 5219 2210 5266 et
2237 5209 2295 5268 in
2329 5211 2563 5284 reliquis
2587 5210 2789 5282 justis,
2819 5211 2920 5284 qui
2952 5211 3298 5284 placuerunt
3331 5211 3462 5268 Deo.
3496 5211 3564 5268 Et
3594 5223 3778 5267 rursus

2155 5285 2212 5338 in
2249 5283 2573 5355 novissimis
2596 5283 2957 5355 temporibus
2983 5289 3112 5355 orta
3133 5288 3220 5339 est
3237 5283 3294 5338 in
3319 5284 3573 5339 humano
3596 5293 3776 5354 genere

2151 5371 2255 5426 per
2284 5354 2514 5410 Domini
2542 5353 2876 5411 adven—tum.
2901 5353 3074 5427 (Iren.
3103 5354 3205 5410 lib.
3231 5371 3308 5422 ιν,
3338 5370 3463 5427 cap.
3488 5355 3610 5425 42.)
