4100 6218
226 350 339 411 637

846 486 1101 538 ΚΕΦΑΛ.
1144 481 1238 555 ς’.

1246 342 1870 408 EGGLESIASTICE
1909 341 2308 409 HISTORIA)
2348 342 2491 404 LlB.
2538 340 2584 403 I.

1897 480 1951 546 Α

3502 332 3622 398 638

2616 473 2847 532 CAPUT
2884 474 2982 531 VI.

228 591 496 667 ιστορία
525 586 1011 672 κεφαλαιώδης
1042 587 1103 642 ἐν
1137 587 1428 660 ἐπιτομῇ
1458 585 1534 641 τὰ
1564 580 1870 711 Ἑϐραϊκᾶ

297 661 667 726 διεξιοῦσα,
708 660 817 716 καὶ
859 660 1058 726 ἂγρις
1101 656 1392 726 Ἡρώδου
1430 662 1545 713 τοῦ
1576 655 1635 726 ἐξ
1714 654 1870 711 λλο-

1986 587 2210 643 Historia
2241 582 2416 639 brevis
2436 584 2701 638 succincte
2733 596 2818 636 res
2842 579 3136 636 Hebraicas
3166 592 3437 650 exponens
3456 589 3624 646 usque

2048 659 2124 712 ad
2176 655 2432 711 Herodem
2478 654 2763 718 advenam,
2791 669 2908 726 seu
2953 653 3343 726 alienigenam,
3379 649 3478 726 qui
3518 647 3623 726 ,1η-

297 654 680 738 διᾼέξιοῦσά,
708 660 817 716 καὶ
859 654 1058 738 ἄχρις
1101 654 1551 738 ἶῌριίεδουποκῖζ
1576 655 1635 726 ἐξ
1667 654 1874 711 ἄλλο·

295 727 516 813 φόὶςων
568 727 1057 813 ἄρξαντοςᾞὲοὖ
1108 727 1442 813 ξΙόυδαιίων
1494 727 1723 788 ἔθνους
1775 747 1874 780 κα-

296 802 550 875 τιοῦσα,
596 802 1233 875 δ’ήληνμκαθιστῷσα
1271 803 1869 875 τήγᾼπροφῃτειαν,

296 879 454 948 τήν,
486 869 1048 948 «Ὀύκέκλείψει
1095 869 1428 948 ἅρχων-ἐξ
1474 869 1727 948 ξιοόδρι,⁸
1762 870 1871 948 καὶ

298 941 679 1023 ἡγούμενος
710 945 778 1002 ἐκ
810 941 1593 1035 τῶν’μηρῶνάὀτοῧ,ἓως
1623 941 1736 997 ἔλθ
1828 943 1873 1015 ᾧ

298 1020 672 1070 ἀπόκειται-
745 1018 854 1070 καὶ
924 1018 1120 1070 αυτὸν
1195 1017 1366 1070 εἶναι
1447 963 1867 1070 ποοσδοκίὶαν

297 1011 672 1088 ἆπόκέιται,
745 1018 854 1074 καὶ
924 1011 1120 1072 αὖτὸν
1195 1017 1366 1071 εἶναι
1447 1011 1867 1090 προσδοκίαν

297 1093 513 1149 ἐθνῶν.
550 1114 579 1142 )›

294 1199 511 1257 Τούτων
542 1196 593 1253 δ’
650 1196 826 1259 οὕτως
879 1194 1141 1272 ἐχόντων,
1165 1195 1256 1252 καὶ
1299 1196 1605 1273 ἀναγκαίως
1635 1215 1878 1269 προανα-

231 1286 608 1364 δεδειγμένων,
672 1286 872 1342 λοιπὸν
933 1285 998 1354 δή
1059 1285 1164 1340 ἀπὸ
1221 1292 1321 1354 τῆς
1375 1284 1511 1339 κατὰ
1566 1285 1738 1359 σάρκα
1780 1288 1876 1338 τοῦ

228 1380 478 1450 Σωτῆρος
523 1375 872 1453 ἐπιφανείας,
921 1376 1015 1431 οἷά
1050 1395 1198 1439 τινος
1254 1373 1426 1445 δεξιάς
1480 1370 1728 1449 ὁδηγίας,
1776 1379 1876 1441 τῆς

227 1467 458 1540 ἱστορίας
492 1466 746 1541 ἁψόμεθα
799 1462 1158 1539 συλλήπτορα
1188 1464 1280 1518 καὶ
1332 1463 1676 1538 χειραγωγὸν
1716 1461 1873 1516 αὐτὸν

226 1559 310 1614 τὸν
355 1556 599 1630 ἄναρχον
644 1559 742 1610 τοῦ
788 1552 922 1610 Θεοῦ
974 1553 1146 1628 Λόγον
1191 1558 1310 1614 ταῖς
1357 1552 1556 1626 ἀρχαῖς
1606 1555 1703 1607 τοῦ
1761 1552 1875 1605 κατ’

231 1647 382 1702 αὐτὸν
433 1645 606 1719 λόγου
660 1638 1144 1718 προϐεϐλημένοι,
1193 1642 1268 1704 ὡς
1331 1642 1406 1715 μὴ
1465 1648 1566 1710 τῆς
1619 1640 1876 1709 ἀληθείας

231 1732 560 1809 διαμαρτεῖν.
612 1733 821 1807 Μικρὸν
873 1729 929 1786 δὲ
976 1730 1181 1786 ἄνωθεν
1231 1730 1484 1785 ἀνακτέον
1531 1729 1623 1784 τὸν
1684 1726 1871 1802 λόγον.

2048 659 2124 712 ad
2176 655 2432 711 Herodem
2478 654 2763 718 advenam,
2811 669 2908 707 seu
2953 647 3343 723 alienigenam,
3379 649 3478 723 qui
3519 647 3623 723 ,1η-

2049 732 2299 785 daeorum
2327 743 2551 795 regnum
2581 725 2858 781 obtinuit:
2889 740 3007 794 qum
3025 719 3258 778 historia
3275 719 3623 795 prophetiam

2050 800 2209 854 illam
2238 790 2477 853 declarat
2506 815 2526 852 :
2556 820 2583 847 «
2616 798 2733 852 Non
2760 790 2947 850 deerit
2974 795 3226 865 princeps
3270 790 3340 848 ex
3368 790 3542 865 Iuda,
3572 797 3623 844 et

2049 871 2165 927 dux
2190 886 2260 927 ex
2287 872 2498 938 femore
2523 869 2657 939 ejus,
2675 867 2842 923 donec
2868 868 3052 922 veniat
3081 864 3171 920 cui
3199 864 3488 935 repositum
3516 865 3621 926 est,

2053 951 2103 999 et
2132 945 2246 1016 ipse
2271 949 2350 998 est
2375 942 2712 1012 exspectatio
2738 941 3002 1009 gentium.
3038 959 3067 986 ››

2054 1189 2183 1244 Haec
2249 1202 2380 1242 cum
2437 1184 2518 1238 ita
2581 1199 2643 1239 se
2700 1182 2969 1243 habeant,
3032 1178 3478 1248 necessarioque
3536 1173 3620 1229 sic

1984 1279 2102 1335 sint
2149 1275 2469 1349 prtemissa,
2499 1274 2772 1345 deinceps
2817 1272 2889 1327 ab
2918 1269 3279 1342 apparitione
3308 1262 3622 1322 Servatoris

1983 1370 2305 1425 secundum
2337 1380 2591 1429 carnem,
2615 1367 2897 1433 tanquam
2929 1359 3227 1428 auspicata
3257 1360 3313 1411 et
3342 1352 3489 1408 felici
3520 1352 3621 1406 vias

1983 1460 2154 1523 duce,
2182 1457 2506 1526 adjutorem
2558 1458 2735 1524 atque
2781 1458 3073 1506 auctorem
3105 1448 3302 1520 ipsum
3335 1440 3619 1517 principio

1981 1562 2185 1604 carens
2235 1543 2333 1599 Dei
2385 1543 2663 1610 Verbum,
2695 1540 2863 1596 initio
2909 1539 3037 1607 ejus
3082 1553 3208 1608 quae
3257 1535 3329 1590 de
3377 1548 3442 1588 eo
3490 1545 3622 1585 eus-

1981 1644 2152 1710 cepta
2182 1640 2272 1692 est
2300 1633 2578 1691 orationis
2609 1630 3008 1704 pmﬁcientes,
3042 1642 3112 1682 ne
3159 1623 3381 1680 scilicet
3408 1638 3441 1676 a
3470 1617 3624 1674 veri-

1982 1731 2098 1783 tate
2119 1727 2476 1793 aberremus,
2495 1719 2799 1777 historiam
2821 1716 3134 1773 ordiemur.
3160 1714 3264 1772 54
3282 1711 3462 1767 Paulo
3484 1722 3618 1763 vero

232 1825 302 1881 Τὸ
329 1798 610 1880 Ἰουδαίων
662 1798 838 1887 ἔθνος,
868 1820 1008 1893 ᾗπέρ
1042 1840 1136 1892 μοι
1181 1818 1417 1892 εἴρηται,
1466 1821 1632 1892 πρινή
1678 1798 1870 1873 Μωσέα

1986 1817 2158 1873 altius
2190 1831 2284 1871 res
2314 1815 2442 1886 ipsa
2472 1810 2803 1883 repetenda.
2840 1807 2994 1863 Gens
3022 1805 3376 1870 Judmorum,
3409 1807 3471 1854 ut
3501 1798 3621 1898 dic-

234 1913 403 1968 θεόθεν
434 1916 533 1968 τοῦ
564 1910 756 1972 ἔθνους
802 1911 1126 1985 ἡγήσασθαι,
1159 1908 1460 1982 αὐτόνομον
1511 1910 1629 1962 οἷον
1661 1908 1727 1976 ἦν
1781 1904 1872 1961 καὶ

236 2001 574 2070 αὐθέκαστον,
654 1999 979 2074 προπάτορα
1051 1999 1149 2070 μὲν
1226 1997 1431 2072 αὐχοῦν
1500 1997 1592 2052 τὸν
1671 1993 1876 2051 δίκαιον

236 2086 500 2164 Ἀϐραὰμ,
535 2087 756 2164 ἄμυδρᾷ
804 2085 861 2144 δὲ
891 2088 1188 2164 θεογνωσίᾳ
1233 2091 1339 2141 τῶν
1386 2085 1573 2141 ἄλλων
1621 2083 1873 2164 διαφέρον

238 2180 414 2236 ἐθνῶν.
447 2180 601 2235 Ἐπεὶ
633 2175 680 2233 δ’
713 2176 790 2239 εἷς
823 2174 1096 2252 Α’ίγυπτον
1124 2179 1225 2246 ἧκε
1255 2173 1345 2230 διὰ
1382 2176 1474 2230 τὸν
1510 2176 1735 2253 Ἰωσὴφ,
1783 2173 1874 2228 καὶ

238 2263 323 2339 ἔτη
373 2266 688 2323 δεδούλωτο
737 2266 1081 2340 τετρακόσια,
1131 2263 1302 2338 ἐξάγει
1351 2265 1444 2336 μέν
1496 2265 1696 2318 ἐκεῖθεν
1743 2262 1875 2317 αὐτὸ

238 2365 465 2427 Μωυσῆς
498 2376 511 2389 ·
547 2357 608 2417 ’ὸς
641 2355 879 2418 πολλοὶς
912 2354 1167 2428 σημείοις
1217 2353 1310 2409 καὶ
1339 2353 1553 2426 τέρασιν
1599 2353 1877 2428 ὑπερφυής

236 2468 312 2509 τις
358 2445 665 2521 ἄναφανεὶς,
714 2446 789 2507 ὡς
838 2446 928 2500 καὶ
973 2449 1089 2516 Θεῷ
1142 2441 1459 2513 συλλαλεῖν,
1504 2442 1746 2497 κάκεῖθεν
1785 2438 1876 2496 έλ-

237 2557 342 2592 κειν
368 2541 475 2592 τῶν
505 2534 794 2605 πρακτέων
822 2535 924 2604 τήν
953 2532 1217 2604 δήλωσιν,
1247 2531 1437 2607 ἡγεῖτό
1457 2552 1515 2586 τε
1542 2530 1639 2585 τοῦ
1670 2529 1873 2597 ἔθνους,

237 2625 316 2681 καὶ
366 2625 624 2699 βασιλεὺς
670 2623 761 2678 καὶ
811 2621 987 2695 ἱερεὺς
1033 2622 1200 2685 αὐτὸς
1244 2620 1433 2682 αὐτοῖς
1484 2618 1873 2694 ἐχρημάτιζεν,

238 2716 375 2772 Μετὰ
429 2712 485 2770 δὲ
540 2718 736 2769 τοῦτον
796 2714 825 2767 6
882 2712 1080 2766 τούτου
1143 2707 1403 2786 διάδοχος
1463 2710 1491 2764 ὁ
1548 2713 1645 2764 τοῦ
1720 2715 1868 2777 Ναυῆ

238 2807 438 2873 Ἰησοῦς
474 2806 577 2871 τήν
632 2801 928 2878 ἠγεμονίαν
975 2805 1072 2857 τοῦ
1119 2796 1305 2861 ἔθνους
1351 2793 1645 2871 ἐλάμϐανε.
1695 2797 1764 2852 Τό
1808 2819 1870 2873 γε

241 2894 341 2967 μὴν
369 2894 617 2966 ἱερᾶσθαι
647 2891 862 2965 Ἀαρὼν
914 2888 1244 2962 ἐκληροῦτο.
1284 2888 1524 2949 Μωσέως
1576 2889 1868 2961 μερισαμέ-

238 3003 347 3047 νου,
374 2983 433 3044 ’ὸς
462 2983 531 3051 ἦν
564 2981 775 3054 ’Δαρὼν
822 2977 1078 3052 ἀδελφός.
1114 2978 1262 3034 Μετὰ
1294 2974 1352 3031 δὲ
1396 2976 1623 3039 τούτους
1666 2973 1871 3051 ἄρχον-

237 3091 316 3133 τες
361 3073 425 3127 τὰ
477 3067 760 3126 Ἰουδαίων
812 3066 1022 3122 διεῖπον
1059 3087 1072 3100 ·
1115 3067 1167 3121 οἳ
1217 3067 1395 3140 κριταὶ
1448 3064 1868 3137 ὠνομάσθησαν,

240 3157 542 3216 δυοκαίδεκα
573 3156 725 3219 ὄντες
754 3159 844 3212 τὸν
881 3154 1135 3229 ἆριθμὸν,
1168 3153 1228 3209 ἐκ
1275 3151 1545 3228 διαδοχῆς
1592 3151 1868 3223 ἀλλήλοις

242 3248 436 3321 θανάτῳ
468 3246 904 3321 ὑπεξιστάμενοι.
936 3244 1052 3300 Εἶθ’
1100 3238 1342 3317 Ἑϐραῖοι
1374 3243 1510 3318 πρὸς
1540 3243 1639 3311 τὴν
1683 3240 1868 3296 τοιαύ-

241 3356 334 3406 την
372 3338 547 3412 ἀρχὴν
600 3333 1045 3409 δυσχεράναντες,
1102 3330 1484 3407 βασιλεύεσθαι
1531 3326 1718 3402 ᾔτουν.
1770 3331 1868 3385 Καὶ

245 3425 416 3481 Σαοὺλ
445 3431 663 3500 πρῶτος
697 3424 800 3479 ὑπὸ
830 3426 926 3476 τοῦ
955 3423 1243 3499 προφήτου
1282 3418 1551 3493 Σαμουὴλ
1582 3418 1660 3479 είς
1713 3420 1869 3494 βασι-

244 3510 334 3568 λέα
354 3515 564 3576 τούτοις
615 3513 856 3589 ἐχρίετο,
888 3516 1022 3566 Θεοῦ
1076 3509 1539 3584 χρηματίζοντος.
1570 3512 1767 3563 Τοῦτον
1816 3506 1873 3563 δὲ

245 3599 399 3658 Δαϐὶδ
448 3601 719 3673 διεδέξατο
754 3621 765 3633 ⁸
817 3602 878 3655 ’ὀν
910 3600 938 3653 ὁ
987 3605 1118 3661 παῖς
1170 3597 1464 3672 Σολομῶν,
1513 3598 1603 3651 καὶ
1649 3599 1874 3668 καθεξῆς

243 3687 402 3765 ἕτεροι
442 3689 487 3746 δ’
534 3691 627 3747 καὶ
675 3691 722 3745 κ’
769 3688 919 3750 ὄντες
966 3690 1057 3743 τὸν
1108 3688 1361 3762 ἀριθμὸν,
1413 3684 1506 3756 ἔτη
1555 3688 1873 3760 καθηγησᾶ-

250 3799 388 3851 μενοι
412 3781 546 3855 πρὸς
594 3785 712 3840 τοῖς
758 3780 903 3834 ὀκτὼ
939 3777 1335 3851 τεσσαράκοντά
1380 3797 1439 3830 τε
1486 3775 1575 3829 καὶ
1623 3774 1875 3844 τετρακό-

246 3889 342 3923 σια.
389 3870 616 3925 Ἔπειτα
662 3873 761 3923 τοῦ
810 3863 1164 3924 Βαϐυλωνίου
1214 3860 1702 3939 Ναϐουχοδονόσορ
1740 3864 1872 3918 τού-

243 3977 347 4019 τοις
376 3957 906 4033 ἐπιστρατεύσαντος,
938 3957 972 4025 ἦ
1004 3976 1064 4011 τε
1090 3955 1255 4014 πόλις
1285 3953 1374 4008 καὶ
1409 3954 1471 4007 τὸ
1512 3954 1655 4027 ἱερὸν
1701 3973 1871 4007 κατα-

248 4047 508 4124 στρέφεται
543 4065 558 4078 ’
610 4046 702 4101 καὶ
752 4047 781 4101 ὁ
831 4045 965 4106 λαὸς
1015 4040 1379 4118 αἰχμάλωτος
1438 4040 1515 4105 εἰς
1567 4036 1872 4096 Βαϐυλῶνα

246 4134 483 4209 ἀπάγεται
512 4130 609 4204 ἔτη
642 4141 708 4190 ο’.
758 4133 859 4189 Καὶ
888 4133 1068 4188 τοίνυν
1114 4128 1429 4200 Χαλδαίων,
1479 4128 1658 4185 ε’ίτουν
1709 4125 1872 4186 Βαϐυ-

246 4219 465 4293 λωνίων,
495 4226 585 4280 καὶ
619 4221 793 4279 αὒτῶν
822 4222 891 4279 τὰ
910 4220 1010 4276 ’ίοα
1037 4220 1387 4277 πεπονθότων
1415 4224 1534 4282 τοῖς
1562 4219 1871 4291 Ἰουδαίοις,

248 4315 343 4366 τῶν
370 4312 569 4384 Μήδων
614 4310 843 4374 ἐκείνοις
874 4309 1285 4366 ἐπαναστάντων
1327 4310 1419 4365 καὶ
1449 4309 1501 4371 ἐς
1530 4311 1581 4364 τ’
1634 4306 1873 4383 μάλιστα

250 4395 332 4470 ἔτη
360 4403 455 4470 τήν
503 4402 684 4478 ἀρχὴν
733 4399 954 4456 ἐκείνων
1002 4400 1447 4474 κατεσχηκότων,
1499 4398 1592 4452 τὸν
1645 4395 1870 4453 ὕστατον

250 4487 407 4544 αὐτῶν
455 4491 704 4563 βασιλέα,
757 4490 803 4562 ᾧ
864 4489 1169 4562 Ἀστυάγης
1226 4487 1293 4557 ἦν
1361 4486 1561 4560 ὄνομα,
1612 4490 1784 4560 Κῦρος
1842 4487 1871 4541 ὁ

1983 1908 2109 1960 tum
2137 1909 2242 1972 est,
2271 1904 2611 1974 priusquam
2645 1898 2838 1954 divina
2878 1894 3238 1968 providentia
3291 1891 3475 1945 Moses
3504 1887 3623 1941 dux

1982 1994 2036 2048 ei
2084 1993 2387 2064 praefectus
2435 1993 2605 2056 esset,
2637 1989 2821 2043 libera
2859 1980 3289 2057 quodammodo
3320 1983 3377 2033 et
3407 1975 3498 2032 sui
3530 1975 3623 2045 ju-

1984 2084 2065 2140 ris
2095 2083 2205 2138 fuit
2227 2098 2240 2137 :
2262 2085 2318 2137 et
2349 2079 2771 2152 progenitorem
2798 2077 3026 2145 jactans
3051 2073 3277 2142 justum
3308 2065 3621 2152 Abraham,

1982 2172 2145 2229 tenui
2175 2151 2505 2243 cognitione
2532 2165 2804 2223 Numinis
2836 2162 2967 2219 aliis
2997 2156 3334 2216 antecelluit
3366 2151 3620 2243 populis.

1983 2262 2112 2319 Haec
2158 2241 2467 2334 postquam
2517 2257 2578 2312 in
2627 2256 2935 2327 Egyptum
2982 2248 3159 2309 venit.
3194 2249 3426 2317 propter
3452 2241 3626 2297 Joee-

1981 2351 2188 2424 phum,
2223 2351 2280 2405 in
2328 2351 2605 2405 servitute
2650 2345 2731 2399 ibi
2776 2341 2885 2398 fuit
2926 2355 3112 2396 annos
3142 2335 3621 2424 quadringentos.

1983 2419 2127 2496 inde
2170 2444 2364 2495 autem
2414 2436 2577 2492 illam
2615 2433 2815 2489 eduxit
2842 2431 3027 2486 Moses
3060 2442 3074 2481 :
3106 2425 3205 2498 qui
3237 2419 3535 2479 miraculis
3566 2422 3624 2473 et

1980 2529 2262 2602 prodigiis
2291 2527 2547 2589 edendis,
2582 2526 2639 2579 in
2686 2527 2914 2578 tantum
2945 2536 3125 2592 supra
3170 2514 3356 2587 ipsius
3399 2513 3620 2565 naturas

1978 2622 2216 2689 captum
2249 2615 2523 2688 pollebat,
2558 2618 2620 2668 ut
2647 2612 2825 2667 etiam
2857 2607 3147 2679 colloquio
3181 2603 3279 2660 Dei
3313 2603 3620 2689 frueretur,

1982 2687 2066 2763 abi
2102 2721 2289 2777 eoque
2336 2720 2531 2758 rerum
2583 2700 2941 2772 agendarum
2991 2693 3235 2751 consilia
3281 2693 3340 2746 et
3368 2687 3624 2742 rationes

1982 2775 2221 2869 peteret.
2255 2792 2485 2848 Praefuit
2521 2806 2657 2862 ergo
2690 2787 2847 2861 genti
2873 2786 2992 2847 ille,
3016 2800 3081 2839 ac
3110 2798 3209 2838 rex
3236 2780 3363 2851 ipse
3393 2786 3443 2832 et
3475 2775 3625 2830 idem

1984 2899 2283 2942 sacrorum
2315 2883 2560 2938 antistes
2583 2881 2683 2951 jus
2715 2876 2925 2950 populo
2963 2876 3126 2930 dixit.
3161 2871 3374 2927 Rerum
3423 2870 3621 2920 tamen

1984 2989 2282 3030 sacrarum
2315 2988 2511 3028 curam
2546 2973 2734 3025 Aaron
2767 2966 3008 3021 sortitus
3056 2966 3161 3021 est.
3197 2954 3626 3015 communicata

1983 3062 2035 3120 ei
2084 3079 2183 3133 per
2233 3061 2433 3118 Mosen
2492 3058 2594 3115 tali
2652 3057 2968 3122 iunctione,
3003 3053 3105 3124 qui
3146 3046 3391 3104 Aaronis
3448 3044 3627 3133 frater

1983 3132 2114 3207 fuit.
2148 3151 2284 3206 Post
2328 3148 2487 3204 hunc
2533 3150 2729 3203 autem
2778 3157 3081 3199 successor
3108 3142 3236 3209 ejus
3264 3136 3435 3191 Jesus
3473 3132 3625 3187 Nave

1983 3238 2166 3308 ﬁlius,
2215 3254 2409 3295 rerum
2458 3234 3021 3292 administrationem
3074 3226 3355 3297 suscepit.
3406 3220 3625 3278 Deinde

1978 3346 2099 3387 rem
2144 3328 2450 3385 Judaicam
2501 3325 2792 3399 principes
2840 3322 3129 3377 rexerunt.
3161 3314 3393 3372 Judices
3433 3309 3571 3366 dicti
3609 3325 3623 3363 :

1980 3420 2079 3491 qui
2108 3432 2350 3474 numero
2397 3415 2707 3472 duodecim
2762 3416 3023 3476 fuerunt,
3058 3423 3157 3478 per
3188 3400 3621 3461 successionem

1981 3508 2183 3565 ordine
2212 3507 2272 3562 in
2303 3506 2704 3562 defunctorum
2737 3503 2928 3558 locum
2961 3495 3269 3568 surrogati.
3303 3494 3505 3547 Postea
3532 3492 3618 3542 ta-

1980 3595 2095 3653 lem
2124 3612 2316 3652 rerum
2344 3592 2904 3651 administrationem
2936 3602 3085 3659 aegre
3132 3585 3379 3639 ferentes
3413 3575 3623 3642 Judei,

1981 3701 2178 3756 regem
2229 3684 2339 3740 sibi
2390 3682 2572 3738 creari
2620 3679 3107 3752 depoposcerunt.
3142 3677 3207 3727 Et
3235 3671 3373 3726 Saul
3406 3667 3631 3756 primus

1981 3754 2075 3832 eis
2090 3793 2123 3828 a
2160 3773 2443 3845 propheta
2494 3769 2763 3828 Samuele
2792 3784 2891 3822 rex
2922 3770 3134 3821 unctus
3164 3767 3272 3828 est,
3305 3758 3479 3829 idque
3510 3754 3626 3809 Deo

1981 3880 2084 3936 per
2131 3861 2433 3917 oraculum
2475 3860 2745 3931 jubente.
2779 3856 2924 3911 Huic
2954 3850 3135 3909 David
3166 3845 3484 3911 successit;
3522 3847 3629 3936 Da-

1978 3932 2095 4008 vidi
2152 3951 2307 4006 ﬁlius
2355 3949 2653 4006 Salomon.
2690 3945 2902 4001 Deinde
2953 3942 3156 3997 ordine
3184 3937 3285 3993 alii
3315 3949 3501 4005 reges,
3536 3932 3625 3985 vi-

1979 4041 2123 4114 ginti
2150 4044 2400 4111 quatuor
2429 4053 2672 4093 numero
2708 4051 2721 4088 :
2756 4032 2854 4105 qui
2886 4032 3123 4102 quidem
3155 4028 3332 4081 rebus
3359 4019 3622 4078 Judaicis

1979 4113 2166 4186 annos
2195 4127 2648 4199 quadringentos
2679 4121 3060 4195 quadraginta
3088 4122 3217 4173 octo
3250 4113 3620 4185 praefuerunt.

1979 4219 2184 4273 Postea
2216 4232 2351 4271 cum
2388 4213 2735 4286 Babylonius
2780 4208 3316 4267 Nabuchodonosor
3354 4200 3622 4256 bellicam

1980 4312 2176 4364 contra
2205 4323 2303 4362 eos
2333 4306 2760 4377 expeditionem
2794 4299 3156 4370 sumpsisset,
3182 4311 3299 4349 una
3325 4308 3451 4348 cum
3485 4291 3625 4345 urbe

1980 4395 2266 4466 templum
2296 4399 2381 4450 est
2409 4408 2697 4460 eversum,
2728 4396 2784 4446 et
2817 4387 3064 4460 populus
3109 4382 3461 4455 Babylonem
3494 4395 3625 4449 cap-

1978 4485 2132 4540 tivus
2162 4486 2371 4540 ductus
2400 4484 2470 4537 ad
2510 4498 2695 4537 annos
2743 4478 3130 4550 septuaginta.
3164 4476 3305 4529 Cum
3351 4470 3619 4541 equidem

251 4556 465 4650 Πέρσης.
490 4556 791 4640 ἐπαναστὰς
834 4576 1053 4633 καθεῖλε
1078 4556 1097 4609 ἶ
1126 4556 1226 4630 καὶ
1254 4556 1377 4644 τήν
1433 4556 1734 4649 ἠγεμονίαν
1791 4573 1869 4637 είς

1986 4574 2227 4631 Chaldaei
2275 4573 2395 4627 sive
2442 4570 2743 4642 Babylonii
2804 4572 2974 4622 antea
3022 4565 3176 4618 idem
3235 4560 3386 4633 quod
3444 4556 3621 4650 Judaei

251 4663 443 4739 Πέρσασ
465 4667 526 4723 ἐκ
562 4664 769 4738 Μήδων
817 4660 1185 4740 μεταϐιϐάζει.
1220 4661 1399 4721 Ἀλλὰ
1429 4664 1518 4718 καὶ
1567 4663 1739 4733 οὗτοι,
1772 4663 1873 4719 οὐκ

252 4745 455 4810 ἴλαττον
488 4756 521 4826 ἢ
554 4752 649 4825 ἔτη
682 4756 818 4830 πρὸς
844 4760 961 4816 τοῖς
1003 4752 1181 4809 ε’ίκοσι
1213 4751 1464 4809 διακόσια
1505 4754 1864 4825 ἡγησάμενοι,

250 4838 367 4917 ἄχρι
421 4847 644 4921 Δαρείου
709 4849 806 4900 τοῖ’)
872 4844 1149 4918 ’Δρσάμου
1224 4844 1329 4898 ὑπὸ
1386 4845 1484 4897 τοῦ
1557 4839 1869 4905 Μακεδόνος

249 4928 585 5008 Ἀλεξάνδρου
642 4933 941 5005 ἐξίστανται
989 4940 1092 5003 τῆς
1149 4932 1330 5008 ἀρχῆς
1362 4948 1378 4965 ο
1428 4932 1489 4991 ’ὀς
1538 4928 1613 4991 εἷς
1666 4950 1867 5004 μοναρ-

252 5016 372 5098 χἹαν
426 5024 488 5078 τὸ
540 5023 741 5099 κράτος
797 5021 1142 5098 περιελάσας,
1200 5021 1338 5095 μετὰ
1388 5016 1690 5075 δωδέκατον
1750 5016 1867 5081 ἔτος

249 5106 513 5184 τελευτῶν,
580 5117 699 5177 τοῖς
775 5113 958 5168 παισὶν
1019 5110 1186 5167 αὐτοῦ
1260 5106 1532 5167 Μακεδόσι
1588 5109 1689 5175 τήν
1767 5107 1867 5182 ἆρ-

252 5198 348 5271 χὴν
396 5200 809 5277 κατελίμπανεν,
868 5201 922 5258 οἳ
979 5199 1320 5274 Πτολεμαῖοι
1392 5198 1864 5271 κατωνομάζοντο.

251 5283 335 5341 Ἐκ
361 5284 415 5344 δὲ
458 5288 722 5366 διαδοχῖρ
753 5296 901 5363 τρεῖς
945 5292 1037 5346 καὶ
1068 5287 1197 5345 δέκα
1240 5289 1546 5364 γενόμενοι,
1575 5292 1676 5356 τῆς
1725 5292 1863 5361 Περ-

252 5383 390 5444 σικῆς
433 5378 604 5456 ἀρχῆς
648 5379 743 5451 ἔτη
775 5381 1075 5457 ἐκράτησαν
1106 5379 1192 5457 αις
1242 5380 1379 5452 πρὸς
1426 5376 1625 5448 τρισίν.
1671 5375 1866 5448 Ἀρσά-

250 5480 341 5532 κης
364 5468 533 5524 τοίνυν
561 5471 590 5525 6
638 5470 874 5543 Πάρθος,
902 5473 981 5542 τῷ
1033 5468 1246 5539 ὑστάτῳ
1297 5463 1628 5539 Πτολεμαίῳ
1674 5461 1865 5519 ἐπανα-

249 5552 384 5625 στὰς,
426 5554 482 5619 ὃς
525 5560 615 5614 καὶ
668 5558 957 5626 Διονύσιος
1003 5555 1359 5627 ἐπεκέκλητο,
1391 5555 1454 5610 οὗ
1501 5553 1747 5631 θυγάτηρ
1792 5552 1860 5623 ἦν

1981 4663 2238 4734 perpessi
2272 4662 2519 4716 fuissent
2548 4676 2582 4713 a
2630 4656 2834 4720 Medis,
2868 4655 3017 4710 bello
3063 4652 3179 4707 illis
3208 4650 3389 4715 illato,
3421 4647 3520 4717 qui
3552 4647 3619 4699 ad

1978 4755 2272 4808 trecentos
2303 4765 2491 4822 usque
2521 4764 2707 4804 annos
2748 4749 2866 4801 fere
2903 4758 3149 4817 regnum
3181 4754 3381 4795 eorum
3413 4741 3625 4790 tenue-

1975 4853 2133 4898 runt.
2169 4843 2462 4898 Medorum
2495 4855 2626 4895 vero
2658 4854 2852 4909 regem
2897 4836 3196 4899 ultimum,
3227 4829 3319 4883 cui
3353 4826 3623 4897 Astyagis

1974 4948 2189 4989 nomen
2232 4936 2378 4998 erat,
2429 4930 2610 5001 Cyrus
2668 4931 2840 4982 Persa
2889 4923 3040 4980 bello
3086 4918 3393 4992 oppressit,
3442 4916 3621 4984 impe-

1974 5018 2248 5090 riumque
2274 5036 2308 5073 a
2337 5018 2521 5073 Medis
2549 5017 2622 5071 ad
2670 5016 2875 5069 Persas
2904 5007 3219 5067 transtulit.
3251 5006 3533 5061 Ceterum
3565 5005 3622 5056 et

1976 5108 2018 5163 ii
2049 5124 2165 5162 non
2197 5110 2393 5163 minus
2425 5122 2601 5178 quam
2630 5104 2898 5159 ducentis
2928 5098 3130 5170 viginti
3179 5095 3348 5151 annis
3375 5091 3622 5162 imperio

1975 5198 2166 5270 potiti,
2218 5214 2405 5269 usque
2449 5198 2518 5252 ad
2570 5194 2808 5251 Darium
2863 5188 3123 5245 Arsarmi
3168 5186 3352 5241 tilium
3402 5182 3501 5255 (1),
3552 5179 3624 5234 ab

1973 5287 2300 5343 Alexandro
2345 5288 2657 5343 Macedone
2704 5299 2770 5339 eo
2819 5288 2958 5337 sunt
3004 5278 3182 5333 exuti.
3214 5275 3321 5341 Qui
3354 5288 3530 5344 regno
3561 5270 3618 5324 in

1973 5377 2324 5432 monarchiae
2373 5377 2621 5431 formam
2653 5374 2903 5435 redacto,
2936 5373 3066 5440 post
3096 5364 3504 5420 duodecimum
3538 5377 3626 5415 re-

1972 5481 2104 5521 rum
2136 5480 2377 5521 suarum
2409 5468 2701 5535 gestarum
2734 5475 2975 5525 annum,
3006 5457 3119 5511 vita
3157 5454 3459 5518 excedens,
3491 5466 3624 5521 pue-

1973 5554 2056 5610 ris
2095 5554 2221 5611 suis
2257 5551 2692 5621 Macedonibus,
2715 5549 2818 5621 qui
2834 5543 3125 5605 Ptolemaei
3140 5539 3625 5616 cognominaban-

318 5684 393 5760 (ι)
414 5686 656 5750 Darium
685 5689 869 5749 istum
899 5688 1109 5749 Arcani
1139 5686 1328 5746 tilium
1353 5683 1452 5744 alii
1479 5683 1684 5745 dicunt
1707 5681 1889 5759 (Just.
1916 5680 2021 5744 lib.
2049 5680 2139 5757 ι.)
