4100 6218
449 345 570 409 639

1750 351 2178 412 NICEPHORI
2220 349 2576 414 CALLISTI

3731 345 3844 411 640

451 488 546 538 tur
574 481 678 554 (1),
710 495 946 553 regnum
997 481 1252 552 reliquit.
1286 481 1380 539 55
1433 481 1474 536 li
1521 497 1622 554 per
1669 483 2088 538 successionem

2209 480 2552 556 Κλεοπάτρα,
2585 481 2660 541 εἷς
2707 482 2770 549 ἢν
2805 479 3038 550 ὑστάαην
3093 481 3126 548 ἡ
3167 481 3274 534 τῶν
3321 475 3647 534 Μακεδόνων
3695 477 3846 534 κειτὲ-

445 573 526 644 (2)
571 569 850 628 tredecim
903 585 1161 638 numero,
1203 571 1511 626 Persarum
1563 587 1653 628 res
1706 573 2091 628 obtinuerunt

448 679 632 718 annos
665 663 946 718 ducentos
987 662 1302 734 nonaginta
1329 667 1468 717 tres.
1501 665 1741 720 Arsaces
1769 679 1934 734 porro
1969 663 2092 717 Par-

449 751 584 806 thus
631 751 937 806 Ptolemaao
988 751 1216 818 ultimo,
1251 751 1352 822 qui
1382 752 1554 806 etiam
1587 751 1896 822 Dionysius
1927 753 2092 806 dice-

447 839 638 904 batur,
671 839 984 908 Cleopatrae
1033 839 1204 910 patri,
1237 839 1294 894 in
1345 856 1462 910 qua
1509 849 1796 910 postrema
1837 840 2094 894 Macedo-

443 943 585 984 num
621 931 769 999 apud
794 928 1084 1000 Egyptios
1106 929 1316 984 defecit
1339 945 1606 1000 regnum,
1629 929 1846 984 bellum
1871 929 2092 994 intulit,

440 1015 790 1088 Parthisque
839 1017 1146 1073 Persarum
1201 1017 1511 1086 imperium
1559 1017 1821 1072 tradidit.
1857 1017 1972 1072 Nec
2013 1018 2092 1071 ita

447 1105 632 1160 multo
680 1113 808 1177 post
858 1105 1238 1161 Macedonum
1273 1106 1416 1159 ditio
1451 1107 1504 1160 in
1541 1105 1932 1161 Romanorum
1968 1121 2090 1174 per-

447 1194 603 1248 venit
635 1197 981 1266 potestatem
1015 1211 1027 1248 :
1061 1199 1116 1249 et
1147 1194 1276 1248 inde
1307 1193 1650 1249 Parthorum
1685 1209 1850 1264 reges
1881 1209 2094 1249 nomen

450 1299 683 1354 quoque
727 1284 1133 1339 Arsacidarum
1189 1282 1462 1338 habuere.
1506 1283 1679 1338 Porro
1729 1283 1828 1354 qui
1884 1283 1954 1338 ab
2001 1286 2096 1338 Ar-

447 1389 580 1430 sace
627 1374 912 1446 progeniti
963 1389 1208 1444 regnum
1255 1372 1575 1440 obtinuere,
1611 1389 1794 1442 usque
1833 1375 1903 1428 ad
1937 1378 2094 1428 Arta-

449 1459 666 1514 banum
719 1464 1122 1530 pervenerunt,
1152 1476 1342 1514 rerum
1395 1459 1896 1516 administratione
1926 1461 2096 1514 annis

449 1549 715 1604 ducentis
746 1549 1113 1619 septuaginta
1144 1553 1384 1604 retenta.
1408 1549 1538 1604 Post
1563 1549 1918 1604 Artabanum
1943 1565 2096 1616 vero,

451 1637 713 1694 Chosroaa
761 1655 947 1710 genus
997 1639 1187 1693 Persis
1229 1639 1516 1708 imperare
1567 1639 1760 1710 cmpit.
1797 1643 2097 1694 Artaxares

452 1727 608 1782 enim
661 1735 822 1798 pater
869 1727 1135 1782 Chosroaa
1183 1727 1404 1796 Magus,
1435 1727 1564 1781 dolo
1608 1728 1967 1782 Artabanum
2013 1745 2100 1801 ag-

2201 568 2332 638 ληξε
2363 566 2662 638 δυναστεία,
2696 569 2931 642 Πάρθοις
2977 569 3081 635 τήν
3123 571 3342 640 Περσῶν
3397 567 3682 642 βασιλείαν
3715 587 3850 638 παρ-

2201 655 2392 724 ἑδωκε,
2421 663 2521 726 τῆς
2569 662 2677 710 τῶν
2727 653 3050 711 Μακεδόνων
3107 656 3286 730 ἀρχῆς
3337 653 3398 708 οὐ
3446 653 3648 726 πολλῷ
3701 655 3854 708 ὅστε-

2201 766 2292 818 ρον
2347 745 2484 818 πρὸς
2539 747 2638 814 τὴν
2695 747 3014 816 Ῥωμαϊκὴν
3077 744 3319 813 ἐξουσίαν
3391 743 3850 815 μεταπεσούσης·

2199 834 2482 888 καντεῦθεν
2517 835 2605 888 καὶ
2659 835 2710 887 οἱ
2765 838 2982 907 Περσῶν
3029 832 3271 906 βασιλεῖς
3319 829 3632 905 Ἀρσακίδαι
3685 829 3856 902 ὄνομα

2205 921 2392 997 ἔσχον.
2439 925 2502 976 Οἱ
2550 923 2736 996 μέντοι
2787 925 2890 977 ἀπὸ
2943 924 3215 998 Ἀρσάκου
3265 921 3554 994 ἀρξάμενοι
3603 919 3743 996 ἄχρι
3791 919 3854 989 δὴ

2201 1015 2289 1067 καὶ
2347 1011 2400 1074 ἐς
2453 1008 2793 1087 Ἀρτάϐανον
2853 1015 3006 1081 ἧκον,
3061 1009 3152 1080 ἔτη
3214 1007 3598 1083 ἑϐδομήκοντά
3655 1032 3718 1066 τε
3767 1013 3852 1066 καὶ

2203 1100 2450 1156 διακόσια
2495 1103 2918 1176 παραμείναντες
2949 1107 3018 1175 τῇ
3071 1102 3241 1174 ἀρχῇ.
3277 1101 3423 1156 Μετὰ
3473 1098 3528 1154 δὲ
3569 1101 3662 1154 τὸν
3703 1099 3858 1172 εἰρη-

2207 1191 2366 1262 μένον
2399 1186 2725 1266 ’Δρτάϐανον
2759 1192 2819 1244 τὸ
2855 1190 3104 1264 Χοσρὸου
3145 1191 3303 1264 γένος
3345 1195 3452 1244 τῶν
3489 1193 3712 1262 Περσῶν
3769 1190 3858 1262 βα-

2203 1278 2437 1334 σιλεύειν
2483 1281 2814 1354 κατήρχετο.
2864 1279 3198 1352 Ἀρταξάρης
3243 1277 3344 1352 γὰρ
3389 1278 3417 1332 ὁ
3465 1281 3561 1332 τοῦ
3605 1277 3856 1352 Χοσρόου

2204 1372 2383 1444 πατὴρ
2419 1371 2594 1446 μάγος
2643 1368 2739 1438 ὢν,
2775 1367 2924 1442 δόλῳ
2971 1370 3062 1425 τὸν
3113 1364 3445 1443 Ἀρτάϐανον
3497 1369 3724 1438 κτείνει,
3777 1367 3856 1422 κί-

2206 1457 2356 1532 δαριν
2407 1465 2624 1532 πρῶτος
2674 1463 2889 1534 Περσῶν
2942 1457 3316 1532 περιθέμενος,
3459 1459 3520 1511 οὗ
3567 1457 3662 1512 καὶ
3713 1459 3858 1530 παρὰ

2207 1555 2434 1623 Περσαις
2467 1549 2518 1603 οἱ
2576 1549 2745 1625 μάγοι
2791 1547 3058 1618 ἐπίδοξοι.
3111 1545 3467 1622 Ἀλέξανδρος
3515 1545 3564 1601 δ’
3615 1549 3644 1601 ὁ
3697 1555 3854 1618 Μαμ-

2211 1639 2372 1710 μαίας
2417 1635 2732 1706 ἐπικληθεὶς
2765 1637 2854 1692 ἐπὶ
2901 1642 3009 1692 τῶν
3055 1639 3380 1708 Ῥωμαϊκῶν
3423 1638 3724 1710 σκήπτρων
3767 1636 3854 1706 ἦν,

2209 1728 2441 1797 ὁπηνίκα
2501 1729 2528 1781 ὁ
2591 1727 2798 1800 Πάρθος
2857 1721 2933 1780 ἔτι
2995 1730 3212 1798 Περσῶν
3271 1721 3605 1780 ἐϐασίλευεν.
3673 1723 3740 1778 Οἶ
3795 1745 3854 1799 γε

454 1831 694 1888 gressus
742 1816 971 1876 occidit,
1023 1816 1359 1886 primusque
1411 1814 1557 1870 inter
1608 1815 1810 1870 Persas
1851 1816 2090 1871 cidarim

459 1922 496 1923 η
531 1921 600 1923 ,η
639 1903 700 1923 γε.
731 1921 778 1923 _,
963 1909 1056 1923 _.,
1167 1905 1189 1923 ,
1673 1905 1726 1923 ι.

2213 1817 2318 1890 μὴν
2349 1813 2626 1880 Ἰουδαῖοι,
2658 1816 2792 1888 πρὸς
2837 1815 3060 1886 Δαρείου
3101 1819 3198 1868 τοῦ
3247 1815 3487 1888 πρώτου,
3521 1815 3598 1874 ὡς
3651 1811 3702 1867 δ’
3751 1809 3856 1868 ἔτε-

2431 1907 2444 1922 \
2525 1907 2595 1923 -νΙ
2863 1907 2876 1920 I
2917 1899 2941 1923 ’δ
3061 1901 3154 1923 ιρδ
3259 1905 3271 1923 1
3533 1909 3559 1919 η-
3691 1905 3706 1920 ο

451 1903 742 1976 sumpsit:
768 1905 922 1960 unde
952 1909 1010 1960 et
1038 1905 1192 1976 apud
1225 1905 1383 1974 ipsos
1421 1903 1642 1960 celebre
1673 1905 1968 1974 Magorum
2002 1923 2094 1960 no-

453 2009 582 2050 men
619 1993 745 2048 fuit.
773 1993 1094 2048 Alexander
1124 1997 1318 2048 autem
1371 1991 1688 2048 Mammaea
1719 1993 1874 2048 filius
1907 1995 2094 2065 appel-

455 2082 607 2138 latus
639 2081 967 2138 Romanum
1001 2081 1423 2137 administravit
1455 2081 1787 2151 imperium,
1809 2099 1941 2137 cum
1965 2083 2098 2139 Par-

455 2171 594 2228 thus
640 2171 830 2228 adhuo
877 2173 1070 2226 Persis
1114 2187 1212 2226 rex
1261 2175 1546 2242 praesset.
1579 2171 1884 2227 Enimvero
1913 2173 2098 2228 Judaei

458 2277 494 2316 a
523 2259 691 2317 Dario
739 2261 944 2331 primo,
975 2276 1077 2316 seu
1125 2260 1212 2332 (ut
1259 2259 1356 2316 alii
1404 2261 1661 2328 tradunt)
1695 2278 1726 2316 a
1771 2261 1936 2332 Cyro,
1969 2267 2101 2332 post

459 2367 642 2406 annos
675 2351 1062 2422 septuaginta,
1096 2349 1420 2421 captivitate
1451 2348 1662 2410 soluta.
1697 2349 1960 2406 libertate
1989 2353 2100 2406 do-

462 2440 603 2508 nati,
633 2441 828 2496 urbem
859 2438 1036 2495 simul
1066 2455 1234 2494 suam
1264 2442 1318 2492 et
1346 2437 1650 2508 templum,
1683 2455 1808 2508 quae
1836 2439 2014 2495 David
2045 2445 2100 2495 et

465 2525 739 2584 Solomon
794 2529 1253 2586 construxerant.
1306 2530 1704 2581 restaurarunt
1737 2543 1750 2580 :
1783 2532 1838 2581 et
1895 2528 2099 2598 patriis

463 2617 664 2686 sacris,
723 2616 953 2684 ritibus,
1013 2621 1186 2687 atque
1243 2614 1602 2671 caeremoniis
1659 2615 1878 2687 operati
1937 2621 2096 2683 sunt,

454 2723 570 2764 non
597 2707 756 2778 regia
788 2707 874 2772 (ut
903 2704 1170 2775 antehae)
1203 2709 1482 2776 potestate
1511 2709 1566 2760 et
1596 2705 2098 2761 administratione

451 2797 545 2852 sed
598 2812 916 2868 paucorum
964 2793 1336 2866 Optimatium
1381 2795 1802 2866 gubernatione
1845 2801 2091 2850 utentes.

452 2885 789 2942 Sacerdotes
839 2885 918 2956 (3)
967 2883 1118 2940 enim
1167 2900 1258 2939 res
1311 2899 1506 2940 eorum
1561 2891 1848 2940 rexerunt.
1901 2886 1968 2939 Et
2023 2885 2094 2940 ad

452 2973 690 3046 aliquod
740 2989 925 3045 usque
974 2981 1203 3042 tempus
1235 2973 1378 3028 satis
1413 2973 1652 3030 feliciter
1692 2983 1863 3046 atque
1893 2975 2094 3031 ordine

453 3078 544 3120 res
593 3077 792 3118 eorum
846 3063 1210 3134 gerebantur.
1263 3061 1464 3118 Postea
1511 3079 1645 3118 vero
1694 3064 1840 3119 inter
1889 3069 2094 3136 poten-

449 3152 626 3210 tiores
655 3151 988 3208 Judasorum
1019 3151 1326 3206 dissidium
1358 3157 1618 3208 exortum
1650 3157 1734 3207 est
1767 3169 1780 3206 :
1813 3169 1922 3222 quo
1951 3158 2088 3209 tem-

2211 1928 2317 1982 ροι,
2349 1907 2483 1982 πρὸς
2525 1907 2701 1980 Κύρου
2753 1907 2886 1976 μετὰ
2916 1899 3008 1974 ἔτη
3061 1901 3460 1977 ἑϐδομήκοντα,
3493 1909 3598 1970 τῆς
3649 1905 3854 1980 αἰχμα-

2209 1995 2414 2056 λωσίας
2448 1993 2720 2062 λυθέντες,
2749 1997 2848 2064 τήν
2899 2015 2957 2048 τε
2987 1992 3150 2048 πόλιν
3195 1997 3339 2070 σφῶν
3373 1995 3462 2048 καὶ
3511 1995 3572 2049 τὸ
3615 1995 3788 2068 ἱερὸν,
3821 1993 3853 2047 ἃ

2210 2082 2370 2139 Δαυῖδ
2417 2083 2506 2138 καὶ
2559 2081 2828 2156 Σολομῶν
2877 2081 3260 2155 ᾠκοδόμησαν,
3311 2083 3561 2158 ἤγειραν,
3609 2084 3705 2136 καὶ
3755 2089 3852 2152 τῆς

2209 2174 2464 2246 πατρῴας
2513 2173 2801 2248 θρησκείας
2835 2171 2988 2236 αὖθις
3034 2173 3380 2246 κατήρχοντο
3409 2191 3422 2204 ”
3476 2171 3538 2226 οὗ
3587 2171 3851 2246 βασιλικῇ

2213 2261 2492 2332 δυναστείᾳ
2519 2263 2608 2316 καὶ
2643 2261 2914 2332 πολιτείᾳ,
2949 2261 3024 2322 ὡς
3056 2263 3342 2336 πρότερον,
3377 2259 3504 2316 ἀλλ’
3531 2261 3854 2336 ἀριστοκρα-

2208 2355 2332 2424 τικῇ
2365 2353 2496 2424 μετὰ
2527 2349 2854 2426 ὀλιγαρχίας
2885 2351 3168 2426 χρώμενοι
3203 2366 3218 2379 ⁸
3252 2351 3302 2403 οἱ
3333 2351 3438 2424 γὰρ
3469 2350 3636 2423 ἱερεῖς
3669 2350 3852 2411 αὐτοῖς

2211 2443 2657 2514 προειστήκεισαν
2733 2443 2840 2494 τῶν
2915 2440 3270 2512 πραγμάτων.
3343 2439 3444 2494 Καὶ
3523 2439 3694 2513 μέχρι
3761 2438 3850 2510 μὲν

2207 2551 2352 2590 τινος
2405 2529 2589 2590 καλῶς
2654 2527 2838 2591 αὐτοῖς
2892 2549 2980 2582 και
3043 2527 3093 2600 ἐξ
3172 2527 3358 2600 οὐρίας
3411 2533 3478 2581 τὰ
3549 2528 3848 2602 πράγματα

2207 2617 2428 2694 ⁴ἤγοντο,
2481 2619 2698 2692 ὕστερον
2749 2616 2804 2672 δὲ
2863 2619 3098 2679 στάσεως
3157 2617 3208 2670 ἐν
3267 2623 3387 2678 τοῖς
3437 2613 3694 2680 δυνατοῖς
3741 2622 3846 2672 τῶν

2207 2707 2482 2763 Ἰουδαίων
2535 2707 2876 2781 ἐμπεσούσης
2909 2727 2920 2739 ·
2972 2707 3092 2760 καθ’
3139 2707 3198 2760 ὃν
3246 2707 3432 2779 καιρὸν
3485 2707 3774 2781 Ἀντιόχος
3817 2707 3844 2760 ὁ

2205 2798 2506 2871 Ἐπιφανὴς
2557 2796 2680 2871 περὶ
2727 2803 2827 2865 τῆς
2875 2795 3012 2865 ὅλης
3063 2793 3262 2868 Συρίας
3311 2795 3448 2868 πρὸς
3499 2794 3842 2867 Πτολεμαῖον

2201 2889 2292 2942 τὸν
2321 2885 2478 2942 ἕκτον
2511 2884 2784 2960 διεφέρετο
2819 2904 2832 2916 ·
2885 2888 2918 2954 ἠ
2953 2883 3010 2940 δὲ
3057 2883 3332 2946 διάστασις
3363 2885 3453 2954 ἦν,
3485 2881 3568 2938 δτι
3615 2881 3842 2946 ἕκαστος

2201 2981 2308 3030 τῶν
2385 2980 2694 3054 περιφανῶν
2769 2977 2964 3044 ἥκιστα
3039 2978 3119 3046 τῷ
3195 2973 3375 3045 ὁμοίῳ
3455 2973 3840 3028 ὑποτάττεσθαι

2201 3064 2364 3134 ἤθελε
2397 3083 2409 3097 ·
2457 3069 2643 3138 κρατεῖ
2693 3064 2786 3136 μὶν
2835 3062 3006 3124 Ὀνίας
3055 3063 3084 3116 ὁ
3133 3061 3440 3136 ἀρχιερεὺς,
3491 3061 3616 3122 τοὺς
3663 3056 3842 3116 Τωϐία

2202 3153 2398 3217 παῖδας
2445 3154 2694 3226 ἐξελάσας
2742 3161 2843 3224 τῆς
2885 3151 3101 3213 πόλεως
3137 3172 3149 3186 ·
3203 3154 3254 3206 οι
3311 3149 3358 3206 δ’
3413 3153 3703 3226 Ἀντίοχον
3750 3153 3836 3206 τὸν

449 3255 589 3314 pore
633 3237 956 3296 Antiochus
1011 3239 1342 3310 Epiphanes
1399 3241 1468 3294 de
1527 3249 1728 3295 cuncta
1777 3241 1941 3314 Syria
1995 3242 2088 3297 ad-

2203 3248 2470 3319 Ἐπιφανῆ
2519 3247 2656 3300 κατὰ
2701 3251 2799 3314 τῆς
2848 3241 3064 3304 πόλεως
3113 3239 3351 3315 ἄγονται,
3385 3240 3557 3297 πάλαι
3603 3243 3696 3296 καὶ
3743 3241 3842 3296 αὖ-

446 3343 649 3384 versus
699 3327 1066 3384 Ptolemaeum
1117 3332 1342 3383 sextum
1395 3327 1474 3398 (4)
1523 3327 1676 3385 bello
1735 3330 2089 3388 decertabat.

447 3420 626 3476 Causa
673 3433 804 3473 vero
857 3417 1240 3474 dissensionis
1277 3423 1418 3488 erat,
1449 3421 1598 3489 quod
1643 3437 1812 3475 nemo
1843 3421 2090 3492 optima-

451 3507 596 3564 tium
647 3507 854 3580 aequali
887 3511 944 3562 et
987 3508 1246 3576 ejusdem
1279 3508 1454 3564 sortis
1485 3509 1706 3566 homini
1749 3511 1960 3580 subjici
1991 3517 2095 3566 aut

453 3613 656 3671 parere
684 3595 951 3654 voluerit.
985 3597 1048 3652 Et
1094 3598 1269 3654 Onias
1319 3599 1551 3670 quidem
1589 3601 1865 3670 pontifex,
1900 3601 2093 3656 Tobias

451 3684 650 3742 liberis
698 3685 840 3740 urbe
888 3685 1164 3757 expulsis,
1199 3688 1463 3758 superior
1509 3692 1650 3744 erat.
1685 3688 1774 3744 Illi
1817 3705 1942 3744 vero
1975 3695 2090 3744 An-

452 3775 710 3832 tiochum
743 3775 1098 3847 Epiphanem
1141 3776 1412 3832 adversus
1447 3777 1648 3832 urbem
1683 3778 1914 3846 duxere,
1941 3779 2092 3848 jam-

449 3865 672 3939 pridem
723 3881 828 3920 sua
879 3869 1082 3935 sponte
1127 3865 1367 3922 consilia
1411 3884 1476 3922 eo
1527 3867 1720 3922 animo
1751 3867 2090 3938 agitantem,

449 3961 506 4014 et
532 3961 812 4028 tanquam
845 3957 1226 4029 cupiditatem
1261 3957 1698 4028 parturientem,
1732 3963 1793 4012 ut
1823 3958 1967 4013 urbe
1998 3975 2090 4012 eo-

449 4061 576 4100 rum
611 4045 914 4116 potiretur.
945 4046 1316 4118 Ducibusque
1349 4047 1464 4102 illis
1512 4049 1714 4103 urbem
1747 4048 1917 4119 cepit,
1954 4065 2097 4119 pra:-

453 4135 587 4188 dam
619 4135 856 4190 multam
889 4135 1021 4204 egit,
1055 4135 1274 4206 templo
1303 4152 1535 4208 quoque
1583 4137 1682 4192 Dei
1713 4137 1956 4208 spoliato
1989 4155 2000 4192 :
2038 4141 2094 4191 et

454 4220 790 4294 religionem
829 4223 906 4295 (5)
938 4239 1170 4279 omnem
1204 4242 1336 4279 cum
1370 4225 1621 4282 victimis
1651 4231 1706 4281 et
1735 4227 2093 4283 ceremoniis

453 4311 686 4368 sustulit
719 4311 818 4384 (6),
851 4313 920 4367 ad
954 4329 1134 4368 annos
1165 4319 1281 4368 tres
1321 4331 1452 4370 cum
1499 4315 1764 4370 dimidio.
1800 4316 2094 4372 Praeterie-

447 4405 580 4458 rant
608 4405 732 4456 tum
765 4401 899 4456 anni
925 4401 1334 4475 quadringenti
1360 4405 1780 4477 quinquaginta
1813 4407 2092 4478 quinque,

448 4505 516 4546 ex
555 4507 670 4562 quo
715 4489 966 4562 populus
1015 4491 1303 4564 Babylone
1349 4493 1456 4550 56
1509 4493 1771 4550 redierat.
1822 4493 2090 4550 Sedenim

2201 3337 2290 3389 τὸν
2320 3337 2454 3410 πρὸς
2481 3339 2643 3390 τοῦτο
2677 3333 3056 3406 κεκινημένον,
3087 3333 3176 3386 καὶ
3223 3331 3398 3386 πολὺν
3429 3329 3694 3386 ὠδίνοντα
3741 3337 3836 3398 τῆς

2205 3429 2352 3501 σφῶν
2383 3425 2601 3485 πόλεως
2651 3419 2848 3496 ἔρωτα,
2881 3421 2972 3476 καὶ
3025 3423 3111 3498 ὑφ’
3161 3421 3422 3496 ἡγεμόσιν
3471 3419 3698 3480 ἐκείνοις
3743 3423 3835 3488 τήν

2200 3533 2258 3566 τε
2287 3511 2448 3567 πόλιν
2479 3513 2642 3586 αἱρεῖ,
2667 3513 2755 3565 καὶ
2789 3509 2940 3566 λείαν
2971 3508 3089 3586 ἄγει
3113 3508 3352 3578 πολλήν,
3380 3507 3622 3577 συλήσας
3659 3509 3752 3580 μὶν
3781 3509 3837 3562 τὸ

2203 3603 2344 3676 ἱερὸν
2373 3605 2470 3656 τοῦ
2499 3605 2652 3668 Θεοῦ,
2685 3599 2892 3661 παύσας
2944 3597 3000 3654 δὲ
3039 3599 3130 3652 καὶ
3159 3599 3250 3652 τὸν
3301 3597 3590 3672 ἐναγισμὸν
3619 3597 3708 3652 ἐπ’
3749 3595 3834 3666 ἔτη

2199 3693 2320 3767 τρία
2349 3692 2485 3764 πρὸς
2515 3695 2594 3762 τῷ
2623 3689 2834 3764 ἡμίσει.
2869 3694 2988 3744 Ἔτι
3020 3709 3082 3760 γε
3116 3689 3222 3760 μὴν
3277 3685 3560 3760 παρῆλθον
3591 3689 3675 3758 τῷ
3721 3685 3834 3740 τότε

2200 3781 2290 3858 ἀφ’
2319 3781 2381 3834 οὗ
2431 3781 2458 3834 ὁ
2507 3779 2638 3840 λαὸς
2688 3777 2947 3847 ἐπανῆκεν
2999 3776 3058 3832 ἔκ
3107 3771 3454 3844 Βαϐυλῶνος,
3503 3777 3662 3830 πέντε
3711 3775 3836 3848 πρὸς

2200 3869 2537 3940 πεντήκοντά
2577 3889 2636 3922 τε
2681 3869 2770 3922 καὶ
2815 3867 3152 3941 τετρακόσια.
3183 3866 3362 3924 Ὀνίας
3417 3863 3600 3936 μέντοι
3653 3860 3834 3936 διαφυ-

2199 3959 2329 4034 γὼν,
2377 3957 2624 4031 πρόσεισι
2676 3953 3025 4026 Πτολεμαίῳ,
3076 3953 3135 4016 ’ὸς
3179 3955 3474 4022 τηνικαῦτα
3529 3950 3665 4024 πρὸς
3726 3952 3832 4006 Ἀν-

2200 4045 2389 4120 τίοχον
2425 4043 2694 4124 διεφέρετο
2725 4063 2737 4074 ·
2769 4045 2858 4098 καὶ
2890 4043 2942 4097 ἐν
2981 4047 3060 4114 τῷ
3108 4039 3506 4114 Ἡλιουπολίτῃ
3537 4041 3696 4111 νομῷ
3741 4037 3830 4092 πό·

2203 4135 2290 4190 λιν
2341 4134 2520 4208 ἑτέραν
2567 4133 2658 4187 καὶ
2705 4134 2837 4186 νεὼν
2889 4129 3248 4200 ἃντανίστησι,
3299 4128 3434 4184 κατὰ
3491 4128 3666 4182 πάντα
3723 4131 3830 4186 τοῖς

2201 4223 2254 4278 ἐν
2295 4221 2700 4298 Ἱεροσολύμοις
2744 4219 3128 4290 ἀπεικασμένα.
3181 4223 3238 4273 '0
3297 4215 3342 4272 δ’
3403 4216 3689 4291 ’Δντίοχος
3739 4216 3832 4269 ὑπὸ

2203 4313 2459 4386 ἀκρασίας
2512 4314 2694 4384 μεῖζον
2747 4312 3042 4384 φρονήσας,
3082 4307 3149 4361 τά
3195 4327 3251 4362 τε
3301 4307 3500 4379 πάτρια
3551 4303 3830 4364 Ἰουδαίοις

2201 4401 2377 4456 ἔπειθε
2423 4406 2689 4476 παρορᾷν,
2745 4401 2836 4454 καὶ
2895 4404 2987 4460 σῦς
3051 4398 3144 4470 μὶν
3201 4401 3281 4468 τῷ
3343 4397 3519 4470 βωμῷ
3575 4393 3830 4460 ἐπιθύειν,

2199 4491 2547 4564 ἀπερίτμητα
2577 4487 2634 4546 δὲ
2680 4489 2869 4545 καὶτὰ
2921 4487 3092 4564 βρέφη
3145 4483 3418 4558 διατηρεῖν
3455 4502 3467 4514 ·
3519 4484 3608 4538 καὶ
3647 4483 3832 4542 ἁπλῶς

447 4579 618 4635 Onias
666 4580 734 4634 ad
785 4579 1159 4636 Ptolemaeum
1213 4583 1488 4654 profugit,
1541 4584 1634 4654 qui
1683 4587 1802 4639 tum
1849 4585 1920 4640 ab
1969 4587 2088 4640 An-

2202 4587 2370 4635 πᾶσαν
2399 4582 2496 4648 τήν
2526 4579 2759 4654 νομικὴν
2811 4577 3084 4635 διαπτύειν
3116 4574 3390 4650 λατρείαν,
3423 4577 3496 4634 ὡς
3545 4570 3704 4629 οὐδὲν
3755 4573 3834 4625 οὖ-

443 4668 634 4725 tiocbo
667 4667 1005 4738 dissidebat,
1037 4675 1093 4724 et
1121 4671 1179 4725 in
1227 4671 1704 4744 Heliopolitarum
1749 4675 2088 4746 praefectura

443 4759 645 4814 urbem
698 4757 870 4812 aliam
920 4765 977 4812 et
1027 4760 1308 4830 templum
1361 4763 1572 4828 condit,
1608 4765 1897 4818 structura
1925 4762 2083 4817 omni

443 4847 512 4903 ad
557 4861 682 4901 eam
735 4863 860 4918 quae
907 4849 1322 4922 Hierosolymis
1369 4857 1511 4918 erat,
1563 4851 1932 4908 conformata.
1971 4855 2081 4906 An-

445 4936 668 4992 tiochus
689 4955 859 5008 porro
890 4953 958 4992 ex
988 4939 1212 4994 luxuria
1243 4947 1296 4994 et
1328 4943 1771 5013 intemperantia
1801 4945 2080 5012 maiorem

443 5025 500 5079 in
553 5027 790 5080 modum
843 5043 1140 5098 arrogans,
1173 5029 1387 5082 Judaais
1421 5031 1747 5101 persuadet,
1773 5039 1833 5085 ut
1864 5033 2081 5100 patrios

439 5113 582 5170 ritus
629 5114 968 5188 despiciant.
1000 5132 1133 5172 sues
1176 5119 1246 5172 ad
1297 5135 1428 5174 aras
1460 5135 1564 5190 pro
1593 5119 1844 5175 victimis
1874 5119 2082 5176 immo-

508 5257 584 5326 (1)
653 5257 1037 5314 Macedonum
1115 5259 1546 5332 chronographi
1615 5263 1952 5319 Ptolemssos
2021 5265 2075 5318 in

437 5328 680 5410 Egypt?
713 5333 1248 5410 regnasse__tradunt
1277 5328 1370 5410 an:
1402 5328 1528 5410 296.

507 5397 599 5477 ςῖἷ
640 5397 932 5477 Justinus,
988 5402 1088 5477 lib.
1141 5420 1264 5477 xiu,
1311 5405 1382 5459 de
1439 5405 1710 5477 Perdicca
1765 5405 2010 5477 loquens
2061 5424 2074 5460 :

446 5491 472 5518 ‹‹
505 5471 664 5526 Inter
693 5473 1002 5544 principes,
1036 5471 1255 5544 inquit,
1281 5476 1608 5546 provincias
1648 5471 1870 5542 dividit,
1903 5477 2078 5532 simul

445 5547 865 5620 ut_re_maneret
910 5547 1260 5620 aemulus,_et
1289 5563 1506 5603 munus
1557 5551 1786 5620 imperii
1817 5549 2078 5606 beneﬁcii

441 5613 530 5698 sui
563 5615 825 5698 faceret;
863 5618 1046 5686 primo
1085 5613 1393 5698 Ptelemgso
1432 5613 1727 5698 [Egypt-us,
1757 5627 1826 5698 et_
1855 5622 2076 5698 Africae,

442 5683 780 5754 Arabiaque
817 5683 954 5756 pars
1001 5697 1153 5746 sorte
1199 5690 1375 5759 venit,
1407 5711 1436 5742 ››
1475 5683 1592 5748 etcf
1618 5683 1885 5752 Chronici
1931 5683 2079 5751 seri;

2197 4692 2311 4740 σαν,
2353 4668 2710 4724 ἐνεκελεύετο.
2759 4665 3034 4746 Βακχίδης
3067 4663 3124 4720 δέ
3152 4685 3234 4726 τις
3285 4665 3546 4738 ὑπουργεῖ
3591 4666 3670 4732 τῷ
3719 4661 3830 4715 δυσ-

2195 4758 2322 4828 σεϐή
2337 4781 2485 4832 ματι,
2519 4759 2654 4832 ἀνὴρ
2689 4755 2878 4828 μανίας
2911 4752 3062 4810 οὐδὲν
3116 4752 3412 4808 ἐλλείπων.
3443 4753 3641 4806 Τοῦτον
3693 4753 3826 4806 Ματ-

2193 4849 2306 4910 θίας
2358 4850 2770 4920 Ἀσσαμωναίου
2821 4851 2969 4914 παῖς,
3003 4849 3110 4898 τῶν
3159 4843 3348 4916 ἱερέων
3381 4838 3438 4894 δὲ
3469 4842 3545 4900 εἷς
3597 4839 3828 4914 ἐτύγχα-

2193 4961 2279 4994 νεν
2320 4939 2414 5008 ὢν,
2473 4937 2670 5012 κώμης
2711 4934 2972 5009 Μωδεεὶμ
3030 4931 3204 5006 ὄνομα
3237 4952 3250 4964 ·
3312 4931 3637 4990 συνασπίσας
3701 4929 3826 5002 μετᾶ

2189 5035 2296 5085 τῶν
2353 5027 2580 5096 παίδων,
2642 5027 2795 5082 πέντε
2853 5025 2910 5081 δὲ
2965 5027 3120 5094 ἦσαν,
3181 5021 3397 5078 κοπίσιν
3477 5021 3684 5094 ἀναιρεῖ
3739 5020 3822 5075 τὸν

2195 5117 2466 5194 Βακχίδην
2501 5137 2512 5151 ·
2565 5118 2656 5173 καὶ
2697 5114 2897 5186 δείσας,
2947 5116 3014 5169 τὰ
3066 5114 3438 5187 μετεωρότερα
3479 5103 3825 5182 κατελάμϐα-

2189 5275 2384 5338 ptores
2433 5268 2732 5338 Medorum
2776 5261 3083 5338 imperium
3121 5260 3374 5338 durasse
3423 5261 3624 5338 notant
3661 5253 3823 5338 annis

2187 5327 2315 5406 5265,
2351 5339 2456 5405 vel,
2493 5345 2558 5394 ut
2588 5337 2686 5394 alii
2721 5327 2934 5404 volunt,
2963 5333 3088 5388 292.
3121 5333 3453 5397 Persarum,
3485 5329 3658 5384 annis
3706 5327 3823 5382 23L

2257 5411 2337 5484 (3)
2369 5415 2390 5468 Ι
2421 5411 2718 5484 Εεᾱτωῃνι.

2255 5471 2334 5554 (1ιῇ
2370 5483 2501 5539 Fuit
2531 5483 2580 5536 is
2614 5478 2955 5536 Ptolemaeus
2983 5477 3283 5548 Evergetes
3315 5471 3624 5528 secundus.

2199 5689 2208 5696 _
2367 5555 2604 5769 ίὰδϐἓιξέ
2629 5569 2806 5682 etiam
2837 5620 3050 5690 templo
3097 5617 3402 5691 imposuit.
3437 5611 3700 5686 (Joseph.
3729 5613 3820 5670 lib.

2199 5715 2289 5769 ui,
2318 5711 2445 5769 cap.
2516 5739 2529 5752 .

2185 5715 2289 5770 ιιι,
2318 5711 2445 5770 cap.
2475 5711 2529 5754 ο.
