4100 6218
257 300 378 361 641

1325 291 1944 364 ECCLESIASTICE
1985 295 2378 362 HISTORIA!)
2416 299 2563 361 LIB.
2610 298 2662 362 Ι.

3556 299 3679 364 642

258 459 368 495 νεν.
421 439 658 495 ’Έπειτα
705 433 765 492 δὲ
809 437 899 492 καὶ
948 436 1256 512 στράτευμα
1300 436 1600 510 ἡθροικὼς,
1671 435 1915 492 κάτεισι·

2033 437 2174 504 lent,
2223 435 2480 492 infantes
2536 434 2972 492 inoircumcisos
3034 435 3388 508 relinquant,
3436 437 3687 510 denique

261 527 354 582 καὶ
411 521 721 600 συμϐαλὼν
785 526 974 601 μάχην
1031 529 1219 600 κρατεῖ
1264 526 1392 588 τοὺς
1441 526 1564 601 περὶ
1613 526 1924 601 Ἀντίοχον,

261 617 354 672 καὶ
385 615 626 691 αἶσχιτα
658 619 757 682 τῆς
793 613 1008 676 πόλεως
1039 613 1350 685 ἀπελαύνει,
1389 616 1481 671 καὶ
1531 621 1628 671 τοῦ
1669 617 1926 693 σφετέρου

263 704 456 768 ἔθνους
490 703 662 781 ἄρχει
693 706 910 766 ἑκόντος
936 725 949 738 ο
991 703 1218 775 τελευτᾷ
1248 701 1305 759 δὲ
1335 704 1400 758 ού
1441 703 1640 776 πολλῷ
1679 705 1924 780 ὕστερον,

265 792 448 866 Ἰούδᾳ
475 799 568 866 τῷ
597 789 957 869 πρεσϐυτέρῳ
983 799 1093 850 τῶν
1130 792 1337 850 παίδων
1378 792 1556 850 λιπὼν
1587 795 1688 863 τήν
1721 793 1922 870 ἀρχήν.

267 881 436 946 Οὗτος
466 904 531 959 γε
579 885 686 952 μὴν
723 881 916 944 δεδιὼς
943 883 1034 938 τὸν
1071 882 1372 958 ’Δντίοχον,
1410 881 1680 959 μηδὲγὰρ
1711 884 1925 958 ἠρεμή-

269 988 378 1022 σειν
409 965 622 1022 ἐκεῖνον
675 965 840 1039 ᾤετο,
875 963 1098 1040 δύναμίν
1144 987 1204 1021 τε
1239 967 1341 1036 τήν
1381 965 1683 1045 ἐπιχώριον
1733 966 1930 1040 ἤθροι-

261 1061 368 1131 ,ζεο
420 1056 518 1110 καὶ
583 1057 722 1130 πρὸς
771 1056 994 1130 Ῥώμην
1043 1051 1298 1130 πρέσϐεις
1346 1061 1564 1132 πρῶτος
1613 1053 1929 1130 διαπεμψά-

272 1165 459 1219 μενος,
525 1151 650 1207 τοῖς
718 1149 1046 1221 στρατηγοῖς
1113 1144 1329 1200 ἐκείνων
1388 1141 1696 1202 ἐσπένδετο.
1756 1145 1928 1208 Οὗτος

267 1234 356 1288 καὶ
391 1237 476 1307 τῷ
511 1231 825 1311 διαφέροντι
878 1238 975 1289 τοῦ
1017 1229 1352 1307 σεϐάσματος
1379 1232 1441 1288 τό
1477 1253 1536 1288 τε
1574 1233 1718 1309 ἱερὸν
1764 1233 1928 1288 ἑκκα-

270 1325 472 1399 θαίρει,
533 1325 630 1378 καὶ
679 1324 833 1378 καινά
880 1324 1044 1394 σκεύη
1093 1329 1163 1398 τῇ
1213 1325 1405 1395 θουσίᾳ
1445 1321 1754 1399 ἐγκαθιστᾷ.
1804 1323 1929 1378 Ἐπὶ

266 1413 487 1475 τούτοις
520 1414 552 1467 ὁ
586 1414 684 1487 μὲν
731 1413 1016 1488 Ἀντίοχος
1061 1411 1350 1469 ἐτελεύταο
1398 1414 1426 1468 ὁ
1469 1411 1526 1468 δὲ
1566 1417 1692 1476 παῖς
1737 1412 1925 1482 αὐτοῦ,

271 1501 568 1580 Ἀντίοχος
631 1501 690 1557 δὲ
749 1503 840 1556 καὶ
887 1503 1053 1565 αὐτος
1108 1501 1449 1576 ὠνομάζετο,
1499 1501 1674 1579 στίφει
1721 1502 1929 1577 ἀπείρῳ

267 1597 384 1654 τοῖς
447 1589 752 1656 Ἰουδαίοις
809 1591 1082 1671 ἐφίστατο.
1162 1589 1535 1667 Συῤῥαγείσης
1591 1589 1772 1646 τοίνυν
1826 1597 1928 1660 τῆς

277 1680 494 1758 μάχης,
549 1679 831 1756 ὑπεχώρει
891 1679 1044 1742 αὖθις
1089 1682 1324 1758 φρουρὰν
1369 1683 1438 1754 τῇ
1488 1680 1649 1736 πόλει
1698 1677 1930 1734 καταλι-

2032 533 2096 580 ut
2127 525 2352 580 cultum
2405 523 2550 592 legis
2601 540 2835 580 omnem
2867 528 3145 596 tanquam
3195 541 3318 581 rem
3367 526 3537 582 nihili
3586 528 3704 583 de--

2031 620 2268 686 spuant,
2294 614 2552 670 mandat.
2586 612 2900 670 Bacchides
2954 619 3146 671 autem
3179 615 3433 686 quidam,
3467 617 3681 689 impie-

2033 705 2168 759 tatis
2201 705 2330 772 ejus
2363 703 2710 758 administer
2739 706 2885 768 erat,
2919 705 3003 758 vir
3033 703 3130 775 qui
3157 705 3228 760 ad
3259 721 3558 762 summam
3590 706 3678 762 in-

2033 794 2259 848 saniam
2319 791 2469 847 nihil
2520 791 2752 848 fecisset
2801 791 3030 864 reliqui.
3075 792 3236 848 Hunc
3283 794 3552 850 Matthiae
3602 796 3682 867 (t)

2031 881 2388 938 Assamonaei
2421 881 2572 936 ﬁlius
2603 881 2626 954 (
2657 881 2760 936 fuit
2789 882 2840 936 is
2871 899 2940 937 ex
2969 883 3366 938 sacerdotibus
3401 901 3576 951 unus,
3611 901 3680 940 ex

2031 971 2157 1027 vico
2188 971 2282 1026 cui
2315 987 2520 1027 nomen
2553 976 2678 1026 erat
2709 969 2955 1026 Modeim
2979 973 3166 1044 ortus)
3212 974 3452 1029 armatis
3483 989 3684 1030 secum

2035 1062 2293 1132 quinque
2325 1058 2462 1116 ﬁliis
2502 1060 2758 1116 occidit:
2800 1065 2858 1116 et
2901 1076 3004 1131 per
3051 1066 3270 1117 metum
3329 1061 3455 1118 loca
3503 1079 3683 1134 supe-

2034 1148 2190 1204 riora
2228 1148 2400 1220 eapit.
2453 1147 2616 1205 Unde
2659 1153 2858 1219 postea
2905 1165 3084 1205 manu
3128 1154 3483 1207 armatorum
3530 1167 3680 1207 con-

2035 1241 2218 1293 tracta
2253 1238 2572 1302 descendit,
2615 1237 2926 1309 praelioque
2973 1238 3288 1295 commisso
3325 1239 3679 1296 Antiochum

2033 1326 2235 1392 vincit,
2260 1326 2694 1398 fmdissimeque
2721 1327 2862 1382 urbe
2892 1327 3143 1397 expellit.
3195 1325 3250 1384 Is
3299 1327 3678 1400 popularibus

2035 1416 2182 1483 suis,
2218 1419 2282 1470 ut
2312 1415 2604 1486 princeps,
2631 1431 2744 1470 non
2766 1415 2963 1472 invitis
2986 1421 3195 1487 praest
3219 1432 3234 1470 :
3268 1415 3540 1490 brevique
3562 1433 3682 1474 mo-

2035 1504 2203 1570 ritur,
2231 1504 2398 1560 Judaa
2431 1505 2684 1560 maximo
2717 1509 2857 1560 natu
2899 1504 3017 1561 tilio
3066 1522 3262 1562 rerum
3311 1505 3680 1562 administra-

2035 1595 2192 1652 tione
2233 1594 2456 1652 relicta.
2507 1594 2538 1649 J
2551 1595 2690 1650 udas
2739 1595 2814 1666 (2)
2865 1612 3034 1667 porro
3073 1596 3424 1654 Antiochum
3465 1596 3684 1652 timens

2033 1684 2304 1754 (minime
2343 1684 2498 1739 enim
2545 1683 2712 1740 illum
2761 1684 3097 1755 quieturum
3145 1685 3407 1756 putabat)
3440 1685 3682 1741 militem

272 1769 411 1824 πών.
459 1765 675 1830 Ἰούδας
733 1765 811 1835 δὲ,
867 1773 987 1830 ταῖς
1042 1767 1320 1828 τοιαύταις
1381 1767 1586 1842 μάχαις
1645 1765 1924 1841 ἀναφανεὶς

2039 1790 2102 1827 ex
2133 1771 2512 1844 pepuleribus
2541 1772 2858 1830 conscribit
2889 1789 2903 1828 :
2957 1778 3014 1828 et
3037 1775 3261 1845 primus
3307 1774 3515 1848 legatis
3564 1774 3680 1832 Ro-

275 1854 519 1931 ἆριστος,
571 1856 665 1911 καὶ
705 1855 952 1920 πολλοὺς
986 1861 1097 1912 τῶν
1139 1855 1430 1936 Ἀντιόχου
1471 1860 1551 1928 τῷ
1597 1855 1736 1934 ξίφει
1785 1856 1924 1911 ὓπα-

275 1946 482 2022 γαγὼν,
531 1944 590 2008 ἐς
650 1944 872 2021 ὕστερον
927 1946 1016 2001 καὶ
1064 1945 1222 2008 αὐτὸς
1269 1945 1615 2021 ἀναιρεῖται.
1676 1945 1812 2018 πρὸς
1868 1942 1926 2000 δὲ

274 2035 361 2090 καὶ
414 2036 444 2090 ὁ
495 2031 737 2110 ἀδελφὸς
787 2036 1054 2106 Ἰωάννης.
1106 2040 1170 2091 Ἥ
1221 2032 1278 2090 δὲ
1323 2034 1473 2114 ἀρχὴ
1525 2033 1730 2089 ἐκείνου
1786 2033 1923 2110 πρὸς

275 2124 536 2195 Ἰωνάθην
583 2119 865 2200 μετεϐαινε
893 2125 984 2180 τὸν
1014 2121 1196 2198 ἕτερον
1243 2121 1476 2204 ἀδελφόν
1508 2141 1522 2155 ⁸
1557 2125 1617 2186 ’ὀς
1651 2121 1788 2194 δῆτα
1823 2124 1924 2192 τὴν

275 2215 409 2290 πρὸς
467 2215 782 2288 Ῥωμαίους
841 2213 1028 2292 φιλίαν
1083 2211 1392 2288 ἐπιμᾶλλον
1465 2211 1922 2294 ἀσφαλισάμενος,

278 2301 364 2357 καὶ
394 2303 534 2376 πρὸς
564 2303 660 2358 τὸν
693 2303 982 2381 Ἀντιόχου
1011 2299 1180 2358 παῖδα
1209 2302 1304 2364 τὰς
1326 2299 1630 2379 διαλλαγάς
1663 2300 1922 2370 ἐποιεῖτο,

279 2392 402 2466 παρ’
433 2393 480 2464 ᾧ
510 2392 608 2446 καὶ
657 2390 892 2468 φιλικῶς
939 2390 1269 2459 καταλύσας,
1308 2393 1444 2466 πρὸς
1480 2395 1578 2446 τοῦ
1626 2389 1924 2465 ἐπιτρόπου

281 2480 565 2558 Τρύφωνος
609 2481 900 2558 φθείρεται,
951 2482 1047 2537 τοῦ
1093 2478 1329 2559 ἀδελφιιῦ
1381 2483 1494 2554 μετ’
1542 2478 1743 2536 ἐκείνον
1791 2499 1921 2553 κρα-

280 2573 543 2640 τήσαντος
581 2574 833 2644 Σίμωνος
860 2592 874 2606 ·
909 2573 970 2633 ’ὸς
1001 2569 1068 2643 δὴ
1109 2572 1201 2628 καὶ
1238 2572 1492 2646 γενναίως
1540 2570 1923 2650 ἀφηγούμενος

283 2665 384 2716 τῶν
429 2661 790 2737 πραγμάτων,
841 2663 1120 2736 Ἀντιόχῳ
1172 2661 1469 2736 σύμμαχος
1509 2661 1714 2736 γίνεται
1757 2679 1920 2732 στρα-

283 2748 488 2806 τεύοντι
534 2750 676 2807 κατᾶ
725 2750 1042 2828 Τρύφωνος,
1082 2750 1231 2824 αύτῷ
1267 2751 1318 2804 οἱ
1368 2749 1760 2812 ἐπαναστάντος
1783 2767 1796 2780 ο
1831 2747 1921 2802 καὶ

288 2837 579 2912 συνεξελὼν
634 2841 901 2918 Τρύφωνα
953 2837 1208 2914 οὐδαμῶς
1257 2840 1457 2896 ἐκεῖνον
1508 2839 1643 2918 φίλα
1689 2839 1747 2894 οἱ
1785 2856 1922 2916 φρο-

285 2933 469 2984 νοῦντα
516 2927 664 3004 ἔγνω
715 2929 769 2992 ἐς
829 2931 1086 3004 ὕστερονο
1132 2925 1444 2985 Κενδεϐαῖον
1480 2929 1580 3006 γὰρ
1617 2929 1710 2984 τὸν
1757 2926 1922 2982 αὐτοῦ

289 3019 591 3092 στρατηγὸν
626 3019 868 3092 πεμψας,
902 3017 1069 3094 δῃοῦν
1101 3041 1160 3074 τε
1203 3021 1299 3090 τήν
1344 3016 1605 3074 Ἰουδαίαν
1648 3016 1920 3084 ἐπέταττε,

290 3109 372 3162 καὶ
401 3108 633 3182 Σίμωνα
682 3109 1000 3186 ὑποχείριον
1033 3106 1206 3186 ὄίγειν.
1243 3110 1304 3167 Ὀ
1346 3105 1403 3164 δὲ
1449 3105 1719 3182 λαμπρῶς
1759 3107 1924 3176 νική-

288 3217 374 3260 σας
407 3198 498 3252 τὸν
557 3193 903 3265 Κενδεϐαῖον,
960 3199 1323 3274 μυριάριθμον
1371 3195 1708 3273 ἐπαγόμενον
1747 3194 1917 3268 στρά-

288 3305 470 3359 τευμα,
528 3288 728 3350 πάσαις
794 3282 1080 3350 ἐπιϐολαῖς
1128 3289 1228 3352 τῆς
1282 3291 1390 3341 τῶν
1438 3281 1758 3341 Μακεδόνων
1802 3283 1916 3338 ἐπιο

294 3375 530 3448 κρατείας
565 3377 631 3430 τὸ
679 3375 962 3451 ὁμόφυλον
1009 3375 1308 3432 ἀπαλάττει
1360 3375 1494 3448 μετά
1541 3369 1918 3446 ἑϐδομήκοντα

296 3461 380 3534 ἒτη
409 3465 497 3520 καὶ
528 3465 723 3521 ἑκατόν
755 3485 766 3500 ’
808 3467 898 3521 καὶ
945 3465 1232 3541 ἀρχιερεὺς
1274 3461 1670 3521 ἀναδείκνυται.
1713 3461 1918 3535 Μικρὸν

296 3550 340 3607 δ’
365 3553 582 3629 ὕστερον
614 3557 702 3611 καὶ
735 3555 895 3618 οὗτος
927 3555 956 3610 ὁ
987 3555 1172 3628 Σίμων
1205 3555 1308 3610 ὑπὸ
1338 3559 1435 3612 τοῦ
1479 3547 1732 3630 γαμϐροῦ
1781 3557 1921 3606 Πτο-

301 3639 519 3714 λεμαίου
567 3642 622 3698 ἐν
663 3643 954 3717 συμποσίῳ
985 3645 1249 3700 κτίννυται
1281 3662 1295 3676 ’
1341 3643 1399 3707 ὃς
1431 3641 1497 3713 δὴ
1550 3639 1920 3714 Πτολεμαῖος,

300 3731 386 3798 τήν
413 3750 468 3784 τε
495 3735 727 3805 γυναῖκα
755 3731 842 3786 καὶ
873 3731 1002 3793 τοὺς
1055 3729 1150 3786 δύο
1197 3727 1395 3794 παῖδας
1443 3727 1744 3802 καθείρξας,
1795 3727 1923 3784 Ἰω-

303 3815 448 3889 άννην
470 3821 564 3874 τὸν
601 3820 804 3894 τρίτον,
844 3820 903 3882 ’ὸς
951 3820 1039 3874 καὶ
1081 3819 1332 3896 Ὑρκανὸς
1380 3817 1652 3885 ἒκαλεῖσο,
1697 3816 1918 3872 κτείνειν

301 3903 573 3982 ἐξέπεμπε.
633 3908 830 3964 Φθάνει
875 3930 938 3986 γε
987 3911 1095 3983 μὴν
1145 3907 1380 3972 ὲκτεῖνος
1417 3911 1516 3979 τὴν
1558 3906 1646 3963 ἐπὶ
1694 3905 1921 3961 θάνατον

301 3995 654 4072 ἀπαγόμενος,
700 3999 800 4068 τήν
845 3997 1211 4072 Ἰερουσαλὴμ
1257 3999 1439 4054 εἰσιών
1473 4016 1487 4030 ⁸
1533 3998 1619 4052 καὶ
1668 3998 1769 4066 τὴν
1818 4014 1922 4049 πα-

300 4085 464 4158 τρῴαν
520 4087 931 4164 ἂρχιερωσύνην
991 4085 1299 4162 δεξάμενος,
1357 4087 1474 4160 Θεῷ
1529 4106 1588 4141 τε
1643 4086 1806 4148 θύσας
1857 4082 1926 4140 τά

303 4179 643 4250 χαριστήρια,
683 4178 854 4253 τάχος
894 4177 1018 4233 ὅσον
1068 4177 1155 4233 ἐπὶ
1203 4177 1296 4234 τὸν
1347 4175 1690 4250 Πτολεμαῖον
1738 4174 1922 4250 ὥρμα,

301 4268 622 4340 τιμωρήσων
649 4271 720 4341 τῇ
753 4267 922 4341 μητρὶ
961 4268 1050 4322 καὶ
1089 4272 1206 4330 τοῖς
1247 4263 1504 4344 ἀδελφοῖς
1530 4311 1544 4324 .
1587 4264 1748 4321 Ἀλλί
1781 4263 1926 4319 ἐκεί-

302 4372 412 4414 νους
444 4355 558 4428 μὲν,
603 4355 946 4430 ἀμυνόμεσος
992 4357 1086 4411 τὸν
1135 4357 1412 4430 Ὑρκανὸν,
1462 4351 1661 4410 ἔκτεινε
1711 4351 1925 4409 Πτολε-

307 4447 485 4513 μαῖοςσ
518 4447 548 4500 ὁ
580 4442 628 4499 δ’
658 4442 723 4499 αὖ
752 4465 814 4522 γε
842 4443 962 4510 νέος
1005 4438 1288 4524 Ἀντίοχος
1333 4445 1449 4500 κατ’
1499 4443 1670 4518 ὀργὴν
1713 4444 1786 4497 ὧν
1823 4443 1924 4496 ὑπὸ

306 4531 547 4604 Σίμωνος
599 4532 834 4588 πέπονθε
887 4537 984 4590 τοῦ
1039 4535 1244 4608 πατρὸς
1302 4537 1581 4607 Ὑρκανοῦ,
1629 4531 1766 4588 κατά
1810 4536 1921 4587 τῶν
1955 4555 1999 4618 D

305 4621 687 4696 Ἱεροσολύμων
748 4621 899 4684 αὖθις
965 4621 1295 4699 ἐστράτευεν.
1390 4623 1644 4696 Ὑρκανὸς
1711 4620 1770 4676 δὲ
1827 4621 1922 4676 τὸν

307 4708 518 4766 Δαυΐδου
573 4711 740 4792 τάφον
787 4712 1022 4784 ἀνοίξας,
1077 4711 1402 4787 τριακοσίων
1459 4707 1739 4766 ταλάντων
1798 4703 1923 4765 ἔλυε

307 4795 393 4862 τήν
443 4797 786 4873 πολιορκίαν.
834 4801 922 4862 Ἐς
970 4799 1188 4875 ὕστερον
1239 4797 1286 4854 δ’
1330 4799 1786 4874 ἰνευπραγήσαντι
1832 4798 1922 4852 καὶ

309 4883 508 4957 πολλήν
563 4885 990 4964 περιϐαλομένῳ
1059 4891 1273 4969 χώραν,
1344 4884 1776 4966 ’Δριστοϐούλου
1833 4889 1920 4944 καὶ

299 4970 602 5052 Ἀντιγόνου
630 4983 738 5033 τῶν
772 4977 925 5035 ἰδίων
955 4978 1164 5035 παίδων
1207 4983 1720 5056 συστρατηγούντων
1753 4977 1922 5050 αὐτῷ,

311 5062 485 5135 φθόνος
515 5067 648 5142 πρὸς
697 5071 805 5123 τῶν
850 5066 1166 5147 ἐπιχωρίων
1211 5067 1472 5146 ἐγείρεται
1524 5066 1815 5143 μέγιστος·
1849 5066 1924 5128 εἷς

312 5150 565 5226 προῦπτον
593 5154 640 5212 δ’
671 5155 1063 5232 ἐκριπισθέντες
1097 5157 1283 5232 ἐκείνῳ
1317 5156 1586 5232 πόλεμον,
1637 5157 1922 5228 ἣττηντκιο

371 5315 443 5394 (ί)
469 5317 567 5394 hic
597 5323 900 5380 Matuthias
929 5321 988 5379 in
1021 5322 1164 5380 libro
1191 5323 1450 5394 Machab,
1483 5322 1716 5380 dicitur.

373 5390 444 5456 (2)
468 5391 489 5446 Ι
516 5393 776 5450 Machab.
813 5411 932 5452 νιιι.

469 5463 782 5523 Antiochus
803 5467 1073 5536 Eupator.

375 5529 441 5602 (ι)
466 5536 779 5596 Antiochus
806 5529 989 5595 Soter.

379 5601 448 5675 (⁵)
472 5606 756 5682 Tryphon,
805 5611 1104 5667 interfecto
1169 5609 1472 5680 Antiocho,
1519 5625 1767 5683 regnum
1815 5608 1924 5685 Sy-

2036 1877 2193 1918 mam
2221 1861 2440 1929 missis,
2473 1878 2608 1917 cum
2641 1862 2919 1918 Romanis
2941 1862 3192 1918 ducibus
3223 1881 3426 1936 pacem
3457 1864 3673 1920 fmdus-

2035 1967 2146 2022 que
2177 1951 2508 2022 paciscitur.
2542 1949 2700 2006 Idem
2736 1967 2837 2023 pro
2867 1951 3084 2024 insigni
3116 1952 3323 2024 pietate
3361 1970 3490 2024 sua,
3522 1959 3672 2010 tem-

2035 2037 2193 2110 plum
2225 2040 2400 2095 simul
2432 2044 2725 2112 repurgat,
2755 2043 2812 2094 et
2852 2055 2986 2096 vasa
3034 2057 3180 2096 nova
3226 2042 3297 2098 ad
3353 2042 3674 2099 sacrificio-

2036 2144 2164 2183 rum
2199 2145 2372 2183 usum
2421 2133 2711 2200 procurat.
2759 2128 2986 2184 Interea
3035 2130 3351 2187 Antiochus
3399 2131 3673 2198 moritur,

2035 2221 2091 2272 et
2129 2218 2284 2273 illius
2315 2219 2447 2287 ejus
2493 2217 2788 2288 (Antiochi
2815 2217 2894 2290 (3)
2945 2218 2996 2274 ei
3028 2235 3260 2292 quoque
3291 2237 3504 2278 nomen
3547 2221 3680 2292 fuit)

2033 2323 2168 2362 cum
2203 2308 2452 2363 maxime
2481 2307 2741 2362 exercitu
2778 2312 2982 2364 contra
3009 2307 3246 2364 Judaaos
3283 2309 3674 2382 pragreditur,

2032 2394 2341 2468 praelioque
2365 2397 2680 2452 commisso
2713 2396 3045 2466 retrocedit,
3097 2403 3154 2452 et
3201 2402 3423 2468 partem
3473 2399 3674 2470 copia-

2033 2501 2162 2540 rum
2194 2487 2262 2540 ad
2293 2485 2655 2541 obsidionem
2703 2485 2862 2541 urbis
2912 2485 3210 2558 relinquit.
3259 2486 3346 2543 lbi
3393 2487 3558 2544 Judm
3605 2487 3668 2544 in

2033 2573 2246 2644 praliis
2277 2572 2548 2628 omnibus
2575 2572 2760 2628 virtus
2793 2575 2851 2628 in
2883 2573 3088 2645 primis
3116 2574 3348 2643 enituit,
3384 2577 3481 2648 qui
3529 2591 3665 2634 cum

2033 2662 2257 2719 fortiter
2285 2661 2594 2728 dimicans,
2628 2663 2844 2718 multos
2883 2679 2953 2718 ex
2999 2663 3269 2719 hostibus
3315 2664 3465 2720 ferro
3511 2666 3670 2722 ceci-

2033 2751 2238 2818 disset,
2270 2751 2506 2806 tandem
2543 2751 2672 2822 ipse
2719 2766 2949 2824 quoque
3000 2751 3264 2821 caditur,
3312 2768 3563 2825 cumque
3603 2769 3671 2811 eo

2032 2841 2204 2896 frater
2245 2840 2522 2897 Joannes.
2571 2839 2710 2910 Ejus
2759 2839 3022 2896 sedenim
3071 2845 3328 2911 potestas
3374 2844 3446 2898 ad
3492 2845 3673 2899 Jona-

2030 2929 2214 2998 tham,
2248 2931 2479 2986 fratrem
2511 2945 2746 3001 quoque
2781 2932 2931 2999 ejus,
2979 2931 3242 3000 pervenit
3274 2947 3290 2986 :
3335 2935 3436 3004 qui
3481 2929 3670 3005 magis

2030 3019 2204 3075 etiam
2235 3019 2572 3074 confirmata
2599 3033 2729 3074 cum
2762 3018 3042 3074 Romanis
3079 3018 3334 3074 amicitia
3379 3025 3438 3076 et
3483 3021 3666 3076 socie-

2027 3111 2165 3177 tate,
2196 3107 2384 3164 fmdus
2415 3105 2656 3179 insuper
2709 3121 2845 3163 cum
2883 3106 3152 3163 Antiochi
3190 3108 3270 3181 (4)
3338 3107 3456 3164 filio
3496 3107 3607 3164 init
3649 3122 3668 3165 :

2028 3199 2181 3270 apud
2215 3211 2390 3268 quem
2420 3212 2551 3252 cum
2586 3211 2688 3267 pro
2727 3194 2964 3268 hospitii
3013 3199 3187 3268 atque
3234 3196 3503 3253 amicitiis
3541 3198 3668 3268 jere

2023 3291 2372 3354 versaretur,
2420 3302 2455 3342 a
2496 3289 2685 3342 tutore
2749 3285 2880 3356 ejus
2925 3285 3231 3358 Tryphone
3275 3285 3354 3359 (5)
3407 3293 3670 3344 necatur.

2024 3375 2220 3430 Simon
2247 3391 2419 3446 porro
2451 3375 2630 3430 frater
2654 3374 2714 3429 in
2759 3374 2949 3429 locum
2978 3375 3106 3443 ejus
3129 3375 3420 3431 succedit:
3455 3379 3510 3431 et
3541 3391 3667 3432 rem

2027 3474 2258 3519 strenue
2288 3479 2512 3534 gerens,
2543 3461 2827 3518 Antiocho
2849 3477 2911 3517 se
2942 3461 3079 3518 belli
3110 3462 3387 3519 societate
3416 3465 3670 3536 conjun-

2025 3553 2127 3624 git,
2159 3557 2362 3608 contra
2395 3550 2780 3624 Tryphonem,
2830 3550 2928 3623 qui
2977 3551 3028 3606 ei
3089 3551 3306 3606 bellum
3356 3551 3658 3618 intulerat,

2025 3643 2282 3698 ducenti.
2309 3640 2588 3697 Caeterum
2621 3657 2752 3696 cum
2793 3638 3078 3697 Antiocho
3116 3639 3176 3695 in
3207 3639 3516 3712 Tryphone
3555 3656 3663 3713 op-

2026 3730 2331 3804 primendo
2404 3731 2701 3802 egregium
2778 3739 3036 3786 navasset
3123 3745 3380 3802 operam,
3460 3735 3658 3800 postea

2025 3818 2188 3876 illum
2224 3820 2465 3876 minime
2493 3819 2746 3874 amicum
2779 3817 2890 3874 sibi
2928 3834 3056 3874 esse
3087 3819 3375 3891 cognovit.
3406 3818 3512 3876 57
3562 3819 3668 3876 Ille
3746 3808 3753 3816 ’

2027 3909 2185 3966 enim
2228 3908 2542 3964 Cendebmo
2597 3908 2742 3962 duce
2793 3906 2992 3974 misso,
3035 3911 3094 3962 et
3149 3913 3363 3964 terram
3413 3908 3665 3966 Judaam

2027 4002 2272 4066 vastare,
2301 4005 2356 4051 et
2383 3995 2679 4052 Simonem
2717 3998 2952 4067 captum
2984 3996 3060 4051 ad
3087 4011 3149 4051 se
3178 3997 3464 4054 adducere
3496 3998 3674 4068 jussit

2029 4087 2300 4142 Sedenim
2334 4085 2530 4142 Simon
2573 4083 2954 4142 Cendebteum
3000 4099 3138 4142 cum
3187 4085 3439 4142 exercitu
3491 4087 3677 4159 pluri-

2033 4193 2262 4231 morum
2305 4174 2550 4232 millium
2592 4173 3018 4242 advenientem,
3051 4173 3248 4247 praelia
3294 4179 3354 4231 et
3403 4176 3676 4234 conﬂictu

2031 4265 2190 4322 omni
2221 4263 2534 4320 fortissime
2568 4263 2770 4332 vincit,
2803 4262 3228 4336 popularesque
3273 4280 3412 4321 suos
3457 4283 3492 4322 a
3520 4267 3573 4327 vi
3620 4270 3684 4322 et

2034 4353 2254 4424 impetu
2305 4352 2685 4409 Macedonum
2734 4351 2944 4410 liberat
2989 4353 3093 4424 (6),
3145 4357 3278 4425 post
3323 4371 3509 4410 annos
3542 4369 3678 4410 cen-

2031 4446 2158 4497 tum
2203 4441 2594 4514 septuaginta,
2641 4446 2698 4498 et
2745 4441 3004 4514 pontifex
3049 4450 3295 4499 creatur.
3349 4443 3463 4500 Sed
3511 4442 3672 4500 brevi

2032 4537 2228 4603 postea
2257 4536 2313 4586 et
2339 4531 2465 4602 ipse
2493 4533 2690 4588 Simon
2721 4548 2755 4586 a
2781 4547 2990 4604 genero
3023 4531 3326 4589 Ptolemaeo
3367 4532 3426 4588 in
3475 4531 3674 4588 convi-

2034 4622 2124 4677 vio
2165 4619 2538 4675 interimitur.
2589 4619 2936 4677 Ptolemeus
2979 4637 3118 4677 sane
3161 4637 3396 4676 uxorem
3441 4635 3675 4693 quoque

2033 4711 2182 4781 ejus,
2215 4716 2274 4764 et
2294 4710 2443 4765 duos
2474 4709 2648 4778 filios,
2675 4711 2735 4766 in
2765 4709 2998 4766 vincula
3027 4709 3295 4780 conjicit:
3349 4713 3406 4766 et
3437 4725 3672 4781 percus-

2032 4815 2212 4864 sores,
2237 4799 2338 4870 qui
2365 4798 2649 4856 Joannem
2680 4799 2916 4856 tertium
2948 4799 3134 4855 filium
3182 4801 3330 4868 (erat
3358 4798 3494 4854 huic
3524 4815 3674 4870 quo-

2033 4905 2145 4960 que
2173 4887 2422 4960 Hyrcani
2470 4889 2700 4960 nomen)
2749 4892 3042 4956 necarent,
3093 4886 3370 4958 disponit.
3413 4887 3525 4944 Sed
3574 4887 3672 4944 ille

2034 4975 2430 5050 Hierosolyma
2460 4978 2820 5050 profugiens,
2850 4981 3105 5033 structas
3151 4975 3266 5032 sibi
3307 4976 3479 5033 cedis
3527 4977 3676 5032 insi-

2030 5066 2158 5122 dias
2188 5067 2390 5138 effugit
2423 5083 2437 5121 :
2469 5073 2527 5122 et
2557 5072 2796 5139 paterno
2827 5081 2927 5138 per
2956 5065 3386 5122 successionem
3436 5066 3670 5136 pontiﬁ-

2035 5163 2162 5212 catu
2202 5161 2459 5227 accepto,
2499 5155 2814 5228 gratiisque
2862 5171 2964 5226 per
3010 5153 3296 5211 sacriﬁcia
3348 5153 3463 5210 Deo
3505 5153 3671 5223 actis,

2035 5321 2133 5376 rite
2162 5319 2470 5376 invaserat.
2499 5315 2739 5388 (Justin.
2773 5315 2819 5372 Ι.
2850 5315 3062 5388 nm.)

2102 5392 2182 5464 (ti)
2209 5389 2448 5464 Ioseph.
2487 5387 2900 5464 libratutcap.
2935 5387 3022 5464 it.

2103 5455 2181 5535 (7)
2216 5463 2293 5518 Ex
2321 5455 2466 5535 q'uo‘
2487 5459 2710 5516 scilicet
2734 5455 2865 5514 ’illi'
2885 5459 3036 5528 apud
3084 5455 3382 5530 Egyptios
3429 5470 3674 5530 regnare

2031 5531 2416 5608 cmperunt'et
2432 5531 2626 5606 Syros.
