4100 6218
391 387 394 394 ’
426 375 544 440 643

1725 369 2140 432 NICEPHORI
2186 375 2281 434 CA
2293 373 2534 436 LLlSTI

3719 373 3832 436 διε

429 517 651 584 quanta
698 514 888 582 potest
931 509 1219 565 celeritate
1263 512 1462 562 contra
1510 507 1882 564 Ptolemaeum
1939 524 2059 578 pro-

2193 509 2441 579 Ὑρκανὸς
2489 506 2544 562 δὲ
2591 512 2689 562 τού
2750 505 2970 576 λοιποῦ,
3021 509 3048 562 ὁ
3090 510 3180 562 καὶ
3226 509 3486 580 Ἰωάννης
3533 509 3836 584 εὐδαίμονα

431 601 714 674 greditur,
756 599 1040 654 auxilium
1095 599 1262 653 matri
1305 603 1360 652 et
1393 597 1664 651 fratribus
1711 596 1962 652 laturus.
2008 599 2080 652 At

425 691 558 746 illos
590 691 953 754 Ptolemaeus,
980 697 1042 743 ut
1065 689 1324 756 Hyrcano
1371 701 1518 756 aegre
1563 685 1794 752 faceret,
1847 685 2076 751 occidit,

421 779 594 834 Porro
625 776 1159 848 Antiochusjunior
1209 773 1608 846 indignatione
1655 772 1832 828 simul
1881 779 1938 830 et
1985 789 2077 828 re-

422 867 758 923 cordatione
787 883 986 921 earum
1031 881 1220 920 rerum
1275 879 1422 934 quas
1477 879 1510 916 a
1549 861 1780 917 Simone
1829 863 2076 934 Hyrcani

421 964 582 1026 patre
611 972 922 1026 perpessus
971 953 1177 1021 fuerat,
1209 956 1562 1018 commotus,
1609 951 1890 1006 adversus
1940 951 2072 1006 Hie-

417 1047 710 1114 rosolyma
763 1045 1081 1100 exercitum
1135 1045 1346 1097 iterum
1413 1041 1585 1096 ducit.
1653 1040 1730 1110 (t)
1773 1041 2073 1112 Hyrcanus

415 1143 630 1204 autem,
663 1135 896 1190 Davidis
939 1133 1163 1188 recluso
1217 1131 1508 1202 sepulcro,
1557 1129 1920 1185 obsidionem
1971 1147 2073 1186 ur-

416 1225 506 1280 bis
527 1223 801 1280 trecentis
833 1223 1076 1278 redemit
1107 1219 1364 1276 talentis.
1408 1219 1544 1274 Post
1575 1219 1716 1282 haec,
1751 1234 1883 1274 cum
1935 1235 2068 1289 pro-

418 1313 602 1384 speris
649 1316 908 1368 uteretur
955 1311 1146 1376 rebus,
1188 1313 1244 1364 et
1283 1307 1454 1378 longe
1501 1308 1734 1378 lateque
1787 1307 2066 1364 ditionem

417 1418 586 1458 suam
648 1406 1011 1472 propagaret,
1065 1395 1394 1453 Aristobulo
1443 1401 1500 1451 et
1555 1397 1845 1468 Antigono
1933 1397 2068 1453 ﬁliis

417 1493 543 1560 ejus
575 1507 706 1546 cum
739 1507 804 1544 eo
837 1505 956 1544 rem
1009 1485 1318 1542 militarem
1371 1485 1940 1554 administrantibus,
1971 1486 2070 1541 in-

415 1581 568 1634 vidia
617 1577 980 1650 papularium
1028 1591 1206 1646 quam
1251 1574 1508 1628 maxima
1552 1579 1754 1630 contra
1797 1591 1930 1630 eum
1981 1579 2070 1630 est

415 1675 659 1726 exorta:
720 1667 822 1738 qui
881 1675 1076 1720 tamen
1127 1669 1322 1734 aperte
1373 1669 1572 1718 contra
1619 1679 1750 1718 eum
1803 1670 2065 1734 suscepto

419 1759 569 1816 bello
621 1759 964 1815 occubuere.
1025 1755 1296 1811 Sedenim
1345 1754 1431 1824 (2)
1493 1754 1819 1826 Ilyrcanus,
1864 1755 1962 1825 qui
2009 1759 2068 1811 et

413 1851 674 1906 Joannes
716 1847 926 1914 dictus,
959 1845 1100 1900 satis
1150 1843 1394 1898 feliciter
1443 1849 1674 1913 peracta
1723 1845 1857 1912 vita,
1891 1845 2062 1915 quin-

417 1955 530 2010 que
560 1936 772 1992 relictis
807 1935 1032 2000 ﬁliis,et
1068 1931 1286 2004 optime
1307 1933 1606 2002 republica
1629 1933 1798 1987 annis
1821 1934 2064 2004 triginta

413 2029 602 2082 tribus
649 2029 835 2096 gesta,
880 2024 1058 2078 vitam
1105 2021 1251 2076 finit.
1327 2021 1464 2090 Ejus
1517 2019 1728 2075 deinde
1778 2021 2062 2077 maximus

412 2123 550 2172 natu
609 2115 767 2168 filius
813 2109 1196 2176 Aristobulus,
1249 2108 1818 2164 administrationem
1867 2126 2060 2165 rerum

413 2203 720 2261 confestim
751 2201 810 2256 in
843 2201 1006 2272 regni
1039 2199 1284 2252 formam
1321 2197 1549 2268 redigit,
1583 2201 1640 2250 et
1671 2197 1894 2267 primus
1949 2197 2060 2252 sibi

415 2295 686 2352 diadema
715 2291 983 2359 imponit,
1015 2294 1146 2358 post
1177 2303 1363 2342 annos
1411 2285 1874 2357 quadringentos
1923 2303 2060 2358 sep-

415 2381 682 2454 tuaginta
707 2385 763 2436 et
793 2394 997 2444 unum,
1027 2378 1086 2432 in
1121 2391 1349 2430 menses
1378 2381 1515 2442 tres,
1549 2374 1618 2429 ab
1668 2391 1735 2430 eo
1784 2381 2059 2444 tempore,

414 2489 546 2528 cum
605 2469 854 2542 p0pulus
918 2466 1197 2522 servitute
1243 2462 1592 2532 Babylonica
1643 2463 1946 2530 liberatus,
2001 2465 2060 2520 in

415 2561 657 2633 patriam
691 2575 852 2614 suam
907 2555 1096 2610 rediit.
1147 2557 1334 2624 Atque
1383 2552 1476 2606 hic
1533 2551 1764 2622 quidem
1817 2557 2060 2608 matrem

417 2655 566 2708 fame
597 2655 836 2706 enecat:
872 2663 1006 2701 mox
1035 2661 1264 2715 quoque
1295 2660 1362 2698 ex
1394 2643 1674 2698 fratribus
1703 2659 1858 2707 eum,
1882 2659 2058 2714 quem

417 2741 666 2796 maxime
698 2739 996 2800 dilexerat,
1021 2734 1412 2804 Antigonum:
1439 2733 1730 2802 quomodo
1775 2737 1965 2787 autem
1995 2749 2060 2788 ea

417 2833 604 2886 caedes
637 2831 870 2898 peracta
900 2825 1000 2890 sit,
1039 2821 1294 2893 Josepho
1325 2837 1452 2875 eam
1485 2822 2055 2876 commemorandam

418 2919 825 2988 relinquimus.
847 2915 956 2968 Sed
981 2913 1134 2967 enim
1160 2927 1290 2965 cum
1315 2927 1429 2964 non
1452 2909 1600 2964 ultra
1623 2927 1804 2964 unum
1837 2927 2055 2966 annum

415 3011 585 3064 rebus
609 3006 954 3078 praefuisset,
989 3003 1255 3056 moritur.
1289 3001 1468 3069 Cujus
1503 3015 1646 3054 uxor
1677 3001 1882 3055 fratres
1931 3003 2058 3070 ejus

411 3115 477 3159 ex
523 3095 786 3152 custodia
836 3097 894 3148 et
943 3089 1190 3146 vinculis
1245 3089 1494 3144 emittit:
1545 3093 1603 3144 et
1653 3089 1922 3154 alterum,
1955 3091 2058 3160 qui

416 3177 580 3242 aetate
635 3181 909 3256 grandior
963 3179 1286 3244 videbatur,
1347 3176 1738 3232 Alexandrum
1795 3179 2053 3244 nomine,

2190 596 2304 670 βίον
2358 595 2645 667 διηνυκὼς,
2693 596 2779 651 ἐπὶ
2828 597 2986 651 πέντε
3033 599 3197 652 υἱέσιν
3241 597 3496 654 ἐτελεύτα
3543 601 3635 655 τὸν
3691 601 3833 676 βίον,

2185 686 2450 740 κάλλιστα
2497 687 2595 756 τὴν
2649 687 2824 762 ἀθχήν
2874 687 2963 740 ἐπὶ
3013 685 3169 749 ὅλοις
3211 689 3359 762 τρισὶ
3409 691 3498 743 καὶ
3547 691 3838 764 τριάκοντα

2183 771 2324 830 ἔτεσι
2373 773 2677 844 διοικήσας.
2719 781 2784 832 Ὀ
2822 797 2884 848 γε
2935 777 3042 846 μὴν
3093 781 3201 830 τῶν
3251 777 3411 832 υἱέων
3465 775 3836 854 πρεσϐύτερος

2183 860 2626 938 Ἀριστόϐουλος,
2672 865 2770 932 τὴν
2813 865 2991 939 ἀρχὴν
3031 863 3184 928 εὐθὺς
3225 866 3302 927 εἷς
3349 867 3626 940 βασιλείαν
3677 865 3840 942 μεθί-

2183 974 2363 1024 στησι,
2394 956 2484 1008 καὶ
2529 959 2746 1026 πρῶτος
2789 951 3032 1026 διάδημα
3075 955 3399 1028 περιτίθεται
3451 959 3588 1029 μετᾶ
3641 977 3836 1030 τετρα-

2181 1042 2466 1097 κοσιοστὸν
2523 1043 2616 1098 καὶ
2677 1038 3086 1114 έϐδομηκοστον
3137 1047 3353 1118 πρῶτον
3399 1043 3540 1116 ἔτος,
3587 1046 3732 1116 πρὸς
3781 1043 3838 1100 δὲ

2185 1139 2360 1204 μῆνας
2391 1137 2556 1206 τρεῖς,
2601 1131 2653 1202 ἐξ
2695 1133 2860 1206 οὗπερ
2891 1133 2919 1187 ὁ
2952 1131 3083 1194 λαὸς
3127 1137 3226 1197 τῆς
3269 1132 3321 1188 ἒν
3366 1129 3656 1190 Βαϐυλῶνι
3715 1131 3839 1190 δου-

2181 1219 2333 1283 λείας
2383 1219 2743 1296 ἆπαλλαγεῖς,
2793 1220 2868 1284 εἷς
2917 1221 3017 1288 τὴν
3067 1221 3255 1297 χώραν
3311 1223 3458 1291 ἧκεν.
3509 1225 3684 1283 Οὗτος
3735 1225 3835 1291 τὴν

2183 1309 2276 1380 μὲν
2337 1308 2546 1382 μητέρα
2596 1307 2788 1363 κτείνει
2841 1309 2996 1382 λιμῷ
3030 1325 3044 1338 ⁶
3099 1315 3218 1382 μετ’
3267 1309 3454 1384 ὀλίγον
3505 1307 3582 1378 δὲ,
3641 1311 3742 1364 καὶ
3779 1311 3836 1364 ’ὀν

2177 1397 2350 1475 ἐφίλει
2389 1397 2535 1470 μάλα
2579 1403 2691 1453 τῶν
2749 1395 3022 1475 ἀδελφῶν,
3077 1399 3414 1475 Ἀντίγονον.
3465 1401 3534 1455 Τὸ
3575 1399 3626 1455 δ’
3659 1400 3834 1471 ὅπως,

2176 1489 2430 1558 Ἰωσήπῳ
2459 1493 2812 1561 παραχωρεῖν
2855 1483 3162 1564 διηγεῖσθαι
3215 1488 3392 1561 θέμις.
3447 1489 3518 1544 Ού
3576 1487 3756 1544 πλέον
3789 1487 3834 1542 δ’

3311 1576 3583 1634 ἐτελεύτα.
3651 1583 3717 1634 Ἦ
3779 1577 3835 1634 δὲ

2173 1668 2310 1739 γυνη
2343 1665 2466 1727 τοὺς
2509 1665 2709 1720 ἐκείνου
2759 1663 3032 1742 ἀδελφοὺς
3077 1666 3284 1720 λύσασα
3322 1673 3432 1722 τῶν
3485 1666 3736 1739 δεσμῶν,
3779 1669 3833 1741 χ’

2175 1749 2360 1828 ἅτερον
2410 1755 2502 1825 μὲν
2543 1755 2637 1808 τὸν
2671 1755 2789 1808 καθ’
2831 1753 3051 1822 ἡλικίαν
3099 1752 3365 1829 προύχειν
3415 1753 3687 1812 δοκοῦντα
3743 1755 3834 1830 βα-

2173 1841 2328 1897 σιλεα
2358 1843 2693 1913 καθίστησιν,
2748 1841 3103 1918 Ἀλέξανδρον
3154 1843 3326 1917 ὄνομα
3353 1865 3364 1877 ·
3399 1845 3460 1906 ’ὸς
3495 1845 3589 1900 τδν
3639 1843 3830 1919 ἕτερον

2177 1937 2282 1986 τῶν
2313 1931 2561 2009 ἀδελφῶν
2605 1931 2960 2008 βασιλειῶντα
2991 1933 3176 2006 γνοὺς,
3228 1931 3429 1988 ἔκτεινε
3455 1955 3466 1966 ο
3517 1935 3612 1988 τὸν
3649 1932 3700 1988 δ’
3731 1933 3830 1989 ἄλ.

2177 1575 2420 1631 ἐνιαυτοῦ
2477 1577 2566 1631 καὶ
2625 1577 2788 1638 αὐτὸς
2867 1579 3230 1652 ἡγησάμενος,

2171 2019 2268 2074 λον
2317 2018 2448 2095 δίχα
2507 2021 2844 2095 πραγμάτων
2895 2025 2991 2094 ζῇν
3045 2021 3392 2094 αἱρούμενον,
3448 2020 3630 2076 ε’ίασεν
3687 2019 3832 2076 ἰδιο-

2170 2117 2399 2186 πραγεῖν
2441 2111 2628 2182 Τούτῳ
2675 2107 2741 2180 δὴ
2787 2110 2922 2183 πρὸς
2967 2111 3061 2165 τὸν
3111 2110 3464 2180 Κλεοπάτρας
3509 2113 3628 2166 υἱὸν
3687 2119 3828 2167 Πτο-

2171 2198 2400 2273 λεμαῖον
2433 2200 2524 2254 τὸν
2553 2199 2830 2274 Λάθουρον
2867 2198 3234 2269 ἐπικληθέντα
3263 2196 3523 2272 συμϐολὴ
3571 2201 3786 2276 γίνεται
3809 2220 3822 2229 ·

2171 2289 2258 2342 καὶ
2293 2293 2416 2358 νικᾷ
2461 2287 2792 2361 κατακράτος
2844 2285 3195 2360 Ἀλέξανδρος
3225 2309 3238 2322 ⁸
3293 2285 3552 2367 διωχθεὶς
3595 2288 3660 2344 δὲ
3693 2295 3827 2344 Πτο-

2173 2377 2399 2448 λεμαῖος
2459 2378 2563 2432 ὑπὸ
2633 2384 2732 2445 τῆς
2795 2379 3001 2450 μητρὸς
3073 2375 3440 2451 Κλεοπάτρας,
3513 2382 3822 2454 μετεχώρει

2170 2469 2306 2540 πρὸς
2363 2464 2653 2540 Α’ίγυπτον.
2717 2465 2906 2520 [Ιολλὰ
2962 2463 3019 2520 δὲ
3075 2471 3190 2528 τοῖς
3251 2467 3559 2546 ὁμοφύλοις
3619 2467 3820 2542 δράσας

2171 2553 2526 2628 Ἀλέξανδρος
2575 2553 2842 2630 δυσχερῆ,
2881 2557 2956 2617 ὡς
3003 2559 3091 2610 καὶ
3145 2555 3498 2619 ἀκτακοσίους
3551 2557 3822 2612 ἀνασταυ-

2173 2651 2364 2720 ρῶσαι,
2413 2645 2746 2718 τεταρταίοις
2799 2644 3029 2721 ληφθεὶς
3077 2649 3320 2698 πυρετῶν
3371 2644 3679 2720 περιόδοις,
3729 2649 3818 2702 τὸν

2175 2733 2291 2807 βίον
2327 2733 2654 2806 μετήλλαξε,
2693 2737 2762 2806 τῇ
2803 2733 3013 2807 γυναικί
3057 2732 3288 2807 Σαλίνῃ,
3336 2738 3404 2806 τῇ
3437 2735 3526 2789 καὶ
3567 2737 3820 2806 Ἀλεξᾶν-

2171 2819 2288 2896 δρα,
2331 2823 2428 2888 τήν
2487 2821 2762 2895 βασιλείαν
2815 2821 3150 2876 καταλιπών.
3201 2821 3466 2892 Τηνικάδε
3498 2821 3678 2878 δὲκαὶ
3715 2835 3816 2879 Δα-

2173 2911 2438 2984 μασκηνοὶ
2497 2912 2587 2964 τὸν
2673 2911 2886 2984 Πάρθον
2961 2911 3176 2984 ’Δρέταν
3255 2911 3390 2964 κατᾶ
3465 2911 3816 2985 Πτολεμαίου

2169 2999 2484 3076 ἐπάγονται,
2533 2998 2622 3052 καὶ
2670 3000 2769 3065 τῆς
2821 2997 3025 3063 Κοίλης
3081 2999 3279 3072 Κυρίας
3332 2997 3558 3072 βασιλέα
3604 2999 3816 3076 ἐγκαθιο

2169 3093 2364 3142 στῶσιν
2389 3108 2400 3119 ·
2437 3089 2494 3149 ὃς
2531 3087 2685 3164 μάχῃ
2717 3091 2823 3140 τῶν
2865 3084 3140 3142 Ἰουδαίων
3179 3088 3618 3161 περιγενόμενος,
3675 3089 3814 3144 ἐκεῖ-

2167 3179 2252 3231 θεν
2305 3179 2442 3231 κατά
2491 3179 2756 3244 συνθήκας
2805 3172 3070 3250 ἀνεχώρει
3119 3174 3292 3237 αὖθις.
3346 3181 3422 3250 Γῇ
3471 3173 3526 3232 δὲ
3579 3177 3810 3250 Σαλίνῃ,

417 3291 610 3346 regem
635 3243 752 3329 ‘58
781 3269 1102 3334 constituit,
1149 3267 1249 3337 qui
1301 3283 1434 3322 mox
1479 3265 1754 3336 alterum,
1807 3283 2052 3338 regnum

2171 3264 2262 3320 δύο
2321 3265 2488 3320 ὄντων
2545 3263 2704 3318 υἷέων
2765 3263 2817 3331 ἐξ
2871 3261 3248 3337 Ἀλεξάνδρου,
3305 3266 3400 3318 τὸν
3465 3267 3560 3338 μὲν
3621 3267 3812 3340 χρόνῳ

417 3365 807 3426 atl‘ectantem,
836 3357 1126 3413 trucidat:
1177 3355 1408 3410 tertium
1457 3371 1613 3421 vero,
1663 3357 1762 3426 qui
1811 3357 2052 3411 otiosam

413 3453 526 3510 sibi
561 3451 850 3520 delegerat
875 3447 1080 3512 vitam,
1113 3444 1400 3515 privatum
1442 3461 1611 3514 agere
1663 3443 1891 3514 patitur.
1926 3445 2054 3500 Ale-

415 3543 632 3598 xander
678 3539 810 3604 iste,
860 3553 994 3591 cum
1063 3533 1376 3603 CleOpatrte
1427 3532 1547 3587 filio
1597 3533 1904 3588 Ptolemaao
1952 3535 2052 3606 (3),

413 3633 796 3701 cognomento
839 3625 1119 3692 Lathuro,
1165 3621 1360 3692 praelio
1409 3639 1783 3692 congressus,
1837 3623 2056 3678 fortiter

411 3721 706 3778 victoriam
739 3715 1090 3784 reportavit:
1137 3719 1193 3768 et
1223 3713 1568 3768 Ptolemaeus
1601 3729 1633 3768 a
1665 3719 1850 3768 matre
1893 3713 2055 3769 Cleo-

411 3815 574 3884 patra
608 3807 827 3878 pulsus,
862 3805 920 3859 in
947 3805 1256 3875 Egyptum
1291 3802 1568 3872 profugit.
1599 3801 1922 3857 Alexander
1949 3821 2050 3858 au-

409 3907 552 3964 tem,
604 3912 738 3954 cum
790 3893 1098 3965 populares
1147 3891 1425 3962 gravibus
1472 3889 1754 3945 elTecisset
1797 3892 2052 3962 injuriis,

411 3991 549 4044 adeo
601 3991 664 4041 ut
709 3984 1071 4054 octingentos
1131 3981 1190 4034 in
1245 3995 1476 4035 crucem
1525 3979 1724 4050 egerit,
1774 3985 2055 4051 quartana

411 4075 558 4132 febri
586 4074 902 4136 confectus,
937 4070 1110 4124 vitam
1137 4067 1368 4134 finiens,
1401 4069 1634 4139 conjugi
1669 4067 1899 4136 Salinae,
1923 4087 2051 4140 quae

413 4163 588 4219 etiam
638 4161 710 4230 (li)
757 4159 1083 4214 Alexandra
1143 4157 1299 4211 dicta
1347 4162 1455 4224 est,
1507 4173 1751 4228 regnum
1795 4157 2050 4228 reliquit.

411 4253 626 4308 Eodem
658 4255 920 4320 tempore
967 4253 1026 4302 et
1089 4246 1427 4302 Damasceni
1483 4248 1716 4302 Aretam
1771 4247 2048 4302 Parthum

411 4343 613 4398 contra
659 4337 1027 4393 Ptolemaeum
1076 4335 1318 4400 ducunt,
1371 4343 1425 4389 et
1474 4333 1795 4407 Coelesyriai
1854 4353 2047 4407 regem

406 4429 823 4494 constituunt;
875 4424 976 4496 qui
1008 4423 1248 4478 victoria
1294 4427 1496 4478 contra
1541 4423 1776 4480 Judaaos
1833 4427 2048 4494 potitus

407 4519 542 4576 inde
573 4534 640 4572 ex
695 4513 878 4586 pactis
922 4513 1228 4568 conventis
1279 4513 1626 4568 retrocessit.
1679 4514 1886 4569 Salinae
1937 4516 2051 4570 duo

2165 3357 2502 3428 προήκοντα,
2561 3353 2813 3426 Ὑρκανὸς
2865 3351 3220 3424 ἐπεκέκλητο,
3271 3356 3418 3423 νωθῆ
3479 3355 3570 3408 καὶ
3623 3354 3814 3416 ἄλλως

2166 3445 2486 3520 ἀπράγμονα
2541 3439 2691 3512 ὄντα,
2749 3443 3130 3517 ἀρχιερωσύνῃ
3193 3443 3356 3516 ἐτίμα
3389 3463 3403 3476 ·
3475 3446 3704 3520 θάτερον
3759 3443 3814 3500 δὲ

2203 3535 2216 3550 \
2300 3535 2310 3554 τ
2499 3533 2509 3550 Ι
2624 3531 2640 3544 ‘
2765 3529 2789 3549 ἢ
2827 3532 2840 3548 \
2933 3553 2952 3562 ρ
3327 3538 3350 3547 υ
3467 3531 3488 3550 ‘
3539 3533 3552 3554 ’
3743 3536 3756 3552 1

2164 3555 2256 3588 τον
2315 3529 2718 3606 Αριστοϐουλον
2762 3551 2850 3586 οια
2899 3531 3207 3608 θερμότητα
3257 3549 3378 3592 τοις
3437 3533 3690 3597 ἶοιωταις
3739 3557 3810 3589 εν-

2163 3621 2372 3677 ἑταττεν
2408 3643 2420 3656 ·
2463 3623 2522 3684 ὃς
2573 3621 2624 3682 ἐς
2681 3619 2899 3696 ὕστερον
2945 3621 3092 3693 νόσῳ
3139 3627 3238 3691 τῆς
3291 3623 3499 3694 μητρὸς
3551 3623 3808 3694 Ἀλεξάν.

2165 3709 2292 3784 δρας
2325 3711 2744 3780 περιπεσούσης,
2774 3711 2866 3764 τὸν
2916 3711 3102 3784 καιρὸν
3151 3710 3416 3784 ἁρπάσας,
3447 3711 3536 3764 καὶ
3569 3711 3634 3765 τὸ
3687 3715 3808 3786 περί

2163 3801 2320 3855 αὐτὸν
2383 3800 2734 3872 συναθροίσας
2797 3799 3063 3870 εὐνοϊκὸν,
3139 3801 3404 3872 χρήματα
3460 3821 3520 3854 τε
3575 3799 3808 3855 πλεῖστα

2163 3885 2618 3964 περιϐαλόμενος,
2683 3887 2906 3963 βασιλέα
2981 3888 3170 3943 ἑαυτὸν
3229 3890 3464 3947 ἀνεῖπεν.
3533 3889 3699 3946 Ἀλλ’
3755 3891 3805 3945 ἐν

2159 3979 2339 4050 τούτῳ
2401 3978 2494 4049 μὲν
2527 3980 2562 4046 ἡ
2599 3973 2941 4048 Ἀλεξάνδρα,
2975 3977 3141 4050 πρινή
3175 3977 3240 4030 τὰ
3269 3981 3377 4031 τῶν
3429 3975 3642 4032 παίδων
3693 3977 3810 4032 δια-

2161 4067 2344 4121 θέσθαι
2375 4069 2508 4140 πρὸς
2537 4067 2598 4120 τὸ
2631 4063 2845 4136 δοκοῦν,
2877 4069 2976 4120 τοῦ
3011 4065 3136 4139 βίου
3187 4065 3453 4134 ἐξίστατο.
3505 4061 3812 4138 Συμϐολῆς

2161 4153 2219 4210 δέ
2273 4155 2584 4232 γενομένης,
2647 4153 2696 4224 ἐξ
2747 4157 3005 4228 Ὑρκανοῦ
3049 4155 3186 4227 πρὸς
3231 4155 3322 4208 τὸν
3381 4150 3804 4228 Ἀριστόϐουλον

2166 4247 2468 4320 μετεχώρει
2497 4245 2558 4298 τὸ
2589 4243 2803 4312 πλῆθος
2833 4265 2846 4276 ·
2902 4243 2991 4297 καὶ
3044 4245 3297 4316 Ὑρκανὸς
3347 4241 3490 4301 ἄκων
3539 4243 3806 4316 ἐξίσταται

2159 4341 2260 4404 τῆς
2313 4335 2494 4410 ἀρχῆς
2545 4331 2819 4408 τάδελφῷ,
2865 4333 2957 4386 καὶ
3009 4329 3232 4400 ἱδιάζειν
3285 4335 3537 4406 αἱρεὶται.
3587 4335 3805 4388 Τούτων

2163 4421 2208 4478 δ’
2241 4423 2383 4476 οὕτω
2413 4421 2810 4498 γεγενημένων,
2845 4418 2964 4482 δέος
3017 4419 3284 4498 εἰστρέχει
3317 4420 3555 4481 πολλοῖς
3589 4423 3688 4493 μὲν
3719 4423 3806 4475 καῖ

2159 4509 2380 4579 ἄλλοις,
2416 4511 2654 4584 μάλιστα
2699 4507 2755 4564 δέ
2803 4510 3166 4582 ’Δντιπάτρῳ,
3214 4511 3274 4570 ὃς
3327 4507 3574 4582 Ἡρώδου
3627 4512 3806 4584 πατὴρ

409 4613 574 4665 erant
605 4605 731 4668 lilii,
766 4619 909 4675 quos
937 4600 1258 4656 Alexandro
1291 4607 1695 4672 progenuerat.
1729 4603 1810 4656 Ex
1857 4603 1929 4658 iis
1977 4620 2047 4658 ae-

2171 4605 2242 4672 ἧν.
2301 4605 2568 4680 Διάφορος
2629 4603 2730 4678 γὰρ
2789 4595 3204 4674 Ἀριστοϐούλῳ
3263 4601 3578 4670 καθίστατο,
3639 4603 3806 4678 φίλος

408 4700 523 4752 tate
571 4691 1007 4764 provectiorem,
1059 4689 1151 4744 cui
1210 4689 1456 4758 Hyrcani
1517 4707 1730 4746 nomen
1797 4693 2048 4748 inditum

408 4782 913 4854 erat,desidem,et
934 4779 1005 4834 ad
1030 4795 1122 4834 res
1147 4780 1433 4850 gerendas
1449 4779 2050 4850 minimeiudoneum,

409 4871 746 4946 pontificatu
771 4869 1146 4924 cohonestat:
1181 4865 1428 4922 alterum
1459 4885 1591 4924 vero
1630 4869 2055 4926 Aristobulum.

411 4971 641 5036 pr0pter
691 4959 870 5014 animi
903 4966 956 5013 et
989 4957 1246 5029 corporis
1291 4957 1566 5030 vigorem,
1603 4957 1886 5028 privatum
1927 4975 2056 5015 esse

399 5051 587 5122 jubet.
622 5049 728 5115 Qui
759 5047 988 5115 deinde,
1021 5063 1156 5102 cum
1205 5051 1388 5102 mater
1437 5047 1764 5104 Alexandra
1805 5047 2056 5120 graviter

409 5145 729 5214 aegrotaret,
761 5137 1064 5194 occasione
1093 5152 1162 5192 ea
1189 5141 1440 5208 arrepta,
1493 5145 1547 5192 et
1595 5153 1796 5192 eorum
1851 5153 2052 5206 manu,

407 5247 654 5305 quorum
696 5227 808 5283 sibi
859 5227 1054 5282 studia
1101 5225 1532 5296 conciliaverat,
1563 5233 1786 5292 coacta,
1821 5243 2052 5299 magna-

477 5395 556 5464 (t)
582 5391 649 5464 In
693 5391 832 5444 festo
859 5387 1756 5464 TabernaculorumiAiitiocbus
1795 5395 2054 5464 Hyrcano

410 5461 1176 5534 in'h'olocaustumtaurum
1209 5461 1360 5516 dono
1391 5463 1568 5517 dedit.
1599 5463 1772 5534 (Jos.)

485 5535 877 5606 ('2)Hyrcanus
905 5533 1502 5606 Idumaeamisubegit,
1526 5537 1582 5590 et
1622 5533 1880 5590 Judaicis
1923 5533 2054 5606 legi-

413 5605 523 5662 bus
565 5609 614 5660 ei
673 5605 1176 5676 viveregpermisit.
1231 5605 1390 5660 Idem
1436 5605 1672 5676 Joseph.
1728 5608 1831 5660 Hic
1877 5605 2050 5661 etiam

413 5679 630 5736 humus
675 5677 830 5748 apud
873 5674 1142 5732 Bebreos
1187 5674 1850 5748 peregrinum—militem
1899 5677 2052 5735 alere

2162 4688 2234 4746 ῶν
2265 4692 2316 4754 ἐς
2345 4692 2412 4746 τά
2463 4691 2700 4764 μάλιστα
2747 4695 3008 4766 Ὑρκανῷ.
3063 4689 3150 4759 Ἐξ
3197 4687 3520 4763 Ἰδουμαίων
3569 4691 3676 4766 γάρ
3727 4687 3808 4744 ἔλ-

2165 4805 2273 4837 κων
2334 4783 2396 4836 τὸ
2443 4783 2614 4857 γένος,
2663 4779 2888 4852 πλούτῳ
2945 4779 3035 4833 καὶ
3094 4779 3414 4858 περιφανείᾳ
3465 4783 3563 4835 τοῦ
3619 4779 3804 4842 ἔθνους

2165 4871 2458 4946 πρωτεύων
2499 4870 2589 4940 ἦτ.
2641 4870 2807 4931 Οὗτος
2863 4866 3039 4923 τοίνυν
3099 4869 3352 4942 Ὑρκανὸν
3409 4867 3621 4938 πείσας,
3669 4871 3805 4944 πρὸς

2165 4961 2382 5036 Ἀρέταν
2445 4959 2536 5014 τὸν
2579 4957 2768 5032 Σύρων
2832 4955 3059 5032 βασιλέα
3087 4957 3232 5028 ἣκει,
3279 4956 3416 5012 ὥστε
3468 4959 3602 5013 γἐτὰ
3651 4955 3806 5012 δυνά-

2169 5070 2313 5123 μεως
2343 5049 2490 5121 αύτῷ
2519 5049 2618 5116 τήν
2656 5045 2934 5122 βασιλείαν
2963 5051 3288 5120 περιποιεῖν.
3335 5048 3434 5100 Καὶ
3467 5067 3494 5101 ο
3529 5048 3626 5119 μὲν
3671 5049 3768 5116 ἧκε
3789 5065 3804 5080 ο

2163 5139 2258 5194 κᾶν
2285 5141 2524 5212 Ὑρκανῷ
2563 5137 2715 5198 αὖθις
2753 5139 2854 5206 τὴν
2897 5137 3074 5213 ἀρχὴν
3123 5137 3216 5190 καὶ
3255 5139 3354 5204 τήν
3391 5137 3554 5192 πόλιν
3595 5137 3806 5211 ἒχείρι-

2167 5235 2272 5298 ζεν,
2323 5229 2370 5282 εἰ
2419 5229 2496 5301 μή
2549 5229 2840 5300 Πομπήϊος
2893 5229 3184 5294 τηνικαῦτα
3241 5226 3380 5302 πρὸς
3425 5227 3696 5302 Τίγράνην
3755 5225 3804 5281 ὲν

2164 5399 2662 5536 θαῗὲςιξλιοχεηάθι·
2691 5463 3061 5536 istc_prop_ter
3091 5463 3524 5529 crudelitatem,
3559 5462 3806 5518 Trucida

2163 5533 2608 5604 cognominatus
2641 5541 2746 5599 est,
2772 5533 3058 5606 (Joseph.)

2235 5609 2310 5679 (4)
2341 5609 2456 5662 Sub
2487 5605 2812 5662 Alexandra
2843 5605 3113 5679 Pharisaei
3155 5607 3444 5678 rempubl.
3475 5605 3802 5662 Judeorum

2163 5677 2646 5736 administrarunt
2675 5677 2906 5750 ﬁdem.)
