4100 6218
270 316 391 378 645

1329 285 1952 374 ΕοοιΕεΙΑετΙοιΕ
1995 309 2386 374 HISTORle
2424 313 2573 376 LIB.
2617 317 2669 378 I.

3561 333 3679 394 646

276 447 534 523 Ἀρμενίᾳ
565 447 880 528 μαχόμενος
911 441 1229 530 διεκώλυσε.
1261 443 1404 517 Πρὸς
1456 443 1516 496 ’ὸν
1558 439 1913 530 Ἀντίπατρός

2026 458 2141 516 que
2173 445 2431 514 pecunias
2460 447 2511 502 vi
2554 453 2772 522 parata,
2803 468 3000 526 regem
3041 471 3104 512 se
3132 455 3327 530 ipsum
3368 464 3680 520 renuntia-

269 557 332 590 τε
385 537 476 592 καὶ
535 523 789 612 Ὑρκανὸς
847 528 1149 602 διαϐάντες,
1206 531 1479 586 πείθουσιν
1565 523 1919 604 Ἀριστόϐου-

271 624 371 680 λον
407 627 503 698 μὲν
533 623 806 700 παριδεῖν,
837 627 1075 697 Ὑρκανῷ
1114 619 1172 676 δὲ
1218 618 1564 692 ἀδικουμένῳ
1594 623 1914 696 προσσχεῖν.

269 715 371 769 Καὶ
423 713 714 787 δεσμώτης
767 716 862 786 μὲν
905 712 1060 772 εὐθὺς
1101 703 1524 784 Ἀριστόϐουλος
1556 709 1768 781 σύναμα
1815 728 1919 782 γυ-

267 803 416 858 ναικὶ
457 803 546 858 καὶ
597 801 826 863 τέκνοις.
869 801 1124 874 Ὑρκανὸς
1165 797 1210 853 δ’
1248 799 1333 854 ἐπὶ
1372 805 1474 868 τῆς
1523 797 1704 873 ἀρχῆς
1753 797 1914 850 καθί-

270 914 464 949 σταται
504 891 682 962 αὗθις,
723 891 1020 966 Πομπηΐου
1058 891 1156 960 τὴν
1194 887 1356 943 πόλιν
1398 889 1792 962 πορθήσαντος,
1823 884 1916 940 καὶ

266 982 336 1038 τὰ
385 981 436 1036 ἒν
486 986 568 1054 τῷ
627 983 760 1056 ἱερῷ
839 978 1086 1054 μυστικὰ
1130 978 1586 1051 καταθρήσαντος,
1645 977 1813 1056 φόρον
1859 997 1918 1031 τε

268 1071 572 1144 Ῥωμαίοις
628 1069 806 1126 τελεῖν
867 1068 1233 1140 ἐπιτάξαντος.
1295 1067 1392 1121 Καὶ
1460 1067 1760 1140 Πομπήϊος
1821 1065 1914 1138 μὲν

263 1160 362 1215 τὸν
406 1155 836 1235 Ἀριστόϐουλον
889 1159 1038 1234 ἄγων
1090 1157 1145 1220 ές
1187 1157 1409 1230 Ῥώμην
1459 1151 1570 1230 ᾔει,
1617 1153 1708 1211 καί
1756 1153 1920 1210 Ἀλέ-

265 1246 496 1319 ξανδρον
524 1247 619 1304 τόν
652 1251 797 1319 υἱὸν,
844 1247 1072 1322 Σκαύρῳ
1103 1244 1303 1302 διέπειν
1339 1245 1406 1302 τὰ
1448 1247 1586 1300 κατᾶ
1631 1245 1730 1314 τήν
1784 1245 1919 1300 Κοί-

264 1337 380 1410 λην
429 1339 634 1414 Συρίαν
689 1339 864 1402 ἐάσας.
913 1336 1192 1410 Πομπηΐῳ
1236 1334 1293 1392 δὲ
1339 1338 1618 1412 χρήσιμος
1669 1335 1917 1392 Ἀννίπα-

263 1447 402 1502 τρος
470 1423 658 1498 ἔδοξε,
723 1431 792 1500 τῇ
859 1429 1082 1502 στρατιᾷ
1166 1427 1450 1498 Ῥωμαίων
1527 1423 1915 1500 διαμαχομένῃ

260 1517 412 1591 πρὸς
461 1512 707 1592 Ἄραϐας
772 1513 841 1570 δι’
899 1517 1158 1589 Ὑρκανοῦ
1213 1514 1280 1570 τὰ
1342 1511 1588 1592 χρειώδη
1649 1512 1918 1586 κομίζων,

262 1607 463 1660 σπάνει
513 1611 620 1661 τῶν
686 1602 1011 1675 ἐπιτηδείων
1055 1603 1367 1677 πιεζομένη.
1419 1605 1504 1657 Ἐν
1553 1603 1734 1674 τυύτῳ
1784 1599 1840 1656 δὲ
1888 1602 1916 1655 ὁ

265 1696 371 1768 μὲν
405 1690 834 1769 Ἀριστοϐούλου
866 1699 995 1756 παῖς
1034 1689 1410 1765 Ἀλέξανδρος,
1459 1693 1753 1763 Πομπήϊον
1801 1688 1919 1745 δια-

263 1783 426 1860 δρὰς,
459 1785 550 1840 καὶ
581 1785 774 1853 ἱκανὴν
806 1789 970 1860 χεῖρα
1008 1782 1349 1857 συναγαγὼν,
1404 1781 1571 1856 βαρὺς
1619 1781 1911 1836 καθίστατο
1945 1810 1996 1875 B

262 1877 532 1950 Ὑρκανῷ.
582 1874 712 1928 Ὑπὸ
761 1867 1018 1928 Γαϐινίου
1066 1868 1122 1926 δὲ
1169 1871 1338 1932 ἁλοὺς
1383 1871 1472 1926 καὶ
1523 1869 1684 1933 αὐτὸς
1730 1871 1913 1944 ἡρέμα

265 1963 418 2038 εἶχε.
455 1967 542 2036 Τῴ
590 1959 637 2016 δ’
680 1965 921 2037 Ὑρκανῷ
967 1955 1216 2022 Γαϐίνιος
1266 1961 1364 2028 τήν
1411 1964 1508 2014 τοῦ
1555 1961 1704 2034 ἱεροῦ
1754 1957 1918 2029 κηδε-

269 2055 474 2126 μονίαν
533 2051 740 2117 ἐκδοὺς,
781 2053 882 2122 τήν
929 2049 1106 2121 ἄλλην
1157 2049 1434 2106 πολιτείαν
1483 2049 1570 2104 ἐπὶ
1619 2049 1916 2123 προστασία

264 2147 386 2198 τῶν
429 2141 660 2219 ἀρίστων
699 2141 980 2210 καθίστησι
1007 2159 1020 2173 ο
1072 2139 1160 2194 καὶ
1197 2141 1260 2194 τὸ
1301 2143 1404 2193 πᾶν
1453 2137 1608 2202 ἔθνος
1649 2139 1723 2200 εἷς
1761 2141 1918 2194 πέντε

267 2229 538 2293 συνόδους
578 2228 788 2286 διεῖλε·
839 2228 928 2284 καὶ
973 2236 1072 2298 τῆς
1123 2229 1240 2290 ἑνὸς
1291 2227 1628 2302 ἐπικρατείας
1656 2229 1719 2284 τὸ
1768 2227 1916 2292 ἔθνος

266 2320 611 2397 ἂπαλλαγὶν,
659 2322 722 2376 τὸ
765 2318 962 2374 λοιπὸν
1010 2318 1396 2392 ἀριστοκρατίᾳ
1431 2317 1616 2379 καλῶς
1656 2315 1916 2392 διῳκοῦν-

261 2432 358 2467 το.
393 2411 466 2465 Ού
498 2408 698 2482 πολλῷ
732 2407 789 2464 δὲ
823 2407 1042 2482 ὕστερον
1092 2407 1180 2462 καὶ
1225 2401 1648 2480 Ἀριστόϐουλος
1687 2406 1746 2462 ἐκ
1783 2409 1918 2462 Ῥώ-

263 2521 388 2572 μης
440 2497 734 2574 διαφυγὼν,
783 2499 872 2554 καὶ
919 2499 1046 2559 τοὺς
1108 2492 1416 2571 μεταϐολῆς
1463 2494 1694 2570 ἐρῶντας
1745 2498 1918 2570 ἀθροί-

261 2611 392 2658 σας,
454 2590 609 2666 μάχῃ
647 2593 880 2664 καρτερᾷ
917 2587 1282 2665 συῤῥήγνυται
1322 2587 1580 2660 Ὑρκανῷ.
1621 2585 1916 2658 Ῥωμαίων

259 2678 316 2733 δ’
377 2673 828 2749 ἐπιϐοηθούντων
887 2678 989 2732 ὑπὸ
1051 2679 1444 2750 στρατηγοῦντι
1507 2680 1588 2748 τῷ
1653 2670 1914 2748 Γαϐινίῳ,

258 2771 504 2837 ἡττᾶται
556 2768 652 2840 μὲν
691 2761 1124 2842 Ἀριστόϐουλος
1171 2765 1262 2819 καὶ
1313 2763 1632 2819 ἁλίσκεται⁸
1682 2764 1772 2819 καὶ
1821 2763 1912 2819 σὺν

259 2863 352 2930 τῷ
411 2857 514 2929 υίῷ
573 2856 870 2931 Ἀντιγόνῳ
926 2854 1004 2918 εἷς
1060 2855 1282 2928 Ῥώμην
1341 2851 1494 2915 αὖθις
1558 2851 1912 2927 ἐκπέμπεται.

259 2952 334 3006 Ὁ
393 2945 441 3002 δ’
490 2948 746 3023 Ὑρκανὸς
792 2947 882 3002 καὶ
933 2944 1285 3021 Ἀντίφατρος
1339 2938 1577 3017 Γαϐινίῳ
1627 2944 1762 3017 πρὸς
1811 2943 1916 2998 Αἴ-

258 3059 476 3115 γυπτον
509 3039 609 3106 τὴν
641 3037 766 3111 παρ’
799 3036 1050 3112 Εὐφράτῃ
1112 3031 1347 3108 διάγοντι
1389 3035 1655 3110 χρήματα
1699 3034 1788 3088 καὶ
1820 3031 1907 3087 α’ί-

259 3147 392 3198 τον,
427 3124 575 3180 ὅπλα
601 3145 660 3179 τε
689 3125 778 3178 καὶ
831 3122 1153 3197 ἐπικούρους
1203 3127 1580 3199 χορηγοῦντες
1640 3122 1702 3178 ού
1737 3119 1915 3178 διέλι-

2027 535 2228 625 νίιηΕε
2277 534 2588 606 Alexndra,
2631 541 2974 613 priusquam
3005 544 3262 607 filiorum
3314 553 3545 622 negotia
3574 570 3678 625 pro

2029 623 2269 679 arbitrio
2329 641 2436 680 suo
2503 629 2946 700 composuisset,
3007 649 3038 689 e
3095 634 3216 690 vita
3269 623 3678 707 migravitJEt

2028 711 2291 768 conﬂictu
2346 713 2498 770 inter
2546 717 2752 773 fratres
2797 722 3130 790 commisso,
3183 725 3254 779 ab
3292 724 3558 798 Hyrcano
3603 733 3676 788 ad

2026 800 2425 858 Aristobulum
2474 803 2782 861 multitudo
2835 809 3062 866 defecit.
3112 813 3194 868 Ita
3248 813 3548 886 Hyrcanus
3587 821 3674 876 vel

2027 887 2245 944 invitus
2303 891 2460 947 fratri
2495 909 2668 965 regno
2717 895 2890 965 cedit,
2917 902 2984 965 fet
3017 901 3297 969 privatam
3347 905 3456 960 sibi
3489 909 3670 966 vitam

2027 976 2346 1047 degendam
2379 979 2582 1037 sumit.
2637 981 2742 1038 His
2773 984 2854 1039 ita
2883 987 3080 1056 gestis,
3114 1005 3244 1044 cum
3279 993 3473 1050 multis
3516 995 3672 1061 aliis,

2028 1069 2154 1120 tum
2217 1067 2462 1124 maxime
2516 1071 2844 1142 Antipatro,
2877 1075 2974 1146 qui
3025 1078 3262 1135 Herodis
3321 1086 3484 1149 pater
3522 1090 3668 1153 erat,

2027 1154 2494 1213 metusincessit.
2519 1157 2860 1216 Inimicitias
2873 1161 3030 1218 enim
3047 1167 3658 1229 contraAristobulum

2027 1243 2106 1312 (1)
2153 1245 2408 1316 gerebat,
2469 1245 2732 1316 Hyrcano
2765 1265 2938 1318 quam
2993 1253 3242 1310 maxime
3294 1258 3538 1315 amicus.
3590 1261 3668 1318 Ex

2029 1331 2302 1390 Idumeis
2331 1337 2485 1390 enim
2517 1352 2702 1408 genus
2733 1338 2988 1408 trahens,
3033 1343 3246 1414 opibus
3277 1349 3332 1402 et
3361 1348 3676 1420 splendore

2027 1422 2182 1511 apud
2215 1437 2343 1479 eam
2395 1433 2622 1495 gentem
2659 1425 2824 1482 facile
2873 1429 3144 1504 princeps
3193 1440 3330 1490 erat.
3385 1438 3438 1492 is
3477 1438 3678 1511 itaque

2030 1510 2290 1581 Hyrcano
2347 1521 2547 1569 auctor
2591 1513 2718 1581 fuit,
2761 1520 2826 1570 ut
2859 1517 2929 1572 ad
2975 1519 3206 1576 Aretam
3254 1525 3430 1594 Syriae
3479 1510 3677 1600 regem

2028 1615 2090 1653 se
2119 1599 2427 1688 conferret.
2471 1606 2528 1656 et
2558 1603 2773 1658 auxilia
2820 1605 2893 1660 ab
2931 1622 2996 1662 eo
3020 1607 3093 1663 ad
3142 1626 3386 1682 regnum
3429 1599 3676 1688 recupe-

2026 1687 2278 1742 randum
2316 1693 2552 1760 peteret.
2588 1691 2652 1745 Et
2681 1695 2878 1748 Aretes
2923 1695 3162 1766 quidem
3190 1698 3448 1768 Hyrcano
3475 1687 3680 1762 subsi-

2027 1775 2186 1867 dium
2205 1778 2416 1867 ferens,
2441 1795 2686 1851 regnum
2705 1785 2761 1836 et
2775 1781 2963 1853 ipsam
2982 1785 3185 1841 urbem
3199 1787 3284 1843 illi
3301 1793 3675 1867 restituisset,

2029 1864 2138 1920 nisi
2156 1865 2467 1938 Pompeius
2479 1870 2755 1926 adversus
2769 1871 3073 1942 Tigranem
3089 1874 3433 1947 ianrmenia
3451 1864 3674 1942 bellum

2027 1969 2234 2025 gerens
2255 1955 2311 2011 id
2327 1957 2743 2028 prohibuisset.
2767 1960 2852 2016 Ad
2865 1977 3062 2032 quem.
3076 1966 3378 2039 Antipater
3397 1975 3454 2027 et
3469 1972 3678 2043 Hyrca-

2027 2060 2140 2099 nus
2171 2045 2498 2114 profecti,ei
2534 2049 2967 2118 persuadent,ut
2996 2053 3396 2115 Aristobulum
3429 2067 3675 2120 contem-

2027 2137 2300 2223 nat,e_tgs_e
2331 2133 2593 2207 Hyrcano
2623 2137 2720 2208 qui
2752 2137 2967 2210 injuria
2990 2148 3145 2198 esset
3165 2145 3672 2223 aﬂ‘ectus,conjun-

2025 2221 2338 2291 gat.59lta
2363 2223 2730 2281 Aristobulus
2761 2227 2839 2301 (2)
2873 2245 2988 2284 una
3019 2246 3152 2287 cum
3185 2249 3361 2292 uxore
3382 2242 3439 2292 et
3465 2221 3666 2298 lib—eris

2023 2311 2292 2380 vincitur,
2325 2311 2624 2382 Hyrcanus
2656 2320 2848 2370 autem
2901 2317 2958 2372 in
3008 2335 3251 2390 regnum
3284 2327 3614 2384 restituitur
3644 2347 3660 2390 :

2022 2413 2158 2453 cum
2207 2399 2441 2470 quidem
2493 2402 2572 2473 (3)
2628 2404 2937 2476 Pompeius
2997 2408 3196 2465 urbem
3253 2396 3440 2484 ipsam
3495 2417 3665 2475 deva-

2023 2490 2257 2552 stasset,
2291 2491 2346 2541 et
2375 2504 2465 2542 res
2497 2504 2692 2545 sacras
2731 2507 3088 2564 arcanasque
3123 2496 3183 2552 in
3223 2500 3438 2572 templo
3463 2519 3666 2563 omnes

2023 2572 2378 2642 cXplorasset
2425 2577 2523 2647 (4),
2573 2579 2929 2651 vectigalque
2976 2581 3252 2642 Romanis
3293 2591 3664 2659 pendendum

2019 2663 2236 2752 Judaais
2266 2663 2976 2740 imposuisset.Pompeius
3004 2688 3139 2728 vero
3167 2675 3585 2752 Aristobulum,
3609 2689 3668 2741 et

2021 2750 2406 2844 Aleaandrum
2459 2754 2645 2811 filium
2695 2757 2844 2828 ejus,
2892 2759 3131 2817 Romain
3181 2779 3380 2823 secum
3423 2750 3666 2844 ducens,

2023 2839 2317 2908 profectus
2372 2847 2505 2898 est:
2557 2844 2774 2902 Scauro
2831 2848 3334 2910 administratione
3374 2857 3450 2928 (ὅ)
3487 2839 3667 2920 lee;

2021 2929 2188 2999 syria:
2221 2932 2522 3001 permissa.
2574 2933 2772 2990 Eidem
2809 2937 3078 3010 Pompeio
3128 2939 3375 3000 idoneus
3419 2952 3477 3004 et
3507 2950 3666 3008 utilis

2023 3015 2185 3073 visus
2215 3022 2305 3072 est
2349 3021 2650 3092 Antipater
2680 3022 3074 3082 Romanorum
3113 3031 3416 3104 exercitui,
3447 3035 3666 3098 bellum

2028 3111 2228 3162 contra
2273 3108 2490 3166 Arabes
2545 3113 2792 3183 gerenti,
2841 3117 2899 3169 et
2945 3114 3143 3188 inopia
3173 3135 3367 3178 rerum
3401 3140 3667 3185 necessa-

271 3175 392 3198 ’⁷-⁷
432 3175 575 3180 -“”’”
613 3175 657 3179 vv
692 3175 777 3178 ’“”-
836 3175 1152 3197 """"l""
1204 3175 1244 3199 Α.
1284 3175 1304 3196 Γ
1341 3175 1449 3198 ’.ίν
1510 3175 1579 3185 77'
1648 3175 1693 3178 γέ
1745 3175 1873 3178 ⁷⁷⁷”⁷“

261 3235 403 3276 στος.
438 3213 536 3269 Καὶ
579 3214 792 3287 Κράσος
834 3213 930 3285 μὲν
971 3205 1222 3265 Γαϐίνιον
1275 3207 1580 3280 διεδέξατο·
1633 3215 1826 3266 τοῦτον
1859 3209 1914 3267 δὲ

2029 3193 2247 3252 riarum
2314 3196 2623 3267 laboranti,
2684 3201 2839 3272 quod
2897 3201 2947 3258 is
3003 3175 3106 3275 per
3151 3205 3482 3281 Hyrcanum
3539 3233 3668 3274 con-

263 3305 530 3365 Κάσσιος.
573 3304 745 3364 Οὗτος
783 3301 886 3356 ὑπὸ
925 3295 1229 3372 συμϐούλῳ
1277 3299 1356 3371 τῷ
1407 3301 1743 3373 Ἀντιπάτρῳ
1787 3299 1914 3364 τοὺς

260 3385 700 3467 Ἀριστοϐούλου
747 3390 944 3445 κτείνει
983 3389 1300 3450 στασιαστὰς
1325 3407 1337 3420 ο
1392 3389 1509 3460 μεθ’
1551 3390 1626 3443 ὧν
1663 3391 1752 3444 καὶ
1786 3395 1914 3444 Πει-

261 3480 491 3536 θόλαον.
532 3480 886 3546 Ἀντίπατρος
936 3475 992 3532 δὲ
1041 3475 1091 3546 ἐξ
1141 3472 1404 3552 ’Δραϐίας
1451 3476 1634 3554 ἄγεται
1685 3485 1914 3556 γυναῖκα

261 3572 477 3646 Κύπριν
517 3567 729 3642 ὄνομα·
771 3568 820 3638 ἐξ
859 3570 924 3636 ἧς
975 3565 1184 3622 παίδων
1233 3565 1504 3640 τεττάρων
1547 3569 1730 3642 πατὴρ
1773 3569 1913 3643 γίνε-

258 3677 395 3714 ται·
447 3657 744 3728 Φασάηλος
793 3658 880 3712 καὶ
916 3657 944 3712 ὁ
975 3656 1234 3732 βασιλεὺς
1281 3653 1558 3728 Ἡρώδης,
1589 3650 1668 3711 ἔτι
1709 3654 1766 3711 δὲ
1797 3657 1914 3714 Ἰώι

262 3769 446 3819 σηπος
490 3747 580 3802 καὶ
629 3747 888 3820 Φερώρας
939 3746 1073 3814 ἦσαν
1129 3743 1315 3807 αὐτοῖς
1356 3745 1422 3798 τὰ
1472 3744 1730 3818 ὀνόματα.
1780 3745 1913 3810 Τοὺς

261 3835 323 3893 δὲ
358 3833 616 3898 δυνατοὺς
667 3837 869 3896 πάντας
926 3833 1125 3908 δώροις
1175 3833 1626 3908 ἐξοικειούμενος,
1673 3833 1913 3908 μάλιστα

259 3927 488 3982 πάντων
541 3921 630 3979 διὰ
666 3926 767 3992 τήν
817 3922 1106 4000 ἐπιγαμίαν
1153 3923 1347 3996 Ἀρέτᾳ
1391 3927 1470 3995 τῷ
1508 3929 1617 3979 τῶν
1663 3919 1910 3998 Ἀράϐων

264 4013 491 4084 βασιλεῖ
545 4013 954 4087 προσῳκείωτο.
1005 4014 1109 4067 Τὸν
1177 4007 1604 4084 Ἀριστόϐουλον
1651 4017 1780 4086 γοῦν
1830 4009 1910 4068 δε-

261 4101 497 4170 δοικὼς,
578 4101 763 4174 ἐκείνῳ
835 4101 1298 4176 παρακαταθήκην
1376 4100 1443 4156 τά
1514 4099 1670 4156 τέκνα
1727 4101 1907 4158 ἐτίθει.

259 4195 474 4266 Καῖσαρ
505 4187 563 4245 δὲ
595 4190 888 4264 Πομπηίου
928 4191 1186 4267 φυγόντος
1224 4189 1328 4257 τήν
1379 4189 1600 4261 Ῥώμην
1647 4189 1785 4262 πρᾶς
1816 4191 1907 4246 τὸν

261 4281 476 4351 Ἰόνιον,
531 4278 698 4342 λύσας
745 4277 839 4334 τόν
883 4276 1310 4354 Ἀριστόϐουλον
1358 4277 1436 4340 εἷς
1493 4279 1691 4352 Συρίαν
1739 4277 1908 4352 ἔπεμ-

259 4391 394 4426 πεν·
437 4369 586 4424 ἀλλᾶ
625 4370 806 4442 φθάνει
856 4367 1126 4446 φαρμάκῳ
1172 4363 1483 4444 διαφθαρεὶς
1535 4367 1640 4422 ὑπὸ
1687 4371 1794 4422 τῶν
1842 4370 1907 4424 τὰ

261 4455 566 4532 Πομπηίου
599 4457 942 4532 φρονούντων
968 4473 984 4488 ⁶
1017 4454 1068 4510 ἓν
1119 4454 1302 4531 μέλιτι
1342 4452 1398 4510 δὲ
1445 4455 1618 4518 τεθεὶς
1647 4457 1674 4510 ὁ
1702 4455 1908 4512 ἐκείνου

2025 3290 2287 3342 meatum
2328 3287 2390 3342 in
2438 3294 2630 3346 castra
2668 3291 3030 3349 subveheret.
3081 3295 3307 3356 Interea
3348 3302 3666 3364 Aristobuli

2025 3375 2181 3467 ﬁlius
2208 3376 2530 3435 Alexander
2549 3396 2583 3436 a
2599 3379 2871 3452 Pompeio
2903 3383 3156 3456 profugit
3179 3401 3193 3440 :
3219 3395 3270 3442 et
3291 3391 3430 3446 satis
3451 3409 3667 3467 magna

2022 3465 2262 3522 collecta
2317 3483 2513 3538 manu,
2570 3469 2864 3540 negotium
2925 3471 3368 3549 periculumque
3431 3465 3669 3542 facessit

2024 3553 2306 3626 Hyrcano.
2358 3555 2467 3612 Sed
2518 3573 2552 3612 a
2605 3559 2848 3614 Gabinio
2899 3565 3123 3632 captus,
3184 3571 3385 3634 postea
3431 3571 3666 3642 quietus

2023 3643 2151 3699 fuit.
2189 3644 2492 3701 Enimvero
2543 3645 2843 3718 Gabinius,
2878 3647 3140 3722 Hyrcano
3170 3667 3308 3709 cura
3338 3658 3542 3730 templi
3574 3661 3668 3721 dei

2023 3733 2316 3800 mandata,
2341 3734 2627 3806 reliquam
2648 3752 2842 3792 rerum
2871 3739 3674 3807 administrationem'ditiou-

2021 3821 2390 3893 optimatium
2449 3825 2758 3895 commisit,
2817 3831 2874 3884 et
2935 3834 3166 3900 gentem
3229 3835 3558 3896 universam
3605 3839 3668 3896 in

2022 3912 2278 3982 quinque
2349 3919 2664 3970 conventus
2725 3914 3024 3972 distribuit
3075 3933 3088 3974 :
3137 3919 3444 3996 Judmique
3493 3928 3668 3986 unius

2019 3999 2257 4054 tandem
2299 4000 2693 4058 dominatione
2742 4002 2990 4074 liberati,
3056 4007 3264 4064 deinde
3293 4015 3668 4084 optimatium

2021 4087 2438 4176 gubernatione
2483 4089 2591 4146 rite
2639 4091 2988 4164 regebantur
3027 4109 3042 4150 :
3095 4111 3201 4152 nec
3241 4101 3424 4158 multo
3469 4110 3671 4176 postea

2019 4174 2410 4266 intercedente
2461 4185 2738 4250 tempore,
2791 4185 2848 4236 et
2889 4181 3265 4242 Aristobulus
3307 4174 3490 4248 Roma
3535 4211 3670 4266 pro-

2021 4264 2213 4336 fugus,
2233 4267 2487 4322 exercitu
2519 4283 2586 4323 ex
2613 4271 2698 4324 eis
2718 4269 2818 4341 qui
2847 4271 3130 4328 novandis
3162 4275 3338 4334 rebus
3373 4264 3672 4342 studerent

2019 4353 2281 4422 collecto,
2333 4357 2496 4428 gravi
2543 4372 2736 4430 pugna
2789 4374 2923 4414 cum
2981 4358 3244 4434 Hyrcano
3298 4367 3666 4430 decertavit:

2019 4443 2118 4498 sed
2153 4442 2427 4500 Romanis
2461 4447 2718 4518 Hyrcano
2750 4463 2918 4519 opem
2960 4448 3306 4524 ferentibus,
3341 4474 3374 4512 a
3403 4457 3670 4531 Gabinio,

258 4549 476 4622 νεκρὸς,
527 4546 616 4600 ὑπ’
659 4546 959 4603 Ἀντωνίου
1009 4543 1227 4621 ὕστερον
1275 4549 1398 4606 τοῖς
1450 4545 1726 4618 πατρῴοις
1759 4545 1906 4600 ἐνθά-

2025 4533 2118 4604 qui
2147 4537 2273 4624 tum
2306 4551 2409 4607 pro
2439 4535 2676 4592 consule
2707 4538 2982 4594 exercitui
3005 4547 3278 4611 praeerat,
3305 4547 3672 4624 Aristobulu.

259 4657 458 4693 πτεται
514 4637 810 4708 μνήμασιν.
863 4635 993 4689 Ὑπὸ
1042 4632 1311 4688 Σκιπίωνι
1359 4629 1416 4688 δὲ
1462 4633 1559 4687 καὶ
1596 4633 1624 4686 ὁ
1655 4633 1771 4697 υίὸς
1816 4633 1912 4688 αύ-

258 4731 359 4780 τοῦ
391 4723 750 4798 Ἀλέξανδρος
795 4723 1012 4779 πελέκει
1052 4721 1342 4796 ἀνῄρηται,
1387 4720 1688 4796 Πομπηίου
1725 4721 1914 4778 κελεύ-

263 4835 486 4873 σαντος.
534 4811 745 4871 Τούτου
785 4813 884 4882 τήν
935 4813 1200 4890 θυγατέρα
1250 4813 1339 4866 καὶ
1377 4811 1468 4868 τὸν
1523 4811 1637 4866 υἱὸν
1670 4811 1916 4887 Ἀντίγο-

266 4997 416 5124 rtSi)
446 4995 708 5121 Josepli.2
715 4995 970 5051 Arabum
1017 5011 1209 5068 regem
1244 4994 1404 5062 dicit,
1439 4993 1512 5048 De
1541 4993 1670 5050 bell.
1699 4993 1912 5051 Judaic.

292 5088 305 5124 ι
357 5111 370 5124 .
406 5087 446 5124 ι.
480 5085 607 5124 can.
715 5107 728 5120 .

292 5071 370 5125 ib.
406 5087 446 5136 I,
480 5085 607 5136 cap.
641 5071 728 5121 12.

337 5089 370 5125 ι.
406 5087 446 5136 I,
480 5085 607 5140 cap.
641 5085 728 5121 η.

337 5143 418 5212 (2)
449 5139 684 5212 Joscpﬁh.
720 5137 819 5212 lib.
850 5154 968 5198 xw.
1005 5155 1131 5210 cap.
1161 5137 1218 5193 9.

332 5207 418 5284 ('3)
439 5234 467 5261 ς(
503 5207 706 5284 ᾼῑᾮη.
737 5211 1051 5284 Pompeius
1076 5207 1266 5284 captis
1295 5207 1706 5284 Hierosolymis
1736 5207 1916 5284 victor

265 5279 466 5354 exr'illo
503 5282 638 5338 fano
673 5281 815 5337 nihil
860 5279 1070 5354 attigit.
1107 5279 1171 5337 in
1223 5281 1429 5354 primis
1464 5279 1592 5354 hoc,
1629 5285 1687 5354 ut
1734 5279 1916 5354 multa

267 5353 402 5421 alia,
436 5353 750 5424 sapienter,
786 5355 844 5408 in
876 5350 998 5409 tau?
1028 5350 1357 5424 suspiciosa
1385 5363 1437 5406 et
1470 5352 1757 5424 maledica
1783 5350 1914 5424 civi-

266 5432 385 5481 tate
437 5422 627 5481 locum
673 5427 928 5480 sermoni
999 5422 1447 5482 obtrectatorum
1497 5439 1609 5477 non
1659 5422 1912 5490 reliquit.

265 5496 390 5554 Non
432 5496 590 5552 enim
640 5495 812 5553 credo
855 5495 1194 5568 religionem
1235 5498 1294 5552 et
1343 5494 1682 5568 Judaeorum
1722 5497 1781 5568 et
1811 5492 1916 5568 ho:

267 5569 444 5624 stium
478 5569 898 5640 impedimento
927 5563 1790 5640 pfestantiesimojmperatori,
1803 5564 1916 5640 _sed

270 5636 782 5711 pudorem'fuisse.
831 5659 861 5691 ιο
889 5636 1090 5712 (Cicer.
1144 5657 1247 5712 pro
1281 5637 1360 5712 AL.
1406 5637 1742 5712 _Fla_cco.)_«
1803 5636 1918 5712 Ro-

273 5707 577 5770 manorum
625 5713 854 5784 primus
899 5707 1004 5767 Cn.
1055 5707 1368 5784 Pompeius
1397 5707 1630 5765 Judzeos
1666 5707 1912 5777 domuit,

2022 4627 2079 4677 et
2107 4623 2296 4680 victus
2329 4629 2386 4680 et
2415 4632 2641 4696 captus,
2679 4631 2735 4682 et
2764 4643 2878 4683 una
2908 4644 3040 4685 cum
3066 4629 3184 4688 filio
3213 4635 3502 4706 Antigono
3555 4623 3668 4696 Ro;

2022 4731 2178 4770 mam
2211 4733 2410 4773 rursus
2439 4718 2724 4774 abductus
2752 4723 2860 4776 est.
2879 4722 3178 4794 Hyrcanus
3209 4732 3403 4782 autem
3425 4733 3481 4784 et
3510 4730 3667 4785 Anti-

2021 4809 2185 4874 pater
2233 4805 2502 4878 Gabinio,
2543 4807 2644 4880 qui
2678 4815 2798 4865 tum
2845 4810 2914 4866 ad
2945 4813 3254 4884 Egyptum
3286 4831 3414 4886 quas
3465 4818 3538 4874 ad
3570 4819 3675 4878 Eu-

2021 4983 2135 5068 tem
2145 4978 2423 5068 plumgue
2434 4982 2572 5068 jure
2605 4984 2854 5068 Iictorias
2873 4985 3177 5068 ingressus
3198 4989 3458 5068 est.Inde
3481 4993 3675 5068 vulga-

2019 5057 2177 5138 tum,
2201 5053 2363 5108 nulla
2407 5053 2569 5110 intus
2604 5059 2800 5138 pium.
2832 5053 3045 5138 eiiiéie,
3079 5075 3320 5138 vacuam
3360 5053 3673 5138 sedemfet

2020 5128 2480 5198 inania_arcana.
2539 5149 2568 5177 »
2599 5130 2617 5198 (
2649 5128 2830 5184 Tacit.
2862 5128 2964 5186 lib.
2995 5134 3138 5198 ni.)

2088 5195 2166 5277 (4t
2199 5195 2390 5277 .Paulo
2445 5195 2617 5277 posti
2649 5199 2726 5256 M.
2778 5199 3023 5277 Crassus
3070 5195 3265 5277 eunda
3332 5207 3400 5262 ad
3447 5208 3670 5267 bellum

2025 5264 2375 5354 Parthicum,
2397 5264 3206 5354 'pecuniasl,_quas.qupeius
3235 5293 3350 5333 non
3383 5264 3670 5354 tetigerat,

2020 5351 2049 5419 ρ
2079 5339 2332 5419 ιιιιξιρίο-Δ
2356 5339 2620 5419 abstulit.
2670 5339 2926 5419 (ipseph.
2958 5339 3062 5401 lib:
3093 5361 3374 5419 x1v,_cap.
3402 5339 3520 5419 145
3558 5339 3672 5410 Sed

2019 5410 2071 5463 is
2101 5410 2403 5492 infeliciter
2422 5410 2700 5492 adversus
2722 5410 2966 5492 Parthos
2987 5410 3282 5492 pugnauit.
3308 5410 3564 5480 Periit'in
3603 5441 3671 5483 eo

2020 5480 2406 5556 praelioﬁlius
2435 5485 2583 5554 ejus,
2615 5491 2681 5556 et
2719 5486 2844 5556 ipse
2873 5480 3006 5543 cuni
3057 5480 3326 5547 universo
3358 5493 3476 5552 fere
3504 5480 3673 5556 uer;

2020 5554 2161 5633 θὴρ.
2190 5552 2922 5633 Qiutarchus,_in_c‘_rasso,
2951 5568 3003 5615 et
3030 5560 3332 5633 Pompeio.)

2091 5624 2170 5695 (5)
2196 5624 2355 5682 Hanc
2377 5625 2648 5683 nonnulli
2676 5624 3010 5688 inferiorem
3040 5624 3266 5705 Syriam
3297 5624 3524 5701 v'ooant.
