3950 6214
429 305 548 364 647

1723 287 2144 359 NICEPHOPJ
2187 287 2530 352 GALLISTI

3697 300 3803 360 648

429 438 696 510 pbratem
729 439 834 505 est,
867 437 1057 492 castra
1085 431 2041 503 babebat,pecunias,frumentum

2183 442 2271 475 vov
2305 421 2623 477 Φιλιππίων
2671 425 2700 478 6
2745 423 3091 498 Πτολεμαίου
3135 422 3348 494 λαϐὼν,
3403 430 3491 484 καὶ
3539 433 3620 503 τῷ
3662 425 3806 504 ἔρωτι

429 544 616 596 arma,
664 531 720 582 et
764 525 1070 580 auxiliares
1093 522 1285 592 copia
1330 521 1678 576 submittere
1727 537 1842 576 non
1887 519 2066 574 inter-

427 617 754 672 mittebant.
817 615 1034 670 Deinde
1063 613 1308 667 Crassus
1341 612 1576 681 quidem
1625 609 1891 670 Gabinio,
1921 607 2069 674 huic

426 711 622 761 autem
670 705 957 760 successit
1011 701 1244 757 Cassius
1274 701 1375 770 (1).
1425 700 1526 754 Ηίο
1577 704 1808 755 auctore
1840 703 1896 753 et
1938 712 2070 752 sua—

427 809 555 854 sors
584 795 906 865 Antipatro,
956 792 1288 864 quicunque
1325 793 1522 843 essent
1569 787 1836 844 factionis
1863 787 2072 843 Aristo-

425 884 746 954 buli,atque
771 881 919 936 inter
953 881 1055 935 bos
1089 877 1436 944 Pitholaum,
1461 877 1752 932 interﬁcit.
1773 876 2072 946 Antipater

423 989 556 1028 vero
587 989 656 1028 ex
686 969 894 1026 Arabia
936 983 1172 1023 uxorem
1206 965 1388 1030 ducit,
1447 965 1676 1037 Cyprim
1737 965 1968 1019 nomine
2003 980 2073 1019 ex

423 1077 537 1133 qua
585 1067 829 1132 quatuor
885 1058 1142 1112 ﬁliorum
1183 1055 1292 1110 fuit
1342 1064 1498 1127 paler
1535 1055 1632 1126 (2),
1695 1071 1937 1125 quorum
1973 1070 2069 1108 no-

423 1152 578 1208 mina
608 1157 766 1206 erant
795 1163 808 1204 :
849 1147 1188 1212 Phasaelus,
1225 1146 1471 1200 Herodes
1517 1160 1632 1211 rex,
1665 1143 1979 1215 Josephus,
2013 1149 2070 1200 et

421 1240 716 1295 Pberoras.
752 1237 862 1292 Sed
896 1236 1047 1290 enim
1089 1233 1530 1306 potentissimos
1570 1248 1832 1305 quosque
1864 1247 2073 1288 mune-

422 1327 585 1383 ribus
638 1325 750 1381 sibi
804 1323 1146 1388 concilians,
1198 1321 1570 1393 potissimum
1615 1337 1716 1392 per
1762 1321 2070 1392 conjugem

420 1419 798 1475 suam,Aretaa
829 1413 1092 1468 Arabum
1117 1411 1234 1482 regi
1261 1427 1318 1465 se
1350 1409 2072 1493 familiariterinsinuavit,

421 1511 476 1561 et
527 1503 916 1560 Aristobulum
967 1501 1202 1568 timens,
1249 1500 1464 1555 liberos
1513 1517 1645 1556 suos
1678 1498 1785 1564 illi,
1829 1499 2074 1571 depositi

419 1595 622 1662 instar,
680 1591 996 1648 commisit.
1053 1590 1240 1645 Cmsar
1315 1605 1506 1660 porro,
1573 1605 1708 1645 cum
1767 1590 2078 1660 Pompeius

419 1685 602 1740 Roma
632 1684 702 1737 ad
738 1680 962 1736 Ionium
999 1681 1361 1750 profugeret,
1385 1677 1782 1734 Aristobulum
1817 1677 2078 1750 libertate

2175 519 2273 580 τῆς
2320 513 2583 587 νεωτέρας
2630 513 2820 578 ἁλοὺς,
2869 513 3041 592 ἔγημε
3082 516 3287 588 ταύτην
3317 535 3330 549 ·
3391 515 3463 572 δι’
3502 519 3566 588 ἢν
3607 521 3692 574 καὶ
3731 523 3809 576 αύο

2177 603 2269 664 τὸς
2324 603 2602 659 κτείνεται.
2675 609 2730 658 Ὁ
2786 603 2885 678 γὰρ
2943 604 3137 658 τούτου
3196 607 3379 680 πατήρ
3465 607 3806 680 Πτολεμαῖος,

2175 691 2244 764 τῇ
2299 689 2628 766 Ἀλεξάνδρᾳ
2684 695 2818 767 πρὸς
2891 695 3069 768 γάμον
3142 693 3460 770 συνέρχεται
3511 715 3526 728 ⁸
3586 697 3674 752 καὶ
3726 698 3806 752 τὸν

2179 781 2296 835 υἱὸν
2338 779 2427 835 διά
2466 782 2560 835 τὸν
2594 781 2798 852 ταύτης
2837 776 3011 856 ἔρωτα
3053 783 3290 838 κτείνει·
3339 783 3430 840 καί
3481 789 3578 840 τοῦ
3625 785 3808 842 λοιποῦ

2177 868 2683 946 κηδεμονικώτερον
2715 871 2848 944 πρὸς
2877 873 3003 934 τοὺς
3045 870 3319 950 ἀδελφοὺς
3361 873 3568 944 ἐκείνης
3609 873 3694 930 διά
3727 877 3808 931 τὸν

2175 960 2349 1032 γάμον
2402 958 2668 1036 ἐτύγχανε
2713 958 3072 1034 διακείμενος.
3134 963 3226 1032 Τῷ
3273 960 3332 1016 δὲ
3383 965 3632 1038 Καίσαρι,
3675 970 3812 1038 Πομ-

2176 1048 2340 1116 πήϊον
2401 1049 2730 1119 νενικηκότι,
2791 1048 2866 1110 εἷς
2927 1047 3123 1123 Συρίαν
3167 1071 3228 1104 τε
3291 1049 3695 1126 διαμαχομένῳ
3740 1057 3811 1108 τῶ

2178 1133 2484 1210 Μιθριδάτῃ
2539 1139 2910 1211 συμμαχήσας
2943 1136 3316 1212 ’Δντίπατρος,
3367 1139 3460 1194 καὶ
3509 1143 3625 1194 κατ’
3659 1142 3810 1220 ἄμφω

2179 1229 2296 1286 τοῖς
2345 1223 2614 1298 πολέμοις
2657 1229 2895 1299 γενναῖος
2945 1226 3150 1304 ὀφθεὶς,
3205 1227 3342 1301 πρὸς
3377 1225 3433 1282 δὲ
3463 1229 3552 1283 καὶ
3583 1231 3610 1284 6
3637 1235 3808 1303 Ὑρκαο

2179 1314 2292 1383 νὸς,
2326 1313 2414 1368 ὑπ’
2464 1313 2670 1368 ἐκείνου
2717 1317 2785 1384 τῇ
2833 1314 3121 1386 Ῥωμαίων
3170 1313 3424 1388 πολιτείᾳ
3470 1319 3807 1391 τετίμηνται·

2183 1401 2376 1477 ἆμέλει
2419 1405 2509 1458 καὶ
2559 1409 2638 1475 τῷ
2684 1405 2780 1476 μὶν
2832 1405 3074 1480 Ὑρκανῷ
3131 1411 3332 1482 Καῖσαρ
3383 1410 3482 1476 τὴν
3533 1407 3810 1482 ἱερωσύνην

2186 1491 2456 1566 ἐπικυροῖ.
2509 1491 2858 1566 Ἀντίπατρον
2921 1490 2979 1547 δὲ
3031 1500 3134 1563 τῆς
3191 1493 3330 1562 ὅλης
3389 1493 3655 1558 Ἰουδαίας
3713 1496 3810 1550 ἐπι-

2190 1581 2436 1655 μελητήν
2503 1584 2752 1652 καθιστᾷ,
2811 1589 2910 1651 τῆς
2967 1585 3290 1658 συμμαχίας
3355 1584 3552 1646 αὐτοὺς
3601 1582 3808 1658 ἀμειϐό-

2189 1691 2365 1744 μενος.
2411 1671 2471 1726 Ὀ
2531 1667 2576 1723 δ’
2635 1671 2992 1742 Ἀντίπατρος
3043 1671 3133 1726 τὸν
3181 1672 3300 1726 υἶὸν
3354 1671 3604 1748 Ἡρώδην
3649 1694 3804 1728 πεντε-

422 1774 726 1838 donatum,
776 1770 834 1824 in
908 1769 1136 1840 Syriam
1187 1767 1434 1822 dimisit.
1505 1767 1612 1822 Sed
1665 1767 1918 1838 eﬁ‘ugere
1962 1783 2052 1820 σοι

2181 1755 2406 1813 καίδεκα
2453 1757 2584 1812 ἐτῶν
2638 1756 2790 1824 ὄντα,
2834 1761 3140 1834 στρατηγὸν
3189 1769 3288 1830 τῆς
3341 1761 3638 1824 Γαλιλαίας
3669 1763 3804 1826 εὐθυς

427 1861 639 1931 potuit,
669 1859 807 1928 quin
849 1873 1070 1912 veneno
1113 1865 1414 1912 necaretur
1444 1873 1477 1911 a
1507 1855 1622 1911 σθ
1661 1856 2023 1925 Pompeianis
2058 1871 2070 1908 :

429 1951 597 2020 cujus
640 1949 878 2004 cadaver
928 1946 988 2000 in
1021 1943 1192 2001 melle
1234 1945 1552 2016 repositum
1585 1944 1681 2016 (3),
1723 1944 1792 1999 ab
1823 1944 2072 1999 Antonio

425 2041 626 2111 postea
657 2043 894 2110 paterno
925 2035 1150 2090 illatum
1197 2039 1284 2089 est
1305 2039 1701 2090 monumento.
1729 2033 1904 2088 Filius
1935 2049 2068 2104 quo.

429 2143 542 2200 que
595 2126 724 2196 ejus
754 2125 1076 2180 Alexander
1107 2141 1140 2178 a
1172 2123 1450 2194 scipione,
1485 2121 1736 2193 Pompeii
1759 2123 1955 2192 jussu,
1987 2139 2074 2177 se-

429 2217 552 2272 curi
583 2230 898 2287 percussus
928 2221 1030 2267 est.
1065 2213 1250 2282 Hujus
1281 2212 1482 2282 ﬁliam,
1508 2212 1811 2284 ﬁliumque
1839 2213 2074 2282 Antigo-

429 2322 593 2376 num,
627 2305 963 2376 Philippica
996 2303 1288 2360 Ptolemaei
1318 2303 1475 2358 ﬁlius
1491 2305 1773 2376 suscepit:
1797 2302 2070 2375 etpuellte

423 2412 620 2452 amore
648 2399 877 2464 captus,
915 2393 1280 2448 matrimonio
1330 2393 1438 2447 sibi
1472 2409 1598 2449 eam
1634 2392 1849 2462 junxit,
1891 2407 2073 2464 eaque

423 2485 508 2539 illi
566 2483 765 2539 mortis
822 2499 998 2538 causa
1067 2481 1308 2536 exstitit.
1363 2483 1532 2537 Pater
1589 2498 1839 2552 namque
1895 2480 2074 2552 hujus

424 2573 786 2641 Ptolemaeus,
818 2570 1234 2626 consuetudine
1268 2571 1557 2641 conjugali
1590 2587 1717 2626 cum
1750 2571 2074 2626 Alexandra

426 2677 798 2735 congressus,
836 2664 1068 2732 propter
1097 2658 1256 2714 itlius
1303 2676 1558 2715 amorem
1610 2660 1792 2715 ﬁlium
1827 2658 2071 2714 necavlt.

425 2751 495 2806 Et
545 2751 850 2821 Deinceps,
912 2753 1146 2820 prOpter
1207 2749 1536 2820 conjugium
1595 2750 1743 2820 ejus,
1793 2749 2071 2805 fratribus

428 2839 689 2910 ejusdem
724 2837 1010 2894 curatoris
1041 2837 1406 2894 affectionem
1441 2843 1497 2893 et
1537 2839 1791 2894 ofﬁcium
1827 2837 2073 2909 benigne

427 2927 712 2982 exhibuit.
765 2930 981 2982 Verum
1025 2926 1340 2994 enimvero,
1384 2943 1514 2981 cum
1559 2926 1748 2981 Casar
1801 2925 2072 2998 Pompeio

427 3015 670 3080 devicto,
721 3013 934 3070 bellum
993 3014 1053 3068 in
1115 3013 1276 3083 Syria
1338 3020 1394 3069 et
1449 3019 1650 3070 contra
1722 3013 2074 3070 Mithridatis

429 3105 614 3159 ﬁlium
644 3109 890 3175 gereret,
927 3103 1231 3175 Antipater
1259 3103 1308 3159 ei
1349 3104 1624 3159 auxilium
1657 3105 1790 3160 tulit
1825 3121 1837 3160 :
1865 3105 1922 3159 in
1957 3121 2070 3176 quo

427 3192 576 3248 bello
607 3191 704 3246 ille
749 3202 986 3262 utraque
1038 3207 1096 3246 re
1145 3193 1411 3260 eximius,
1459 3195 1566 3249 hoc
1604 3198 1711 3260 est,
1744 3198 1798 3248 et
1831 3194 2070 3249 consilio

427 3289 484 3337 et
531 3295 708 3338 manu
763 3285 1066 3352 promptus
1117 3282 1276 3336 visus
1331 3287 1440 3336 est.
1503 3283 1704 3354 Itaque
1752 3287 1808 3338 et
1838 3281 1982 3353 ipse,
2017 3287 2072 3338 et

425 3374 748 3444 Hyrcanus,
781 3389 815 3426 a
845 3371 1067 3427 Caesare
1101 3373 1360 3428 Romana
1399 3373 1628 3428 civitate
1659 3383 1744 3428 est
1773 3373 2022 3429 donatus
2056 3391 2070 3430 :

429 3461 571 3534 quin
623 3465 680 3518 et
709 3461 1114 3532 pontiﬁcatum
1174 3461 1366 3517 Caesar
1395 3462 1655 3533 Hyrcano
1685 3462 2070 3531 conﬁrmavit,

429 3561 482 3607 et
511 3549 888 3623 Antipatrum
937 3549 1118 3606 totius
1147 3551 1362 3607 Judaa-aa
1405 3556 1828 3622 procuratorem
1861 3553 2071 3608 consti-

431 3642 579 3696 tuit:
613 3655 680 3696 eo
728 3642 899 3695 modo
931 3645 1266 3712 utrumque,
1299 3641 1370 3696 ob
1402 3640 1682 3696 auxilium
1720 3657 2073 3714 operamque

432 3731 544 3787 sibi
597 3735 886 3798 navatam,
946 3747 1326 3786 remunerans
1388 3731 1486 3804 (4).
1567 3731 1869 3802 Antipater
1934 3749 2074 3789 sane

435 3819 714 3875 Herodem
774 3817 977 3886 ﬁlium,
1029 3819 1460 3888 quindecimum
1511 3825 1776 3890 agentem
1828 3837 2070 3887 annum,

436 3911 645 3964 ducem
697 3906 940 3964 Galilsaaa
982 3907 1139 3964 illico
1189 3908 1473 3964 declarat:
1507 3909 1852 3965 Phasaelum
1881 3915 2072 3967 autem

437 3997 570 4054 urbi
627 3995 1162 4068 Hierosolymitanae
1221 3997 1296 4069 (5)
1345 3997 1604 4069 praeﬁcit.
1639 3999 1888 4054 Berodes
1919 4016 2072 4085 ergo,

437 4087 507 4140 ab
539 4085 703 4140 initio
725 4085 945 4156 statim,
979 4085 1194 4142 indolis
1229 4092 1287 4142 et
1327 4091 1544 4142 natura:
1585 4087 2074 4144 sumindustriam

432 4175 761 4238 ostendens,
812 4175 1114 4230 Ezachiam
1175 4176 1510 4246 praedonum
1543 4175 1749 4230 ducem
1775 4175 2072 4251 interﬁcit.

427 4267 501 4318 At
528 4261 679 4317 Julio
711 4262 936 4318 Caesare
993 4281 1026 4318 a
1057 4263 1256 4318 Cassio
1304 4271 1357 4318 et
1387 4264 1565 4319 Bruta
1615 4265 1982 4335 interempto,
2015 4267 2074 4322 in

425 4351 650 4422 Syriam
682 4351 919 4406 Cassius
968 4353 1142 4419 venit,
1194 4353 1388 4422 capias
1447 4351 1746 4422 militares,
1788 4369 1914 4424 quae
1946 4360 2074 4410 tum

427 4441 498 4496 ad
529 4447 848 4512 Apameam
895 4447 1078 4508 erant,
1127 4446 1489 4512 recepturus.
1540 4441 1643 4497 Cui
1697 4442 1984 4498 tributum
2015 4445 2072 4499 in

426 4545 621 4588 earum
672 4530 975 4602 regionum
1017 4531 1262 4586 urbibus
1301 4531 1610 4601 colligenti,
1653 4547 1766 4586 non
1819 4533 2062 4588 minima

427 4617 570 4674 lucri
603 4635 734 4688 pars
785 4617 1036 4672 Herodes
1085 4618 1211 4672 fuit.
1246 4618 1314 4672 Et
1343 4634 1475 4673 cum
1509 4617 1794 4673 Malichus
1836 4620 2068 4691 quidam

427 4707 795 4780 Antipatrum
851 4707 1090 4763 Herodis
1145 4711 1368 4779 patrem
1438 4723 1655 4764 veneno
1711 4709 2070 4772 sustulisset.

427 4797 552 4869 ipse
583 4813 812 4869 quoque
849 4797 918 4852 ab
967 4797 1189 4853 Herode
1233 4795 1352 4853 ﬁlio
1408 4797 1635 4853 occisus
1684 4803 1790 4853 est.
1834 4797 1907 4854 Ut
1936 4815 2069 4855 vero

428 4893 667 4956 Cassius
692 4903 922 4960 quoque
951 4888 1022 4942 ab
1052 4887 1304 4942 Antonio
1337 4891 1394 4942 et
1423 4889 1682 4960 Augusto
1712 4889 1932 4944 Caesare
1959 4905 2066 4942 ce-

428 5005 531 5045 sus
561 4987 668 5048 est,
701 4983 759 5036 et
803 4983 1102 5049 Augustus
1153 4978 1383 5048 quidem
1419 4975 1638 5032 Italiam
1673 4977 1854 5047 petiit,
1886 4979 2070 5033 Anto-

429 5079 562 5136 nius
601 5075 794 5128 autem
831 5069 889 5122 in
916 5069 1102 5122 Asiam
1131 5067 1287 5122 venit
1319 5083 1331 5122 :
1365 5065 1716 5138 appulerunt
1745 5063 2071 5136 Hierosoly-

429 5167 541 5222 mis
565 5165 634 5218 ad
669 5157 988 5215 Antonium
1019 5155 1214 5228 legati,
1245 5155 1523 5210 Herodem
1567 5160 1624 5211 et
1653 5155 1887 5210 fratrem
1920 5155 2070 5226 ejus,

429 5253 794 5316 accusantes,
841 5245 994 5317 quod
1069 5245 1289 5300 scilicet
1349 5244 1584 5299 nomine
1641 5247 1868 5297 tantum
1918 5242 2070 5314 regis

427 5349 690 5416 Hyrcano
723 5335 940 5400 relicto,
989 5333 1100 5406 ipsi
1135 5351 1234 5406 per
1261 5335 1396 5402 vim,
1430 5349 1622 5389 rerum
1657 5331 1714 5388 in
1745 5331 1932 5387 Judaei
1971 5347 2070 5402 po-

500 5465 578 5537 (1)
609 5461 847 5537 Cassius
889 5458 1066 5537 Syria
1105 5465 1316 5531 prator
1343 5457 1591 5514 Parthos
1637 5455 1802 5528 Syria
1831 5453 2070 5526 expulit.

425 5533 688 5614 (Eett‘QP-
721 5533 946 5614 Μαι)
1028 5607 1036 5614 .
1401 5600 1474 5614 η..

428 5599 448 5688 δ
499 5609 578 5682 (2)
606 5599 874 5675 Suscepit
901 5599 1174 5674 praeterea
1205 5618 1272 5658 ex
1302 5619 1367 5658 ea
1397 5600 1575 5658 ﬁliam
1605 5599 1916 5656 Salomem.

2183 1844 2523 1901 ἀναδείκνυσι
2557 1867 2567 1878 '
2632 1845 2928 1916 Φασάηλον
2991 1845 3048 1902 δὲ
3103 1851 3172 1918 τῇ
3223 1847 3628 1924 Ἰεροσολύμων
3675 1848 3806 1926 Epin-

2182 1956 2286 1992 σιν.
2349 1932 2602 2008 Ἡρώδης
2663 1956 2722 2008 γε
2784 1937 2893 2008 μὴν
2943 1936 3007 1990 τὸ
3062 1938 3160 2008 τῆς
3225 1937 3436 2016 φύσεως
3496 1935 3800 2010 δραστήριον

2181 2023 2334 2086 εὐθὺς
2385 2023 2474 2078 καὶ
2527 2021 2586 2078 ἐκ
2633 2023 2940 2098 προοιμίων
3001 2022 3230 2094 δεικνὺς,
3292 2026 3532 2096 Ἐζεκίαν
3586 2027 3676 2082 τὸν
3719 2027 3801 2096 ἆρ-

2181 2112 2458 2190 χιλῃστήν
2487 2112 2714 2188 ἀναιρεῖ.
2751 2111 2988 2168 Ἰουλίου
3031 2109 3090 2168 δὲ
3123 2115 3388 2190 Καίσαρος
3435 2115 3540 2170 ὑπδ
3591 2116 3800 2170 Κασσίου

2179 2201 2267 2255 καὶ
2301 2201 2541 2276 Βρούτου
2589 2202 2979 2277 ἀναιρεθέντος,
3013 2206 3041 2259 6
3076 2205 3169 2278 μὲν
3221 2207 3453 2268 Κάσσιος
3503 2207 3577 2266 εἰς
3625 2205 3801 2280 Συρίαν

2179 2292 2298 2359 ἧκε,
2341 2291 2436 2352 τὰς
2485 2292 2610 2364 περὶ
2664 2293 2964 2364 Ἀπάμειαν
3017 2290 3267 2366 δυνάμεις
3319 2293 3636 2370 ληψόμενος
3669 2316 3682 2329 ·
3725 2315 3804 2368 φε-

2185 2379 2499 2453 ρολογοῦντι
2535 2377 2591 2434 δὲ
2617 2385 2710 2442 τάς
2752 2379 2921 2436 ἐκεῖσε
2963 2382 3177 2448 πόλεις,
3212 2381 3312 2438 οὒκ
3358 2383 3628 2458 ἐλαχίστη
3664 2390 3802 2456 μοῖρα

2181 2467 2404 2539 κέρδους
2459 2469 2546 2523 καὶ
2601 2467 2876 2544 Ἡρώδης,
2929 2469 3077 2544 αὒτῷ
3125 2471 3406 2549 ἐγεγόνει’
3457 2473 3690 2542 ὁπηνίκα
3729 2473 3801 2528 καὶ

2182 2557 2444 2636 Μάλιχὸς
2474 2581 2556 2622 τις
2589 2559 2679 2614 τὸν
2738 2561 3112 2634 Ἀντίπατρον,
3145 2562 3203 2622 ὃς
3234 2560 3486 2635 Ἡρώδου
3518 2565 3695 2636 πατὴρ
3729 2563 3801 2630 ἦν,

2181 2647 2454 2724 φαρμάκῳ
2486 2646 2698 2702 ἀνεῖλε’
2744 2647 3003 2723 καὶπρὸς
3051 2653 3148 2704 τοῦ
3199 2647 3392 2712 παιδὸς
3451 2649 3694 2725 Ἡρώδου
3729 2651 3800 2704 καὶ

2181 2735 2342 2798 αὐτὸς
2381 2737 2670 2800 κτείνετας.
2731 2739 2820 2799 Ὡς
2873 2734 2928 2792 δὲ
2975 2739 3062 2792 καὶ
3115 2739 3342 2800 Κάσσιος
3395 2739 3485 2794 ὑπ’
3534 2739 3800 2794 Ἀντωνίου

2179 2826 2268 2878 καὶ
2331 2824 2644 2900 Αὐγούστου
2700 2832 2796 2882 τοῦ
2859 2827 3120 2899 Καίσαρος
3174 2827 3450 2902 ἀνῃρέθη·
3499 2830 3586 2884 καὶ
3637 2831 3664 2884 6
3720 2829 3798 2900 μὲν

2180 2911 2491 2988 Αὔγουστος
2551 2915 2628 2978 εἷς
2683 2915 2940 2984 Ἰταλίαν,
2991 2915 3066 2976 εἷς
3115 2916 3295 2972 Ἀσίαν
3349 2913 3405 2971 δὲ
3459 2919 3487 2971 ὁ
3536 2919 3799 2974 Ἀντώνιος

2179 3005 2335 3071 ἧκον,
2403 3003 2688 3076 προσίασιν
2755 3004 2805 3076 ἐξ
2869 3003 3267 3080 Ἱεροσολύμων
3349 3007 3626 3079 Ἀντωνίῳ
3687 3007 3800 3080 πρέ-

2183 3088 2353 3161 σϐεις,
2411 3091 2659 3168 Ἡρώδου
2704 3094 2792 3147 καὶ
2842 3099 2949 3148 τῶν
2991 3091 3240 3174 ἀδελφὼν
3285 3093 3695 3171 καταλέγοντες,
3735 3094 3797 3153 ὡς

2184 3177 2359 3253 ὄνομα
2401 3181 2562 3253 μόνον
2621 3183 2864 3257 Ὑρκανῷ
2915 3182 3218 3256 βασιλείας,
3269 3183 3357 3256 βίᾳ
3405 3181 3464 3238 δὲ
3511 3185 3664 3239 οὗτοι
3709 3187 3797 3237 τῶν

2183 3268 2233 3324 ἐν
2260 3267 2500 3342 Ἰουδαίᾳ
2546 3271 2886 3345 πραγμάτων
2947 3269 3179 3346 ἄρχουσι
3207 3289 3219 3304 ·
3275 3269 3452 3334 δείσας
3505 3271 3560 3328 δὲ
3589 3274 3616 3328 6
3647 3271 3796 3347 Ἠρώο

2183 3357 2305 3428 δης,
2367 3363 2617 3437 χρήμασι
2662 3364 2753 3416 τὸν
2801 3362 3086 3417 Ἀντώνιον
3147 3359 3416 3432 ὑπελθὼν,
3475 3363 3616 3438 αἱρεῖ
3657 3382 3794 3418 κατα·

2179 3452 2376 3525 κράτος
2423 3450 2581 3506 αὐτὸν
2640 3453 2900 3525 Ὑρκανοῦ
2961 3455 3413 3526 συμμαχοῦντος,
3475 3453 3535 3507 οὗ
3577 3454 3675 3521 τήν
3725 3453 3794 3506 θυ-

2179 3537 2442 3614 γατριδῆν
2499 3541 2842 3613 Μαριάμμην
2889 3541 2990 3609 τήν
3041 3535 3455 3614 Ἀριστοϐούλῳ
3501 3539 3793 3616 γεγεννημέ-

2182 3649 2278 3698 νην
2315 3629 2448 3700 μετᾶ
2483 3629 2651 3704 μόρον
2683 3635 2784 3699 τῆς
2829 3629 2878 3702 ἐξ
2931 3624 3175 3704 Ἀράϐων
3223 3630 3484 3704 γυναικὸς
3513 3631 3540 3685 6
3568 3625 3792 3704 Ἡρώδης

2181 3719 2440 3796 ἠγάγετο.
2498 3718 2730 3774 Πολλῶν
2791 3721 2976 3774 τοίνυν
3051 3721 3502 3797 κατηγορούντων
3571 3716 3790 3793 Ἡρώδου

2181 3809 2410 3862 καὶτῶν
2451 3807 2725 3884 ἀδελφῶν,
2773 3813 3030 3865 τοσοῦτον
3077 3816 3195 3874 ταῖς
3241 3811 3592 3887 κατηγορίαις
3641 3827 3790 3882 προσ-

2185 3897 2320 3951 ἑσιεν
2372 3898 2680 3967 ’Δντώνιος,
2739 3897 2876 3952 ὥστε
2924 3897 3013 3953 καὶ
3077 3899 3153 3963 εἷς
3201 3899 3463 3974 τέσσαρας
3510 3899 3678 3974 ἀρχάς
3708 3897 3788 3960 τήν

2185 3989 2436 4061 πατρῴαν
2495 3985 2670 4066 σφίσιν
2723 3986 2970 4060 ἐξουσίαν
3023 3987 3358 4064 διαμερίσας,
3404 3996 3521 4051 τοῖς
3567 3987 3790 4065 ἀδελοοῑς

2185 4075 2526 4152 ἐνεχείρισεν.
2571 4079 2640 4134 "0
2690 4097 2749 4152 γε
2807 4079 2913 4150 μήν
2969 4084 3097 4141 παῖς
3153 4075 3591 4154 Ἀριστοϐούλου
3645 4080 3789 4132 Ἀντι-

2186 4187 2343 4243 γονος
2375 4167 2520 4238 παρὰ
2570 4166 2917 4222 Φιλιππιώνι
2967 4173 3044 4239 τῷ
3091 4168 3350 4223 Μινναίου
3401 4163 3788 4242 διατρίϐων,ὡς

2187 4255 2416 4331 ε’ίρηται.
2452 4255 2566 4311 ἐπεὶ
2599 4257 2798 4320 ἐκεῖνος
2829 4256 3076 4313 ἐτελεύτα
3104 4259 3194 4314 τὸν
3233 4259 3370 4333 βίον,
3415 4260 3504 4312 καὶ
3557 4253 3786 4314 Λυσανίας

2185 4345 2250 4414 ἦν
2284 4347 2380 4414 τὴν
2433 4350 2701 4419 πατρικὴν
2762 4343 3116 4421 διαδεγμὲνος
3167 4349 3370 4423 ἀρχὴν,
3423 4350 3591 4403 πείθει
3641 4343 3787 4400 Him-

2188 4456 2278 4510 ρον
2307 4435 2395 4490 καὶ
2428 4431 2803 4504 Φαρνάϐαζον,
2837 4433 2924 4490 ἐπὶ
2956 4437 3251 4512 ὑποσχέσει
3283 4436 3484 4512 χιλίων
3517 4433 3786 4496 ταλάντων,

2181 4524 2496 4548 9Α,.η1η-γ-..
2562 4525 2651 4548 ηὶη
2741 4525 2886 4548 ,η-Λν
2921 4547 2928 4548 ,
3216 4527 3250 4548 Α
3279 4526 3293 4546 r
3437 4525 3485 4548 θλ
3547 4520 3742 4548 (unum)

2097 4532 2148 4596 ι)
2181 4527 2496 4601 Ἀνκίγονον
2559 4527 2653 4596 μὲν
2741 4527 3014 4600 κατάγειν,
3091 4527 3376 4582 καταλύειν
3433 4527 3492 4581 δὲ
3547 4527 3786 4598 Ὑρκανὸν.

2183 4614 2280 4668 Καὶ
2313 4613 2340 4666 ὁ
2376 4613 2468 4684 μὲν
2512 4609 2642 4688 ἄρας
2675 4613 2750 4675 εἷς
2779 4615 2877 4683 τὴν
2927 4613 3191 4670 Ἰουδαίαν
3241 4615 3397 4677 εὐθὺς
3447 4613 3670 4686 ἤλαυνεν
3699 4631 3712 4644 ο
3744 4608 3783 4661 ῠῖ

2181 4699 2225 4756 δ’
2257 4701 2308 4756 ἐν
2345 4703 2544 4776 βραχεῖ
2592 4699 2778 4777 χρόνῳ
2831 4705 3082 4778 Ὑρκανὸν
3141 4707 3230 4760 καὶ
3281 4705 3579 4774 Φασάηλον
3623 4719 3786 4779 χειρω·

2178 4792 2424 4862 σάμενοι,
2455 4791 2754 4864 Ἀντιγόοῳ
2803 4793 2902 4860 τὴν
2945 4797 3053 4848 τῶν
3087 4791 3235 4848 ὅλων
3285 4791 3588 4870 ἐπιτροπὴν
3633 4789 3784 4866 ἐγχει-

2180 4881 2438 4956 ρίζουσιν.
2501 4883 2561 4938 Ὁ
2622 4879 2669 4936 δ’
2721 4880 2974 4958 Ἡρώδης
3030 4881 3258 4958 δρασμῷ
3313 4885 3675 4960 χρησάμενος,
3723 4877 3782 4936 εἷς

2177 4972 2402 5044 Ῥώμην
2449 4970 2584 5044 πρὸς
2631 4971 2876 5047 Καίσαρα
2935 4969 3253 5042 διασώζεται
3287 4991 3299 5006 ⁸
3355 4977 3492 5046 πρὸς
3535 4966 3782 5028 Ἀντωνίου

2179 5056 2258 5126 δὲ,
2312 5058 2378 5112 τὰ
2435 5057 2616 5112 εἰκότα
2677 5061 3068 5134 μαρτυρηθοὶς,
3127 5063 3195 5134 τῇ
3268 5081 3326 5116 τε
3381 5060 3666 5136 συγκλήτῳ
3712 5051 3782 5109 καὶ

2179 5147 2426 5222 Καίσαρι,
2519 5146 2774 5222 βασιλεὺς
2859 5147 3264 5224 Ἱεροσολύμων
3347 5151 3496 5224 παρὰ
3555 5147 3780 5216 Καίσαρος

2177 5237 2604 5312 προχειρίζεται.
2667 5241 2757 5300 Ὦς
2819 5242 2949 5316 γοῦν
3026 5239 3260 5308 ἐπανῆκε
3331 5241 3628 5311 στράτευμα
3677 5231 3786 5304 παρ’

2177 5325 2471 5384 Ἀντωνίου
2524 5320 2732 5394 λαϐὼν,
2786 5327 2920 5402 ’περὶ
2977 5327 3082 5404 γὰρ
3140 5326 3338 5404 Συρίαν
3395 5323 3638 5404 διέτριϐε,
3689 5319 3780 5376 δια.

2248 5453 2329 5523 (3)
2353 5453 2660 5526 Hegesipp.
2689 5454 2790 5510 lib.
2825 5473 2862 5510 ι.

2249 5525 2330 5600 (ξι)
2360 5525 2748 5600 ἕυτοευὼίε
2777 5526 3316 5600 Hierosolymitanaa
3346 5527 3397 5584 is
3430 5526 3632 5584 refecit.

2253 5597 2328 5670 (5)
2357 5597 2660 5668 Tanquam
2681 5601 3036 5669 prafectum.
