4100 6218
205 296 346 394 ets

1266 331 1884 397 ECCLESIAS'I‘ICE
1924 327 2318 393 HISTORIA?
2361 329 2504 391 LIB.
2555 330 2601 392 l.

3519 331 3638 397 650

217 465 416 548 φόρως
467 467 621 544 μάχῃ
671 463 1002 542 προσϐαλὼν
1053 464 1368 544 ’Δντιγόνῳ,
1401 467 1752 530 πλειστάκαις
1783 467 1871 521 καὶ
1906 509 1914 532 λ

2022 467 2257 520 irentur.
2321 465 2576 520 Herodes
2634 480 2805 535 porro
2865 467 2978 538 sipi
3049 475 3336 538 metuens,
3393 473 3640 542 pecunia

217 557 588 628 ἀποκρούεται
623 576 638 590 ’
671 555 919 620 ἰσύτεοον
963 555 1021 612 δὲ
1073 557 1302 613 Σόσσιον
1361 557 1668 634 ἐπαγαγὼν,
1701 557 1878 632 φόνων

2022 553 2304 610 ιοῐοιιίυω
2335 569 2632 624 egressus,
2656 560 2968 624 expugnat.
2991 558 3301 626 adjuvante
3335 559 3634 630 Hyrcano:

220 645 612 722 γεγενημένων
659 643 912 714 πολλῶν,
969 647 1304 720 κατακράτος
1359 646 1506 700 εἶλεν
1581 644 1879 718 Ἰεροσόλυ-

228 755 329 806 μα.
379 735 594 792 Ἄσυλα
635 731 692 789 δὲ
735 736 802 790 τὰ
849 735 969 808 περὶ
1008 735 1072 790 τὸ
1103 735 1246 808 ἱερὸν
1277 735 1304 788 6
1334 731 1588 806 Ἡρώδης
1618 732 1880 810 φυλάξας,

223 821 456 896 δέσμιον
505 819 691 878 λαϐὼν
739 824 834 878 τὸν
879 823 1206 898 Ἀντίγονον,
1258 823 1472 896 Σοσσίῳ
1530 820 1772 893 δίδωσιῳ
1809 843 1820 854 “
1855 822 1882 876 6

227 910 294 967 δὲ
324 913 465 986 πρὸς
520 912 804 981 ’Δντῆνιον
861 911 1021 975 εὐθὺς
1082 911 1218 985 ἄγει.
1250 910 1502 986 Ἡρώδης
1533 909 1588 966 δὲ
1647 913 1754 984 μὴν
1785 909 1887 966 δεί·

226 1020 330 1060 σας
363 1002 466 1070 τήν
498 1004 597 1056 τοῦ
647 999 957 1074 Ἀντιγόνου
1006 999 1294 1076 εὐγένειαν,
1331 1020 1528 1074 μηπως
1560 999 1636 1062 εἷς
1667 999 1885 1072 Ῥώμην

230 1085 560 1158 διαϐάντος,
618 1089 706 1144 καὶ
763 1089 832 1143 τὰ
878 1087 1106 1166 σφέτερα
1183 1087 1368 1144 δίκαια
1438 1093 1508 1162 τῇ
1593 1091 1890 1162 συγκλήτῳ

229 1172 688 1252 προϐαλομένου,
737 1178 1006 1251 Ῥωμαῖοι
1051 1179 1145 1252 μὶν
1197 1177 1396 1234 ἐκεῖνον
1442 1179 1516 1241 ὡς
1547 1175 1774 1248 ἰδιώτην
1801 1178 1890 1232 καὶ

232 1266 563 1343 ἀλλόφυλον
610 1265 1026 1340 ἆποσείσωνται,
1074 1269 1224 1340 αὐτῷ
1274 1265 1331 1322 δὲ
1396 1267 1432 1338 ἢ
1497 1273 1614 1329 τοῖς
1687 1267 1894 1322 ἐκείνου

236 1356 400 1412 παισὶ
458 1357 560 1426 τὴν
620 1356 900 1429 βασιλείαν
959 1358 1452 1432 περιποιήσωνται,
1510 1356 1683 1410 πείθει
1755 1357 1898 1430 χρή-

237 1465 374 1518 μασι
435 1445 530 1498 τὸν
583 1445 872 1501 Ἀντώνιον
929 1443 1282 1523 ὑποφθείρας,
1333 1443 1760 1519 διαχειρίσασθαι
1806 1444 1896 1498 τὸν

237 1539 250 1562 9
380 1533 392 1552 ¹
720 1532 734 1551 ‘
936 1533 972 1562 κ.
1103 1533 1118 1552 ³
1173 1533 1187 1552 ¹
1365 1531 1420 1552 "
1614 1532 1627 1550 ’
1685 1533 1697 1553 Ι

256 1539 580 1608 Αντιγονον.
637 1539 736 1588 Και
796 1534 824 1586 6
896 1553 993 1606 μεθ
1067 1533 1224 1594 ευθυς
1293 1547 1510 1588 πελέκει
1602 1552 1846 1607 ανῃρητο
1879 1552 1892 1566 ο

249 1624 497 1697 Υρκανὸς
550 1620 607 1677 δὲ
661 1621 752 1678 καὶ
809 1621 972 1686 αὐτὸς
1037 1623 1187 1701 πχὸς
1263 1623 1492 1697 Πάρθων
1580 1620 1898 1690 ἀπολυθεὶς,

161 1729 173 1736 ⁸
244 1709 474 1788 Ἡρώδῃ
527 1711 822 1786 πρόσεισι·
875 1713 962 1766 καὶ
1009 1712 1078 1767 τὰ
1127 1711 1222 1785 μὲν
1273 1717 1464 1787 πρῶτα
1509 1709 1563 1766 ἐν
1609 1716 1797 1782 τιμαῖς
1833 1711 1900 1778 ἦ·

1990 645 2156 714 cujus
2179 659 2246 698 ex
2270 643 2390 697 ﬁlia
2421 647 2651 712 neptem
2676 644 2914 698 Mariam
2927 662 3054 702 mea
3079 648 3416 704 Aristobulo
3441 667 3640 720 proge'

1994 731 2170 788 uitam
2195 730 2300 802 (l),
2331 736 2463 802 post
2493 731 2714 786 obitum
2749 732 2844 787 6|
2893 736 3104 801 uxoris,
3128 753 3297 806 quam
3331 754 3399 794 ex
3428 738 3640 794 Arabia

1993 821 2255 887 duxerat,
2289 820 2542 876 Herodes
2591 822 2960 877 matrimonio
3009 824 3118 878 sibi
3155 826 3420 895 junctam
3454 827 3638 883 habe-

1996 911 2116 966 bat.
2151 909 2349 966 Multis
2398 911 2594 980 itaque
2636 910 2920 966 Herodem
2954 913 3280 986 fratresque
3309 917 3436 986 ejus
3468 934 3637 973 accu-

1997 999 2282 1066 santibus,
2332 998 2415 1054 ita
2472 997 2726 1070 querelis
2778 1016 2981 1055 eorum
3041 1004 3298 1059 animum
3357 1006 3642 1061 Antonius

1998 1085 2262 1154 attendit,
2295 1089 2358 1141 ut
2406 1085 2464 1141 iu
2516 1091 2767 1158 quatuor
2797 1088 3046 1144 ditiones
3078 1091 3414 1148 universum
3449 1099 3640 1164 pater-

2001 1191 2138 1230 num
2171 1191 2414 1246 regnum
2445 1175 2722 1243 divisum,
2756 1177 3032 1232 fratribus
3062 1179 3330 1235 traderet.
3363 1183 3642 1238 Caeterum

1999 1264 2313 1322 Aristobuli
2363 1265 2522 1321 filius
2559 1266 2908 1334 Antigonus,
2941 1268 3036 1338 qui
3070 1271 3224 1340 apud
3258 1269 3642 1341 Philipionem

2006 1354 2187 1410 [ilium
2221 1355 2404 1409 Miuaai
2437 1356 2562 1422 fuit,
2591 1369 2898 1428 postquam
2934 1358 3027 1412 ille
3056 1375 3086 1414 ο
3119 1359 3262 1416 vivis
3292 1363 3562 1424 excessit,
3593 1369 3648 1416 et

2006 1444 2284 1516 Lysanias
2329 1445 2410 1516 (2)
2456 1444 2514 1498 in
2565 1445 2816 1514 patrium
2873 1449 3148 1504 successit
3203 1465 3466 1516 regnum,
3522 1467 3649 1522 per-

2005 1534 2206 1588 suadet
2255 1532 2465 1588 Pacoro
2511 1540 2567 1588 et
2605 1533 2976 1591 Pharnabazo
3024 1537 3242 1605 (Parthi
3292 1537 3350 1592 bi
3394 1540 3650 1609 fuerunt)

2007 1622 2116 1678 sub
2147 1620 2303 1676 mille
2353 1619 2701 1676 talentorum
2749 1624 3082 1693 sponsione,
3118 1634 3179 1680 ut
3217 1643 3280 1683 se
3311 1627 3368 1682 in
3402 1629 3652 1698 patriam

2009 1711 2309 1778 reducant,
2335 1709 2666 1782 Hyrcanum
2699 1717 2890 1768 autem
2923 1716 3320 1784 pessumdent.
3347 1721 3531 1788 Atque
3560 1716 3654 1770 hic

240 1822 332 1876 γεν
364 1801 526 1856 αὐτόν
563 1821 575 1834 ο
623 1799 865 1856 ὓποπτον
925 1797 984 1855 δὲ
1024 1799 1314 1875 γενόμενον
1370 1799 1590 1874 ὕστερον
1647 1796 1898 1866 ἔκτεινεν,

2022 1801 2268 1872 ιυὶόεω,
2304 1800 2465 1855 nulla
2509 1801 2851 1872 interposita
2900 1819 3082 1871 mora,
3118 1805 3175 1858 iu
3206 1803 3468 1860 Judaaam
3501 1806 3656 1861 irru-

243 1889 322 1951 ὡς
351 1889 443 1944 καὶ
472 1890 564 1944 τὸν
611 1887 846 1966 ἀδελφὸν
884 1890 1227 1964 Μαριάμμης
1269 1895 1370 1959 τῆς
1412 1889 1576 1944 αὸτοῦ
1604 1886 1854 1965 γυναικός
1881 1903 1896 1917 ⁶

239 1980 304 2036 ’ὸν
332 1981 427 2033 καί
459 1976 720 2053 ἀρχιερέα
751 1975 841 2032 δια
868 1978 930 2032 τὸ
961 1976 1130 2046 κῆδος
1162 1978 1330 2052 τέχνῃ
1379 1974 1444 2046 δή
1488 1997 1592 2030 τινι
1642 1976 1898 2046 ἀνειπὼν,

241 2065 535 2142 ἰσόστερον
583 2063 770 2141 θέρους
817 2065 935 2143 ὥρᾳ
982 2064 1201 2138 πτυέλῳ
1249 2063 1670 2140 διανηχόμενον,
1714 2063 1902 2119 ἐναπέ-

241 2155 422 2226 πνιξε.
475 2155 673 2229 Κύριος
728 2151 786 2210 δὲ
846 2154 1011 2228 μόνος
1067 2155 1158 2208 καὶ
1221 2151 1477 2229 βασιλεὺς
1517 2151 1678 2216 αὐτὸς
1706 2160 1806 2222 τῆς
1838 2149 1902 2208 ό-

248 2245 361 2318 λης
419 2243 688 2310 ἰουδαίας
750 2245 1116 2302 καθίσταται·
1179 2250 1369 2322 πρῶτα
1443 2247 1535 2320 μὶν
1617 2243 1903 2301 ’Δντωνίου

248 2335 604 2410 κυρώσαντος
635 2333 779 2408 αὖτῷ
806 2336 906 2405 τήν
938 2333 1139 2412 ἀρχήν.
1175 2336 1324 2392 Ἐπεὶ
1358 2333 1404 2390 δ’
1453 2335 1657 2398 ἐκεῖνος
1703 2339 1784 2408 τῷ
1805 2341 1906 2404 τῆς

254 2424 616 2499 Κλεοπάτρας
685 2422 862 2498 ἱμέρῳ
925 2423 1094 2492 ἑάλω,
1167 2425 1257 2480 καὶ
1328 2431 1528 2500 Καῖσαρ
1595 2420 1903 2500 Αὔγουστος

251 2511 381 2582 περὶ
432 2512 494 2567 τὸ
543 2518 764 2567 ’Ἄκτιον
819 2507 1118 2585 συμϐαλὼν
1164 2511 1373 2586 ἐκείνῳ,
1413 2513 1750 2588 κατακρᾶτος
1795 2510 1906 2565 ἐνί-

249 2621 349 2670 κα,
408 2599 496 2655 καὶ
555 2598 643 2655 ἐπὶ
709 2601 904 2674 Συρίαν
976 2595 1266 2665 διέϐαινεν,
1325 2601 1616 2664 Ἀντώνίός
1684 2622 1744 2656 τε
1816 2599 1906 2654 καὶ

257 2688 589 2764 Κλεοπάτρα
636 2692 733 2744 τοῦ
787 2692 881 2762 ζῇν
933 2689 1362 2765 ἀπηλλάγησαν,
1409 2692 1496 2746 καὶ
1549 2689 1708 2752 αὐτὸς
1756 2687 1908 2749 αὗθις

252 2775 485 2854 Ἡρώδῃ
541 2780 605 2832 τὸ
681 2774 925 2851 διάδημα
983 2777 1310 2854 περιτίθηςι,
1376 2779 1466 2834 καὶ
1539 2777 1762 2852 βασιλέα
1808 2784 1908 2847 τῆς

258 2867 406 2939 ὅλης
459 2866 724 2932 Ἰουδαίας
780 2868 1137 2944 ἀνακηρόξας,
1167 2868 1422 2924 πλείστθν
1483 2871 1580 2942 μὲν
1609 2869 1698 2924 καὶ
1731 2866 1908 2936 ἄλλην

259 2959 458 3032 χώραν
513 2957 659 3030 αὐτῷ
708 2957 996 3027 ἀνατίθησι
1051 2976 1065 2990 ⁸
1125 2961 1346 3034 προσέτι
1403 2956 1459 3014 δὲ
1517 2959 1606 3013 καὶ
1662 2960 1764 3028 τὴν
1810 2961 1910 3020 τῆς

260 3043 523 3122 ’Δραδίας
576 3046 867 3120 ἐγχειρίζει
918 3045 1234 3120 ἐπιτροπήν.
1291 3046 1448 3103 Ἀλλ’
1499 3045 1648 3110 ὅπως
1686 3047 1780 3108 τᾶς
1815 3046 1913 3100 ὕπ-

259 3136 490 3210 αίθρους
550 3136 844 3209 εὐπραγίας
889 3138 924 3206 ἡ
969 3135 1117 3210 τόγη
1166 3142 1286 3198 τοῖς
1333 3138 1453 3191 κατ’
1493 3137 1644 3191 οἶκον
1674 3136 1914 3208 ἀνιαροῖς

259 3225 562 3296 ἐνεμέσησε
618 3229 700 3296 τῷ
753 3221 994 3299 Ἡρώδῃ,
1055 3224 1144 3280 καὶ
1201 3223 1260 3280 ἐκ
1305 3227 1558 3300 γυναικὸς
1603 3227 1784 3286 κακῶς
1823 3224 1918 3278 πα-

263 3334 424 3387 σχειν
471 3314 696 3388 ἤρξατο,
746 3313 1037 3390 ἐμφυλίοις
1086 3314 1176 3368 καὶ
1221 3319 1327 3368 τῶν
1381 3314 1620 3390 γνησίων
1662 3314 1920 3391 χρανθεὶς

271 3400 492 3476 οἵμασι,
547 3408 638 3457 νῦν
693 3403 755 3458 οὐ
815 3403 992 3477 λεγειν
1045 3405 1256 3478 καιρός,
1317 3405 1416 3460 Καὶ
1467 3408 1632 3458 ναῦτα
1672 3401 1922 3472 διῆλθον,

267 3500 618 3564 παραστῆσαι
677 3492 850 3548 θέλων
899 3495 998 3560 τήν
1053 3494 1380 3570 προφητείαν
1427 3489 1746 3563 ὰκίϐδηλον,
1797 3492 1926 3548 Οὐκ

268 3580 613 3656 ἐκλείψει,
652 3581 936 3658 λέγουσαν,
969 3582 1196 3658 ἄρχων
1231 3581 1291 3655 ἐξ
1324 3581 1564 3650 Ἰούδα,
1591 3583 1697 3638 καὶ
1737 3583 1925 3657 ἡγού-

276 3693 478 3746 μενος
510 3672 578 3727 ἐκ
604 3677 732 3727 τῶν
759 3677 986 3747 μηρῶν
1019 3669 1379 3740 αὐτοῦ,ἓως
1403 3673 1473 3726 οὗ
1503 3668 1661 3747 ἔλθη
1769 3672 1926 3726 ἀπό-

271 3783 495 3818 κειται
523 3781 535 3792 ·
562 3761 898 3825 καὶαύτός
927 3759 1450 3835 ἔστιπροσδοκία
1480 3759 1698 3818 ἐθνῶν.
1724 3760 1928 3837 Ὡςγὰρ

277 3855 332 3908 οἱ
377 3853 429 3922 ἒξ
479 3847 657 3906 Ἰούδα
700 3853 798 3921 τὴν
849 3853 946 3905 τοῦ
983 3850 1166 3924 γένους
1215 3850 1394 3925 σειρὰν
1453 3850 1770 3922 κατάγοντες
1817 3848 1927 3905 δια-

279 3940 610 3998 λελοίπασιν
661 3941 946 4016 ἄρχοντες,
995 3939 1084 4003 καὶ
1130 3939 1206 4002 ὡς
1255 3940 1284 3994 ὁ
1325 3938 1376 4008 ἐξ
1407 3935 1730 4010 Ἰδουμαίων
1761 3939 1932 4011 Ἠρώ-

282 4029 386 4101 δης
418 4027 739 4108 ἀλλόφυλος
771 4026 844 4082 ὢν
868 4029 1027 4102 ἧρξεν
1071 4024 1360 4104 Ἐϐραίων,
1412 4027 1611 4100 ἷηανῶς
1657 4025 1934 4083 ἀποδέδει-

281 4141 406 4175 κται
441 4139 455 4152 ·
518 4117 754 4190 ὁπηνίκα
810 4127 897 4172 καὶ
956 4119 991 4188 ἡ
1045 4116 1350 4193 προφητεία
1404 4115 1563 4180 τέλος
1606 4113 1932 4190 ἐλάμϐανεν,

285 4209 363 4272 ὡς
423 4207 616 4282 μικρὸν
671 4208 902 4281 προϊὼν,
960 4205 1250 4282 σαφηνείας
1305 4203 1461 4260 ἕνεκα
1540 4202 1883 4280 διαλήψομαι
1918 4224 1932 4239 ·

286 4297 606 4373 Αὐγούστου
664 4297 769 4371 γὰρ
824 4295 900 4357 εἲς
949 4295 1166 4369 Ῥώμην
1212 4293 1548 4360 ἐπανιόντος,
1593 4295 1684 4350 καὶ
1716 4294 1792 4356 εἷς
1827 4317 1934 4366 μο-

285 4387 520 4460 ναρχίαν
555 4386 619 4440 τὸ
669 4383 958 4458 ’Δωμαίων
1005 4385 1201 4460 κράτος
1255 4384 1698 4459 περιελάσαντος,
1751 4381 1938 4438 δεύτε-

288 4497 384 4552 ρον
444 4475 532 4530 καὶ
580 4473 1007 4548 τεσσαρακοστὸν
1055 4471 1172 4535 ἔνος
1221 4471 1301 4528 ἔτι
1349 4473 1606 4534 ἆνύοντος
1655 4475 1724 4538 τῆ
1764 4472 1938 4546 ἀρχῇ,

2009 1889 2267 1960 ptiouem
2299 1887 2436 1942 facit
2466 1905 2480 1944 :
2512 1889 2598 1944 illi
2635 1907 2766 1946 vero
2803 1890 2960 1947 brevi
2995 1891 3258 1962 Hyrcano
3289 1900 3347 1949 et
3377 1894 3654 1950 Pbasaelo

2011 1979 2216 2048 captis,
2246 1977 2536 2049 Antigono
2569 1995 2761 2034 rerum
2795 1981 3055 2036 omnium
3087 1983 3652 2039 administrationem

2013 2067 2268 2122 tradunt.
2303 2065 2556 2122 Herodes
2607 2073 2798 2122 autem
2853 2071 2990 2142 fuga
3038 2071 3150 2126 sibi
3200 2071 3506 2128 consulens
3555 2071 3654 2144 (3),

2013 2161 2068 2212 et
2098 2157 2341 2213 Romam
2381 2157 2453 2212 ad
2493 2155 2777 2212 Cwsarem
2831 2159 3191 2232 profugiens,
3221 2169 3526 2218 servatur:
3569 2170 3654 2216 at-

2013 2262 2123 2318 que
2171 2245 2245 2300 ibi
2299 2246 2530 2300 Antonii
2577 2247 2904 2302 testimonio
2952 2251 3394 2306 commendatus
3425 2252 3659 2306 senatui

2014 2339 2071 2391 et
2095 2335 2326 2398 Cirsari,
2363 2351 2460 2390 rex
2510 2335 3037 2408 Hierosolymorum
3072 2355 3104 2393 a
3134 2342 3353 2394 Czesare
3384 2340 3662 2410 designa-

2014 2430 2126 2479 tur.
2156 2424 2354 2494 Itaque
2372 2429 2432 2478 ut
2452 2425 2634 2479 Roma
2664 2441 2929 2480 reversus
2961 2428 3277 2482 exercitum
3309 2428 3382 2483 ab
3413 2428 3660 2482 Antonio

2013 2513 2194 2584 (circa
2235 2513 2458 2586 Syriam
2509 2513 2560 2568 is
2588 2518 2731 2584 erat)
2763 2515 3006 2586 accepit,
3039 2517 3210 2571 variis
3241 2516 3662 2572 certaminibus

2017 2618 2147 2657 cum
2183 2601 2474 2672 Antigono
2496 2618 2860 2674 congressus.
2883 2605 3090 2674 saepius
3123 2605 3434 2676 repellitur.
3461 2605 3664 2662 Postea

2019 2695 2218 2746 autem
2276 2691 2440 2746 Sosio
2497 2690 2770 2758 adducto,
2823 2700 2880 2747 et
2939 2693 3118 2748 multa
3175 2697 3331 2749 caede
3389 2695 3560 2760 facta,
3612 2694 3664 2748 vi

2021 2795 2231 2852 magna
2264 2779 2656 2852 Hierosolyma
2705 2781 2875 2851 capit.
2910 2781 2977 2836 Et
3017 2783 3163 2836 sacri
3195 2783 3398 2853 templi
3431 2785 3602 2838 rebus
3632 2799 3667 2838 a

2023 2870 2343 2940 direptione
2407 2872 2764 2926 conservatis
2822 2871 2918 2942 (4),
2979 2873 3336 2942 Antigonum
3407 2873 3665 2928 vinctum

2019 2959 2182 3013 Sosio
2236 2957 2432 3024 tradit,
2484 2956 2765 3028 illumque
2827 2961 2916 3014 hic
2975 2961 3176 3016 statim
3225 2962 3295 3015 ad
3354 2961 3668 3016 Antonium

2022 3047 2200 3101 ducit.
2237 3045 2490 3102 Herodes
2524 3062 2692 3117 porro
2727 3065 2960 3104 rursum
2999 3056 3331 3120 suspectam
3365 3049 3588 3114 habens
3617 3059 3674 3104 et

2024 3142 2292 3192 metuens
2342 3137 2621 3208 Antigoni
2667 3139 2895 3209 generis
2936 3137 3319 3200 nobilitatem.
3353 3157 3423 3195 ne
3453 3139 3675 3196 scilicet

2026 3226 2124 3281 ille
2156 3225 2399 3280 Romam
2455 3226 2744 3296 profectus
2792 3227 2890 3300 (5),
2917 3228 3048 3299 jura
3077 3246 3184 3284 sua
3222 3231 3378 3301 apud
3409 3240 3670 3286 senatum

2026 3321 2354 3387 exponeret,
2387 3320 2446 3370 et
2496 3314 2741 3372 Romani
2789 3333 2850 3372 se
2898 3317 3131 3388 quidem
3184 3325 3248 3374 ut
3292 3319 3573 3390 privatum
3623 3328 3676 3376 et

2028 3407 2310 3460 advenam
2344 3404 2663 3475 rejicereut,
2697 3403 2777 3459 illi
2811 3422 2962 3471 vero,
2995 3412 3096 3460 aut
3140 3407 3346 3463 saltem
3379 3407 3515 3464 ﬁliis
3544 3408 3674 3478 ejus

2033 3511 2276 3564 regnum
2337 3494 2663 3559 redderent,
2726 3497 3033 3564 persuadet
3089 3497 3521 3568 corrumpitque
3579 3514 3678 3567 pe—

2032 3581 2206 3636 cunia
2256 3581 2594 3648 Antonium,
2647 3590 2706 3635 ut
2758 3583 3118 3652 Antigonum
3167 3583 3412 3639 occidat.
3443 3585 3535 3639 Sie
3583 3585 3680 3639 ille

2033 3671 2338 3726 confestim
2370 3672 2556 3725 securi
2591 3675 2932 3740 percutitur.
2966 3671 3265 3742 Hyrcanus
3309 3688 3444 3728 vero
3475 3679 3532 3727 et
3562 3673 3684 3743 ipse

2035 3776 2068 3814 a
2100 3758 2332 3814 Parthis
2363 3775 2428 3814 ex
2459 3759 2790 3828 captivitate
2819 3760 3120 3824 dimissus,
3145 3762 3214 3815 ad
3240 3761 3524 3818 Herodem
3549 3778 3685 3817 con-

2039 3847 2186 3918 fugit
2219 3865 2230 3902 :
2266 3853 2322 3902 et
2371 3848 2466 3902 ille
2519 3847 2754 3917 quidem
2807 3863 2938 3902 eum
2982 3850 3037 3902 in
3075 3851 3259 3920 pretio
3293 3849 3547 3920 primum
3579 3850 3684 3907 ba-

2040 3937 2186 4003 buit,
2219 3942 2557 4006 suspectum
2591 3941 2780 3991 autem
2819 3943 3014 4006 postea
3041 3938 3151 3993 sibi
3183 3939 3495 3995 interemit.
3529 3941 3692 4000 Post.

2042 4041 2215 4097 quam
2267 4041 2400 4079 vero
2458 4025 2656 4080 fratem
2705 4042 2940 4097 quoque
2996 4026 3366 4082 Mariammes
3424 4029 3692 4099 conjugis

2044 4131 2185 4178 sum,
2220 4129 2395 4183 quem
2448 4115 2777 4182 pontiﬁcem
2828 4122 2947 4169 arte
2995 4117 3270 4185 quadam,
3307 4133 3410 4187 per
3438 4118 3690 4188 speciem

2043 4203 2238 4258 tutelze
2268 4209 2324 4256 et
2367 4218 2538 4268 curre,
2573 4209 2885 4268 creaverat,
2917 4204 3134 4258 aestatis
3168 4211 3426 4276 tempore
3457 4205 3514 4260 in
3547 4206 3693 4264 solio

2047 4291 2336 4348 lavantem
2369 4297 2424 4345 et
2460 4297 2755 4347 natantem
2789 4293 3114 4355 sutiocavit,
3148 4311 3298 4348 unus
3327 4293 3452 4363 ipse
3503 4295 3698 4350 domi-

2050 4398 2158 4436 nus
2189 4391 2242 4436 et
2275 4397 2369 4435 rex
2399 4390 2616 4434 cunctae
2644 4381 2856 4436 Jubazae
2889 4382 3072 4437 factus
3102 4388 3210 4438 est.
3244 4383 3502 4439 Primum
3531 4385 3698 4455 equi-

2051 4473 2182 4526 dem
2240 4470 2531 4525 Antonius
2565 4469 2646 4524 illi
2704 4487 2941 4542 regnum
2977 4474 3322 4528 auct0ritate
3353 4490 3458 4528 sua
3486 4477 3696 4528 contir-

288 4563 477 4640 δόγμα
529 4584 589 4619 τε
644 4564 763 4618 καθ’
816 4560 956 4630 ὅλης
1002 4569 1104 4632 τῆς
1152 4561 1332 4636 ἀρχῆς
1361 4558 1789 4635 διαπέμψαντος,
1819 4561 1914 4616 ’ἐκα

2051 4559 2246 4615 mavit.
2281 4559 2468 4613 Simul
2519 4565 2692 4630 atque
2738 4576 2870 4614 vero
2921 4561 3018 4615 ille
3067 4561 3377 4631 CleOpntraa
3411 4562 3698 4616 desiderio

291 4674 420 4709 στον
451 4653 530 4716 εἰς
561 4654 663 4721 τὴν
717 4649 856 4706 ἰδίαν
905 4651 1068 4706 πόλιν
1113 4649 1594 4730 ἐναπογράφεσθαι,
1641 4655 1941 4720 τηνικαῦτα

287 4745 380 4801 καὶ
443 4743 474 4797 6
533 4743 731 4816 Σωτὴρ
789 4743 950 4812 ἡμῶν
1008 4741 1218 4810 Ἰησοῦς
1302 4739 1542 4814 Χριστὸς
1599 4739 1836 4794 τίκτεται
1879 4739 1942 4793 τὸ

289 4830 755 4906 παραδοξότατον.
815 4830 907 4894 Τίς
963 4827 1021 4886 δὲ
1069 4832 1106 4900 ἡ
1161 4833 1448 4906 γειναμένη
1481 4830 1572 4886 καὶ
1621 4831 1650 4884 6
1686 4836 1788 4899 τῆς
1816 4831 1948 4900 κυή-

293 4943 433 4984 σεως
491 4919 720 4996 τρόπος,
749 4917 896 4975 ἔνθεν
943 4915 1054 4989 ⁴ἤδη
1101 4917 1207 4994 ἐρῶ
1256 4919 1495 4976 συνελὼν
1551 4919 1676 4974 ’ὀσον
1730 4915 1945 4990 ἐνδέχε-

293 5033 406 5068 ται.

2050 4658 2107 4705 et
2140 4665 2336 4704 auiore
2365 4654 2572 4718 captus
2603 4655 2712 4712 est,
2736 4657 2790 4705 et
2815 4651 3006 4705 Caesar
3033 4653 3335 4722 Augustus
3367 4651 3436 4705 ad
3467 4651 3700 4705 Actium

2053 4738 2242 4810 praelio
2275 4737 2590 4792 commisso
2631 4754 2766 4794 eum
2816 4739 3130 4795 fortissime
3181 4739 3410 4806 devicit,
3447 4746 3622 4810 atque
3651 4740 3702 4794 is

2054 4828 2112 4884 in
2172 4827 2396 4899 Syriam
2459 4829 2733 4897 pervenit,
2769 4846 2834 4884 ac
2884 4829 3056 4900 paulo
3113 4833 3242 4898 post
3299 4829 3586 4883 Antonius
3645 4832 3707 4885 et

2055 4917 2359 4988 CleOpatra
2409 4915 2588 4972 vivere
2637 4918 2938 4973 desierunt
2970 4933 2982 4973 :
3019 4915 3128 4972 62
3160 4918 3283 4988 ipse
3315 4933 3547 4988 quoque
3575 4919 3704 4972 Au-

2057 5011 2264 5079 gustus
2316 5007 2520 5064 Herodi
2553 5009 2818 5064 diadema
2847 5007 3147 5078 imposuit,
3181 5022 3490 5078 regemque
3520 5009 3706 5064 totius

294 5103 516 5162 Iudaea!
568 5101 969 5174 promulgans,
1015 5117 1149 5158 cum
1199 5099 1394 5172 plures
1441 5101 1493 5158 ei
1541 5099 1686 5156 alias
1738 5096 1950 5169 adjecit
2013 5097 2295 5168 regiones,
2345 5109 2470 5152 tum
2509 5098 2740 5152 'Arabim
2794 5096 2968 5152 etiam
3021 5097 3489 5167 procurationem
3556 5113 3710 5152 com-

301 5193 484 5252 misit.
516 5192 622 5250 Sed
669 5191 822 5250 enim
875 5197 935 5250 ut
979 5206 1216 5250 serenas
1262 5192 1664 5264 secandasque
1712 5191 1841 5262 ejus
1891 5203 1982 5246 res
2033 5188 2266 5244 fortuna
2315 5186 2632 5260 indignans
2663 5186 2889 5244 acerbis
2923 5185 3082 5243 domi
3113 5187 3346 5244 casibus
3377 5185 3706 5254 vindicarit,

300 5431 624 5562 d_(l)tl‘tlii
692 5429 1070 5488 Mariammen
1133 5429 1446 5488 Alexandri
1513 5427 1694 5486 ﬁliam
1773 5427 1956 5484 fuisse

343 5521 476 5561 icun
507 5544 524 5559 .

343 5521 524 5561 tcum.

347 5575 454 5705 ἐξ)
483 5573 763 5658 Lysanias
813 5573 1105 5631 Ptolemai
1155 5571 1371 5644 Minari,
1405 5571 1506 5645 qui
1555 5572 1628 5628 ad
1669 5571 1958 5628 Libanum

428 5647 619 5705 ttavit.
651 5645 833 5703 illius.

305 5645 619 5715 habitavit,
651 5645 833 5703 illius.

629 5745 888 5813 Panos.
933 5747 1044 5811 Gl.
1086 5744 1309 5810 CXLV.
3309 5743 3386 5805 ει

2139 5426 2215 5500 (3)
2243 5426 2493 5500 Herodes
2523 5424 2743 5500 primus
2773 5440 2837 5481 ex
2870 5423 3109 5500 advenis
3137 5424 3496 5500 δοϐρεε-τοι.

2139 5495 2218 5569 (In)
2247 5495 2723 5570 Antoniusbuno
2753 5497 2941 5552 securi
2975 5495 3293 5570 percuissit.
3329 5497 3610 5570 (Josepb.)

2139 5567 2214 5641 (5)
2243 5568 2483 5641 Joseph.
2514 5567 2617 5623 lib.
2648 5583 2765 5636 xiv,
2796 5583 2922 5642 cap.
2959 5569 3062 5624 ult.
