4100 6218
447 335 565 398 655

1747 337 2162 410 NICEPHOBI
2207 333 2565 398 CALLISTI

3725 336 3840 400 656

451 470 556 543 qui
621 468 694 526 ab
765 485 834 526 ea
901 467 1258 540 gestabatur,
1317 469 1388 524 ad
1447 485 1620 541 quem
1681 469 1894 526 scilicet
1945 469 2079 528 nihil

2203 467 2298 530 τὰς
2329 461 2623 542 παρθένους
2657 464 2990 539 ὑποχωρεῖν,
3039 469 3142 533 τῆς
3171 460 3218 518 δ’
3267 462 3319 520 ὲν
3363 465 3558 542 γαστρῖ
3606 465 3843 542 ἐχούσης

447 560 632 617 virilis
669 557 909 615 seminis
959 563 1112 614 esset
1159 557 1457 626 collatum,
1506 557 1896 617 benedictum.
1957 561 2096 617 inde

448 665 617 720 porro
647 655 703 704 et
729 647 875 720 ide,
911 647 968 703 id
1008 648 1163 719 quod
1209 655 1588 720 proposuerat
1637 649 2096 720 quaasiveratque

449 745 784 804 consecuta,
811 735 1006 793 divino
1037 737 1404 793 subserviens
1435 737 1881 810 Spiritui,inani
1911 739 2096 812 gloria

451 831 510 882 et
537 825 867 899 arrogantia
917 843 1096 898 quam
1145 825 1487 898 longissime
1566 831 1809 898 semota,
1860 843 1998 884 eum
2032 844 2095 885 se

441 914 630 988 ipsam
667 916 894 972 beatam
930 917 1218 986 praedicat,
1253 921 1378 972 tum
1426 917 1484 972 id
1517 916 1674 989 quod
1719 918 1983 974 futurum
2013 934 2092 974 es-

445 1010 555 1077 set,
589 1005 957 1076 apertissime
987 1006 1354 1078 prenuntiat.
1404 1007 1548 1062 Cum
1591 1011 1782 1062 autem
1824 1007 1886 1063 in
1919 1007 2095 1063 mori-

446 1093 558 1150 bus
588 1099 760 1162 esset,
795 1098 857 1149 ut
887 1096 1159 1166 virgines,
1192 1111 1326 1150 cum
1361 1100 1560 1166 partus
1579 1095 1830 1165 gravidae
1862 1094 2091 1151 mulieri

446 1184 642 1254 etjam
676 1184 1021 1254 parturienti
1054 1183 1408 1251 immineret,
1441 1183 1776 1240 accederent
1808 1200 1821 1239 :
1855 1183 2090 1240 tertium

445 1288 577 1328 cum
611 1289 678 1328 ea
709 1279 934 1329 versata
959 1289 1245 1342 mensem,
1295 1274 1448 1345 quod
1493 1273 1617 1344 jam
1680 1291 1748 1330 ex
1806 1275 2095 1330 immensa

445 1361 547 1416 illa
577 1362 1066 1419 consternationis
1110 1371 1279 1433 atque
1329 1362 1736 1419 admirationis
1784 1363 2089 1419 addubita-

441 1453 598 1506 tione
631 1451 812 1522 magis
843 1451 1144 1523 magisque
1174 1451 1393 1523 aliquid
1449 1453 1788 1520 remitteret,
1838 1453 2079 1508 domum

442 1556 610 1596 suam
644 1543 962 1598 revertitur.
997 1541 1230 1596 Interim
1267 1543 1316 1595 ei
1372 1547 1572 1598 venter
1627 1547 1974 1610 tumescere,
2035 1548 2092 1598 et

441 1627 647 1699 Ioseph
682 1629 750 1683 de
780 1644 870 1690 ea,
901 1629 1050 1700 quod
1088 1631 1282 1684 minus
1315 1629 1564 1698 deceret,
1598 1629 1844 1700 agerein
1897 1629 2092 1685 animo

445 1719 712 1784 habebat,
740 1719 1076 1789 mysterium
1108 1723 1383 1788 ignorans
1406 1739 1418 1771 :
1441 1721 1578 1788 quin
1600 1721 1774 1773 etiam
1799 1722 2092 1775 occultam

2198 555 2398 611 τίκτειν
2456 552 2565 625 ἤδη
2617 550 2996 629 ἐπειγομένης,
3029 551 3212 628 τρίτον
3263 559 3407 628 μῆνα
3453 554 3622 630 ταύτῃ
3657 553 3844 631 διαγι-

2199 642 2387 718 γοῦσα,
2445 643 2532 698 καὶ
2589 647 2668 715 τῷ
2717 650 2818 712 τῆς
2879 640 3192 714 ἐκπλήξεως
3250 641 3442 720 ἀπόρῳ
3503 643 3663 700 λύσιν
3723 647 3844 699 τινὶ

2204 733 2334 795 ἴσως
2376 727 2640 804 λαϐοῦσα,
2681 731 2756 795 εἷς
2785 733 2878 788 τὸν
2923 731 3071 787 οἶκον
3118 731 3322 803 ταύτης
3372 733 3703 813 ἀνέστρεφεν.
3761 739 3850 797 Ὡς

2204 821 2260 879 δὲ
2314 823 2404 879 καὶ
2457 823 2594 897 αὐτῇ
2643 822 2724 886 εἷς
2768 825 2934 900 ἆγκον
2979 824 3014 893 ἡ
3047 824 3255 898 γαστὴρ
3304 821 3532 898 ἐπῆρτο,
3599 825 3704 880 οὐκ
3755 825 3846 880 εὗ-

2201 915 2385 988 πρεπῆ
2435 911 2693 968 διενοεῖτο
2741 913 2993 987 πράττειν
3027 911 3056 966 ὁ
3089 913 3312 992 Ἰωσὴφ,
3360 911 3579 991 ἀγνοῶν
3624 915 3688 969 τὸ
3743 937 3848 987 μυ-

2203 1005 2424 1078 στήριον
2469 1021 2482 1035 ⁸
2547 999 2740 1076 ἀμέλει
2795 1023 2880 1056 τοι
2933 1001 3023 1057 καὶ
3083 1001 3340 1074 λαθραίαν
3397 1003 3496 1070 τήν
3576 1000 3850 1058 ἀπόλυσιν

2202 1093 2339 1168 αὐτῇ
2401 1091 2696 1166 ᾠκονόμει,
2755 1088 2986 1163 δίκαιος,
3043 1091 3228 1171 φησὶν,
3288 1088 3387 1162 ὢν,
3443 1092 3536 1148 καὶ
3584 1089 3854 1166 οὐδαμῶς

2203 1183 2578 1256 ἐκπομπεῦααι
2648 1179 2849 1237 ἐθέλων
2905 1181 2970 1236 τὸ
3024 1179 3266 1258 γεγονός.
3335 1179 3492 1239 Ἀλλ’
3553 1181 3714 1246 εὐθὺς
3773 1186 3855 1254 τῷ

2203 1270 2531 1345 διανοήματι
2576 1269 2795 1332 ἐπιστὰς
2827 1271 2856 1325 ὁ
2885 1269 3376 1346 εὖαγγελισάμενος
3419 1269 3674 1348 ἅγγελος,
3727 1269 3852 1326 λύει

2198 1361 2260 1417 τὸ
2291 1363 2494 1435 ἄπορον
2532 1359 2610 1434 τῷ
2661 1353 2933 1434 πρεσϐύτῃ
2961 1377 2975 1392 ·
3022 1358 3195 1434 ἐχρῆν
3221 1359 3312 1414 καὶ
3357 1359 3456 1434 γὰρ
3503 1363 3582 1430 τῷ
3637 1357 3853 1440 διαφα-

2197 1455 2280 1505 νεῖ
2307 1446 2514 1524 δοχείῳ
2543 1455 2643 1517 τῆς
2675 1448 2908 1524 χάριτος
2944 1443 3112 1520 μηδὲν
3155 1467 3209 1501 τι
3250 1450 3450 1521 μώμου
3494 1447 3586 1502 καὶ
3635 1443 3856 1524 ὕϐρεως

2200 1534 2616 1612 προστριϐῆναι,
2693 1538 2784 1593 καὶ
2858 1541 2969 1592 τῶν
3039 1539 3135 1592 τοῦ
3199 1537 3366 1606 ἡλίου
3431 1536 3660 1592 ἀκτίνων
3733 1533 3854 1593 ὄντι

2199 1627 2578 1702 ὃιαυγεστὲρῳ.
2640 1627 2866 1700 Ἀμέλει
2931 1646 3017 1681 τοι
3073 1626 3164 1680 καὶ
3221 1627 3336 1680 υἱὸν
3414 1624 3578 1682 Δαυΐδ
3637 1626 3855 1682 ἐκεῖνον

2197 1719 2374 1786 καλεῖ,
2435 1716 2831 1789 αἰνιττόμενος,
2889 1716 3009 1770 ὅθεν
3096 1713 3372 1789 πριελθεῖν
3427 1716 3456 1770 ὁ
3512 1713 3856 1790 προσδοκώ-

444 1810 601 1864 abea
631 1809 1042 1863 discessionem
1079 1808 1337 1862 meditari
1364 1809 1521 1879 quod
1544 1809 1631 1862 vir
1671 1811 1872 1879 justus
1913 1814 2079 1864 esset.

2205 1827 2364 1880 μενος
2404 1801 2607 1878 ἔμελλε
2632 1825 2644 1838 ’
2679 1807 2770 1860 καὶ
2817 1803 2967 1866 αὖθις
2997 1810 3228 1879 γυναῖκα
3275 1803 3442 1873 αὐτὴν
3495 1802 3674 1860 εἴτουν
3709 1827 3854 1876 μνη-

2278 1897 2291 1911 ι
2405 1896 2418 1912 1
2475 1896 2488 1912 \
2589 1894 2602 1912 1
2741 1895 2792 1912 tu
2936 1899 2985 1912 Il
3009 1895 3022 1912 1
3108 1893 3120 1912 Ι
3325 1891 3347 1912 ‘
3370 1894 3382 1912 Ι
3577 1893 3597 1912 ‘
3802 1895 3816 1912 ε

447 1901 505 1956 et
537 1911 658 1952 rem
692 1900 880 1952 actam
911 1895 1216 1952 eliminare
1247 1901 1422 1968 atque
1453 1897 1685 1968 vulgare
1739 1897 1935 1953 nollet.
1979 1897 2090 1954 Sed

439 1986 748 2044 confestim
776 1985 912 2040 talia
941 1986 1239 2057 cogitanti,
1271 2003 1399 2041 cum
1427 1987 1552 2042 laeto
1578 1987 1780 2043 nuntio
1805 1987 2088 2044 assisten

439 2075 701 2146 angelus,
737 2075 1160 2130 dubitationem
1193 2091 1322 2130 eam
1355 2077 1476 2130 seni
1525 2075 1716 2130 solvit.
1777 2075 2089 2147 Oportebat

439 2165 594 2219 enim
627 2163 950 2220 clarissimo
979 2166 1178 2236 gratia:
1228 2164 1591 2237 receptaculo
1649 2169 1704 2222 et
1763 2165 1878 2220 vasi
1940 2163 2086 2220 nihil

437 2255 929 2326 reprehensionis,
989 2255 1353 2328 indignitatis
1412 2261 1468 2311 et
1527 2255 1753 2326 injuriae
1821 2253 2068 2310 inferri:

433 2347 586 2416 quod
622 2345 893 2400 nimirum
927 2345 1012 2400 vel
1052 2345 1238 2416 ipsius
1261 2345 1401 2401 solis
1437 2343 2077 2417 radiiesitsplendidius

435 2441 486 2490 et
519 2433 827 2489 illustrius.
862 2439 1030 2488 Porro
1061 2440 1117 2490 et
1147 2434 1330 2490 tilium
1385 2434 1563 2490 David
1611 2435 1775 2489 illum
1836 2435 2084 2506 angelus

433 2527 620 2586 vocat,
669 2539 770 2592 per
817 2521 1268 2578 insinuationem
1304 2524 1628 2588 declarans,
1664 2524 1815 2580 unde
1845 2528 2080 2596 exopta-

434 2613 532 2666 tus
567 2615 1052 2682 exspectatusque
1111 2611 1205 2668 ille
1264 2614 1598 2683 proditurus
1641 2616 1818 2669 esset.
1886 2614 2076 2684 Ipsam

2202 1897 2330 1964 στήν
2361 1896 2529 1963 αὐτὴν
2579 1894 2881 1966 ὀνομάζει·
2935 1895 3022 1964 Μή
3066 1893 3151 1956 τίς
3195 1913 3273 1962 σε,
3325 1891 3525 1968 λέγων,
3576 1893 3856 1968 λογισμὸς

2197 1983 2524 2060 ταραττέτω,
2583 1981 2842 2046 δεδοικὼς
2895 1986 2970 2056 μὴ
3019 1982 3404 2058 προσκρούσης
3454 1987 3588 2056 Θεῷ,
3645 2004 3857 2060 μοιχα·

2199 2073 2326 2130 λίδα
2377 2071 2536 2144 δῆθεν
2579 2075 2826 2128 σύνοικον
2873 2071 3034 2148 ἔχων.
3081 2076 3346 2127 Τοσοῦτον
3377 2073 3481 2147 γὰρ
3527 2077 3625 2126 τοῦ
3670 2072 3853 2150 ἄγους

2199 2161 2574 2233 ἀπήλλακται,
2619 2163 2760 2216 ὥστε
2799 2161 2886 2216 καὶ
2936 2161 3194 2235 κρείττων
3239 2161 3450 2240 φύσεως
3481 2162 3516 2230 ἡ
3548 2161 3851 2238 κυοφορία.

2197 2253 2286 2321 Mi]
2336 2251 2510 2306 τοίνυν
2552 2246 2726 2328 φοϐοῦ
2777 2249 2928 2310 αὖθις
2977 2245 3313 2324 παραλαϐεῖν
3361 2249 3556 2319 αὐτὴν,
3606 2250 3740 2304 ὅσον
3789 2253 3854 2308 τὸ

2193 2342 2330 2398 κατά
2376 2341 2434 2396 σὲ
2477 2338 2890 2413 ἀπολελυμένην
2940 2339 3030 2393 καὶ
3090 2337 3286 2412 θύραζε
3353 2336 3512 2393 οὖσαν
3547 2357 3561 2372 ·
3623 2344 3854 2416 σκιρτᾷν

2195 2428 2252 2484 δὲ
2329 2427 2542 2502 μᾶλλον
2605 2449 2906 2503 προσηκον,
2963 2427 3052 2482 καὶ
3115 2429 3419 2503 ὑπερφυοῦς
3473 2434 3574 2496 τῆς
3630 2425 3852 2498 ἡδονῆς

2190 2518 2658 2592 ἀναπίμπλασθαι.
2719 2519 2798 2572 Τὸ
2855 2517 2978 2591 γάρ
3037 2515 3097 2570 ἐν
3155 2514 3321 2589 αὐτῇ
3397 2517 3717 2590 γεννηθὲν
3783 2518 3850 2573 ἐκ

2193 2607 2580 2682 Πνεύματός
2631 2605 2805 2660 ἐστιν
2867 2605 3092 2682 ἀγίου,
3138 2604 3370 2683 φησίν,

443 2716 663 2772 "noque
716 2719 960 2757 uxorum
1020 2703 1141 2758 sive
1198 2719 1474 2774 sponsam
1539 2703 1820 2771 nominat,
1869 2702 2322 2774 quasidiceret:
2381 2699 2548 2765 Cave,
2609 2706 2662 2755 te
2717 2698 2992 2770 cogitatio
3023 2697 3444 2753 deliberatione
3509 2695 3633 2754 ulla
3705 2715 3844 2754 con-

431 2791 644 2860 turbet,
677 2795 740 2844 ut
788 2805 1034 2858 vereare,
1096 2807 1166 2846 ne
1229 2792 1404 2846 Deum
1465 2791 1746 2859 offendas,
1798 2797 2073 2864 tanquam
2142 2790 2464 2847 adulteram
2525 2805 2760 2844 uxorem
2831 2788 2985 2844 domi
3061 2787 3492 2843 cohabitantem
3581 2787 3835 2845 habens.

429 2878 673 2934 Tantum
706 2878 858 2934 enim
896 2896 928 2934 a
961 2878 1184 2951 piaculo
1211 2884 1266 2934 et
1299 2879 1525 2936 macula
1553 2881 1710 2936 omni
1739 2881 1924 2952 abest,
1958 2887 2020 2938 ut
2050 2881 2218 2938 etiam
2282 2880 2448 2950 longe
2501 2895 2682 2950 supra
2737 2887 2996 2934 naturam
3031 2879 3110 2933 sit
3140 2878 3254 2934 ista
3311 2879 3365 2934 in
3449 2883 3613 2934 utero
3659 2879 3844 2935 fastus

431 2953 694 3040 gestatio.
751 2967 832 3024 Ne
887 2967 1227 3039 igituraut
1273 2969 1478 3024 timeas
1534 2969 1720 3042 ipsam
1781 2985 1978 3025 rursus
2046 2969 2317 3040 recipere,
2377 2984 2550 3040 quam
2613 2971 2674 3021 tu
2706 2969 3012 3038 (quantum
3076 2966 3133 3022 in
3214 2973 3271 3022 te
3341 2968 3452 3040 est)
3511 2969 3843 3039 repudiasti

429 3063 488 3112 et
517 3057 838 3113 extrusisti.
898 3057 1048 3120 Quin
1101 3059 1314 3128 gaudio
1371 3058 1602 3114 exsilire
1631 3063 1686 3114 te
1731 3060 1920 3131 magis
1964 3058 2146 3124 decet,
2201 3063 2256 3112 et
2312 3059 2575 3112 animum
2637 3056 2834 3112 laetitia
2888 3061 2945 3110 et
2998 3054 3316 3128 voluptate,
3376 3072 3504 3127 quae
3563 3062 3838 3114 naturam

427 3144 671 3214 excellit,
703 3145 1042 3217 adimplere.
1077 3146 1228 3216 Quod
1258 3149 1422 3215 enim,
1456 3146 1662 3219 inquit,
1691 3147 1752 3202 in
1791 3161 1856 3204 ea
1897 3146 2107 3204 editum
2134 3150 2233 3212 est,
2273 3161 2342 3202 ex
2369 3143 2583 3216 Spiritu
2611 3151 2797 3200 sancto
2822 3151 2898 3200 est
2933 3143 3000 3201 ⁸⁸.

1071 3253 1302 3312 CAPUT
1335 3253 1424 3310 IX.

432 3344 503 3400 De
539 3358 738 3413 genere
767 3344 1059 3416 Antipatri
1090 3353 1142 3398 et
1179 3343 1431 3410 Herodis,
1489 3349 1544 3398 et
1597 3343 1666 3399 de
1722 3344 1974 3416 Hyrcano
2022 3353 2073 3399 et

500 3415 816 3470 Aristobulo
871 3413 1254 3484 pontiﬁcibus;
1285 3419 1337 3470 ει
1384 3421 1507 3470 uta
1573 3413 1783 3470 Caesare
1837 3417 2074 3486 Augusto

502 3489 735 3541 Herodes
788 3487 1105 3542 Iudaeorum
1162 3502 1263 3541 rex
1321 3495 1544 3541 creatus
1595 3493 1885 3558 propterea
1902 3485 2074 3558 ‘iquod

501 3562 720 3614 advena
777 3567 937 3624 esset,
990 3559 1165 3613 tribus
1218 3558 1540 3614 Iudaeorum
1597 3561 1666 3612 ab
1718 3559 1890 3612 Esdra
1940 3573 2076 3612 con-

501 3629 734 3698 scriptas
763 3629 884 3697 igni
914 3629 1286 3695 combusserit,
1317 3634 1478 3700 atque
1507 3633 1890 3698 Pontiﬁcatum
1915 3647 2074 3685 uena-

507 3703 609 3756 tem
643 3717 823 3757 emere
845 3701 1147 3757 volentibus
1177 3701 1541 3772 proposuerit.

501 3948 604 4002 66
633 3947 796 4003 Nunc
826 3963 966 4002 sane
1019 3947 1406 4002 necessarium
1461 3945 1605 4002 mihi
1653 3961 1781 4003 esse
1827 3947 2071 4014 videtur,

431 4035 514 4090 ita
545 4041 608 4090 ut
637 4035 926 4106 pollicitus
948 4040 1185 4101 sum,ut
1239 4037 1536 4091 ostendam
1588 4037 1658 4091 ad
1719 4034 1894 4092 ﬁnem
1955 4035 2073 4092 exi-

431 4129 677 4194 tumque
705 4139 872 4178 suum
905 4125 1267 4196 prophetiam
1301 4123 1458 4178 illam
1522 4125 1850 4193 pervenisse
1884 4141 1898 4180 :
1958 4125 2072 4181 Non

429 4211 914 4281 deﬁcielprincep:
943 4229 1014 4268 ea:
1039 4213 1204 4277 Judu,
1249 4229 1345 4267 nec
1399 4213 1516 4267 (tua:
1572 4229 1642 4268 ea:
1678 4215 1882 4282 femore
1935 4214 2072 4282 eius.

431 4299 596 4355 donec
619 4302 806 4356 veniat
827 4303 919 4356 cui
944 4303 1237 4372 repositum
1265 4309 1360 4368 est,
1393 4305 1447 4356 et
1478 4299 1656 4362 ipsum
1705 4318 1816 4358 esse
1858 4319 2076 4375 exspec-

427 4390 689 4444 tationem
724 4391 973 4458 gentium
1029 4390 1091 4444 ³⁷.
1123 4392 1255 4454 Quae
1306 4389 1606 4460 prephetia
1653 4392 1724 4445 de
1781 4391 2074 4448 Salvatore

429 4485 628 4533 nostro
669 4478 774 4534 hoc
813 4478 1203 4550 liquidissime
1261 4480 1498 4551 profert.
1549 4479 1712 4534 Tunc
1771 4480 1924 4536 enim
1977 4481 2074 4538 ille

427 4568 680 4636 advenit,
712 4585 892 4638 quam
924 4567 1260 4623 Judseorum
1330 4569 1510 4624 duces
1561 4570 1615 4623 in
1679 4569 2064 4626 Romanorum

427 4661 765 4728 potestatem
799 4657 1014 4714 redacti
1044 4657 1398 4724 defecerunt,
1431 4662 1486 4712 et
1530 4663 1757 4730 sceptro
1803 4659 2070 4730 imperoi-

428 4762 541 4817 que
560 4763 762 4802 eorum
797 4751 1132 4819 paruerunt.
1169 4747 1522 4818 Snbjngum
1573 4748 1728 4802 enim
1775 4749 2068 4804 servitutis

427 4841 500 4893 ab
530 4837 661 4894 allis
696 4836 881 4900 missi,
916 4836 1196 4890 tributum
1230 4836 1344 4892 illis
1367 4836 1583 4892 solvere
1612 4837 1792 4892 coacti
1827 4841 1986 4904 sunt,
2013 4843 2072 4894 et

429 4943 545 4982 una
565 4941 696 4982 cum
728 4923 972 4979 adventu
1007 4923 1217 4980 Christi
1258 4925 1442 4994 prima
1504 4923 1604 4980 illa
1657 4925 1967 4996 descriptio
2014 4932 2071 4982 et

426 5031 636 5072 census
663 5017 750 5068 est
777 5017 960 5068 actus.
993 5013 1306 5085 Oportebat
1327 5013 1480 5068 enim
1528 5013 1587 5067 in
1629 5013 1943 5070 descensus
1971 5014 2071 5070 Re-

423 5105 510 5175 gis
569 5103 845 5158 caelorum
909 5102 966 5156 in
1018 5106 1253 5163 terram.
1315 5101 1488 5156 etiam
1552 5106 1718 5156 terra
1779 5102 2070 5175 principes

424 5208 598 5250 suum
637 5190 1026 5246 ministerium
1069 5195 1126 5244 et
1167 5207 1384 5245 munus
1414 5189 1466 5245 ei
1529 5195 1821 5262 prastare.
1853 5191 2064 5248 Verum

423 5283 717 5338 enimvero
747 5277 889 5333 nihil
923 5279 1133 5349 obstat,
1169 5279 1486 5350 quominus
1525 5281 1716 5334 denuo
1763 5295 1864 5350 per
1905 5295 2066 5337 com-

423 5369 700 5442 pendium
752 5367 1052 5424 historiam
1112 5385 1560 5440 percurramus:
1623 5372 1772 5424 utet
1828 5383 1895 5424 ea
1942 5387 2068 5443 quae

424 5459 725 5532 praemissa
745 5463 904 5524 sunt,
939 5459 1154 5514 certius
1187 5457 1516 5530 clariusque
1562 5455 1984 5526 intelligantur.
2021 5463 2066 5517 A

426 5548 785 5616 temporibus
805 5547 960 5602 enim
997 5548 1190 5614 Musis,
1217 5561 1272 5602 et
1302 5565 1430 5618 qua:
1471 5548 1640 5602 illum
1701 5562 2062 5620 praacessere,

497 5667 749 5727 urMatth.
783 5685 824 5738 ι,
854 5669 942 5726 20.
1021 5669 1063 5704 ¹⁷
1094 5672 1235 5728 Gen.
1269 5675 1514 5742 xux,10.

2819 3254 3074 3309 ΚΕΦΑΛ.
3115 3255 3191 3308 Θ’.

2310 3340 2326 3360 \
2455 3343 2480 3354 “
2591 3339 2601 3358 θ
2813 3341 2826 3362 9
3073 3338 3085 3358 θ
3399 3341 3416 3360 \
3474 3345 3488 3364 I
3632 3342 3643 3360 θ

2179 3348 2762 3415 Περιῂτουᾼγενους
2841 3345 3261 3415 Δντιπ-ατρου
3309 3361 3427 3415 καί
3501 3339 3835 3415 ῌρωδουο

2248 3407 2353 3486 καὶ
2385 3407 2904 3486 περλὶἾΥρκαλνοῦ
2950 3412 3058 3486 καὶ
3109 3407 3654 3486 ’Ᾱρ-ιττοϐούλξιυ
3699 3419 3832 3469 τῶν

2247 3483 2794 3558 ἀρχιῗερὲωνξκαὶ
2827 3483 2911 3558 ὡς
2938 3483 3070 3558 ⁸ὐπὸ
3123 3483 3482 3558 Καίσαρος
3509 3484 3832 3556 Αὐγούσ-

2248 3551 2712 3629 τοξβασιλεὺς
2743 3555 3048 3629 ξῌρῴόηλς
3077 3551 3541 3629 τῶνξιουδαίω
3566 3580 3593 3611 ν
3625 3551 3830 3629 ίίενό-

2255 3576 2364 3609 του
2400 3575 2712 3629 ρασιΑευς
2772 3575 3048 3624 ιιρωοης
3077 3575 3202 3608 των
3261 3575 3593 3611 ιουοαιων
3675 3577 3828 3612 ενο-

2255 3624 2705 3703 μενος,διᾲτὸ
2737 3624 3126 3703 ἀλλόφυλον
3157 3624 3564 3703 τάςάπρτ-οῦ
3595 3575 3828 3703 ’ἔτερα

2254 3695 2640 3775 ἀναγραφὰς
2697 3701 2824 3775 τῶν
2884 3695 3143 3775 φυλῶν-
3181 3695 3632 3775 πλυρὶμδ-ίδω-σι
3710 3695 3826 3775 *καὶ

2247 3767 2913 3846 τήν-’ἄρχἰερωσύνην
2957 3767 3061 3824 ἐπὶ
3109 3769 3241 3844 ὠνῇ
3278 3767 3378 3842 ’τῷ
3418 3770 3826 3846 βουλομένῳ

2252 3839 2491 3898 ἐτίθεί.

2251 3947 2364 4002 Τοῦ
2415 3945 2618 4002 λοιποῦ
2649 3943 2696 4001 δ’
2725 3943 2913 4022 ἔμοιγε
2957 3945 3241 4022 ἀναγκαῖον
3286 3947 3419 4002 εἶναι
3448 3945 3600 4003 δοκεῖ
3650 3945 3822 4022 δεῖξαί

2178 4053 2236 4088 τε
2267 4033 2343 4096 εἰς
2409 4033 2574 4110 πέρας
2631 4036 2731 4104 τήν
2791 4034 3124 4114 προφητείαν
3175 4034 3458 4108 ἐλθοῦσαν,
3510 4035 3585 4098 ὡς
3616 4037 3653 4106 ἡ
3688 4037 3827 4094 ὑπό-

2180 4142 2389 4198 σχεσις,
2434 4123 2570 4179 Οὐκ
2618 4123 2919 4199 ἐκλείψει
2963 4123 3186 4200 ἅρχων
3235 4123 3296 4195 ἕξ
3346 4123 3604 4192 Ἰούδα,
3659 4123 3824 4182 οὐδὲ

2181 4211 2564 4286 ἡγούμενος
2598 4211 2666 4267 ἐκ
2702 4217 2826 4267 τῶν
2867 4217 3092 4287 μηρῶν
3133 4211 3354 4281 αὐτοῦ,
3382 4210 3507 4275 ἕως
3548 4209 3741 4269 ἔλθοι
3771 4214 3820 4287 ᾧ

2181 4301 2694 4373 ἀπόκειται,καὶ
2728 4302 2921 4357 αὐτὸν
2955 4303 3121 4357 εἶναι
3152 4299 3556 4376 προσδοκίαν
3586 4301 3823 4373 ἐθνῶν,

2182 4396 2364 4468 σαφῶς
2396 4391 2518 4466 περί
2557 4396 2654 4448 τοῦ
2692 4399 2954 4467 Σωτῆρος
2993 4393 3152 4465 ἡμῶν
3196 4395 3358 4448 τοῦτο
3407 4387 3822 4468 διατρανοῦσαν,

2178 4479 2440 4548 Τηνικάδε
2496 4480 2599 4555 γὰρ
2661 4483 2864 4543 ἐκεῖνος
2938 4479 3208 4558 ἐπιφοιτᾷ,
3286 4480 3520 4549 ὁπηνίκα
3601 4481 3656 4535 οἱ
3711 4486 3822 4536 τῶν

2183 4565 2464 4624 Ἰολδαίων
2498 4567 2780 4644 ἄρχοντες,
2817 4569 2920 4624 ὑπὸ
2963 4573 3125 4645 χεῖρα
3163 4567 3461 4642 Ῥωμαίοις
3507 4568 3825 4646 γενόμενοι,

2181 4657 2555 4729 ἔκλελοίπασι,
2611 4663 2690 4730 τῷ
2738 4661 3034 4732 Ῥωμαϊκῷ
3080 4661 3342 4732 σκήπτρῳ
3381 4657 3826 4714 καθυποκλίναν-

2177 4767 2282 4808 τες.
2340 4745 2545 4822 Ζεύγλῃ
2594 4748 2696 4824 γὰρ
2747 4754 2847 4818 τῆς
2903 4746 3122 4802 ἐκείνων
3170 4747 3496 4822 ὁπαχθῶιτες
3545 4744 3824 4820 δουλείας,

2179 4836 2378 4915 φόρους
2433 4835 2608 4892 τελεῖν
2663 4835 3070 4914 ἠναγκάζοντο’
3129 4837 3271 4909 ὁμοῦ
3316 4855 3376 4891 τε
3420 4839 3490 4910 τῇ
3539 4840 3640 4892 τοῦ
3683 4841 3828 4914 Χρι-

2177 4931 2305 4982 στοῦ
2349 4927 2620 5002 παρουσίᾳ
2666 4929 2754 4982 καὶ
2796 4929 2830 4996 ἡ
2862 4927 3054 5002 πρώτη
3105 4924 3281 4996 ἐκείνη
3330 4925 3620 5004 ἀπογραφὴ
3671 4929 3825 5006 γίνε-

2175 5038 2284 5072 ται.
2321 5019 2524 5094 Ἐχρῆν
2571 5017 2660 5072 καὶ
2709 5017 2815 5094 γὰρ
2859 5020 2930 5091 τῇ
2980 5017 3117 5091 πρὸς
3159 5023 3264 5092 γῆν
3307 5013 3525 5089 καθόδῳ
3565 5020 3666 5072 τοῦ
3712 5021 3818 5072 τῶν

2179 5105 2415 5180 οὐρανῶν
2478 5105 2859 5182 βασιλεύοντος
2913 5106 3003 5161 καὶ
3047 5105 3177 5168 τοὺς
3244 5103 3333 5160 ἐπὶ
3380 5111 3486 5180 γῆς
3544 5103 3819 5181 ἄρχοντας

2179 5195 2522 5273 λειτουργίαν
2572 5194 2905 5271 εἰσενεγκεῖν.
2951 5191 3114 5251 Οὐδὲν
3165 5191 3222 5248 δὲ
3270 5195 3385 5249 οἷον
3431 5193 3522 5248 καὶ
3571 5191 3725 5257 αὖθις
3768 5194 3821 5250 ὲν

2177 5283 2424 5358 ἐπιτόμῳ
2473 5287 2574 5354 τήν
2631 5283 2872 5360 ἱστορίαν
2923 5281 3243 5360 διαδραμεῖν
3315 5281 3612 5360 σαφηνείας
3662 5285 3825 5360 χάριν

2173 5377 2281 5429 τῶν
2349 5376 2745 5448 προκειμένων.
2806 5375 2900 5430 Ἐκ
2953 5373 3060 5450 γάρ
3112 5392 3199 5428 τοι
3260 5372 3506 5434 Μωσέως
3559 5373 3654 5428 καὶ
3719 5373 3824 5448 πρὸ

2175 5463 2403 5535 ἐκείνου,
2451 5463 2528 5527 ὥς
2581 5486 2678 5538 μοι
2725 5465 3073 5541 προείρηται,
3123 5463 3227 5518 ὑπὸ
3273 5467 3392 5526 τοῖς
3442 5460 3674 5524 οἶκείοις
3726 5467 3820 5518 τοῦ

2174 5549 2354 5614 ἔθνους
2386 5551 2643 5628 ἄρχουσι,
2684 5559 2802 5618 τοῖς
2837 5553 2898 5609 ἐκ
2944 5550 3122 5629 φυλῆς
3169 5547 3350 5607 Ἰούδα
3395 5549 3694 5626 κατάγουσι
3723 5552 3820 5619 τήν
