4100 6218
294 359 431 424 657

1350 360 1983 427 ECCLESIASTlC/E
2023 367 2412 430 HISTORIA!
2455 369 2600 430 LIB.
2647 370 2696 431 Ι.

3599 371 3716 432 658

297 493 516 567 σειρὰν,
573 493 637 550 τὸ
696 492 976 551 Ἰουδαίων
1053 494 1201 557 ἔθνος
1287 492 1460 550 πάλαι
1541 492 1954 570 βασιλευόμενοι

2071 502 2135 555 ut
2163 504 2333 557 antea
2364 501 2503 567 dixi,
2535 518 2566 555 a
2598 501 2722 558 suis
2745 502 3126 574 principibus,
3149 503 3248 575 qui
3271 519 3338 560 ex
3368 502 3525 559 tribu
3556 503 3720 559 Judis

296 580 533 659 ἤγοντο,
577 581 738 659 ἄχρις
780 583 842 639 οὗ
874 581 1194 657 Αὔγουστος
1247 585 1526 659 μόναρχος
1574 583 1909 661 ἆνηγόρευτο
1941 603 1955 617 ·

297 672 394 749 ἐφ’
422 674 485 729 οὗ
514 678 734 749 πρῶτος
771 672 1026 749 Ἡρώδης
1059 673 1377 749 ἀλλόφυλος
1408 672 1503 744 ὢν,
1536 677 1633 745 τὴν
1661 679 1766 729 τῶν
1822 677 1961 731 Ἰου-

300 760 478 818 δαίων
524 763 660 836 πρὸς
709 765 1001 838 Ῥωμαίων
1056 763 1397 841 ἐπιτρέπεται
1444 764 1744 839 βασιλείαν,
1788 764 1961 822 Ἰδου-

304 859 481 925 μαῖος
530 853 606 908 ὢν
651 855 713 910 τὸ
763 853 941 929 γένος,
982 856 1058 919 ὡς
1102 856 1355 927 Ἰωσήπῳ
1409 853 1577 923 δοκεῖ,
1629 854 1689 909 ἐκ
1734 857 1959 929 πατρὸς,

300 937 567 1017 Ἀράϐιος
627 941 684 998 δὲ
738 943 875 999 κατᾶ
930 945 1029 1013 τήν
1093 946 1324 1018 μητέρα,
1383 944 1740 1020 Ἀντίπατρος
1787 944 1891 1020 γὰρ
1932 945 1961 999 ὁ

296 1028 506 1084 τούτου
561 1031 764 1105 πατὴρ,
813 1028 866 1101 ἐξ
914 1025 1170 1105 Ἀραϐίας
1232 1029 1422 1106 ἄγεται
1486 1035 1710 1103 γυναῖκα
1757 1030 1958 1104 Κύπριν

298 1117 513 1191 ὄνομα,
545 1118 579 1188 ἢ
639 1119 846 1194 πατέρα
894 1120 1168 1193 τεττάρων
1223 1116 1432 1174 παίδων
1489 1125 1637 1175 ποιεῖ
1695 1139 1707 1153 ·
1763 1121 1838 1174 ὧν
1888 1122 1964 1182 εἷς

298 1207 469 1271 οὗτος
499 1204 752 1281 Ἡρώδης
777 1210 868 1277 ἦν.
902 1214 992 1270 Ὠς
1024 1205 1071 1263 δ’
1109 1208 1415 1285 Ἀφρικανῷ
1446 1206 1600 1279 δόξαν
1652 1208 1739 1263 καὶ
1786 1209 1964 1281 τούτῳ

296 1293 576 1367 πλείστην
622 1295 681 1351 ἐκ
722 1303 822 1367 τῆς
874 1303 1152 1375 συγγαφῆς
1198 1292 1679 1373 περιϐαλλομένῳ,
1738 1318 1759 1346 ι
1790 1297 1963 1353 Ἀντί-

299 1407 536 1462 πατρος,
569 1388 753 1464 φησὶν,
809 1389 837 1443 ὁ
894 1385 1143 1461 Ἡρώδου
1190 1389 1337 1451 τινὸς
1377 1387 1800 1455 Ἀσκαλωνίτου,
1832 1385 1966 1442 δοῦ-

301 1474 407 1538 λος
441 1475 630 1551 ἱερέως
658 1477 809 1539 τινὸς
835 1482 944 1532 τῶν
977 1477 1098 1552 περὲ
1129 1478 1223 1533 τὸν
1263 1477 1399 1532 νεὼν
1448 1481 1545 1533 τοῦ
1600 1477 1963 1541 Ἀπόλλωνος

300 1563 778 1637 ὁισπονουμένων.
821 1566 895 1622 Οὗ
937 1569 1028 1621 τὸν
1057 1563 1224 1622 παῖδα
1252 1565 1607 1640 Ἀντίπατρον
1652 1560 1729 1621 ἔτι
1766 1568 1962 1636 νήπιον

302 1652 464 1723 ὅντα,
516 1652 819 1727 Ἰδουμαῖοι
872 1654 1068 1730 λῃσταὶ
1113 1653 1522 1727 διαρπάσαντες,
1577 1657 1704 1730 παρ’
1751 1656 1964 1717 ἑαυτοῖς

304 1743 467 1817 εἶχον
512 1761 528 1777 ο
563 1741 781 1818 ῥύεσθαι
804 1744 909 1818 γὰρ
954 1741 1113 1799 αῧτὸν
1146 1745 1175 1798 ὁ
1223 1746 1406 1820 πατὴρ
1453 1742 1657 1818 ἄπορος
1696 1744 1763 1814 ἧν
1816 1747 1968 1820 χρή-

2068 605 2254 657 genus
2302 590 2601 659 ducerent,
2636 607 2777 662 gens
2821 592 3152 648 Judeorum
3204 593 3342 648 olim
3379 593 3535 665 regio
3568 609 3725 648 more

2071 679 2395 751 regebatur,
2429 680 2611 735 donec
2644 685 2939 752 Augustus
2989 699 3143 738 unus
3176 683 3439 755 solusque
3472 684 3725 754 impera-

2072 773 2159 823 tor
2212 772 2297 823 est
2348 769 2713 824 renuntiatus
2763 787 2775 823 :
2827 772 2938 825 sub
2997 787 3108 841 quo
3167 773 3390 842 primus
3448 772 3724 838 Herodes,

2073 856 2292 910 advena
2321 860 2378 912 et
2406 856 2751 929 alienigena,
2782 876 2812 914 a
2844 860 3118 916 Romanis
3160 863 3577 919 demandatum
3613 860 3724 915 sibi

2072 943 2405 1000 Judisorum
2437 960 2679 1016 regnum
2713 948 2949 1018 accepit.
2986 948 3113 1004 Fuit
3151 950 3201 1005 is
3232 958 3465 1020 paterno
3494 966 3725 1021 genere,

2071 1041 2135 1088 ut
2182 1034 2464 1105 Iosephus
2510 1037 2801 1105 opinatur.
2847 1039 3165 1108 ldumzeus,
3194 1043 3455 1096 materno
3504 1046 3724 1105 autem,

2070 1122 2277 1177 Arabs.
2327 1124 2628 1196 Antipater
2684 1128 2860 1193 enim,
2910 1127 3085 1199 hujus
3147 1134 3329 1199 pater,
3391 1145 3461 1185 ex
3517 1131 3727 1185 Arabia

2073 1227 2308 1270 uxorem
2340 1214 2574 1287 Cyprim
2606 1217 2770 1271 duxit
2803 1235 2815 1273 :
2850 1234 2977 1291 qua:
3008 1234 3138 1274 eum
3177 1224 3429 1291 quatuor
3470 1219 3726 1275 ﬁliorum

2075 1304 2290 1371 patrem
2367 1304 2524 1369 fecit,
2582 1321 2830 1376 quorum
2900 1323 3052 1361 unus
3124 1308 3376 1364 Herodes
3442 1307 3536 1362 hic
3594 1308 3724 1363 fuit.

2076 1388 2148 1445 Ut
2209 1395 2402 1447 autem
2480 1394 2748 1450 Africano
2815 1395 3065 1457 videtur.
3125 1397 3224 1468 qui
3296 1400 3354 1452 et
3424 1396 3546 1467 ipse
3603 1413 3727 1453 ma-

2074 1495 2246 1551 gnam
2304 1486 2395 1537 est
2451 1482 2508 1536 in
2576 1483 2903 1538 scribendis
2969 1484 3232 1540 historiis
3299 1485 3528 1541 laudem
3587 1501 3727 1541 con-

2075 1573 2314 1625 secutus
2376 1586 2389 1625 :
2453 1592 2481 1620 ‹‹
2541 1571 2841 1642 Antipater
2898 1574 3005 1641 (sic
3072 1573 3198 1644 ipse
3258 1575 3479 1644 scribit)
3553 1574 3723 1631 Hero-

2075 1658 2168 1711 dis
2235 1664 2419 1727 patcr,
2481 1660 2634 1715 illius
2696 1661 2937 1716 Herodis
3006 1663 3314 1733 cujusdam
3382 1661 3726 1720 Ascalonita

2074 1748 2205 1813 fuit,
2252 1750 2571 1805 sacerdotis
2627 1750 2958 1823 cujuspiam
3019 1751 3189 1818 servi,
3239 1751 3331 1807 cui
3389 1752 3449 1807 in
3507 1752 3727 1823 templo

306 1852 460 1904 ματα
510 1830 890 1904 καταθέμενος.
943 1856 970 1885 ››
1020 1834 1127 1890 Καὶ
1171 1834 1349 1889 τοίνυν
1415 1834 1504 1888 ὑπ’
1554 1833 1781 1897 ἐκείνοις
1843 1854 1956 1909 τρα-

2072 1835 2353 1907 Apollinis
2412 1854 2706 1893 sacrorum
2762 1855 2902 1896 cura
2952 1841 3297 1896 demandata
3354 1842 3560 1896 fuerat.
3611 1839 3729 1896 Hu-

306 1920 457 1995 φεὶς,
498 1916 676 1991 ἔδοξεν
707 1919 1017 1993 Ἰδουμαῖος
1046 1924 1204 1978 εἴναι.
1238 1923 1555 1996 Ἐσύστερον
1608 1920 1666 1979 δὲ
1722 1924 1965 1997 Ὑρκανῷ

302 2014 391 2080 τῷ
425 2008 691 2072 Ἰουδαίας
722 2010 989 2087 ἀρχιερεῖ,
1022 2012 1081 2075 ὃς
1128 2010 1406 2068 Ἰουδαίων
1455 2017 1671 2087 πρῶτος
1723 2009 1965 2086 διάδημα

304 2099 617 2176 περιέθετο,
674 2101 835 2178 φίλος
894 2104 1211 2176 γενόμετος,
1270 2104 1360 2158 καὶ
1417 2103 1470 2159 ἐν
1523 2108 1643 2165 ταῖς
1688 2104 1823 2175 πρὸς
1868 2105 1960 2159 τὸν

306 2186 551 2264 ἀδελφὸν
601 2186 1031 2266 Ἀριστόϐουλον
1084 2190 1291 2247 ἐκείνου
1338 2189 1625 2272 διαφοραῖς
1682 2194 1960 2267 χρήσιμος

304 2278 625 2354 ἀναφανεὶς,
681 2281 771 2336 καὶ
827 2282 926 2351 τήν
1008 2279 1285 2357 βασιλείαν
1371 2280 1736 2352 ἐλευθερώσας
1815 2282 1963 2353 αύτῷ

303 2370 786 2447 περικοπτομένην
846 2373 952 2427 ὐπὸ
1007 2369 1104 2427 τοῦ
1163 2369 1425 2449 ἀδελφοῦ,
1482 2365 1665 2427 ἔπειτα
1739 2370 1797 2426 δὲ
1869 2370 1959 2427 καὶ

305 2461 617 2534 ’Δωμαίοις
644 2459 718 2516 ἐσ⁹
747 2457 911 2516 ἅπασι
954 2459 1121 2533 δεξιὸς
1161 2462 1448 2537 γεγνονὼς,
1486 2462 1621 2536 πρὸς
1680 2459 1957 2537 Α’ίγυπτόν

302 2571 367 2604 τε
398 2550 489 2604 καὶ
528 2544 770 2624 ’Ἄραϐας
816 2547 1293 2622 διαπονουμένοις,
1342 2548 1560 2623 ἐπείπερ
1610 2543 1961 2622 Ἀριστόϐου-

304 2640 415 2703 λος
450 2642 545 2713 μὶν
577 2639 681 2695 ὑπὸ
721 2638 1018 2713 Πομπηΐου
1049 2638 1273 2713 δέσμιος
1306 2640 1551 2715 αἰσχρῶς
1597 2639 1680 2694 ἐπὶ
1742 2641 1960 2712 Ῥώμην

306 2727 592 2806 ἐπέμφθη.
624 2727 712 2782 καὶ
743 2730 805 2782 τὸ
836 2725 1115 2783 Ἰουδαίων
1164 2725 1312 2790 ἔθνος
1347 2725 1677 2796 δεδούλωτο,
1712 2726 1961 2803 ηὐτύχη-

307 2837 404 2872 σεν
456 2818 616 2880 οὗτος
671 2816 1015 2888 ἐπιμελητὴς
1089 2823 1190 2886 τῆς
1265 2815 1630 2887 Παλαιστίνης
1692 2814 1957 2891 γενέσθαι.

306 2907 467 2962 ἐπεὶ
526 2904 573 2960 δ’
631 2904 910 2980 ἐσύστερον
971 2906 1334 2981 αἰχμάλωτος
1381 2909 1471 2961 καὶ
1527 2907 1779 2980 Ὑρκανὸς
1857 2907 1960 2962 ὑπὸ

304 2994 543 3068 Πάρθων
583 2995 750 3065 ἑάλω,
781 2994 855 3057 εἷς
896 2996 954 3051 ’ὸν
988 2994 1214 3051 ὕστατον
1246 2997 1314 3051 τὰ
1358 2998 1454 3064 τῆς
1504 3000 1612 3051 τῶν
1661 2994 1960 3075 ἀρχιερέων

302 3087 569 3161 περιέστη
618 3082 909 3160 διαδοχῆς,
949 3085 1039 3140 καὶ
1091 3085 1439 3159 ’Δντίπατρος
1502 3085 1741 3141 ἐντεῦθεν
1795 3087 1958 3161 μέγας

301 3176 598 3251 γενόμενος
629 3173 869 3251 Μαλίχῳ
898 3176 1009 3230 τινὶ
1041 3172 1246 3237 δολίως
1278 3174 1566 3249 ἀνῄρηται,
1601 3177 1658 3237 ός
1708 3173 1956 3252 Ἡρώδου

303 3266 493 3338 πατὴρ
545 3266 610 3333 ἦν
643 3284 656 3299 ο
717 3262 1242 3337 οὗτος’πάμπολλά
1299 3285 1417 3318 τινα
1489 3269 1609 3327 τοῖς
1670 3264 1958 3337 Ῥωμαίων

303 3358 647 3428 στρατηγοῖς
702 3353 1063 3427 καταθέμενος
1122 3355 1408 3429 χρήματα,
1474 3353 1563 3407 καὶ
1622 3352 1753 3415 ὅλος
1802 3352 1962 3409 εἷ’κειν

302 3448 430 3504 ταῖς
482 3442 700 3498 ἐκείνων
750 3449 1073 3521 προσεαγαῖς
1141 3442 1541 3519 ὒποσχόμενος,
1619 3445 1716 3513 τήν
1779 3444 1958 3519 ἀρχὴν

303 3531 675 3606 ἐγχειρίζεται
718 3547 733 3563 ⁸
799 3535 896 3589 τοῦ
961 3532 1066 3606 γὰρ
1124 3532 1391 3606 Καίσαρος
1449 3529 1758 3605 Αὒγούστου
1828 3535 1960 3604 μετὰ

307 3620 536 3695 βαρείας
567 3617 849 3694 δυνάμεως
885 3626 1001 3683 τοῖς
1047 3619 1445 3697 κατἈῖγυπτον
1496 3624 1741 3690 σκηπτοῦ
1798 3618 1955 3690 δίκην

305 3707 634 3774 ἐπελθόντος
665 3728 679 3742 ·
739 3711 939 3771 σκοπὸς
980 3707 1038 3765 δὲ
1084 3709 1231 3782 αύτῷ
1282 3708 1628 3783 Κλεοπάτραν
1678 3710 1957 3787 χειρώσα-

305 3800 454 3868 σθαι,
488 3799 565 3860 εἰς
614 3798 680 3868 ἢν
738 3800 972 3871 ὑστάτην
1011 3801 1046 3869 ἡ
1106 3803 1213 3855 τῶν
1278 3799 1330 3869 ἐξ
1361 3796 1712 3872 Ἀλεξάνδρου
1744 3796 1956 3854 Πτολε-

309 3889 479 3961 μαίου
532 3886 881 3957 Μακεδονικὴ
930 3885 1213 3944 δυναστεία
1260 3888 1526 3959 κατέληζε
1565 3907 1577 3919 ·
1612 3889 1746 3961 πρὸς
1780 3886 1954 3943 δὲκαὶ

305 3977 632 4048 Ἄντώνιον,
660 3983 777 4041 τοῖς
810 3976 1016 4048 ἰκείνης
1065 3978 1278 4053 ἱμέροις
1319 3976 1619 4046 ἑαλωκότα,
1673 3978 1949 4051 πρόσεισιν

304 4064 566 4139 Ἡρώδης
627 4067 808 4136 οὗτος,
864 4067 1133 4141 σύμπανθ’
1189 4063 1411 4140 ἕτοιμος
1467 4072 1733 4143 χορηγεῖν
1778 4068 1876 4121 ὅσα
1901 4068 1952 4142 γ’

304 4153 497 4229 ἆκείνῳ
536 4157 781 4232 θυμήρη,
816 4161 936 4212 σῖτα
966 4157 1054 4212 καὶ
1100 4156 1244 4213 ὅπλα
1293 4156 1383 4211 καὶ
1428 4157 1654 4231 χρυσίον
1711 4156 1808 4210 οὐκ
1854 4157 1952 4211 εύ-

302 4246 635 4318 αρίθμητον,
693 4247 783 4303 καὶ
831 4246 1157 4322 συμμαχίαν
1196 4247 1295 4316 τὴν
1343 4244 1585 4323 ἐφικτήν.
1638 4249 1725 4305 Ὠς
1776 4241 1948 4300 δὲκαὶ

304 4336 594 4414 Αἴγυπτος
648 4337 738 4391 καὶ
799 4334 1119 4411 Κλεοπάτρα
1182 4335 1285 4391 ὑπὸ
1345 4340 1505 4409 χεῖρα
1561 4334 1789 4408 Καίσαρι
1859 4335 1945 4389 καὶ

301 4428 604 4501 Ῥωμαίοις
652 4429 962 4504 γεγένηται,
1009 4425 1128 4481 δυσὶ
1185 4426 1323 4502 πρὸς
1368 4432 1486 4489 τοῖς
1517 4423 1644 4479 δέκα
1691 4423 1831 4479 ἔτεσι
1869 4429 1947 4498 τῷ

304 4518 605 4596 Αὐγούστῳ
653 4514 923 4573 διανύοντι
965 4520 1033 4592 τῇ
1078 4517 1248 4593 ἀρχῇ,
1302 4515 1378 4577 είς
1436 4516 1657 4588 Ῥώμην
1717 4535 1771 4570 τε
1818 4518 1943 4585 ἧκεν

2068 1925 2169 1993 jus
2221 1925 2407 1979 filium
2459 1926 2830 1998 Antipatrum
2882 1929 3072 1985 adhuc
3121 1935 3383 1985 tenerum
3429 1930 3728 1997 praedones

2079 2013 2313 2068 ldumaai
2365 2021 2600 2086 captum
2652 2017 2798 2087 apud
2861 2033 2923 2072 se
2986 2020 3370 2074 retinuerunt.
3425 2018 3725 2075 Redimere

2074 2102 2227 2158 enim
2278 2112 2438 2175 pater
2482 2120 2637 2172 eum,
2691 2112 2923 2178 propter
2974 2108 3238 2179 pecuniae
3284 2108 3565 2179 inopiam,
3612 2126 3725 2164 non

2075 2193 2282 2261 potuit.
2320 2212 2345 2244 ι
2381 2192 2587 2265 Itaque
2635 2195 2784 2265 quod
2831 2195 2986 2265 apud
3029 2212 3125 2252 eos
3172 2207 3257 2251 est
3287 2197 3591 2266 educatus,
3626 2214 3727 2267 pro

2077 2281 2328 2336 Idumen
2362 2282 2596 2338 habitus
2628 2287 2736 2339 est.
2773 2285 2977 2340 Postea
3006 2302 3139 2340 vero
3167 2286 3224 2340 in
3249 2286 3495 2356 Hyrcani
3515 2289 3725 2342 Judaees

2076 2369 2369 2425 Pontificis
2419 2372 2733 2426 amicitiam
2788 2373 3066 2443 pervenit,
3098 2377 3153 2429 et
3203 2375 3260 2429 in
3310 2375 3725 2431 certaminibus

2073 2457 2235 2513 illius
2302 2459 2580 2515 adversus
2638 2461 2873 2517 fratrem
2934 2462 3327 2517 Aristobulum
3386 2466 3723 2518 commodus

2074 2555 2404 2616 compertus
2444 2556 2527 2603 est
2562 2566 2574 2603 :
2609 2549 2706 2604 οε
2758 2566 3127 2622 regnumque
3172 2552 3301 2623 ejus
3344 2552 3659 2607 admodum
3693 2570 3726 2606 a

2075 2633 2248 2691 fratre
2278 2638 2558 2700 accisum,
2593 2638 2648 2692 in
2682 2638 3012 2695 libertatem
3048 2640 3317 2697 asseruit.
3353 2639 3571 2695 Deinde
3620 2658 3726 2695 au-

2072 2727 2186 2778 tem
2238 2725 2512 2781 Romanis
2553 2726 2610 2781 in
2666 2728 2840 2784 rebus
2886 2728 3160 2783 omnibus
3197 2744 3259 2785 se
3308 2728 3509 2784 utilem
3543 2734 3601 2784 et
3628 2728 3721 2784 in-

2072 2813 2385 2879 dustrium,
2418 2830 2550 2869 cum
2584 2817 2864 2873 adversus
2894 2818 3189 2890 ﬂgyptios
3220 2822 3276 2872 et
3323 2817 3537 2873 Arabes
3571 2818 3720 2873 bello

2070 2902 2332 2971 occupati
2364 2907 2579 2968 essent,
2618 2904 2876 2974 praebuit.
2914 2909 2978 2959 Et
3009 2915 3310 2977 postquam
3353 2905 3718 2961 Aristobulus

2072 2990 2303 3059 quidem
2338 3008 2371 3046 a
2402 2991 2672 3062 Pompeio
2727 2995 2975 3064 turpiter
3005 2993 3259 3063 vinctus,
3292 2993 3531 3050 Romam
3585 2995 3725 3051 mis-

2074 3095 2197 3146 sus,
2243 3084 2301 3135 et
2345 3081 2679 3138 Judaeorum
2734 3085 2886 3140 natio
2935 3082 3209 3140 servitute
3256 3099 3535 3156 oppressa
3590 3090 3717 3152 est;

2072 3168 2352 3226 beneficio
2401 3170 2645 3227 fortuna
2686 3173 2822 3229 huic
2852 3173 3113 3244 contigit,
3147 3176 3211 3229 ut
3242 3178 3578 3245 procurator
3609 3178 3722 3229 Pa-

2071 3257 2306 3315 laestina!
2338 3261 2517 3318 fieret.
2552 3262 2621 3318 Et
2668 3280 2799 3319 cum
2849 3264 3126 3336 deinceps
3157 3264 3456 3336 Hyrcanus
3488 3279 3720 3335 quoque

2067 3365 2100 3403 a
2133 3348 2361 3405 Parthis
2394 3356 2618 3422 captus,
2652 3352 2708 3407 in
2763 3370 2877 3425 quo
2910 3353 3115 3408 ultima
3154 3354 3451 3425 dignitatis
3487 3353 3720 3424 pontifl.

2066 3438 2164 3493 ciae
2196 3440 2455 3495 constitit
2483 3443 2795 3509 successio,
2830 3448 2886 3496 ct
2924 3443 3228 3514 Antipater
3259 3442 3500 3498 Herodis
3533 3447 3716 3513 pater,

2067 3527 2160 3595 qui
2194 3528 2331 3584 inde
2384 3530 2570 3600 magis
2620 3534 2919 3602 magisque
2950 3536 3224 3600 creverat,
3257 3530 3479 3586 Malichi
3512 3532 3716 3601 cujus-

2066 3617 2202 3673 dam
2234 3618 2365 3674 dolo
2400 3626 2639 3676 necatus
2667 3628 2820 3677 esset
2852 3638 2864 3676 :
2894 3622 2942 3677 is
2971 3621 3095 3691 ipse
3134 3621 3408 3685 Herodes,
3443 3636 3709 3692 magnam

2063 3708 2174 3763 vim
2206 3710 2463 3779 pecunia
2497 3710 2774 3766 Romanis
2804 3711 3049 3766 ducibus
3096 3710 3361 3782 largitus,
3394 3726 3712 3780 eorumque

2065 3813 2128 3852 se
2178 3798 2455 3869 imperata
2507 3800 2794 3855 facturum
2854 3801 3168 3871 pollicitus,
3212 3816 3454 3869 regnum
3504 3800 3577 3856 ab
3626 3800 3711 3855 eis

2064 3888 2344 3941 traditum
2378 3891 2620 3958 accepit.
2645 3889 2787 3944 Cum
2820 3890 2976 3943 enim
3009 3888 3203 3944 Caesar
3229 3891 3550 3957 Augustus,
3573 3904 3705 3943 cum

2064 3975 2279 4044 ingenti
2331 3977 2609 4041 exercitu,
2645 3976 2909 4048 procellae
2947 3982 3003 4032 et
3048 3977 3311 4032 fulminis
3361 3978 3562 4044 instar,
3598 3979 3706 4032 im-

2062 4068 2259 4135 petum
2309 4066 2367 4119 in
2416 4066 2721 4137 Egyptum
2775 4067 3006 4133 faceret,
3033 4082 3100 4122 eo
3145 4065 3407 4131 oonsilio,
3441 4070 3505 4121 ut
3540 4066 3710 4122 Cleo-

2060 4157 2310 4226 patram,
2359 4155 2429 4208 ad
2481 4173 2653 4223 quam
2717 4161 3071 4227 postremam
3130 4156 3462 4212 Macedonio
3524 4156 3711 4213 Ptole-

2060 4256 2333 4298 maeorum
2384 4245 2456 4300 ab
2504 4244 2823 4300 Alexandro
2873 4249 3129 4316 potestas
3172 4253 3226 4299 et
3273 4245 3415 4300 ditio
3455 4246 3709 4318 pertigit,

2057 4337 2114 4386 et
2159 4331 2352 4402 ipsum
2405 4334 2722 4390 Antonium
2759 4334 3050 4389 illecebris
3079 4334 3208 4405 ejus
3261 4335 3559 4391 detentum
3611 4342 3708 4391 de-

2058 4420 2298 4476 bellaret
2344 4426 2400 4476 et
2442 4429 2672 4494 capt-ret
2706 4441 2719 4479 :
2756 4424 3011 4479 Herodes
3041 4424 3150 4479 iste
3180 4440 3244 4478 se
3287 4424 3337 4479 ei
3388 4426 3707 4494 conjunxit,

2057 4515 2294 4580 paratus
2326 4527 2688 4586 quaecunque
2734 4512 2815 4568 illi
2866 4513 3177 4589 placerent,
3211 4513 3459 4584 praebere
3489 4520 3545 4569 et
3575 4529 3711 4583 sup-

301 4604 564 4683 Ἡρώδης
618 4606 797 4676 οὗτος,
858 4608 916 4662 ὃν
966 4607 1055 4660 καὶ
1103 4614 1204 4675 τῆς
1250 4606 1533 4682 θεραπείας
1583 4598 1947 4677 ἀμειϐόμενος

2067 4598 2352 4669 peditare:
2391 4601 2773 4671 frumentum,
2807 4618 2992 4664 arma,
3025 4606 3081 4657 et
3110 4601 3368 4673 pecunia!
3401 4616 3704 4656 numerum

302 4693 640 4772 Αὔγουστος,
677 4694 856 4771 βουλῇ
888 4702 985 4765 τῆς
1017 4695 1306 4769 Ῥωμαίων
1350 4692 1664 4769 συγκλήτου
1713 4690 1955 4766 διάδημα

301 4785 663 4861 περιθέμενος
708 4785 910 4857 τούτῳ,
955 4782 1183 4860 βασιλέα
1230 4790 1328 4853 τῆς
1369 4780 1634 4843 Ἰουδαίας
1694 4782 1901 4837 ἀνεῖπεν
1937 4801 1952 4815 ·

301 4876 361 4935 ὃς
392 4874 509 4930 ἐπεὶ
553 4878 660 4929 τῶν
710 4872 1109 4949 Ἱεροσολύμων
1156 4871 1439 4949 ἐκράτησε,
1487 4871 1614 4933 τοὺς
1660 4868 1953 4932 Ἰουδαίους

262 4950 265 4951 ν
302 4965 467 5041 γνοὺς
497 4964 559 5019 τὸ
590 4962 930 5042 ἀλλόφυλον,
962 4964 1051 5018 καὶ
1104 4960 1289 5024 ἄλλως
1328 4968 1428 5030 τῆς
1459 4961 1623 5017 αὐτοῦ
1654 4961 1862 5038 φύσεως
1888 4958 1951 5014 τὸ

300 5053 502 5124 ἀπηνὲς
559 5051 646 5107 καὶ
698 5049 962 5127 θηριῶδες
1038 5052 1466 5127 ἐκτρεπομένους
1540 5051 1616 5113 ὡς
1693 5046 1949 5123 μάλιστα,

296 5143 424 5204 τοὺς
463 5142 557 5213 μὶν
590 5140 870 5213 ἀπήλασεν
907 5159 919 5171 ·
958 5139 1164 5202 ἄλλους
1212 5138 1268 5194 δὶ
1325 5141 1414 5194 καὶ
1471 5144 1651 5199 κακῶς
1700 5136 1903 5193 διέθετο
1934 5154 1948 5169 ⁶

296 5229 424 5295 τοὺς
453 5228 511 5285 δὲ
564 5231 654 5285 καὶ
710 5231 847 5308 ξίφει
908 5228 1271 5306 διεχειρίσατο
1303 5246 1315 5258 ·
1381 5229 1628 5285 σκυλεύει
1675 5249 1732 5283 τε
1776 5229 1839 5283 τὸ
1870 5229 1948 5282 ἱε-

302 5322 413 5393 ρὸν,
443 5320 534 5375 καί
565 5322 664 5390 τήν
723 5319 886 5375 πόλιν
934 5322 1235 5389 ἀναστατεῖ,
1272 5320 1574 5395 μοχθηρῶς
1618 5323 1685 5393 τῇ
1734 5318 1950 5391 ἐξουσίᾳ

300 5411 618 5489 χρώμενος.
652 5411 796 5486 Πρὸς
826 5408 882 5465 δὲ
906 5407 972 5479 δὴ
999 5414 1115 5471 τοῖς
1164 5407 1359 5471 ἄλλοις
1406 5408 1497 5464 καὶ
1552 5412 1712 5462 τοῦτο
1769 5411 1948 5469 κακῶς

300 5495 710 5574 διαπράττεται.
762 5501 863 5561 Τὰς
908 5498 1009 5573 γὰρ
1069 5502 1176 5553 τῶν
1215 5496 1399 5574 φυλῶν
1429 5496 1636 5557 ἁπάσας
1676 5493 1945 5569 δημοσίας

298 5586 643 5663 ἀναγραφὰς,
685 5586 740 5642 αἵ
799 5589 906 5643 ἀπὸ
958 5591 1053 5641 τοῦ
1112 5583 1313 5661 Ἔσδρα
1351 5584 1673 5662 ἐτύγχανον,
1708 5589 1947 5659 μανικῶς

304 5673 672 5751 διακείμενος,
705 5674 858 5755 ἔργον
900 5682 1141 5752 ποιεῐγαι
1173 5673 1485 5752 φλογός.Τὸ
1536 5673 1593 5731 δὲ
1643 5674 1945 5752 βούλευμα,

2063 4686 2375 4758 ingentem,
2409 4694 2467 4745 et
2496 4706 2854 4762 quaecunque
2886 4695 3164 4763 praeterea
3197 4695 3387 4761 posset
3436 4695 3708 4760 praestare

2064 4776 2297 4832 auxilia.
2346 4778 2427 4833 lbi
2473 4779 2752 4851 [Egyptus
2802 4785 2859 4835 et
2905 4780 3207 4851 Cleopatra
3253 4780 3309 4833 in
3364 4782 3703 4849 potestatem

2062 4866 2303 4921 Caesaris
2359 4872 2415 4922 et
2474 4869 2867 4925 Romanorum
2928 4870 3102 4936 venit,
3154 4868 3496 4923 duodecimo
3554 4882 3705 4919 anno

2064 4959 2368 5026 postquam
2403 4959 2695 5030 Augustus
2726 4958 3040 5030 imperium
3086 4958 3357 5025 suscepit.
3394 4955 3532 5011 Huic
3565 4971 3703 5009 sane

2061 5044 2289 5113 Herodi,
2324 5063 2454 5102 cum
2505 5048 2745 5105 Romam
2780 5048 3051 5116 venisset,
3085 5053 3142 5100 et
3172 5048 3466 5116 Augustus
3495 5044 3704 5098 referre

2059 5134 2108 5187 ei
2143 5135 2395 5205 aliquam
2432 5153 2529 5207 pro
2564 5135 2835 5207 prestitis
2861 5136 2972 5192 sibi
3003 5135 3212 5191 officiis
3244 5134 3485 5207 gratiam
3510 5132 3699 5197 vellet.

2059 5223 2128 5276 dc
2159 5222 2403 5278 Romani
2460 5230 2697 5279 senatus
2740 5224 2976 5280 consilio
3007 5231 3060 5279 et
3090 5224 3404 5291 voluntate,
3436 5222 3699 5277 diadema

2058 5311 2356 5382 imposuit,
2388 5318 2444 5369 et
2492 5330 2680 5385 regem
2725 5314 2934 5368 Judaea:
2988 5314 3241 5368 creavit:
3285 5312 3379 5382 qui
3431 5312 3700 5366 Hieroso-

2059 5400 2230 5472 lymis
2261 5401 2498 5471 potitus,
2533 5402 2684 5472 quod
2719 5401 2895 5457 sciret
2930 5402 3157 5457 Iudaeos
3187 5400 3416 5473 generis
3444 5398 3702 5456 obscuri-

2056 5493 2258 5556 tatem,
2311 5492 2461 5562 quod
2525 5490 2744 5546 scilicet
2804 5491 3027 5547 advena
3084 5494 3258 5554 esset,
3317 5495 3375 5546 et
3423 5495 3700 5563 preterea

2055 5579 2461 5637 crudelitatem
2494 5585 2715 5637 natura
2746 5581 2873 5652 ejus
2894 5581 3316 5654 ingeniumque
3338 5581 3495 5638 ferox
3520 5596 3697 5653 quam

2055 5668 2304 5727 maxime
2354 5670 2605 5727 aversari
2655 5673 2713 5728 et
2759 5669 2952 5729 odisse
2986 5687 2999 5727 :
3033 5672 3317 5743 quosdam
3366 5685 3433 5726 ex
3478 5670 3701 5727 civibus
