3950 6214
331 395 448 458 659

1628 400 2048 464 NICEPHORI
2091 399 2444 464 CALLIS'I‘I

329 531 471 588 urbe
499 534 708 604 exegit,
739 532 1020 603 quosdam
1057 547 1156 603 per
1198 531 1474 604 injuriam
1506 531 1659 589 male
1687 535 1956 590 tractavit

2164 531 2402 606 λκομιδῇ
2453 535 2714 604 πονηρὸν,
2737 531 2811 594 ὡς
2860 529 2918 586 ἂν
2974 533 3208 608 ἀγνῶτες
3254 537 3352 589 τοῦ
3401 533 3605 591 λοιποῦ
3633 537 3740 590 εἶεν

329 620 660 677 monnullos
707 621 878 677 etiam
928 622 1075 678 ferro
1123 621 1395 678 necavit:
1429 622 1707 693 templum
1739 623 1988 695 denique

328 709 618 782 spoliavit,
650 713 708 768 et
737 711 940 767 urbem
971 710 1222 768 vastavit
1251 728 1317 767 ac
1345 711 1587 783 diripuit
1615 713 1716 783 (1).
1748 714 1830 768 Ad
1866 715 1987 769 [ιιεο

327 803 491 856 tanta
522 799 780 857 facinora
809 799 950 856 illud
984 817 1214 873 quoque
1243 800 1700 873 ﬂagitiosissima
1740 803 1984 857 addidit.

326 889 597 945 Publicas
628 889 783 945 enim
830 889 1092 946 tribuum
1147 889 1573 962 descriptiones
1601 905 1828 952 omnes.
1861 909 1990 963 qua:

325 977 396 1034 ab
441 976 568 1050 ipso
620 994 804 1050 usque
854 980 1032 1035 Esdra
1083 980 1458 1044 duraverant,
1491 979 1684 1034 furore
1737 981 1986 1052 percitus

326 1067 584 1124 ﬂammis
610 1067 995 1140 consumpsit,
1024 1067 1169 1123 illud
1203 1067 1524 1139 pessimum
1558 1071 1794 1126 omnino
1825 1087 1987 1127 secu-

327 1159 424 1210 tus
453 1153 786 1223 consilium,
820 1159 886 1211 ut
916 1154 1016 1228 qui
1047 1172 1114 1212 eo
1147 1155 1380 1211 nomine
1423 1161 1760 1228 arroganter
1787 1175 1984 1229 super-

326 1243 540 1311 birent,
573 1245 644 1300 de
693 1248 899 1301 caatero
952 1245 1308 1316 ignorarent,
1342 1247 1493 1302 unde
1523 1246 1772 1318 quisque
1803 1263 1984 1316 genus

328 1335 601 1403 traheret,
637 1335 734 1408 qui
783 1334 891 1392 88
945 1335 1250 1405 indigenae,
1285 1336 1458 1408 quive
1501 1337 1772 1408 inquilini
1815 1339 1987 1410 (quos

328 1420 585 1499 γειώρας,
619 1424 728 1480 hoc
775 1428 884 1492 est,
916 1425 1168 1482 advenas
1199 1425 1374 1482 etiam
1418 1429 1475 1482 et
1503 1425 1855 1497 alienigenas
1887 1445 1983 1482 νου

329 1513 487 1587 cant)
517 1519 734 1571 essent.
762 1515 868 1581 Qui
915 1531 1050 1570 cum
1093 1515 1268 1572 stulte
1316 1516 1628 1572 admodum
1662 1521 1714 1572 et
1757 1516 1988 1574 sordide

329 1604 400 1661 de
431 1604 604 1660 rebus
635 1605 976 1677 hujusmodi
1006 1607 1314 1676 judicavit,
1350 1613 1471 1663 tum
1525 1607 1818 1678 pontificis
1847 1624 1987 1678 quo-

329 1709 442 1766 que
498 1694 1050 1767 magniﬁcentiorem
1103 1699 1323 1751 vestem
1382 1694 1508 1767 ipse
1557 1695 1785 1768 primus
1839 1713 1986 1752 arce

328 1781 588 1852 inclusit,
630 1783 910 1856 signoque
959 1782 1161 1838 annuli
1212 1783 1505 1839 munivit:
1539 1783 1986 1856 quibuscunque

332 1871 505 1928 etiam
535 1871 841 1929 vilissimis
865 1873 1180 1929 nundinari
1208 1872 1563 1939 volentibus,
1589 1873 1696 1929 hoc
1718 1879 1882 1945 pacto
1904 1874 1986 1946 (2)

329 1961 736 2032 pontiﬁcatum
771 1961 1054 2028 venalem,
1086 1963 1300 2018 annuis
1347 1962 1633 2019 reditibus
1674 1968 1732 2019 et
1759 1964 1984 2035 pensio-

331 2048 526 2118 nibus,
558 2050 866 2123 prteteritis
917 2051 1245 2123 spretisque
1283 2051 1380 2122 qui
1431 2051 1660 2123 generis
1697 2056 1987 2108 vetustate

329 2137 582 2195 celebres
631 2147 846 2206 essent,
880 2156 1230 2211 proponens.
1259 2141 1538 2213 Idemque
1569 2145 1625 2196 et
1657 2141 1726 2196 de
1752 2141 1988 2213 pontifi-

329 2226 420 2282 cia
466 2231 644 2296 veste,
693 2231 752 2284 et
798 2229 870 2284 de
913 2229 1255 2285 sacerdotiis
1299 2228 1466 2300 ipsis,
1520 2228 1703 2285 [ilium
1752 2245 1987 2302 quoque

331 2319 458 2388 ejus
488 2319 858 2390 Archelaum,
890 2320 1106 2393 quique
1146 2325 1277 2393 post
1306 2320 1471 2376 illum
1506 2337 1539 2377 a
1570 2321 1848 2378 Romanis
1877 2321 1988 2377 Ju-

335 2407 591 2465 dteorum
641 2408 1018 2466 obtinuerunt
1063 2410 1396 2480 imperium,
1447 2410 1670 2477 fecisse,
1700 2409 1986 2482 Josephus

2090 623 2140 676 οἱ
2171 623 2294 696 περὶ
2324 627 2492 676 ταῦτα
2539 622 2876 698 φυσώμενοι,
2909 622 3027 677 ὃθεν
3078 619 3144 692 δὴ
3181 623 3244 678 τὸ
3281 622 3436 698 γένος
3462 621 3690 678 ἕλκουσι
3726 645 3741 657 ·

2088 712 2178 765 καὶ
2209 713 2346 774 τινὲς
2383 713 2477 784 μὲι
2512 713 2561 766 οἱ
2617 709 2905 786 ἐγχώριοι,
2936 712 3075 774 τινες
3109 709 3155 766 δ’
3203 711 3270 766 αὖ
3320 713 3372 767 οἱ
3421 711 3742 784 ἀλλότριοι,

2090 799 2185 863 οὓς
2239 801 2329 854 καὶ
2385 800 2616 874 γειώρας
2673 798 2921 857 καλοῦσι.
2975 800 3250 871 Ἀνοήτως
3303 799 3350 856 δ’
3403 800 3554 876 ἔχων
3614 802 3752 870 περῖ

2089 893 2257 942 ταῦτα
2286 888 2374 942 καὶ
2417 887 2672 962 ἀγεννῶς,
2729 887 2817 942 καὶ
2868 889 2966 956 τήν
3019 892 3118 942 τοῦ
3173 888 3472 962 ἀρχιερέως
3533 889 3751 957 στολὴν

2091 981 2308 1044 πρῶτος
2361 977 2518 1038 οὗτος
2566 971 2811 1049 κιϐωτίῳ
2859 976 3194 1052 περιορίσας,
3242 977 3333 1033 καὶ
3377 983 3460 1051 τῷ
3511 1001 3750 1058 σφραγι-

2091 1072 2251 1139 στῆρι
2309 1063 2584 1138 δακτυλίῳ
2658 1063 3110 1142 ἀσφαλιζόμενος,
3169 1071 3286 1128 τοῖς
3353 1073 3589 1142 τυχοῦσι
3651 1067 3750 1122 καὶ

2096 1153 2451 1228 βουλομένοις
2482 1151 2642 1210 ὤνιον
2684 1158 2784 1224 τήν
2833 1153 3249 1230 ἀρχιερωσύνην
3299 1157 3578 1230 προύτίθει
3612 1156 3754 1212 ἒπε-

2089 1244 2257 1306 τείοις
2288 1249 2404 1304 ταῖς
2437 1243 2741 1319 εἰσφοραῖς,
2771 1245 2898 1305 τοὺς
2929 1243 2978 1313 ἐξ
3015 1244 3248 1319 ἀρχαίου
3293 1246 3480 1318 γένους
3533 1247 3753 1318 ὑπερο-

2095 1338 2221 1406 ρῶν.
2273 1338 2448 1388 Ταῦτα
2493 1332 2549 1388 δὲ
2601 1335 2796 1407 πρᾶξαι
2836 1334 2960 1406 περί
3007 1354 3064 1388 τε
3115 1335 3213 1403 τήν
3247 1333 3456 1404 στολήν
3487 1335 3579 1390 καὶ
3613 1337 3752 1397 τοὺς

2093 1421 2277 1495 ἱερεῖς,
2307 1423 2399 1476 τόν
2429 1442 2488 1476 τε
2519 1423 2634 1476 υἱὸν
2677 1421 2872 1477 τούτου
2922 1419 3246 1496 Ἀρχέλαον,
3279 1423 3552 1493 Ἰώσηπος
3590 1425 3754 1478 ἱστο-

2094 1517 2194 1586 ρεῖ,
2228 1511 2314 1564 καὶ
2347 1512 2470 1572 τοὺς
2498 1511 2612 1582 μετ’
2644 1510 2842 1566 ἐκεῖνον
2877 1509 2935 1566 ἐκ
2983 1511 3270 1582 Ῥωμαίων
3314 1513 3414 1580 τήν
3454 1517 3566 1568 τῶν
3597 1515 3749 1570 Ἰου-

2094 1599 2258 1655 δαίων
2285 1599 2670 1674 ἐπιτραπέντας
2717 1599 2918 1678 ἀρχήν.
2965 1604 3138 1655 Ταῦτα
3188 1597 3234 1654 δ’
3284 1603 3422 1672 ἡμῖν
3472 1603 3550 1674 μὴ
3599 1623 3755 1677 παρ-

2093 1691 2267 1765 έργως
2301 1690 2544 1764 εἰρῆσθαι
2596 1687 2827 1745 δοκείτω
2873 1688 3031 1758 τισὶν,
3063 1687 3211 1744 ἀλλὰ
3247 1691 3340 1744 καὶ
3387 1692 3504 1745 κατ’
3553 1690 3750 1763 ἄλλης

2093 1779 2426 1858 προφητείας
2467 1776 2746 1852 ἐπίδειξιν,
2777 1779 2943 1851 πὲρας
2993 1774 3271 1849 λαϐούσης
3298 1784 3368 1853 τῇ
3401 1784 3496 1835 τοῦ
3522 1787 3692 1852 Σωτῆ
3733 1801 3746 1814 ·

2094 1890 2184 1942 ρος
2220 1869 2518 1945 ἐπιᾳανείᾳ,
2550 1867 2638 1923 καὶ
2689 1867 2824 1924 κατά
2869 1869 2966 1936 τήν
3015 1868 3195 1938 ἀληοἤ
3246 1873 3354 1923 τῶν
3397 1871 3620 1945 χρόνων
3674 1869 3746 1942 δὴ

2095 1961 2491 2032 παρατήρησιν.
2541 1960 2612 2014 Αἱ
2659 1959 2764 2033 γὰρ
2807 1958 2953 2031 παρὰ
3021 1963 3100 2030 τῷ
3168 1956 3368 2028 Δανιήλ
3436 1953 3753 2034 ἔδδομάδες

2094 2048 2321 2104 ἐνταῦθα
2363 2051 2595 2122 Χριστοῦ
2660 2045 2968 2122 ἡγουμένου
3015 2046 3106 2101 τὸν
3157 2045 3386 2118 ἀριθμὸν
3435 2055 3754 2124 συμπεραί-

2091 2159 2272 2192 νουσιν
2309 2157 2322 2170 ·
2373 2135 2426 2192 ἐν
2478 2139 2562 2199 αἷς
2607 2136 2741 2211 μετά
2788 2137 2849 2192 τὸ
2896 2135 3104 2192 τούτων
3143 2134 3528 2210 συμπέρασμα,
3575 2139 3750 2216 σαφὲ-

2095 2248 2256 2283 στατα
2283 2227 2344 2283 τὸ
2377 2228 2520 2300 παρὰ
2565 2224 2852 2288 Ἰουδαίοις
2887 2225 3096 2300 χρίσμα
3138 2223 3363 2297 πάμπαν
3414 2224 3749 2303 ἐξολοθρευσ

2093 2317 2346 2388 ϐοήσεσθαι
2406 2317 2433 2368 ὁ
2493 2315 2726 2386 θεὸπτης
2779 2311 3151 2390 προαγγέλλει
3207 2316 3500 2390 προφήτης
3535 2335 3548 2349 ·
3595 2317 3628 2371 ὂ
3677 2315 3748 2386 δὴ

2094 2406 2184 2461 καὶ
2215 2402 2578 2478 πεπλήρωται
2606 2407 2675 2477 τῇ
2707 2402 2795 2458 ἐπὶ
2824 2409 2924 2479 γῆς
2953 2403 3220 2474 παρουσίᾳ
3250 2403 3501 2478 Χριστοῦ,

327 2499 522 2556 tradit.
556 2499 685 2555 Htec
735 2516 925 2572 porro,
977 2515 1047 2556 ne
1097 2499 1410 2573 quisquam
1462 2505 1625 2572 putet
1669 2505 1941 2574 tanquam
1989 2517 2090 2573 per
2137 2497 2576 2570 digressionem,
2609 2495 2792 2552 obiter
2833 2501 2890 2552 et
2936 2501 3100 2551 extra
3147 2495 3510 2566 propositum
3563 2513 3597 2552 ιι
3645 2513 3745 2554 me

329 2589 486 2646 dicta
530 2603 674 2644 esse.
709 2589 860 2644 Sunt
909 2589 1067 2644 enim
1114 2587 1286 2644 etiam
1338 2594 1570 2660 propter
1615 2589 1854 2646 alterius
1898 2587 2236 2662 prophetiae,
2268 2602 2396 2658 quis
2446 2585 2808 2657 apparitione
2857 2589 2914 2639 et
2955 2583 3206 2639 adventu
3257 2581 3572 2640 Salvatoris
3628 2586 3745 2640 im-

330 2677 489 2750 pleta
535 2685 638 2745 est,
677 2676 1152 2745 declarationem,
1185 2682 1243 2732 et
1290 2683 1525 2750 propter
1571 2695 1764 2734 veram
1811 2683 2144 2750 temporum
2195 2675 2658 2732 observationem
2706 2675 2954 2730 adducta
2983 2672 3083 2744 (3).
3117 2671 3523 2728 Hebdomales
3552 2676 3744 2738 enim,

333 2784 462 2840 qua
507 2769 658 2838 apud
713 2768 1013 2824 Danielem
1063 2773 1219 2838 sunt,
1251 2784 1317 2824 eo
1366 2772 1624 2841 tempore
1669 2769 1896 2824 Christo
1945 2766 2252 2838 imperium
2305 2764 2624 2834 obtinente,
2669 2780 2976 2820 numerum
3029 2778 3199 2819 uum
3247 2762 3746 2835 compleverunt:

331 2856 392 2914 in
439 2856 671 2930 quibus,
704 2855 876 2914 simul
922 2862 1099 2929 atque
1151 2857 1332 2914 finita:
1380 2863 1598 2925 essent,
1641 2857 1970 2915 clarissime
2018 2856 2350 2912 Judaeorum
2411 2853 2746 2911 unctionem
2807 2853 3106 2911 sublatum
3165 2851 3256 2919 iri,
3306 2858 3596 2924 spectator
3652 2855 3757 2911 Dei

333 2946 595 3019 praedicit
627 2947 909 3020 propheta
942 2963 956 3003 :
988 2947 1048 3003 id
1081 2949 1236 3020 quod
1270 2949 1520 3004 adventu
1555 2947 1766 3004 Christi
1797 2947 1857 3002 in
1888 2951 2097 3003 terram
2129 2946 2462 3018 estzt‘actum
2494 2949 2668 3018 atque
2694 2945 3076 3016 completum.

1005 3053 1230 3110 CAPUT
1259 3054 1326 3111 X.

340 3146 421 3199 De
465 3158 526 3199 ea
577 3159 696 3216 quae
724 3143 822 3216 Aab
869 3144 1102 3214 Augusto
1159 3143 1413 3216 Caesare,
1441 3142 1674 3212 Cyrenio
1727 3141 1984 3216 praeside,

405 3217 559 3284 facta
584 3214 1066 3288 estdescrt'ptt’orze
1094 3224 1194 3288 {et
1221 3229 1346 3288 qum
1375 3215 1446 3270 de
1477 3217 1709 3286 Cyrenio
1730 3214 1988 3288 Iosephus

406 3287 628 3358 scribat,
660 3287 794 3343 item
820 3285 888 3343 de
913 3285 1056 3345 Iuda
1083 3285 1345 3342 Galilao.

407 3475 697 3548 Agebatur
721 3473 800 3546 (4)
833 3476 955 3529 tum
989 3488 1179 3529 annus
1210 3490 1243 3528 a
1274 3473 1494 3529 mundo
1543 3473 1774 3530 condito
1823 3473 1986 3546 quin.

335 3565 502 3638 quies
577 3563 927 3620 millesimus
1001 3561 1512 3635 quingentesimus
1591 3563 1858 3636 quintus,
1915 3564 1988 3621 ab

335 3653 574 3728 Augusti
631 3653 874 3723 imperio
932 3653 1420 3724 quadragesimus
1477 3653 1794 3721 secundus,
1841 3658 1902 3710 et
1957 3672 1990 3710 a

331 3742 710 3800 Macedonicae
748 3742 986 3798 ditionis
1017 3741 1307 3798 solutione
1347 3741 1668 3799 vicesimus
1699 3747 1936 3798 octavus
1974 3753 1990 3793 :

333 3849 465 3890 cum
516 3832 776 3889 Salvator
820 3836 1038 3899 noster,
1089 3832 1196 3887 sub
1244 3847 1310 3887 eo
1359 3830 1461 3903 qui
1520 3836 1646 3887 tum
1711 3832 1992 3904 agebatur

333 3938 533 3990 censu,
563 3922 803 3996 Cyrenio
852 3921 929 3994 (5)
979 3921 1158 3994 Syriae
1198 3921 1567 3992 praasidente,
1601 3921 1660 3976 in
1695 3921 1986 3979 Bethleem

333 4016 504 4069 natus
535 4016 627 4068 est
657 4027 671 4066 :
707 4011 788 4066 ita
829 4016 893 4066 ut
922 4010 1097 4066 etiam
1131 4025 1232 4082 per
1281 4009 1643 4081 prophetiam
1673 4015 1757 4067 est
1789 4011 1992 4083 pradi-

324 4103 504 4156 ctum.
532 4099 684 4154 Exiit
705 4100 900 4172 itaque
921 4099 1174 4156 edictum
1209 4115 1420 4155 census
1449 4109 1500 4155 et
1532 4099 1945 4172 descriptionis
1970 4117 1984 4168 ;

327 4189 655 4260 invitosque
680 4189 877 4257 etiam,
899 4189 958 4242 in
992 4205 1198 4244 serena
1228 4187 1326 4244 illa
1353 4187 1778 4259 tranquillitate
1802 4191 1988 4262 pacis,

327 4292 452 4348 quae
483 4291 550 4332 ex
582 4275 761 4332 unius
790 4275 1032 4347 imperio
1063 4276 1394 4339 obvenerat,
1421 4275 1668 4347 patriam
1696 4293 1987 4350 quemque

325 4381 494 4422 suam
525 4372 737 4438 petere,
768 4363 968 4436 ibique
1021 4364 1244 4420 censeri
1287 4369 1463 4436 atque
1493 4364 1742 4420 describi
1775 4367 1982 4438 coegit.

2745 3053 3001 3109 ΚΕΦΑΛ.
3035 3055 3098 3109 1⁸.

2097 3139 2256 3214 Περὶ
2285 3139 2560 3220 τῆς-ὑπὸ.
2585 3138 2966 3220 Αὔγουστον
3001 3142 3333 3220 Καίσαρος
3363 3163 3518 3220 γεμνο
3540 3163 3753 3220 μενης

2165 3211 2358 3298 κατὰ-
2383 3211 2718 3303 Ιξυρήνιον
2776 3211 3388 3303 ἀπυγραφῆςδὶκαῖ
3425 3211 3550 3303 «ἔσῃ’
3591 3211 3752 3303 πἐρί

2167 3284 2366 3338 αὐτοῦ
2405 3283 2749 3362 "liberine:
2797 3283 3084 3356 irrepsi"
3135 3285 3248 3342 καὶ
3297 3286 3450 3362 περὶ
3517 3283 3751 3344 Ἰούδα

2166 3359 2280 3411 τοῦ
2310 3353 2702 3413 Γαλιλαίου.

2167 3461 2388 3534 Κόσμου
2421 3461 2518 3534 μὲν
2549 3459 2642 3516 οὖν
2692 3456 2811 3524 ἔτος
2856 3465 3152 3532 τηνικαῦτα
3205 3462 3452 3521 ἐνίστατο
3490 3464 3750 3537 πέμπτον

2096 3552 2186 3605 κάἰ
2216 3549 2666 3606 πεντακοσιοστὸν
2689 3551 2826 3625 πρὸς
2855 3555 2932 3623 τῷ
2987 3552 3234 3616 πεντάκις
3281 3553 3562 3630 χιλιοστῷ
3595 3577 3611 3590 ·
3647 3555 3752 3612 A5-

2095 3660 2329 3716 γουστου
2405 3636 2462 3694 δὲ
2527 3638 2789 3712 Καίσαρος
2851 3637 3098 3717 δεύτερον
3161 3641 3250 3697 καὶ
3315 3647 3749 3717 τεσσαρακοστὸν

2098 3729 2165 3797 ἢν
2200 3749 2213 3762 ο
2247 3728 2382 3800 μετά
2413 3726 2468 3783 δὲ
2496 3729 2596 3796 τήν
2623 3735 2722 3797 τῆς
2773 3726 3152 3799 Μακεδονικῆς
3205 3728 3520 3794 δυναστείας
3579 3734 3752 3789 κατα-

2100 3817 2253 3873 λυσιν
2287 3814 2478 3891 ὄγδοον
2500 3817 2635 3891 πρὸς
2663 3821 2743 3889 τῷ
2795 3817 3024 3892 εἰκοστῷ
3057 3837 3070 3850 ⁸
3123 3819 3285 3890 ἡνίκα
3331 3821 3423 3876 καὶ
3473 3823 3504 3876 ὁ
3555 3825 3752 3898 Σωτήρ

2098 3909 2258 3979 ἡμῶν
2288 3907 2374 3962 ἐπὶ
2403 3912 2505 3976 τῆς
2535 3907 2659 3960 τότε
2707 3907 3048 3985 ἀπογραφῆς,
3083 3915 3346 3982 Κυρηνέου
3395 3917 3500 3980 τῆς
3551 3915 3752 3987 Συρίας

2097 3997 2555 4074 ἡγεμονεύοντος,
2607 3995 2658 4050 ἐν
2714 3995 2963 4070 Βηθλεὲμ
3011 4003 3262 4072 γεννᾶται
3296 4017 3311 4034 ⁸
3353 3999 3428 4063 ὼς
3462 3997 3532 4070 δὴ
3561 4003 3656 4058 καὶ

2096 4108 2402 4165 προφητειᾳ
2433 4085 2600 4146 δοκεῖ.
2633 4085 2860 4162 Ἐξῆλθε
2896 4087 3078 4144 τοίνυν
3125 4091 3187 4146 τὸ
3236 4087 3420 4166 δόγμα
3455 4099 3563 4162 τῆς
3613 4093 3752 4150 ἀπο·-

2095 4181 2306 4256 γραφῆς
2339 4195 2352 4210 ·
2399 4176 2628 4232 συνώθει
2674 4173 2732 4232 δὲ
2778 4177 2866 4232 καὶ
2929 4176 3154 4241 ἄκοντας
3202 4181 3406 4234 πάντας
3439 4177 3492 4236 ἔν
3525 4181 3747 4258 γαλήνῃ

2097 4271 2170 4340 ἧῇ
2222 4265 2280 4322 ἐκ
2319 4269 2418 4330 τῆς
2457 4265 2756 4342 μοναρχίας
2805 4263 2964 4336 δῆθεν
3014 4267 3151 4342 πρὸς
3189 4269 3288 4339 τήν
3332 4270 3598 4348 σφετέραν
3640 4294 3750 4327 πα-

2095 4354 2271 4430 τρίδα,
2305 4355 2458 4410 κάκεῖ
2485 4354 2888 4432 ἀπογράφεσθαι
2922 4375 2936 4389 '
2989 4357 3081 4412 σὺν
3132 4355 3328 4420 ἄλλοις
3375 4357 3434 4414 δὲ
3479 4363 3576 4416 καὶ
3627 4363 3746 4419 ἰω-

323 4453 466 4510 Cum
497 4431 626 4510 aliis
658 4431 826 4525 porro
854 4431 912 4508 et
938 4450 1050 4509 69
1083 4451 1327 4525 Josepb,
1354 4431 1472 4507 una
1502 4468 1636 4508 cum
1667 4431 1960 4522 Mariaﬂrd

2169 4467 2204 4524 φ
2254 4445 2462 4518 σύναιμα
2514 4450 2580 4514 τῆ
2645 4431 2928 4520 θαυμαστῇ
2979 4450 3245 4521 γυναικῶν
3311 4449 3550 4524 Μαριὰμ
3610 4452 3749 4526 πρὸς

397 4577 474 4650 (1)
508 4575 762 4650 Herodes
796 4575 1282 4650 templumtpost
1312 4575 1702 4650 captivitatem
1736 4575 1978 4650 Babylo-

331 4647 518 4707 nica'm
563 4667 596 4704 ιι
643 4647 958 4704 Zorobabel
1005 4653 1062 4704 et
1111 4647 1254 4704 Esra
1301 4647 1673 4718 aediﬁcatum,
1723 4647 1981 4706 funditus

329 4723 526 4790 diruit,
559 4725 616 4778 et
647 4719 920 4776 maximis
950 4719 1307 4792 sumptibus,
1339 4735 1687 4792 summaque
1721 4721 1982 4792 magniﬁ-

328 4794 540 4860 centia,
572 4791 729 4850 aliud
759 4791 1080 4848 secundum
1133 4791 1379 4846 formam
1411 4791 1792 4864 primi’illius,
1823 4791 1977 4864 quod

325 4866 603 4922 Solomon
671 4867 1055 4930 exstruxerat,
1123 4863 1314 4934 denuo
1372 4863 1654 4934 condidit.
1715 4863 1976 4934 (Joseph.

327 4937 429 4994 lib.
459 4952 552 5002 xv,
581 4951 708 5008 cap.
743 4936 831 5008 11,
863 4936 935 4990 De
967 4935 1090 4990 bell.
1121 4933 1333 4990 Judaic.
1370 4933 1468 4989 lib.
1504 4951 1542 4994 ι.
1575 4951 1699 5007 cap.
1726 4933 1848 5008 ⁷27.)

399 5009 479 5080 (2)
540 5008 696 5080 [dem
735 5007 1048 5080 Simonem
1088 5022 1384 5080 socerum
1427 5023 1600 5080 suum
1657 5007 1979 5080 sacerdotio

331 5077 602 5152 privavit,
634 5085 694 5135 et
733 5079 1037 5152 Matthiam
1084 5077 1609 5152 TheOphiliﬁlium
1645 5079 1975 5150 pontificem

333 5149 672 5220 designant.
706 5152 912 5222 (Idem,
942 5149 1043 5206 lib.
1077 5166 1214 5217 xm,
1244 5149 1370 5222 sap.
1401 5149 1479 5217 5.)

404 5225 478 5294 (3)
507 5223 566 5280 Si
615 5222 1010 5279 hebdomadas
1061 5221 1768 5294 Danielisgcomputeotur
1816 5238 1850 5277 a
1880 5236 1981 5278 se-

336 5292 528 5351 cundo
579 5311 732 5350 anno
780 5295 1111 5350 Artaxerxis
1163 5292 1523 5362 Longimani’,
1577 5298 1679 5349 aut
1726 5294 1979 5357 circiter,

334 5381 520 5438 usque
550 5369 618 5421 ad
663 5373 905 5421 mortem
940 5371 998 5420 et
1045 5365 1546 5438 resurrectionem,
1580 5366 1817 5438 etquod
1858 5380 1980 5438 eam

339 5436 718 5493 consecutum
749 5443 836 5492 est
870 5453 1110 5509 regnum
1144 5436 1354 5492 Christi
1387 5436 1748 5509 etjustitiam
1773 5436 1986 5509 sempi-

337 5513 585 5575 ternam,
609 5523 661 5563 et
693 5506 1008 5579 perpaucbs
1039 5509 1279 5580 insuper
1307 5523 1507 5574 annos,
1541 5507 1839 5577 completas
1872 5506 1986 5580 illae

340 5585 499 5634 certa
543 5577 761 5636 ratione
817 5577 1206 5637 inveniantur.
1253 5581 1557 5635 Resultant
1598 5579 1754 5634 enim
1804 5594 1873 5632 ex
1915 5577 1988 5632 70

338 5650 808 5711 hebdomadibus
854 5653 991 5708 anni
1021 5652 1125 5707 490
1153 5673 1168 5720 ;
1199 5656 1300 5707 aut
1334 5656 1486 5706 certe
1512 5651 1584 5706 de
1615 5650 1841 5705 duobus
1871 5647 1989 5704 sal-

339 5727 456 5781 tem
489 5727 591 5778 aut
621 5723 809 5780 tribus
839 5724 1007 5780 annis
1037 5722 1391 5794 ambiguitas
1424 5721 1644 5793 reliqua
1669 5725 1780 5779 est.
1812 5720 1990 5779 Cate-

2090 4586 2220 4626 rum
2266 4569 2478 4626 certior
2524 4569 2718 4642 adhuc
2765 4573 3122 4642 computatio
3171 4571 3363 4642 fuerit,
3403 4573 3454 4628 si
3505 4575 3584 4630 70
3631 4576 3750 4632 ista:

2089 4642 2435 4720 septimanae
2477 4641 2778 4696 exordium
2831 4650 3062 4720 sontant
3094 4661 3125 4698 ιι
3151 4643 3221 4720 32
3251 4660 3405 4700 anno
3440 4646 3605 4720 Darii
3641 4647 3751 4720 Hy.

2089 4715 2308 4783 staspis
2331 4713 2454 4779 lilii,
2481 4730 2592 4784 quo
2611 4721 2762 4767 anno
2783 4713 2932 4768 muri
2951 4713 3274 4772 Jerusalem
3302 4724 3444 4772 sunt
3467 4713 3749 4775 absoluti.

2087 4785 2364 4862 (lilisrlr.
2393 4801 2422 4838 v
2475 4790 2531 4839 ct
2575 4785 2676 4855 vi.)
2709 4785 3094 4862 Reperiuntur
3145 4803 3402 4858 namque
3457 4805 3652 4862 usque
3683 4794 3748 4845 ad

2089 4855 2354 4914 Chistum
2391 4862 2593 4910 natum
2627 4857 2765 4911 anni
2795 4855 2918 4910 490.

2161 4929 2237 5000 (4)
2275 4927 2512 4982 Variant
2539 4933 2594 4981 in
2628 4927 3002 5000 annotatione
3034 4927 3172 4984 anni
3205 4927 3387 5000 huius
3423 4931 3750 4989 nativitatis

2089 4999 2298 5056 Christi
2355 4999 2796 5072 chronographi
2832 5008 2895 5072 et
2939 5007 3266 5072 temporum
3293 4999 3746 5060 ’observatores.

2087 5072 2229 5128 Nam
2259 5071 2528 5142 aquidam
2560 5069 2734 5126 etiam
2767 5069 3290 5128 Christum'uatum
3323 5088 3453 5127 esse
3481 5080 3753 5131 asserunt

2089 5160 2240 5199 anno
2273 5143 2490 5198 mundo
2529 5143 2766 5198 condito
2806 5142 2966 5210 3944,
3003 5143 3272 5200 nonnulli
3310 5145 3476 5212 3962,
3511 5148 3746 5218 quidam

2091 5217 2264 5268 etiam
2296 5215 2457 5268 3979.

2091 5217 2264 5274 etiam
2296 5217 2457 5271 3979.

2160 5289 2237 5358 (5)
2287 5287 2589 5358 Cyrenium
2643 5283 3058 5358 alii_Cyfinum
3111 5285 3436 5358 nominant.
3479 5287 3754 5345 Fortasse

2091 5355 2280 5414 autem
2308 5355 2656 5413 Censorinus
2689 5355 2815 5410 fuit.
2838 5355 2908 5413 'C.
2937 5358 3092 5412 enim
3127 5357 3365 5414 Martius
3395 5362 3750 5416 Censorinus

2093 5447 2226 5488 cum
2259 5431 2322 5485 C.
2357 5428 2554 5484 Asinio
2585 5427 2745 5482 Gallo
2767 5427 3134 5484 consulatum
3157 5431 3358 5497 gessit,
3379 5447 3479 5486 an.
3507 5433 3582 5487 ab
3617 5431 3747 5489 Urb.

2094 5502 2310 5558 condit.
2342 5501 2466 5556 746.
2504 5499 2680 5555 Paulo
2719 5505 2853 5554 ante
2885 5516 3036 5569 vero,
3070 5517 3222 5556 anno
3251 5501 3372 5558 ⁸742.
3409 5519 3562 5558 coss.
3600 5507 3750 5559 tuere

2096 5575 2171 5631 M.
2208 5575 2394 5646 Valer.
2431 5570 2668 5646 Messala
2715 5579 2768 5625 et
2810 5571 3194 5646 E.‘Sulpitius
3239 5573 3542 5640 Quirinus,
3579 5591 3749 5646 quem

2097 5646 2268 5703 multi
2300 5642 2607 5718 Cyrenium
2638 5641 2792 5698 hunc
2823 5641 3256 5716 fuisse'putant.
