4100 6218
283 308 437 373 661
1351 321 1880 385 ECCLESIASTIC

2017 327 2403 390 HlSTOlll/E
2453 330 2592 390 LIB.
2643 333 2690 390 Ι.
3608 331 3725 391 662

275 449 407 517 τήν
448 449 585 506 ἰδίαν
638 453 943 528 μετεχώρει
992 453 1158 510 πόλιν
1204 456 1303 523 τὴν
1360 454 1628 530 Βηθλεὲμ,
1677 460 1755 529 τῶ
1802 478 1880 532 πεί

1995 461 2377 528 Α’ωἱτειίοηο
2427 463 2578 519 inter
2642 463 2916 520 mulieres
2967 479 3169 521 omnes
3231 463 3592 538 dignissima,
3644 463 3717 519 ad

277 542 485 616 χώρῳ
532 550 634 611 τῆς
685 541 948 607 Ἰουδαίας
998 544 1411 618 ἠριθμημένην,
1452 546 1526 607 ὡς
1567 545 1627 600 ἐκ
1677 545 1880 602 Δαυίδὲ

2062 549 2354 608 civitatem
2386 568 2558 608 suam
2595 551 3073 622 Bethleem,intra
3100 553 3319 610 Judtem
3349 554 3494 610 flues
3518 553 3715 621 sitam,

278 648 420 682 κων
452 631 514 685 τὸ
544 632 723 706 γένος,
754 632 931 689 λιπὼν
967 633 1036 703 ἢν
1077 635 1319 709 παρῴκει
1359 632 1521 689 πόλιν
1568 636 1666 703 τὴν
1715 642 1880 711 Ναζαις

2061 640 2295 713 (quippe
2339 642 2437 713 qui
2485 658 2555 697 ex
2600 641 2816 699 Davide
2863 659 3046 713 genus
3071 643 3344 715 traheret)
3384 647 3471 698 est
3522 642 3711 713 profe-

278 716 609 794 ἀλλοτρίαν
669 722 866 777 οὖσαν·
927 722 994 792 ἥν
1048 723 1216 778 οἰκεῖν
1281 721 1536 793 τηνικάδε
1592 723 1795 795 ε’ίλετο,
1852 747 1880 779 τ

2060 732 2219 798 ctus;
2252 746 2381 786 eam
2414 746 2590 802 quam
2630 735 2753 787 tum
2787 729 3100 797 incolebat,
3132 731 3414 788 Nazaretb
3447 730 3709 800 sciliciet,

282 811 502 887 χώρας
533 819 651 876 τοῖς
683 814 946 889 πρότερον
987 816 1239 893 συνεχέσι
1289 814 1557 889 πολέμοις
1596 811 1735 871 ἔνθεν
1775 816 1880 873 κάκ

2060 818 2420 890 relinquens.
2462 821 2595 875 Erat
2624 836 2693 875 ea
2740 820 2825 876 illi
2856 819 3063 887 aliena,
3110 821 3210 876 sed
3253 821 3329 876 ibi
3361 825 3486 877 tum
3519 820 3712 878 domi-
3746 854 3747 857 η

281 899 389 954 θεν
435 902 893 977 μεταχωρούσης.
946 903 1262 974 Συνήλαυνέ
1302 926 1362 980 γε
1403 905 1498 977 μὲν
1536 905 1597 959 τὸ
1635 902 1815 982 δόγμα
1853 928 1880 962 τ

2058 908 2258 963 cilium
2294 909 2579 965 habebat:
2613 908 2769 980 quod
2806 908 3019 964 Judzete
3051 910 3229 979 regio,
3264 910 3544 981 proximis
3574 925 3710 966 con-

288 989 583 1065 Καίσαρος
616 994 752 1067 πρὸς
794 995 895 1062 τήν
949 990 1087 1048 ἰδίαν
1123 991 1287 1048 πόλιν
1328 995 1420 1048 τὸν
1462 996 1687 1067 Ἰωσὴφ,
1721 993 1810 1049 ’ίνα
1860 1018 1880 1050 α

2057 996 2241 1052 tinnis
2281 997 2466 1064 bellis,
2501 997 2674 1069 nunc;
2702 999 2759 1052 in
2794 998 2994 1069 hujus,
3031 1014 3185 1053 nunc
3243 998 3303 1054 in
3336 998 3494 1055 illius
3547 1006 3710 1070 pote—

280 1080 323 1147 ἡ
363 1082 683 1159 προφητεία
714 1084 788 1155 μὴ
839 1080 1104 1156 διαπέσῃ⁸
1165 1083 1284 1137 Καὶ
1331 1084 1434 1155 σὺ,
1484 1083 1818 1157 Βηθλεὲμ,
1865 1108 1880 1160 π

2056 1089 2267 1142 etatem
2303 1086 2631 1142 transisset.
2664 1087 2931 1143 Edictum
2956 1091 3149 1143 autem
3183 1087 3425 1143 Caesaris
3455 1087 3514 1145 in
3538 1104 3704 1145 suam

279 1167 560 1239 Ἰούδα,
601 1169 910 1244 οὐδαμῶς
957 1170 1285 1247 ἐλαχίστη
1334 1173 1393 1226 εἴ
1422 1172 1487 1227 ἐν
1522 1178 1662 1235 τοῖς
1702 1175 1872 1248 ἠγεμ

2054 1177 2347 1234 civitatem
2406 1178 2600 1250 ipsum
2657 1178 2975 1248 Josephum
3009 1186 3297 1249 coegerat,
3336 1195 3409 1234 ne
3438 1179 3576 1251 quid
3628 1181 3701 1236 de

279 1279 405 1312 σιν
448 1257 707 1329 Ἰούδα,
752 1260 1097 1330 θεσπίζουσα.
1129 1268 1236 1330 Τῆς
1287 1258 1333 1315 δ’
1381 1261 1701 1339 ἀπογραφῆς
1741 1263 1880 1318 ταύτλ

2049 1268 2405 1324 vaticinante
2436 1268 2742 1340 prophetia
2771 1268 2872 1324 illa
2905 1268 3270 1324 intercideret
3299 1284 3313 1323 :
3349 1270 3409 1323 Et
3428 1275 3512 1337 tu,
3537 1269 3699 1325 Beth-

277 1349 529 1420 βαρείας
558 1353 639 1421 τῷ
678 1347 953 1405 Ἰουδαίων
998 1346 1133 1405 ἔθνει
1180 1351 1558 1426 γεγενημένης,
1600 1350 1689 1405 καὶ
1721 1352 1749 1405 ὁ
1779 1349 1876 1430 φιλ

2052 1355 2209 1425 (cem,
2242 1361 2396 1412 terra
2427 1357 2596 1422 Juda,
2629 1373 2977 1430 nequaquam
3001 1356 3240 1413 minima
3280 1372 3335 1412 es
3356 1360 3414 1412 in
3434 1358 3703 1430 principi-

273 1437 479 1509 λήθης
512 1438 781 1509 Ἰώσηπος
827 1439 880 1495 ἐν
931 1445 1000 1515 τῇ
1053 1437 1491 1514 ὀκτωκαιδεκάτῃ
1528 1444 1635 1495 τῶν
1683 1441 1880 1516 ἱστοριί

2051 1445 2152 1502 bus
2179 1446 2320 1503 Iuda
2379 1448 2443 1504 ‘7.
2492 1449 2714 1504 Census
2756 1451 2815 1503 et
2864 1445 3273 1517 descriptionis
3322 1446 3523 1516 hujus,
3576 1463 3702 1518 quas

274 1526 723 1601 ἐμνημόνευσεν,
778 1530 924 1585 οὕτω
972 1527 1216 1602 διεξιών·
1272 1550 1297 1583 α
1335 1531 1599 1604 Κυρήνιος
1631 1528 1689 1585 δὲ
1725 1535 1832 1586 τῶν
1862 1553 1880 1587 ε

2046 1536 2239 1606 gravis
2287 1537 2598 1593 admodum
2634 1536 2969 1592 Judaeorum
3018 1535 3177 1604 genti
3210 1536 3338 1604 fuit,
3369 1540 3427 1592 et
3456 1536 3579 1607 ipse
3601 1553 3701 1594 ve-

269 1619 392 1686 τήν
440 1617 649 1692 βουλήν
690 1620 1097 1694 συναγομένων,
1141 1620 1278 1694 ἀνὴρ
1317 1619 1411 1682 τάς
1448 1640 1506 1674 τε
1543 1616 1717 1681 ἄλλας
1762 1619 1880 1696 ἆρχε

2048 1625 2231 1681 ritatis
2271 1630 2629 1682 consectator
2671 1625 2964 1696 Josephus
3011 1625 3071 1680 in
3103 1625 3331 1681 decimo
3362 1630 3565 1680 octavo
3601 1626 3697 1682 Ui-

268 1706 709 1775 έπιτετελεκὼς,
749 1709 841 1764 καὶ
893 1706 983 1764 διὰ
1028 1712 1215 1764 πασῶν
1267 1707 1491 1770 ὁδεύσας
1538 1708 1742 1771 ὕπατος
1789 1731 1878 1786 γεν

2045 1714 2354 1769 storiarum
2421 1729 2662 1769 suarum
2712 1712 2859 1767 libro
2900 1713 3192 1778 meminit,
3242 1711 3404 1768 hisce
3452 1713 3692 1770 verbis:

266 1798 434 1866 σθαι,
468 1801 535 1854 τά
579 1820 638 1854 τε
686 1797 832 1855 ἅλλα
873 1799 1143 1872 ἀξιώματι
1199 1799 1389 1877 μέγας,
1439 1799 1531 1853 σὺν
1582 1798 1799 1874 ὀλίγοις
1847 1800 1880 1855 έε

1995 1834 2013 1897 ι
2049 1823 2077 1852 ‹‹
2096 1802 2397 1875 Cyrenius,
2425 1803 2514 1858 vir
2544 1802 2825 1857 senatorii
2867 1802 3110 1870 ordinis,
3134 1802 3312 1872 gestis
3333 1801 3537 1857 ordine
3566 1803 3695 1860 aliis

267 1887 489 1963 Συρίας
519 1894 719 1961 παρῆν,
753 1888 857 1943 ὑπὸ
907 1888 1183 1964 Καίσαρος
1226 1886 1571 1960 δικαιοδότης
1599 1893 1698 1943 τοῦ
1742 1887 1880 1944 ἓθνοι

1995 1886 2011 1897 ’
2045 1892 2506 1963 magistratibus,
2552 1906 2680 1946 cum
2727 1889 2841 1945 alia
2885 1890 3075 1946 omnis
3131 1889 3358 1961 generis
3411 1888 3692 1960 dignitate

264 1977 720 2050 ἀπεσταλμένος,
751 1979 839 2033 καὶ
864 1979 1107 2051 τιμητὴς
1137 1982 1246 2033 τῶν
1270 1978 1470 2033 οὐσιῶν
1490 1980 1873 2054 γενησόμενος.

2041 1979 2233 2036 clarus
2267 1979 2396 2046 fuit,
2431 1986 2555 2035 tum
2587 1980 2658 2034 ad
2685 1979 3055 2034 consulatum
3105 1978 3282 2034 etiam
3316 1980 3593 2049 pervenit.
3637 1979 3690 2034 Is

261 2067 373 2120 Καὶ
417 2067 537 2135 μετ’
564 2065 731 2142 ἆλίγα
751 2085 766 2100 °
798 2093 825 2120 «
861 2065 1065 2128 Ἰούδας
1096 2065 1152 2123 δὲ
1181 2066 1537 2137 Γαλαυνίτης,
1571 2069 1707 2142 ἀνὴρ
1738 2066 1799 2123 ἐκ
1826 2090 1880 2123 πι

2037 2086 2171 2124 cum
2218 2069 2421 2141 paucis
2468 2069 2527 2124 in
2574 2068 2739 2140 Syria
2799 2072 2942 2134 erat,
2985 2085 3018 2123 a
3074 2067 3297 2123 Caesare
3343 2083 3410 2123 eo
3456 2066 3688 2133 missus,

261 2155 424 2217 λεως
456 2152 632 2229 ὄνομα
664 2155 949 2230 Γαμάλας,
981 2153 1258 2212 Σάδδοκον
1286 2161 1586 2231 Φαρισαῖον
1617 2152 1880 2230 προσλαόι

2036 2162 2101 2215 ut
2126 2160 2223 2230 jus
2253 2159 2482 2229 diceret,
2518 2156 2933 2229 justitiamque
2966 2158 3177 2228 populo
3222 2156 3686 2224 administraret,

265 2265 466 2318 μενος,
508 2245 765 2321 ἠπείγετο
813 2244 903 2300 ἐπὶ
959 2245 1271 2312 ἀποστάσει,
1326 2248 1428 2317 τήν
1474 2266 1532 2301 τε
1586 2246 1880 2318 ἀποτίμησι

2033 2251 2375 2319 etprazterea
2399 2263 2641 2303 censum
2684 2246 2761 2301 ibi
2794 2247 3122 2318 ageret.»Et
3150 2250 3285 2317 post
3315 2262 3499 2317 pauca
3523 2245 3685 2301 dein-

257 2332 436 2388 οὖδὲν
480 2333 623 2390 ἄλλο
671 2334 706 2404 ἢ
747 2332 984 2407 ἄντικρις
1032 2334 1281 2391 δουλείαν
1324 2330 1593 2413 ἐπιφέρειν
1651 2335 1880 2410 λέγοντεέ

2031 2353 2165 2409 ceps
2198 2354 2212 2392 :
2238 2360 2265 2388 «
2297 2337 2480 2393 Judas
2503 2335 2862 2400 Gaulanites,
2893 2350 2963 2390 ex
2990 2334 3206 2407 oppido
3240 2333 3688 2392 Gamalaoriun-

252 2422 353 2478 καὶ
402 2431 504 2492 τῆς
551 2422 860 2499 ἐλευθερίας
909 2423 990 2478 ἐπ’
1033 2424 1323 2498 ἀντιλήψει
1370 2425 1810 2497 παρακαλοῦντες
1856 2447 1880 2480 τ

2029 2429 2164 2497 dus,
2212 2427 2476 2483 Saddoco
2518 2426 2811 2481 Pharisaeo
2843 2424 3105 2496 partibus
3134 2425 3257 2481 suis
3286 2424 3582 2495 adjuncto,
3607 2428 3676 2480 ad

250 2509 444 2574 ἔθνος.
480 2536 508 2565 υ
541 2513 638 2567 Καὶ
668 2511 719 2567 ἐν
853 2511 1075 2587 δευτέρᾳ
1105 2510 1161 2567 δὲ
1208 2517 1317 2567 τῶν
1367 2510 1756 2568 Ἰουδαϊκῶν
1803 2534 1880 2568 πο

2028 2516 2370 2572 seditionem
2454 2522 2505 2570 et
2572 2514 2957 2570 defectionem
3021 2512 3244 2583 plebem
3304 2513 3675 2580 sollicitabat,

254 2600 533 2674 λέμων·
567 2626 595 2655 ι(
629 2602 749 2657 Ἐπὶ
780 2603 1032 2670 τούτους,
1083 2602 1280 2676 λέγων,
1313 2604 1447 2678 ἁνήρ
1495 2624 1579 2666 τις
1623 2601 1880 2658 Γαλιλαῖο

2025 2621 2384 2677 censumque
2423 2604 2570 2661 nihil
2600 2604 2756 2660 aliud
2806 2620 2985 2675 quam
3036 2619 3254 2659 meram
3290 2620 3530 2676 prorsus
3560 2621 3674 2662 ser-

251 2688 729 2767 ‘Io-58aqib'vopa,
789 2693 865 2755 sic
922 2692 1248 2748 ἂποστασίαν
1306 2693 1463 2767 ἐνῆγε
1515 2691 1643 2756 τοὺς
1700 2692 1880 2767 ἐπιχω

2023 2697 2266 2751 vitutem
2306 2695 2508 2751 atl'erre
2554 2693 2929 2764 prmdicabat,
2965 2692 3361 2765 populumque
3389 2694 3460 2749 ad
3495 2692 3673 2750 liber-

254 2780 422 2854 ρίους
449 2799 463 2813 ·
496 2783 752 2851 κακίζων,
787 2781 832 2837 εί
865 2782 1028 2858 φέρον
1058 2802 1117 2837 τε
1156 2780 1453 2854 Ῥωμαίοις
1482 2780 1659 2837 τελεῖν
1708 2781 1880 2855 ὑπομέ

2020 2791 2201 2843 tatem
2233 2786 2603 2841 asserendam
2630 2784 3060 2840 cohortabatur.
3095 2803 3124 2833 »
3157 2787 3219 2839 In
3255 2785 3514 2840 secundo
3537 2800 3674 2857 quo-

253 2891 444 2940 νουσι,
477 2871 568 2925 καὶ
601 2871 737 2945 μετὰ
765 2870 857 2926 τὸν
890 2872 1020 2926 Θεὸν
1050 2870 1259 2925 οἷ’σουσι
1302 2871 1532 2940 θνητοὺς
1564 2867 1847 2933 δεσπότας.

2022 2892 2136 2948 quo
2179 2874 2309 2931 belli
2353 2872 2574 2929 Judaici
2615 2872 2785 2940 libro,
2819 2873 2901 2928 ita
2950 2872 3188 2943 inquit:
3223 2894 3252 2922 ιι
3302 2872 3401 2928 Vir
3431 2872 3668 2945 quidam

248 2966 292 3037 ῼ
322 2957 552 3032 συνῳδᾶ
592 2960 682 3015 καὶ
735 2965 945 3022 Λουκᾶς
989 2960 1041 3015 ἐν
1086 2980 1204 3022 ταις
1252 2961 1422 3033 ἱεραῖς
1474 2960 1699 3031 Πράξεσι
1743 2961 1877 3039 φθέγ

2018 2963 2313 3031 Galilasus,
2339 2961 2527 3018 Judas
2558 2960 2813 3029 nomine,
2846 2961 3154 3032 populares
3187 2959 3259 3017 ad
3284 2960 3666 3018 defectionem

260 3070 446 3124 γετοιι,
484 3049 655 3105 Μετᾶ
702 3053 966 3117 τοῦτον,
1015 3047 1257 3125 λέγων,
1306 3049 1543 3117 ἀνέστη
1596 3046 1851 3111 Ἰούδας

2017 3051 2364 3120 sollicitavit,
2415 3049 2742 3107 maledictis
2764 3051 3041 3122 probrose
3087 3048 3221 3106 illos
3250 3049 3573 3120 insectans,
3608 3051 3658 3107 si

257 3138 640 3201 Γαλιλαῖος
678 3138 739 3193 ἐν
781 3145 928 3200 ταῖς
976 3141 1264 3215 ἡμέραις
1318 3145 1435 3208 τῆς
1483 3138 1877 3219 ἀπογραφῆς

2021 3140 2297 3198 Romanis
2344 3140 2618 3196 tributum
2658 3139 2905 3211 pendere
2955 3142 3413 3210 perseverarent,
3460 3142 3519 3195 et
3574 3155 3668 3195 ss-

422 3192 479 3195 i"
583 3192 695 3201 V'i
796 3192 841 3195 ἡ*
914 3192 926 3200 ’
1001 3192 1263 3215 ΙΙνΪΠῨ⁷
1334 3192 1432 3208 7"
1490 3192 1873 3219 ""II”']"|‘

253 3229 365 3282 καὶ
409 3228 771 3297 ἀπέστησεν
804 3229 1029 3283 ἰκανὸν
1061 3226 1217 3283 λαὸν
1251 3227 1459 3282 ὀπίσω
1500 3227 1739 3283 αἶ)τοῦ-
1792 3229 1869 3285 κά

2021 3231 2283 3288 cundum
2331 3229 2513 3285 Deum
2566 3227 2840 3284 mortales
2891 3227 3107 3284 ferrent
3151 3227 3444 3283 dominos.
3477 3248 3507 3278 ω
3558 3227 3664 3284 Cui

246 3324 488 3379 κεῖνος
520 3317 829 3373 ἀπώλετο
855 3337 867 3350 ο
910 3319 1017 3372 καί
1050 3319 1284 3379 πάντες
1318 3314 1461 3372 ἔσοι
1494 3316 1880 3389 ἐπείσθησα·

2017 3321 2196 3376 Lucas
2238 3320 2296 3375 in
2329 3318 2514 3374 sacris
2543 3317 2703 3373 Actis
2743 3333 3002 3373 consona
3022 3332 3255 3388 quoque
3283 3316 3503 3385 scribit,
3541 3320 3667 3373 Post

244 3407 461 3479 αὐτῷ,
495 3405 1135 3483 διεσκορπίσθησαν.
1167 3431 1197 3460 ››

2011 3410 2177 3477 hunc,
2226 3408 2517 3481 inquiens,
2551 3408 2762 3463 exstitit
2816 3405 2983 3462 ludas
3050 3406 3327 3474 Galilaaus,
3359 3408 3419 3461 in
3473 3405 3661 3472 diebus

241 3499 666 3571 descriptionis,
696 3504 750 3554 ct
793 3514 891 3570 per
944 3498 1313 3567 defectionem
1364 3497 1565 3554 avertit
1588 3499 1853 3570 populum
1891 3499 2149 3555 multum.
2198 3496 2372 3554 Periit
2400 3499 2586 3552 autem
2633 3497 2768 3566 ipse,
2798 3501 2851 3551 ct
2906 3510 3090 3551 omnes
3137 3496 3445 3567 quicunque
3498 3496 3569 3549 ab
3596 3509 3658 3550 eo

238 3589 499 3662 persuasi
524 3592 771 3662 fuerant,
802 3590 1041 3662 dispersi
1067 3596 1199 3646 sunt
1223 3588 1290 3645 ίδ.

866 3699 1126 3753 ΚΕΦΑΛ.
1170 3698 1280 3752 ΙΑ’.

240 3802 617 3879 Ἐπιστολή
653 3801 1405 3879 ’,ΙουλίουιξΑφρικανοῦ
1449 3809 1569 3879 τοῦ
1619 3805 1885 3878 ἱστορι-

311 3879 433 3951 κοῦ
463 3876 627 3951 ospes
662 3872 1268 3951 Ἀριστείδηνπερὶ
1298 3881 1419 3951 τῇς
1456 3874 1515 3929 ἐν
1554 3879 1632 3951 τῇ
1674 3872 1885 3951 γενέα-

314 3943 528 4022 λοχία
577 3943 887 4022 Χριστοῦ
941 3943 1705 4022 δοκούσηςλδιαφωνίαὲ
1756 3953 1880 4002 τῶν

313 4016 520 4073 θείων
545 4016 1398 4092 εὐαγγελιστῶνΜατθαίου
1425 4016 1493 4073 τε
1522 4018 1630 4074 καὶ
1654 4023 1882 4075 Λουκᾶ.

2638 3694 2873 3751 CAPUT
2909 3694 3010 3749 XI.

1994 3804 2241 3877 Epistola
2270 3802 2411 3877 Julii
2437 3803 2470 3858 Α
2481 3803 2686 3877 [ricani
2714 3800 2962 3877 historici
2989 3800 3059 3877 ad
3078 3800 3427 3877 Aristidem,
3477 3799 3542 3855 de
3586 3816 3651 3877 ea

2065 3893 2185 3948 qua?
2216 3876 2433 3948 videtur
2461 3888 2573 3929 esse
2601 3876 2660 3928 in
2687 3874 3034 3948 _gcncalogia
3065 3872 3273 3948 Christi
3302 3872 3646 3928 dissonantia

2066 3942 2211 4018 apud
2241 3947 2549 4002 Matthzum
2590 3954 2643 4000 et
2674 3942 2871 3999 Lucam
2902 3942 3289 4013 evangelistas.

314 4125 465 4181 Ἐπεὲ
528 4122 586 4180 δὲ
645 4126 914 4187 Ματθαῖὸς
972 4146 1029 4180 τε
1084 4126 1173 4180 καὶ
1233 4130 1441 4187 Λουκᾶς
1497 4127 1549 4180 o't
1614 4124 1880 4180 θεσπέσιοι

2070 4127 2116 4184 7
2125 4128 2175 4183 0
2206 4126 2686 4197 Quandoquidem
2733 4128 2931 4181 autem
2963 4123 3077 4179 divi
3109 4122 3471 4192 evangelista
3500 4127 3646 4179 Mat-

242 4213 339 4282 τῆν
396 4214 526 4289 περὶ
585 4218 817 4289 Χριστοῦ
876 4211 1221 4291 γενεαλογίαν
1282 4213 1557 4293 διαφόρως
1601 4212 1880 4286 ἐξέδωκαν,

1996 4218 2183 4274 ὶὶιωυε
2214 4221 2271 4271 et
2300 4216 2505 4282 Lucas,
2529 4214 2921 4285 genealogiam
2955 4212 3167 4269 Christi
3198 4212 3354 4268 varie
3374 4213 3643 4284 prodide-

241 4301 328 4358 καὶ
360 4302 487 4380 περῖ
519 4305 618 4375 τήν
671 4300 934 4358 δοκοῦσαν
986 4301 1285 4383 διαφωνίαν
1336 4309 1444 4359 τῶν
1492 4304 1614 4379 περὶ
1663 4305 1730 4359 τὰ
1767 4325 1880 4360 τοι-

1997 4312 2152 4376 runt,
2185 4310 2240 4360 et
2272 4322 2384 4360 non
2420 4305 2609 4375 pauci,
2641 4304 2740 4375 qui
2774 4302 2989 4358 talibus
3025 4306 3200 4357 rebus
3228 4302 3642 4373 persequendis

245 4396 374 4449 αὔτα
404 4390 595 4448 δεινῶν
629 4392 728 4446 οὐκ
770 4391 951 4466 ὀλίγοι
997 4388 1227 4467 βίϐλους
1279 4390 1412 4454 ὅλας
1458 4393 1724 4463 ἐνέταζαν,
1775 4393 1880 4468 ἐγὼ

1995 4396 2190 4468 magni
2206 4393 2466 4464 clarique
2480 4392 2661 4448 habiti
2679 4391 2919 4459 sunt,de
2932 4407 2999 4447 ea
3015 4390 3641 4467 dissonantiaintegros

241 4479 416 4538 τᾶλλα
466 4480 680 4556 παρεὶς,
730 4483 1038 4559 Ἀφρικανῷ
1090 4484 1373 4557 χρήσομαι
1422 4483 1705 4557 ἱστορικῷ,
1752 4483 1883 4538 ἀπε-

241 4571 500 4650 λέγχοντι
545 4572 640 4647 μὶν
667 4574 762 4634 τὰς
791 4576 897 4628 τῶν
932 4570 1118 4627 ἄλλων
1153 4570 1330 4642 δόξας,
1364 4573 1438 4635 ὡς
1484 4574 1560 4642 μή
1608 4572 1885 4642 τάληθοῦς

241 4662 583 4740 ἐφικομένας,
617 4664 682 4733 ἢν
716 4659 764 4717 δ’
792 4661 953 4725 αὐτὸς
995 4660 1055 4717 ἐκ
1096 4667 1203 4717 τῶν
1254 4663 1501 4738 ἀρχαίων
1554 4660 1884 4739 παρείληφεν

242 4749 293 4805 ἐν
330 4754 419 4815 οἷς
479 4753 600 4825 περὶ
659 4757 759 4819 τῆς
816 4756 924 4807 τῶν
984 4751 1332 4827 Εὐάγγελίων
1393 4749 1686 4829 διαφωνίας
1744 4751 1880 4826 πρὸς

245 4840 580 4916 Ἀριστείδην
630 4837 939 4895 ἐπιστέλλει
988 4840 1234 4918 γράφων,
1282 4840 1587 4913 ἐκθήσομαι
1641 4846 1720 4911 τῷ
1765 4862 1884 4895 συν-

244 4929 496 5005 τᾶγματι.
533 4928 691 5005 Λέγει
734 4925 793 4981 δὲ
840 4929 1029 4990 αὐταῖς
1081 4928 1281 4999 λέξεσιν
1334 4929 1506 4992 οὕτως
1534 4949 1547 4963 ·
1597 4952 1626 4981 ‹‹
1656 4926 1877 4998 Ἐπειδή

244 5020 337 5091 γὰρ
401 5018 646 5090 ὀνόματα
704 5021 812 5071 τῶν
871 5022 1038 5092 γενῶν
1099 5017 1151 5073 ἐν
1207 5018 1428 5093 Ἰσραὴλ
1507 5018 1785 5092 ἠρίθμητο
1843 5017 1877 5087 ἢ

243 5107 386 5180 φύσει
433 5108 469 5175 ἢ
517 5106 709 5179 νόμῳ·
761 5104 916 5182 φύσει
970 5108 1063 5179 μὲν
1115 5109 1348 5182 γνησίου
1403 5108 1711 5183 σπέρματος
1770 5105 1881 5163 δια-

243 5191 408 5271 δοχῆ,
461 5196 620 5269 νόμῳ
678 5192 734 5251 δὲ
792 5194 958 5269 ἑτέρῳ
1028 5194 1506 5272 παιδοποιουμένῳ
1572 5198 1647 5259 εἰς
1702 5194 1879 5269 ὄνομα

239 5285 657 5355 τελευτήσαντος
713 5283 953 5363 ἀδελφοῦ
1012 5285 1231 5340 ὰτέκνου
1270 5304 1282 5319 ο
1342 5284 1426 5340 ὅτι
1487 5285 1590 5362 γὰρ
1656 5284 1877 5342 οὐδέπω

241 5371 424 5429 δέδοτο
484 5372 642 5437 ἐλπὶς
701 5377 875 5454 σαφὴς
953 5375 1312 5445 ἀναστάσεως,
1393 5378 1495 5446 τὴν
1566 5375 1874 5450 μέλλουσαν

239 5460 559 5543 ἐπαγγελίαν
594 5464 890 5538 ἐμιμοῦντο
939 5464 1215 5520 ἀναστάσει
1271 5467 1471 5539 θνητῇ’
1501 5464 1591 5520 *ίνα
1631 5466 1872 5522 ἀνέκλει-

307 5646 352 5687 ι⁷
373 5647 609 5719 Mich.v,
639 5649 695 5704 2.
774 5647 818 5684 ³⁸
846 5647 1033 5716 Act.v,
1062 5647 1152 5703 37.

1993 4485 2173 4542 libros
2204 4489 2657 4554 composuerunt
2690 4495 2833 4551 ;ego
2867 4479 3280 4552 prastermissis
3312 4478 3463 4547 aliis,
3496 4480 3640 4534 Afri-

1992 4591 2136 4631 cano
2158 4573 2434 4629 historico
2457 4580 2584 4627 utar
2624 4572 2879 4635 auctore,
2912 4568 3009 4640 qui
3041 4567 3286 4625 aliorum
3310 4568 3635 4640 opiniones,

1992 4667 2189 4736 utpote
2232 4677 2357 4733 quas
2417 4660 2486 4714 ad
2544 4658 2844 4714 veritatem
2905 4674 3019 4713 non
3075 4656 3420 4728 pertingant,
3454 4672 3640 4727 repre-

1990 4752 2253 4809 hendens
2283 4755 2458 4821 atque
2488 4748 2775 4817 refellens,
2806 4764 2981 4819 quam
3013 4748 3136 4818 ipse
3158 4763 3189 4801 a
3219 4743 3635 4801 vetustioribus

1991 4845 2309 4912 acceptam,
2341 4839 2403 4895 in
2434 4838 2711 4910 Epistolis
2740 4842 2799 4894 et
2840 4836 3277 4909 Evangetiorum
3326 4833 3633 4891 dissonan—

1993 4931 2072 4986 tia
2099 4932 2167 4985 ad
2198 4928 2508 4985 Aristidem
2564 4926 2849 4998 exposuit,
2884 4927 3018 4981 inde
3065 4923 3403 4979 translatam
3449 4922 3637 4979 verbis

1989 5019 2177 5091 ipsius
2202 5018 2260 5072 in
2292 5033 2439 5089 opus
2471 5016 2578 5072 hoc
2631 5016 2884 5070 inseram
2916 5014 3286 5069 sententiam.
3325 5033 3354 5065 ιι
3384 5012 3633 5068 Nomina

1988 5109 2249 5181 ejusdem
2293 5106 2482 5179 gentis
2512 5109 2569 5161 et
2600 5104 2828 5160 familiae
2862 5104 2920 5159 in
2946 5101 3119 5159 Israel
3154 5103 3632 5168 numerabantur,

1989 5197 2489 5268 censebanturque
2519 5194 2606 5250 vel
2637 5198 2868 5258 natura,
2889 5193 2972 5248 vel
2999 5191 3144 5265 lege.
3178 5191 3248 5248 Et
3267 5195 3476 5247 natura
3504 5191 3634 5263 qui-

1989 5289 2144 5356 dem,
2179 5286 2454 5359 legitimis
2502 5288 2561 5340 et
2590 5281 2955 5339 naturalibus
2988 5280 3188 5338 liberis
3221 5280 3488 5354 patribus
3508 5281 3635 5337 suis

1988 5376 2439 5433 succedentibus
2467 5390 2481 5442 ;
2512 5372 2638 5445 lege
2670 5376 2884 5436 autem,
2915 5370 3026 5427 alio
3066 5368 3349 5437 sobolem,
3386 5369 3497 5427 sub
3529 5385 3633 5427 no-

1988 5466 2147 5524 mine
2178 5465 2372 5523 fratris
2404 5463 2529 5520 sine
2560 5460 2759 5517 liberis
2790 5457 3632 5529 defuncti,creante.Quonism
