3950 6214
445 353 563 414 663

1733 349 2152 415 NIGEPHORI
2197 347 2555 412 CALLlSTl

3723 345 3834 410 σοι

449 487 602 542 enim
639 488 898 543 nondum
931 487 1072 544 satis
1105 488 1412 544 manifesta
1437 489 1574 544 data
1603 489 1785 545 fuerat
1838 503 1968 558 spes
2000 503 2090 542 re-

2213 504 2336 538 πτον
2367 485 2429 538 τὸ
2461 483 2634 558 ὄνομα
2691 484 2821 558 μένῃ
2862 481 2959 539 τοῦ
3011 481 3436 563 μετηλλαχότος
3484 485 3601 539 ἐπεὶ
3647 481 3740 539 οὖν
3793 484 3839 538 οἱ

451 577 1110 644 surrectionis,futuram
1127 580 1570 651 promissionem
1595 578 2086 649 mortaliquadem

452 667 833 723 imitabantur
861 667 1322 736 resuscitatione,
1355 684 1426 724 ne
1448 685 1659 724 nomen
1693 667 1900 724 mortui
1937 685 2094 739 prur-

452 771 555 810 sus
585 755 974 810 intercideret.
1008 755 1076 810 Et
1105 773 1239 811 cum
1263 773 1330 812 ex
1360 758 1443 811 eis
1473 758 1573 828 qui
1605 757 1663 812 in
1694 755 2088 828 genealogiam

450 859 577 900 eam
603 843 766 900 relati
799 847 958 911 sunt,
1007 847 1244 916 quidam
1311 850 1372 900 ut
1425 845 1670 916 legitimi
1713 851 1771 902 et
1799 845 2095 901 naturales

451 933 828 1005 germanique
858 933 961 990 filii
998 935 1257 1006 patribus
1280 936 1931 1008 successerint,quidam
1965 953 2094 991 vero

452 1039 522 1078 ex
551 1023 683 1078 aliis
714 1025 947 1093 quidem
984 1026 1285 1096 procreati,
1337 1026 1579 1081 aliorum
1625 1031 1818 1082 autem
1861 1028 2096 1081 nomine

457 1114 622 1182 quasi
651 1127 756 1183 per
783 1113 1150 1182 adOptionem
1181 1114 1402 1170 scilicet
1427 1115 1586 1170 censi
1619 1115 1759 1182 sint,
1803 1125 2095 1170 utrorum-

455 1216 567 1272 que
599 1203 749 1257 facta
777 1207 868 1258 est
899 1205 1114 1258 mentio
1148 1221 1160 1258 :
1195 1208 1252 1258 et
1315 1220 1512 1260 eorum
1567 1205 1834 1260 videlicet
1872 1205 1972 1274 qui
2003 1221 2102 1275 ge-

455 1290 740 1358 nuissent,
772 1299 824 1346 et
854 1308 1054 1346 eorum
1086 1292 1186 1364 qui
1219 1293 1386 1364 quasi
1408 1293 1766 1364 genuissent.
1792 1293 1886 1349 Sic
1911 1302 2098 1362 neque

456 1379 588 1444 hoc,
623 1395 804 1450 neque
854 1379 996 1435 illud
1033 1381 1422 1450 Evangelium,
1481 1381 1566 1436 vel
1599 1399 1627 1434 τι
1681 1387 1918 1446 naturae,
1953 1382 2038 1436 vel
2068 1398 2100 1434 ει

458 1467 600 1538 legis
648 1468 1071 1524 necessitudine
1127 1474 1300 1540 atque
1356 1471 1721 1538 conjuctione
1777 1486 1962 1539 genus
2006 1469 2100 1523 de-

459 1558 680 1611 ducens
738 1563 795 1612 et
835 1573 1168 1626 numerans,
1217 1558 1339 1614 falsi
1383 1559 1616 1629 quidem
1677 1559 1866 1614 habet.
1909 1557 2104 1628 Impli-

460 1650 588 1700 cata
617 1647 772 1701 enim
806 1647 956 1702 inter
981 1664 1043 1702 se
1073 1653 1209 1702 sunt
1233 1653 1530 1719 genera.et
1559 1649 1710 1718 quod
1730 1648 2101 1719 aSalomone,

461 1735 684 1806 etquod
717 1753 748 1788 ιι
771 1735 997 1790 Natban
1028 1735 1866 1807 descendit,repraasentatioue
1901 1751 2100 1790 eorum

2197 578 2266 647 τῇ
2307 572 2626 648 γενεαλογίᾳ
2666 573 2834 646 ταύτῃ
2880 571 3268 650 ἐμφερόμενοι,
3310 575 3363 629 οἱ
3417 575 3512 646 μὲν
3553 570 3836 643 διεδέξαντο

2199 667 2326 724 παῖς
2370 663 2571 732 πατέρα
2620 660 2900 736 γνησίως⁴
2957 661 3008 716 οἱ
3063 659 3120 716 δὲ
3167 662 3371 736 ἑτέροις
3422 663 3520 736 μὲν
3571 661 3834 738 ἐγεννήθηο

2201 770 2318 819 σαν,
2350 748 2550 821 ἑτέροις
2583 747 2640 804 δὲ
2689 750 3090 824 προσετέθησαν
3138 753 3207 823 τῇ
3257 749 3476 821 κλήσει,
3523 748 3835 826 ἀμφοτέρων

2201 840 2416 914 γέγονεν
2463 841 2498 907 ἡ
2547 839 2766 911 μνήμη,
2816 838 2908 893 καὶ
2955 843 3064 894 τῶν
3116 838 3548 914 γεγεννηκότωντ
3595 837 3685 893 καὶ
3737 843 3834 891 τὼν

2205 929 2280 990 ὡς
2320 929 2741 1002 γεγεννηκότων.
2791 927 2980 990 Οὕτως
3009 927 3290 1002 οὐδέτερον
3337 934 3447 984 τῶν
3502 927 3832 1003 Εὐαγγελίων

2203 1015 2476 1090 ψεύδεται,
2505 1019 2592 1071 καὶ
2643 1016 2803 1090 φύσιν
2851 1017 3118 1092 ἀριθμοῦν
3171 1019 3260 1073 καὶ
3306 1019 3516 1090 νόμον·
3566 1017 3833 1086 ἐπεπλάκη

2205 1108 2309 1182 γὰρ
2343 1105 2616 1176 ἀλλήλοις
2646 1107 2712 1163 τά
2738 1107 2892 1182 γένη,
2921 1109 2984 1163 τό
3013 1129 3072 1163 τε
3099 1109 3207 1164 ἀπὸ
3236 1114 3332 1164 ιοῦ
3366 1109 3704 1181 Σολομῶνος
3753 1107 3831 1161 καὶ

2205 1198 2264 1250 τὸ
2307 1198 2412 1251 ἀπὸ
2457 1201 2554 1250 τοῦ
2605 1198 2804 1263 Νάθαν,
2855 1197 3199 1252 ἀναστάσεσιν
3247 1199 3478 1253 ἀτέκνων
3529 1199 3620 1252 καὶ
3673 1193 3835 1251 δευτεο

2208 1286 2503 1360 ρογαμίαις
2571 1287 2661 1340 καὶ
2719 1287 2998 1342 ἀναστάσει
3046 1288 3368 1361 σπερμάτων
3411 1307 3423 1318 ο
3475 1289 3551 1348 ὡς
3627 1284 3834 1346 δικαίως

2207 1375 2333 1436 τοὺς
2403 1375 2596 1434 αὐτοὺς
2664 1373 2868 1430 ἄλλοτε
2933 1374 3120 1430 ἄλλων
3187 1376 3530 1448 νομίζεσθαι,
3596 1381 3704 1430 τῶν
3761 1375 3838 1446 μὲν

2210 1463 2521 1518 δοκοόντων
2562 1464 2830 1537 πατέριον,
2881 1470 2988 1519 τῶν
3041 1463 3096 1520 δὲ
3147 1466 3503 1540 ὑπαρχόντων
3555 1466 3628 1526 ὡς
3673 1467 3834 1543 ἀμφο-

2209 1557 2366 1626 τέρας
2413 1553 2507 1615 τάς
2547 1551 2834 1624 διηγήσεις
2872 1552 3094 1622 ἀληθεῖς
3143 1555 3326 1622 οὔσας,
3376 1554 3462 1609 ἐπὶ
3511 1555 3606 1610 τὸν
3655 1555 3836 1627 Umor]?

2212 1641 2583 1704 πολυπλόκως
2615 1641 2730 1712 μὲν,
2773 1639 2897 1696 ἀλλ’
2945 1638 3210 1715 ἀκριϐῶς,
3258 1642 3542 1698 κατελθεῖν
3569 1686 3584 1700 .
3633 1647 3746 1698 Ἵνα
3792 1640 3836 1697 δὲ

2213 1730 2376 1808 σαφὲς
2423 1729 2460 1804 ᾖ
2519 1731 2580 1784 τὸ
2640 1727 2948 1800 λεγόμενον,
3005 1733 3106 1803 τὴν
3165 1729 3471 1808 ἐναλλαγὴν
3529 1737 3638 1786 τῶν
3686 1736 3834 1804 γενῶν

463 1823 560 1894 qui
594 1822 806 1879 liberos
837 1839 950 1879 non
985 1831 1294 1892 creassent,
1349 1827 1735 1895 secundisque
1783 1826 2004 1896 nuptiis
2038 1842 2099 1878 ac

2215 1816 2578 1891 διηγήσομαι,
2619 1817 2726 1872 ἀπο
2755 1821 2852 1872 τοῦ
2884 1817 3047 1874 Δαυΐδ
3079 1817 3168 1874 διὰ
3217 1819 3588 1893 Σολομῶντος
3628 1821 3722 1880 τὰς
3756 1841 3836 1895 γε-

463 1911 903 1967 resuscitatione
933 1915 1226 1968 seminum
1263 1929 1277 1968 :
1303 1922 1364 1969 ut
1387 1923 1536 1969 recte
1558 1915 1728 1969 iidem
1759 1915 2106 1984 quandoque

467 1999 648 2070 hujus
679 2007 736 2057 et
755 2001 918 2058 illius
959 2002 1060 2058 filii
1095 2003 1275 2060 fuisse
1299 2006 1614 2060 existimati
1645 2006 1786 2073 sint,
1818 2020 1950 2060 cum
1989 2005 2115 2074 qui-

466 2089 594 2144 dem
628 2089 668 2144 ii
698 2089 1032 2146 viderentur
1059 2107 1206 2159 esse,
1239 2093 1324 2147 illi
1357 2099 1548 2149 autem
1587 2099 1786 2148 essent
1817 2096 2116 2162 patreszel

467 2186 712 2249 utraque
775 2179 1002 2252 generis
1054 2182 1529 2238 commemoratio
1575 2185 1812 2237 veritate
1857 2183 2010 2250 nixa,
2041 2182 2109 2236 ad

472 2268 668 2338 ipsum
699 2267 1040 2339 Josephum,
1060 2269 1702 2342 multipliciterquidem
1731 2271 1826 2326 illa
1848 2276 1904 2327 et
1933 2273 2112 2338 varie,

471 2355 571 2409 sed
605 2363 794 2410 tamen
849 2363 1004 2412 certo
1033 2359 1378 2413 deducatur.
1430 2359 1602 2415 Porro
1633 2364 1696 2414 ut
1743 2359 1956 2414 clarius
1988 2376 2114 2415 ma-

469 2441 854 2514 nifestiusque
903 2445 996 2512 sit,
1031 2447 1186 2517 quod
1235 2449 1406 2502 modo
1444 2447 1661 2502 dictum
1698 2455 1806 2515 est,
1840 2450 2114 2503 mutatio-

468 2546 600 2586 nem
633 2532 820 2603 ipsam
855 2536 1083 2604 generis
1133 2551 1435 2605 exponam.
1483 2538 1532 2591 A
1568 2536 1775 2592 Davide
1816 2552 1919 2607 per
1949 2536 2116 2592 Solo-

467 2635 700 2677 monem
761 2624 1092 2693 progeniem
1140 2623 1588 2690 dinumerando,
1637 2626 1847 2681 tertius
1894 2642 1928 2680 a
1975 2626 2112 2691 fine,

461 2709 624 2778 juxta
655 2710 1012 2778 Mattbaaum,
1065 2713 1350 2784 reperitur
1370 2713 1650 2780 Mattban,
1678 2715 1776 2784 qui
1809 2713 1989 2769 Jacob
2019 2730 2113 2784 ge-

465 2799 615 2868 nuit,
647 2805 870 2871 patrem
891 2800 1200 2872 Josephi.A
1221 2803 1446 2858 Nathan
1477 2808 1668 2858 autem
1705 2803 1937 2858 Davidis
1968 2804 2110 2868 tilio,

461 2889 625 2957 juxta
681 2889 913 2959 Lucam,
964 2890 1167 2946 itidem
1208 2891 1415 2948 tertius
1460 2910 1494 2947 a
1551 2893 1666 2946 fine
1714 2897 1804 2948 est
1851 2892 2106 2948 Melcbi:

462 2976 635 3047 cujus
665 2976 822 3033 filius
854 2977 1153 3050 Eli,ipsius
1181 2979 1420 3052 Josephi
1448 2985 1610 3052 pater
1629 2981 1889 3038 est.Cum
1909 2981 2110 3054 itaque

465 3066 632 3136 quasi
665 3082 874 3136 scopus
905 3069 1073 3123 nobis
1120 3067 1198 3124 sit
1239 3071 1570 3140 prepositus
1617 3070 1858 3142 Joseph,
1914 3078 2108 3126 osten-

464 3156 718 3210 dendum
771 3156 946 3216 venit.
1007 3161 1298 3228 quomodo
1351 3164 1589 3230 uterque
1622 3160 1804 3230 ipsius
1835 3166 2000 3232 pater
2029 3158 2110 3214 di-

2217 1911 2334 1968 νεάς
2388 1908 2916 1980 καταριθμούμενος.
2967 1910 3156 1983 Τρίτος
3195 1912 3302 1965 ὰπὸ
3347 1911 3542 1972 τέλους
3585 1911 3719 1966 κατὰ
3760 1911 3835 1963 τὸν

2218 1998 2490 2052 διατθαῖον
2541 1996 2841 2067 εὑρίσκεται
2886 2000 3147 2053 Ματθάν’
3203 2000 3262 2062 ὃς
3329 2001 3422 2054 καὶ
3472 1999 3719 2074 ἐγέννησε
3757 1999 3834 2052 τὸν

2217 2081 2412 2142 Ἰακὼϐ
2441 2090 2539 2139 τοῦ
2582 2085 2784 2161 Ἰωσήφ
2825 2086 2916 2141 τὸν
2967 2087 3194 2161 πατέρα.
3241 2089 3377 2146 Ἀπὸ
3423 2086 3483 2143 δὲ
3536 2089 3710 2144 Νάθαν
3752 2091 3834 2142 τοῦ

2219 2173 2379 2228 Δαυῖδ
2421 2174 2556 2228 κατά
2597 2175 2689 2229 τὸν
2739 2180 2973 2241 Λουκᾶν,
3023 2179 3234 2248 ὁμοίως
3279 2179 3464 2246 τρίτος
3513 2177 3620 2234 ἀπὸ
3663 2175 3834 2236 τέλους

2217 2263 2424 2338 Μελχὶ,
2457 2263 2520 2317 οὗ
2550 2263 2664 2323 una:
2695 2264 2724 2318 6
2755 2263 2910 2319 Ἠλεὶ
2941 2266 2970 2319 ὁ
3000 2267 3098 2320 τοῦ
3131 2268 3332 2341 Ἰωσὴφ
3381 2268 3587 2342 πατήρ.
3640 2269 3834 2321 Σκοποῦ

2214 2353 2394 2406 τοίνυν
2440 2353 2576 2423 ἡμῖν
2625 2352 2884 2424 κειμένου
2929 2358 3026 2408 τοῦ
3075 2357 3300 2431 Ἰωσήφ,
3348 2353 3698 2411 ἀποδεικτέον
3733 2359 3832 2414 πῶς

2217 2441 2464 2512 ἑκάτερος
2523 2439 2688 2494 αὐτοῦ
2731 2443 2912 2512 πατὴρ
2960 2442 3311 2518 ἰστορεὶταιυ
3363 2444 3394 2499 ’ὀ
3449 2465 3511 2500 τι
3559 2438 3769 2511 Ἰακὼϐ,
3809 2443 3832 2496 ὁ

2215 2533 2322 2588 ἀπὸ
2378 2530 2731 2604 Σολομῶνος,
2780 2533 2871 2586 καὶ
2913 2531 3071 2588 Ἠλεὶ
3101 2535 3130 2588 ὁ
3161 2533 3268 2588 ἀπὸ
3315 2537 3414 2588 τοῦ
3461 2534 3643 2590 Νάθαν
3679 2531 3833 2588 ἑκάτε-

2217 2645 2310 2698 ρος
2345 2623 2666 2697 κατάγοντες
2713 2621 2872 2698 γένος
2895 2642 2909 2656 ·
2943 2623 3092 2684 ὅπως
3137 2644 3197 2679 τε
3230 2624 3495 2697 πρότερον
3545 2625 3694 2679 οὗτοι
3725 2621 3782 2691 δὴ
3809 2621 3833 2676 ὅ

2213 2734 2272 2768 τε
2303 2707 2496 2770 Ἰακὼϐ
2526 2713 2616 2766 καὶ
2656 2713 2684 2766 ὁ
2717 2709 2869 2768 Ἡλεί
2903 2709 3000 2767 δύο
3041 2709 3276 2790 ἀδελφοί
3299 2731 3312 2744 °
3360 2713 3450 2768 καὶ
3481 2714 3590 2786 πρό
3620 2733 3681 2787 γε
3723 2709 3830 2766 τού-

2215 2823 2324 2858 των
2369 2805 2486 2863 πῶς
2537 2801 2590 2856 οἱ
2631 2799 2840 2856 τούτων
2883 2802 3114 2876 πατέρες
3161 2801 3381 2858 Ματθάν
3429 2802 3524 2858 καὶ
3572 2801 3750 2876 Μελχὶ
3790 2797 3833 2852 ὲν

2220 2892 2368 2967 μέρει
2418 2891 2518 2958 τήν
2579 2890 2746 2959 αὐτὴν
2797 2890 3128 2965 ἀγαγόμενοι
3181 2896 3431 2966 γυναῖκα,
3478 2889 3832 2964 ὁμομητρίους

2214 2979 2484 3060 ἀδελφοὺς
2521 2979 3035 3051 ἐπαιδοποιήσαντο,
3080 2985 3177 3036 τοῦ
3215 2980 3389 3053 νόμου
3433 2981 3513 3053 μὴ
3543 2978 3829 3050 κωλύοντος

2215 3071 2554 3146 χηρεύουσαν
2582 3067 2706 3139 ἤτοι
2747 3069 3189 3142 ἀπολελυμένην.
3219 3069 3256 3140 ἢ
3287 3069 3378 3125 καὶ
3425 3069 3829 3140 τελευτήσαντος

2213 3165 2309 3214 τοῦ
2341 3157 2556 3234 ἀνδρὸς,
2587 3157 2747 3232 ἄλλῳ
2776 3161 3066 3236 γαμεῖσθαι
3091 3179 3104 3192 ·
3132 3159 3192 3214 ἒκ
3222 3157 3289 3228 δὴ
3319 3165 3421 3229 τῆς
3465 3160 3646 3228 Ἐσθᾶ,
3689 3161 3828 3212 τοῦτο

463 3248 630 3300 catur
661 3259 674 3299 :
705 3243 806 3301 7|
846 3246 968 3316 ipse
1005 3223 1272 3303 videlicet
1298 3223 1538 3304 Jacob-a
1570 3223 1898 3318 Solomone,
1931 3254 1986 3304 et
2015 3248 2099 3303 Eli

2216 3248 2321 3324 γὰρ
2385 3223 2665 3304 καλεῖσθαὶ
2718 3223 2826 3318 ’την
2851 3223 2862 3232 ¹
2889 3253 3118 3324 γυναῖκα
3181 3223 3572 3322 παραδέδοται,
3634 3223 3828 3322 ’πρῶτος

461 3350 493 3388 a
521 3333 746 3390 Natban
799 3351 986 3405 genus
1018 3336 1310 3391 ducentes.
1339 3335 1642 3408 Simulque
1685 3339 1976 3409 quomodo
1996 3336 2110 3410 pri-

463 3441 626 3480 mum
679 3427 793 3481 duo
842 3426 940 3481 isti
984 3425 1160 3480 Jacob
1191 3431 1248 3480 et
1291 3426 1374 3480 Eli
1434 3429 1660 3494 fratres,
1701 3433 1760 3483 et
1814 3433 1948 3484 ante
1979 3429 2103 3495 bos,

461 3530 658 3570 eorum
711 3519 900 3584 patres
937 3515 1221 3583 ,Maltban
1267 3521 1324 3569 et
1380 3514 1612 3583 Melcbi,
1663 3522 1906 3573 seorsim
1965 3517 2108 3572 alter

463 3609 598 3676 post
627 3603 894 3666 alterum.
927 3606 1192 3662 eamdem
1243 3610 1506 3663 ducendo
1549 3625 1807 3676 uxorein,
1833 3607 2107 3676 {uterinos

464 3696 882 3762 procreaverint
931 3697 1180 3752 fratres:
1230 3697 1382 3766 leges
1431 3698 1698 3754 videlicet
1754 3714 1867 3753 non
1917 3697 2107 3768 probi-

465 3783 656 3852 bente,
694 3783 1021 3853 mulierem,
1053 3785 1140 3840 vel
1174 3801 1273 3858 per
1303 3787 1622 3856 repudium,
1656 3787 1739 3843 vel
1777 3804 1876 3858 per
1898 3786 2106 3858 prioris

464 3873 656 3928 mariti
689 3873 905 3928 obitum
945 3873 1162 3943 vidum,
1197 3877 1291 3930 alii
1330 3878 1568 3932 nubere.
1606 3877 1806 3948 itaque
1833 3893 1901 3932 ex
1933 3876 2106 3931 Estba

463 3962 602 4031 (hoc
639 3963 790 4018 enim
824 3981 1035 4019 nomen
1072 3964 1334 4021 mulieris
1369 3966 1544 4021 fuisse
1577 3965 1850 4037 traditur)
1881 3965 2107 4036 primus

464 4054 719 4109 Maltban
753 4071 786 4108 a
815 4053 1126 4110 Solomone
1157 4055 1438 4125 originem
1461 4055 1904 4122 trahens,Jacob
1933 4071 2108 4126 gene-

467 4145 556 4196 rat
604 4158 616 4196 :
674 4143 926 4197 Matthan
975 4153 1166 4197 autem
1225 4147 1473 4208 mortuo,
1535 4144 1743 4200 Melcbi
1791 4145 1862 4198 ad
1915 4145 2105 4214 ipsum

467 4227 690 4284 Nathan
733 4244 916 4300 genus
946 4233 1219 4299 referens,
1271 4231 1496 4286 viduam
1525 4231 1803 4296 relictam,
1837 4231 1959 4299 ipse
1991 4231 2110 4301 qui-

467 4320 598 4372 dem
641 4319 904 4389 ejusdem
954 4321 1166 4389 tribus,
1229 4321 1327 4376 sed
1378 4337 1493 4376 non
1543 4320 1800 4390 eiusdem
1855 4321 2106 4393 generis,

465 4406 641 4462 sicuti
671 4412 842 4463 antea
871 4407 1007 4477 dixi,
1043 4424 1274 4465 uxorem
1308 4409 1561 4477 duxit,et
1589 4427 1656 4466 ex
1684 4425 1751 4466 ea
1781 4409 1963 4466 filium
1985 4409 2108 4466 Heli

465 4497 746 4568 suscepit.
782 4496 899 4552 Hoc
940 4499 1125 4565 modo,
1159 4499 1520 4556 diversorum
1552 4502 1798 4554 duorum
1830 4515 2106 4571 generum

2220 3337 2441 3395 Ματθᾶν
2481 3337 2507 3390 ὁ
2563 3337 2671 3393 ἀπὸ
2715 3342 2813 3393 τοῦ
2873 3336 3204 3410 Σολομῶνος
3251 3338 3315 3392 τὸ
3371 3336 3531 3412 γένος
3582 3334 3828 3409 κατᾶγων,

2215 3433 2307 3486 τὸν
2363 3427 2556 3488 Ἰακὼϐ
2615 3433 2795 3510 γεννᾷ.
2861 3428 2957 3483 Καὶ
2986 3426 3411 3498 τελευτήσαντος
3457 3431 3556 3482 τοῦ
3613 3423 3826 3488 Ματθὶν,

2217 3520 2401 3596 Μελχὶ
2451 3521 2480 3574 ὁ
2520 3521 2626 3575 ἀπὸ
2673 3523 2771 3576 τοῦ
2825 3519 3002 3574 Νάθαν
3047 3518 3185 3572 κατᾶ
3227 3517 3379 3590 γένος
3429 3517 3825 3592 ἀναφερόμενος,

2217 3611 2579 3688 χηρεύουσαν,
2621 3608 2682 3664 ὲκ
2731 3609 2824 3680 μὶν
2871 3608 2972 3676 τῆς
3019 3606 3184 3661 αὐτοῦ
3223 3603 3423 3682 φυλῆς,
3473 3605 3524 3675 ἐξ
3573 3604 3741 3660 ἄλλου
3779 3598 3826 3654 δέ

2216 3699 2404 3777 γένους
2465 3695 2560 3768 ὤν,
2623 3699 2697 3760 ὡς
2753 3701 3040 3770 προεῖπον,
3107 3696 3370 3771 ἀγόμενος
3448 3695 3639 3761 αὐτὴν,
3696 3690 3826 3764 ἔσχεν

2216 3791 2332 3845 υἱὸν
2358 3789 2450 3845 τὸν
2499 3786 2674 3844 Ἡλεί.
2731 3785 2884 3842 Οὕτω
2930 3783 3204 3862 διαφόρων
3253 3781 3349 3839 δύο
3398 3787 3572 3859 γενῶν
3622 3783 3821 3853 εὑρήσο-

2219 3899 2314 3952 μεν
2347 3877 2442 3933 τόν
2471 3899 2531 3933 τε
2562 3871 2758 3934 Ἰακὼϐ
2788 3873 2877 3929 καί
2905 3875 2996 3929 τὸν
3044 3871 3220 3930 Ἠλεὶ.
3269 3871 3650 3946 ὁμομητρίους
3689 3865 3825 3922 ἄδελο

2215 3967 2387 4045 φοός·
2447 3968 2520 4021 ὢν
2567 3967 2595 4021 ὁ
2643 3962 2826 4040 ἕτερος
2883 3960 3142 4040 ἀδελφὸς,
3191 3961 3415 4018 ἀτέκνου
3462 3965 3562 4016 τοῦ
3616 3956 3825 4028 ἆδελοοῦ

2215 4058 2648 4126 τελευτήσαντος
2677 4052 2830 4111 Ἠλεὶ
2880 4053 2980 4122 τὴν
3027 4055 3257 4126 γυναῖκα
3301 4046 3656 4122 παραλαϐὼν,
3701 4045 3825 4118 ἐγέν-

2212 4165 2368 4216 νησεν
2415 4143 2468 4216 ἐξ
2518 4143 2688 4213 αὐτῆς
2732 4141 2913 4215 τρίτον
2960 4141 3054 4196 τὸν
3099 4140 3328 4216 Ἰωσήφ,
3375 4139 3514 4194 κατὰ
3552 4138 3700 4215 φύσιν
3747 4135 3824 4205 μὲν

2215 4235 2390 4306 ἑαυτῷ
2434 4234 2524 4288 καὶ
2570 4234 2707 4286 κατά
2759 4230 2944 4306 λόγον.
3004 4229 3098 4285 Διὸ
3146 4229 3484 4303 γέγραπται·
3549 4220 3732 4284 Ἰακὼϐ
3780 4219 3826 4276 δὲ

2214 4320 2459 4398 ἐγέννησε
2487 4320 2577 4376 τὸν
2639 4319 2876 4395 Ἰωσήφ·
2925 4316 3062 4371 κατὰ
3101 4315 3269 4390 νόμον
3301 4311 3360 4370 δὲ
3401 4317 3501 4368 τοῦ
3542 4313 3687 4372 Ἥλεὶ
3730 4309 3824 4368 υἱὸς

2215 4411 2282 4481 ἦν
2320 4429 2334 4444 ο
2391 4409 2580 4482 ἐκείνῳ
2637 4408 2740 4483 γάρ
2797 4411 2826 4461 ὁ
2885 4401 3081 4462 Ἰακὼϐ
3140 4401 3374 4482 ἀδελφὸς
3445 4401 3548 4474 ὤν,
3603 4403 3826 4468 ἀνέστησε

2217 4501 2498 4575 σπέρματα
2532 4517 2544 4531 ο
2605 4495 2794 4570 διόπερ
2861 4495 2964 4549 οὐκ
3039 4495 3446 4569 ἀκυρωθήσεται
3503 4493 3595 4546 καὶ
3645 4493 3679 4558 ἡ
3733 4488 3823 4543 κατ’

463 4587 706 4642 Jacobet
732 4585 852 4642 Heli
885 4586 1550 4660 exstitisse.eosdemque
1581 4589 1836 4646 uterinos
1861 4590 2099 4660 reperie-

2217 4589 2376 4644 αὗτὸν
2425 4584 2779 4665 γενεαλογίαο
2823 4584 2892 4654 ἦν
2939 4585 3217 4643 Ματθαῖος
3277 4583 3370 4656 μὶν
3413 4583 3442 4637 ὁ
3473 4577 3824 4666 εὖαγγελιστὴς

469 4691 600 4732 mus
624 4675 807 4730 fuisse
829 4675 1312 4738 fratres.Quorum
1338 4677 1578 4733 fratrum
1596 4678 1743 4735 alter
1769 4679 2110 4745 Jacob,alte~

467 4765 614 4832 rius,
646 4765 770 4822 Heli
801 4765 1042 4835 scilicet,
1064 4765 1159 4834 qui
1183 4765 1346 4822 nulla
1373 4775 1565 4824 creata
1586 4769 1742 4840 prole
1767 4771 2104 4840 decesserat,

469 4871 677 4912 uxores
707 4855 901 4923 ducta,
935 4855 1170 4910 tertium
1203 4871 1270 4911 ex
1301 4872 1368 4911 ea
1398 4859 1654 4929 suscepit
1690 4858 2008 4929 Josephurn
2043 4861 2107 4916 fi-

471 4947 639 5011 lium,
677 4944 845 5014 juxta
877 4951 1137 4999 naturam
1172 4945 1402 5016 quidem
1449 4951 1501 4999 et
1534 4947 1815 5003 rationem
1860 4948 1968 5003 sibi
2003 4949 2106 5020 ipsi

467 5036 911 5106 (proptereaque
967 5035 1246 5105 scriptum
1305 5038 1414 5101 est,
1453 5033 1632 5091 Jacob
1681 5040 1874 5092 autem
1908 5041 2110 5109 genuit

467 5123 725 5194 Josepb),
751 5123 918 5193 juxta
956 5123 1139 5194 legem
1165 5129 1385 5188 autem,
1416 5123 1527 5183 ipsi
1555 5124 1700 5196 Heli,
1735 5125 1782 5182 ei
1815 5127 1970 5182 enim
2003 5129 2112 5182 fra-

471 5217 558 5267 ter
583 5211 766 5266 Jacob
816 5227 1010 5266 semen
1047 5213 1374 5268 suscitavit.
1408 5213 1767 5286 Quapropter
1798 5233 1863 5270 ea
1892 5232 2020 5287 quae
2041 5218 2112 5270 de

469 5317 536 5356 eo
573 5300 783 5355 texitur
811 5299 1170 5369 genealogis,
1196 5301 1505 5370 irrita,non
1547 5309 1653 5358 est.
1687 5305 1868 5368 Quam
1903 5320 2112 5374 genea-

2218 4675 2699 4753 ἐξαριθμούμενος,
2758 4667 2954 4730 Ἰακὼϐ
3032 4668 3110 4741 δὲ,
3185 4671 3374 4750 φησὶν,
3451 4669 3691 4745 ἐγέννησε
3754 4665 3826 4753 τὸν

2219 4752 2443 4844 Ἰωσήφ,
2476 4771 2534 4820 ‘0
2579 4762 2636 4820 δὲ
2685 4767 2896 4824 Λουκᾶς
2944 4760 3241 4832 ἀνάπαλιν,
3284 4759 3342 4822 ὃς
3376 4758 3654 4834 ἐνομίζετο
3679 4777 3691 4791 ·
3734 4752 3824 4829 (ιιιέ

2216 4857 2318 4932 γὰρ
2366 4853 2527 4910 τοῦτο
2575 4853 2965 4928 προστίθησιν)
2997 4853 3097 4905 τοῦ
3145 4850 3369 4926 Ἰωσὴφ,
3418 4853 3518 4904 τοῦ
3565 4846 3723 4908 Ἠλεὶ,
3751 4846 3824 4898 τοῦ

2220 4943 2442 5019 Μελχί.
2502 4943 2581 5000 Τὰ
2629 4950 2732 5016 γάρ
2785 4941 2922 4994 κατᾶ
2967 4939 3143 5012 νόμου
3199 4939 3409 5012 γένεσιν
3464 4937 3765 5009 ἐπισημότε,
3801 4951 3824 4983 α

2221 5035 2318 5091 οὐκ
2347 5034 2410 5104 ἦν
2448 5033 2697 5103 ἐξειπεῖν.
2732 5031 2829 5086 Καὶ
2869 5027 2955 5099 τὸ,
3003 5030 3338 5102 Ἐγέννησεν,
3376 5025 3466 5082 ἐπὶ
3515 5035 3613 5097 τῆς
3646 5019 3826 5082 τοιᾶσδε

2220 5121 2566 5184 παιδοποιίας
2598 5123 2731 5196 ἄχρι
2779 5117 2972 5179 τέλους
3021 5116 3402 5188 ἀνεσιώπησε⁶
3455 5118 3556 5188 τήν
3599 5110 3826 5190 ἀναφοράν

2220 5212 2587 5284 ποιησάμενος
2634 5207 2739 5270 ἕως
2797 5211 2894 5263 τοῦ
2951 5204 3154 5279 Ἀδὰμ,
3206 5209 3305 5260 τοῦ
3361 5209 3518 5272 Θεοῦ,
3575 5205 3685 5259 κατ’
3731 5199 3827 5256 ἀνά·

2223 5302 2402 5356 λυσιν.
2442 5323 2470 5351 ››

472 5389 688 5460 logiam
743 5387 1463 5461 Matthaeus_'evangelista
1509 5395 1909 5459 dinumerans,
1960 5393 2141 5450 Jacob
2208 5398 2402 5451 autem
2463 5389 2702 5463 (inquit)
2759 5387 2965 5462 genuit
3003 5387 3214 5458 Ioseph
3264 5403 3276 5440 :
3331 5387 3516 5444 Lucas
3566 5403 3706 5448 vero.
3748 5383 3822 5454 qui

471 5485 612 5545 erat,
639 5483 702 5534 ut
732 5479 1052 5550 putabatur
1091 5478 1251 5548 (nam
1294 5491 1344 5536 et
1403 5482 1508 5538 hoc
1540 5483 1748 5554 addit),
1779 5484 2018 5553 Josepb,
2050 5484 2150 5556 qui
2188 5481 2490 5554 fuitheli,
2523 5482 2626 5552 qui
2658 5479 2886 5535 Melcbi.
2919 5477 2999 5534 De
3038 5477 3413 5550 generatione
3443 5478 3594 5533 enim
3625 5493 3686 5534 ea
3727 5488 3822 5548 que

470 5587 540 5625 ex
569 5569 990 5625 consuetudine
1020 5578 1077 5623 et
1109 5571 1443 5640 praescripto
1475 5575 1620 5643 legis
1665 5583 1774 5640 est,
1823 5574 2251 5642 significantius
2283 5574 2598 5645 quidquam
2635 5571 2824 5625 uicere
2881 5585 2995 5624 non
3063 5567 3269 5639 potuit.
3313 5566 3380 5623 Et
3433 5567 3688 5634 verbum,
3741 5565 3822 5619 Ge-

475 5658 628 5722 nuit,
675 5661 732 5712 in
776 5657 883 5713 bac
935 5662 1325 5730 parandarum
1369 5665 1538 5732 quasi
1585 5679 1684 5735 per
1732 5663 2100 5734 adoptionem
2149 5663 2461 5720 liberorum
2511 5659 2755 5728 ratione,
2805 5673 2908 5732 per
2957 5655 3152 5714 omnia
3181 5656 3254 5712 ad
3301 5656 3480 5714 finem
3511 5672 3692 5730 usque
3713 5651 3819 5711 sub-

481 5747 674 5818 ticuit,
699 5745 981 5803 relatione
1011 5745 1238 5820 generis
1269 5765 1454 5823 usque
1483 5753 1553 5810 ad
1584 5752 1780 5826 ipsum
1809 5753 2012 5825 Adam,
2047 5753 2149 5827 qui
2177 5752 2288 5811 fuit
2324 5750 2427 5810 Dei
2454 5766 2558 5824 per
2585 5747 2985 5806 recensionem
3015 5745 3189 5805 facta.
3219 5767 3246 5796 ιο
