4100 6218
268 382 402 445 665

1310 379 1928 443 ECCLESIASTICIE
1968 379 2368 443 HISTORIE
2407 378 2562 441 LIB.
2606 377 2657 438 Ι.

3564 372 3687 436 666

355 517 480 573 Ἐπὶ
527 515 743 577 τούτοις
796 517 863 568 τὰ
915 515 1052 570 κατὰ
1107 517 1206 584 τήν
1231 527 1414 588 γενεαν
1445 511 1694 584 Ἡρώδου
1741 512 1930 590 ἑφεξῆς

2116 513 2368 571 Posthac
2399 513 2645 570 Herodis
2675 528 2859 584 genus
2907 511 3110 569 ordine
3152 510 3462 569 Africanus
3494 526 3689 582 prose-

277 606 310 660 6
360 606 688 681 Ἀφρικανὸς
736 602 1070 678 καταλέγων,
1114 603 1173 657 ἐκ
1218 608 1328 658 τῶν
1376 608 1646 676 συγγενῶν
1699 604 1933 676 Χριστοῦ

278 693 719 767 παρειλημμένα
758 692 958 747 οὑτωσί
993 713 1110 754 πως
1162 689 1379 760 διέξεισι
1417 711 1428 723 ’
1475 714 1500 744 ι
1542 696 1656 746 Τῶν
1717 688 1933 765 Ἑϐραϊ.

279 789 396 837 κῶν
435 788 604 857 γενῶν
653 781 1011 856 ἀναγραπτων
1062 780 1113 834 ἐν
1160 787 1276 841 τοῖς
1325 780 1567 855 ἀρχείοις
1623 778 1810 838 ὄντων.
1843 780 1932 834 καὶ

277 877 396 926 τῶν
448 873 580 946 ἄχρι
647 869 1008 945 προσηλύτων
1072 869 1503 944 ἀναφερομένων,
1559 867 1663 929 ἕως
1724 868 1933 944 ’Δχιὼρ

279 966 386 1014 τοῦ
420 959 730 1031 ’Δμανίτου,
790 959 878 1011 καὶ
933 959 1096 1013 Ῥούθ
1154 964 1252 1024 τῆς
1311 952 1681 1021 Μωαϐίτιδος,
1713 963 1820 1011 τῶν
1876 977 1936 1011 τε

281 1050 380 1104 ἀπ’
428 1049 710 1123 Αἰγύπτου
759 1049 1187 1102 συνεκπεσόντων
1237 1045 1561 1117 έπιμίκτων,
1609 1049 1636 1102 ὁ
1683 1045 1933 1121 Ἡρώδης

282 1136 445 1193 οὗδέν
472 1159 524 1192 τι
554 1132 1014 1210 συμϐαλλομένου
1043 1140 1140 1190 τοῦ
1189 1141 1296 1190 τῶν
1345 1133 1698 1208 Ἰσραηλιτῶν
1747 1137 1935 1210 γένους

279 1225 460 1297 αὒτῷ,
499 1226 588 1281 καὶ
636 1230 716 1298 τῷ
764 1222 1034 1280 συνειδότι
1078 1231 1180 1293 τῆς
1233 1220 1538 1301 δυσγενείας
1582 1223 1936 1299 κρουόμενος,

281 1316 581 1388 ἐνεπρησεν
612 1315 794 1370 αὐτῶν
823 1313 918 1375 τὰς
966 1312 1275 1388 ἀναγραφὰς
1325 1317 1430 1368 τῶν
1475 1317 1646 1387 γενῶν
1678 1329 1693 1343 ⁸
1745 1312 1939 1385 οἰόμε-

279 1426 379 1466 νος
406 1405 656 1479 ιεύγενής
715 1404 1116 1479 ἀναφανεῖσθαι,
1173 1406 1252 1474 τῷ
1305 1399 1435 1476 μηδ’
1483 1401 1655 1458 ἄλλον
1704 1399 1848 1477 ἔχειν
1879 1400 1938 1456 ἐκ

279 1492 568 1564 δημοσίου
635 1499 949 1566 συγγραφῆς
1006 1492 1068 1546 τὸ
1147 1491 1300 1565 γένος
1347 1489 1560 1564 ἀνάγειν
1641 1489 1727 1546 ἐπὶ
1809 1490 1937 1551 τοὺς

279 1583 632 1654 πατριάρχας
689 1581 724 1648 ἢ
776 1579 1184 1654 προσηλύτους,
1240 1579 1365 1640 τούς
1431 1599 1489 1634 τε
1563 1577 1938 1650 καλουμένους

280 1673 522 1743 γειώρας
570 1670 698 1732 τοὺς
747 1667 1066 1741 ἐπιμίκτους
1109 1687 1122 1700 °
1153 1667 1363 1740 ιὸλίγοι
1408 1665 1465 1722 δὲ
1494 1672 1603 1723 τῶν
1635 1666 1937 1738 έπιμελῶν,

284 1759 572 1823 ἰδιωτικὰς
652 1760 865 1821 ἑαυτοῖς
952 1759 1295 1838 ἀπογφαφὰς,
1352 1760 1386 1830 ἢ
1476 1759 1940 1832 μνημονεύσαντες

280 1854 398 1904 τῶν
442 1849 749 1920 ὀνομάτων,
801 1847 835 1916 ἢ
896 1844 1083 1910 ἄλλως
1143 1843 1359 1921 ἔχοντες
1420 1867 1434 1880 ⁸
1485 1846 1538 1917 ἐξ
1575 1847 1936 1924 ἀντιγράφων,

282 1934 692 2012 ἐναϐρύνονται,
743 1937 1062 2010 σωζομένης
1108 1941 1177 2012 τῇ
1231 1940 1422 2012 μνήμῃ
1471 1936 1572 2004 τῆς
1622 1937 1885 2013 εὐγενείας
1920 1955 1933 1970 °

284 2030 362 2082 ὧν
405 2026 702 2103 έτύγχανον
753 2028 804 2082 οἱ
855 2028 1244 2102 προειρημένοι
1297 2024 1613 2082 δεσπόσυνοι
1659 2025 1938 2097 καλούμε-

282 2139 371 2172 νοι
421 2114 509 2170 διὰ
551 2117 649 2184 τήν
695 2115 830 2189 πρὸς
871 2115 934 2170 τὸ
983 2117 1253 2189 σωτήριον
1298 2114 1446 2189 γένος
1494 2117 1801 2193 συνάφειαν,
1835 2113 1940 2169 ἀπό

278 2227 340 2260 τε
403 2209 666 2278 Ναζαρῶν
726 2205 816 2259 καὶ
883 2200 1129 2278 Χωχαὸἆ
1204 2210 1407 2276 κωμῶν
1483 2203 1794 2261 Ἰουδαϊκῶν
1870 2207 1938 2276 τῇ

279 2295 461 2366 λοιπῇ
525 2299 598 2368 γῇ
657 2293 1101 2366 ἐπιφοιτήσαντες
1162 2337 1172 2349 .
1241 2294 1332 2349 καὶ
1407 2296 1508 2363 τὴν
1575 2291 1938 2367 προκειμένην

247 2383 638 2460 ’γενεαλογίαν
667 2378 728 2438 ἔκ
755 2403 814 2437 τε
860 2391 958 2451 τῆς
1019 2378 1215 2456 βίϐλευ
1264 2389 1370 2438 τῶν
1433 2385 1655 2456 ἡμερῶν
1711 2382 1762 2443 ἐς
1821 2379 1936 2436 ἴσον

279 2475 592 2545 ἐξικνοῦντο
623 2471 1044 2548 ἐξηγησάμενοι.
1082 2473 1194 2528 Εἶτ’
1226 2471 1317 2527 οὖν
1365 2471 1560 2542 οὕτως,
1607 2471 1702 2525 εἶτ’
1749 2470 1936 2532 ἄλλως

282 2557 426 2636 ἔχει,
489 2560 811 2637 σαφεστέραν
872 2561 1128 2635 ἐξήγησιν
1177 2559 1276 2615 οὐκ
1331 2558 1392 2614 ἃν
1442 2557 1564 2634 ἔχοι
1621 2581 1704 2621 τις
1753 2557 1939 2620 ἄλλως

281 2651 539 2723 ἐξευρεῖν,
590 2651 664 2712 ὡς
719 2643 893 2724 ἔγωγε
958 2649 1196 2721 νομίζω,
1245 2653 1348 2710 πᾶς
1405 2670 1465 2724 γε
1521 2649 1579 2710 ὃς
1638 2649 1936 2722 εὐγνώμων

280 2741 564 2813 τυγχάνει.
601 2739 697 2793 Καὶ
761 2739 887 2810 ὑμῖν
929 2735 1064 2806 αὕτη
1104 2736 1336 2808 μελέτω,
1385 2737 1430 2791 εἱ
1488 2738 1576 2791 καὶ
1626 2736 1937 2811 ἀμάρτυρός

285 2829 423 2895 ἐστι,
454 2833 535 2899 τῷ
584 2830 661 2900 μή
717 2827 998 2901 κρείττονα
1045 2827 1078 2895 ἦ
1129 2827 1494 2900 ἀληθέστερον
1546 2821 1691 2900 ἔχειν
1748 2826 1936 2881 εἰπεῖν·

281 2917 355 2973 Τὸ
385 2920 446 2993 γέ
483 2939 569 2972 τοι
619 2920 764 2972 θεῖον
825 2917 914 2971 καὶ
965 2917 1108 2990 ἱερὸν
1160 2914 1484 2991 Εὐαγγέλιον
1533 2917 1742 2976 πάντως
1793 2914 1938 2986 ἀλη-

283 3008 448 3064 Θεύει.
504 3007 606 3064 Καὶ
652 3012 821 3063 ταῦτα
852 3004 899 3061 δ’
944 3005 996 3060 ἐν
1049 3011 1128 3078 τῷ
1180 3005 1324 3060 τέλει
1370 3011 1469 3072 τῆς
1502 3004 1796 3080 εἰρημένης
1824 3004 1938 3058 ἐπι-

283 3095 492 3165 στολῆς
543 3094 837 3163 ἰπιτίθησι.
873 3095 1092 3151 Ματθάν
1140 3099 1168 3150 6
1219 3093 1323 3149 ὰπὸ
1382 3093 1734 3166 Σαλομῶνος,
1794 3093 1942 3168 ἐγέν-

283 3206 416 3255 νησε
445 3157 537 3240 τόν
572 3157 789 3241 Ἰακώϐ.
845 3183 1054 3240 Μετθὰν
1107 3183 1490 3249 ἀποθανόντος,
1524 3157 1765 3256 δίελχίὸ
1828 3157 1932 3237 απὸ
1963 3157 2006 3226 C

284 3277 465 3329 Νάθαν
527 3273 586 3329 ἐκ
638 3281 740 3341 τῆς
797 3272 961 3329 αὐτοῦ
1015 3273 1268 3345 γυναικὸς
1327 3271 1578 3348 ἐγέννησε
1633 3273 1725 3326 τὸν
1768 3272 1938 3328 Ἡλεί.

285 3367 656 3438 Ὀμομήτριοι
716 3361 815 3436 ἄρα
873 3360 1099 3438 ἀδελφοί
1163 3361 1318 3417 Ἠλεὶ
1380 3361 1470 3415 καὶ
1521 3358 1740 3419 Ἰακώϐ.
1790 3362 1942 3417 Ἠλεὶ

283 3456 508 3510 ἀτέχνου
577 3453 966 3518 ἀποθανόντος,
1027 3453 1054 3507 6
1143 3445 1336 3507 Ἰακὼϐ
1417 3450 1700 3519 ἀνέστησεν
1796 3451 1943 3522 αὐτῷ

285 3541 530 3617 σπὲγμα,
588 3544 846 3617 γεννήσας
903 3543 994 3596 τὸν
1043 3543 1249 3620 Ἰωσήφ
1321 3540 1458 3596 κατὰ
1513 3540 1668 3616 φύσιν
1746 3541 1939 3612 ἑαυτῷ,

286 3633 429 3687 κατὰ
457 3632 626 3701 νόμον
671 3628 726 3685 δὲ
763 3635 842 3701 τῷ
887 3630 1039 3687 Ἠλεί
1072 3649 1085 3662 °
1143 3630 1313 3691 οὕτως
1363 3630 1686 3704 ἀμφοτέρων
1712 3629 1780 3697 ἦν
1826 3630 1942 3691 υἱὸς

292 3724 322 3777 ὂ
355 3721 581 3797 Ἰωσήφ.
615 3743 645 3772 »ι

2042 609 2230 670 cutus,
2265 620 2296 658 a
2328 602 2671 674 propinquis
2703 608 2761 658 et
2801 602 3063 672 cognatis
3095 600 3308 656 Christi
3340 617 3408 656 ea
3437 618 3566 673 quas
3595 617 3688 657 se-

2043 697 2304 761 quuntur
2341 696 2594 760 accepta,
2643 691 2713 746 ad
2765 690 2920 745 hunc
2970 691 3202 745 modum
3251 689 3503 761 exponit.
3537 689 3682 746 Cum

2044 780 2456 836 Hebraicarum
2491 777 2848 834 familiarum
2881 777 3230 849 genealogis;
3262 779 3320 832 in
3353 777 3570 848 scripta
3598 795 3685 834 re-

2045 868 2190 934 latas,
2224 869 2282 924 in
2313 868 2557 924 archivis
2585 874 2642 922 et
2672 866 2903 938 publico
2955 866 3261 932 tabulario,
3293 871 3466 937 atque
3495 866 3555 922 in
3587 867 3685 922 his

2045 957 2220 1013 etiam
2251 973 2451 1013 eorum
2501 956 2597 1027 qui
2631 956 2700 1010 ad
2744 955 3062 1028 proselytos
3103 960 3162 1011 et
3191 956 3464 1026 advenas,
3497 972 3684 1028 usque

2045 1048 2117 1102 ad
2148 1046 2360 1102 Achior
2389 1045 2733 1112 Amanitem,
2779 1053 2833 1099 et
2863 1045 3044 1114 ipsam
3096 1043 3244 1099 Ruth
3290 1043 3683 1110 Moabitidem,

2047 1136 2257 1206 quique
2295 1137 2366 1191 ad
2416 1153 2514 1191 eos
2563 1133 2662 1205 qui
2693 1151 2762 1189 ex
2792 1134 3032 1205 Egypto
3066 1135 3390 1204 promiscue
3423 1137 3689 1205 prognati

2048 1227 2406 1298 prodierunt,
2453 1225 2866 1290 referebantur,
2899 1230 3336 1281 asservarentur
3364 1241 3377 1279 :
3402 1227 3680 1293 Herodes,

2047 1317 2199 1387 quod
2235 1315 2378 1372 nihil
2410 1315 2481 1370 ad
2513 1331 2647 1370 eum
2681 1313 3071 1371 Israelilarum
3121 1329 3304 1386 genus
3349 1316 3684 1384 pertineret,

2048 1409 2106 1460 et
2135 1407 2284 1476 quod
2315 1403 2693 1460 obscuritatis
2721 1419 2838 1459 suae
2855 1404 2967 1459 sibi
2987 1405 3256 1459 conscius
3277 1412 3450 1470 esset,
3473 1420 3542 1460 ea
3560 1404 3690 1476 ipsa

2047 1493 2514 1566 genealogiarum
2547 1495 2909 1548 monimenta
2939 1493 3284 1559 combussit,
3311 1493 3408 1549 12
3442 1498 3565 1549 tum
3599 1492 3697 1549 de-

2048 1600 2211 1638 mum
2262 1599 2324 1639 se
2374 1582 2628 1638 nobilem
2678 1599 2883 1652 genere
2923 1588 2980 1637 et
3030 1581 3309 1638 illustrem
3359 1583 3534 1654 vulgo
3577 1582 3692 1638 fore

2048 1679 2281 1744 putans,
2312 1672 2361 1727 si
2396 1687 2576 1741 neque
2606 1670 2756 1726 alius
2789 1669 3100 1741 quisquam
3131 1688 3200 1725 ex
3225 1670 3454 1740 publico
3477 1671 3690 1741 scripto

2047 1779 2230 1835 genus
2260 1779 2435 1817 suum
2486 1764 2552 1817 ad
2588 1762 2743 1832 ipsos
2794 1761 3150 1832 patriarchas
3201 1769 3300 1816 aut
3343 1761 3687 1834 proselytos,

2046 1855 2312 1925 ipsosque
2343 1851 2518 1907 etiam
2549 1850 2903 1921 alienigenas
2929 1850 3312 1922 promiscuos,
3335 1849 3433 1922 qui
3464 1852 3686 1926 γειῶραι

2043 1940 2422 2007 vacabantur,
2475 1941 2686 1996 referre
2735 1948 2946 2011 posset.
2999 1939 3168 1996 Pauci
3214 1955 3354 1995 sane
3386 1938 3691 2012 diligentes

2045 2032 2336 2100 homines,
2389 2031 2642 2102 privatos
2688 2030 2797 2086 sibi
2839 2030 2984 2102 ipsis
3031 2028 3494 2101 genealogiarum
3528 2044 3690 2086 com-

2042 2123 2380 2188 meniarios,
2413 2127 2516 2175 aut
2547 2119 2788 2175 nomina
2808 2119 2935 2192 ipsa
2971 2118 3250 2176 memoria
3279 2124 3561 2189 tenentes,
3592 2123 3695 2174 aut

2041 2227 2106 2266 ea
2136 2212 2210 2266 ab
2256 2209 2687 2279 exemplaribus
2736 2214 3021 2280 petentes,
3077 2207 3272 2265 studio
3302 2224 3370 2265 eo
3399 2207 3690 2278 delectati,

2044 2299 2427 2355 condiderunt
2475 2314 2488 2352 :
2536 2313 2639 2369 per
2689 2314 2838 2370 quos
2890 2297 3211 2354 nobilitatis
3262 2298 3544 2354 memoria
3597 2301 3688 2354 est

2043 2393 2406 2446 conservata.
2459 2388 2518 2443 In
2569 2404 2668 2443 eos
2715 2386 3166 2444 commentarios
3214 2387 3563 2451 inciderunt,
3612 2387 3684 2443 de

2045 2477 2258 2547 quibus
2277 2476 2528 2532 diximus
2560 2472 2901 2544 δεσπόσυνοι,
2933 2493 3033 2532 seu
3065 2471 3400 2544 δεσποτικοὶ,
3435 2477 3540 2532 hoc
3571 2480 3681 2545 est,

2045 2565 2328 2621 Dominici
2375 2580 2476 2621 seu
2536 2564 2838 2621 Domicelli
2893 2575 2946 2620 et
3005 2564 3216 2620 heriles
3263 2564 3683 2638 cognominati,

2044 2659 2281 2726 propter
2317 2670 2443 2710 eam
2492 2671 2621 2726 qua
2669 2653 2788 2710 illis
2834 2671 2967 2710 cum
3019 2655 3311 2711 Servatore
3367 2654 3690 2711 intercessit

2043 2743 2276 2815 generis
2305 2743 2777 2814 conjunctionem
2812 2759 2826 2798 :
2861 2743 2961 2814 qui
2992 2760 3060 2798 ex
3091 2742 3323 2799 Nazaris
3341 2750 3398 2800 et
3425 2743 3692 2800 Chocaba

2041 2833 2257 2888 Judaas
2287 2833 2452 2900 vicis,
2484 2832 2844 2904 frequentius
2867 2832 3153 2904 reliquam
3181 2839 3394 2889 terram
3418 2835 3690 2903 visenles,

2043 2923 2336 2992 ejusmodi
2367 2922 2764 2992 genealogiam
2796 2923 2972 2979 etiam
3023 2938 3091 2978 ex
3120 2923 3465 2978 diurnarum
3501 2939 3690 2978 rerum

2048 3011 2237 3078 libris,
2286 3012 2472 3081 quoad
2524 3016 2808 3082 poterant,
2861 3011 3194 3083 vulgarunt.
3234 3015 3540 3078 Ceterum,
3571 3012 3694 3067 sive

2051 3101 2153 3168 ita,
2185 3117 2286 3156 seu
2321 3100 2491 3156 aliter
2519 3117 2582 3155 se
2631 3118 2722 3157 res
2769 3101 3002 3168 habeat,
3034 3100 3435 3157 dilucidiorem
3466 3101 3694 3174 exposi-

2052 3190 2270 3246 tionem
2318 3189 2468 3246 alius
2514 3189 2832 3262 quisquam
2884 3208 3000 3246 non
3054 3191 3389 3248 invenerit:
3443 3197 3507 3247 ut
3552 3191 3696 3248 mihi

2051 3281 2306 3350 quidem,
2331 3285 2388 3336 et
2413 3279 2732 3351 unicuique
2763 3280 2863 3352 qui
2889 3296 3055 3352 equo
3079 3281 3442 3351 candidaque
3465 3281 3702 3353 ingenio

2051 3364 2332 3438 preditus
2381 3366 2477 3433 sit,
2527 3366 2775 3422 videtur.
2829 3368 2962 3424 Eam
3003 3384 3136 3424 vero
3168 3368 3278 3439 ipsi
3309 3383 3541 3440 quoque
3568 3384 3706 3440 pro-

2053 3456 2202 3522 bate,
2218 3457 2490 3527 quamvis
2514 3455 2672 3514 nullo
2689 3463 2844 3514 certo
2867 3459 3199 3514 testimonio
3222 3459 3299 3514 sit
3317 3459 3660 3515 confirmata
3687 3475 3700 3513 :

2052 3546 2205 3615 quod
2250 3545 2472 3600 scilicet
2515 3547 2732 3603 certius
2777 3552 2877 3602 aut
2906 3547 3096 3603 verius
3146 3548 3466 3618 quidquam
3507 3548 3699 3603 aﬁ'erri

2055 3637 2324 3704 nequeat.
2358 3633 2556 3706 Ipsum
2600 3652 2748 3692 sane
2787 3636 3023 3707 quidem
3055 3636 3315 3691 divinum
3347 3651 3702 3708 sacrumque

2056 3720 2429 3793 Evangelium
2470 3725 2629 3780 omni
2679 3741 2746 3780 ex
2794 3729 2956 3796 parte
3005 3741 3202 3780 verum
3261 3729 3372 3780 est.
3431 3725 3540 3780 Sed
3601 3725 3698 3779 illa

293 3826 529 3882 quoque
559 3811 616 3865 in
664 3810 777 3865 fine
815 3812 962 3878 ejus,
1007 3826 1182 3879 quam
1238 3809 1512 3875 diximus,
1562 3807 1818 3877 epistolas
1867 3808 2033 3864 addit
2071 3827 2084 3864 :
2122 3809 2388 3868 Matthan
2437 3830 2472 3868 a
2520 3814 2833 3870 Salomone
2884 3813 3249 3886 proveniens,
3282 3814 3482 3887 genuit
3509 3813 3693 3869 Jacob

295 3899 562 3954 Mattban
599 3907 846 3962 mortuo,
880 3898 1083 3954 Melchi
1115 3915 1146 3951 a
1180 3900 1405 3952 Nathan
1456 3902 1639 3951 ortum
1685 3898 1922 3962 ducens,
1973 3913 2042 3953 ex
2081 3902 2327 3972 conjuge
2381 3902 2511 3973 ejus
2557 3903 2879 3975 procreavit
2908 3903 3053 3958 Heli.
3087 3901 3306 3959 Uteriui
3337 3902 3534 3974 itaque
3565 3905 3706 3957 sunt

296 3992 510 4044 fratres
541 3989 666 4044 Heli
697 3994 753 4044 et
780 3989 981 4044 Jacob.
1016 3987 1162 4051 Heli,
1205 3989 1428 4057 absque
1473 3985 1668 4041 sobole
1717 3995 2002 4058 suscepta,
2053 3988 2350 4058 defuncto,
2397 3991 2577 4048 Jacoh
2624 3992 2675 4048 ei
2724 4009 2923 4048 semen
2976 3992 3380 4049 resuscitavit:
3422 4002 3476 4048 et
3506 3993 3701 4064 ipsum

289 4079 615 4149 Josephum
649 4079 758 4135 sibi
789 4081 896 4148 ipsi
952 4078 1185 4149 quidem
1237 4078 1401 4146 iuxta
1451 4083 1744 4143 naturam,
1805 4076 1915 4146 ipsi
1967 4083 2161 4134 autem
2210 4080 2334 4137 Heli
2376 4084 2545 4152 juxta
2589 4083 2801 4155 legem,
2847 4083 3072 4155 genuit.
3121 4083 3213 4138 Sic
3250 4085 3557 4140 amborum
3603 4083 3704 4138 Jo-

291 4168 438 4238 seph
472 4168 628 4222 [ilius
664 4170 790 4223 fuit.
827 4190 854 4216 ››

365 4259 537 4310 Ταῦτα
599 4257 693 4325 μὲν
743 4256 770 4309 6
829 4254 1172 4330 Ἀφρικανάς.
1221 4253 1517 4327 Συνᾶγεται
1559 4251 1742 4306 τοίνυν
1784 4249 1946 4306 δυνά-

296 4364 386 4416 μει
440 4345 528 4398 καὶ
585 4345 684 4412 τὴν
744 4345 952 4416 Μαρίαν
1021 4342 1080 4398 ἐκ
1136 4350 1235 4411 τῆς
1303 4341 1450 4412 αὐτῷ
1514 4339 1724 4410 ἐκείνης
1809 4341 1945 4395 εἶναι

294 4433 474 4510 φυλῆς
511 4451 524 4465 ·
586 4433 703 4486 ἐπεί
762 4432 847 4487 τοί
905 4453 968 4506 γε
1021 4433 1157 4487 κατᾶ
1212 4433 1306 4486 τὸν
1363 4430 1605 4494 Μωσέως
1629 4431 1820 4503 νόμον,
1851 4431 1949 4499 τήν

296 4521 477 4598 φυλὴν
515 4522 592 4591 μή
623 4518 820 4584 ἄλλαις
861 4519 1061 4596 φυλαῖς
1109 4520 1498 4594 ἐπιμίγνυσθαι
1550 4519 1779 4591 ὥρισται
1815 4537 1827 4550 ·
1857 4517 1951 4573 ’ίνα

295 4611 397 4683 γὰρ
459 4613 536 4681 μὴ
579 4613 606 4663 ὁ
665 4611 871 4686 κλῆρος
929 4611 1035 4665 ἀπὸ
1091 4609 1269 4686 φυλῆς
1326 4609 1402 4672 εἰς
1457 4607 1636 4680 φυλήν
1664 4607 1949 4684 περιστρέ-

297 4722 478 4781 φοιτο,
511 4701 615 4756 απὸ
667 4705 764 4756 τοῦ
821 4701 988 4756 αὐτοῦ
1037 4700 1218 4772 δήμου
1265 4699 1486 4768 καὶτῆς
1540 4700 1708 4768 αὐτῆς
1727 4705 1956 4775 πατριᾶς

296 4792 393 4854 τὰς
424 4795 533 4846 τῶν
556 4791 751 4864 γάμων
787 4789 1058 4863 ἐπιμιξίας
1089 4790 1449 4863 ἐνομοθέτησε
1475 4789 1734 4863 γίνεσθαι.

911 5016 1177 5067 ΚΕΦᾹΛ.
1224 5011 1324 5066 ῘΒ’.

301 5123 605 5194 Περὶ-τῆς
657 5118 844 5180 θείας
889 5120 1263 5194 γενχήσεως
1308 5121 1424 5194 τοῦ
1465 5117 1713 5190 Κυρίου
1763 5118 1954 5191 ἡμῶν

369 5185 606 5264 Ἰησοῦ
637 5185 927 5264 ξριστοῦ
963 5209 975 5222 ·
1011 5185 1108 5245 ἕτί
1144 5187 1394 5264 δὲῂπλερί
1436 5185 1952 5264 τῆςσιεριτομῆς

369 5259 1044 5337 καίᾐτῆςῦίπαπαντῆς
1087 5281 1099 5293 ·
1133 5261 1240 5316 καὶ
1282 5259 1606 5336 δὶήγησις
1642 5259 1791 5337 {rapi
1825 5259 1949 5318 -Συο

372 5333 546 5404 μεών
575 5337 688 5387 τοῦ
718 5330 1074 5408 θεοδόχου.

372 5523 470 5574 Καὶ
528 5517 596 5589 δὴ
653 5523 748 5574 τοῦ
787 5516 1065 5596 δόγματος
1117 5517 1556 5592 κατεπείγοντος,
1605 5517 1696 5573 καὶ
1745 5517 1948 5594 Ἰωσὴφ

303 5608 514 5681 σ-3ναμα
571 5613 640 5675 τῆ
696 5611 904 5682 μνηστῇ
960 5607 1188 5681 Μαριὰμ
1240 5611 1323 5679 τῷ
1391 5607 1652 5686 ὑπερφυεῖ
1727 5607 1948 5685 κούφως

307 5697 618 5774 βαρουμένῃ
651 5697 857 5777 φόρτῳ,
889 5697 1051 5773 ἀπῄει
1091 5699 1157 5772 τῇ
1205 5693 1424 5772 πατρίδι
1473 5697 1948 5774 ἃπογραψόμενος.

2128 4257 2255 4314 Haec
2277 4261 2510 4330 quidem
2545 4262 2630 4319 sic
2657 4263 2984 4319 Africanus.
3015 4267 3180 4320 Certo
3210 4267 3404 4319 autem
3429 4261 3699 4336 colligere

2059 4363 2292 4418 quoque
2320 4347 2473 4418 licet,
2496 4352 2731 4408 Mariam
2763 4352 2950 4424 ipsam
2977 4369 3041 4408 ex
3066 4353 3292 4420 eadem,
3316 4367 3438 4424 qua
3457 4352 3698 4424 Josephi

2062 4439 2188 4499 fuit,
2257 4441 2434 4496 fuisse
2483 4442 2659 4507 tribu,
2709 4443 3180 4515 quandoquidem
3237 4461 3308 4498 ex
3365 4442 3701 4516 praescripto

2061 4525 2205 4597 legis
2249 4530 2534 4597 Moesica,
2584 4531 2801 4586 tribum
2847 4531 2959 4588 alia
2988 4533 3141 4588 tribu
3174 4533 3554 4589 commiscere
3584 4547 3707 4602 pro-

2061 4616 2306 4672 hibitum
2341 4623 2449 4674 est.
2485 4623 2557 4674 Ut
2604 4636 2856 4692 namque
2903 4620 3264 4678 hereditates
3295 4627 3354 4677 et
3382 4620 3707 4678 successio-

2067 4721 2168 4760 nes
2200 4706 2486 4763 bouorum
2517 4725 2551 4764 a
2580 4709 2734 4767 tribu
2761 4710 2818 4766 in
2844 4713 3062 4766 tribum
3086 4728 3198 4767 non
3233 4710 3703 4775 transferrentur,

2064 4811 2131 4850 ex
2159 4797 2353 4852 eadem
2386 4803 2557 4869 gente
2587 4803 2644 4854 et
2666 4799 2884 4856 familia
2902 4801 3236 4870 nuptiarum
3262 4796 3702 4868 conjuuctiones

2062 4885 2321 4940 contrahi
2352 4885 2580 4952 debere,
2612 4887 2911 4958 legislator
2937 4888 3206 4943 decrevit.

2619 5014 2715 5070 78
2754 5012 2985 5069 CAPUT
3022 5011 3138 5068 ΧΠ.

2065 5120 2133 5176 De
2153 5119 2482 5177 admiranda
2513 5131 2567 5178 et
2595 5123 2783 5180 divina
2815 5122 3103 5179 nativitate
3133 5121 3352 5178 Domini
3380 5124 3552 5178 nostri
3579 5123 3707 5178 Iesu

2133 5191 2341 5248 Christi
2371 5213 2388 5248 :
2419 5194 2648 5267 itemgdie
2673 5195 2910 5267 ejusdem
2956 5193 3389 5267 circumcisione,
3431 5199 3485 5247 et
3513 5193 3702 5249 obvia-

2129 5267 2292 5328 lione,
2327 5280 2456 5336 qua?
2512 5266 2566 5321 ei
2610 5266 2835 5322 honoris
2877 5282 3043 5321 causa
3094 5268 3150 5319 in
3203 5266 3400 5332 templo
3423 5267 3572 5332 facta
3600 5271 3700 5321 est.

2131 5336 2260 5390 Item
2307 5340 2750 5393 commemoratio
2797 5339 2861 5394 de
2910 5337 3190 5408 Symeone,
3243 5352 3338 5408 qui
3385 5352 3505 5391 eum
3551 5337 3702 5391 ulnis

2126 5409 2238 5462 suis
2266 5409 2497 5479 exrepit.

2132 5512 2342 5571 Verum
2391 5514 2708 5579 enimvero,
2761 5515 2951 5571 edicto
2990 5521 3250 5587 cogente,
3300 5532 3433 5573 cum
3482 5516 3696 5590 Joseph

2055 5603 2232 5659 simul
2265 5619 2394 5658 cum
2424 5619 2642 5674 sponsa
2679 5603 2881 5672 Maria,
2917 5607 3144 5677 pondus
3175 5608 3390 5664 ventris
3427 5612 3699 5664 naturam

2066 5693 2255 5765 ipsam
2287 5709 2732 5768 supergressum
2781 5695 2986 5753 leviter
3026 5697 3343 5754 admodum
3376 5697 3614 5765 ferente,
3644 5697 3703 5754 in
