4100 6218
246 2538 255 2547 ι
355 2503 533 2573 atque
556 2501 753 2558 divina
798 2505 885 2558 est
913 2506 1247 2560 consecuta.
1285 2503 1546 2576 Namque
1587 2521 1706 2561 una
1735 2521 1868 2562 cum
1901 2506 2001 2563 illo

343 314 466 378 ϐω
632 324 641 337 ‘
1644 317 2069 381 NICEPHORI
2111 316 2458 379 CALLISTI
3637 310 3795 375 eos

347 452 594 523 patriam
620 470 812 522 suam,
844 460 907 510 ut
952 454 1031 510 ibi
1083 456 1434 523 censeretur,
1474 454 1607 521 iret,
1638 467 1825 525 neque
1851 452 1989 507 dum

2108 448 2293 517 Μήπω
2341 446 2401 502 δὲ
2445 448 2544 517 τὴν
2590 445 2765 502 οἰκίαν
2816 447 3171 524 πεφθακότες,
3216 445 3267 500 ὲν
3316 447 3472 521 ἆγρῷ
3513 466 3627 501 τινι
3662 463 3794 497 κπ-

349 543 422 599 ad
468 544 708 601 domum
758 543 1186 615 pervenissent,
1235 544 1296 599 in
1329 558 1532 615 agrum
1564 543 1872 614 quemdam
1904 543 1991 596 di-

2108 536 2394 596 ταλύοντες
2426 536 2560 605 ἦσαν
2597 550 2610 565 ⁸
2646 532 2921 607 Σαλώμης
2964 532 3011 588 δ’
3056 535 3120 602 ἢν
3178 533 3207 587 ὁ
3265 534 3451 608 ἀγρός.
3489 531 3788 603 Πέμπτην

351 639 669 699 verterunt,
699 632 799 704 qui
830 647 971 703 ager
997 632 1241 689 Salamis
1271 637 1413 689 erat.
1442 631 1766 688 Vicesimus
1799 635 1990 687 autem

2108 627 2195 680 καὶ
2227 623 2476 694 είκοστήν
2527 626 2650 699 εἶχε
2701 624 2808 697 μήν
2860 624 2888 679 6
2938 618 3268 696 Δεκέμϐριος
3299 641 3311 654 ·
3366 623 3457 675 καὶ
3493 617 3792 691 τηνικάδε

351 726 412 779 et
439 722 675 793 quintus
706 726 830 777 tum
880 721 1103 778 mensis
1151 720 1488 777 Decembris
1526 724 1651 777 erat
1678 720 1825 788 dies,
1857 734 1990 775 eum

2108 721 2204 784 τῆς
2261 713 2467 791 ἄφάτου
2520 718 2640 782 σοῦ,
2691 712 2851 787 Λόγε,
2898 710 3309 789 φιλανθρωπίας
3356 711 3422 766 τὸ
3473 710 3609 787 μέγα
3656 710 3796 762 τοῦ

352 809 435 866 ibi
465 810 756 868 ineffabile
786 810 1021 882 pietatis
1048 818 1102 867 et
1140 811 1355 868 amoris
1397 826 1535 882 erga
1564 825 1750 883 genus
1779 810 1992 865 huma-

2108 803 2381 877 ἀφράστου
2433 804 2597 858 τόκου
2646 801 2884 857 τελεῖται
2946 803 3261 877 μυστήριον.
3318 798 3601 870 Σπήλαιον
3655 797 3799 874 γὰρ

2102 893 2368 962 ταπεινὸν,
2416 892 2507 947 καὶ
2556 893 2726 968 φάτνη
2803 893 2939 966 πρὸς
3012 888 3297 967 ὑποδοχὴν
3389 890 3796 965 βοσκημάτων

2105 982 2326 1058 ἑτοίμη,
2367 986 2445 1054 τῷ
2475 985 2572 1036 τοῦ
2611 982 2841 1056 οὐρανοῦ
2879 982 2968 1035 καὶ
3014 986 3118 1055 γῆς
3173 979 3389 1055 βασιλεῖ
3434 979 3799 1053 γεννωμὲνῳ

2105 1076 2456 1153 ηὐτρέπιστο.
2492 1075 2592 1131 Καὶ
2643 1075 2922 1148 σπάργανα
2965 1077 3158 1128 τοῦτον
3210 1067 3569 1145 διαλαμϐάνει
3607 1090 3622 1103 ·
3666 1068 3799 1124 καὶ

2103 1165 2156 1222 ἒν
2203 1171 2284 1238 τῷ
2336 1167 2411 1237 μὴ
2463 1165 2597 1220 εἶναι
2642 1164 2960 1238 σεμνότερον
3014 1162 3182 1218 τόπον
3246 1167 3327 1234 τῷ
3389 1160 3796 1232 καταλύματι,

2106 1257 2277 1335 φάτνῃ
2310 1257 2338 1311 ὁ
2384 1259 2483 1310 τοῦ
2532 1253 2733 1317 παντὸς
2780 1251 3014 1330 τροφεὺς
3057 1249 3424 1307 ἀνακλίνεται.
3462 1249 3622 1311 Εἰκὸς
3653 1248 3801 1323 γὰρ

2104 1347 2193 1415 ἧν,
2253 1344 2525 1400 πλείστων
2601 1343 2737 1418 πρὸς
2821 1344 2923 1410 τήν
2990 1342 3312 1419 ἀπογραφήν
3399 1338 3797 1414 συῤῥεόντωνν

2105 1436 2323 1506 πολλὴν
2369 1442 2487 1499 τοῖς
2544 1437 2762 1510 ὕστερον
2823 1435 3221 1508 ἐπιγινομένοις
3268 1439 3379 1488 τῶν
3431 1432 3612 1488 τόπων
3658 1432 3795 1500 τήν

2105 1527 2333 1603 ἀπορίαν
2375 1526 2535 1581 εἶναι.
2583 1524 2759 1582 Ἀλλά
2805 1522 2976 1579 τόπου
3011 1524 3106 1596 μὶν
3144 1522 3292 1577 οὕτω
3325 1520 3792 1595 διαπορούμενον

2103 1616 2195 1670 τὸν
2224 1616 2441 1670 πάντων
2471 1611 2808 1688 δημιουργὸν
2844 1610 3022 1688 Λόγον
3062 1613 3096 1680 ἡ
3145 1616 3255 1666 τῶν
3305 1609 3522 1684 ἀλόγων
3577 1610 3789 1684 φάτνῃ

2105 1701 2344 1780 ἆδὲχετο.
2399 1707 2548 1760 Ἐκεῖ
2604 1700 2670 1771 δὴ
2729 1701 2820 1756 καὶ
2875 1701 3098 1775 ποιμέσι
3158 1698 3406 1774 φυλακὴν
3476 1700 3596 1771 περὶ
3659 1703 3789 1763 τῆς

360 1791 601 1847 modum
632 1790 996 1848 laborantem
1018 1791 1283 1863 opificem
1315 1807 1508 1848 rerum
1533 1793 1795 1850 omnium
1814 1792 1993 1850 Deum

2108 1793 2364 1872 σφετέρας
2448 1791 2689 1865 ποίμνης
2755 1791 2948 1854 νυκτὸς
3031 1788 3405 1863 ποιουμένοις,
3473 1786 3792 1842 ἐπιστασία

2251 1885 2266 1895 ι
2376 1883 2393 1895 ι
2486 1885 2498 1895 ι
2709 1883 2720 1895 ι
2876 1883 2888 1895 ι
3096 1880 3110 1895 ι
3285 1879 3297 1895 1
3380 1874 3411 1895 ρ
3567 1879 3592 1889 υ
3633 1878 3662 1895 Δ
3724 1880 3739 1893 ο

359 1878 616 1937 Verbum
665 1880 1051 1936 animantium
1092 1897 1343 1953 praesepe
1389 1883 1625 1953 excepit.
1681 1884 1766 1939 Ibi
1811 1887 1999 1955 pasto-

2108 1907 2192 1947 τις
2240 1883 2508 1961 ἀγγελικὴ
2559 1883 2931 1957 περιήστραψε
2964 1901 2975 1914 ·
3021 1880 3112 1934 καὶ
3166 1874 3465 1951 κατάφοϐοι
3518 1879 3599 1948 τῷ
3633 1878 3791 1931 θεά-

361 1983 476 2038 res,
533 1983 738 2041 greges
794 1985 927 2025 suos
986 1978 1162 2026 noctu
1220 1972 1638 2041 custodientes,
1698 1972 1999 2042 praesentia

2112 1995 2241 2047 ματι
2273 1976 2576 2050 γεγονότες,
2608 1966 2709 2042 ἔξω
2740 1965 2912 2048 φόϐου
2943 1968 3108 2025 πάλιν
3151 1969 3286 2038 ἦσαν
3331 1966 3482 2029 εὐθὺς
3513 1966 3785 2042 ἀγγέλου

358 2056 618 2131 angelica
671 2058 1061 2115 circumfulsit
1115 2075 1130 2115 :
1194 2062 1250 2116 et
1297 2075 1427 2116 cum
1480 2059 1540 2115 in
1587 2061 1856 2117 timorem
1904 2077 1999 2118 eos

2108 2062 2578 2136 ἐπιδημήσαντος,
2635 2061 2727 2115 καὶ
2783 2061 2885 2130 τήν
2934 2057 3197 2132 ἐσομένην
3238 2063 3316 2129 τῷ
3354 2059 3546 2129 κόσμῳ
3576 2055 3782 2131 χαρὰν

358 2145 755 2219 spectaculum
802 2147 862 2203 id
910 2148 1274 2220 oonjecisset,
1309 2156 1574 2205 timorem
1605 2164 1741 2205 eum
1772 2165 1999 2206 rursum

2108 2150 2198 2207 διὰ
2249 2156 2347 2207 τοῦ
2405 2145 2747 2227 γεννωμένου
2829 2148 3190 2221 μηνύσαντος.
3252 2147 3352 2201 Καὶ
3435 2149 3513 2215 τῷ
3598 2143 3781 2217 λόγῳ

364 2232 522 2290 illico
552 2242 891 2306 posuerunt,
937 2235 1143 2307 angelo
1174 2235 1410 2308 propius
1441 2238 1510 2293 ad
1543 2253 1642 2294 eos
1673 2239 1999 2303 accedente,

2108 2241 2286 2303 πίστις
2343 2240 2419 2305 ὡς
2472 2238 2685 2310 ἀληθής
2743 2237 2898 2300 εὐθὺς
2954 2239 3046 2292 καὶ
3095 2235 3210 2291 θεία
3240 2235 3529 2309 παρείπετο
3562 2254 3574 2267 ·
3644 2234 3781 2305 ἅμα

364 2325 425 2379 et
471 2322 728 2380 futuram
787 2324 910 2381 orbi
959 2324 1240 2394 laetitiam,
1295 2341 1398 2398 per
1453 2342 1589 2381 eum
1637 2327 1734 2395 qui
1773 2328 1999 2399 genitus

2108 2333 2209 2407 γὰρ
2240 2330 2445 2403 ἐκείνῳ,
2479 2331 2567 2385 καὶ
2618 2335 2808 2408 στῖφος
2865 2329 3087 2403 ἄπειρον
3148 2324 3423 2399 δυνάμεων
3479 2325 3772 2397 οὐρανίων

358 2415 539 2481 esset,
571 2412 885 2471 indicante.
917 2413 1100 2484 Cujus
1130 2429 1457 2470 sermonem
1482 2416 1624 2471 ﬁdes
1646 2416 1840 2472 statim
1870 2433 1999 2473 vera

2108 2423 2164 2478 τὸ
2223 2422 2494 2492 σπήλαιον
2563 2418 2831 2493 περιθὲον,
2895 2418 3037 2472 αἶνον
3095 2418 3342 2492 ὑπερφυᾶ
3386 2420 3464 2486 τῷ
3510 2415 3775 2489 Δεσπότῃ

2103 2512 2435 2584 ἀνεπεμπον,
2467 2511 2653 2582 Δόξα,
2686 2507 2976 2582 λεγόντων,
3011 2507 3071 2560 ἐν
3104 2506 3417 2579 ὑψίστοις
3456 2509 3612 2575 Θεῷ,
3646 2505 3772 2559 καὶ

2102 2600 2207 2657 ἐπὶ
2253 2604 2375 2675 γῆς
2425 2599 2684 2672 εῒρήνη,
2736 2597 2798 2653 ἐν
2841 2598 3219 2671 ἅνθρώποις
3275 2592 3562 2651 εὒδοκία.
3594 2593 3773 2651 Οὕτω

2103 2686 2333 2751 διπλοῦς
2392 2685 2464 2743 ὢν
2520 2688 2549 2744 6
2597 2686 2942 2761 θεάνθρωπος
2996 2685 3190 2761 Λόγος,
3240 2689 3507 2745 ταπεινῶς
3558 2703 3613 2738 τε
3664 2684 3771 2737 καὶ

2102 2781 2417 2855 θεοπρεπῶς
2475 2778 2543 2833 τὰ
2597 2783 2700 2847 τῆς
2755 2776 2981 2851 πρώτης
3039 2775 3201 2831 αὐτοῦ
3259 2775 3334 2835 εἰς
3373 2780 3474 2848 γῆν
3514 2769 3767 2827 καθόδου

348 2865 631 2931 dicentes,
662 2866 723 2920 in
750 2865 976 2922 excelsi:
1018 2866 1144 2935 Deo,
1185 2873 1242 2922 et
1270 2866 1331 2922 in
1361 2875 1508 2924 terra
1550 2884 1688 2939 pax.
1720 2868 1780 2925 in
1812 2869 1996 2927 homi-

2108 2867 2191 2947 gidi
2248 2868 2551 2943 γεννήσεως
2608 2862 2999 2936 καθυπὲδειξε’
3059 2859 3285 2918 ϐεϐαίαν
3358 2860 3416 2917 δὲ
3487 2862 3579 2917 καὶ
3655 2861 3765 2947 τήν

350 2953 517 3010 nibus
547 2953 687 3012 bona
710 2954 983 3011 voluntas.
1037 2956 1153 3012 Hoc
1203 2957 1395 3024 modo,
1427 2973 1560 3013 cum
1593 2958 1813 3029 Duplex
1844 2963 1998 3016 esset

2108 2946 2233 3031 πρὸς
2289 2955 2586 3019 Ἰουδαίους
2634 2955 2948 3033 συγγένειαν
3008 2956 3303 3027 παριστῶν,
3360 2952 3449 3006 καὶ
3510 2951 3586 3012 ὡς
3651 2946 3769 3005 ἄδ-

352 3044 506 3101 Deus
533 3043 617 3115 (1)
643 3043 917 3117 idemque
947 3044 1121 3103 homo
1152 3044 1429 3114 Verbum,
1463 3047 1791 3104 humillime
1819 3048 1994 3105 simul

2108 3046 2317 3120 θρωπος
2373 3049 2453 3117 τῷ
2502 3043 2743 3105 Μωσέως
2790 3044 2946 3117 νόμῳ
3004 3042 3229 3120 ἀφοσιοῖ
3282 3040 3345 3097 τὸ
3408 3039 3553 3104 είκός
3592 3058 3607 3075 ⁶
3662 3041 3759 3095 καὶ

346 3136 406 3190 et
432 3132 1014 3206 magniﬁcentissime
1044 3134 1362 3206 primordia
1390 3135 1561 3207 primi
1592 3135 1781 3209 ipsius
1807 3137 1867 3195 in
1888 3141 1993 3195 ter-

2108 3131 2233 3186 ιιατᾶ
2277 3132 2377 3200 τὴν
2437 3128 2665 3207 ὀγδόην,
2721 3130 2897 3186 εἴτουν
2948 3129 3083 3186 κατὰ
3127 3129 3226 3197 τὴν
3277 3127 3551 3202 Κυριακήν
3583 3146 3757 3201 περι-

345 3238 474 3280 ram
505 3238 607 3295 per
636 3221 996 3279 nativitatem
1029 3223 1347 3280 descensus
1382 3224 1648 3281 exhibuit
1678 3244 1693 3282 :
1727 3229 1905 3299 atque
1936 3231 1997 3284 ut

2109 3220 2367 3294 ιέμνετας
2395 3219 2446 3277 ἒν
2476 3225 2546 3295 τῇ
2578 3220 2715 3276 κατὰ
2741 3221 2841 3290 την
2887 3217 3152 3291 Βηθλεὴμ
3182 3216 3329 3289 οῗκίᾳ
3353 3221 3451 3272 τοῦ
3483 3218 3690 3293 Ἰωσήφ
3733 3233 3752 3250 ·

353 915 496 955 num
527 904 660 966 tuae,
690 898 943 956 Verbum
972 900 1094 968 Dei,
1122 900 1560 972 maximumque
1584 898 1991 956 inenarrabilis

351 995 555 1060 partus
583 988 884 1061 perﬁcitur
913 988 1281 1062 mysterium.
1314 988 1635 1061 Tugurium
1664 987 1905 1056 humile,
1937 992 1995 1044 et

353 1094 612 1150 presepe
657 1079 727 1134 ad
757 1079 1018 1149 jumenta
1045 1077 1386 1151 excipienda
1420 1082 1840 1147 constructum,
1861 1076 1989 1134 coeli

355 1171 416 1223 et
441 1170 609 1223 term
631 1166 769 1240 Regi
791 1168 986 1239 genito
1025 1167 1344 1237 hospitium
1375 1177 1760 1239 praeparatum
1785 1167 1991 1222 fuerat.

356 1260 525 1312 Hunc
570 1256 652 1311 ibi
700 1256 891 1313 fasciae
927 1256 1390 1314 circumvolvunt
1421 1274 1434 1314 :
1470 1263 1528 1314 et
1557 1257 1708 1329 quod
1741 1257 1993 1313 honora-

357 1344 471 1401 tior
500 1345 559 1400 in
590 1344 904 1402 diversorio
954 1345 1114 1402 locus
1146 1362 1259 1403 non
1292 1350 1462 1414 esset,
1503 1346 1563 1402 in
1592 1348 1834 1418 prtesepi
1863 1363 1992 1403 om-

355 1432 519 1490 nium
553 1433 703 1490 altor
730 1435 1076 1506 reponiturr.
1127 1435 1374 1492 Necesse
1419 1436 1576 1492 enim
1607 1440 1754 1507 erat,
1787 1452 1993 1509 quam-

359 1522 631 1593 plurimis
679 1525 749 1580 ad
798 1540 1041 1581 censum
1097 1528 1156 1581 et
1200 1525 1643 1596 descriptionem
1701 1526 1997 1582 conﬂuen-

356 1610 539 1681 tibus,
597 1611 845 1669 multam
904 1613 1191 1685 posterius
1249 1613 1689 1670 advenientibus
1734 1614 1994 1671 locorum

357 1700 611 1773 relinqui
641 1700 966 1773 penuriam.
1017 1702 1218 1773 Itaque
1266 1702 1500 1775 hospitii
1533 1702 1730 1775 inopia
1759 1703 1829 1759 ad
1861 1719 1994 1760 eum

353 2589 803 2648 innumerabilis
849 2590 1171 2649 cmlestium
1213 2592 1499 2649 virtutum
1551 2610 1616 2650 ac
1646 2600 1997 2667 potestatum

347 2682 687 2750 multitudo,
739 2682 960 2739 circum
1011 2682 1380 2756 tuguriolum
1441 2684 1715 2754 volitans,
1767 2686 1997 2743 laudem

347 2774 613 2831 omnium
661 2790 953 2831 summam
1006 2775 1257 2832 Domino
1292 2776 1682 2835 concinebant
1724 2793 1739 2833 :
1792 2778 1996 2845 Gloria,

344 3314 502 3369 certo
542 3326 708 3367 suam
740 3326 874 3368 cum
903 3311 1124 3368 Judaeis
1157 3313 1567 3383 cognationem
1599 3314 1992 3383 conﬁrmaret,

344 3399 603 3458 hominis
632 3416 796 3457 more
838 3400 1105 3457 Mosaica
1151 3400 1285 3475 legi,
1327 3402 1406 3458 ita
1436 3407 1502 3458 ut
1531 3404 1794 3473 decebat,
1827 3405 1998 3462 debi-

345 3493 472 3547 tum
503 3506 679 3547 suum
713 3489 921 3547 tribuit
971 3491 1173 3549 ritum.
1206 3494 1275 3547 Et
1305 3491 1397 3548 die
1427 3496 1648 3559 octavo,
1695 3493 1997 3552 Dominico

350 3578 591 3647 scilicet,
649 3579 1092 3638 circumciditur
1146 3580 1208 3638 in
1277 3581 1639 3648 Bethlehem,
1704 3584 1764 3640 in
1824 3585 1999 3642 domo

350 3667 612 3741 Iosephi,
645 3673 705 3724 et
750 3669 832 3726 ibi
884 3685 1096 3727 nomen
1125 3670 1265 3728 Jesu
1295 3671 1506 3745 accipit
1543 3673 1801 3744 (salutem
1832 3690 1998 3745 porro

349 3758 410 3815 id
455 3758 789 3832 signiﬁcat),
831 3776 933 3830 pro
979 3775 1047 3815 eo
1098 3764 1291 3832 atque,
1333 3769 1637 3833 antequam
1689 3771 2000 3836 conceptus

347 3856 522 3920 esset,
581 3848 639 3903 id
701 3865 919 3906 nomen
969 3850 1207 3907 divinus
1239 3853 1339 3909 τι
1381 3867 1485 3924 per
1522 3853 1819 3910 oraculum
1850 3871 1998 3926 pra:-

346 3937 668 4010 scripserat
697 3938 944 3996 Gabriel.
993 3940 1214 3997 Deinde
1260 3946 1319 3997 et
1348 3942 1768 4015 purificationis
1798 3960 1998 4018 exspe-

350 4030 470 4083 ctat
500 4034 751 4100 tempus.
777 4033 1088 4101 Postquam
1120 4046 1253 4088 vero
1283 4036 1492 4101 status,
1521 4034 1868 4092 decennario
1900 4051 2001 4090 nu-

358 4131 519 4173 mero
548 4121 756 4189 quater
784 4119 1066 4185 revoluto,
1098 4121 1294 4176 aderat
1325 4121 1475 4191 dies,
1507 4126 1573 4178 ut
1597 4123 1915 4195 masculus,
1948 4129 2005 4181 et

360 4205 466 4277 qui
495 4205 710 4276 primus
741 4207 985 4263 omnino
1034 4215 1089 4265 et
1136 4207 1297 4265 solus
1326 4210 1555 4265 vulvam
1585 4212 2001 4282 adaperuisset,

355 4294 418 4351 in
453 4295 1040 4370 Hierosolymitanum
1071 4315 1105 4353 a
1134 4298 1471 4371 parentibus
1493 4299 1835 4373 deportatur
1861 4306 2003 4358 tem-

357 4385 542 4458 plum,
575 4390 641 4441 ut
684 4386 788 4455 ibi,
820 4386 992 4457 juxta
1038 4391 1337 4460 receptum
1387 4403 1608 4446 morem
1650 4391 2001 4449 sacriﬁcium

354 4473 588 4542 oferret,
648 4491 753 4547 par
799 4480 1119 4545 turturum,
1181 4484 1279 4533 aut
1336 4476 1526 4549 pullos
1580 4479 1726 4536 duos
1786 4479 2005 4536 colum.

2104 3310 2202 3365 καὶ
2232 3312 2331 3379 τὴν
2384 3312 2651 3381 Ἰησοῦς
2693 3305 3051 3384 καταδέχεται
3107 3304 3477 3383 προσηγορίαν
3506 3326 3519 3339 ·
3567 3327 3756 3377 cunq—

2105 3399 2223 3472 ρίαν
2271 3398 2330 3455 δὲ
2385 3405 2547 3455 τσῦτο
2604 3399 2878 3471 σημαίνει,
2913 3399 3051 3453 καθᾶ
3105 3397 3197 3452 καὶ
3254 3399 3360 3472 πρὸ
3409 3399 3505 3451 τοῦ
3534 3393 3757 3465 συλληο

2107 3491 2305 3567 φθῆναι
2358 3490 2386 3545 ὁ
2445 3490 2587 3550 θεῖος
2644 3486 2846 3559 ταύτην
2896 3483 3100 3562 ἔχρησε
3151 3482 3417 3559 Γαϐριήλ.
3470 3484 3602 3541 Εἶτα
3662 3485 3757 3540 καὶ

2105 3580 2199 3635 τὸν
2232 3583 2328 3635 τοῦ
2375 3580 2720 3653 καθαρισμοῦ
2767 3577 3017 3652 ἀναμένει
3068 3577 3279 3649 καιρόν.
3311 3577 3401 3639 Ὠς
3438 3573 3496 3630 δὲ
3525 3576 3559 3643 ἦ
3591 3575 3760 3651 κυρία

2107 3672 2283 3741 παρῆν
2310 3676 2417 3739 τῆς
2457 3666 2678 3730 δεκάδος
2726 3663 3104 3740 κυκλουμένης
3152 3667 3423 3741 τετράκις,
3457 3665 3532 3726 ὡς
3582 3661 3756 3737 ἅρσην

2108 3759 2197 3815 καὶ
2251 3765 2467 3833 πρῶτος
2526 3754 2692 3820 ὅντως
2736 3757 2824 3813 καὶ
2877 3756 3040 3830 μόνος
3091 3753 3362 3826 διανοίξας
3415 3756 3648 3828 μήτραν,
3683 3753 3762 3814 εἷς

2109 3850 2171 3904 τὸ
2227 3848 2281 3904 ἐν
2339 3846 2743 3922 Ἰεροσολύμοις
2803 3844 2989 3923 ἄγεται
3035 3844 3180 3919 ἱερὸν
3245 3844 3349 3900 ὑπὸ
3406 3848 3515 3898 τῶν
3573 3842 3757 3897 τεκόνο

2109 3941 2218 3993 τῶν
2254 3960 2265 3972 ο
2300 3936 2440 3993 ὥστε
2469 3934 2650 3992 δοῦναι
2691 3935 2874 3990 θυσίαν
2905 3935 3039 3990 κατᾶ
3092 3934 3154 3987 τὸ
3205 3933 3530 4005 εἷθισμένον,
3567 3934 3757 4006 ζεῦγος

2111 4028 2408 4104 τρυγόνων,
2455 4025 2548 4082 καὶ
2597 4023 2696 4080 δύο
2746 4025 3001 4087 νεοσσοὺς
3040 4026 3394 4098 περιστερῶν,
3425 4022 3487 4076 τὸ
3536 4026 3757 4099 σῶφρον

2112 4119 2200 4174 καὶ
2240 4117 2488 4194 ἀκέραιον
2544 4115 2625 4196 ἐφ’
2682 4110 2877 4171 ἅπασιν
2959 4114 3308 4190 ὑπογράφων.
3389 4114 3532 4168 Ἐκεῖ
3575 4108 3758 4196 δήπου

2114 4215 2290 4283 παρῆν
2318 4207 2408 4262 καὶ
2440 4208 2467 4262 ὁ
2507 4195 2960 4283 πνευματοφόρος
3008 4205 3230 4276 Συμεὼν
3282 4202 3369 4257 καὶ
3429 4202 3464 4270 ἡ
3514 4195 3761 4274 πρεσϐύ-

2114 4321 2196 4361 τις
2224 4300 2247 4319 ⁸
2279 4302 2417 4355 Αννα
2450 4318 2462 4331 ³
2490 4298 2577 4351 καὶ
2605 4296 2699 4351 τὸν
2740 4295 2791 4350 ἐν
2854 4295 3053 4368 ἅρματι
3114 4286 3394 4364 Χερουϐὶμ
3448 4288 3760 4363 ἐποχούμε-

2113 4412 2200 4446 νον
2257 4387 2554 4467 γηραλέαις
2610 4387 2798 4466 χερσὶν
2849 4383 3204 4460 ὕποδὲχυται,
3238 4382 3289 4438 ἐν
3337 4383 3537 4461 βραχεῖ
3567 4381 3760 4458 βρέφει

2115 4482 2344 4541 κόλποις
2402 4483 2694 4553 μητρικοῖς
2753 4476 3139 4546 ἐπισκαίροντι,
3196 4472 3287 4529 τὸν
3361 4476 3460 4527 τοῦ
3533 4470 3759 4546 Ἰσραὴλ

352 4562 585 4632 barum,
642 4565 1016 4622 sobrietatem
1076 4564 1323 4635 scilicet,
1399 4568 1870 4640 temperantiam,
1945 4563 1999 4626 ei

2119 4573 2284 4646 μεγαν
2334 4569 2621 4644 ἐνορῶντες
2670 4566 2819 4636 Θεὸν,
2851 4566 2939 4620 καὶ
2972 4565 3038 4619 τὰ
3084 4562 3267 4618 εἰκότα
3314 4560 3461 4632 αὖτῷ
3492 4560 3711 4634 προσλα
3743 4578 3758 4592 ο

351 4652 786 4725 simplicitatem
843 4652 904 4710 in
960 4654 1234 4712 omnibus
1280 4655 1686 4715 subindicans.
1736 4657 1818 4714 lbi
1863 4674 2003 4715 sane

354 4743 573 4814 aderat,
605 4743 707 4814 qui
738 4742 962 4815 Spiritu
993 4743 1285 4800 ferebatur
1323 4744 1581 4813 Simeon,
1612 4750 1668 4803 et
1697 4748 2004 4820 grandaeva

355 4833 525 4890 Anna
557 4848 571 4888 :
604 4848 877 4904 eumque,
909 4833 1006 4907 qui
1037 4834 1096 4890 in
1128 4849 1300 4890 curru
1331 4834 1623 4892 Cherubin
1647 4837 1893 4907 rebitur,
1925 4854 2003 4894 se-

358 4922 578 4980 nilibus
619 4922 852 4982 Simeon
899 4924 1112 4998 excipit
1154 4925 1452 4983 manibus.
1491 4927 1676 4984 Ambo
1704 4944 1837 4985 vero
1868 4945 2001 4985 cum

356 5012 637 5069 infantem
671 5013 977 5085 parvulum
1008 5016 1271 5072 viderent
1319 5016 1378 5072 in
1411 5021 1674 5074 materno
1705 5017 1835 5074 sinu
1867 5017 2004 5075 sub-

358 5100 674 5171 silientem,
717 5118 999 5176 magnum
1052 5103 1283 5163 lsraelis
1340 5105 1401 5162 in
1463 5122 1529 5164 eo
1576 5106 2003 5180 perspiciebant

354 5194 563 5250 Deum.
612 5192 679 5248 Et
728 5199 1034 5264 postquam
1083 5194 1153 5250 de
1201 5210 1267 5252 eo
1310 5211 1438 5267 quas
1481 5196 1764 5253 debebant
1797 5198 2004 5266 praedi-

359 5290 613 5350 cassent,
662 5285 720 5338 et
765 5281 825 5338 id
873 5283 1022 5353 quod
1080 5283 1341 5340 futurum
1400 5289 1543 5354 erat,
1591 5286 1855 5357 quamvis
1903 5286 2006 5341 sub

435 5432 514 5503 (1)
547 5430 920 5505 Θεάνθρωπος.
953 5432 1128 5504 Cujus
1177 5433 1267 5505 hic
1315 5432 1728 5505 perstringitur
1757 5433 2006 5503 primus,

365 5503 532 5573 isque
563 5503 800 5559 humilis
847 5504 905 5559 in
937 5503 1145 5561 terram
1177 5503 1461 5561 adventus
1496 5521 1510 5560 :
1541 5503 1606 5560 lii
1632 5505 2011 5563 similitudine

368 5576 525 5632 enim
553 5573 836 5631 hominum
875 5579 1076 5646 factus,
1111 5580 1178 5646 et
1215 5576 1411 5633 habitu
1458 5576 1711 5635 inventus
1740 5587 1800 5633 ιιι
1830 5576 2008 5634 homo.

367 5645 638 5720 (Philipp.
670 5659 736 5714 ιι,
765 5646 849 5720 7.)
877 5645 908 5697 υ
957 5647 1028 5705 Et
1074 5645 1179 5716 sic,
1227 5649 1365 5720 quia
1412 5648 1594 5706 forma
1639 5648 1742 5707 Dei
1790 5650 2014 5723 accepit

2117 4663 2401 4731 λήσαντες,
2440 4658 2502 4713 τὸ
2556 4659 2603 4712 τ’
2661 4655 2916 4728 ἐσόμενον
2976 4650 3347 4725 ἀριδηλότατα
3403 4648 3760 4723 αἰνιξάμενοι,

2110 4752 2186 4813 ὡς
2238 4750 2313 4807 εἷς
2368 4753 2575 4806 πτῶσιν
2623 4752 2797 4803 κεῖται
2849 4743 3077 4800 πολλῶν
3141 4741 3232 4797 καὶ
3296 4741 3600 4811 ἀνάστασιν,
3666 4739 3759 4794 καὶ

2111 4840 2188 4900 είς
2230 4844 2458 4912 σημεῖον
2504 4835 2649 4894 ἔσται
2696 4835 3109 4911 ἀντιλεγόμενον
3140 4850 3154 4864 ’
3179 4833 3270 4887 καὶ
3312 4832 3385 4894 ὡς
3417 4832 3519 4899 τήν
3548 4831 3758 4903 παρθε-

2110 4932 2265 5000 νικὴν
2322 4930 2507 5008 ψυχὴν
2564 4925 2806 5006 ῥομφαία
2858 4924 3039 4994 λύπης
3079 4919 3285 4979 διέλθοι
3336 4920 3448 5008 ὀψὲ,
3503 4940 3636 5008 ποτε
3688 4915 3758 4973 δι’

2111 5020 2296 5091 αὐτὸν,
2352 5006 2459 5075 τῶν
2520 5017 2786 5091 σαρκίνων
2844 5014 2892 5084 ἐξ
2952 5011 3119 5082 αὐτῆς
3177 5008 3391 5085 δεσμῶν
3430 5006 3756 5065 ἀπελύοντο.

2112 5112 2244 5166 Ἕνα
2299 5106 2356 5164 δὲ
2408 5107 2577 5186 λόγος
2626 5106 2741 5182 ἔχει
2799 5108 2905 5161 τῶν
2966 5103 3048 5174 ὲη’
3106 5103 3270 5177 ἀρετῇ
3328 5099 3416 5157 καὶ
3464 5097 3762 5172 σεμνότητι

2114 5194 2365 5271 ἀκριϐείᾳ
2407 5217 2467 5253 τε
2527 5195 2649 5272 βίου
2712 5191 3065 5250 διαϐιοόντων
3119 5196 3313 5247 τοῦτον
3356 5191 3494 5245 εἶναι
3523 5188 3616 5243 τὸν
3650 5194 3761 5242 Συ-

2118 5289 2299 5362 μεώνο
2361 5288 2407 5359 ᾧ
2466 5282 2532 5356 δή
2592 5304 2724 5340 ποτε
2781 5287 2859 5355 τῷ
2915 5281 3052 5337 κατὰ
3094 5281 3186 5335 τὸν
3218 5280 3508 5356 προφήτην
3533 5275 3761 5333 Ἡσαΐαν

2118 5438 2362 5492 formam
2409 5431 2581 5499 servi,
2630 5433 2946 5499 utrumque
2990 5427 3163 5499 Deus,
3218 5428 3529 5499 utrumque
3567 5424 3763 5479 homo.

2118 5512 2307 5579 Atque
2340 5506 2447 5561 hoc
2480 5496 2663 5581 totum
2694 5505 2752 5581 et
2782 5496 2932 5556 Deus
2959 5498 3172 5581 dicitur
3202 5500 3440 5581 propter
3466 5496 3676 5581 Deum,
3709 5500 3769 5551 et

2118 5570 2292 5635 homo
2316 5583 2548 5649 qropter
2572 5573 2891 5649 hominem.
2916 5591 2946 5622 »
2973 5570 3192 5638 (Ambr.
3222 5570 3290 5624 De
3303 5570 3767 5640 myster.incam.

2116 5651 2222 5708 lib.
2256 5645 2495 5720 rv,'cap.
2526 5645 2643 5719 21.)
