4100 6218
207 483 466 554 χρησμῷ
497 478 840 546 ἑπιστήσαντι
868 495 879 507 ο

209 564 279 620 ἐν
335 566 579 642 γαστρὶ
625 563 786 636 ἔξει,
835 564 942 617 καὶ
996 563 1289 637 λήψεται
1337 563 1514 633 υἱόν,
1571 561 1866 620 διαπιστεῖν

211 655 380 728 ἐπῄει
411 660 489 726 τῷ
534 655 663 726 θείῳ
701 652 1024 724 θεσπίσματι
1052 672 1062 682 ·
1117 652 1261 706 οὕτω
1313 649 1357 706 δ’
1401 648 1583 731 ἔχοντι
1634 653 1867 728 ἄγγελον

211 743 508 812 ἐπιστῆναί
541 764 668 820 φασι
710 747 948 814 χρῶ-ιτα,
994 743 1069 814 μή
1119 740 1179 795 ἂν
1230 741 1574 812 ἀπολυθῆναι
1620 747 1728 798 τῶν
1771 764 1868 799 του

214 833 349 906 βίου
400 830 638 903 δεσμῶν,
693 829 737 885 εί
789 833 864 900 μὴ
913 830 975 884 τὸ
1023 833 1149 902 παρ’
1199 829 1362 885 αὐτοῦ
1412 827 1866 905 διαπιστοῦμενον

209 921 305 978 ἐπὶ
365 922 554 996 θύραις
613 921 736 974 ὅσον
789 917 896 988 ἤδη
958 917 1166 994 ἐγγίζον
1231 920 1319 973 καὶ
1396 916 1579 993 ὄψεσιν
1641 920 1865 982 οἰκείαις

209 1014 582 1075 πιστώσαιτο,
615 1007 676 1062 οὗ
711 1006 777 1075 δὴ
813 1008 974 1082 χάριν
1003 1007 1092 1061 καὶ
1134 1005 1208 1068 sic
1257 1009 1390 1080 βαθὺ
1431 1016 1604 1084 γῆρας
1658 1007 1866 1079 ἐληλα-

208 1099 350 1164 κὼς,
384 1101 474 1154 καὶ
522 1098 616 1153 τόν
668 1098 904 1169 Χριστὸν
962 1096 1156 1170 Κυρίου
1211 1095 1338 1151 ἰδὼν
1387 1096 1721 1175 ἀφθαλμοῖς,
1770 1100 1860 1154 καὶ

207 1194 331 1249 τοῖς
365 1187 589 1249 οἰκείοις
631 1185 862 1247 κόλποις
913 1181 1294 1256 διαϐαστάσας,
1327 1193 1425 1255 τῆς
1469 1189 1664 1260 σαρκὸς
1713 1187 1865 1253 εὐθὺς

206 1277 581 1334 ἀπολέλυται.

1261 341 1880 406 ECCLESIASTICE
1923 341 2310 404 HISTORIE
2354 341 2500 402 LIB.
2549 341 2593 402 l.

924 477 982 536 ὃς
1015 495 1199 548 φησιν,
1255 472 1437 530 Ἰδοὺ
1469 477 1502 544 ἡ
1537 472 1861 550 παρθένος

1980 475 2300 544 involucro,
2375 475 2737 547 apertissime
2810 480 3025 543 tamen,
3092 474 3502 541 ostendissent,
3561 480 3626 531 ut

3506 341 3626 404 670

1981 565 2200 622 scilicet
2230 567 2289 620 in
2320 565 2634 622 multorum
2689 565 2905 638 positus
2959 569 3115 622 esset
3163 565 3391 630 ruinam
3441 565 3616 620 simul

1980 659 2036 710 et
2060 656 2563 721 resurrectionem,
2616 659 2672 710 et
2722 656 2778 711 in
2819 655 3054 725 signum
3115 655 3207 710 cui
3261 653 3624 710 contradice-

1979 748 2183 801 retur:
2243 745 2494 815 denique
2547 749 2612 800 ut
2667 745 3010 817 virginalem
3059 745 3338 811 animam,
3383 749 3622 817 propter

1977 851 2132 902 eum,
2190 834 2406 889 doloris
2457 833 2684 903 gladius
2731 834 2864 889 olim
2918 835 3374 905 pertransilurus
3415 839 3613 890 esset:

1976 922 2168 977 carnis
2209 921 2458 978 vinculis
2499 922 2707 978 deinde
2745 927 2885 977 sunt
2930 921 3102 978 soliti.
3157 928 3322 978 Hunc
3374 924 3622 995 Symeo-

1976 1028 2107 1067 nem
2161 1012 2315 1066 fama
2371 1015 2457 1066 est
2512 1027 2580 1066 ex
2623 1011 2708 1067 eis
2764 1010 2946 1067 fuisse
2989 1027 3196 1076 unum,
3236 1010 3335 1083 qui
3382 1012 3618 1079 virtute,

1973 1100 2270 1174 dignitate,
2329 1100 2569 1172 vitasque
2634 1101 2934 1156 sanctitate
3000 1100 3454 1156 excelluerunt:
3518 1101 3622 1172 qui

1973 1207 2102 1245 cum
2146 1189 2464 1262 aliquando
2509 1189 2592 1245 illi
2642 1189 2934 1258 prophetre
2971 1189 3124 1244 Isaias
3156 1189 3388 1245 oraculo
3424 1188 3620 1259 legens

1975 1279 2356 1347 incumberet,
2389 1279 2543 1350 quod
2577 1279 2657 1333 ait
2693 1295 2704 1331 :
2737 1279 2866 1334 Ecce
2911 1280 3057 1348 virgo
3098 1285 3317 1333 uterum
3359 1279 3620 1347 gestabit,

208 1380 262 1426 et
311 1372 586 1441 concipiet
627 1368 815 1438 ﬁlium
847 1367 910 1432 ‘9,
951 1371 1007 1421 ct
1056 1367 1124 1421 de
1182 1365 1362 1422 dixini
1422 1367 1549 1438 ejus
1607 1369 1864 1440 responsi
1913 1369 2026 1425 ﬁde
2076 1368 2418 1439 ambigeret,
2468 1367 2739 1439 angelum
2789 1367 2868 1423 ita
2918 1367 3222 1422 ﬂuctuanti
3271 1368 3319 1422 ei
3369 1368 3625 1424 astitisse

207 1460 432 1524 ferunt,
475 1475 605 1513 cum
649 1455 881 1513 oraculo
929 1456 1213 1526 ejusznodi
1264 1473 1276 1509 :
1322 1474 1434 1511 non
1487 1457 1650 1512 illum
1698 1457 1860 1529 prius
1903 1458 2031 1514 vita:
2079 1458 2257 1528 hujus
2306 1457 2554 1513 vinculis
2603 1456 2854 1512 solutum
2906 1457 2997 1526 iri,
3050 1473 3226 1528 quam
3275 1457 3353 1520 id,
3407 1458 3477 1512 de
3513 1473 3622 1527 quo

207 1548 506 1605 credendo
563 1546 980 1605 addubitassel,
1037 1563 1138 1616 pro
1199 1546 1414 1602 foribus
1464 1549 1650 1618 primo
1700 1564 1932 1620 quoque
1983 1553 2243 1619 tempore
2295 1547 2787 1618 appropinquans,
2839 1552 2896 1603 et
2935 1548 3118 1603 oculis
3159 1549 3282 1618 ipse
3328 1547 3450 1602 suis
3481 1564 3622 1604 con-

211 1644 511 1710 spectum,
547 1637 872 1692 testimonio
905 1652 1010 1690 suo
1043 1637 1432 1690 conﬁrmaret.
1487 1637 1669 1701 Quam
1711 1638 1785 1691 ob
1834 1652 2067 1693 causam
2117 1637 2188 1692 ad
2237 1641 2460 1692 tantum
2513 1637 2738 1692 senium
2789 1642 3117 1708 provectus,
3160 1653 3287 1693 cum
3329 1637 3620 1692 Christum

208 1728 450 1786 Domini
491 1727 675 1783 oculis
713 1727 838 1782 suis
879 1725 1296 1796 conspexisset,
1339 1727 1729 1799 eamdemque
1779 1728 1836 1782 in
1889 1727 2045 1783 ulnis
2092 1730 2396 1798 gestasset,
2445 1727 2633 1784 carnis
2683 1727 2835 1783 mole
2874 1727 3135 1798 protinus
3174 1729 3400 1783 solutus
3441 1733 3619 1800 atque

209 1820 501 1876 liberatus
540 1821 648 1873 est.

844 1926 1097 1976 ΚΕΦΑΛ.
1141 1923 1243 1980 ll".

210 2031 379 2104 Περὶ
411 2033 526 2086 τοῦ
650 2025 1026 2104 ’ᾼνατολῇς
1059 2023 1447 2104 παραδόξου
1479 2027 1754 2104 ἀστέρος
1788 2032 1863 2100 τῇ

283 2101 608 2176 γεννήσει
677 2101 1124 2176 ἀναφανέντος
1171 2103 1500 2176 Χριστοῦ’
1555 2103 1666 2176 καὶ
1715 2104 1860 2176 περὶ

280 2171 414 2251 τῶν
460 2171 874 2251 δωροφόρων
909 2173 1185 2247 Μάγων·
1235 2173 1509 2241 καὶτῆς
1559 2171 1864 2246 Ἡρώδου

285 2246 584 2314 ἀπάτης.

284 2356 566 2411 Ἐντεῦθεν
617 2354 667 2408 οἱ
706 2358 882 2428 γονεῖς
920 2353 982 2408 τὸ
1027 2350 1243 2407 παιδίον
1291 2350 1691 2427 ἀναλαϐόμενοι
1752 2357 1866 2426 ἰη-

214 2445 374 2513 σοῦν,
435 2443 621 2500 οἷ’καδε
677 2445 752 2506 εἰς
807 2445 1051 2517 Ναζαρὲτ
1102 2444 1420 2518 ἐπανῄεσαν.
1496 2447 1592 2501 Καὶ
1636 2447 1738 2520 γὰρ
1796 2448 1862 2514 ἧν

213 2538 367 2598 εῗκὸς
402 2535 492 2591 διὰ
539 2543 646 2591 τῶν
692 2540 746 2608 μ’
788 2537 1032 2608 ἡμερῶν,
1074 2537 1148 2598 ὡς
1198 2534 1563 2609 Βηθλεεμίτας
1609 2539 1671 2592 τὸ
1720 2537 1863 2600 εἰκὸς

209 2625 699 2700 ἀφοσιωσαμένους
749 2628 816 2696 τῇ
863 2623 1183 2696 ἀπογραφῇ,
1239 2625 1374 2697 πρὸς
1423 2626 1520 2692 τήν
1573 2625 1647 2687 εἷς
1696 2632 1864 2695 Ναζα-

211 2715 300 2786 ρὲτ
379 2713 551 2767 οἰκίαν
618 2712 770 2772 αὖθις
823 2710 1170 2784 ἀναδραμεῖν,
1231 2709 1318 2766 διὰ
1385 2714 1484 2779 τήν
1559 2717 1861 2787 προσοῦσαν

209 2802 434 2865 τούτοις
489 2801 623 2864 τέως
683 2801 853 2857 ἐκεῖσε
903 2800 1247 2874 περιουσίαν·
1295 2801 1385 2856 καὶ
1435 2801 1486 2856 ἐν
1533 2800 1864 2878 ἀμφοτέραις

211 2893 316 2966 γὰρ
380 2887 750 2966 διατρίϐοντες
808 2891 945 2960 ἦσαν
982 2907 994 2920 ·
1047 2891 1108 2944 τὸ
1167 2889 1434 2964 πορισμόν
1487 2911 1629 2958 τινα,
1676 2892 1748 2953 ὥς
1799 2913 1862 2966 γε

211 2979 473 3050 εἰκάζειν,
506 2980 831 3055 ἑκατέρωθεν
862 2977 1029 3054 ἔχειν.
1064 2981 1168 3034 Καὶ
1202 2976 1340 3044 δῆτα
1371 2977 1464 3033 δύο
1506 2979 1626 3049 ἑξῆς
1680 2999 1861 3053 παρῳ-

208 3069 476 3142 χηκότων
526 3067 782 3126 ἐνιαυτῶν
845 3068 979 3141 μετά
1029 3069 1130 3137 τήν
1182 3065 1418 3142 ἄσπορον
1472 3066 1680 3139 ἐκείνην
1727 3090 1861 3124 κυο-

208 3159 434 3236 φορίαν,
468 3158 518 3213 ἐν
548 3163 617 3232 τῇ
657 3157 790 3212 κατά
829 3159 928 3225 τήν
968 3157 1217 3229 Βηθλεὲμ
1261 3157 1405 3228 οἷ’κίᾳ
1455 3153 1858 3230 διατριϐούσης,

209 3254 308 3317 τῆς
347 3249 698 3321 Θεομήτορος
731 3247 804 3307 ὡς
826 3244 871 3301 δ’
894 3244 1092 3320 ἕτεροι,
1115 3248 1220 3319 πρὸ
1243 3243 1336 3301 δύο
1363 3245 1577 3318 μᾶλλον
1601 3246 1859 3304 ἐνιαυτῶν

208 3343 308 3405 τῆς
346 3335 492 3396 θείας
533 3337 832 3412 γεννήσεως
870 3339 975 3390 τῶν
1021 3333 1162 3390 οἷ’κοι
1217 3334 1538 3410 ἀπάραντες,
1582 3333 1635 3390 ἐν
1685 3337 1854 3412 φάτνῃ

211 3425 296 3478 καὶ
347 3427 680 3502 σπαργάνοις
719 3421 828 3479 ὄντι
880 3428 1120 3500 Χριστῷ,
1160 3425 1247 3478 καὶ
1294 3423 1344 3478 ἐν
1390 3429 1470 3496 τῷ
1516 3423 1858 3497 καταλύματι

211 3513 392 3569 εἶ’τουν
457 3513 511 3568 ἐν
561 3519 640 3586 τῷ
694 3513 949 3586 σπηλαίῳ
996 3509 1073 3569 ἔτι
1123 3511 1289 3584 οὔσης
1337 3521 1437 3582 τῆς
1481 3516 1856 3589 Θεομήτορις,

216 3604 291 3676 [οἱ
358 3604 537 3677 Μάγοι
598 3605 703 3659 ἀπὸ
759 3603 1093 3676 Ἀνατολῶν]
1156 3601 1582 3678 παραγίνονται·
1643 3604 1670 3657 ὃ
1724 3601 1861 3672 δῆτα

212 3693 299 3746 καὶ
364 3689 765 3767 ἀκριϐέστερον.
818 3692 983 3771 Σοφοὶ
1033 3690 1090 3747 δέ
1137 3713 1275 3753 τινες
1319 3693 1468 3746 οὗτοι
1500 3691 1588 3746 καὶ
1638 3696 1746 3746 τῶν
1802 3693 1860 3747 εὖ

213 3782 540 3857 γεγονότων,
600 3783 686 3836 καὶ
747 3783 929 3855 κράτει
987 3778 1184 3850 πολλῷ
1241 3775 1615 3856 διαφέροντες·
1666 3779 1860 3854 ἀστέρα

213 3871 299 3924 καὶ
352 3872 456 3945 γάρ
506 3891 626 3925 τινα
683 3869 986 3930 κατιδόντες
1048 3869 1133 3924 επὶ
1189 3869 1395 3943 χώρας,
1446 3868 1554 3943 οὐχ
1599 3865 1690 3923 ἕνα
1739 3872 1858 3926 τινὰ

213 3965 321 4013 τῶν
373 3958 612 4034 ἐξαρχξς
669 3965 748 4031 τῷ
806 3957 1040 4033 οὐρανίῳ
1089 3959 1422 4030 στερεώματι
1473 3960 1859 4034 καταπεπηγό-

214 4070 320 4103 τιυν
347 4069 360 4080 ο
400 4047 526 4103 ουδὲ
575 4053 690 4104 οἱον
734 4050 870 4104 εἶναι
912 4047 1181 4122 βασιλέων
1235 4045 1504 4122 διαδοχὴν
1554 4049 1862 4104 ὑπαινίσσε-

216 4142 376 4194 σθαι.
431 4137 523 4200 οὓς
579 4138 838 4212 βοθ·5νους
885 4138 976 4192 καὶ
1025 4136 1339 4214 πωγωνίας,
1399 4133 1618 4198 δοκίόας
1666 4158 1724 4193 τε
1770 4137 1860 4192 καὶ

216 4228 471 4291 ἀκοντίας
499 4227 588 4282 καὶ
645 4228 911 4301 κομήέας,
953 4224 1088 4300 πρὸς
1131 4225 1255 4287 τοὺς
1307 4225 1518 4280 ἐκείνων
1569 4223 1861 4304 διαφόρους

219 4319 650 4391 σχηματισμοὺς
683 4317 1064 4392 ὀνομάζουσιν.
1099 4319 1193 4370 Ὧν
1225 4314 1438 4370 πάντων
1489 4316 1590 4384 τὴν
1634 4315 1859 4392 γένεσιν,

218 4407 323 4462 ἀπὸ
385 4415 486 4478 τῆς
546 4407 678 4481 ὑπὲρ
733 4407 824 4461 τὸν
886 4408 1016 4481 ἀέρα
1082 4407 1201 4482 περὶ
1259 4407 1321 4461 τὸ
1403 4405 1641 4480 αἷθὲριον
1701 4407 1862 4468 κότος

222 4495 636 4572 ὑπερχεομένης
705 4496 793 4550 καὶ
859 4495 1218 4569 ἐκκαιομένης
1303 4496 1733 4568 ἀναθυμιάσεως,
1809 4497 1861 4550 0".

220 4587 340 4661 περὶ
401 4591 568 4641 ταῦτα
624 4584 830 4657 κομψοί
887 4605 1015 4658 φασι
1072 4586 1170 4654 τὴν
1229 4583 1480 4638 σῦστασιν
1546 4582 1731 4660 ἔχειν⁸
1793 4586 1857 4640 οὐ

2515 1923 2606 1980 ’15
2652 1922 2880 1979 CAPUT
2921 1922 3069 1979 Xlll.

1975 2033 2054 2085 De
2082 2023 2418 2100 stettafquae
2447 2032 2649 2101 praeter
2692 2046 2911 2085 omnem
2956 2029 3276 2100 opinionem
3305 2029 3370 2086 de
3396 2031 3616 2088 Oriente

2045 2102 2116 2156 ad
2143 2104 2444 2157 novitatem
2491 2101 2697 2158 Christi
2733 2104 3039 2172 apparuit:
3087 2106 3137 2158 et
3185 2103 3250 2157 de
3299 2108 3609 2158 munerato-

2048 2173 2204 2229 ribu:
2235 2173 2430 2245 Magis,
2463 2181 2513 2230 et
2541 2175 2609 2230 de
2640 2175 2871 2230 Herodis
2897 2173 3037 2230 doto.

2045 2353 2265 2411 Deinde
2297 2357 2588 2426 parentes,
2620 2371 2800 2427 puero
2827 2354 2965 2412 Jesu
3000 2359 3249 2426 recepto,
3283 2357 3523 2412 domum
3557 2356 3616 2413 in

1973 2443 2253 2499 Nazareth
2287 2448 2426 2498 sunt
2457 2443 2688 2499 reversi.
2739 2444 3102 2516 Congruebat
3140 2444 3318 2513 enim,
3351 2461 3482 2500 cum
3517 2461 3618 2517 per

1975 2532 2360 2604 quadraginta
2415 2533 2562 2603 dies,
2618 2533 3048 2589 Bethlehemitae
3106 2533 3346 2602 scilicet,
3401 2550 3616 2590 munus

1973 2636 2167 2689 suum,
2201 2621 2258 2676 in
2291 2637 2466 2677 censu
2499 2625 2555 2677 et
2592 2621 3002 2692 descriptione,
3037 2637 3105 2677 eo
3153 2623 3274 2678 loco
3305 2623 3412 2678 rite
3443 2623 3617 2680 obiis-

1973 2714 2120 2779 sent,
2154 2713 2218 2765 ut
2249 2710 2316 2765 ad
2351 2709 2703 2766 domicilium
2735 2727 2911 2766 suum
2942 2711 2998 2765 in
3031 2711 3305 2767 Nazaretb
3339 2712 3618 2780 redirent,

1974 2803 2204 2870 propter
2233 2815 2383 2862 eam,
2417 2815 2541 2870 quas
2573 2803 2697 2855 tum
2733 2799 2808 2854 ibi
2840 2800 2924 2855 eis
2955 2803 3103 2867 erat,
3136 2800 3528 2858 substantiam
3560 2805 3617 2858 et

1973 2889 2424 2961 possessionem.
2480 2887 2796 2960 Utrobique
2843 2888 2998 2944 enim
3059 2889 3415 2956 habitabant,
3461 2891 3610 2960 quod

1973 2983 2220 3050 utroque
2239 2978 2364 3035 loco
2389 2986 2729 3049 proventum
2756 2977 3028 3049 aliquem,
3056 2983 3122 3035 ut
3140 2979 3426 3050 conjicere
3457 2978 3611 3047 licet,

1972 3068 2272 3124 haberent.
2305 3070 2481 3124 Porro
2511 3068 2740 3124 duobus
2786 3067 3002 3140 elapsis
3051 3068 3244 3138 annis,
3279 3078 3404 3140 post
3435 3086 3611 3141 spon-

1971 3165 2196 3216 taneam
2241 3157 2400 3214 illam
2442 3157 2802 3230 seminisque
2831 3166 3120 3229 expertem
3153 3159 3609 3231 conceptionem,

1971 3247 2236 3318 uterique
2264 3247 2670 3319 gestationem,
2697 3262 2825 3302 cum
2860 3247 2920 3302 in
2952 3247 3244 3304 domicilio
3272 3249 3349 3319 (l)
3381 3247 3608 3306 Bethle-

1971 3337 2241 3393 hcmitico
2271 3336 2433 3408 virgo
2481 3335 2583 3392 Dei
2622 3341 2804 3393 mater
2840 3341 3009 3405 esset,
3043 3338 3371 3407 seupotius
3397 3337 3486 3410 (ut
3512 3337 3612 3395 alii

1970 3427 2234 3499 tradunt)
2263 3427 2494 3484 duobus
2543 3433 2674 3484 ante
2723 3427 2978 3483 divinam
3024 3427 3385 3483 nativitatem
3420 3429 3612 3496 annis,

1970 3517 2154 3587 patria
2211 3515 2408 3572 relicta
2463 3531 2526 3572 se
2583 3517 2640 3572 in
2699 3517 2848 3573 viam
2903 3515 3054 3586 Magi
3103 3515 3311 3572 Persici
3353 3517 3611 3573 dedere:

1971 3611 2144 3676 atque
2176 3605 2374 3660 itinere
2408 3609 2660 3676 peracto,
2707 3622 2841 3660 cum
2890 3605 3215 3660 etiamnum
3263 3603 3320 3659 in
3370 3607 3611 3676 prasepi

1971 3694 2248 3766 faciisque
2289 3694 2512 3764 jaceret
2558 3693 2848 3761 Christus,
2899 3700 2955 3750 et
2985 3694 3161 3750 simul
3193 3694 3252 3749 in
3294 3694 3612 3751 diversorio

1970 3780 2068 3838 illo
2087 3782 2203 3837 sive
2225 3779 2505 3850 spelunca
2522 3785 2846 3837 versaretur
2869 3781 2968 3836 Dei
3000 3780 3268 3850 genitrix,
3291 3781 3351 3837 in
3384 3782 3614 3838 Bethle-

1971 3871 2102 3927 hem
2145 3870 2425 3926 advenere
2473 3886 2486 3924 :
2532 3871 2686 3940 quod
2733 3870 2969 3941 quidem
3011 3870 3225 3925 certius
3259 3876 3349 3927 est
3383 3873 3482 3943 (2).
3516 3871 3616 3927 Sa-

1972 3961 2196 4034 pientes
2241 3966 2435 4017 autem
2487 3960 2550 4028 ii,
2599 3960 3016 4032 nobilitathue
3059 3963 3288 4033 generis
3317 3966 3374 4018 et
3403 3963 3615 4034 opibus

1973 4050 2231 4122 insignes
2263 4051 2440 4106 fuere.
2477 4049 2712 4107 Stellam
2744 4050 2960 4122 quippe
2986 4051 3044 4106 in
3077 4051 3309 4121 regione
3338 4069 3446 4108 sua
3475 4069 3614 4110 con-

1973 4143 2300 4208 spexerant,
2360 4153 2474 4193 non
2523 4153 2591 4193 ex
2637 4137 2756 4194 illis
2804 4153 3003 4198 unam.
3055 4154 3186 4210 quas
3232 4156 3266 4194 a
3298 4139 3616 4211 primordio

1974 4243 2167 4283 rerum
2202 4228 2567 4283 ﬁrmamento
2599 4226 2725 4282 σοιιί
2757 4227 2940 4282 affixis
2971 4233 3109 4282 sunt
3141 4244 3154 4282 :
3199 4243 3385 4300 neque
3412 4245 3481 4284 ex
3507 4229 3615 4297 eis,

1973 4333 2099 4388 quas
2130 4315 2390 4388 prodigio
2421 4320 2479 4372 et
2508 4316 2671 4388 quasi
2721 4316 3031 4386 aenigmate
3061 4333 3258 4388 regum
3290 4319 3615 4376 successio-

1975 4421 2078 4462 nes
2109 4406 2518 4477 praenuntiant,
2550 4410 2608 4461 et
2637 4405 2811 4473 dolia,
2844 4406 3116 4475 barbatae,
3153 4408 3366 4474 trabes,
3400 4409 3612 4478 iacula,

1972 4500 2030 4552 et
2071 4499 2310 4551 cometae
2364 4511 2466 4551 seu
2521 4493 2738 4550 crinitae
2801 4511 2902 4567 pro
2960 4497 3280 4552 formarum
3338 4499 3614 4552 varietate

1973 4583 2350 4642 nominantur
2380 4601 2393 4638 :
2429 4601 2678 4657 quarum
2710 4601 2849 4641 sane
2898 4586 3184 4653 omnium,
3233 4594 3392 4642 ortus
3421 4587 3496 4642 ab
3520 4601 3611 4642 ex-

218 4677 396 4731 τοίνυν
444 4675 641 4750 ἀστέρα
690 4679 940 4730 τοιοῦτον
981 4675 1404 4746 καταθεώμενοι,
1455 4673 1602 4747 ξένον
1655 4672 1710 4730 δέ
1741 4696 1861 4730 τινα

1975 4673 2360 4729 balationibus
2409 4690 2532 4744 quae
2581 4690 2763 4746 supra
2790 4690 3004 4742 aerem,
3051 4676 3269 4732 circum
3303 4674 3612 4731 atheream

220 4765 302 4818 καὶ
354 4765 521 4834 ἀήθη,
581 4764 869 4837 πρόσγειον
929 4763 1016 4815 καὶ
1069 4759 1484 4836 ὑπέρλαμπρον,
1541 4761 1632 4816 καὶ
1686 4783 1858 4836 παρα-

219 4853 456 4924 πλήσιον
516 4853 608 4923 μὲν
659 4857 775 4910 τοῖς
824 4849 880 4906 ἐν
929 4849 1140 4925 οὐρανῷ
1189 4851 1438 4927 ἀστράσι,
1479 4854 1760 4928 καταφανῆ
1802 4849 1859 4906 δὲ

219 4941 406 5002 ἄλλως
440 4942 627 5013 μόνοις
658 4945 774 5003 τοῖς
803 4941 924 5015 περὶ
959 4945 1122 4994 ταῦτα
1169 4938 1501 5014 ἐσχολακὸσι
1527 4959 1539 4972 ’
1591 4940 1679 4994 καὶ
1709 4945 1856 4995 ταῦτ’

219 5033 314 5086 οὐκ
359 5031 409 5085 ἐν
469 5032 667 5104 βραχεῖ
724 5031 935 5104 χρόνῳ,
989 5028 1112 5084 ἀλλ’
1174 5027 1532 5084 ἐπιτέλλοντα
1592 5026 1699 5100 ἤδη
1751 5033 1857 5102 πρὸ

291 5163 334 5199 ¹⁹
362 5161 472 5218 lea.
515 5177 612 5227 vn,
654 5161 740 5224 14.

289 5290 366 5360 (1)
397 5287 554 5344 Hanc
585 5285 931 5360 sententiam
963 5286 1220 5358 sequitur
1264 5283 1626 5357 Epiphanius
1658 5281 1860 5340 Contra

224 5361 426 5416 Aloaos.
1640 5378 1646 5384 ·

461 5431 993 5510 Gentis_Persarum
1025 5429 1175 5510 Magi
1210 5427 1429 5510 suntin
1461 5426 1861 5510 observatione

225 5499 411 5559 rerum
447 5503 814 5569 sublimium,
847 5499 1748 5573 imposturis,incantationibus,
1771 5515 1866 5554 na-

225 5577 622 5648 turalibusque
664 5571 1086 5648 contrariorum
1131 5571 1618 5648 consensionibus
1653 5587 1863 5648 vacan-

227 5654 326 5718 tes.
355 5643 704 5718 Hujusmodi
739 5644 1047 5718 praestigiis
1064 5659 1296 5718 quoque
1310 5643 1536 5699 videtur
1565 5643 1864 5718 studuisse

225 5715 477 5786 Balaam,
527 5719 628 5790 qui
662 5735 695 5774 a
725 5715 927 5775 Balaac
959 5715 1229 5774 evocatus
1271 5719 1380 5786 est,
1415 5719 1480 5772 ut
1507 5715 1859 5787 quibusdam

1967 4763 2376 4834 caelestemque
2433 4762 2883 4834 amplitudinem
2945 4764 3142 4819 ell‘usm
3187 4763 3605 4830 accenduntur,

1967 4850 2353 4908 substantiam
2413 4853 2568 4924 capit
2612 4853 2702 4924 (ut
2749 4853 2985 4925 quidem
3037 4851 3140 4919 illi,
3191 4850 3290 4922 qui
3321 4851 3612 4922 ejusmodi

1966 4945 2141 5000 rebus
2172 4943 2792 5014 inquirendislaudem
2815 4944 2927 5000 sibi
2950 4948 3007 5000 et
3025 4943 3272 5014 gloriam
3304 4959 3611 5014 compara-

1967 5036 2120 5099 runt,
2167 5033 2444 5101 tradunl).
2504 5033 2626 5089 Non
2686 5033 2880 5104 itaque
2935 5032 3163 5089 stellam
3203 5034 3330 5105 ejus
3378 5034 3608 5105 generis

1968 5284 2158 5341 verbis
2216 5285 2583 5342 malediceret
2640 5284 2856 5342 Israeli.
2921 5282 3019 5338 Ille
3067 5299 3246 5339 vero:
3290 5283 3606 5351 Exorietur,

1975 5357 2187 5428 inquit,
2209 5359 2363 5413 stetta
2393 5374 2461 5413 ex
2479 5358 2711 5423 Jacob,et
2730 5361 2983 5424 exsurget
3012 5353 3170 5428 homo
3189 5372 3258 5411 ex
3281 5357 3474 5422 lsraet,
3497 5362 3604 5412 etc.

1973 5427 2153 5499 (Num.
2183 5430 2357 5502 xxxv.)
2391 5432 2747 5502 Quapropter
2789 5428 2978 5502 locum
3023 5427 3230 5484 Judaeee
3261 5434 3606 5500 quaerentes,

1973 5500 2365 5557 recordatione
2405 5503 2611 5556 veteris
2652 5500 2903 5556 historiis
2945 5506 3248 5566 venerunt,
3290 5508 3348 5554 ut
3388 5516 3608 5570 cogno-

1970 5578 2199 5646 scerent
2229 5573 2327 5628 ubi
2361 5578 2531 5646 natus
2560 5578 2710 5630 esset
2740 5589 2835 5646 rex
2865 5572 3220 5630 Judacorurn.
3256 5595 3286 5622 »
3316 5573 3608 5646 (Basilius,

1968 5644 2030 5702 in
2061 5645 2235 5702 Serm.
2267 5645 2480 5702 Natalis
2511 5643 2775 5718 Domini.)
