3950 6214
473 383 588 444 671

1772 377 2192 440 NICEPHORI
2235 376 2590 440 CALLISTI

3755 381 3864 440 6'11

475 518 567 576 illi
619 517 900 584 viderant,
953 516 1053 574 sed
1104 531 1312 571 novam
1367 513 1536 586 plane
1591 521 1645 568 et
1701 511 2016 579 insolitam,
2052 511 2116 568 ad

2237 506 2335 564 δύο
2389 506 2628 582 μάλιστα
2673 512 2780 562 τῶν
2829 505 3109 576 ἐνιαυτῶν,
3139 508 3230 562 καὶ
3282 506 3408 582 οὐχὶ
3466 510 3604 581 μετᾶ
3643 505 3738 564 δύο
3781 517 3866 578 τῆς

474 611 688 665 terram
721 610 1048 674 vergentem
1085 609 1141 659 et
1173 603 1486 674 plurimum
1531 600 1899 664 relucentem,
1935 600 2118 671 persi-

479 696 796 766 milemque
845 695 988 750 adeo
1037 691 1280 765 reliquis
1325 691 1450 748 cceli
1497 691 1715 756 astris;
1752 707 1934 762 neque
1965 692 2116 756 aliis,

478 801 650 856 quam
701 783 798 854 qui
842 783 1144 839 sederibua
1187 781 1608 854 cognoscendis
1655 796 1890 850 operam
1936 780 2119 835 dedis-

479 877 625 940 sent,
659 871 1028 943 conspicuam
1078 879 1134 927 et
1191 877 1590 942 apparentem.
1639 870 1707 924 Et
1755 867 1850 923 illa
1883 869 2116 940 quidem

479 979 592 1019 non
625 963 804 1030 brevi,
856 962 956 1017 sed
1009 963 1156 1018 duos
1204 966 1340 1016 ante
1385 976 1591 1026 annos,
1642 975 1815 1029 quam
1853 958 2119 1013 Christus

478 1059 651 1108 natus
683 1055 857 1120 esset,
899 1055 1098 1106 exorta
1127 1050 1420 1122 apparuit,
1452 1066 1524 1104 ne
1563 1049 1697 1121 quis
1729 1049 1956 1102 duobus
1991 1051 2120 1117 post

477 1141 836 1198 nativitatem
885 1139 1056 1196 annis
1099 1141 1314 1194 editam
1373 1143 1551 1210 putet.
1611 1137 1882 1193 Sedenim
1945 1136 2120 1208 Magi,

479 1245 610 1285 cum
643 1245 788 1284 novo
821 1229 932 1284 isto
962 1228 1292 1300 apparentis
1337 1227 1516 1283 stella
1549 1225 1872 1299 spectaculo
1904 1225 1963 1280 in
1995 1241 2124 1280 am-

481 1318 713 1389 biguam
767 1317 1290 1373 considerationem
1338 1315 1580 1386 conjecti
1626 1323 1841 1378 essent,
1875 1319 1929 1370 et
1962 1316 2032 1371 de
2061 1330 2126 1370 ea

481 1407 582 1463 diu
641 1406 1010 1479 multumque
1069 1407 1414 1478 inquirendo
1471 1405 1860 1460 deliberarent
1903 1421 1916 1458 :
1957 1404 2128 1460 hahe-

480 1501 732 1567 rentque
774 1497 950 1552 simul
993 1503 1240 1554 veterem
1281 1495 1446 1550 illum
1487 1495 1745 1564 Balaam,
1788 1495 1884 1565 qui
1923 1495 1996 1550 de
2037 1509 2126 1560 eo,

480 1586 634 1656 quod
669 1587 930 1642 futurum
965 1589 1106 1642 erat.
1157 1584 1407 1641 Numine
1446 1584 1680 1640 atﬂatus
1711 1583 1996 1641 cecinerat
2031 1601 2043 1638 :
2073 1596 2130 1646 et

481 1675 728 1732 fortasse
781 1675 956 1731 etiam
1015 1675 1088 1729 ab
1137 1674 1220 1730 eis
1255 1691 1400 1746 quos
1439 1673 1498 1729 in
1552 1675 1917 1729 veneratione
1956 1679 2130 1745 atque

483 1763 870 1820 admiratione
925 1763 1198 1834 habuere,
1260 1763 1659 1818 sacerdotibus
1709 1761 1984 1832 paulatim
2029 1779 2131 1834 per

2236 598 2536 671 γεννήσεως
2565 591 2683 666 ἔτη,
2723 597 2833 668 ἅμα
2863 599 2944 668 τῷ
2976 597 3211 672 Χριστὸν
3251 593 3468 666 δηλαδῆ
3519 600 3864 671 γεννηθῆναι·

2232 685 2284 741 ἐν
2314 685 2504 760 ἀπόρῳ
2535 706 2590 740 τε
2643 686 2978 746 καθεστῶτες
3005 685 3085 756 τῷ
3133 686 3268 757 ξένῳ
3311 692 3411 752 τῆς
3461 684 3606 752 θέας,
3649 686 3736 740 καὶ
3766 694 3864 741 ταῖς

2231 777 2352 849 περὶ
2399 775 2567 830 αὐτοῦ
2611 776 2870 844 ζητήσεσι
2917 773 3174 829 πλεῖστον
3223 775 3424 852 χρόνον
3475 772 3866 844 ἐκδαπανήσαν.

2229 889 2339 934 τες,
2399 862 2616 942 ἔχοντές
2673 889 2730 923 τε
2799 869 2912 940 ἅμα
2967 867 3057 921 καὶ
3123 869 3214 922 τὸν
3289 867 3572 942 πρόπαλαι
3631 869 3864 942 Βαλαὰμ,

2231 958 2352 1032 περί
2409 959 2604 1013 τούτου
2661 961 2723 1012 τὸ
2783 957 3038 1030 ἐσόμενον
3101 954 3588 1032 προφοιϐἑσαντα·
3655 959 3786 1022 ἴσως
3823 959 3866 1014 δὲ

2229 1049 2316 1101 καὶ
2389 1047 2534 1121 παρὰ
2599 1051 2708 1101 τῶν
2755 1046 2942 1110 αὐτοῖς
2991 1043 3294 1120 σεϐομένων
3347 1049 3530 1122 ἡρέμα
3591 1071 3864 1124 μυσταγω-

2230 1136 2493 1210 γοῦμενοι
2523 1135 2778 1212 περὶτῆς
2833 1137 2967 1210 ὑπὲρ
3014 1135 3184 1210 λόγον
3233 1141 3330 1192 τοῦ
3383 1142 3521 1192 Θεοῦ
3571 1140 3750 1214 Λόγου
3781 1160 3868 1214 γενι

2231 1225 2462 1294 νήσεως,
2510 1228 2646 1281 Θεοῦ
2695 1223 2752 1280 δῖε
2803 1227 2864 1280 τὸ
2917 1224 3087 1280 πλέον
3135 1227 3234 1295 τήν
3285 1228 3476 1300 ψυχήν
3534 1226 3754 1281 ἐκείνων
3803 1228 3865 1288 είς

2233 1318 2393 1370 τοῦτο
2425 1311 2816 1390 διερεθίζοντος
2853 1333 2864 1346 ·
2923 1316 3156 1385 ὁπηνίκα
3203 1313 3270 1386 δή
3327 1316 3418 1372 οὖν
3460 1318 3744 1392 προνοίαις
3787 1323 3866 1372 τοῦ

2235 1403 2580 1478 γεννηθέντος
2621 1399 3018 1476 παμϐασιλέως
3067 1409 3326 1479 Χριστοῦ,
3379 1407 3474 1461 τὸν
3523 1407 3721 1478 ἀστέρα
3769 1409 3868 1462 cial-

2236 1513 2334 1564 περ
2383 1491 2636 1567 ἔμψυχόν
2678 1515 2797 1548 τινα
2845 1493 2934 1549 καὶ
2981 1495 3164 1570 νοερᾶν
3233 1493 3462 1568 δύναμιν
3511 1493 3567 1551 ἐκ
3627 1494 3868 1570 Περσίδος

2237 1603 2370 1655 προς
2465 1579 2728 1637 Ἰουδαίαν
2823 1581 3140 1656 κινοῦμενον
3233 1586 3598 1654 κατενόησαν,
3693 1587 3864 1639 ὡσανεὲ

2237 1668 2425 1744 ὁδηγῷ
2455 1669 2643 1744 ἐκείνῳ
2673 1669 3038 1746 χρησάμενοι,
3074 1670 3126 1726 ἐν
3158 1671 3392 1747 δευτέρῳ
3443 1675 3664 1748 θέμενοι
3695 1677 3864 1738 πάντα,

2237 1759 2465 1814 κατόπιν
2523 1759 2614 1815 καὶ
2673 1759 2827 1814 αὐτοὶ
2889 1759 3129 1817 ε’ίποντο.
3209 1763 3484 1837 Ἀγχιστα
3553 1763 3733 1818 τοίνυν
3785 1767 3864 1832 τῆς

485 1852 833 1916 doctrinam,
861 1853 932 1908 ad
965 1853 1234 1924 mysteria
1265 1853 1392 1922 ejus
1423 1868 1552 1922 quae
1573 1851 1860 1907 rationem
1894 1867 2116 1906 omnem

2241 1843 2503 1909 Ἰουδαίας
2535 1846 2658 1921 περὶ
2691 1846 3052 1920 Ἰερουσαλὴμ
3071 1849 3379 1924 γεγονότες,
3407 1850 3482 1913 ὡς
3505 1851 3560 1904 ἂν
3587 1847 3667 1920 ἂν,
3700 1853 3862 1924 οἶμαι,

484 1940 737 2007 excellit,
787 1941 888 1998 Dei
921 1942 1094 1996 Verbi
1127 1941 1466 2008 nativitatis,
1517 1941 1747 1996 deducti
1779 1947 1976 1996 essent
2004 1943 2084 2012 (l)
2119 1971 2130 2008 ε

495 2032 592 2088 το
625 2031 875 2088 maxime
904 2048 1037 2087 vero
1087 2032 1238 2086 Deus
1277 2031 1404 2102 ipse
1433 2031 1662 2086 animos
1691 2031 1890 2086 eordm
1923 2030 1990 2084 ad
2027 2029 2133 2086 hoc

489 2121 802 2177 excitaret:
829 2120 1186 2191 proindeque
1215 2119 1428 2175 summi
1448 2119 1710 2174 omnium
1737 2117 1888 2190 regis
1913 2119 2129 2174 Christi

483 2210 602 2266 nati
635 2209 998 2280 providentia
1045 2207 1292 2273 stellam,
1340 2207 1576 2278 perinde
1601 2212 1776 2278 atque
1807 2207 2125 2263 animatam

480 2298 800 2372 quamdam
830 2296 1350 2370 intelligentiteque
1373 2295 1712 2366 participem
1738 2296 1876 2364 vim,
1902 2313 1968 2352 ex
1994 2295 2124 2350 Per-

479 2389 604 2444 side
623 2387 884 2444 Judaam
915 2403 1119 2443 versus
1161 2386 1374 2442 moveri
1397 2385 1818 2458 intelligerent:
1849 2392 2121 2455 tanquam

478 2475 581 2532 viae
619 2477 766 2533 duce
797 2475 884 2532 usi
933 2475 1292 2546 praecedente
1341 2491 1427 2536 ea,
1469 2475 1742 2531 omnibus
1773 2473 2124 2546 posthabitis

478 2567 674 2630 rebus,
719 2581 866 2636 ponr
921 2573 1054 2620 sunt
1099 2563 1295 2620 secuti.
1349 2565 1417 2619 Et
1451 2563 1574 2634 jam
1631 2579 1810 2635 prope
1859 2563 2118 2620 Judmam

477 2655 784 2727 ipsamque
836 2654 980 2710 adeo
1035 2653 1359 2710 Jerusalem
1419 2656 1603 2718 erant,
1662 2668 1794 2708 cum
1852 2652 1954 2707 vis:
2005 2654 2119 2709 dux

479 2743 669 2812 stella,
701 2759 817 2817 quo
847 2747 933 2810 (ut
963 2743 1232 2818 equidem
1267 2743 1430 2814 puto)
1453 2742 1725 2798 nativitas
1745 2757 1812 2798 ea
1835 2759 1960 2814 quas
1993 2743 2119 2813 cpi-

479 2833 712 2890 nionem
761 2831 1052 2902 fidemque
1099 2847 1332 2888 omnem
1381 2835 1620 2902 superat
1649 2831 2120 2887 famaincrebre-

480 2925 689 2988 sceret,
745 2921 1170 2990 manifestaque
1237 2921 1418 2989 fieret,
1482 2919 1787 2990 derepente
1841 2920 2116 2992 disparet.

479 3009 623 3066 Cum
656 3023 792 3080 ergo
826 3007 1158 3065 dubitantes
1205 3007 1289 3064 illi
1339 3009 1411 3063 de
1443 3007 1740 3064 nativitate
1769 3023 1969 3065 recens
2001 3008 2116 3064 nati

480 3099 628 3170 regis
658 3099 1020 3171 inquirerent
1065 3099 1176 3170 (Ab
1223 3099 1451 3155 Oriente
1498 3098 1677 3164 enim,
1711 3097 1990 3167 dicentes,
2023 3113 2118 3153 ve-

481 3187 702 3254 nimus,
735 3191 799 3242 nt
827 3191 1236 3256 congruentem
1268 3185 1352 3241 illi
1381 3185 1606 3242 cultum
1637 3194 1693 3241 et
1723 3185 2116 3243 adoratiouem

483 3276 575 3348 pie
602 3275 1040 3348 persolvamus),
1091 3280 1300 3331 cuncta
1341 3275 1482 3331 urbs
1511 3274 1765 3331 tumultu
1797 3275 2074 3346 impletur
2105 3293 2119 3332 :

485 3365 737 3421 maxime
765 3381 919 3433 vero,
960 3365 1061 3436 qui
1094 3371 1226 3420 tum-
1259 3378 1504 3437 regnum
1551 3363 1631 3419 ibi
1669 3362 1983 3432 obtinebat,
2017 3368 2124 3420 He-

483 3455 652 3512 rodes
693 3454 769 3525 (2)
818 3454 1217 3510 conturbatur.
1266 3452 1560 3509 Metuebat
1601 3452 1756 3508 enim
1808 3468 1984 3524 regno
2020 3470 2032 3508 :
2067 3457 2123 3509 et

479 3542 804 3616 plurimum
859 3558 930 3598 ne
979 3543 1033 3597 id
1095 3543 1144 3598 ei
1201 3542 1596 3614 abrogaretur,
1652 3540 1936 3597 sollicitus
1977 3547 2119 3598 erat.

479 3633 684 3703 Itaque
713 3631 1048 3686 Judasorum
1082 3629 1410 3686 sacerdotes
1430 3629 1499 3684 ad
1532 3645 1594 3685 se
1623 3633 1920 3696 convocat,
1953 3646 2118 3685 accu-

476 3722 773 3792 ratiusque
825 3718 1062 3790 singula
1119 3723 1527 3791 percunctatur
1570 3734 1582 3772 :
1627 3722 1683 3774 et
1731 3717 2117 3790 potissimum,

478 3809 716 3866 ubinam
747 3808 1046 3866 Christum
1071 3809 1221 3880 apud
1255 3808 1415 3878 ipsos
1435 3807 1794 3864 nasciturum
1827 3807 2119 3880 prophetas

479 3898 774 3956 vaticinati
806 3903 1028 3964 essent,
1077 3896 1340 3968 inquirit.
1394 3895 1498 3954 Hic
1528 3894 1612 3951 illi
1645 3895 1978 3952 Bethlehem
2011 3896 2116 3951 Ju-

479 3989 614 4044 ὀίεαι
645 3986 928 4054 indic-ant,
960 3991 1016 4041 et
1058 3985 1393 4058 prophetam
1429 3984 1723 4042 Micbaam
1757 3989 1962 4042 testem
1993 3985 2120 4040 lau-

481 4078 642 4143 dant,
703 4084 766 4132 ut
811 4076 1005 4132 verbis
1053 4075 1178 4131 suis
1235 4075 1408 4131 ﬁdem
1458 4079 1804 4132 astruerent.
1855 4074 2119 4131 Celebrat

477 4169 674 4222 autem
703 4164 1087 4236 laudibusque
1117 4163 1452 4220 Bethlehem
1500 4162 1598 4220 ille
1637 4164 1821 4233 etl‘ert,
1853 4179 2118 4236 progres-

479 4269 681 4309 surum
711 4253 845 4309 inde
877 4253 1104 4309 lsraelis
1136 4251 1343 4308 ducem
1377 4253 1570 4309 divino
1599 4251 1879 4309 instinctu
1913 4253 2114 4324 prsidi-

475 4357 634 4398 oens.
669 4341 820 4397 Tum
867 4341 1120 4398 Herodes
1170 4346 1410 4397 secretis
1453 4339 1760 4413 colloquiis
1789 4339 2034 4397 sollicite
2063 4347 2120 4396 et

473 4430 784 4503 diligenter
849 4435 1082 4501 tempus
1143 4429 1446 4502 perquirit,
1513 4445 1582 4486 ex
1641 4446 1755 4502 quo
1815 4445 1960 4486 nova
2017 4431 2118 4486 illa

475 4518 762 4576 illuxisset
791 4519 956 4575 stella
989 4535 1002 4576 :
1035 4519 1373 4590 occulteque
1401 4523 1460 4576 et
1488 4517 1735 4575 latenter
1771 4535 1902 4575 cum
1937 4518 2116 4588 Magis

2241 1937 2527 2014 περιφανὲς
2564 1935 2655 1992 καὶ
2707 1935 3026 2007 ἐξάκουστον
3079 1941 3300 2014 γένηται
3333 1941 3396 1994 τὸ
3437 1938 3740 2012 παράδοξον
3781 1943 3864 2006 τῆς

2239 2027 2560 2101 γεννήσεως,
2621 2029 2648 2082 ὁ
2701 2027 2796 2100 μὶν
2847 2024 3061 2101 ὁδηγῶν
3111 2027 3283 2102 ἀστὴρ
3329 2027 3482 2092 εὐθὺς
3537 2029 3746 2106 ἀφανὴς
3787 2033 3862 2098 ἦν.

2241 2115 2670 2188 Ἀπορουμένοις
2711 2113 2758 2170 δ’
2803 2115 2896 2170 οὖν
2955 2113 3181 2178 ἐκείνοις
3229 2117 3320 2171 καὶ
3365 2115 3862 2191 διαπυνθανομένοις

2235 2207 2332 2258 τοῦ
2359 2203 2684 2276 τικτομὲνου
2738 2202 3006 2278 βασιλέως
3055 2205 3154 2274 τήν
3201 2207 3448 2282 γέννησιν
3473 2225 3484 2237 ·
3537 2209 3624 2280 Ἐξ
3655 2208 3728 2263 ’ἑω
3753 2209 3860 2282 γαρ,

2235 2291 2417 2369 φᾶσῖν,
2458 2295 2662 2366 ἥκομεν
2725 2291 2911 2366 ἐκείνῳ
2965 2295 3371 2373 ἀφοσιώσασθαι
3421 2297 3520 2365 τήν
3567 2297 3860 2370 προσκῦνη-

2237 2402 2316 2435 σιν
2348 2401 2359 2412 ·
2395 2381 2538 2436 πᾶσά
2577 2402 2636 2437 τε
2667 2384 2699 2452 ἡ
2735 2381 2898 2446 πόλις
2945 2383 3112 2456 μεστὴ
3164 2379 3412 2458 θορύϐων
3459 2383 3552 2452 ἦν,
3603 2387 3692 2440 καὶ
3741 2385 3860 2458 μᾶλ-

2234 2469 2328 2524 λον
2361 2471 2388 2524 6
2417 2469 2674 2540 τηνικάδε
2701 2472 2801 2540 τὴν
2833 2471 3014 2547 ἀρχὴν
3043 2475 3138 2540 τῆς
3179 2471 3396 2536 πόλεως
3447 2471 3596 2549 ’έχων
3625 2472 3854 2549 Ἡρώδης

2233 2559 2261 2612 6
2315 2557 2586 2632 βασιλεύς.
2649 2556 2873 2614 Ἐδεδίει
2932 2560 3034 2634 γὰρ
3093 2561 3216 2634 περί
3261 2567 3360 2630 τῆς
3417 2561 3620 2638 ἀρχῆς,
3677 2563 3761 2617 καὶ
3811 2561 3852 2617 ἐν

2231 2645 2436 2721 ἀγωνίᾳ
2469 2647 2704 2718 μάλιστα
2743 2649 2832 2718 ἦν,
2871 2650 2970 2718 τήν
3019 2651 3186 2704 αὐτοῦ
3239 2648 3534 2704 κατάλυσιν
3581 2651 3850 2726 ὑφορώμε-

2229 2755 2320 2798 νος
2375 2735 2466 2790 Διό
2493 2757 2580 2791 τοι
2607 2736 2698 2792 καὶ
2739 2736 2815 2800 εἰς
2845 2735 3031 2793 ἑαυτὸν
3073 2738 3416 2794 συνεκαλεῖτο
3470 2740 3598 2802 τοὺς
3633 2742 3850 2814 ἱερᾶσθαι

2231 2825 2498 2902 λαχόντας
2549 2830 2656 2881 τῶν
2715 2823 3024 2884 Ἰουδαίων’
3077 2829 3165 2882 καὶ
3215 2827 3306 2884 σὺν
3353 2825 3604 2904 ἀκριϐείᾳ
3655 2827 3850 2885 διεπυν-

2229 2917 2416 2974 θάνετο
2445 2915 2662 2988 ἕκαστα,
2695 2921 2799 2974 ποῖ’)
2842 2917 3068 2992 μέλλειν
3101 2921 3190 2975 τὸν
3239 2922 3364 2995 παρ’
3403 2921 3588 2984 αὐτοῖς
3641 2924 3848 2996 Χριστὸν

2225 3011 2508 3084 γεννᾶσθαι
2581 3014 2698 3071 τοῖς
2780 3012 3084 3090 προφήταις
3161 3011 3510 3086 προείρηται.
3581 3013 3646 3068 Ol
3703 3009 3755 3066 δὲ
3813 3011 3853 3064 ἑν

2234 3098 2490 3172 Βηθλεὲμ
2535 3101 2635 3164 τῆς
2685 3096 2946 3163 Ἰουδαίας
2987 3100 3304 3172 ἐσήμαινον,
3353 3099 3454 3157 Καὶ
3505 3101 3532 3156 ὁ
3591 3103 3854 3178 προφήτης

2236 3187 2475 3263 Μιχαίας
2527 3188 2730 3264 μάρτυς
2779 3192 3052 3264 παρήγετο
3109 3193 3171 3246 τὸ
3223 3191 3536 3262 ἀξιόπιστον
3591 3196 3670 3263 τῷ
3727 3190 3854 3262 λόγῳ

2236 3275 2418 3340 διδοῦς
2455 3297 2467 3310 ·
2529 3278 2804 3351 σεμνύνων
2861 3300 2920 3334 τε
2978 3282 3090 3354 ἅμα
3146 3281 3244 3348 τὴν
3307 3279 3578 3353 Βηθλεὲμ,
3637 3279 3851 3334 κάκεῖθεν

2231 3365 2595 3437 ἐξελεύσεσθαι
2649 3368 2738 3422 τὸν
2795 3372 2891 3422 τοῦ
2951 3368 3168 3441 Ἰσραὴλ
3239 3369 3582 3444 ἡγησόμενον
3653 3389 3852 3444 προσοι-

2231 3451 2432 3524 6ἀζων.
2461 3461 2517 3510 '0
2561 3453 2616 3510 δὲ
2667 3453 2951 3528 λαθραίαις
3001 3462 3117 3519 ταῖς
3167 3457 3418 3530 ὁμιλίαις
3467 3453 3750 3530 ἐξηκρίῦου
3777 3457 3850 3510 τὸν

2231 3545 2450 3623 χρόνον,
2513 3546 2626 3600 καθ’
2675 3547 2730 3600 ὃν
2765 3547 2792 3600 6
2831 3548 3008 3608 κεινὸς
3049 3546 3254 3610 ἐκεῖνος
3301 3548 3610 3625 ὑπερειρᾶνη
3663 3547 3848 3618 ἀστήρ·

2229 3635 2318 3688 καὶ
2379 3633 2432 3690 ἐν
2490 3639 2568 3706 τῷ
2623 3633 2884 3705 λεληθότι
2943 3640 3058 3698 τοῖς
3127 3643 3336 3711 Μαγοις
3397 3633 3849 3711 διεκοινολογεῖτο,

2231 3723 2444 3778 ἀπιέναι
2511 3723 2604 3794 μὲν
2663 3721 2902 3786 ἔκείνους
2957 3725 3043 3779 καὶ
3107 3729 3284 3795 ζητεῖν
3345 3725 3438 3780 τὸν
3515 3725 3846 3798 τικτόμενον·

2231 3812 2483 3882 εὑρόντας
2543 3809 2601 3866 δὲ
2649 3810 2800 3874 αὖθις
2850 3812 3217 3884 παλινοστεῖν,
3270 3813 3344 3874 ὡς
3399 3812 3460 3868 ἃν
3522 3811 3709 3886 ἆδροῑς
3753 3812 3848 3890 ἔσρο-

2231 3898 2367 3961 δίοις
2415 3897 2597 3954 οἷ’καδε
2647 3906 2782 3976 σφᾶς
2825 3902 2918 3974 μὶν
2969 3901 3286 3977 ἀναπέμψῃ,
3339 3902 3452 3958 εἶτα
3505 3899 3562 3958 δέ
3593 3905 3678 3958 καὶ
3713 3901 3846 3958 αότός

2229 3988 2501 4060 ἀπελθὼν,
2531 3991 2593 4044 τὸ
2623 3990 2768 4053 εἰκὸς
2801 3991 3034 4066 ἀποτίσῃ
3075 3996 3155 4062 τῷ
3199 3991 3476 4068 ἂρτιγενεῖ
3529 3991 3760 4068 βασιλεῖ.
3797 3989 3844 4043 θῖ

2231 4083 2326 4154 μὲν
2360 4079 2450 4138 οὖν
2494 4083 2638 4138 οὕτω
2685 4087 2812 4143 τοῖς
2853 4087 2949 4137 τοῦ
2999 4079 3247 4157 Ἡρώδου
3293 4077 3846 4156 παραϐουκοληθέντες

2229 4167 2435 4245 λόγοις,
2494 4175 2598 4226 τῶν
2660 4171 3059 4246 Ἰεροσολύμων
3115 4171 3354 4246 ἐξῄεσαν.
3419 4173 3522 4228 Καὶ
3593 4171 3740 4235 αὖθις
3783 4174 3846 4240 τῷ

2227 4256 2412 4332 ὁδηγῷ
2467 4260 2648 4334 ἀστέρι
2707 4263 3190 4336 περιτυγχάνουσιν
3225 4279 3239 4291 ·
3289 4263 3350 4323 ’ὀς
3391 4261 3442 4330 ἐξ
3481 4260 3558 4316 ’ἑω
3609 4259 3844 4332 ποδηγῶν

2228 4349 2442 4419 αὐτοὺς,
2475 4349 2549 4412 εἰς
2585 4349 2847 4406 Ἰουδαίαν
2905 4349 3077 4405 ἷόὗσιν
3130 4345 3328 4424 ἐκρύϐη
3357 4370 3370 4379 ·
3427 4351 3519 4406 καί
3569 4348 3636 4420 δή
3667 4345 3844 4425 σοὸδρι

2225 4439 2496 4508 ἡσθέντες,
2549 4445 2666 4502 ταῖς
2718 4439 2920 4495 ἐκείνου
2981 4439 3068 4495 καὶ
3125 4440 3277 4502 αὖθις
3341 4437 3564 4496 ε’ίποντο
3613 4439 3844 4516 ἡγεσίαις,

2225 4524 2465 4602 ἁρῥήτου
2521 4523 2746 4600 ἔμπλεω
2808 4527 3033 4598 ἡδονῆς.
3092 4534 3178 4591 Ὠς
3237 4525 3296 4584 δὲ
3371 4529 3580 4606 φθάσας
3635 4527 3720 4584 sit?
3764 4527 3840 4592 τήν

475 4625 746 4668 sermone
795 4610 1246 4678 communicato,
1294 4609 1378 4666 ire
1407 4610 1643 4683 quidem
1691 4609 1841 4679 illos,
1873 4615 1932 4667 et
1978 4628 2110 4667 eum

2232 4615 2398 4670 οὶκίαν
2433 4617 2459 4672 6
2492 4617 2662 4688 ἆστὴρ
2711 4612 2867 4688 ἔστη,
2915 4616 2966 4672 ἐν
3097 4617 3134 4686 ἢ
3187 4639 3246 4673 τε
3303 4619 3488 4692 μήτηρ
3531 4619 3614 4672 καῖ
3653 4619 3680 4673 6
3709 4618 3843 4690 ἀρχιο

475 4701 576 4773 qui
617 4703 789 4756 natus
841 4705 995 4756 esset
1055 4699 1373 4772 inquirere,
1429 4717 1681 4772 cumque
1735 4699 2112 4768 invenissent,

475 4789 550 4847 ad
581 4805 644 4846 se
675 4789 878 4848 reverti
901 4789 1091 4862 jubet,
1145 4793 1207 4844 ut
1246 4805 1380 4846 eum
1413 4789 1718 4862 magniﬁco
1745 4789 1879 4846 illos
1909 4791 2115 4845 viatico

474 4879 708 4951 adjutos
737 4879 982 4937 domum
1013 4896 1184 4937 suam
1217 4880 1554 4950 remitteret,
1577 4883 1702 4936 tum
1736 4883 1857 4952 ipse
1887 4895 2114 4952 quoque

476 4971 770 5042 profectus
794 4969 1020 5041 justum
1054 4985 1257 5027 roceo
1287 4971 1482 5043 genito
1512 4969 1632 5042 regi
1665 4969 1938 5026 honorem
1973 4987 2116 5041 prte-

477 5061 674 5116 staret.
707 5057 794 5117 Illi
833 5058 1012 5130 igitur
1059 5059 1357 5114 insidiosis
1387 5059 1624 5115 Herodis
1653 5057 1842 5115 verbis
1873 5058 2113 5126 decepti,

479 5149 892 5221 Hierosolymis
947 5153 1176 5216 exeunt,
1237 5152 1294 5206 et
1343 5163 1579 5204 rursum
1637 5148 1696 5204 in
1745 5148 1970 5206 stellam
2015 5147 2114 5202 viae

475 5239 682 5296 ducem
721 5239 988 5294 incidunt
1029 5254 1044 5292 :
1095 5254 1224 5310 qum
1261 5238 1334 5294 ab
1373 5237 1605 5294 Oriente
1641 5237 1725 5294 eis
1764 5239 2113 5309 praecedens,

545 5403 626 5476 (1)
674 5424 703 5453 ‹‹
751 5401 1019 5476 Fortasse
1073 5415 1418 5476 vero,,_cum
1475 5399 1838 5476 apparitione
1886 5397 2114 5476 Domini

475 5470 803 5550 adversaria
852 5479 1106 5550 potestas
1153 5473 1572 5550 reddita__esset
1623 5470 1930 5550 infirmior,
1963 5471 2112 5550 Magi

476 5546 646 5602 etiam
705 5543 1019 5604 efﬁcaciam
1065 5562 1228 5602 suam
1268 5543 1544 5600 abolitam
1601 5557 1731 5598 esse
1774 5543 2112 5610 sentientes,

481 5633 866 5688 magnamque
897 5621 1236 5689 potestatem
1269 5621 1404 5672 nato
1434 5615 1555 5688 regi
1588 5625 1636 5670 at
1649 5616 1947 5689 testantes,
1985 5629 2112 5682 pro-

475 5683 676 5764 pterea
693 5683 1094 5747 muneratione
1115 5703 1222 5744 sua
1250 5701 1428 5759 puero
1459 5683 1813 5744 adorationis
1835 5683 2110 5741 honorem

2229 4705 2471 4768 κώτατος
2503 4705 2706 4776 ταύτης
2733 4707 2846 4768 υἱὸς
2881 4706 2969 4776 ἧν,
3003 4707 3092 4761 καὶ
3141 4707 3332 4761 ὡσανεὶ
3387 4707 3710 4782 στηριχθεὶς
3745 4703 3844 4759 uixi-

2226 4816 2392 4866 νητος
2451 4793 2656 4868 ἔμενεν,
2717 4795 2944 4853 ἐνταῦθά
3011 4817 3114 4851 που
3192 4797 3519 4870 κρύπτεσθαι
3569 4797 3632 4852 τὸ
3681 4793 3844 4865 ζητοῦο

2229 4904 2390 4958 μενον
2439 4884 2624 4946 καλῶς
2684 4885 2980 4956 οἰηθέντες,
3037 4890 3132 4941 τοῦ
3191 4888 3380 4960 πρόσω
3437 4885 3572 4940 ίὲναι
3619 4881 3840 4955 ἔστησαν.

2227 4973 2376 5028 Ἐπεὶ
2419 4969 2476 5026 δὲ
2523 4973 2610 5028 καὶ
2657 4973 2830 5037 οἰκίας
2879 4973 3009 5030 εἴσω
3052 4973 3328 5050 γεγόνασι,
3371 4975 3471 5044 τὴν
3529 4975 3732 5048 μητέρα
3769 4969 3840 5024 καὶ

2222 5062 2285 5116 τὸ
2341 5059 2558 5117 παιδίον
2619 5063 2882 5137 θεώμενοι
2959 5063 3392 5134 κατησπάζοντο,
3471 5063 3576 5118 ὑπὸ
3653 5053 3835 5130 καλύεῃ

2225 5149 2421 5224 ἀσήμῳ
2474 5149 2564 5206 καὶ
2625 5157 2855 5228 πενιχρᾷ
2940 5147 3340 5228 διατρίϐοντας,
3399 5152 3492 5208 καὶ
3549 5150 3722 5210 τᾶλλα
3759 5155 3836 5214 τῆς

2225 5237 2516 5307 εὐτελείας,
2544 5235 2798 5312 οὐδεμίαν
2827 5238 3206 5304 ἀπολιπόντας
3257 5235 3592 5316 ὑπερϐολήν.
3645 5235 3834 5312 Ἀμέλει

2224 5401 2630 5476 praestiterunt.
2667 5423 2696 5476 ξι
2727 5401 3026 5476 (Basilius,
3061 5401 3217 5474 ibid.)

2292 5472 2372 5600 (2}
2403 5496 2429 5523 ι(
2465 5471 2792 5560 Τιὶιιοείῐιὶο
2825 5475 2991 5531 tertio
3028 5471 3207 5558 .anno'
3233 5473 3392 5546 regni
3427 5473 3668 5531 Herodis
3697 5471 3834 5526 natus

2292 5549 2311 5598 t
2375 5561 2528 5600 esus.
2578 5547 2896 5600 Trtcestmo
2941 5551 3146 5600 autnto
3197 5547 3556 5600 advenerunt
3605 5544 3672 5600 ad
3727 5551 3830 5594 eum

2223 5549 2311 5616 est
2339 5544 2528 5602 Jesus.
2578 5546 2896 5602 Tricesimo
2941 5547 3146 5616 quinto
3197 5544 3556 5602 advenerunt
3605 5544 3672 5600 ad
3703 5551 3830 5616 _sum

2225 5613 2406 5690 Matii,
2433 5617 2800 5690 ettrisesimo
2832 5613 3080 5690 septimo
3117 5623 3386 5674 mortuus
3421 5623 3510 5674 est
3543 5613 3788 5673 Herodes.
3809 5627 3828 5656 ι

2222 5685 2451 5760 (Epiph.
2485 5689 2684 5747 Contra
2715 5685 2949 5762 Alogos'.)
