4100 6218
217 363 354 424 6Ἶ3
1274 367 1891 432 ΕΟΟΕΕΞΙΑΞΤΙΟΕ
1935 366 2328 431 ΗΙΒΤΟΗῘᾸΞ
2371 364 2514 424 LIB.
2562 367 2610 425 ι.
3527 363 3647 423 674

212 497 286 550 τὸ
323 495 548 551 παιδίον
578 495 667 550 καὶ
699 495 846 571 παρᾶ
872 496 963 552 τὸν
996 504 1096 567 τῆς
1133 497 1357 568 ἡλικίας
1401 501 1602 576 χρόνον
1652 501 1887 560 διαλλό-

2027 521 2063 560 ιι
2092 502 2292 559 Judaea
2321 497 2596 556 euntibus
2626 502 2956 554 evanuerat.
2982 497 3309 553 Admodum
3330 511 3471 552 sane
3500 495 3640 562 laeti,

219 605 396 655 μενον
448 586 630 658 ὥσπερ
677 585 764 638 καὶ
819 587 1012 652 συνιέν,
1054 588 1152 655 τὴν
1205 585 1446 660 δεξίωσίν
1498 611 1555 645 τε
1602 591 1744 664 ὁμοῦ
1800 595 1892 647 καὶ

2026 602 2173 664 itque
2201 587 2530 645 incredibili
2552 587 2840 658 voluptate
2869 587 3092 658 repleti,
3126 602 3362 642 rursum
3393 586 3637 641 ductum

217 672 600 743 προσκύνησιν
643 679 752 728 τῶν
811 675 1008 750 Μάγων
1054 676 1341 750 προσίετοσ
1397 679 1532 751 πρὸς
1580 677 1637 734 δὲ
1684 679 1773 734 καὶ
1826 682 1894 735 τὰ

2026 682 2161 737 llius
2192 686 2535 752 sequuntur.
2572 681 2884 748 Postquam
2915 684 3111 732 autem
3137 676 3306 732 stella
3334 692 3513 748 supra
3543 677 3644 732 do-

220 758 387 836 δῶρα
417 758 450 815 ’ἆ
505 762 595 815 καὶ
648 762 776 816 Θεὸν
831 759 1037 832 ἐδήλου
1081 769 1276 820 τοῦτον
1307 765 1396 820 καὶ
1433 765 1659 841 βασιλέα
1682 785 1696 799 ⁶
1731 772 1891 823 τοῦτο

2026 773 2338 830 nunculam
2379 768 2660 836 constitit,
2709 773 2765 822 et
2804 767 2965 837 quasi
3013 767 3135 821 loco
3182 767 3406 822 firmius
3446 767 3645 832 alﬁxa,

220 851 340 925 γὰρ
395 846 679 918 ἐϐούλετο,
706 851 769 906 τὸ
821 852 916 924 μὶν
964 853 992 907 ὁ
1041 855 1269 928 χρυσὸς,
1301 855 1364 908 τὸ
1417 852 1464 910 δ’
1495 857 1522 910 ὁ
1563 852 1785 919 λίϐανος
1812 878 1824 890 ·
1854 861 1889 926 ἡ

2028 869 2249 919 mmota
2289 860 2629 931 permansit,
2681 858 2779 911 ubi
2821 857 3042 912 scilicet
3098 861 3154 911 et
3205 863 3390 913 mater
3425 855 3553 927 ipsa
3592 867 3651 911 et

224 937 288 993 δὲ
353 940 567 1014 σμύρνα
623 940 722 1008 τήν
779 937 850 994 δι’
899 939 996 1014 ἐμὲ
1051 941 1309 1014 νέκρωσιν
1365 945 1753 1020 προγράφουσα
1800 967 1890 1016 ην.

2026 952 2408 1008 livinissimus
2447 949 2574 1019 ejus
2605 946 2761 1002 filius
2793 953 2954 1001 erant
2986 961 2998 1000 :
3037 947 3129 1000 71
3170 946 3248 1000 ibi
3281 946 3457 1001 latere
3488 945 3645 1016 quod

224 1028 586 1102 Ἀρκούντως
662 1027 752 1083 οῦν
821 1033 1454 1105 καταπροσκυνήσαντες,
1509 1034 1602 1088 καὶ
1673 1033 1892 1108 περιδε-

2026 1041 2358 1113 [uairebant,
2417 1042 2572 1092 recte
2629 1035 3056 1099 existimantes,
3099 1033 3333 1104 longius
3376 1033 3650 1106 progredi

222 1117 367 1185 ξίως
399 1116 902 1192 κατασπασάμενοι,
935 1120 1025 1174 καὶ
1058 1121 1131 1182 ὡς
1180 1121 1304 1175 Υἱὸν
1343 1126 1475 1178 Θεοῦ
1523 1124 1610 1178 καὶ
1667 1123 1894 1198 βασιλέα

2026 1129 2402 1201 .upersedent.
2462 1126 2534 1182 Ut
2576 1132 2766 1181 autem
2819 1125 2873 1180 in
2923 1125 3166 1179 domum
3212 1127 3348 1179 sunt
3379 1123 3649 1194 ingressi,

224 1211 340 1259 τῶν
384 1204 532 1260 ὅλων
580 1207 960 1279 τετιμηκότες,
1001 1208 1052 1262 ἐν
1100 1213 1179 1281 τῷ
1229 1209 1578 1284 καταλύματι
1616 1209 1892 1268 διανυκτε-

2026 1228 2245 1276 natrcm
2276 1225 2329 1274 et
2363 1233 2605 1290 puerum
2640 1217 3086 1285 conspexerunt,
3135 1213 3192 1268 in
3235 1213 3504 1280 obscura,
3538 1211 3652 1267 hu-

227 1297 424 1368 ρεῦσαι
458 1292 571 1348 δεῖν
601 1289 834 1369 ἔκριναν,
867 1296 1139 1352 οἷκείωσιν
1174 1298 1368 1354 ὡσανεὶ
1408 1301 1508 1368 τήν
1547 1301 1684 1376 πρὸς
1732 1302 1892 1358 αὐτὸν

2026 1309 2127 1364 nili
2163 1317 2219 1365 et
2253 1289 2501 1379 paupere
2549 1323 2684 1362 casa
2733 1306 3011 1369 viventes,
3062 1307 3119 1358 et
3150 1303 3207 1356 in
3258 1303 3429 1358 rebus
3459 1304 3650 1359 omni-

227 1382 449 1458 ἐξόχως
507 1385 846 1458 θηρώμενοι,
910 1388 1001 1440 καί
1081 1387 1238 1461 τίμια
1311 1387 1549 1444 ἐντεῦθεν
1619 1391 1693 1452 ὡς
1751 1392 1895 1454 εἰκὸς

2026 1416 2116 1454 )US
2174 1400 2244 1453 ad
2311 1413 2599 1452 summam
2659 1393 3077 1464 parcimoniam
3145 1397 3200 1447 et
3257 1391 3649 1462 frugalitatem

225 1471 426 1534 αὐτοῖς
488 1475 940 1546 μνηστευόμενοι,
1005 1477 1134 1530 Κατ’
1193 1475 1398 1546 ἐκείνην
1461 1476 1517 1532 δὲ
1577 1480 1676 1548 τὴν
1736 1480 1897 1535 νύκτα

2026 1488 2156 1542 nihil
2191 1485 2400 1557 reliqui
2433 1485 2816 1540 facientes.At
2841 1483 3145 1555 pueripse,
3182 1487 3386 1551 praeter
3414 1486 3646 1536 aetatem

226 1565 330 1614 τοῦ
385 1559 720 1636 ὁδηγοῦντος
776 1563 960 1625 αὐτοῖς
1012 1563 1256 1640 ἀγγέλου
1297 1568 1632 1640 χρήσαντος,
1675 1570 1748 1630 ὼς
1796 1571 1893 1642 βά-

2026 1577 2174 1646 ιυιιεὶ
2214 1578 2538 1638 exsultans,
2585 1579 2643 1627 et
2690 1571 3022 1642 intelligens
3069 1572 3466 1641 exceptionem
3517 1566 3648 1623 olli-

231 1672 434 1704 σκανον
496 1653 588 1706 τὸν
643 1650 900 1726 Ἡρώδην
957 1651 1356 1728 παραδραμεῖν,
1416 1654 1486 1711 δι’
1545 1657 1722 1726 ἄλλης
1768 1657 1897 1713 ὁδοῦ

2026 1666 2300 1734 :iumque,
2332 1663 2484 1734 quod
2518 1679 2619 1733 per
2641 1662 2972 1714 dextrarum
2997 1660 3423 1729 porrectionem
3454 1657 3650 1726 fiebat,

229 1743 378 1815 πρὸς
428 1746 497 1798 τά
543 1743 720 1798 οἶκεῖα
767 1744 1153 1820 ἔπανέστρεφον
1206 1746 1337 1816 ἤθη,
1371 1748 1446 1809 ὡς
1488 1748 1547 1802 ἂν
1579 1744 1896 1804 διδάσκαλοι

2026 1755 2522 1825 idorationemque
2553 1757 2875 1823 Magorum,
2921 1756 2976 1805 et
3017 1767 3254 1805 munera
3283 1750 3418 1806 item
3449 1765 3649 1805 eorum

230 1833 374 1904 πρὸς
438 1834 613 1909 τάχος
672 1836 738 1904 τῇ
801 1837 1016 1903 Περσῶν
1069 1833 1420 1913 ἐκπεμφθῶσι
1473 1835 1666 1913 χώρα·
1717 1839 1806 1892 καὶ
1856 1841 1890 1907 ἡ

2026 1844 2372 1914 ignoscendo
2419 1842 2782 1904 admittebat,
2818 1857 2940 1909 quae
2976 1855 3213 1894 munera
3247 1843 3423 1893 Deum
3458 1840 3651 1910 ipsum

226 1925 329 1974 τοῦ
394 1922 659 1996 τυράννου
718 1920 953 1994 διακοπῇ
1011 1924 1318 1996 μανία,καῖ
1381 1928 1545 1998 μάθοι
1602 1930 1889 2000 ἀνηνύτοις

2026 1939 2060 1988 ιι
2113 1948 2304 2002 regem
2354 1949 2480 1986 esse
2541 1930 2912 1985 declarabant
2959 1930 3038 1998 (1)
3093 1945 3106 1982 :
3155 1929 3304 1983 hunc
3359 1927 3650 1999 siquidem

229 2007 562 2084 ἐπιχειρῶν.
2003 2039 2234 2088 aurum,
2267 2021 2434 2075 illum
2467 2025 2658 2075 autem
2683 2019 2820 2074 tlius
2846 2017 3172 2073 indicabat:
3207 2017 3442 2088 myrrha
3473 2033 3648 2089 porro

233 2108 517 2168 mortem,
555 2119 681 2158 mea
717 2119 899 2159 causa
939 2111 1274 2177 susceptam
1325 2107 1728 2164 adumbrabat.
1770 2111 1876 2166 Sed
1922 2111 2077 2166 enim
2127 2128 2262 2168 cum
2303 2126 2462 2175 eum,
2512 2127 2614 2181 pro
2659 2125 2725 2164 eo
2774 2115 2944 2179 atque
2976 2125 3208 2180 aequum
3259 2108 3467 2164 fuerat.
3508 2108 3657 2164 ado—

232 2191 467 2246 ratione
528 2195 813 2264 prosecuti
856 2203 1070 2261 essent,
1130 2197 1436 2266 dextraque
1491 2198 1806 2254 admodum
1866 2206 1921 2254 et
1972 2201 2273 2272 auspicato
2313 2199 2692 2266 salutassent,
2741 2207 2794 2252 et
2853 2203 2915 2252 ut
2954 2197 3158 2252 Filium
3204 2197 3298 2253 Dei
3348 2203 3405 2253 et
3462 2213 3654 2254 rerum

229 2279 507 2334 omnium
545 2297 738 2352 regem
771 2281 1180 2352 bonorassent,
1221 2287 1277 2340 in
1311 2287 1440 2356 ipso
1489 2288 1810 2342 diversorio
1860 2289 1970 2343 sibi
2021 2291 2476 2360 pernoctandum
2527 2303 2652 2343 esse
2699 2290 3048 2352 statuerunt,
3085 2291 3360 2356 tanquam
3396 2287 3654 2341 familia-

233 2385 356 2423 rem
422 2385 555 2422 cum
609 2385 676 2423 eo
734 2373 1216 2427 consuetudinem
1275 2374 1536 2430 studiose
1594 2377 1938 2443 ambientes,
1982 2382 2039 2431 et
2088 2377 2361 2432 eximium
2411 2375 2688 2448 quiddam
2740 2375 2884 2445 ipsis
2931 2373 3127 2445 (sicuti
3161 2375 3419 2445 decebat)
3458 2376 3653 2429 conci-

228 2458 380 2514 liare
413 2459 733 2514 studentes.
767 2462 870 2516 Sed
904 2462 1057 2516 enim
1110 2480 1175 2518 ea
1226 2465 1354 2534 ipsa
1403 2470 1570 2522 nocte
1609 2467 1875 2537 angelus.
1927 2467 2027 2538 qui
2080 2469 2197 2522 dux
2250 2467 2352 2520 vias
2397 2481 2592 2521 eorum
2643 2465 2852 2530 fuerat,
2885 2465 3015 2520 illos
3057 2464 3290 2520 oraculo
3329 2464 3651 2533 admonuit,

236 2556 299 2604 ut
335 2549 586 2604 Herodis
619 2550 794 2604 invidi
827 2567 1205 2622 congressum
1241 2556 1524 2624 fugerent.
1561 2556 1644 2610 Ita
1677 2557 1916 2622 factum,
1955 2561 2018 2611 ut
2051 2573 2151 2626 per
2181 2555 2353 2611 aliam
2386 2555 2538 2610 viam
2573 2554 2630 2609 in
2677 2569 2842 2608 suam
2885 2558 3309 2608 reverterentur
3335 2551 3654 2623 regionem,

234 2639 496 2706 videlict,
528 2644 592 2694 ut
623 2655 796 2709 quam
832 2640 1132 2696 celerrime
1181 2644 1236 2696 in
1290 2647 1590 2699 Persarum
1647 2645 1942 2716 regionem
1973 2646 2236 2700 doctores
2268 2651 2325 2699 et
2369 2643 2558 2698 nuntii
2597 2647 2770 2697 tanta
2824 2644 2901 2698 rei
2934 2642 3215 2708 venirent,
3259 2646 3318 2696 et
3351 2647 3649 2713 praeterea,

237 2731 299 2782 ut
359 2729 597 2799 tyranni
654 2729 1016 2784 inbiberetur
1077 2731 1255 2798 furor,
1308 2733 1607 2804 simulque
1667 2741 1729 2788 ut
1787 2735 1911 2802 ipse
1961 2739 2230 2789 conatum
2291 2749 2352 2788 se
2400 2748 2549 2801 esse,
2603 2747 2731 2802 quae
2779 2731 2972 2802 perlici
3021 2747 3136 2786 non
3187 2737 3442 2800 possent,
3483 2728 3652 2785 intel-

237 2816 473 2887 ligeret.

885 2947 1146 2999 ΚΕΦΔΛ.
1191 2946 1296 3001 ῙΔ’.

242 3047 402 3121 Περὶ
449 3052 568 3116 τῆς
607 3047 698 3108 εἰς
737 3045 1082 3175 Αἴγυπτον
1132 3053 1250 3105 τοῦ
1296 3056 1609 3125 Σωτῆρος
1657 3053 1894 3128 φυγῆςο

313 3117 426 3171 καὶ
498 3117 580 3175 ὡς
646 3119 820 3175 'Hoo')
877 3141 950 3175 ης
1031 3123 1107 3174 τὰ
1174 3121 1234 3175 ἐν
1305 3121 1611 3175 Βηθλεὲμ
1681 3124 1894 3175 Βοὲυη

313 3117 580 3199 gaius;
646 3117 950 3199 11.903813;
1031 3123 1107 3199 tu
1174 3117 1611 3199 ὶν-Βῃθλεὶμ
1669 3117 1895 3199 ’βρέφη

313 3188 926 3267 ἀνεῖλεομκαῖπερί
965 3195 1083 3267 τοῦ
1121 3188 1512 3267 προδρόμου
1554 3188 1894 3267 ’ἶωάιὶνςίυί

314 3261 428 3350 καὶ
469 3261 619 3353 περὶ
661 3268 780 3353 τῆς
831 3261 892 3352 ἐρ
937 3267 1025 3353 “rip
1060 3261 1230 3353 ,ἱερῷ
1277 3261 1401 3353 τοῦ
1447 3269 1755 3353 Σωτῆρος
1796 3263 1901 3321 δι-

316 3329 956 3404 δασκαλίας,ίὴνίκα
996 3329 1252 3390 δώδὲκά
1292 3337 1453 3391 ἐτῶν
1495 3338 1590 3406 ἦν.

315 3440 491 3510 Ὁμοῦ
548 3439 726 3494 τοίνυν
785 3444 852 3513 τῇ
911 3445 1018 3495 τῶν
1078 3442 1280 3517 Μάγων
1341 3439 1508 3515 ἐξόδῳ
1561 3444 1650 3497 καὶ
1699 3445 1900 3523 Ἰωσήφ

249 3529 368 3582 κατ’
418 3525 548 3603 ὄναρ
591 3531 1024 3603 ἒχρηματίζετο,
1068 3527 1238 3601 μηδὲν
1299 3529 1596 3603 μελλῆσαι,
1658 3533 1802 3588 ἄλλά
1843 3555 1902 3608 γε

245 3617 347 3680 τήν
413 3617 623 3691 μητέρα
680 3618 769 3671 καὶ
825 3619 888 3672 τὸ
949 3615 1160 3672 παιδίον
1224 3614 1650 3690 ἀναλαμϐάνειν,
1699 3622 1788 3675 καὶ
1849 3624 1904 3676 οἴ

251 3703 440 3760 ποδῶν
485 3701 657 3783 ἔχειν,
706 3707 756 3767 ἐς
801 3705 1074 3781 Αἴγυπτον
1125 3709 1224 3774 τήν
1277 3706 1567 3782 φυγαδείαν
1608 3710 1777 3780 ἱστᾷν,
1810 3712 1900 3764 τὸν

251 3793 418 3869 ςνὸνον
446 3798 543 3849 τοῦ
572 3796 837 3869 τυράννου
887 3793 1374 3868 διαδιδράσκοντα·
1420 3797 1634 3852 κάκεῖσε
1692 3797 1757 3869 δη
1806 3801 1900 3860 τὰς

253 3878 542 3958 διατριϐάς
574 3882 744 3962 ἔχειν,
777 3884 944 3962 ἄχρις
968 3885 1027 3938 ἃν
1051 3886 1076 3939 ὁ
1102 3889 1198 3939 τοῦ
1224 3882 1446 3940 παιδίου
1481 3892 1657 3956 ζητῶν
1683 3890 1783 3955 τήν
1807 3893 1903 3962 ψυ·

253 3975 391 4048 χὴν,
425 3975 524 4044 τήν
559 3971 698 4028 ἰδίαν
728 3978 916 4054 ψυχὴν
945 3975 1322 4050 ἀπερεύξηται.
1356 3979 1411 4031 Ὀ
1444 3979 1539 4049 μὲν
1569 3977 1665 4032 οῦν
1701 3979 1902 4058 Ἰωσὴφ

254 4065 434 4124 οὕτως
467 4063 674 4118 ἐποίει·
706 4067 794 4118 καὶ
831 4065 917 4119 ἐπὶ
950 4064 1075 4136 τρία
1106 4062 1198 4134 ἔτη
1234 4066 1283 4120 ἐν
1318 4066 1572 4140 Αἰγύπτῳ
1600 4069 1700 4138 τὴν
1732 4090 1900 4145 φυγα-

254 4149 402 4207 δείαν
438 4151 618 4210 ἐτίθει.
651 4153 722 4208 Ού
757 4153 955 4226 πολλῷ
987 4153 1034 4208 δ’
1065 4154 1285 4228 ὕστερον
1318 4161 1414 4210 τοῦ
1443 4155 1691 4230 Ἡρώδου
1713 4159 1773 4212 τὸ
1805 4163 1904 4231 ζῇν

253 4242 504 4316 αἰσχρῶς
561 4242 990 4318 ἀπορρήξαντος,
1025 4242 1176 4304 αὖθις
1233 4248 1653 4318 χρηματισθεῖς,
1698 4248 1905 4318 σύναμα

2623 2945 2851 3000 CAPUT
2889 2944 3030 3000 XIV.

2013 3055 2086 3108 De
2112 3054 2244 3122 luga
2277 3052 2580 3108 Servaroris
2620 3054 2678 3107 in
2708 3053 3024 3123 Egyptum.
3071 3061 3124 3107 et
3169 3051 3315 3106 ι’ωάς
3341 3051 3642 3120 infantum,

2080 3140 2244 3194 quam
2289 3123 2516 3179 Herodes
2559 3127 2618 3178 in
2662 3125 2936 3179 Bethleem
2967 3125 3103 3191 fecit
3123 3139 3146 3187 ;
3191 3125 3257 3178 de
3303 3125 3647 3180 Praecursore

2079 3201 2319 3260 Joanne,
2367 3203 2418 3251 et
2459 3195 2526 3250 de
2570 3195 2816 3250 doctrina
2848 3194 3154 3251 Servaloris
3183 3195 3242 3251 in
3274 3197 3494 3267 templo,
3524 3211 3649 3251 cum

2081 3268 2363 3322 duodecim
2393 3276 2530 3322 esset
2552 3281 2845 3323 annorum.

2086 3445 2182 3500 18
2234 3448 2296 3500 In
2342 3445 2467 3516 ipsa
2514 3460 2749 3514 quoque
2797 3447 3093 3515 Magorum
3136 3443 3406 3511 abitione,
3437 3443 3653 3515 Joseph

2014 3536 2071 3590 in
2104 3536 2328 3590 somnis
2379 3533 2612 3588 oraculo
2658 3533 2852 3588 divino
2901 3533 3236 3587 admonitus
3271 3537 3380 3597 est,
3415 3540 3480 3588 ut
3510 3533 3655 3589 citra

2013 3637 2237 3676 moram
2270 3626 2324 3675 et
2370 3619 2824 3683 cunctationem,
2874 3627 3057 3674 matre
3087 3627 3140 3672 et
3171 3634 3348 3690 puero
3381 3618 3652 3690 receptis,

2013 3725 2124 3780 quo
2159 3708 2386 3777 tyranni
2417 3708 2626 3762 caedem
2673 3707 2930 3770 evitaret,
2965 3705 3224 3762 celeriter
3255 3707 3312 3762 in
3346 3707 3654 3778 Egyptum

2015 3799 2358 3870 profugeret,
2411 3797 2610 3867 ibique
2659 3803 2778 3851 tam
2827 3797 2924 3850 diu
2969 3801 3314 3863 moraretur,
3350 3798 3531 3853 donec
3559 3798 3659 3868 qui

2015 3889 2170 3958 pueri
2207 3889 2413 3943 animai
2458 3888 2851 3954 insidiaretur,
2898 3888 3022 3956 ipse
3052 3885 3314 3942 animam
3347 3886 3658 3942 exhalaret.

2014 3980 2079 4032 Et
2126 3978 2338 4048 Joseph
2389 3977 2624 4048 quidem
2675 3977 2731 4030 id
2775 3976 2931 4042 facit,
2983 3975 3335 4045 trienniique
3365 3977 3440 4046 (2)
3498 3978 3655 4048 apud

2013 4067 2308 4138 [Egyptios
2358 4066 2627 4121 exsilium
2677 4065 2902 4120 tolerat.
2953 4064 3066 4119 Nec
3118 4065 3299 4120 multo
3332 4069 3461 4134 post
3492 4063 3662 4121 Hero.

2014 4159 2115 4212 des
2147 4157 2390 4226 turpiter
2421 4156 2593 4208 vitam
2628 4153 2756 4209 linit
2789 4169 2802 4208 :
2843 4161 2901 4208 et
2944 4153 3159 4225 Josepb
3192 4169 3428 4209 rursum
3463 4154 3659 4210 divino

2015 4261 2290 4314 responso
2340 4244 2752 4310 commonitus,
2804 4260 2919 4298 una
2969 4258 3102 4298 cum
3153 4248 3340 4298 matre
3390 4249 3447 4298 et
3480 4260 3662 4316 supra

252 4329 318 4402 τῇ
383 4332 551 4403 μητρὶ
601 4334 687 4386 καὶ
747 4337 826 4405 τῷ
903 4332 1164 4409 ὑπερφύεῖ
1228 4335 1435 4406 τοκετῴ
1494 4335 1570 4398 εἰς
1623 4338 1721 4404 τήν
1764 4334 1900 4391 ἰδίαν

2026 4340 2231 4388 natura:
2281 4339 2515 4403 captum
2573 4332 2768 4404 genito
2827 4330 2964 4399 filio,
3019 4333 3074 4386 in
3125 4348 3297 4387 suam
3356 4314 3662 4390 reverti—tur

253 4417 409 4481 αὖθις
469 4421 800 4492 προσεφοίτα
859 4418 1116 4494 πατρίδα.
1149 4425 1206 4476 Ὀ
1238 4443 1300 4496 γε
1334 4425 1442 4493 μὴν
1476 4421 1726 4496 Ἡρώδης
1778 4423 1906 4480 δια-

259 4509 482 4582 μαρτὼν
538 4513 635 4562 τοῦ
685 4514 912 4582 σκοποῦ,
951 4511 1078 4570 τοῦς
1137 4509 1513 4580 διαπαίξαντας
1564 4512 1902 4586 ἀμυνόμενος

257 4597 474 4672 Μάγους
518 4596 609 4650 καὶ
652 4595 741 4651 διὰ
789 4599 850 4652 τὸ
896 4605 996 4666 τῆς
1046 4599 1224 4673 ἀρχῆς
1266 4596 1406 4669 δέος,
1440 4601 1572 4654 κατά
1610 4604 1716 4656 τῶν
1751 4599 1904 4657 οὐδὲν

255 4683 606 4755 ἠδικηκότων
661 4683 873 4741 παίδων
925 4686 1055 4741 ὅλον
1126 4689 1216 4742 τὸν
1275 4688 1446 4759 θυμὸν
1501 4687 1773 4762 ἐκρήσσει,
1813 4691 1902 4745 καὶ

257 4775 394 4828 κατὰ
424 4775 602 4843 πάσης
643 4775 788 4848 ὁρμᾷ
836 4777 936 4844 τῆς
978 4775 1210 4852 φύσεως,
1243 4777 1332 4830 καὶ
1378 4775 1507 4841 τοὺς
1548 4777 1599 4831 ἐν
1653 4779 1906 4852 Βηθλεὲμ

260 4858 495 4925 ἅπαντας
553 4861 749 4925 παῖδας
808 4863 914 4920 ἀπὸ
973 4863 1206 4936 διετοῦς,
1263 4865 1353 4920 καὶ
1411 4861 1658 4933 ἔλαττον,
1693 4866 1906 4922 ἐθέσπι-

263 4957 344 5020 ζεν
399 4951 656 5028 ἀναιρεῖν,
719 4954 770 5007 ἐν
829 4957 898 5026 τῇ
965 4959 1120 5028 κοινῇ
1197 4959 1304 5008 τῶν
1363 4954 1659 5009 ἀνευθύνων
1725 4961 1904 5034 σφαγῇ

265 5039 567 5096 συνανελεῖν
596 5042 684 5096 καὶ
714 5043 806 5097 τὸν
836 5041 1100 5113 ἐπίζηλον
1128 5045 1344 5108 πάντως
1375 5043 1625 5118 οίὸμενος
1651 5063 1663 5076 ·
1697 5047 1908 5122 θρηνεῖν

264 5132 464 5193 πάντας
542 5129 610 5204 (ὢ
691 5138 791 5201 τῆς
876 5130 1210 5206 ἀναλγησίας
1256 5136 1296 5207 l)
1353 5135 1781 5207 παρασκευάσας,
1831 5133 1910 5189 τίν’

336 5319 412 5390 (l)
443 5319 634 5387 Regem
667 5320 948 5389 Deumque
983 5319 1324 5390 annuntriant

446 5391 746 5445 Thesaurus
776 5397 827 5444 et
855 5391 1115 5460 fragrans
1144 5389 1275 5446 odor

445 5462 634 5517 Thuris
666 5460 846 5533 Sabet',
871 5467 926 5516 at
955 5461 1246 5533 myrrheus

443 5533 632 5588 Fulvi:
661 5531 979 5605 sepulcrum
1015 5531 1305 5605 'prrdocet.

344 5675 415 5746 (2)
447 5674 651 5745 Bienii,
684 5674 973 5748 Epiphan.
1123 5605 1566 5677 (PRUDENTws,)

2015 4425 2257 4494 patriam
2311 4423 2412 4494 (3).
2472 4422 2775 4477 Enimvero
2834 4420 3109 4489 Herodes,
3168 4437 3303 4476 cum
3359 4427 3490 4478 voto
3550 4440 3658 4479 suo

2013 4512 2340 4578 excidisset,
2375 4515 2743 4581 coeptumque
2778 4511 2828 4564 ei
2861 4509 3168 4565 consilium
3203 4511 3396 4566 minus
3427 4527 3658 4567 succes-

2014 4603 2211 4668 sisset,
2243 4617 2376 4656 cum
2405 4601 2672 4656 vindicta:
2702 4599 2759 4654 in
2793 4599 2988 4670 Magos
3019 4599 3360 4671 cupiditate,
3382 4618 3414 4655 a
3445 4599 3660 4670 quibus

2017 4693 2127 4745 sibi
2157 4691 2399 4746 illusum
2444 4704 2572 4744 esse
2618 4689 2878 4760 putabat,
2913 4689 3210 4754 incensus,
3244 4692 3370 4743 tum
3402 4687 3658 4759 periculo

2018 4781 2172 4848 regni
2234 4779 2538 4835 amittendi
2594 4779 2916 4834 concitatus
2968 4783 3170 4834 contra
3229 4777 3500 4845 infantes,
3560 4780 3657 4849 qui

2019 4868 2163 4923 nihil
2185 4868 2234 4922 ei
2263 4867 2492 4937 injuria:
2521 4866 2882 4934 intulissent,
2905 4865 3364 4937 indignationem
3393 4865 3661 4936 iramque

2017 4973 2250 5012 omnem
2283 4957 2517 5021 evomit,
2541 4957 2890 5012 etadversus
2922 4960 3187 5010 naturam
3219 4969 3450 5010 omnem
3475 4955 3660 5013 insur-

2017 5049 2116 5120 git.
2175 5047 2686 5104 Bethlebemiticos
2724 5047 2802 5118 (4)
2861 5046 3016 5102 enim
3067 5062 3276 5117 pueros
3335 5044 3657 5114 universos,

2018 5139 2118 5210 qui
2193 5138 2402 5194 bimuli
2473 5138 2857 5194 tenerioresve
2910 5139 3129 5205 essent,
3188 5135 3377 5192 edicto
3438 5135 3654 5191 interfi-

2091 5319 2169 5391 (3)
2199 5320 2400 5376 IEtatis
2430 5319 2643 5391 Christi
2675 5334 2826 5374 anno
2859 5320 3020 5372 sexto
3051 5317 3167 5391 fere
3195 5315 3505 5391 completo.

2093 5389 2166 5462 (4)
2201 5413 2228 5442 ‹‹
2259 5394 2552 5462 Augustus
2590 5390 2799 5462 Caesar.
2850 5405 2983 5462 cum
3015 5389 3291 5462 audisset,
3335 5389 3655 5462 interpue-

2021 5457 2431 5534 ros,'quosfin
2470 5462 2644 5534 Syria
2692 5459 2945 5534 Herodes
2993 5475 3091 5516 rex
3137 5457 3472 5534 Judeorum
3500 5457 3658 5534 intra

2021 5531 2302 5590 bimatum
2328 5532 2509 5604 jussit
2545 5531 2816 5604 interfici,
2865 5531 3047 5604 filium
3097 5545 3329 5602 quoque
3357 5532 3482 5602 ejus
3511 5533 3652 5589 occi-

2021 5623 2176 5672 sum,
2208 5606 2290 5661 ait
2322 5602 2343 5661 ξ
2364 5603 2590 5677 Melius
2636 5612 2722 5677 est
2756 5602 2998 5677 Herodis
3026 5619 3156 5659 esse
3186 5617 3448 5677 porcum,
3477 5620 3654 5677 quam

2033 5677 2244 5733 filium.
2276 5699 2306 5728 »
2336 5674 2616 5749 (Macrob.
2649 5674 2750 5731 lib.
2784 5689 2848 5744 ιι,
2879 5675 3107 5731 Saturn.
3139 5689 3266 5746 cap,
3300 5675 3376 5745 4.)
