3950 6214
463 399 583 460 6'15
1757 396 2178 459 NICEPHOBI
2224 393 2579 457 CALLISTI
3744 396 3843 458 676

463 534 702 593 ciendos
734 531 919 589 sancit
951 551 963 584 :
998 531 1055 586 in
1089 530 1386 587 communi
1417 534 1476 587 et
1504 528 1809 588 universali
1842 529 2105 586 innocen-

2227 523 2430 588 ἕκεῖνος
2480 517 2653 603 φόϐου
2703 522 2884 599 λυθῇ·
2921 526 3021 596 τήν
3050 525 3152 599 γὰρ
3191 523 3457 595 ἐπιτολὴν
3504 529 3605 580 τοῦ
3651 526 3843 601 ἀστέρος

461 624 615 680 tium
648 622 824 689 caede,
858 620 1035 676 simul
1082 618 1411 676 occisurum
1446 635 1508 675 se
1541 635 1670 675 esse
1700 634 1859 685 eum,
1893 619 1986 673 cui
2018 634 2105 689 pel

2228 609 2489 689 ἠκρίϐου,
2531 614 2635 689 πρὸ
2684 612 2780 668 δῦο
2838 612 3056 670 ἐκείνων
3113 614 3249 670 ἐτῶν
3307 614 3360 670 ἐν
3420 612 3642 689 Περσίδι
3700 613 3841 695 tristia:

462 709 892 767 mmulationem
930 707 1174 763 insidias
1221 708 1501 775 struebat,
1534 707 1918 764 existimans:
1955 711 2013 762 et
2039 705 2105 777 (1]

2226 708 2419 758 τοῦτον
2463 707 2571 757 τῶν
2623 703 2819 778 Μάγων
2870 703 3133 759 εἷπόντων
3159 723 3172 735 ”
3207 705 3298 783 ἀφ’
3329 704 3392 759 οὗ
3420 706 3843 779 τεκμαιρόμενος,

459 803 661 872 lugere
690 798 1027 871 ejniareque
1071 813 1272 853 omnes
1315 797 1459 853 alios
1490 797 1660 870 (proh
1716 796 2015 853 hominem
2046 796 2105 851 al:

2227 791 2476 863 ἀνοήτως
2505 790 2693 866 ἀνῄρει
2726 813 2794 847 τα
2842 791 3039 870 βρέιρη.
3075 794 3144 849 Ὀ
3190 794 3281 847 καὶ
3329 793 3405 855 είς
3452 790 3641 868 ἄψυχα
3689 791 3843 865 δρᾶσιί

460 889 623 947 omni
641 887 1051 945 misericordias
1076 888 1579 959 humanitatisque
1602 902 1775 943 sensu
1803 886 2105 957 alienuml]

2227 902 2310 944 τις
2360 879 2419 936 ἂν
2481 879 2748 958 ἐφείσατο,
2800 882 2887 936 καὶ
2945 883 3107 956 νεαρὰ
3157 883 3296 954 φυτὰ
3340 879 3585 956 βλέπων,
3643 882 3844 952 ἠλέησεν

457 979 683 1045 volens,
716 984 781 1033 ut
810 976 937 1048 ipse
970 977 1143 1032 modo
1174 981 1335 1033 metu
1367 975 1526 1034 omni
1568 976 1875 1032 levaretur.
1909 975 2105 1030 Obser‘

2228 968 2494 1043 ἐκτεμεῖν,
2529 967 2762 1039 διώκων,
2787 970 2861 1032 ὡς
2919 969 2981 1025 ἄν
3039 992 3122 1033 τις
3181 969 3400 1046 ἐρῇ,τὰ
3458 969 3715 1047 ἀκίχητα.
3760 973 3842 1039 Τὴν

450 1070 697 1147 ⁶νδινειιιιι
725 1064 775 1122 is
807 1070 963 1122 certo
995 1065 1174 1120 stellis
1208 1069 1499 1132 exortum,
1527 1064 1681 1133 quod
1712 1080 1839 1121 eam
1875 1062 2105 1119 biennic

2227 1079 2290 1137 γε
2351 1060 2458 1131 μὴν
2513 1056 2869 1139 παιδοφονίαν
2928 1058 3152 1131 ταῦτην,
3193 1060 3284 1115 καὶ
3315 1060 3583 1134 Ἱερεμίας
3637 1057 3842 1121 πολλοῖς

464 1162 601 1213 ante
648 1171 681 1210 a
725 1171 788 1210 se
835 1154 892 1210 in
926 1154 1161 1210 Perside
1200 1154 1383 1209 visam
1424 1153 1573 1225 Magi
1608 1154 1913 1219 dixissent,
1944 1156 2105 1222 atque

2228 1149 2429 1203 ἄνωθεν
2478 1149 2701 1223 χρόνοις
2747 1145 2877 1202 ἰδὼν
2927 1149 3300 1226 προηγόρευε·
3337 1148 3427 1203 καὶ
3460 1147 3677 1224 Ῥαχὴλ
3717 1150 3842 1216 εἰσῆ-

462 1244 600 1300 inde
646 1242 981 1313 conjectura
1039 1247 1295 1314 accepta,
1346 1247 1508 1299 extra
1562 1259 1801 1299 sensum
1860 1240 2105 1299 aﬁectio-

2224 1257 2284 1313 γε
2334 1235 2628 1293 κλαίουσαν
2682 1238 2749 1293 τά
2792 1237 2950 1293 τὲκνα
2994 1237 3184 1308 αὐτῆς,
3214 1239 3304 1293 καὶ
3352 1238 3553 1308 ἣκιστά
3603 1258 3664 1312 γε
3701 1259 3842 1311 παραι

467 1344 720 1401 nemque
769 1345 1004 1385 omnem
1039 1330 1291 1400 positus,
1340 1327 1594 1385 infantes
1640 1326 2105 1384 contrucidavit:

2234 1327 2581 1399 μυθουμένην
2612 1332 2712 1395 τῆς
2758 1323 3063 1403 τραγῳδίας
3110 1330 3189 1399 τῷ
3216 1323 3648 1403 ὑπερϐάλλοντι,
3682 1325 3842 1402 λόγοις

464 1418 620 1490 quod
663 1420 919 1491 profecto
952 1417 1244 1489 quispiam
1279 1432 1349 1473 ne
1392 1418 1669 1474 adversus
1699 1415 1961 1473 inanima
1990 1415 2105 1488 quia

2229 1413 2563 1491 ἀπορρήτοις
2620 1419 2755 1471 Θεοῦ
2813 1414 3008 1492 εἴργειν
3067 1417 3160 1491 μὶν
3230 1414 3551 1490 δυναμένου,
3607 1436 3842 1492 παραχω-

465 1509 597 1564 dem
650 1506 1029 1564 commiserit.
1081 1506 1306 1579 Quippe
1350 1505 1595 1563 tenellas
1626 1505 1859 1578 plantas
1889 1504 2105 1575 conspi‘

2229 1509 2455 1582 ροῦντος
2513 1502 2571 1560 δὲ
2752 1505 3110 1585 χρηστότητι.
3147 1504 3308 1561 Ἀλλ’
3339 1508 3368 1561 6
3421 1508 3516 1581 μὲν
3559 1508 3748 1578 Σωτὴρ
3784 1505 3843 1566 εἷς

461 1597 642 1667 ciens,
675 1612 778 1670 per
834 1596 1402 1654 commiserationem
1454 1596 1526 1652 ab
1570 1596 1655 1652 eis
1686 1594 2021 1652 excidendis
2060 1611 2105 1650 ει

2229 1593 2535 1671 Αἴγυπτον,
2576 1593 2755 1669 ὥσπερ
2816 1594 3049 1672 εἴρηται,
3109 1594 3517 1675 πεφυγάδευτοο
3575 1597 3604 1650 6
3663 1594 3717 1651 δὲ
3765 1600 3842 1652 τοῦ

462 1687 799 1757 abstineret,
843 1702 1036 1759 neque
1088 1701 1325 1757 carpere
1376 1686 1468 1755 (ut
1523 1684 1605 1741 ita
1660 1683 1930 1757 dixerim)
1990 1700 2119 1755 per-

2229 1685 2505 1761 Ζαχαρίου
2562 1692 2691 1748 παῖς
2729 1686 3007 1757 Ἰωάννης,
3037 1689 3150 1760 ἅμα
3203 1690 3271 1758 τῇ
3330 1688 3576 1763 γεννήσει
3623 1689 3719 1755 τῆς
3765 1690 3842 1741 τοῦ

466 1779 647 1850 geret,
682 1792 809 1847 quae
862 1774 1276 1846 comprehendi
1327 1791 1440 1829 non
1482 1778 1740 1846 possent.
1774 1774 1950 1830 Porro
1982 1789 2116 1829 eam

454 1856 776 1921 infantium
833 1864 1045 1918 caedem
1115 1864 1399 1919 Jeremias
1456 1862 1627 1918 etiam
1687 1863 1891 1917 multis
1950 1866 2117 1917 antea

468 1954 832 2025 temporibus
874 1953 1017 2008 vidit
1059 1958 1115 2009 et
1159 1952 1445 2025 predixit,
1491 1951 1800 2007 Rachelem
1832 1951 2113 2007 inducens

469 2042 867 2115 deplorantem
921 2039 1134 2097 liberos
1182 2057 1343 2104 suos,
1386 2039 1743 2112 minimeque
1772 2038 2116 2095 consolatio-

469 2148 606 2188 nem
639 2130 836 2196 ullam,
870 2135 1103 2203 propter
1132 2129 1555 2184 immanitatem
1592 2129 1862 2185 facinoris
1884 2129 2112 2199 tragici,

472 2221 904 2279 admittentem.
967 2218 1121 2275 Deus
1181 2225 1397 2287 autem,
1447 2234 1582 2274 eum
1638 2218 1898 2273 inhibere
1948 2217 2114 2274 facile

468 2318 688 2384 posset,
740 2309 1016 2365 ineffabili
1069 2315 1262 2364 tamen
1315 2308 1540 2364 ratione
1582 2313 1639 2364 et
1686 2307 1949 2373 consilio,
2010 2322 2113 2379 per

467 2401 787 2456 bonitatem
821 2414 1013 2465 suam,
1044 2397 1105 2453 id
1136 2395 1420 2469 permisit.
1458 2397 1524 2454 Et
1553 2396 1823 2452 Servator
1851 2396 2110 2468 quidem,

463 2488 546 2544 ita
603 2493 668 2544 ut
722 2488 947 2543 dictum
998 2490 1107 2553 cst,
1160 2487 1217 2539 in
1266 2485 1507 2557 Egypto
1554 2485 1876 2542 exsulabat.
1929 2484 2109 2540 Filius

464 2585 657 2635 autem
692 2575 978 2632 Zachariae
1007 2573 1280 2642 Joannes,
1311 2573 1367 2629 in
1402 2575 1570 2645 cuius
1604 2574 1898 2631 nativitate
1930 2574 2111 2646 patris

461 2685 568 2724 vox
599 2666 791 2723 soluta
821 2671 929 2734 est,
981 2681 1114 2721 cum
1162 2664 1327 2735 prius
1370 2664 1441 2718 ab
1492 2663 1590 2719 illo
1626 2663 1866 2720 Joannis
1897 2679 2107 2718 nomen

464 2757 523 2812 in
556 2754 752 2811 tabula
788 2754 990 2809 fuisset
1037 2760 1362 2821 exaratum,
1411 2752 1656 2809 alterum
1702 2768 1830 2809 cum
1865 2751 2108 2808 dimidio

464 2860 681 2900 annum
712 2843 920 2914 agebat
949 2858 963 2897 :
1001 2842 1098 2897 '39
1132 2846 1188 2897 et
1235 2859 1353 2897 una
1391 2857 1523 2897 cum
1560 2847 1745 2897 matre
1777 2841 2107 2897 Elisabctha

462 2935 523 2989 in
554 2932 830 3001 spelunca
858 2933 1106 3003 quadam
1132 2932 1200 2986 ad
1227 2932 1518 3003 regionem
1543 2936 1879 2987 montanam
1914 2932 2106 2986 salvus

463 3021 939 3086 conservabatur,
965 3022 1201 3074 fortasse
1232 3018 1473 3075 Herodis
1505 3020 1937 3090 sanguinariam
1961 3020 2104 3074 etfu—

464 3112 629 3183 giens
679 3124 940 3165 manum.
984 3110 1175 3180 Atque
1213 3108 1348 3163 inde
1394 3109 1454 3163 in
1504 3108 1642 3164 solis
1692 3109 1830 3164 locis
1860 3107 2108 3163 libenter

461 3197 682 3259 versari
724 3198 955 3265 solitus,
999 3195 1323 3268 angeloque
1379 3197 1527 3252 duce
1578 3215 1738 3265 usus,
1797 3198 1854 3253 in
1915 3214 2106 3254 remo-

2227 1776 2432 1849 πατρὸς
2484 1771 2837 1847 διαλυθείσης
2874 1777 3074 1853 φωνῆς,
3105 1779 3185 1847 τῷ
3240 1775 3425 1831 πίνακι
3480 1782 3585 1845 τῆς
3625 1777 3839 1831 Ἰωάννου

2225 1863 2477 1934 κλήσεως
2522 1864 2755 1939 πρώτως
2804 1862 3259 1940 ἒγχαραχθείσης,
3306 1863 3403 1919 δύο
3454 1862 3500 1919 δ’
3546 1863 3678 1919 ἐτῶν
3732 1864 3844 1937 πρὸς

2219 1956 2297 2022 τῷ
2354 1952 2542 2026 ἡμίσει
2603 1952 2921 2029 ἐτύγχανεν,
2972 1948 3089 2025 ἅμα
3144 1957 3214 2029 τῇ
3275 1953 3445 2027 μητρὶ
3475 1947 3758 2009 Ἐλισάὸετ
3796 1949 3839 2004 ἔν

2218 2063 2327 2098 τινι
2359 2039 2614 2114 σπηλαίῳ
2666 2041 2801 2115 πρὸς
2841 2041 2941 2110 τὴν
2973 2041 3190 2116 ὀρεινὴν
3237 2040 3549 2115 διεσώζετο,
3584 2040 3710 2101 ἴσως
3758 2041 3840 2108 τήν

2221 2126 2468 2205 Ἦρώδοό
2525 2130 2812 2209 μιαιφόνον
2871 2135 3031 2205 χεῖρα
3090 2127 3533 2206 διαδιδράσκων·
3594 2129 3840 2185 κάντεῦθεν

2220 2217 2309 2273 καὶ
2380 2223 2501 2279 ταῖς
2578 2216 2809 2292 ἐρήμοις
2883 2215 3299 2296 ἐμφιλοχωρεῖν
3357 2218 3594 2288 εἰωθὼς,
3652 2215 3842 2293 ἀγγέλῳ

2220 2307 2513 2382 χρώμενος
2574 2303 2785 2382 ὁδηγῷ,
2815 2307 2953 2383 πρὸς
3010 2308 3072 2363 τὸ
3134 2307 3267 2383 βαθὺ
3322 2311 3423 2373 τῆς
3474 2306 3618 2378 ῧλης
3671 2307 3841 2382 ἐχώρει

2216 2394 2406 2471 ἄκροις
2453 2393 2629 2467 δρυῶν
2691 2396 2826 2470 πρὸς
2881 2392 3196 2473 ἂποτροιρὴν
3245 2397 3583 2472 χρώμενος’
3633 2397 3763 2471 θριξί
3797 2415 3842 2448 τε

2218 2484 2478 2558 καμήλου
2558 2483 2835 2554 ἐσκέπετο,
2894 2486 2982 2539 καί
3061 2482 3356 2561 δερματίνῃ
3422 2487 3565 2560 ζώνῃ
3624 2485 3841 2564 ἐχρῆτοθ

2218 2574 2383 2650 ἄχρις
2451 2573 2515 2630 οὗ
2590 2572 2788 2629 ἐκεῖθεν
2847 2574 3017 2646 ἥκων,
3076 2579 3156 2648 τῷ
3213 2575 3438 2648 Ἰσραήλ
3509 2573 3840 2636 ἆνεδείκνυτο,

2221 2667 2378 2737 φωνῇ
2440 2661 2746 2738 διαπρυσίῳ
2822 2664 3106 2739 κηρύττων
3168 2664 3477 2736 μετάνοιαν,
3536 2663 3627 2718 καί
3676 2682 3842 2740 χειρα-

2216 2758 2412 2830 γωγῶν
2471 2754 2606 2827 πρὸς
2652 2753 2879 2827 Χριστὸν
2937 2750 3026 2808 διά
3075 2757 3174 2808 τοῦ
3234 2752 3627 2827 βαπτίσματος.
3659 2755 3841 2823 Ἰησοῦς

2218 2840 2276 2898 δὲ
2324 2841 2625 2916 προέκοπτε
2683 2841 2848 2918 σοφίᾳ
2922 2841 3012 2897 καὶ
3070 2844 3284 2918 χάριτι,
3340 2847 3421 2914 τῷ
3478 2842 3614 2898 κατά
3671 2840 3837 2915 μικρὸν

2218 2932 2350 2987 αὐτὰ
2406 2930 2878 3006 παραδείκνυσθαι,
2937 2932 3000 2986 οὐ
3076 2936 3158 3004 τῷ
3229 2927 3529 3005 λαμϐάνειν
3604 2929 3837 2986 ἐπίδοσιν.

2214 3023 2229 3045 ι
2256 3026 2273 3040 η
2350 3020 2365 3040 ο
2418 3019 2460 3038 tu
2589 3021 2602 3038 ι
2672 3018 2695 3037 ιο
2723 3022 2734 3037 ο
2992 3024 3018 3035 ς
3269 3021 3284 3041 κ
3493 3017 3520 3039 ν
3736 3019 3749 3036 ρ

2238 3027 2366 3075 bitu
2414 3038 2471 3075 οε
2519 3041 2606 3075 και
2668 3017 2879 3075 οωδεκα
2927 3020 3060 3076 ἐτων
3092 3040 3331 3097 γεγονως
3359 3021 3452 3091 ἧν,
3484 3042 3648 3075 ανεισι
3697 3039 3838 3074 inva-

2219 3131 2293 3181 μα
2348 3113 2417 3184 τῇ
2480 3108 2649 3184 μητρὶ
2712 3111 2802 3165 καὶ
2857 3110 3175 3188 τῷΊωσὴφ
3223 3109 3303 3172 εἷς
3351 3108 3838 3185 Ἱεροσόλυμα,τῆν

2216 3200 2409 3272 ἑορτὴν
2450 3203 2547 3253 τοῦ
2604 3199 2797 3273 Πάσχα
2842 3196 2908 3269 δὴ
2967 3197 3338 3272 τελεσόμενος.
3374 3203 3467 3260 Ὦς
3518 3197 3575 3254 δὲ
3605 3201 3759 3273 πέρας
3784 3199 3835 3250 τὰ

464 3289 642 3344 tiores
672 3284 948 3341 silvarum
999 3299 1260 3339 recessus
1306 3284 1565 3340 secessit.
1610 3284 1691 3340 Ibi
1725 3284 2105 3340 tenerioribus

2218 3293 2316 3355 τῆς
2375 3288 2569 3363 ἑορτῆς
2620 3261 2786 3362 εἶχεν,
2837 3286 3031 3342 ἐκεῖνοι
3089 3261 3184 3360 μὶν
3244 3285 3610 3364 ὑπέστρεφον⁸
3655 3261 3837 3357 ’Ῐηεοῦς

465 3376 743 3433 arborum
777 3374 853 3446 (2)
887 3372 1297 3443 frondiumque
1336 3373 1777 3429 summitatibus
1826 3390 1926 3445 pro
1957 3374 2105 3441 cibo,

460 3463 671 3523 cameli
719 3463 853 3535 pilis
901 3478 1006 3535 pro
1054 3466 1407 3532 tegumenta,
1454 3463 1811 3535 pellieeaque
1867 3466 2110 3536 insuper

455 3572 600 3612 zona
661 3554 996 3609 utebatur:
1056 3553 1243 3623 quoad
1305 3568 1492 3624 usque
1552 3552 1687 3608 inde
1745 3569 2107 3625 progressus,

462 3643 657 3701 Israeli
692 3658 755 3700 se
792 3640 1055 3698 exhibuit
1101 3642 1257 3696 clara
1293 3641 1631 3713 efiicacique
1662 3659 1796 3698 voce
1829 3644 2107 3714 pmniten-

460 3735 602 3791 tiam
635 3732 979 3804 praedicans,
1012 3736 1070 3786 et
1101 3746 1202 3801 per
1240 3731 1597 3803 baptismum
1639 3732 1905 3789 homines
1936 3736 2111 3805 quasi

468 3838 643 3879 manu
680 3822 897 3879 ducens
944 3823 1012 3878 ad
1061 3821 1375 3878 Christum.
1416 3821 1555 3877 Jesu
1590 3826 1782 3877 autem
1814 3824 2109 3880 crescebat

470 3910 755 3983 sapientia
785 3915 842 3967 et
870 3912 1074 3983 gratia,
1115 3918 1292 3983 atque
1322 3910 1404 3966 ita
1446 3911 1700 3981 quidem,
1735 3916 1796 3966 ut
1827 3912 2110 3983 paulatim

472 4002 662 4073 magis
701 4000 1009 4073 magisque
1039 4000 1281 4058 virtutes
1323 4016 1400 4054 ea:
1431 3999 1842 4070 elucescerenl,
1875 4020 1987 4058 non
2021 4012 2111 4059 ta-

471 4105 601 4145 men
630 4088 1056 4145 incrementum
1104 4089 1338 4160 aliquod
1388 4094 1678 4157 caperent.
1723 4095 1866 4146 Cum
1911 4097 2105 4147 autem

466 4177 873 4233 duodecimum
926 4178 1039 4247 iam
1089 4182 1283 4249 ageret
1332 4193 1573 4242 annum,
1622 4179 1886 4235 ascendit
1929 4180 2104 4237 simul

465 4280 595 4322 cum
656 4271 841 4322 matre
883 4270 941 4320 et
986 4266 1240 4337 Josepho
1284 4264 1702 4336 Hierosolyma,
1763 4267 1975 4323 festum
2026 4269 2107 4323 ibi

466 4353 700 4410 Pascha
732 4353 1148 4411 celebraturus.
1195 4354 1357 4420 Quod
1410 4353 1505 4408 ubi
1557 4360 1848 4424 peractum
1880 4360 1990 4427 est,
2023 4358 2105 4413 illi

463 4443 699 4516 quidem
753 4442 985 4508 reverti,
1041 4442 1212 4499 Jesus
1259 4446 1451 4498 autem
1501 4442 1746 4499 latenter
1790 4446 1848 4500 in
1889 4450 2106 4520 templo

466 4536 727 4590 maneret
753 4549 766 4588 :
795 4537 849 4589 et
870 4534 1024 4604 quod
1061 4531 1419 4603 praecessisse
1448 4548 1581 4588 eum
1615 4534 1674 4589 in
1697 4537 1979 4592 comitatu
2006 4554 2107 4609 pu-

2219 3377 2277 3433 δὲ
2317 3378 2520 3448 λαθὼν,
2552 3384 2632 3451 τῷ
2662 3380 2793 3454 ἱερῷ
2822 3375 3179 3455 πιριέτριόεν.
3218 3379 3315 3436 Καὶ
3362 3382 3413 3436 οἱ
3461 3382 3557 3455 μὲν
3605 3378 3839 3453 νομίσαν-

2215 3488 2302 3530 τες
2334 3472 2401 3537 τῇ
2436 3465 2643 3541 συνόδῳ
2686 3468 2749 3523 τὸ
2792 3466 3011 3524 παιδίον
3057 3467 3423 3544 προεξελθεῖν,
3457 3466 3644 3524 οἴκαδε
3670 3466 3835 3522 ἵεντο·

2218 3558 2246 3611 6
2279 3553 2335 3611 δὲ
2359 3562 2526 3630 τριῶν
2558 3558 2680 3627 ἑξῆς
2708 3560 2933 3632 ἡμερῶν
2965 3554 3171 3629 ἄδηλος
3201 3558 3290 3627 ἧν.
3325 3558 3522 3615 Πολλά
3552 3556 3609 3613 δὲ
3653 3555 3837 3630 καμοῦ-

2220 3666 2301 3700 σιν
2358 3645 2600 3720 ῧστερον,
2634 3647 2857 3725 ’ρανερὸς
2914 3646 3101 3711 αὐτοῖς
3160 3648 3393 3721 γίνεται,
3428 3652 3509 3721 τῷ
3566 3649 3694 3724 ἰερῷ
3756 3645 3834 3716 μὲν

2218 3732 2617 3810 προσεδρεύων,
2662 3741 2779 3798 τοῖς
2829 3733 3180 3799 διδασκάλοις
3222 3736 3279 3792 δὲ
3320 3742 3417 3792 τοῦ
3468 3738 3638 3810 νόμου
3677 3732 3839 3789 διαλε-

2220 3828 2473 3905 γόμενος,
2514 3826 2602 3883 καὶ
2654 3829 2834 3901 θαῦμα
2879 3827 3105 3891 ἐκείνοις
3150 3832 3435 3904 γινόμενος
3487 3832 3576 3892 οἷς
3625 3825 3835 3884 ἐπυνθά-

2216 3937 2360 3984 νετο,
2399 3916 2462 3972 τὸ
2521 3923 2621 3985 τῆς
2660 3922 2878 3994 Γραφῆς
2936 3918 3100 3992 βάθος
3158 3917 3575 3993 ἆναμοχλεῦων,
3607 3918 3692 3972 καὶ
3741 3936 3836 3970 xci-

2214 4010 2320 4061 νῶν
2356 4005 2687 4080 ζητημάτων
2715 4009 2996 4081 γινόμενος
3022 4007 3266 4081 εὑρετής.
3307 4008 3453 4084 Πρὸς
3503 4007 3560 4062 ’ὀν
3607 4008 3640 4075 ἠ
3678 4006 3838 4077 μήτηρ

2217 4093 2666 4168 περιπαθέστερον
2711 4091 3031 4164 διατεθεῖσα,
3079 4096 3223 4150 Ἵνα
3275 4094 3359 4162 τί,
3412 4095 3565 4170 φησί,
3613 4097 3839 4153 τεκνον,

2213 4187 2411 4238 τοῦτο
2450 4183 2849 4253 πεποίηκας,
2883 4180 3127 4254 ὀδύνην
3162 4189 3306 4247 τοῖς
3355 4187 3625 4260 γονεῦσι
3671 4179 3839 4256 προῦ-

2219 4273 2509 4344 ξενηκώς
2535 4291 2549 4341 ;
2590 4271 2681 4326 καὶ
2710 4276 2809 4327 τοῦ
2833 4269 3123 4333 δοκοῦντος
3154 4274 3356 4345 πατρὸς
3407 4272 3520 4345 ἅμα
3553 4271 3835 4345 ἐμέμνητψ

2218 4362 2380 4425 αῦτὸς
2436 4358 2493 4416 δὲ
2546 4360 2639 4416 τὸν
2685 4363 2908 4435 γνήσιον
2940 4357 3111 4425 ὅντως
3149 4363 3356 4436 Πατέρα
3388 4363 3572 4437 ἠρὲμα
3604 4355 3838 4435 παραδει-

2216 4450 2365 4516 κνυς,
2397 4445 2507 4504 δεῖν
2539 4447 2694 4524 ἔλεγε
2722 4454 2839 4510 τοῖς
2858 4471 2915 4505 τε
2948 4449 3138 4525 λόγοις
3166 4451 3256 4504 καὶ
3304 4447 3489 4526 ἔργοις
3540 4448 3842 4527 ἐμφιλοχιυο

2218 4546 2329 4615 ρεῖν
2377 4543 2475 4594 τοῦ
2543 4539 2777 4612 Πατρὸς,
2836 4539 2925 4594 καὶ
2984 4540 3036 4595 ἐν
3093 4546 3212 4601 τοῖς
3288 4539 3492 4596 ἐκείνου
3568 4531 3835 4613 διατρίόετν

464 4626 679 4691 tarent,
710 4622 943 4678 domum
977 4621 1092 4694 ipsi
1132 4621 1233 4676 ire.
1270 4620 1362 4676 Sic
1391 4621 1473 4676 eis
1503 4621 1599 4678 ille
1632 4628 1814 4679 totum
1849 4626 2105 4683 triduum

2218 4628 2505 4703 αἰρεῖσθαι.
2549 4628 2609 4683 Τί
2669 4626 2727 4683 δὶ
2772 4630 2879 4683 τῶν
2939 4627 3025 4683 ἐπὶ
3062 4636 3164 4705 γῆς
3212 4629 3395 4703 ἐκείνῳ
3466 4635 3704 4702 κρεῖττον
3754 4628 3838 4680 τοῦ

461 4710 684 4768 invisus
714 4711 842 4767 fuit.
879 4710 1085 4767 Postea
1115 4714 1306 4765 autem
1358 4726 1420 4766 se
1468 4710 1572 4778 eis,
1622 4710 1936 4769 admodum
1971 4715 2102 4771 fati-

462 4801 610 4875 gatis
637 4806 695 4857 et
723 4799 1075 4865 dolentibus,
1124 4798 1387 4855 exhibuit
1429 4800 1484 4854 in
1537 4800 1753 4873 templo
1786 4804 2015 4874 sedens,
2047 4810 2105 4861 et

464 4907 598 4947 cum
630 4889 963 4946 doctoribus
1014 4888 1156 4960 legis
1204 4888 1529 4960 disputans.
1577 4889 1792 4953 Quibus
1822 4892 1938 4957 ille,
1971 4911 2103 4952 cum

466 4984 699 5052 prepter
743 4980 1113 5050 quaestiones,
1163 4994 1311 5050 quas
1362 4993 1538 5034 novas
1586 4978 1932 5052 inveniebat,
1977 4988 2100 5041 tum

466 5067 618 5140 quod
648 5067 898 5123 obseura
927 5072 985 5122 et
1022 5066 1221 5123 abdita
1269 5066 1394 5123 loca
1429 5066 1735 5139 Scriptura:
1766 5070 2102 5138 declararet,

464 5155 840 5213 admirationi
899 5156 1026 5213 fuit.
1084 5157 1168 5211 Ad
1226 5171 1359 5212 eum
1409 5173 1572 5225 porro
1616 5173 1748 5214 cum
1795 5169 2000 5232 mater,
2039 5179 2107 5220 ex

466 5246 673 5302 affectu
705 5261 770 5301 eo
803 5261 916 5316 quo
949 5243 1118 5303 unice
1167 5260 1297 5301 eum
1330 5245 1809 5318 prosequebatur,
1842 5249 2057 5308 diceret
2089 5269 2103 5309 :

2210 4719 2398 4793 ἱεροῦς
2453 4718 2550 4772 Καὶ
2610 4718 2638 4772 6
2699 4718 2792 4790 μὶν
2849 4717 3013 4792 ἀπῄει
3064 4719 3159 4775 τὸν
3217 4716 3429 4775 τέλειον
3489 4725 3589 4788 τῆς
3643 4714 3838 4786 ἡλικίας

2215 4805 2490 4881 ἀναμένων
2540 4808 2764 4883 χρόνον,
2797 4811 3013 4883 γονεῦσι
3059 4808 3126 4863 τά
3174 4807 3355 4863 εἰκόνα
3401 4807 3602 4881 νέμων,
3631 4806 3719 4861 καὶ
3754 4806 3834 4871 τήν

2212 4897 2591 4971 προσήκουσαν
2652 4896 2931 4972 ὑποταγήν
2982 4896 3169 4959 αὐτοῖς
3224 4895 3671 4970 ἐνδεικνύμενος·
3736 4895 3839 4966 ἀρε-

2211 4989 2329 5045 ταῖς
2377 4982 2577 5047 ἐνθέοις
2623 4983 2713 5039 καὶ
2767 4990 2897 5039 πᾶσι
2944 4982 3255 5059 διαπρέπων
3328 4983 3515 5062 ἔργοις
3580 4985 3836 5062 ὑπερουῶς

2213 5073 2478 5148 ἆγαθοῖς’
2544 5071 2713 5148 μηδὲν
2778 5075 2962 5148 μέντοι
3020 5075 3276 5149 πράσσων
3344 5079 3451 5129 τῶν
3527 5071 3835 5147 παραδόξων,

2215 5161 2380 5242 ἄχρις
2434 5164 2495 5218 οὗ
2542 5165 2867 5239 τριακοστὸς
2910 5163 3147 5227 ἐνιαυτὸς
3192 5163 3337 5237 αὖτῷ
3367 5161 3478 5235 ἤδη
3513 5160 3833 5219 συνετελεῖτο.

2216 5250 2393 5310 Ἀλλὰ
2423 5250 2548 5327 περῖ
2584 5254 2678 5327 μὲν
2714 5254 2923 5309 τούτων
2957 5253 3155 5316 οὕτως,

467 5337 582 5393 Cur
624 5335 737 5392 hoc
776 5335 882 5404 sic,
940 5335 1049 5407 illi,
1098 5335 1305 5404 fecisti,
1358 5339 1423 5391 ut
1471 5340 1699 5392 tantum
1749 5341 2089 5408 parentibus
2137 5343 2393 5401 dolorem
2443 5343 2835 5401 conciliares?
2875 5345 2964 5401 Sic
3013 5347 3168 5402 enim
3220 5344 3319 5400 illa
3366 5344 3531 5401 simul
3584 5344 3708 5416 ejus
3755 5338 3834 5411 qui

542 5479 677 5551 (1)‹‹
711 5478 965 5554 Herodes
1019 5478 1357 5554 Pharisieos,
1411 5479 1551 5554 quia
1609 5478 1785 5535 finem
1830 5484 1990 5554 regni
2021 5485 2113 5542 sui

469 5550 675 5607 adesse
706 5551 1113 5622 praedixerunt,
1167 5552 1292 5608 neci
1321 5551 1503 5624 dedit,
1534 5550 2116 5624 omnemque—uxoris

471 5638 591 5677 suis
620 5626 1023 5700 cognationem
1049 5626 1198 5681 ferro
1228 5622 1485 5680 sustulit.
1510 5643 1539 5674 »
1569 5622 1828 5700 (Josepb.
1852 5624 1953 5682 lib.
1975 5645 2113 5700 xvn,

470 5708 602 5766 cap.
631 5693 711 5765 3.)
746 5693 849 5751 Ubi
883 5697 1263 5752 innocentum
1306 5698 1534 5766 quoque
1572 5693 1789 5752 eadem
1829 5693 2115 5769 perstrinL

2225 5503 2359 5560 gere
2414 5486 2683 5560 rvidetur.
2763 5489 3076 5547 Pheroram
3153 5491 3395 5548 fratrem
3454 5489 3606 5546 idem
3648 5501 3836 5544 veneno

2226 5564 2629 5757 ηϐῗῖῖὶὲκροις
2681 5626 2881 5717 δρυῷν,
2927 5650 3055 5718 qua;
3115 5634 3174 5692 in
3229 5631 3541 5706 Evangelio
3594 5632 3835 5688 dicuntur

2226 5699 2349 5757 ἂκρί
2388 5718 2463 5757 ες.
2494 5719 2609 5757 auo
2642 5720 2880 5757 nomine
2903 5712 3078 5757 etiam
3112 5700 3353 5757 locusta
3380 5702 3757 5757 appellantur.

2224 5699 2463 5777 ἀκρίδες,
2494 5699 2609 5774 quo
2642 5699 2880 5763 nomine
2903 5699 3078 5764 etiam
3111 5700 3353 5764 locusta
3380 5699 3757 5779 appellantur.
