4100 6218
255 389 379 450 677
717 380 722 388 ’
1300 381 1924 449 ECCLESIASTICE

2063 385 2359 450 STORUE
2400 387 2550 449 LIB.
2571 376 2578 383 ’
2597 389 2658 450 Ῑ.’
3558 390 3680 449 678

261 526 589 598 putabatur
623 539 768 592 esse,
810 521 994 596 patris
1043 520 1359 578 meminit:
1397 521 1496 580 ille
1543 521 1806 580 nativum
1853 537 2316 595 germanamque
2361 525 2586 594 patrem
2635 521 2858 578 sensim
2907 524 3364 580 demonstrans:
3405 527 3671 596 oportere

262 633 332 674 se
380 616 680 688 respondit
729 613 922 670 verbis
961 612 1350 692 operibusque
1403 611 1587 669 Patris
1629 629 1835 670 vacare
1875 616 1933 669 et
1974 613 2332 679 incumbere,
2383 617 2559 686 atque
2604 613 2665 668 in
2708 612 2828 669 illis
2874 613 3066 685 potius
3103 629 3282 685 quam
3341 613 3473 673 aliis
3529 613 3673 672 locis

263 706 527 775 versari;
577 704 726 760 nihil
766 703 982 776 quippe
1031 701 1186 758 illius
1225 703 1286 758 in
1335 703 1501 759 terris
1547 701 1764 772 templo
1818 717 1946 759 esse
2003 705 2387 774 prestanIius.
2429 702 2521 758 Sic
2577 700 2675 757 ille
2725 710 2842 758 tum
2891 702 3054 772 abiit,
3103 703 3412 775 perfectura
3469 719 3678 775 exspeo

263 803 440 852 etans
469 799 697 852 etatem
734 809 748 848 :
783 791 1143 866 parentibus,
1173 808 1300 864 quae
1330 791 1592 858 decebat,
1641 791 1923 860 tribuens,
1972 795 2030 847 et
2071 795 2492 864 competentem
2544 789 2660 846 illis
2701 791 3124 862 subjectiouem
3155 791 3456 862 exhibens,
3487 793 3677 848 virtu-

267 887 546 958 tibusque
616 882 831 940 divinis
895 883 1170 939 omnibus
1236 881 1626 955 operibusque
1686 881 1933 938 miriﬁce
1999 881 2247 954 pollens,
2313 880 2460 936 nihil
2529 886 2722 937 tamen
2792 897 2920 953 qua:
2985 881 3312 953 opinionem
3383 881 3683 955 ﬁdemque

270 979 644 1050 superarent,
677 975 859 1032 edens
891 973 1328 1042 miraculorum,
1359 975 1544 1031 donec
1574 973 1934 1029 tricesimum
1965 973 2218 1045 expleret
2247 987 2492 1028 annum.
2525 973 2595 1028 Et
2623 973 2695 1028 de
2727 971 2814 1028 his
2845 972 3081 1044 quidem
3111 974 3275 1030 satis.

904 1085 1158 1137 ΚΕΦΔΛ.
1204 1083 1304 1141 ΙΕ’.

275 1195 378 1253 Ὠς
413 1191 440 1244 ὁ
470 1189 733 1265 πρῶτος
767 1187 1081 1316 Ἡρώδης,
1113 1187 1424 1263 θεηλάτῳ
1453 1187 1750 1316 πληγδεὶς
1781 1189 1932 1263 μάσ-

349 1283 530 1316 τιγι.
564 1261 800 1316 Βιαίως
866 1259 1291 1316 ξέὸὀηὲετήν
1322 1263 1571 1316 eum.
1669 1261 1932 1316 ιῆγησις

349 1259 533 1356 “2:17;:-
564 1261 800 1356 ﬂtlalmc
831 1259 1143 1356 ἐξέρρηξε
1172 1259 1585 1356 τήνηψυχῇν,
1617 1259 1935 1356 Salvne-rc

352 1331 575 1409 ἑκτῆς
617 1331 1196 1405 ἑπτακαιδεκάτης
1238 1331 1370 1388 τῶν
1419 1331 1932 1409 ’Ἀρχαιολόγῶν

353 1407 746 1476 Ἰωσήπου.

352 1508 612 1587 Ἡρώδης
661 1509 717 1566 δὲ
774 1518 876 1582 τῆς
921 1510 1124 1574 οἰκείας
1175 1510 1366 1584 μανίας
1425 1509 1760 1586 δρεπόμενος
1806 1510 1936 1573 τοὺς

279 1599 553 1676 καρποὺς,
585 1599 716 1656 ὅλον
742 1599 805 1655 τὸ
835 1605 998 1673 σῶμα
1027 1598 1284 1674 θεηλάτῳ
1342 1601 1564 1677 μάστιγι
1610 1599 1935 1672 πλήττεται,

279 1691 376 1746 καὶ
417 1690 584 1752 κακὸς
641 1694 822 1752 κακῶς
863 1688 1252 1768 διαφθείρεται,
1291 1695 1578 1769 τετραχῶς
1627 1689 1793 1746 αὐτοῦ
1837 1691 1936 1759 τῆς

287 1779 578 1854 βασιλείας
637 1777 1048 1856 διαιρεθείσης⁶
1107 1779 1364 1856 τέσσαρες
1422 1778 1472 1835 δ’
1539 1783 1674 1850 ἦσαν
1749 1777 1936 1842 παῖδες

284 1869 472 1941 αὐτῷ·
537 1871 566 1924 ὁ
618 1871 714 1943 μὲν
761 1869 854 1925 οὖν
906 1869 1231 1944 ’Δρχέλαος,
1279 1877 1386 1939 τῆσ
1429 1866 1694 1932 Ἰουδαίας
1752 1868 1939 1944 ἄρχων

282 1959 622 2014 καθίστατοο
680 1957 902 2034 Ἡρώδῃ
969 1956 1025 2014 δὲ
1079 1961 1115 2030 ἡ
1165 1957 1435 2014 Γαλιλαία
1499 1962 1935 2032 προσεκυροῦτο’

289 2047 580 2103 Φίλιππον
634 2045 693 2103 δὲ
749 2051 783 2118 ἡ
845 2047 1115 2124 Ἰτουραία
1192 2048 1327 2122 μετᾶ
1379 2053 1480 2118 τῆς
1533 2043 1941 2123 Τραχωνίτιδος

291 2137 452 2210 εἶχε⁶
504 2135 585 2208 τῷ
638 2157 698 2210 γε
749 2138 856 2210 μὴν
911 2138 1150 2210 τετάρτῳ
1202 2137 1437 2208 Λυσανίᾳ
1478 2137 1513 2206 ἡ
1549 2131 1822 2206 Ἀϐιληνή
1875 2136 1939 2192 τὸ

289 2225 618 2301 ὑποχείριον
647 2227 737 2296 ἦν.
789 2227 877 2288 Ὦς
921 2231 1048 2300 γοῦν
1081 2228 1116 2297 ἡ
1151 2227 1268 2282 θεία
1317 2223 1441 2296 δίκη
1494 2225 1630 2299 μετᾶ
1673 2227 1773 2295 τήν
1816 2221 1938 2280 ἄδι.

288 2336 392 2370 κον
426 2315 740 2393 μιαιφονίαν
767 2316 858 2370 τὸν
899 2315 1188 2394 Θεομάχον
1239 2313 1597 2389 μετελήλυθε,
1643 2312 1938 2389 προοίμιον

291 2406 372 2466 ὡς
418 2403 480 2460 ἄν
533 2426 618 2469 τις
669 2404 816 2462 εἴποι
857 2404 969 2462 τῶν
1025 2404 1291 2480 ἐσομένων
1347 2403 1516 2461 ἐκεῖσε
1569 2409 1749 2460 κακῶν
1803 2404 1936 2458 ὑπο-

294 2495 586 2568 φαίνουσα,
647 2494 796 2566 ἄξιον
856 2493 1112 2553 διελθεῖν.
1162 2496 1266 2558 Τὰς
1339 2495 1434 2568 μὲν
1485 2494 1577 2550 οὖν
1625 2497 1744 2550 κατ’
1791 2493 1938 2549 οἶκον

293 2585 450 2658 αὖτῷ
503 2583 859 2662 δυσπραγίας,
908 2586 1004 2649 τάς
1043 2587 1091 2641 τ’
1137 2586 1199 2641 ἐκ
1242 2587 1494 2660 γυναικὸς
1552 2587 1641 2641 καὶ
1699 2592 1806 2642 τῶν
1860 2587 1944 2644 τὲ-

293 2697 465 2744 κνων,
517 2673 593 2731 ἔτι
654 2673 712 2731 δὲ
761 2678 848 2732 καὶ
897 2681 1005 2732 τῶν
1053 2681 1135 2749 τῷ
1181 2675 1321 2754 γένει
1369 2678 1754 2752 προσηκόντων
1805 2701 1941 2752 συμ·

297 2760 472 2828 ϐάτοις
503 2765 651 2838 αὖτῷ
701 2767 987 2843 συμφορὰς
1033 2766 1124 2820 καὶ
1167 2765 1501 2844 μιαιφονίας,
1549 2768 1640 2822 καί
1685 2769 1947 2842 τραγικῆν

294 2855 508 2910 ἅπασαν
557 2852 990 2930 δραματουργίαν
1042 2854 1094 2911 ἔν
1146 2853 1379 2932 δευτέρῳ
1414 2857 1672 2924 τιθείσας,
1707 2856 1768 2920 ἃς
1801 2857 1944 2932 λαμ-

295 2947 452 3017 πρῶς
493 2945 522 2998 ὁ
571 2942 886 3022 φιλαλήθης
934 2945 1200 3016 Ἰώσηπος
1251 2945 1302 3000 ἐν
1342 2949 1410 3018 τῇ
1449 2947 1566 3001 κατ’
1606 2945 1766 3002 αὐτὸν
1814 2949 1947 3003 Ἰου-

296 3029 464 3106 δαϊκῇ
508 3029 838 3103 διελήλυθςν
869 3033 1106 3105 ἱστοσίᾳ,
1160 3036 1222 3090 τό
1271 3055 1330 3110 γε
1381 3039 1469 3088 νῦν
1520 3029 1650 3114 ἔχον
1698 3033 1944 3106 διεξιέναι

297 3120 364 3176 οὗ
393 3120 618 3193 πρέπων
671 3124 830 3194 οἶμαι
878 3124 1106 3198 καιρός·
1157 3125 1307 3186 ὅπως
1357 3121 1414 3178 δὲ
1462 3125 1754 3200 θεομαχεῖν
1803 3126 1946 3200 its-,1.

300 3211 465 3284 μενος
519 3209 772 3284 θεηλάτῳ
828 3209 1067 3287 πλη-κείς
1127 3212 1346 3288 μάστιγι
1389 3210 1440 3286 ἒξ
1490 3213 1793 3289 ἀνθρὼπων
1836 3213 1949 3289 ἐγέ-

294 3318 442 3365 νετο,
476 3295 684 3354 δίκαιον
735 3299 946 3363 πάντως
995 3300 1086 3356 καὶ
1135 3302 1316 3357 αὐτῶν
1358 3300 1652 3357 ἐπακοῦσαι
1696 3307 1804 3358 τῶν
1850 3307 1947 3359 τοῦ

297 3389 650 3464 ξυΠραφέως
709 3388 994 3462 ῥημάτων,
1049 3390 1104 3445 ἐν
1161 3389 1598 3466 ἑπτακαιδεκάτῳ
1665 3400 1768 3462 τῆς
1815 3395 1950 3465 Ἀρ-

300 3473 637 3552 χαιολογίας
693 3477 794 3544 τὴν
846 3482 942 3532 τοῦ
993 3478 1118 3552 βίου
1162 3477 1341 3553 τούτῳ
1385 3483 1763 3558 καταστροφήν
1803 3480 1947 3536 οὕτω

299 3559 601 3637 διεξιὸνοος
627 3585 640 3598 ο
679 3589 708 3620 ι(
735 3563 952 3641 Ἡρώδῃ
986 3564 1043 3622 δὲ
1075 3569 1336 3640 μειζόνως
1366 3569 1401 3638 ἠ
1439 3569 1594 3631 νόσος
1643 3567 1949 3644 ἐνεπικραί-

299 3675 448 3726 νετο,
507 3651 664 3726 δίκην
721 3656 794 3710 ὧν
853 3655 1229 3731 παρενόμησεν
1287 3657 1724 3734 ἐκπρασσομένου
1789 3665 1946 3716 Θεοῦ.

303 3747 423 3817 Πῦρ
459 3743 556 3817 μὲν
601 3744 705 3818 γάρ
755 3743 999 3816 μαλακὸν
1045 3746 1136 3814 ἦν,
1185 3744 1313 3802 οὐδὲ
1361 3745 1578 3816 πολλὴν
1629 3749 1944 3820 ἀποσημαῖ-

303 3854 398 3887 νον
426 3838 544 3894 τοῖς
575 3834 956 3911 ἐπαφωμένοις
985 3838 1084 3904 τὴν
1119 3835 1421 3911 ιρλόγωσιν,
1456 3837 1588 3906 ὅσην
1632 3842 1750 3898 τοῖς
1800 3837 1948 3900 ἐντὸς

302 3921 616 3995 προσετίθει
657 3923 758 3991 τὴν
805 3924 1042 3980 κάκωσιν
1070 3945 1083 3958 ·
1131 3923 1390 4000 ἐπιθυμία
1437 3925 1494 3982 δὲ
1542 3923 1688 3997 δεινή
1721 3931 1818 3981 τοῦ
1859 3923 1952 3982 δέ-

302 4010 495 4082 ξασθαί
533 4031 587 4064 τι
626 4010 718 4066 ἀπ’
757 4011 922 4067 αὐτοῦ
947 4031 961 4044 ’
1006 4013 1067 4068 οὗ
1106 4014 1206 4090 γὰρ
1247 4015 1313 4084 ἦν
1359 4015 1434 4087 μή
1478 4015 1584 4091 οὐχ
1625 4015 1911 4090 ὑπουργεῖν
1938 4036 1950 4049 ·

305 4099 400 4154 καὶ
439 4097 676 4162 ἕλκωσις
721 4104 830 4156 τῶν
890 4101 1140 4177 ἐντέρων,
1196 4104 1287 4158 καὶ
1335 4103 1570 4176 μάλιστα
1617 4108 1713 4158 τοῦ
1765 4103 1953 4160 κώλου

303 4187 476 4244 δειναὶ
531 4187 862 4266 ἀλγηδόνεςο
907 4191 996 4246 καὶ
1049 4190 1270 4269 φλέγμα
1323 4193 1482 4268 ὑγρὸν
1533 4193 1656 4266 περὶ
1687 4193 1814 4255 τοὺς
1861 4193 1958 4248 πό-

303 4275 404 4340 δες
439 4276 529 4331 καὶ
561 4275 775 4355 διαυγὲς
804 4299 818 4311 ·
859 4280 1218 4354 παραπλησία
1265 4278 1322 4336 δὲ
1371 4281 1461 4336 καὶ
1505 4281 1630 4356 περὶ
1679 4282 1740 4336 τὸ
1784 4282 1954 4358 ἦτρον

301 4367 548 4428 κάκωσις
576 4366 644 4435 ἦν
669 4387 682 4400 ⁸
723 4368 813 4424 καὶ
858 4371 967 4442 μὴν
1006 4370 1095 4424 καὶ
1133 4374 1230 4424 τοῦ
1277 4368 1492 4426 αἰδοίου
1545 4375 1710 4444 σῆψις
1741 4369 1961 4441 σκώλη-

305 4475 408 4516 κας
467 4454 770 4528 ἐμποιοῦσα
804 4477 817 4491 ·
877 4457 1185 4531 πνεύματός
1241 4479 1300 4515 τε
1371 4459 1530 4535 ὀρθία
1575 4453 1807 4530 ἔντασις,
1867 4459 1961 4516 καί

309 4543 454 4612 αὗτή
489 4543 610 4599 λίαν
641 4541 818 4616 ἀηδὴς
860 4544 1131 4622 ἀχθηδόνι
1173 4569 1232 4604 τε
1268 4549 1368 4618 τῆς
1417 4549 1697 4626 ἀποφορᾶς
1747 4549 1836 4605 καὶ
1881 4554 1962 4622 τῷ

309 4635 505 4704 πυκνῷ
533 4637 630 4686 τοῦ
669 4631 976 4707 ἄσθματος·
1032 4637 1283 4710 σπασμός
1327 4657 1384 4692 τε
1429 4637 1556 4710 περὶ
1605 4643 1706 4692 πᾶν
1757 4639 1823 4707 ἦν
1861 4639 1962 4711 μὲ-

316 4721 442 4787 λος,
475 4720 631 4796 ἰσχὺν
671 4719 778 4798 οὐχ
816 4722 1169 4797 ὑπομενητὴν
1202 4727 1647 4800 προστιθέμενος.
1701 4725 1960 4802 Ἐλὲγετο

313 4813 450 4886 γοῦν
505 4810 608 4864 ὑπὸ
660 4815 770 4866 τῶν
825 4813 1166 4885 θειαζόντων,
1225 4813 1312 4870 καὶ
1363 4815 1442 4877 οἷς
1501 4818 1668 4870 ταῦτα
1715 4835 1964 4887 προαποο

316 4897 644 4974 φθέγγεσθαι
677 4900 836 4976 σοφία
864 4913 1179 4976 προῦκειτο,
1209 4905 1408 4974 ποινήν
1450 4907 1546 4959 τοῦ
1590 4903 1806 4960 πολλοῦ
1837 4901 1966 4959 δυσ-

317 4982 514 5052 σεϐοῦς
563 4990 592 5043 ὁ
636 4990 766 5053 Θεὸς
811 4991 1223 5062 εἰσπράττεσθαι
1268 4993 1414 5066 παρὰ
1453 4997 1550 5048 τοῦ
1609 4992 1899 5069 βασιλέως.
1936 5015 1962 5048 ι

315 5082 493 5134 Ταῦτα
552 5079 649 5153 μὲν
701 5078 752 5136 ἔν
797 5085 866 5156 τῇ
914 5079 1224 5157 δηλωθείσῃ
1266 5085 1448 5161 γραφῇ
1495 5083 1966 5159 παρασημαίνεται

1957 1084 2012 1150 Α

2596 1079 2699 1137 80
2739 1079 2963 1137 CAPUT
2999 1081 3126 1138 XV.

2047 1189 2109 1246 Ut
2137 1187 2369 1244 Herodes
2394 1187 2613 1260 primus
2641 1189 2891 1244 immissa
2918 1188 3186 1244 divinitus
3203 1189 3388 1260 plaga,
3417 1190 3686 1248 violenter

2113 1269 2366 1332 mortuus
2396 1261 2467 1316 sit
2482 1277 2506 1324 ;
2535 1261 2772 1317 historia
2811 1275 2882 1316 ex
2909 1261 3113 1316 decimo
3140 1262 3368 1332 septimo
3397 1261 3536 1319 libro
3566 1265 3682 1319 An-

2117 1331 2436 1405 tiquitatum
2463 1333 2681 1405 Iosephi
2706 1342 2982 1404 excerpta.

2117 1515 2370 1573 Herodes
2413 1533 2544 1573 vero
2589 1517 2802 1573 furoris
2844 1517 2932 1573 sui
2983 1516 3311 1589 percipiens
3353 1516 3601 1586 fructus,
3628 1515 3689 1573 in

2048 1609 2165 1662 toto
2211 1621 2450 1678 corpore
2499 1605 2780 1662 divinitus
2821 1606 3292 1677 provenientibus
3331 1605 3517 1679 plagis
3547 1604 3692 1663 utili-

2037 1695 2224 1766 ‘gitur,
2251 1701 2308 1750 et
2335 1695 2489 1751 male
2520 1696 2686 1768 perit.
2730 1696 2914 1766 Hujus
2947 1711 3188 1766 regnum
3225 1699 3422 1768 postea
3451 1696 3512 1751 in
3541 1711 3692 1766 qua-

2047 1789 2177 1840 tuor
2233 1789 2427 1855 partes
2483 1785 2744 1840 divinum
2777 1789 2886 1841 est.
2945 1786 3203 1848 Quatuor
3251 1785 3408 1840 enim
3451 1783 3692 1858 reliquit

2049 1871 2218 1928 filios.
2246 1872 2646 1928 EtArchelaus
2675 1873 2910 1946 quidem
2933 1873 3146 1930 Judasa:
3179 1873 3450 1946 princeps
3479 1874 3692 1930 consti-

2048 1967 2212 2018 tutus
2263 1967 2372 2033 est,
2417 1962 2625 2019 Herodi
2657 1962 2898 2020 Galilrea
2943 1965 3223 2020 attributa
3253 1964 3356 2036 (1).
3387 1963 3691 2038 Philippus

2049 2068 2218 2125 porro
2249 2053 2511 2108 [turmam
2559 2056 2616 2108 et
2644 2051 3112 2108 Trachonitidom
3162 2053 3454 2126 regionem
3485 2067 3691 2110 conse-

2047 2144 2220 2198 cutus
2269 2145 2359 2196 est
2381 2158 2396 2209 ;
2429 2151 2634 2214 quarto
2682 2158 2835 2208 vero,
2888 2141 3146 2214 Lysanias
3177 2141 3422 2211 scilicet,
3452 2141 3696 2198 Abilene

2049 2229 2277 2302 obtigit.
2313 2231 2640 2298 Quomodo,
2661 2235 2858 2287 autem
2891 2235 3022 2301 post
3051 2231 3498 2300 injustissimam
3531 2230 3696 2288 illam

2049 2317 2288 2388 credam,
2320 2319 2518 2375 divina
2549 2319 2802 2376 vindicta
2844 2320 3132 2376 Horodem
3169 2322 3320 2376 hunc
3349 2320 3448 2393 (2),
3481 2319 3696 2377 bellum

2054 2408 2163 2463 Deo
2223 2414 2547 2464 moventem
2607 2408 2684 2464 sit
2734 2408 2871 2474 ulla,
2918 2410 3085 2480 quasi
3134 2408 3480 2480 prooemium
3512 2409 3694 2481 (quod

2049 2494 2286 2568 dicitur)
2317 2501 2647 2554 futurorum
2681 2499 2964 2554 malorum
3011 2499 3308 2568 exhibens,
3361 2515 3546 2572 opera:
3580 2513 3700 2570 pre'

2052 2585 2198 2640 tium
2231 2590 2315 2641 est
2344 2602 2819 2643 commemorare.
2867 2589 3056 2660 Atquo
3091 2587 3366 2660 equidem
3411 2587 3700 2644 domesti-

2054 2691 2154 2732 cas
2208 2677 2338 2748 ejus
2369 2676 2754 2746 calamitates,
2805 2681 2862 2734 et
2908 2677 3008 2750 qui
3053 2677 3103 2734 ei
3151 2695 3216 2734 ex
3251 2694 3446 2745 uxore,
3480 2677 3703 2748 liberis,

2055 2765 2253 2837 eisque
2282 2767 2384 2837 qui
2430 2782 2640 2838 genere
2689 2766 2740 2822 ei
2793 2767 3101 2838 propinqui
3151 2767 3412 2838 fuerunt,
3443 2766 3704 2823 accidere

2055 2873 2241 2925 Casus,
2273 2857 2704 2929 sanguinarios,
2729 2857 3032 2930 caedesque
3058 2858 3327 2926 nefarias,
3353 2873 3481 2930 qua
3501 2873 3705 2914 omnes

2056 2948 2320 3002 omnium
2367 2947 2776 3018 tragoediarum
2831 2948 3086 3002 actiones
3129 2947 3302 3020 longe
3353 2951 3485 3020 post
3525 2963 3588 3003 se
3619 2963 3704 3003 re-

2054 3035 2344 3108 linquant,
2397 3052 2529 3091 cum
2578 3053 2676 3092 eas
2724 3036 3044 3092 luculenter
3071 3037 3331 3093 veritatis
3356 3040 3582 3092 amator
3609 3035 3704 3092 Jo-

2057 3125 2275 3196 sephus
2300 3125 2356 3180 in
2379 3123 2619 3181 Judaica
2637 3130 2958 3197 temporum
2989 3141 3232 3180 suorum
3257 3124 3505 3181 historia
3535 3142 3704 3181 com-

2058 3212 2413 3282 memorarit,
2471 3213 2529 3268 in
2587 3213 2894 3286 praesentia
2945 3230 3230 3286 exponere
3286 3215 3702 3287 tempestivum

2056 3310 2114 3360 et
2147 3303 2519 3360 commodum
2555 3319 2670 3358 non
2703 3311 2808 3360 est.
2831 3302 3056 3360 Ulvero
3081 3303 3299 3376 impius
3319 3304 3418 3361 ille
3435 3311 3706 3377 suscepto

2057 3393 2334 3449 adversus
2369 3395 2548 3449 Deum
2583 3391 2752 3462 bello,
2785 3393 2981 3449 divino
3013 3392 3300 3450 multatus
3338 3393 3590 3468 ﬂagello,
3638 3409 3709 3450 ex

2059 3482 2399 3538 hominibus
2428 3481 2757 3546 excesserit,
2799 3497 3028 3552 aequum
3059 3482 3300 3538 omnino
3331 3485 3418 3538 est
3445 3497 3512 3537 ex
3545 3484 3701 3553 ejus.

2057 3573 2189 3628 dem
2243 3571 2503 3628 historici
2554 3587 2899 3644 cognoscere
2945 3569 3182 3627 verbis:
3237 3573 3339 3642 qui
3383 3572 3442 3628 in
3473 3572 3700 3631 decimo

2059 3661 2306 3733 septimo
2362 3657 2766 3732 )lnliquitatum
2827 3659 2993 3724 libro,
3056 3660 3330 3716 ultimum
3387 3661 3511 3716 vitae
3570 3661 3699 3732 ejus

2062 3758 2257 3806 actum
2307 3751 2385 3805 ita
2433 3749 2844 3821 prosequitur:
2892 3747 3163 3806 «Herodi
3211 3755 3401 3805 autem
3465 3748 3699 3808 morbus

2064 3840 2238 3895 etiam
2286 3845 2462 3909 atque
2508 3838 2678 3894 etiam
2730 3826 3146 3909 adaugebatur,
3183 3837 3496 3896 vindictam
3535 3843 3709 3910 atque

2061 3929 2411 4000 supplicium
2465 3945 2567 4000 pro
2620 3927 2856 3999 ﬂagitiis
2907 3926 3342 4000 sceleribusque
3370 3930 3502 4000 ejus
3536 3930 3608 3985 ab
3639 3945 3708 3986 eo

2063 4022 2329 4074 sumente
2385 4017 2521 4074 Deo.
2585 4016 2796 4072 Lentus
2849 4016 2899 4071 ei
2961 4018 3144 4072 inerat
3199 4017 3375 4090 ignis,
3417 4033 3532 4073 non
3591 4025 3708 4074 tam

2066 4123 2332 4178 magnam
2385 4105 2881 4162 contreetantibus
2927 4105 3244 4162 ostendens
3298 4106 3711 4163 inﬂammatio-

2065 4213 2219 4263 nem,
2253 4213 2431 4268 quam
2481 4195 2835 4251 intrinsecus
2892 4210 3104 4250 srevam
3153 4194 3416 4251 efficiens
3456 4195 3712 4252 vexatio-

2067 4302 2220 4342 nem.
2253 4285 2336 4341 Ab
2368 4284 2476 4340 hoc
2507 4283 2660 4339 malo
2709 4283 2900 4354 gravis
2949 4282 3222 4340 sumendi
3272 4283 3388 4339 cibi
3414 4284 3714 4355 provenie-

2069 4376 2167 4430 bat
2195 4373 2505 4444 cupiditas,
2557 4387 2732 4445 quem
2779 4371 3016 4444 quidem
3069 4389 3183 4428 non
3229 4371 3441 4428 licebat
3478 4371 3562 4428 illi
3596 4390 3710 4430 non

2067 4461 2537 4520 subministrare.
2562 4460 2880 4518 Accedebat
2908 4459 3322 4517 intestinorum
3345 4461 3714 4526 exulceratio,

2073 4553 2563 4625 potissimumque
2613 4549 2724 4606 coli
2773 4567 2934 4606 acres
2978 4553 3036 4606 et
3064 4550 3258 4606 acerbi
3291 4548 3534 4606 dolores.
3570 4551 3710 4606 Item

2073 4639 2459 4696 inﬂammatio
2508 4637 2768 4706 humida,
2823 4637 2994 4709 quasi
3028 4636 3324 4710 pellueens
3354 4637 3414 4693 in
3447 4636 3716 4710 pedibus.

2074 4731 2188 4784 Nec
2216 4727 2503 4784 absimilis
2534 4727 2590 4782 in
2635 4728 2752 4783 imo
2802 4732 3000 4783 ventre
3047 4726 3312 4782 exstabat
3340 4724 3716 4782 excruciatio.

2076 4819 2354 4872 Praeterea
2411 4821 2470 4871 et
2526 4815 2932 4888 pudendorum
2991 4816 3256 4887 putredo,
3310 4829 3533 4870 vermes
3590 4829 3717 4886 pro-

2075 4923 2297 4962 creans.
2331 4905 2476 4961 Item
2526 4905 2770 4976 spiritus
2819 4904 2999 4960 ardua
3047 4907 3105 4960 et
3153 4901 3412 4958 difﬁcilis
3442 4901 3720 4966 inteusio,

2075 4994 2323 5050 multum
2385 4994 2662 5050 molestia:
2719 4992 3170 5064 acerbitatisque
3223 4991 3488 5062 atterens,
3538 4993 3718 5062 gravi-

2077 5092 2190 5140 tate
2245 5093 2300 5140 et
2350 5085 2543 5140 dolere
2589 5081 3016 5154 respirationis,
3063 5079 3502 5153 frequentiaque
3545 5081 3725 5138 anhe-

317 5169 346 5222 ὁ
387 5168 660 5240 Ἰώσηπος
691 5189 706 5204 ·
745 5169 891 5226 ἀλλὰ
925 5173 1034 5244 μὴν
1065 5173 1153 5228 καὶ
1195 5170 1248 5226 ἐν
1289 5176 1357 5246 τῇ
1403 5169 1625 5244 δευτέρᾳ
1661 5177 1770 5230 τῶν
1817 5173 1949 5228 iero-

2075 5173 2238 5230 litus.
2267 5172 2358 5229 8|
2403 5175 2647 5244 Insuper
2693 5169 2848 5242 rigor
2895 5173 2954 5224 et
2998 5169 3282 5225 distensio
3323 5171 3719 5225 membrorum

317 5261 451 5334 ριῶν
491 5265 595 5328 τῆς
650 5258 910 5324 ἁλώσεως
953 5261 1021 5316 τά
1075 5260 1435 5338 παραπλήσια
1483 5259 1816 5338 διεξέρχεται
1863 5261 1971 5318 ὤδέ

317 5367 440 5408 πως
485 5347 710 5425 γράφων
733 5367 746 5382 ο
796 5374 824 5402 ‹‹
857 5351 1040 5406 Ἔνθεν
1091 5351 1256 5406 αὐτοῦ
1301 5353 1366 5407 τὸ
1415 5356 1576 5424 σῶμα
1607 5357 1709 5408 πᾶν
1738 5354 1772 5422 ἡ
1805 5354 1968 5415 νόσος

320 5431 681 5510 διαλαϐοῦσα,
741 5438 1018 5503 ποικίλοις
1076 5439 1298 5496 πάθεσιν
1358 5440 1658 5518 ἐμερίζετο.
1739 5443 1974 5518 ΙΙυρετός

402 5641 480 5718 (ξ)
511 5641 763 5718 IIerodes
791 5642 906 5698 ista
935 5642 1111 5699 etiam
1141 5642 1384 5718 Antipas
1415 5645 1628 5718 dictus.

401 5712 482 5783 (2)
512 5717 764 5770 Herodes
794 5720 1006 5787 praeter
1052 5733 1259 5773 uxores
1279 5712 1470 5788 'alias,
1503 5715 1880 5773 Mariammen
1913 5731 1982 5770 ex

2081 5279 2174 5320 om
2186 5261 2369 5333 nium,
2391 5278 2526 5317 cum
2559 5257 2926 5316 vehementia
2947 5262 3004 5314 et
3023 5256 3076 5313 vi
3108 5254 3480 5314 intolerabili.
3505 5258 3725 5329 Itaque,

2084 5353 2182 5425 qui
2217 5350 2468 5408 Numine
2489 5346 3236 5417 aﬂiantur,divine,quique
3260 5343 3569 5417 praedicere
3588 5345 3726 5400 talia

2084 5459 2188 5514 pro
2207 5439 2492 5513 sapientia
2511 5438 2747 5506 habent,
2783 5437 2967 5494 Deum
2992 5450 3222 5509 pmnam
3245 5453 3279 5492 a
3299 5449 3430 5508 rege
3451 5434 3526 5492 ob
3544 5433 3728 5507 pluri-

2091 5642 2263 5696 l‘ratre
2303 5639 2545 5711 neptim,
2603 5643 2658 5693 ct
2714 5635 2954 5711 alteram
2996 5633 3214 5711 neptim
3259 5632 3733 5711 tiliam_8imonis

2091 5705 2396 5784 pontiﬁcis
2409 5711 2757 5776 Samariten,
2789 5707 2850 5765 in
2882 5705 3254 5765 matrimonio
3283 5705 3506 5762 habuit.
