4100 6218
415 405 420 412 ,
475 339 594 402 679

1768 331 2192 396 NICEPHORI
2236 337 2329 399 CA
2339 337 2580 400 LLISTI

3759 341 3872 402 680

468 491 562 530 ma
593 473 717 544 ejus
746 471 926 543 impie
960 469 1130 534 facta,
1176 483 1408 522 sumere
1449 466 1887 522 renuntiabant.
1922 488 1952 516 »
1987 467 2110 522 Hec

2229 469 2324 542 μὲν
2374 467 2478 542 γὰρ
2523 470 2586 538 ἦν
2639 468 2702 524 ού
2754 465 2998 544 λᾶϐρος·
3049 470 3298 544 κνησμὸς
3346 469 3394 526 δ’
3447 471 3730 549 ἀφόρητος
3777 479 3874 540 τῆς

465 565 702 635 quidem
721 577 786 616 eo
809 575 924 630 quo
953 557 1206 612 diximus
1246 555 1369 610 loco
1401 553 1972 626 adnotstJosephu.
2008 556 2124 611 Sed

467 654 622 709 enim
659 653 712 705 in
747 650 998 704 secundo
1031 661 1260 717 quoque
1307 645 1454 700 libro
1487 645 1633 699 Belli
1658 645 1904 713 Iudaici,
1937 646 2119 716 persi-

473 741 631 797 milia
660 741 728 794 ad
759 739 918 806 hunc
951 738 1182 792 modum
1212 734 1416 790 scribit
1441 751 1454 788 :
1479 754 1508 783 «
1539 735 1760 802 Corpus
1789 735 1919 804 ejus
1949 749 2122 790 omne

471 833 710 885 morbus
732 826 1092 896 complexus,
1117 825 1294 879 variis
1316 824 1628 878 admodum
1647 821 1944 878 doloribus
1961 823 2124 878 disti-

468 920 662 974 nebat.
688 915 886 972 Febris
908 918 961 970 id
991 914 1288 984 altiigebst
1311 929 1425 968 non
1452 912 1760 968 admodum
1785 911 2116 976 vehemens,

468 1007 732 1080 pruritus
773 1005 1130 1060 extrinsecus
1162 1001 1463 1058 obtinebat.
1503 997 1908 1055 intolerabilis.
1945 1000 2119 1055 Erant

470 1095 575 1152 coli
607 1093 863 1152 continui
901 1093 1149 1158 dolores,
1184 1090 1240 1144 in
1279 1091 1522 1158 pedibus
1553 1093 1812 1143 tumores
1840 1094 2114 1159 tanquam

468 1185 582 1257 hyd
593 1184 750 1256 rapis
771 1183 1114 1238 exstabant:
1135 1179 1442 1234 accedebat
1477 1177 1576 1232 imi
1600 1175 1905 1232 ventriculi
1925 1177 2119 1233 incen-

470 1275 579 1340 sio,
611 1280 667 1330 et
696 1272 944 1330 membri
979 1270 1230 1344 pudendi
1267 1269 1530 1340 putredo,
1553 1283 1779 1323 vermes
1808 1281 2115 1336 generans,

469 1364 550 1420 Ad
587 1365 708 1418 hac
756 1367 812 1418 et
855 1362 1070 1417 directa
1123 1360 1421 1429 arduaque
1459 1362 1516 1412 et
1547 1356 1780 1412 diﬁcilis
1808 1355 2117 1427 gravisque

467 1453 730 1524 spiratio,
795 1448 1318 1519 convulsionesqus
1377 1447 1774 1501 membrorum
1825 1445 2111 1510 omnium,

468 1543 612 1598 adeo
643 1545 706 1596 ut
749 1539 930 1594 divini
983 1553 1212 1609 pcenam
1263 1535 1544 1590 scelerum
1597 1539 1683 1590 tot
1731 1534 1959 1589 morbos
1987 1549 2114 1590 esse

462 1631 743 1686 dicerent.
781 1626 884 1684 Ille
917 1643 1106 1698 porro,
1157 1641 1290 1680 cum
1322 1629 1408 1678 tot
1446 1621 1738 1694 tantisque
1769 1621 2114 1678 conﬂictans

461 1719 652 1789 malis,
685 1717 1072 1773 nihilominus
1119 1715 1290 1768 vitam
1341 1713 1588 1768 retinere
1618 1713 1939 1768 conabatur
1973 1727 1985 1765 :
2021 1712 2110 1767 in-
2147 1695 2192 1758 Β

463 1807 987 1876 columitatemque
1045 1819 1306 1874 sperans,
1355 1802 1718 1858 curationem
1760 1800 2113 1856 valetudinis

470 1897 881 1953 meditabatur.
949 1896 1147 1964 itaque
1201 1891 1457 1946 Jordane
1525 1889 1889 1958 transmisso,
1946 1889 2113 1960 aquis

467 1986 675 2044 calidis
726 1986 794 2040 ad
840 1983 1222 2047 Callirrhoen,
1270 1997 1396 2051 qu
1435 1979 1492 2033 in
1527 1978 1890 2049 Asphaltiten
1923 1979 2114 2033 lacum

467 2076 752 2144 inﬂuunt,
784 2082 840 2129 et
883 2077 1116 2143 propter
1152 2069 1516 2124 dulcedinem
1553 2068 1768 2138 potioni
1801 2069 2115 2122 commoda:

469 2169 634 2232 sunt,
669 2164 962 2219 utebatur.
995 2159 1075 2214 Ibi
1127 2174 1255 2214 cum
1309 2157 1547 2212 medicis
1586 2156 1774 2212 visum
1807 2160 1958 2211 esset
1986 2172 2114 2212 cor-

467 2271 578 2326 pus
609 2253 738 2324 ejus
768 2251 957 2307 calido
986 2249 1109 2304 oleo
1143 2249 1351 2313 fovere,
1401 2247 1460 2300 in
1505 2245 1734 2301 labrum
1768 2246 2112 2313 demissum,

463 2345 546 2402 ita
579 2341 934 2398 dissolutum
967 2343 1077 2405 est,
1111 2347 1172 2392 ut
1203 2335 1376 2392 etiam
1407 2335 1634 2390 lumina
1658 2335 1822 2405 quasi
1849 2339 2114 2390 mortuus

465 2431 721 2488 resoluta
750 2433 1067 2500 torqueret.
1101 2425 1240 2481 Cum
1274 2430 1467 2480 autem
1505 2421 1787 2478 tumultus
1815 2440 1850 2478 a
1879 2423 2112 2478 famulis

475 2525 826 2585 moveretur,
876 2518 943 2572 ad
997 2515 1310 2571 clamorem
1356 2515 1612 2577 illorum,
1663 2511 1732 2568 ad
1785 2527 1848 2566 se
1893 2511 2110 2566 rediit:

463 2614 520 2665 et
563 2609 840 2677 deinceps
878 2605 1065 2661 salute
1113 2605 1439 2675 desperata.
1479 2601 1765 2656 militibus
1813 2601 2114 2672 quinqua-

461 2715 646 2772 genas
697 2695 913 2752 viritim
973 2693 1286 2748 drachmas
1341 2690 1655 2758 numerari,
1705 2701 1758 2745 et
1815 2691 2108 2760 ingentem

461 2785 775 2859 pecuniam
827 2783 1078 2839 ducibus
1130 2791 1301 2852 atque
1345 2779 1548 2835 amicis
1595 2779 1720 2834 dari
1755 2779 1950 2848 jussit.
1987 2779 2113 2848 Ipse

465 2891 635 2947 porro
673 2873 732 2928 in
767 2873 952 2929 reditu
986 2869 1380 2927 Jericbuntem
1423 2869 1701 2939 pervenit,
1731 2868 1955 2922 insania
1979 2867 2105 2937 jam

2231 557 2538 632 ἐπιφανείας
2597 559 2735 629 ὅλης
2769 577 2782 590 ·
2843 564 2932 614 καί
2989 558 3174 615 κώλου
3235 565 3481 634 συνεχεῖς
3529 558 3873 636 ἀλγηδόνες’

2229 647 2352 720 περί
2378 668 2437 701 τε
2473 647 2602 709 τοὺς
2643 645 2810 709 πόδας
2859 649 2936 710 ὡς
2979 646 3348 722 ύδροπιῶντος
3397 646 3680 722 οἰδήματα
3715 669 3732 682 ⁸
3783 657 3876 704 τοῦ

2229 756 2286 790 τε
2317 735 2486 810 ἤτρου
2536 736 2840 814 φλεγμονὴ,
2881 737 2970 792 καὶ
3023 735 3232 792 αἰδοίου
3281 735 3532 807 σηπεδὼν
3575 737 3876 808 σκώληκας

2227 826 2504 898 γεννῶσα·
2539 825 2676 900 πρὸς
2704 826 2917 888 τούτοις
2968 826 3263 900 ὀρθόπνοια
3306 829 3396 882 καὶ
3446 824 3738 894 δύσπνοια,
3789 829 3876 882 καὶ

2228 917 2470 988 σπασμοὶ
2511 917 2721 970 πάντων
2760 921 2868 970 τῶν
2913 914 3094 988 μελῶν
3120 935 3133 948 ⁵
3177 916 3317 970 ὥστε
3358 917 3488 977 τοὺς
3529 915 3880 987 ἐπιθειάζον-

2225 1023 2320 1064 τας
2353 1005 2550 1072 ποινήν
2585 1005 2721 1058 εἶναι
2751 1005 2818 1059 τὰ
2865 1007 3146 1077 νοσήματα
3196 1003 3398 1078 λέγειν.
3431 1006 3488 1060 Ὀ
3511 1001 3568 1060 δὲ
3613 1005 3876 1060 παλαίων

2223 1092 2504 1155 τοσούτοις
2554 1093 2794 1163 πάθεσιν,
2827 1092 2980 1165 ὅμως
3027 1098 3126 1148 τοῦ
3179 1097 3273 1166 ζῇν
3324 1093 3629 1171 ἀντείχετο,
3683 1114 3876 1162 σωτηο

2226 1185 2344 1258 ρίαν
2391 1203 2449 1239 τε
2478 1180 2680 1252 ἤλπιζε
2726 1183 2816 1237 καὶ
2866 1183 3151 1250 θεραπείας
3203 1181 3431 1238 ἐπενόει.
3485 1177 3689 1242 Διαϐὰς
3743 1187 3876 1256 γοῦν

2221 1275 2313 1330 τὸν
2341 1271 2642 1347 Ἰορδάνην,
2677 1279 2789 1335 τοῖς
2821 1274 2956 1328 κατὰ
2986 1272 3342 1347 Καλλιρρόην
3375 1275 3599 1348 θερμοῖς
3631 1271 3874 1352 ἐχρῆτο·

2221 1368 2390 1418 ταῦτα
2421 1361 2465 1416 δ’
2497 1359 2654 1432 ἔξεισι
2708 1363 2802 1435 μὲν
2839 1362 2916 1424 εἷς
2956 1363 3054 1431 τὴν
3105 1361 3428 1439 ἀσφαλτῖτιν
3479 1361 3686 1433 λίμνην
3713 1381 3729 1394 ⁸
3775 1365 3879 1417 ὑπὸ

2223 1451 2564 1526 γλυκύτητος
2623 1449 2670 1505 δ’
2727 1449 2838 1506 ἔστι
2897 1453 2986 1506 καὶ
3041 1452 3272 1524 πότιμα.
3333 1452 3496 1522 Δόξαν
3545 1448 3590 1505 δ’
3643 1449 3878 1505 ἐνταῦθα

2223 1545 2339 1602 τοῖς
2373 1540 2578 1613 ἰατροῖς
2616 1538 2788 1611 ἐλαίῳ
2839 1541 3025 1611 θερμῷ
3073 1545 3176 1593 πᾶν
3221 1538 3525 1613 ἀναθάλψαι
3569 1540 3635 1593 τὸ
3687 1544 3876 1608 σῶμα,

2221 1627 2491 1704 χαλασθὲν
2526 1627 2601 1689 εἷς
2639 1627 2824 1683 ἐλαίου
2864 1627 3054 1701 πλήρη
3103 1627 3324 1689 πύελον.
3367 1626 3545 1683 ἐκλύει
3593 1629 3690 1682 καί
3741 1629 3872 1688 τοὺς

2223 1717 2564 1796 ὀφθαλμούς.
2613 1719 2702 1778 Ὠς
2757 1714 2814 1772 δὲ
2859 1719 3086 1778 τεθνεὼς
3149 1717 3462 1792 ἀνέστρεψε,
3519 1712 3768 1790 θορύϐου
3817 1737 3873 1772 τε

2223 1808 2326 1861 ὑπὸ
2365 1810 2472 1862 τῶν
2517 1807 2856 1876 θεραπόντων
2904 1805 3221 1880 γενομένου,
3274 1807 3410 1879 πρὸς
3459 1806 3554 1878 μὲν
3601 1807 3707 1873 τὴν
3757 1828 3870 1884 φω-

2225 1895 2322 1964 νήν
2366 1895 2678 1970 ἀνήνεγκεν,
2721 1895 2796 1956 εἷς
2837 1893 2893 1949 δὲ
2938 1895 3002 1950 τὸ
3043 1895 3235 1950 λοιπὸν
3287 1894 3558 1968 ἀπογνοὺς
3607 1896 3710 1962 τὴν
3767 1915 3874 1948 σω-

2219 1984 2432 2058 τηρίαν,
2487 1989 2604 2046 τοῖς
2661 2004 2722 2039 τε
2777 1985 3134 2056 στρατιώταις
3191 1985 3291 2038 ἀνὰ
3348 1981 3602 2058 δραχμὰς
3670 1985 3874 2052 πεντή-

2220 2093 2382 2127 κοντα
2423 2072 2670 2127 ἐκέλευσε
2721 2069 3016 2145 διανεῖμαι,
3067 2071 3156 2127 καὶ
3201 2070 3388 2128 πολλά
3437 2075 3708 2146 χρήματα
3761 2076 3875 2131 τοῖς

2221 2163 2457 2239 ἡγεμόσι
2498 2162 2589 2216 καὶ
2637 2167 2757 2224 τοῖς
2807 2161 3012 2239 φίλοις.
3067 2161 3242 2223 Αὐτὸς
3276 2160 3334 2216 δέ
3366 2163 3746 2240 ὑποστρέφων,
3799 2161 3874 2222 εἰς

2223 2254 2556 2328 Ἱεριχοῦντα
2605 2255 2982 2329 παραγίνεται,
3036 2251 3408 2330 μελαγχολῶν
3453 2251 3586 2324 ἤδη,
3621 2254 3716 2307 καὶ
3771 2252 3872 2324 μό-

2221 2363 2308 2398 νον
2343 2345 2445 2398 ούκ
2485 2339 2728 2398 ἀπειλῶν
2777 2342 2924 2415 αὐτῷ
2961 2363 3014 2397 τι
3061 2347 3140 2414 τῷ
3188 2343 3420 2415 θανάτῳ.
3477 2341 3768 2415 Προέκοψε
3817 2339 3870 2395 δὲ

2223 2430 2300 2494 εἷς
2349 2426 2648 2500 ἐπιϐουλὴν
2697 2430 2954 2503 ἀθεμίτου
3003 2432 3245 2504 πράξεως
3273 2452 3285 2465 ·
3333 2433 3462 2494 τοὺς
3486 2433 3588 2506 γὰρ
3621 2429 3715 2510 ἀφ’
3747 2429 3870 2484 ixi-

2219 2541 2350 2590 στης
2405 2522 2600 2594 κώμης
2659 2519 2962 2592 ἐπισήμους
3029 2519 3224 2596 ἄνδρας
3287 2522 3337 2592 ἐξ
3397 2521 3537 2589 ὅλης
3597 2518 3868 2580 Ἰουδαίας

2221 2609 2553 2684 συναγαγὼν,
2583 2607 2660 2671 εἷς
2689 2609 2782 2664 τὸν
2809 2606 3154 2681 καλούμενον
3203 2606 3572 2684 Ἰππόδρομον
3615 2607 3868 2664 ἐκέλευσε

2221 2697 2556 2772 συγκλεῖσαι.
2593 2696 3109 2772 Προσκαλεσᾶμενος
3142 2695 3198 2752 δὲ
3238 2696 3516 2768 Σαλώμην
3547 2699 3648 2766 τήν
3709 2694 3866 2752 ἀδελο

2221 2789 2325 2860 φὴν
2356 2786 2446 2842 καὶ
2486 2787 2579 2842 τὸν
2623 2784 2790 2859 ἄνδρα
2833 2787 3040 2856 ταύτης
3087 2786 3327 2856 Ἀλεξᾶν,
3371 2783 3523 2855 Οἶδα,
3563 2780 3694 2862 ἔφη,
3731 2788 3867 2842 Ἰου-

2221 2871 2404 2938 δαίους
2461 2874 2553 2930 τὸν
2607 2873 2736 2948 ἐμὸν
2785 2873 3137 2948 ἑορτάσοντας
3203 2875 3424 2930 θάνατον
3461 2892 3473 2906 ·
3525 2873 3765 2946 δύναμαι
3815 2871 3866 2927 δὲ

463 2935 792 3036 correptus,
848 2965 906 3016 et
952 2965 1181 3016 tantum
1240 2975 1354 3013 non
1405 2935 1574 3012 morti
1625 2957 1736 3028 ipsi
1783 2935 2106 3028 quidquam

2221 2965 2532 3019 πενθεῖσθαι
2566 2961 2637 3018 δι’
2686 2963 2881 3036 ἐτέρων
2931 2965 3017 3018 καὶ
3049 2962 3304 3038 λαμπρὸν
3350 2961 3632 3040 ἐπιτάφιον
3682 2968 3864 3038 σχεῖν,

472 3053 777 3110 minitans.
814 3051 916 3106 Hic
947 3049 1237 3121 prioribus
1281 3048 1405 3103 suis
1443 3047 1760 3102 sceleribus
1809 3045 2108 3101 infandum

463 3142 662 3214 adjicit
711 3140 1019 3212 ﬂagitium.
1075 3143 1429 3194 Convocstos
1471 3136 1624 3192 enim
1660 3152 1729 3190 ex
1760 3151 1996 3208 quoquo
2026 3140 2116 3190 to-

467 3233 586 3289 tius
617 3231 830 3287 Judazai
880 3229 1005 3284 vico
1054 3228 1311 3294 insignes
1352 3225 1793 3298 praecipuosque
1835 3225 2009 3291 viros,
2053 3226 2111 3278 in

467 3323 654 3377 locum
718 3319 816 3390 qui
876 3317 1320 3389 Hyppodromus
1379 3315 1612 3380 dicitur,
1663 3313 1880 3369 recludi
1922 3314 2108 3383 jubet.

465 3422 610 3473 Tum
645 3415 877 3470 Solome
907 3413 988 3485 (1)
1020 3427 1215 3467 sorore
1261 3423 1316 3466 et
1347 3409 1522 3464 Alexa
1551 3409 1674 3463 viro
1705 3409 1834 3478 ejus
1865 3408 2062 3464 accitis
2095 3426 2108 3463 :

465 3505 615 3572 Scio,
650 3504 858 3575 inquit,
899 3502 1128 3558 Judaaos
1161 3504 1395 3570 propter
1427 3503 1668 3552 mortem
1707 3513 1892 3552 meam
1938 3497 2111 3550 festos

465 3611 568 3666 per
601 3593 856 3648 lmtiliam
903 3595 1134 3646 acturos
1183 3590 1329 3644 dies.
1363 3588 1476 3658 Ego
1507 3592 1698 3641 autem
1735 3602 1832 3656 per
1863 3585 2107 3640 aliorum

469 3686 692 3740 luctum
725 3679 1093 3749 complorari,
1125 3685 1183 3734 et
1208 3677 1544 3750 splendidas
1575 3677 1784 3730 habere
1807 3675 2108 3746 exsequias

465 3788 727 3845 passum,
763 3771 811 3826 si
841 3787 942 3826 vos
971 3769 1152 3840 jussis
1185 3767 1330 3823 meis
1361 3771 1418 3821 et
1449 3766 1622 3821 dictis
1652 3765 1952 3820 audientes
1981 3779 2108 3819 esse

467 3862 689 3920 voletis.
749 3860 910 3915 Viros
956 3859 1131 3914 hosce
1177 3857 1274 3928 qui
1322 3857 1380 3912 in
1425 3854 1753 3911 custodiam
1806 3857 1943 3908 sunt
1981 3869 2108 3907 con-

447 3953 612 4026 jecli,
646 3949 818 4006 simul
864 3953 1040 4020 atque
1069 3947 1458 4020 exspiravero,
1500 3944 1870 4000 circumfusis
1902 3943 2103 3999 militi-

452 4045 588 4111 bus,
621 4038 920 4096 celerrime
965 4037 1380 4105 cnntrucidale,
1411 4035 1512 4091 82
1567 4040 1631 4090 ut
1669 4037 1876 4088 cuncta
1899 4033 2104 4088 Judesa

454 4134 797 4200 cunctaeque
847 4125 1076 4182 familiae
1123 4127 1182 4180 in
1234 4127 1436 4180 funere
1465 4140 1594 4178 meo
1627 4123 2036 4195 lacrymentur.
2070 4146 2100 4174 »

447 4219 520 4275 Et
550 4223 684 4291 post
731 4231 912 4288 pauca
941 4216 1118 4270 verba
1165 4215 1316 4268 idem
1378 4213 1692 4266 historicus
1722 4211 1805 4266 ait
1839 4229 1852 4267 :
1886 4233 1914 4261 «
1951 4211 2098 4268 Rur-

2225 3053 2282 3107 ὀὶν
2319 3053 2474 3125 ὑμεῖς
2525 3051 2794 3124 θελήσητε
2841 3057 2959 3114 ταῖς
2999 3052 3155 3122 ἐμαῖς
3204 3050 3450 3114 ἐντολαῖς
3500 3053 3862 3127 ὑποκργῇσαι.

2220 3139 2424 3198 Τούσδε
2452 3161 2578 3204 τοος
2611 3139 3048 3222 φρουρουμένους
3080 3138 3296 3216 ἄνδρας,
3327 3139 3540 3197 ἐπειδὰν
3587 3140 3865 3195 ἐκπνεύσω

2218 3231 2452 3305 τάχιστα
2508 3233 2774 3300 κτείνατε,
2832 3233 3252 3306 περιστήσαντες
3305 3230 3432 3292 τοὺς
3507 3231 3864 3305 στρατιώτας,

2213 3316 2305 3373 ’ἱνα
2335 3325 2477 3373 πᾶσα
2507 3321 2542 3388 ἡ
2579 3317 2812 3374 Ἰουδαία
2860 3320 2946 3374 καὶ
2989 3325 3093 3381 πᾶς
3136 3323 3287 3380 οἶκος
3328 3317 3409 3374 ἐπ’
3451 3318 3547 3393 ἐμὲ
3595 3315 3858 3394 δακρύσῃ.

2221 3409 2318 3462 Καὶ
2362 3408 2496 3479 μετᾶ
2543 3408 2753 3482 βραχέα
2802 3407 3004 3485 φησίν·
3057 3407 3220 3470 Αὖθις
3263 3406 3338 3476 δὲ,
3391 3408 3482 3463 καὶ
3532 3408 3635 3483 γὰρ
3687 3405 3862 3477 ἐνδείᾳ

2218 3504 2426 3574 τροφῆς
2467 3498 2554 3550 καὶ
2610 3497 2750 3574 βηχὶ
2799 3495 3118 3568 σπασμώδει
3168 3495 3474 3562 διετείνετο,
3517 3503 3625 3552 τῶν
3677 3495 3859 3570 ἀλγη-

2218 3583 2387 3641 δόνων
2423 3587 2721 3656 αἱσθηθείς,
2763 3586 2960 3659 φθάσαι
2997 3588 3098 3655 τήν
3151 3587 3486 3660 εἱμαρμένην
3537 3582 3855 3642 ἐπεϐάλετο.

2214 3671 2410 3730 Λαϐὼν
2454 3673 2510 3730 δὲ
2562 3673 2740 3748 μῆλον
2775 3671 2947 3749 ᾔτησε
2993 3677 3081 3729 καὶ
3137 3676 3470 3750 μαχαίριον·
3521 3675 3700 3730 εἰώθει
3755 3676 3852 3752 γὰρ

2215 3764 2540 3837 ἀποτέμνων
2598 3763 2786 3819 ἐσθίειν
2823 3783 2839 3800 ·
2891 3762 3073 3819 ἔπειτα
3120 3767 3518 3838 περιαθμήσας,
3573 3768 3648 3838 μή
3697 3786 3784 3826 τις
3827 3765 3852 3818 ὁ

2211 3853 2476 3909 κωλύσων
2533 3851 2692 3908 αὐτὸν
2749 3851 2857 3922 εἷή,
2911 3851 3080 3927 ἐπῆρε
3123 3855 3224 3922 τήν
3275 3851 3449 3923 δεξιὰν
3507 3854 3581 3916 ὡς
3632 3852 3851 3926 πλήξων

2211 3943 2397 3998 ἑαυτόν
2430 3988 2443 4000 .
2483 3967 2503 3993 ιι
2538 3942 2659 3998 Ἐπὶ
2713 3939 2770 3996 δὲ
2810 3941 3028 4004 τούτοις
3061 3943 3090 3997 ὁ
3118 3941 3282 4004 αὐτὸς
3323 3941 3658 4018 συγγραφεὺς
3707 3946 3852 3998 ἱστο-

2211 4037 2315 4108 ρεῖ,
2376 4029 2557 4106 ἕτερον
2618 4031 2782 4086 αὐτοῦ
2829 4034 3050 4108 γνήσιον
3103 4030 3269 4086 παῖδα
3321 4033 3426 4107 πρὸ
3467 4039 3568 4102 τῆς
3613 4031 3849 4107 ἐσχάτης

2207 4128 2305 4178 τοῦ
2341 4121 2464 4197 βίου
2505 4120 2767 4190 τελευτῆς
2815 4121 2996 4195 τρίτον
3047 4121 3132 4176 ἐπὶ
3185 4118 3333 4176 δυσὶν
3383 4119 3491 4191 ἤδη
3539 4143 3850 4197 προανῃρη-

2214 4211 2402 4286 μὲνοις
2441 4209 2512 4265 δι’
2551 4210 2806 4286 ἐπιταγῆς
2853 4210 3131 4280 ἀνελόντα,
3180 4212 3523 4284 παραχρῆμα
3560 4213 3660 4280 τήν
3711 4213 3851 4280 ζωήν

447 4289 577 4364 sum
606 4323 740 4362 vero
771 4322 902 4361 cum
933 4303 1124 4359 inedia
1167 4303 1430 4373 iussique
1477 4299 1813 4356 convulsiva
1843 4301 2085 4358 distine-

2221 4303 2265 4356 νύ
2303 4303 2436 4372 μετά
2468 4305 2712 4373 σμικρῶν
2743 4297 3049 4374 ἀποῤῥῆξαι
3078 4304 3186 4354 τῶν
3219 4297 3560 4374 ἀλγηδόνων.

446 4400 633 4462 retur,
691 4393 956 4450 dolorum
1015 4392 1349 4463 impatiens,
1411 4388 1642 4444 fatalem
1703 4393 1948 4444 mortem
2009 4393 2320 4461 praevenire
2375 4391 2598 4457 statuit,
2667 4397 3020 4460 acceptoque
3075 4393 3250 4454 malo,
3309 4387 3562 4446 cultrum
3621 4407 3852 4461 quoque

447 4485 765 4559 p0poscit;
825 4485 1202 4540 consueverat
1259 4479 1411 4536 enim
1471 4495 1537 4534 eo
1597 4495 1697 4550 per
1753 4479 2133 4534 resectionem
2195 4485 2456 4551 purgato,
2500 4480 2670 4534 vesci.
2737 4479 2950 4533 Deinde
3017 4477 3513 4550 circumspiciens,
3573 4496 3644 4534 ne
3699 4482 3850 4550 quis,

449 4575 550 4650 qui
581 4591 714 4632 eum
767 4572 1074 4636 inhiberet,
1124 4571 1370 4636 adesset,
1423 4570 1684 4624 dextram
1742 4569 2001 4637 sustulit,
2059 4577 2330 4641 tauquam
2390 4570 2640 4639 seipsum
2705 4585 3175 4639 percussurus.»
3225 4569 3468 4638 Insuper
3515 4569 3671 4623 idem
3699 4569 3852 4625 Jose-

443 4665 598 4738 phus
655 4665 945 4720 memorias
995 4661 1310 4725 mandavit,
1354 4675 1488 4714 cum
1539 4657 1708 4730 paulo
1757 4663 1891 4714 ante
1941 4665 2184 4714 mortem
2229 4660 2490 4715 nativum
2537 4674 2993 4732 germanamque
3041 4659 3230 4713 ﬁlium
3287 4659 3410 4727 jam
3474 4659 3708 4713 tertium
3757 4659 3850 4729 (2),

444 4755 594 4825 quod
640 4757 810 4810 antea
851 4753 999 4808 duos
1043 4767 1144 4824 per
1187 4750 1400 4806 caedem
1443 4747 1780 4816 sustulerat,
1828 4748 2014 4804 necari
2037 4747 2342 4819 jussisset,
2391 4764 2519 4803 eum
2578 4749 2884 4805 confestim
2948 4749 3123 4803 vitam
3189 4764 3327 4803 cum
3393 4763 3603 4818 magno
3662 4749 3852 4804 dolore

445 4850 504 4902 et
531 4843 794 4900 cruciatu
827 4841 1072 4898 finiise.

2194 5063 2405 5134 jeclos,
2439 5063 2646 5119 deinde
2680 5063 3017 5119 innocentes
3047 5063 3258 5134 laqueo
3291 5062 3489 5119 necari
3514 5061 3723 5132 jussit.

2272 5134 2352 5206 (2)
2405 5134 2534 5207 Fuit
2580 5136 2630 5190 is
2678 5134 3003 5206 Antipater,
3053 5151 3228 5207 quem
3291 5136 3341 5191 ei
3394 5135 3589 5190 adhuc
3631 5135 3846 5207 privato

2204 5205 2375 5262 Dosis
2399 5206 2608 5276 coniux
2631 5205 2932 5279 genuerat.

517 5067 598 5138 (t)
629 5067 855 5122 Salome
887 5063 1127 5138 Herodis
1159 5064 1312 5138 regis
1342 5080 1528 5128 soror,
1555 5063 1912 5138 Mariammaa
1932 5062 2092 5138 ﬁlios

441 5135 836 5195 Alexandrum
883 5143 942 5193 et
983 5135 1407 5206 Aristobulum,
1457 5135 1756 5206 parricidii
1797 5136 1946 5206 apud
1980 5135 2094 5192 fra-

443 5216 588 5267 trem
621 5210 914 5266 accusavit
947 5225 960 5264 :
993 5224 1140 5281 quos
1171 5205 1269 5264 ille
1309 5205 1568 5280 primum
1608 5207 1666 5262 in
1699 5205 1923 5264 vincula
1951 5223 2090 5264 con-
