4100 6218
222 342 354 408 681

853 479 1114 532 ΚΕΦΔΛ.
1155 476 1281 550 ις’.

225 583 1009 658 Περὶᾼτᾼῆςτετραρχίας
1065 587 1200 658 risv
1229 581 1502 658 _1tai6mv
1561 582 1888 658 Ἠλρώδουο

305 653 420 746 καὶ
460 654 543 715 ὡς
575 653 1106 747 ’βρχελᾶὂυὶτῆς
1147 653 1324 738 ἰδίας
1361 653 1727 747 τετραχίας
1767 659 1892 747 τῶν

307 723 816 817 ἓξεροσολύιῖων
875 723 1208 817 πρὸς..τοῦ
1267 723 1896 817 Κηαίῇσαροςῖᾶπειλα-

311 793 883 871 θέντος,Πό’ντιος
923 793 1224 871 Πιλᾷτος
1257 803 1346 871 τῷ
1375 793 1729 871 δωδεκάτῳ
1760 793 1894 871 ἔτει

308 876 422 938 τῆς
459 865 773 946 Τιὸεριου
810 869 1030 946 ᾄιρχῆς
1083 865 1405 946 διάδοχος
1459 876 1577 940 τῆς
1635 865 1895 926 ἐκείνου

307 942 728 1017 τετραρχίας
765 941 1047 1018 γίνεται.

309 1063 384 1118 Τὸ
420 1065 516 1138 μὲν
549 1062 641 1118 οὖν
679 1065 847 1140 πέρας
887 1071 989 1134 τῆς
1036 1063 1286 1140 Ἡρώδου
1331 1066 1590 1136 τελευτῆς
1621 1069 1894 1136 τοιοῦτον,

225 1153 443 1222 ποινὴν
504 1151 716 1209 δικαίαν
773 1151 1080 1217 ἐκτίνοντος
1131 1161 1234 1224 τῆς
1289 1155 1388 1210 τοδ
1447 1159 1711 1229 Σωτῆρος
1771 1154 1898 1210 ἐπι-

225 1237 452 1312 ϐουλῆς
475 1264 489 1278 ο
524 1241 593 1298 δι’
623 1244 686 1313 ἣν
713 1245 803 1299 καὶ
833 1245 933 1315 τήν
989 1242 1042 1300 ἒν
1101 1244 1355 1318 Βηθλεὲμ
1383 1245 1636 1301 νεολαίαν
1670 1246 1894 1316 ἀπηνῶς

225 1329 523 1404 ἐξεθέρισε.
555 1334 756 1387 Τοῦτον
805 1329 863 1386 δὲ
895 1331 1195 1408 Ἀρχέλαο,
1228 1334 1257 1388 6
1306 1339 1434 1396 παῖς
1483 1331 1791 1408 διαδέχεται
1815 1344 1830 1366 ⁸
1863 1333 1894 1387 '6

227 1418 302 1487 δὴ
353 1419 452 1475 καὶ
497 1421 526 1474 6
567 1419 957 1496 εύαγγελιστής
985 1443 1171 1500 φησιν,
1203 1423 1521 1484 Ἀκούσας
1574 1420 1663 1490 δὲ,
1699 1421 1895 1498 λέγων,

225 1507 256 1561 6
289 1507 546 1583 Ἰωσὴφ
587 1507 688 1562 ὅτι
730 1508 1090 1584 Ἀρχέλιος
1133 1509 1482 1584 βασιλεύει
1521 1509 1665 1564 ἀντὶ
1705 1510 1896 1582 Ἡρώ-

225 1592 350 1650 δου
389 1601 513 1651 τοῦ
555 1595 802 1672 πατρὸς
842 1597 1361 1674 αύτοῦ.Ἔναγχος
1385 1599 1486 1674 γὰρ
1515 1598 1891 1670 τῆςτελευτῆς

225 1687 564 1761 γενομένης,
596 1685 750 1743 οὕπω
780 1686 858 1752 εἷς
905 1689 1080 1764 ἀρχὰς
1127 1687 1344 1750 πολλὰς
1386 1691 1420 1758 ἡ
1479 1687 1726 1763 βασιλεία
1769 1685 1895 1762 διῄ-

229 1795 401 1853 ρητο.
437 1772 668 1847 Συνᾴδει
723 1773 782 1831 δὲ
829 1781 911 1848 τῷ
979 1777 1128 1852 λόγῳ
1169 1777 1261 1832 καὶ
1301 1779 1329 1832 6
1377 1776 1710 1852 προῤῥηθεὶς
1757 1797 1895 1851 συγ-

1267 340 1902 405 ECCLESIASTICIE
1942 337 2333 402 HISTORIIE
2373 337 2524 398 LIB.
2573 335 2621 397 Ι.

1919 479 1974 546 Α

3535 333 3656 398 682

2623 471 2858 529 CAPUT
2886 472 3007 528 XVI
3019 513 3033 528 .

2010 583 2099 638 De
2147 581 2412 638 tetrachia
2461 581 2704 652 ﬁliorum
2753 581 2981 638 Herodis
3012 599 3030 635 :
3060 588 3115 637 et
3160 585 3220 638 ut
3265 581 3532 639 Archelao
3587 599 3658 639 ex

2081 653 2584 724 Hierosolymorum
2629 655 2925 709 tetrarchia
2953 672 2987 708 a
3018 653 3234 711 (lasere
3265 654 3484 719 deiecto.
3515 655 3656 710 Por-

2081 728 2192 780 tius
2235 724 2448 798 Pilatus
2494 725 2832 798 duodecimo
2855 742 3002 781 anno
3032 725 3260 798 imperii
3291 727 3495 783 Tiberii
3537 741 3660 782 sue-

2079 812 2255 852 cessor
2283 797 2348 852 in
2375 795 2540 852 illius
2569 795 2868 853 tetrarchia
2893 799 3076 868 factus
3102 795 3200 854 sit.

2002 1098 2009 1106 -
2081 1063 2185 1120 Hic
2215 1063 2393 1136 igitur
2422 1062 2664 1119 Herodis
2695 1061 2887 1119 obitus
2918 1063 3048 1132 fuit,
3069 1066 3290 1131 justam
3323 1079 3554 1135 poenam
3583 1065 3655 1120 ab

2010 1168 2076 1208 eo
2107 1153 2474 1210 sumsntibus
2503 1153 2600 1222 iis,
2631 1169 2774 1224 quas
2814 1152 3105 1209 Servatori
3135 1153 3481 1220 tetenderat,
3511 1153 3653 1209 insi-

2012 1241 2126 1296 diis
2160 1258 2176 1296 :
2208 1257 2311 1313 per
2356 1257 2503 1313 quas
2547 1241 2608 1297 in
2647 1241 2982 1297 Bethlebem
3015 1257 3228 1297 novum
3261 1241 3653 1298 innocentium

2010 1329 2302 1385 infantum
2335 1347 2576 1387 examen
2627 1329 3026 1386 crudelissime
3067 1329 3342 1387 concidit.
3375 1330 3521 1387 Huic
3551 1347 3658 1388 au-

2009 1423 2122 1474 tem
2149 1419 2462 1476 Archelaus
2489 1421 2571 1493 (1)
2600 1419 2880 1476 successit
2915 1419 3094 1488 ﬁlius,
3127 1421 3282 1491 quod
3321 1420 3448 1494 ipse
3477 1421 3654 1476 etiam

2009 1508 2359 1580 evangelista
2407 1509 2568 1580 dicit,
2605 1525 2735 1564 cum
2785 1509 2978 1580 inquit
3011 1525 3024 1564 :
3057 1509 3302 1565 Audiens
3347 1513 3532 1566 autem
3558 1511 3658 1567 Jo-

2007 1598 2156 1669 seph,
2187 1597 2333 1670 quod
2362 1599 2655 1655 Archelaus
2680 1613 2785 1671 pro
2821 1597 3026 1655 Herode
3052 1607 3210 1670 patre
3248 1599 3428 1671 ipsius
3455 1615 3656 1671 regna-

2009 1691 2110 1756 ret,
2141 1693 2251 1744 etc.
2284 1689 2450 1754 Quod
2495 1688 2650 1744 enim
2701 1703 2891 1760 nuper
2931 1689 3247 1744 admodum
3279 1689 3375 1745 ille
3403 1693 3652 1746 mortem

2010 1774 2270 1842 obiisset,
2295 1776 2558 1832 nondum
2591 1776 2651 1831 in
2683 1776 2881 1848 plures
2909 1777 3158 1833 ditiones
3186 1793 3432 1848 regnum
3465 1779 3654 1834 fuerat

230 1865 518 1941 γραφεύς·
555 1865 646 1920 Ἐκ
689 1861 964 1936 διαθηκῶν
1011 1864 1262 1940 Ἡρώδου
1309 1871 1409 1922 τοῦ
1450 1874 1675 1942 πατρὸς,
1719 1867 1890 1942 κρίσει

2009 1863 2273 1921 divisum.
2300 1867 2600 1922 Consentit
2622 1882 2753 1922 vero
2784 1883 2918 1922 cum
2951 1867 3041 1922 his
3073 1867 3248 1923 etiam
3279 1883 3447 1936 quem
3481 1873 3653 1923 antes

225 1975 287 2012 τε
341 1953 662 2029 Αὐγούστου
717 1958 814 2010 τοῦ
869 1954 1161 2030 Καίσαρος,
1195 1954 1388 2032 λέγων,
1447 1957 1547 2026 τήν
1601 1961 1713 2011 τῶν
1765 1957 1897 2012 Ἰου-

228 2039 410 2098 δαίων
481 2041 758 2118 βασιλείαν
813 2041 1200 2117 κληρώσασθαι
1257 2045 1349 2100 τὸν
1399 2042 1726 2120 ’Δρχὲλαον,
1767 2045 1894 2108 τοὺς

233 2128 282 2186 δ’
313 2129 596 2206 ἀδελφοὺς
646 2133 819 2186 αὐτοῦ
865 2131 1199 2208 τριτημόριά
1253 2153 1362 2188 που
1397 2130 1620 2189 ἕκαστον
1665 2139 1767 2203 τῆς
1795 2153 1896 2188 πα-

227 2227 440 2295 τρικῆς
471 2221 651 2295 ἀρχῆς
689 2225 866 2296 σχεῖν.
903 2223 1002 2276 Καὶ
1033 2223 1085 2276 οἱ
1119 2223 1215 2294 μὲν
1245 2224 1340 2285 τὰς
1373 2227 1520 2300 σφῶν
1567 2223 1895 2299 τετραρχίας

231 2307 455 2365 διεῖπον
511 2307 776 2374 ἕκαστος·
812 2311 840 2364 6
896 2309 940 2366 δ’
968 2311 1258 2390 Δρχέλαος
1319 2314 1454 2384 μετὰ
1501 2310 1714 2382 ἔνναετῆ
1761 2314 1893 2392 χρό-

227 2419 323 2453 νον
360 2405 467 2467 τῆς
516 2397 698 2472 ἀρχῆς
755 2399 1224 2475 ἀποσφαιρισθεὶς,
1252 2401 1348 2455 τὸν
1395 2401 1621 2456 Πόντιον
1651 2399 1888 2456 Πιλᾶτον

227 2485 322 2542 ἰπὶ
371 2489 446 2562 τῇ
496 2487 666 2542 αὐτοῦ
711 2489 1012 2566 τετραρχίᾳ
1055 2483 1184 2566 ἔσχε
1214 2486 1504 2564 διάδοχον,
1533 2492 1674 2544 κατά
1701 2491 1763 2545 τὸ
1791 2487 1893 2544 δω-

226 2575 464 2632 δέκατον
511 2571 629 2639 ἔτος
681 2583 781 2646 τῆς
840 2573 1087 2652 Τιϐερίου
1133 2577 1354 2652 ἀρχῆςο
1399 2579 1474 2640 ὡς
1517 2580 1545 2633 6
1591 2577 1750 2641 αὐτὸς
1798 2580 1890 2634 καὶ

224 2671 405 2723 τοῦτο
445 2661 722 2734 ὑποδηλοῖ
750 2666 1104 2744 συγγραφεὺς,
1139 2689 1163 2720 ι
1207 2665 1507 2740 Δωδεκάτῳ
1537 2666 1765 2739 ἐνιαυτῷ
1791 2672 1894 2734 τῆς

224 2751 494 2830 Τιϐερίου
554 2756 854 2831 βασιλείας,
889 2754 1412 2832 λέγων,ὶπίτροπος
1467 2759 1565 2829 τῆς
1623 2755 1890 2819 Ἰουδαίας

223 2847 556 2902 καθίσταται
615 2844 876 2911 Πιλᾶτος,
934 2847 1096 2924 φίλος
1174 2847 1324 2919 αύτῷ
1391 2848 1479 2902 καὶ
1531 2849 1768 2918 συνήθης
1813 2845 1887 2900 ὢν

223 2934 276 2991 ἐν
334 2941 460 2998 τοῖς
519 2933 775 3008 μάλιστα.
830 2937 942 3012 Ἐφ’
993 2933 1150 2998 δλοις
1203 2957 1262 2991 τε
1307 2933 1435 2991 δέκα
1476 2931 1616 2992 ἔτεσι
1663 2957 1732 3011 τῃ
1778 2934 1890 2992 ἐπι-

220 3029 418 3099 τροπῇ
469 3029 824 3098 παραμεῖναι,
853 3024 944 3078 καὶ
1003 3023 1056 3084 ἐς
1110 3023 1277 3094 άύτήν
1347 3022 1545 3101 σχεδὸν
1599 3029 1696 3080 τοῦ
1736 3019 1889 3080 Τιϐε-

225 3113 356 3190 ρίου
383 3115 488 3182 τήν
515 3112 773 3182 τελευτήν
798 3132 811 3145 ⁸
849 3136 878 3164 ››
911 3113 984 3173 ὡς
1016 3112 1254 3168 ἐντεῦθεν
1287 3112 1516 3188 πλάσμα
1558 3114 1688 3169 εἶναι
1733 3114 1885 3168 συνά-

223 3205 425 3277 γεσθαι
480 3202 549 3257 τὰ
601 3201 738 3256 κατὰ
787 3206 884 3256 τοῦ
943 3208 1206 3278 Σωτῆρος
1264 3205 1428 3276 ἡμῶν
1489 3204 1880 3276 ὑπομνήματα,

222 3291 435 3366 ὕστερά
479 3311 586 3346 που
645 3289 843 3362 πολλῷ
895 3296 976 3364 τῷ
1039 3292 1229 3368 χρόνῳ
1285 3293 1661 3370 γεγενημένα·
1709 3295 1799 3348 καὶ
1853 3295 1882 3350 ὁ

221 3382 438 3458 χρόνος
494 3381 600 3455 πρό
655 3400 803 3442 τινος
859 3379 1038 3437 ἄλλου
1095 3381 1171 3444 εἷς
1226 3379 1458 3458 ἔλεγχον
1511 3386 1608 3438 τοῦ
1655 3380 1884 3457 ψεύδους

226 3472 555 3527 καθίσταται
580 3486 596 3501 ⁸
627 3471 752 3544 περί
800 3489 907 3525 που
949 3472 1051 3546 γὰρ
1098 3471 1162 3526 τὸ
1207 3466 1448 3545 ἕϐδομον
1489 3468 1610 3532 ἔτος
1651 3479 1753 3542 τῆς
1801 3479 1890 3528 Τι-

2008 1954 2438 2010 nominavimus
2483 1955 2749 2027 scriptor,
2782 1971 2851 2010 ex
2899 1959 3242 2011 testamento
3274 1955 3518 2013 Herodis
3545 1973 3650 2027 pa-

2004 2043 2132 2108 tris,
2162 2046 2220 2099 et
2257 2043 2484 2112 judicio
2535 2043 2777 2113 Augusti
2807 2043 3072 2111 Cesaris,
3101 2043 3397 2116 inquiens,
3427 2044 3652 2102 Judaeo-

2005 2148 2134 2189 rum
2163 2149 2411 2206 regnum
2445 2133 2786 2190 Archelaum
2829 2141 3202 2192 consecutum
3233 2153 3409 2192 esse:
3443 2135 3652 2194 fratres

2005 2228 2200 2278 autem
2230 2227 2361 2294 ejus
2393 2224 2658 2278 trientem
2689 2239 2983 2295 quemque
3009 2223 3212 2296 reliqui
3238 2226 3462 2298 paterni
3488 2225 3651 2298 regni

2003 2312 2344 2369 obtinuisse.
2376 2315 2566 2384 Atque
2611 2314 2698 2369 illi
2741 2330 2880 2370 suas
2929 2315 3163 2382 quidem
3194 2315 3439 2388 quisque
3467 2313 3650 2370 admi-

2004 2401 2326 2457 nistrarunt
2397 2401 2768 2462 tetrarchias.
2847 2401 3164 2459 Archelaus
3235 2408 3425 2460 autem
3495 2420 3646 2460 nono

2003 2494 2202 2546 exacto
2251 2506 2428 2556 anno,
2461 2506 2638 2562 regno
2683 2491 2890 2562 pulsus
2937 2491 3038 2564 (2).
3071 2491 3339 2548 Pontium
3390 2493 3646 2549 Pilatum

2003 2578 2060 2632 in
2092 2579 2402 2635 tetrarchia
2432 2595 2541 2634 sua
2568 2595 2960 2635 successorem
2985 2579 3208 2649 habuit,
3234 2581 3644 2638 duodecimum

1999 2665 2321 2738 imperante
2348 2667 2578 2724 Tiberio
2598 2683 2842 2736 annum,
2865 2676 2923 2722 ut
2945 2669 3200 2740 idipsum
3223 2669 3374 2726 idem
3398 2671 3648 2742 scriptor

2001 2757 2353 2825 subindicat,
2385 2779 2415 2808 ιι
2473 2757 2825 2814 Duodecimo
2873 2757 3088 2813 Tiberii
3135 2774 3310 2826 anno,
3359 2757 3642 2832 inquiens,

2001 2850 2342 2919 procurator
2389 2846 2606 2903 Judasa
2649 2847 3002 2902 constitutus
3031 2856 3119 2903 est
3147 2847 3384 2916 Pilatus,
3417 2848 3645 2906 Tiberio

2000 2953 2176 3008 quam
2223 2937 2477 2992 maxime
2525 2936 2752 2993 amicus
2790 2941 2966 3009 atque
2996 2935 3300 2994 familiaris
3334 2953 3348 2993 :
3380 2941 3646 3012 totosque
3711 2927 3716 2933 ’

1997 3042 2178 3080 annos
2221 3026 2421 3082 decem
2465 3025 2932 3096 procurationem
2962 3041 3112 3091 eam,
3143 3027 3217 3083 ad
3244 3027 3438 3096 ipsum
3469 3045 3646 3100 prope

1998 3116 2212 3172 Tiberii
2261 3116 2512 3184 obitum,
2545 3116 2816 3170 obtinuit.
2850 3137 2879 3167 »
2923 3113 3040 3173 83
3083 3116 3158 3172 Ut
3206 3117 3342 3172 inde
3375 3117 3540 3174 facile
3570 3117 3646 3174 sit

1996 3205 2287 3278 colligere,
2322 3205 2666 3278 ﬁgmentum
2693 3221 2839 3272 esse,
2870 3221 2998 3277 quas
3029 3205 3100 3261 de
3128 3206 3274 3262 actis
3307 3223 3646 3264 monumen-

1994 3299 2185 3366 tisque
2242 3294 2410 3350 Pilati
2467 3301 2670 3352 contra
2734 3295 3095 3352 Servatorem
3153 3301 3417 3352 nostrum
3475 3296 3645 3353 editis

1995 3390 2134 3442 sunt
2181 3385 2398 3455 jactata
2436 3385 2518 3458 (3)
2549 3401 2564 3439 :
2599 3388 2802 3457 utpote
2851 3401 2985 3441 cum
3037 3401 3104 3442 ea
3153 3385 3324 3457 longo
3383 3391 3644 3456 tempore

1995 3473 2315 3545 posteriora
2342 3472 2725 3544 reperiantur,
2756 3476 3110 3544 tempusque
3139 3472 3334 3543 ipsum
3367 3478 3501 3530 ante
3530 3473 3644 3532 alia

227 3555 428 3635 ϐερίου
464 3560 646 3634 ἀρχῆς
674 3557 741 3613 τᾶ
768 3559 906 3614 κατὰ
941 3560 1212 3630 σωτήριον
1251 3558 1600 3632 τολμηθέντα
1641 3558 1889 3636 περιέχει

2009 3563 2281 3635 ᾳτεεοίριιθ
2312 3561 2684 3617 mendacium
2715 3562 3044 3632 redarguat.
3078 3562 3377 3634 Siquidem
3408 3579 3476 3619 ea
3514 3563 3644 3635 ipsa

228 3651 414 3710 πάθος
447 3645 623 3702 ἐκεῖνα
645 3666 662 3680 ο
693 3649 813 3702 καθ’
844 3647 902 3702 ὃν
933 3649 1120 3722 καιρὸν
1149 3649 1306 3704 οὕπω
1353 3649 1589 3712 Πιλᾶτος
1639 3654 1708 3724 τῇ
1745 3652 1887 3705 Ἰου-

1992 3658 2121 3706 acta
2161 3656 2220 3707 et
2268 3656 2653 3708 monumenta
2696 3649 3010 3706 salutarem
3061 3651 3390 3722 passionem
3439 3655 3497 3706 et
3539 3668 3644 3708 ne-

218 3736 356 3810 δαίᾳ
404 3737 624 3806 ἐπέστη,
655 3737 730 3798 ὡς
780 3737 810 3790 6
855 3733 1128 3808 δηλωθεὶς
1161 3738 1428 3808 Ἰώσηπος
1477 3739 1702 3810 ἷότορεῖ,
1751 3739 1887 3794 κατά

2009 3757 2138 3808 :em,
2195 3756 2322 3812 quae
2367 3739 2675 3796 temerario
2726 3755 2873 3795 ausu
2931 3739 3162 3796 Christo
3211 3743 3297 3794 est
3347 3737 3529 3807 illata,
3575 3739 3638 3794 in

225 3829 287 3884 τὸ
353 3823 658 3882 δωδέκατον
719 3825 1002 3896 ἐπιστῆναι
1061 3830 1253 3882 τοῦτον
1305 3831 1374 3901 τῇ
1424 3825 1658 3900 Ἰουδαίᾳ
1701 3832 1884 3906 σαφῶς

222 3919 535 3990 παριστῶν.
571 3914 672 3970 Καὶ
702 3914 827 3986 περὶ
861 3915 956 3988 μὲν
985 3914 1194 3970 τούτων
1227 3914 1420 3978 οὕτως.

1988 3830 2300 3899 septimum
2361 3828 2706 3900 imperantis
2761 3826 2975 3883 Tiberii
3035 3845 3257 3883 annum
3317 3829 3636 3884 referunt:

1990 3936 2106 3991 quo
2153 3923 2410 3989 tempore
2461 3917 2718 3974 nondum
2767 3917 2985 3972 Pilatus
3029 3915 3245 3973 Judasaa
3295 3917 3544 3988 praefuit,
3577 3923 3644 3974 ut

219 4007 525 4080 Josephus
566 4005 694 4078 ipse
737 4007 964 4073 cribit,
995 4007 1338 4065 duodecimo
1377 4009 1598 4064 scilicet
1627 4011 1862 4066 demum
1891 4026 2044 4065 anno
2075 4025 2208 4066 eum
2239 4008 2454 4064 Judoaaa
2483 4007 2820 4080 prefectum
2851 4023 2980 4064 esse
3012 4013 3211 4080 aperte
3237 4011 3531 4064 astruens.
3562 4009 3642 4065 Ac

228 4101 304 4156 de
340 4098 434 4153 his
463 4096 586 4152 haec
615 4097 702 4153 sic
730 4097 890 4152 dicta
921 4097 1064 4154 sint.

859 4228 1114 4281 ΚΕΦΔΛ.
1157 4225 1252 4280 IZ'.

2597 4224 2828 4282 CAPUT
2855 4225 3028 4282 XVII.

230 4328 402 4404 Περὶ
440 4326 556 4407 τῆς
590 4327 1084 4407 τελευτῆς-τοῦ
1122 4329 1454 4407 Καίσαρος
1494 4329 1884 4407 ᾼύγού-στου

2009 4335 2066 4390 De
2110 4333 2265 4388 obitu
2300 4333 2545 4407 Augusti
2594 4331 2822 4388 Czsaris
2859 4337 2910 4388 et
2939 4349 3057 4404 quas
3085 4333 3184 4388 sub
3213 4348 3272 4388 eo
3302 4331 3643 4407 acciderint;

302 4399 419 4456 κάι
456 4403 582 4478 τῷν
618 4399 951 4478 ἐπ’-αύτῌοῦ
986 4399 1396 4478 γένο-μένωλφ
1430 4403 1538 4478 καὶ
1577 4399 1882 4478 περὶῄτοῦ

303 4472 642 4549 προχόνου
672 4471 888 4549 ,αὐτοῦ
924 4469 1240 4549 Τιβερίου
1277 4475 1394 4544 τὴν
1426 4475 1643 4549 ἀρχὴν
1668 4469 1884 4549 ἀύτοῦ

305 4539 808 4634 διαδεξαμένου
849 4563 864 4576 ·
917 4546 1027 4600 καὶ
1083 4539 1234 4620 περὶ
1300 4539 1426 4601 τξῖιν
1478 4539 1635 4601 ’κατ’
1694 4546 1884 4602 αὐτὸν

310 4634 562 4690 μερικη
605 4634 955 4691 οιηγησις.

304 4743 512 4814 Καῖσαρ
563 4737 619 4794 δὲ
666 4736 941 4814 Δόγυστος
997 4738 1278 4804 πλείστοις
1334 4743 1723 4818 κατορθώμασι
1793 4743 1884 4817 μέο

227 4848 333 4905 γας
403 4827 712 4903 γενόμενος,
772 4830 864 4884 καὶ
935 4831 1218 4910 μόναρχος
1286 4835 1506 4906 πρῶτος
1575 4831 1884 4909 ἀναῤῥηθεῖ,

230 4914 348 4987 ἤδη
394 4915 452 4972 δὲ
505 4917 596 4972 καὶ
655 4921 736 4990 τῷ
790 4918 978 4994 χρόνῳ
1023 4923 1302 4995 προήκων,
1335 4917 1556 4976 Πυθῶδε
1603 4920 1890 4998 παραγίνε-

231 5027 346 5062 ται.
375 5003 720 5082 Ἑκατόμϐην
765 5005 824 5064 δὲ
877 5013 958 5081 τῷ
1015 5007 1230 5083 δαίμονι
1289 5008 1470 5080 θύσας,
1518 5007 1887 5065 διεπυνθάνετο

229 5097 324 5158 τίς
381 5092 449 5164 δή
513 5098 628 5168 μετ’
678 5097 840 5152 αὐτὸν
898 5095 1025 5161 τοὺς
1082 5099 1424 5172 Ῥωμαϊκοὺς
1475 5098 1668 5170 ἄξονας
1721 5096 1889 5154 διιθύ-

229 5205 398 5242 νειεν.
454 5185 606 5240 Ἐπεὶ
655 5182 704 5239 δ’
761 5183 960 5242 ἐκεῖθεν
1039 5187 1103 5242 ού
1171 5188 1372 5264 προῄει
1430 5187 1740 5263 ἀπόκρισις,
1797 5191 1886 5244 καὶ

234 5272 487 5350 δευτᾶραν
544 5281 794 5352 προσῆγε
843 5275 1063 5333 θυσίδιν⁹
1125 5277 1216 5332 καὶ
1284 5276 1438 5341 αὖθις
1494 5277 1747 5354 ἀνήρετο,
1799 5277 1890 5334 ’ίνα

309 5421 737 5500 (1)»Archelaus
773 5423 1028 5500 Herodis
1062 5424 1218 5482 ﬁlius
1247 5426 1452 5500 Iudaee
1486 5444 1604 5489 rex,
1635 5427 1887 5500 Glaphy-

233 5493 658 5570 διδωμι-σιλοΙαί
689 5493 1107 5570 Cappadocum
1155 5497 1310 5570 regis
1339 5498 1544 5570 filiam.
1577 5493 1888 5556 Alexandri

232 5565 434 5695 grati-ite
481 5567 576 5623 sui
621 5565 884 5624 relictam
931 5566 1190 5642 viduam,
1221 5565 1425 5626 contra
1454 5569 1614 5643 leges
1647 5587 1891 5630 uxorum

283 5654 384 5694 axi
413 5678 432 5692 .

558 5738 818 5802 Panos.
863 5738 974 5802 Ga.
1017 5739 1248 5804 CXLV.

2063 4414 2114 4462 et
2142 4407 2212 4460 de
2241 4404 2464 4462 Tiberio
2493 4407 2590 4476 qui
2617 4407 2672 4460 ei
2693 4403 2972 4476 successit,
2997 4421 3290 4476 rerumque
3301 4403 3400 4459 sub
3437 4405 3644 4460 Tiberio

2063 4485 2314 4532 actarum
2341 4493 2411 4532 ex
2437 4483 2595 4548 parte
2622 4475 2858 4548 quadam
2885 4475 3340 4534 commemoratio.

2067 4752 2253 4808 Caesar
2297 4755 2492 4808 autem
2539 4757 2842 4826 Augustus
2873 4769 3045 4826 quam
3079 4751 3346 4826 plurimis
3375 4752 3645 4825 praeclare

1996 4839 2350 4914 feliciterque
2404 4842 2586 4913 gestis
2634 4843 2807 4898 rebus
2857 4842 3068 4907 clarus,
3119 4843 3460 4912 primusque
3516 4841 3643 4912 ipse

1999 4931 2312 4986 monarcha
2360 4931 2747 5001 renuntiatus,
2795 4931 3150 5004 provectiore
3185 4931 3311 5000 jam
3361 4934 3528 4986 astate
3573 4932 3644 4986 ad

1995 5019 2296 5076 oraculum
2355 5020 2544 5090 Pythii
2615 5021 2898 5092 Apollinis
2965 5020 3118 5075 venit
3170 5035 3184 5075 :
3245 5023 3302 5074 et
3359 5018 3645 5076 sacrificio

1997 5109 2257 5165 omnium
2317 5109 2588 5177 maxime,
2637 5111 2789 5180 quod
2848 5109 3191 5166 hecatombe
3237 5108 3473 5175 dicitur,
3523 5110 3648 5166 dte-

1999 5197 2156 5253 moni
2207 5198 2418 5266 oblato,
2449 5199 2735 5270 quaesivit,
2768 5198 3034 5270 quisnam
3083 5202 3215 5268 post
3260 5211 3394 5252 eum
3435 5196 3645 5252 Roma-

1999 5302 2139 5342 num
2197 5286 2686 5342 administaturus
2739 5289 2894 5341 esset
2949 5285 3262 5356 imperium
3297 5283 3325 5339 ?
3378 5287 3453 5340 At
3507 5299 3642 5341 cum

2067 5429 2144 5502 (2)
2195 5428 2460 5487 Archelai
2509 5427 2779 5486 exsilium
2817 5427 3056 5486 Vienna
3086 5427 3307 5500 Galliis,
3340 5427 3439 5484 ubi
3469 5428 3644 5486 etiam

1999 5508 2266 5558 mortuus
2293 5506 2404 5559 est.

2066 5573 2147 5645 (3)
2175 5576 2320 5630 Acta
2367 5589 2498 5645 qua
2543 5571 2648 5645 sub
2697 5571 2936 5645 nomine
2961 5570 3142 5645 Pilati
3175 5571 3449 5628 adversus
3478 5572 3646 5630 Chri-

1998 5643 2156 5702 stum
2187 5645 2327 5702 olim
2359 5643 2918 5703 circumferebantur
2948 5643 3169 5702 ﬁctitia.

3250 5745 3329 5805 22
