4100 6218
475 343 594 406 683

1773 339 2197 402 NICEPHOBI
2241 341 2590 403 CALLISTI

3765 345 3892 406 684

469 477 702 534 nullum
747 477 1014 533 ederetur
1061 489 1431 547 responsum,
1462 473 1709 530 alterum
1749 489 1981 545 quoque
2010 474 2110 528 ad-

2243 472 2274 526 τί
2323 475 2383 528 τὸ
2429 473 2818 552 πολύφθογγον
2873 478 3122 548 μαντεῖον
3154 479 3246 530 νῦν
3283 471 3512 531 ἄναυδον
3541 493 3553 508 ⁶
3591 477 3652 531 τὸ
3685 473 3750 530 δὲ
3787 499 3891 548 μι-

469 569 606 638 iecit
651 565 1026 634 sacriﬁcium,
1061 566 1368 636 denuoqne
1417 564 1650 634 rogavit,
1683 562 1822 634 quid
1871 563 1950 618 ita
1997 579 2124 618 ora-

2229 565 2356 638 κρὸν
2391 565 2644 620 διαλιπὸν
2675 563 2883 620 ἂνεῖλεν
2912 565 3062 638 αὐτῷ
3087 582 3101 596 ⁶

468 658 664 712 culum
715 656 980 728 pluribus
1027 657 1216 711 verbis
1265 656 1350 710 uti
1395 653 1652 718 solitum,
1701 668 1858 708 nunc
1911 654 2144 709 tandem
2207 655 2548 712 obticuisset
2577 655 2604 710 τ
2649 657 2795 712 Τιιω
2845 655 3012 726 illud,
3066 673 3244 730 parva
3282 657 3622 730 interposita
3673 673 3878 727 mora,

433 759 436 762 ·
481 749 549 802 ad
583 748 738 802 hunc
771 747 1006 802 modum
1039 745 1335 816 respondit
1367 759 1382 798 :

468 841 560 892 Me
583 852 719 908 puer
745 835 995 891 Hebrmus
1027 837 1125 908 (l),
1155 835 1302 891 divos
1335 837 1474 890 Deus
1505 837 1621 907 ipse
1643 833 1977 904 gubernans,

472 981 665 1036 Cedere
692 982 815 1037 sede
835 981 1008 1053 jubet,
1041 981 1360 1054 tristemque
1387 981 1574 1037 redire
1601 981 1700 1036 sub
1732 981 1928 1037 Orcum
1955 999 1975 1036 :

469 1055 592 1109 Aris
621 1069 748 1124 ergo
776 1053 970 1110 dehinc
999 1056 1192 1110 tacitus
1220 1053 1500 1110 abscedite
1529 1055 1752 1110 nostris.

467 1143 586 1198 Tali
617 1160 898 1214 responso
929 1149 1180 1213 accepto,
1213 1143 1399 1200 Caesar
1447 1143 1687 1198 Romam
1717 1147 1808 1199 est
1835 1155 2116 1208 reversus,

470 1237 640 1302 atque
663 1231 745 1286 ibi
766 1230 826 1286 in
849 1230 1130 1302 Capitolio
1152 1248 1314 1288 aram
1339 1231 1644 1288 maximam
1666 1231 1966 1304 exstruxit,
1983 1249 2116 1286 cum

469 1321 754 1392 ejusmodi
787 1322 992 1378 Latina
1019 1321 1400 1393 inscriptione
1427 1339 1439 1376 :
1473 1323 1590 1377 Ara
1607 1323 1972 1393 primogeniti
2003 1322 2115 1376 Dei.

470 1411 588 1466 Hoc
639 1411 978 1483 imperante,
1017 1411 1402 1468 Athenienses
1449 1411 1794 1467 seditionem
1843 1409 2116 1468 rebellio-

471 1515 724 1570 ncmqus
773 1500 1026 1570 primum
1061 1505 1198 1556 sunt
1239 1501 1446 1556 moliti.
1479 1501 1764 1556 Ceterum
1797 1517 1930 1556 cum
1959 1501 2119 1556 brevi

473 1605 678 1660 pcenas
707 1589 936 1644 excitati
967 1589 1260 1645 tumultus
1291 1591 1610 1655 dedissent,
1633 1597 1864 1659 acmpto
1895 1591 2120 1645 destite-

475 1683 616 1734 runt
647 1679 700 1733 Is
731 1695 962 1749 quoque
993 1679 1392 1734 Romanorum
1414 1679 1628 1734 civium
1651 1696 1824 1736 censu
1851 1686 1997 1746 acto,
2021 1697 2120 1734 nu-

2225 837 2382 895 Παῖς
2423 829 2727 909 Ἑϐραῖος
2769 833 3042 892 κέλεταί
3109 857 3202 911 με,
3247 839 3405 899 Θεὸς
3465 838 3892 911 μακάρεσσιν

3489 909 3582 982 [διν
3599 911 3631 962 ά
3651 909 3861 982 άσῖωἵς

2227 971 2421 1030 Τὸνδε
2456 973 2659 1050 δόμον
2703 977 3074 1050 προλιπεῖν
3109 979 3217 1034 καὶ
3251 977 3444 1042 ἅϊδος
3485 971 3674 1042 ἆῦθις
3719 971 3900 1034 ἱκέσ-

2229 1050 2476 1102 Λοιπὸν
2515 1049 2704 1104 ἄπιθι
2747 1049 2817 1106 ἐκ
2851 1049 3219 1126 προδόμων
3261 1055 3630 1128 ἡμετέρων.
3711 1055 3860 1125 [θαι.

2225 1139 2440 1191 Τοιαῦθ⁹
2484 1139 2511 1191 ὁ
2559 1143 2768 1212 Καῖσαρ
2819 1141 3104 1218 χρησθεῖς,
3163 1140 3450 1212 ἐπανήκων
3505 1142 3584 1204 εἰς
3653 1143 3896 1213 Ῥώμην

2227 1226 2350 1299 περὶ
2404 1228 2466 1281 τὸ
2541 1230 2666 1301 παρ’
2717 1227 2866 1302 αὕτῷ
2941 1230 3296 1286 Καπετώλιον
3361 1231 3549 1305 βωμὸν
3623 1230 3894 1304 μέγιστον

2230 1311 2608 1387 ἱδρυσάμενος,
2638 1315 2832 1372 ποιάδε
2863 1321 3197 1392 Ῥωμαϊκοῖς
3247 1320 3514 1394 ἐπέγραψε
3557 1320 3896 1394 γράμμασι·

2229 1405 2459 1475 Βωμὸς
2515 1405 2712 1468 οὗτός
2781 1405 2917 1462 ἐστι
3001 1413 3120 1463 τοῦ
3185 1410 3622 1484 πρωτογόνου
3695 1413 3900 1464 Θεοῦ.

2227 1492 2431 1548 Τούτου
2479 1492 2538 1549 δὲ
2581 1497 2683 1550 τ’ἓν
2731 1497 2796 1551 ἀο
2855 1499 2869 1514 “
2961 1496 2984 1516 ’“
3071 1499 3093 1532 ·’
3533 1500 3543 1514 ’
3719 1501 3733 1520 ’

2640 1533 2650 1564 ι
2769 1516 2908 1572 ⁸χην
2957 1501 3306 1567 οιιθδνοντος,
3362 1505 3662 1569 στασιαζειν
3741 1501 3900 1568 Αθη-

2227 1588 2366 1638 ναῖοι
2415 1585 2649 1658 πρώτως
2701 1583 2992 1648 ἐπέϐαλον.
3025 1589 3142 1646 Οὐκ
3187 1588 3276 1644 ἐπὶ
3317 1589 3460 1644 πολὺ
3495 1587 3551 1644 δέ
3585 1587 3750 1651 δίκας
3793 1596 3896 1658 τῆς

2231 1674 2466 1736 στάσεως
2521 1674 2955 1750 εἰσπραχθέντες,
2987 1684 3088 1747 τῆς
3153 1677 3342 1753 πείρας
3393 1678 3724 1753 ἀπέσχοντο.
3779 1679 3897 1736 Οὗ-

473 1783 701 1822 mernm
752 1769 929 1822 iniit:
963 1768 1298 1840 invenitque
1345 1769 1629 1841 myriades
1677 1769 1978 1835 tredecim,
2029 1768 2118 1824 bis

2243 1783 2320 1824 ξος
2369 1761 2434 1833 δὴ
2485 1765 2576 1818 καὶ
2624 1767 2750 1830 τοὺς
2790 1774 2888 1836 τῆς
2917 1769 3142 1840 Ῥώμης
3193 1767 3450 1830 ἐποίκους
3499 1770 3724 1840 ἀριθμῷ
3773 1767 3894 1823 δια-

475 1858 632 1914 mille
661 1863 717 1912 et
747 1859 986 1928 triginta
1007 1863 1250 1928 septem.
1273 1860 1382 1914 Sed
1401 1860 1558 1915 enim
1582 1876 1712 1914 cum
1735 1859 2124 1930 quadraginta

473 1951 608 2012 tres,
643 1947 783 2012 sive,
817 1951 883 2000 ut
923 1947 1052 2001 aliis
1101 1946 1306 2016 placet,
1341 1947 1726 2018 quadraginta
1773 1957 1896 2003 octo
1937 1963 2122 2002 annos

470 2035 596 2106 ipse
643 2035 953 2104 imperator
999 2035 1204 2091 fuisset
1259 2037 1356 2108 (2),
1411 2041 1468 2092 et
1521 2053 1704 2107 supra
1754 2035 2124 2109 septuaginta

476 2127 735 2196 quinque
782 2141 968 2180 annos
1016 2125 1140 2181 vitae
1203 2129 1382 2182 totius
1441 2141 1679 2184 cursum
1739 2128 2121 2196 produxisset,

475 2215 678 2270 morbo
746 2216 985 2270 tandem
1053 2231 1388 2286 oppressus,
1447 2217 1598 2272 inter
1665 2215 1930 2272 homines
1995 2231 2124 2271 esse

476 2305 666 2362 desiit.
699 2303 804 2360 84
839 2305 959 2369 Quo
1003 2310 1264 2376 tempore
1311 2307 1455 2362 solis
1505 2306 1750 2362 traditur
1801 2306 1982 2362 fuisse
2021 2307 2124 2360 de-

475 2394 746 2465 liquium,
795 2399 852 2448 et
901 2393 1086 2450 fames
1133 2399 1405 2465 praeterea
1465 2395 1742 2462 maxima,
1797 2401 1852 2450 et
1907 2394 2128 2450 scilicet

479 2483 734 2540 denariis
783 2483 983 2538 multis
1033 2499 1184 2538 unus
1215 2484 1492 2540 frumenti
1531 2489 1968 2555 compararetur
1997 2501 2125 2540 me-

481 2575 740 2628 dimnus.
777 2571 884 2628 Ubi
935 2591 1096 2644 porro
1137 2573 1234 2630 ille
1279 2574 1361 2628 ita
1407 2575 1583 2628 vitam
1637 2574 1805 2642 finiit,
1839 2573 2124 2642 Tiberius,

483 2664 783 2734 privignus
811 2665 960 2732 ejus,
995 2663 1321 2719 Romanum
1351 2665 1610 2735 suscepit
1637 2663 1973 2734 imperium.
2010 2664 2126 2718 Sub

482 2769 596 2822 quo
625 2753 1068 2823 quatuordecim
1103 2752 1343 2808 minoris
1375 2755 1528 2808 Asia:
1561 2753 1736 2807 urbes
1779 2757 1932 2807 terra
1965 2757 2127 2807 motu

481 2841 805 2898 concidisse
835 2842 935 2912 (3),
961 2842 1252 2897 memorias
1287 2843 1578 2911 proditum
1611 2845 1700 2897 est
1724 2859 1736 2896 :
1765 2858 2014 2912 quarum
2036 2857 2132 2896 no-

484 2931 644 2984 mina
686 2938 844 2999 sunt,
875 2931 1160 3000 Ephesus,
1198 2930 1518 3000 Magnesia,
1555 2931 1774 3000 Sardis,
1807 2931 2129 2999 Mosthene,

485 3019 921 3084 Hierocaesarea,
1017 3018 1433 3090 Philadelphia,
1531 3019 1818 3086 Timolus,
1903 3019 2128 3086 Timus,

487 3109 730 3179 Myrina,
789 3108 980 3180 Cyme,
1035 3107 1362 3180 Apollonia,
1421 3107 1707 3179 Hyrcania
1773 3107 1874 3163 Dia
1933 3107 2126 3180 [Ciby-

2243 3109 2540 3178 Μωστηνὴ,
2619 3110 3055 3182 Ἱεροκαισάρεια,

485 3215 546 3253 ra
575 3199 700 3268 (4)].
733 3197 1000 3252 Tiberius
1033 3213 1202 3266 porro
1235 3197 1506 3253 maximis
1536 3199 1716 3267 copiis
1747 3201 1949 3253 contra
1991 3201 2127 3254 Per-

483 3303 579 3343 sas
609 3303 974 3359 progressus,
1009 3287 1396 3358 legationibus
1443 3303 1646 3344 eorum
1677 3287 1876 3356 cessit,
1913 3288 2132 3342 bellum

483 3377 674 3445 solvit,
733 3383 791 3432 et
848 3377 1132 3432 tributum
1187 3393 1281 3432 eos
1342 3378 1590 3449 pendere
1654 3377 1854 3450 coegit.
1913 3379 1992 3434 Ac
2051 3377 2133 3432 illi

484 3469 721 3542 quidem
751 3469 1035 3539 imperata
1067 3469 1267 3524 fecere.
1289 3470 1421 3540 Ipse
1441 3472 1636 3526 autem
1666 3469 1736 3524 ab
1765 3469 2134 3540 expeditione

483 3575 552 3614 ea
579 3561 890 3624 revertens,
919 3557 1288 3612 Antiochiam
1339 3557 1570 3613 divertit
1600 3575 1614 3612 :
1647 3573 1823 3629 quam
1873 3557 2134 3629 splendi-

484 3649 614 3704 dius
645 3645 1234 3718 magniﬁcentiusque
1257 3661 1534 3702 exornare
1554 3646 1941 3712 constituens,
1965 3661 2132 3700 muro

485 3741 653 3794 tirmo
705 3743 764 3792 et
805 3737 1246 3810 inexpugnabili
1287 3739 1488 3803 cinxit,
1521 3737 1780 3809 porticus
1829 3738 2131 3805 exstruxit,

487 3827 776 3882 columnis
831 3827 1018 3894 aereis,
1064 3825 1298 3892 statuis,
1351 3826 1596 3898 aliisque
1647 3826 1910 3882 adificiis
1963 3826 2136 3882 variis

489 3918 794 3972 exornavit.
843 3915 1083 3986 Templa
1126 3931 1359 3987 quoque
1405 3917 1550 3982 Jovi,
1595 3916 1889 3988 Dionysio,
1941 3915 2137 3970 Casto-

491 4007 658 4078 riqne
707 4010 766 4060 et
819 4005 1034 4060 Polluci
1073 4005 1403 4060 aedificavit.
1449 4005 1820 4076 Plurimaque
1867 4015 2142 4075 praterea

486 4098 598 4150 alia
627 4094 790 4150 illum
823 4111 998 4166 opera
1027 4093 1106 4149 ibi
1137 4094 1448 4164 perfecisse
1473 4095 1694 4150 ferunt.
1721 4095 1880 4166 Opus
1909 4110 2138 4165 quoque

485 4185 613 4253 ejus
661 4187 746 4238 est
773 4183 987 4237 Judaee
1032 4183 1276 4238 celebris
1329 4183 1468 4238 urbs
1499 4183 1778 4248 Tiberias,
1815 4187 1872 4238 et
1922 4199 2047 4254 quae
2075 4181 2138 4237 in

487 4272 739 4328 Thracia
787 4276 876 4326 est
921 4271 1170 4328 Tiberia.
1207 4270 1481 4342 Expulsis
1513 4281 1707 4326 autem
1739 4273 1838 4342 qui
1870 4272 2138 4327 Caesarea

491 4363 896 4434 Cappadocum
943 4365 1075 4430 post
1121 4360 1460 4416 Archelaum
1513 4361 1882 4433 tyrannidem
1915 4377 2140 4416 exerce-

494 4453 656 4518 bant,
703 4449 1044 4522 vectigalem
1091 4466 1220 4506 eam
1283 4449 1560 4506 Romanis
1619 4451 1772 4506 fecit.
1824 4449 2000 4506 Porro
2069 4451 2138 4506 ad

493 4539 720 4595 urbium
771 4545 1019 4595 rectores
1059 4555 1125 4595 ac
1170 4541 1542 4608 magistratus
1597 4540 1851 4610 scripsit,
1903 4539 1950 4594 si
1998 4539 2138 4610 quid

492 4633 632 4684 forte
679 4645 814 4685 cum
865 4635 1065 4684 contra
1112 4629 1268 4699 leges
1323 4631 1598 4685 mandare
1627 4629 2009 4700 contingeret,
2039 4647 2139 4686 eos

491 4719 550 4772 id
581 4719 902 4790 approbare
932 4727 984 4774 et
1016 4719 1277 4788 exsequi,
1309 4723 1512 4789 utpote
1537 4733 1635 4788 per
1665 4717 1952 4774 inscitiam
1986 4733 2144 4774 com-

493 4811 763 4876 missum,
793 4824 909 4863 non
940 4807 1166 4862 debere.
1197 4807 1414 4862 Morem
1448 4823 1675 4878 quoque
1707 4807 1876 4863 illum
1909 4809 2140 4876 habuit,

493 4905 556 4956 ut
589 4916 702 4954 non
735 4899 900 4953 facile
929 4903 1030 4953 aut
1061 4897 1320 4954 celeriter
1351 4899 1728 4968 magistratus
1759 4903 1816 4954 et
1845 4899 2146 4970 prafectu-

491 5007 586 5044 ras
619 4991 888 5054 mutaret,
919 4993 1022 5043 aut
1070 4986 1638 5042 administrationem
1689 4989 1774 5042 eis
1818 4989 2141 5058 abrogaret,

493 5081 594 5154 qui
615 5097 804 5137 rerum
823 5081 1192 5152 publicarum
1213 5081 1692 5150 gubernationem
1715 5082 1904 5136 sortiti
1925 5085 2140 5137 essent.

493 5171 748 5244 Ejusque
815 5171 896 5226 rei
963 5171 1306 5242 quibusdam
1382 5187 1622 5226 causam
1687 5169 2143 5242 inquirentibus,

561 5299 646 5368 (1)
697 5299 829 5356 Παῖς
889 5290 1144 5368 Ἑϐραῖος
1201 5293 1416 5350 κέλεταί
1477 5315 1565 5368 με,
1625 5293 1756 5355 Θεὸς
1817 5295 2143 5368 μακάρεσσιν

1745 5365 2039 5421 [ἀνάσσων.

1807 5387 2013 5423 νασσων

1745 5369 2039 5438 [ἀνάσσων,

687 5435 854 5510 Τήνδε
920 5435 1118 5513 δόμονξ
1167 5437 1456 5514 προλιπεῖν
1511 5459 1570 5493 τε
1625 5437 1716 5494 καὶ
1775 5437 1956 5564 ὁέξδιῖςθ
1991 5439 2148 5503 αὖθις

1834 5531 1928 5564 κισ
1961 5533 2035 5564 αι,

1834 5531 2035 5572 κεσυαι.

1217 5513 1220 5514 ⁷
1811 5513 2035 5572 ἱκέσθαι.

698 5583 902 5638 Λοιπὸν
973 5583 1122 5660 ἄπιθι
1154 5655 1164 5660 Α
1191 5587 1370 5660 *σιγῶν
1544 5513 2145 5660 ’βωμῶν[ἠμετέρων.

1021 5655 1299 5728 [[Suidas,
1333 5659 1388 5712 in
1419 5655 1670 5712 dictiOne
1701 5655 2034 5730 Αὔγουστος.

2227 1851 2474 1924 θέμενος,
2539 1855 2688 1926 εὗρεν
2750 1853 2955 1928 ἀνδρῶν
3037 1855 3304 1932 μυριάδας
3363 1856 3735 1933 τρισκαίδεκα,
3799 1859 3892 1913 καὶ

2227 1943 2362 2015 πρὸς
2413 1944 2544 1997 ἑπτὰ
2591 1946 2681 1998 καὶ
2729 1946 3022 2018 τριάκοντα
3071 1943 3403 2022 δισχιλίους.
3437 1949 3575 2022 Τρία
3623 1949 3722 2022 μὲν
3789 1946 3884 2003 οὖν

2227 2030 2316 2084 καὶ
2354 2034 2746 2104 τεσσαράκοντα
2791 2029 2908 2104 ἔτη,
2941 2034 3016 2096 ὡς
3070 2031 3116 2088 δ’
3164 2035 3370 2110 ἑτέροις
3419 2035 3589 2106 δοκεῖ,
3621 2036 3776 2091 ὀκτώ
3829 2057 3888 2091 τε

2226 2120 2316 2174 καὶ
2381 2127 2452 2191 μ’,
2506 2123 2862 2196 μονοκράτωρ
2920 2122 3154 2200 ἐγένετο,
3189 2125 3319 2198 ὑπὲρ
3380 2121 3434 2179 δὲ
3489 2125 3556 2180 τὰ
3605 2127 3642 2179 ε’
3685 2126 3784 2180 καὶ
3837 2129 3890 2180 ο¹

2227 2209 2317 2264 τὸν
2374 2208 2503 2264 ὅλον
2543 2217 2640 2279 τῆς
2691 2217 2838 2280 ζωῆς
2879 2209 3128 2275 διανύσας
3175 2215 3416 2288 χρόνον·
3467 2215 3674 2269 τούτων
3733 2213 3793 2270 δὲ
3835 2217 3888 2278 ς’

2227 2299 2318 2354 καὶ
2365 2301 2406 2353 ν’
2446 2301 2508 2354 τὸ
2559 2303 2770 2375 σύμπαν
2827 2299 3247 2376 βεϐασιλευκὼς,
3291 2303 3384 2359 καί
3440 2307 3584 2376 νόσῳ
3647 2325 3886 2378 περιπε-

2231 2389 2364 2456 σὼν,
2413 2388 2462 2459 ἐξ
2541 2390 2838 2465 ἀνθρώπιον
2899 2391 3128 2465 ἐγένετο.
3181 2395 3311 2450 Καθ’
3361 2395 3418 2448 ὃν
3493 2391 3632 2463 δῆτα
3689 2396 3888 2470 καιρὸν

2231 2477 2470 2548 ἡλιακὴν
2515 2476 2755 2554 ἔκλειψιν
2802 2483 2892 2536 καὶ
2963 2483 3126 2556 μέγαν
3175 2483 3458 2558 ἱστόρηται
3508 2486 3752 2558 γενέσθαι
3795 2483 3887 2538 λι-

2236 2569 2360 2642 μὸν,
2393 2569 2470 2631 ὡς
2515 2566 2780 2645 δηναρίων
2831 2571 3058 2626 πολλῶν
3107 2573 3199 2626 τὸν
3247 2572 3342 2626 τού
3391 2573 3541 2628 σίτου
3571 2575 3888 2646 πιπράσκε-

2233 2659 2354 2712 σθαι
2403 2657 2681 2731 μέδιμνον.
2711 2661 2950 2714 Ἐκείνου
2999 2658 3048 2714 δ’
3095 2663 3240 2716 οὕτω
3287 2663 3349 2716 τὸ
3397 2661 3550 2737 βιοῦν
3607 2662 3888 2738 ἐκμετρῆ-

2235 2771 2446 2818 σαντος,
2499 2751 2526 2804 ὁ
2573 2749 2769 2804 τούτου
2819 2752 3087 2826 πρόγονος
3137 2749 3382 2828 Τιϐέριος
3429 2755 3530 2822 τήν
3578 2757 3686 2808 τῶν
3747 2761 3888 2810 Ῥω-

2238 2841 2416 2909 μαίων
2473 2840 2650 2913 ἀρχήν
2707 2837 3058 2915 διαδέχεται·
3118 2842 3198 2913 ἐφ’
3253 2842 3314 2896 οὔ
3357 2843 3445 2896 καί
3497 2840 3890 2915 δεκατέσσαρες

2233 2928 2425 2990 πόλεις
2473 2935 2572 2997 τῆς
2619 2935 2814 3003 μικρᾶς
2852 2933 3039 2992 Ἀσίας
3091 2936 3299 3005 σεισμῷ
3363 2938 3545 2986 πεσεῖν
3592 2933 3893 3008 ἱστοροῦν-

2235 3037 2362 3072 ται·
2421 3017 2574 3072 αὗται
2654 3015 2701 3072 δ’
2759 3019 2890 3073 εἰσὶν
2939 3026 3190 3098 "Bessos,
3259 3021 3565 3098 Μαγνησία,
3631 3021 3889 3094 Σάρδεις,

3152 3109 3546 3188 Φιλαδέλφεια.
3623 3111 3890 3184 Τμῶλος,

2241 3195 2430 3268 Τίμος,
2502 3197 2733 3270 Μυρίνα,
2785 3199 2965 3270 Κύμη,
3021 3198 3391 3270 Ἀπολλωνία,
3443 3201 3716 3276 Ὑρκανία,
3773 3201 3892 3269 Δία,

2239 3286 2332 3339 καὶ
2379 3287 2402 3311 ⁴
2445 3287 2604 3360 Χειρί
2665 3283 2722 3341 δὲ
2789 3287 2976 3362 βαρείᾳ
3021 3285 3270 3362 Τιϐέριος
3323 3290 3460 3344 κατᾶ
3519 3297 3742 3364 Περσῶν
3807 3290 3891 3346 ἒκ-

2244 3376 2586 3448 στρατεύσας,
2641 3375 2857 3452 ἐπείπερ
2903 3383 3022 3438 ταῖς
3081 3377 3295 3433 ἐκείνων
3363 3378 3521 3434 εἴκων
3579 3376 3892 3454 πρεσϐείαις

2242 3465 2341 3532 τὴν
2391 3463 2576 3538 μάχην
2623 3461 2822 3535 διέλυε,
2875 3465 3074 3541 φόρους
3119 3467 3295 3522 τελεῖν
3341 3468 3739 3545 κατηνάγκαζε,
3797 3470 3892 3523 Καὶ

2245 3555 2296 3608 οἱ
2350 3554 2443 3624 μὲν
2495 3553 2808 3608 ἐπείθοντο·
2857 3555 3054 3610 ἐκεῖθεν
3108 3555 3153 3610 δ’
3184 3555 3470 3628 ἐπανήκων
3531 3561 3628 3628 τήν
3677 3559 3894 3615 Ἀντιό-

2245 3661 2349 3716 χου
2383 3641 2688 3708 εἰσήλαυνε.
2723 3643 3047 3716 Φιλοτίμως
3079 3643 3136 3699 δὲ
3175 3646 3299 3717 περὶ
3347 3648 3550 3718 ταύτην
3603 3645 3888 3716 διατεθεὶς,

2241 3732 2418 3808 τείχει
2482 3731 2574 3802 μὲν
2630 3732 2799 3799 αὐτὴν
2851 3729 3176 3806 περιϐάλλει
3237 3733 3442 3809 στερρῷ
3499 3737 3586 3790 καὶ
3645 3733 3890 3809 ἀδαμαν-

2243 3819 2413 3892 τίνῳ·
2449 3815 2713 3892 ἐμϐόλοις
2769 3841 2827 3876 τε
2885 3823 3184 3898 ἀνεγείρει’
3237 3824 3470 3894 στήλαις
3519 3845 3576 3880 τε
3627 3827 3886 3900 χαλκαις,

2245 3911 2334 3966 καὶ
2409 3909 2712 3988 ἀγάλμασι,
2771 3912 2862 3966 καὶ
2939 3912 3135 3976 ἄλλαις
3213 3913 3491 3975 ποικίλαις
3565 3917 3886 3990 κατεκόσμει

2247 3999 2449 4070 ταύτην
2483 3998 2802 4072 οἰκοδομαῖς
2830 4021 2842 4034 ·
2875 4002 2964 4055 καὶ
2995 4003 3128 4064 νεὼς
3165 4003 3352 4074 ἀνίστη
3407 4004 3489 4058 Διί
3533 4025 3594 4060 τε
3633 4007 3724 4060 καὶ
3771 4015 3890 4061 Διο-

2246 4089 2392 4162 νύσῳ
2439 4089 2530 4144 καὶ
2575 4091 2959 4166 Διοσκούροις’
3009 4093 3098 4146 καὶ
3145 4091 3376 4148 πλεῖστα
3417 4093 3574 4168 ’ἑτέρα
3617 4096 3890 4166 θαύματος

2246 4174 2374 4255 ἔργα
2419 4183 2608 4234 τοῦτον
2659 4179 2771 4234 ἐκεῖ
2808 4179 3019 4235 τελέσαι
3069 4182 3250 4260 φασίν.
3284 4184 3480 4258 Ἔργον
3533 4189 3634 4249 τῆς
3682 4183 3888 4239 ἐκείνου

2249 4269 2435 4342 χειρὸς
2485 4269 2574 4323 καὶ
2621 4271 2655 4338 ἡ
2707 4271 2840 4324 κατὰ
2887 4273 2985 4338 τὴν
3039 4269 3304 4326 Ἰουδαίαν
3368 4275 3670 4348 περιφανὴς
3728 4273 3887 4334 πόλις

2247 4353 2513 4430 Τιϐεριὰς,
2570 4357 2659 4412 καὶ
2719 4357 2752 4427 ἢ
2807 4359 2942 4414 κατὰ
3013 4361 3113 4428 τήν
3183 4361 3397 4432 Θρᾴκην
3465 4361 3620 4437 ἑτέρα
3665 4358 3888 4436 Τιϐερία

2249 4445 2428 4518 ὄνομα
2475 4441 2656 4521 ἔσχεν.
2689 4447 2976 4520 Ἐξελιὶσας
3027 4447 3082 4504 δὲ
3121 4451 3210 4504 καὶ
3260 4449 3387 4512 τοὺς
3439 4452 3554 4523 μετ’
3590 4452 3889 4525 Ἀρχέλαον

2249 4543 2348 4605 τῆς
2397 4533 2772 4592 Καππαδοκῶν
2816 4543 3224 4611 τυραννοῦντας,
3273 4539 3546 4618 ὕπόφορον
3599 4540 3891 4613 Ῥωμαίοις

2249 4627 2348 4694 τήν
2407 4627 2724 4697 Καισάρειαν
2785 4625 3098 4696 ἐποιήσατο.
3157 4633 3282 4692 Τοῖς
3335 4631 3442 4702 μήν
3499 4633 3606 4684 τῶν
3677 4630 3888 4685 πόλεων

2250 4713 2511 4791 ἄρχουσιν
2545 4711 2792 4793 ἔγραφεν,
2826 4719 2902 4780 ὼς
2935 4717 3004 4774 Εἷ¹
3047 4741 3100 4774 τι
3150 4717 3196 4773 δ’
3227 4719 3288 4774 ἂν
3333 4721 3476 4794 παρᾶ
3517 4723 3644 4782 τοὺς
3691 4721 3888 4792 νόμους

2251 4803 2489 4878 ἐπιτάξαι
2535 4827 2600 4878 με
2649 4807 2881 4882 γένοιτο,
2919 4810 2995 4882 μὴ
3045 4809 3334 4884 προσέχειν
3367 4809 3444 4872 ὡς
3485 4809 3680 4882 ἀγνοίᾳ
3729 4810 3886 4886 πρατ-

2250 4915 2432 4950 τοντα.
2485 4895 2702 4952 ΕἶΌιστο
2753 4894 2800 4952 δ’
2848 4897 2994 4970 αὐτῷ
3045 4897 3187 4971 μηδὲ
3237 4900 3452 4972 ταχέως
3513 4894 3764 4972 ἀμείϐειν
3805 4909 3890 4962 καὶ

2252 4989 2352 5052 τῆς
2399 4980 2723 5054 διοικήσεως
2771 4983 2974 5055 ἐξιστᾷν
3035 4986 3162 5048 τοὺς
3215 4987 3278 5040 τὰ
3327 4986 3486 5040 κοινὰ
3533 4983 3742 5041 διέπειν
3795 4985 3890 5042 λιι-

2254 5073 2476 5148 χόντας.
2517 5079 2687 5128 Τινῶν
2739 5072 2796 5130 δὲ
2835 5077 3252 5149 πυνθανομένων
3303 5078 3366 5130 τὸ
3415 5074 3614 5146 αἶ’τιον,
3667 5077 3890 5150 ἀποκρίο

2255 5164 2462 5232 νασθαι,
2505 5161 2692 5234 Φύσει,
2735 5161 2929 5238 λέγων,
2977 5170 3096 5227 τοῖς
3135 5165 3365 5240 ἄρχουσι
3418 5166 3480 5220 τὸ
3529 5163 3891 5233 πλεονεκτεῖν,

2326 5291 2406 5364 (2)
2459 5290 2892 5364 Quinquaginta
2935 5299 3178 5364 septem.
3229 5293 3465 5364 (Euseb.
3495 5291 3597 5348 lib.
3631 5307 3673 5362 ι,
3707 5294 3892 5348 Hister.

2253 5363 2438 5419 eccles.
2473 5379 2598 5432 cap.
2629 5363 2710 5434 9.)

2325 5434 2403 5506 (3)
2450 5435 2830 5490 Terraemotus
2879 5435 2989 5490 sub
3027 5435 3255 5490 Tiberio
3285 5435 3654 5492 existimatur
3682 5435 3732 5491 is
3761 5450 3890 5504 esse,

2255 5507 2748 5580 quiinpassione
2773 5507 2986 5563 Christi
3017 5507 3250 5580 accidit.

2329 5579 2402 5650 (4)
2451 5577 2596 5633 Phn.
2642 5579 2743 5634 lib.
2793 5595 2856 5646 ιι,
2891 5597 3016 5652 cap.
3049 5579 3160 5650 81;
3193 5577 3422 5636 Cornel.
3473 5577 3656 5636 Tacit.
3703 5579 3801 5634 lib.
3833 5591 3887 5632 ιι.
