4100 6218
284 403 410 467 685

1319 417 1944 484 ECCLESIASTICIE
1983 387 2378 484 Ηῐετοιιιλε
2417 423 2570 484 LIB.
2617 423 2668 484 I.

3574 435 3694 496 686

285 537 382 592 καὶ
415 541 450 608 ἡ
500 543 599 596 τοῦ
654 539 910 607 πλείονος
954 543 1134 625 ἔφεσις
1185 551 1378 616 αὐτοῖς
1411 551 1522 607 ἐστι
1570 552 1921 629 περισπούδα-

2047 557 2353 628 respondit
2391 561 2658 614 :Natura
2685 573 2814 616 esse
2852 575 3077 630 omnes,
3134 561 3234 634 qui
3286 578 3483 621 rerum
3508 564 3696 622 admi-

284 648 438 691 στος.
491 632 700 694 Νωθεῖς
755 633 932 690 τοίνυν
989 639 1112 714 περὶ
1167 641 1229 694 τὸ
1283 643 1507 696 κτᾶσθαι
1563 646 1630 698 τὰ
1687 641 1928 716 πλείονα,

281 725 410 781 ταῖς
453 719 656 795 ἀρχαῖς
700 720 1147 799 ἐγχρονίζοντες·
1201 727 1382 804 ὥσπερ
1415 728 1481 802 δὴ
1513 733 1602 787 καὶ
1650 734 1706 788 αἱ
1753 741 1926 808 μυῖαι,

283 807 530 866 ἐπιπολὺ
595 819 712 878 τοῖς
773 819 883 870 τῶν
951 819 1220 891 σωμάτων
1285 817 1499 876 ἕλκεσιν
1562 822 1928 900 ἐφιζάνουσαι,

283 897 514 956 ἔλαττον
569 901 867 972 άνιάσουσι,
923 911 1020 962 τοῦ
1073 906 1281 984 ἰχῶρος
1321 914 1409 964 καί
1463 915 1568 966 τῶν
1601 897 1791 967 ⁷ἑλκῶν
1853 915 1930 979 εἷς

278 989 450 1064 κόρον
508 988 903 1069 ἐμφορηθεῑσαι
957 996 1152 1070 Χεῖρον
1185 995 1234 1052 δ’
1261 998 1322 1053 ἂν
1381 999 1648 1056 ἀνιάσεται
1682 1004 1710 1057 ὁ
1745 1003 1925 1078 βρύων

273 1084 401 1140 τοῖς
457 1076 693 1152 ἕλκεσιν,
749 1081 861 1158 εἴγε
915 1104 999 1145 τις
1053 1086 1148 1148 τὰς
1213 1091 1558 1163 κορεσθείσας
1619 1094 1927 1165 μυωπίσας,

277 1163 674 1238 λιμωττούσας
739 1168 916 1233 ἄλλας
983 1171 1253 1230 ἐπιθέσθαι
1345 1163 1737 1250 παρασκευάσει
1809 1163 1926 1246 τοῖς

273 1255 612 1330 τραύμασιν.
647 1259 818 1322 Οὗτος
865 1260 957 1315 καὶ
1003 1263 1095 1318 τὸν
1147 1262 1374 1320 Πόντιον
1421 1265 1683 1340 Πιλᾶτον,
1733 1270 1808 1334 ὡς
1848 1271 1924 1326 εἶ’-

281 1364 474 1435 ρηται,
517 1347 640 1435 ἀντὶ
691 1349 996 1426 Ἀρχελάου
1039 1356 1138 1408 τοῦ
1194 1354 1314 1409 υἱοῦ
1361 1356 1609 1431 Ἡρώδου
1656 1361 1924 1435 ἡγεμόνα,

275 1433 346 1488 οὐ
399 1434 646 1510 βασιλέα,
703 1443 772 1512 τῇ
839 1437 1082 1514 Ἰουδαίᾳ
1144 1440 1430 1518 ἐκπέμπει,
1497 1433 1800 1504 δωδέκατον
1854 1455 1923 1526 τῇ

271 1524 432 1598 ἀρχῇ
466 1523 711 1582 ἐνιαυτὸν
743 1525 996 1587 διανύων.

905 1821 1164 1876 ΚΕΦΑΛ.
1207 1823 1319 1878 IH'.

2046 645 2380 702 nistrationi
2414 646 2673 718 praesint,
2742 649 2997 720 pecuniae
3037 649 3301 722 cupidos,
3338 652 3691 724 plurimum-

2041 753 2152 806 que
2181 735 2358 792 studii
2389 737 2462 792 ad
2518 753 2640 794 rem
2679 737 2863 808 magis
2895 740 3200 811 magisque
3230 745 3558 815 augendam
3593 759 3692 800 eos

2040 824 2645 881 collocare.Ca:terum
2679 827 2729 881 si
2761 827 3052 883 diutiusin
3071 829 3417 902 magistratu
3459 849 3692 890 versen-

2040 924 2152 982 tur,
2171 916 2468 987 segniores
2498 914 2571 970 ad
2615 921 2902 986 quaestum
2937 918 3258 974 faciendum
3293 921 3414 978 ﬁeri
3448 939 3463 976 :
3493 923 3693 978 itidem

2038 1008 2100 1058 ut
2129 1019 2384 1072 muscas,
2427 1021 2554 1075 quae
2585 1004 2635 1060 si
2667 1005 2902 1076 longius
2929 1021 3234 1076 corporum
3271 1008 3566 1067 ulceribus
3598 1011 3690 1067 in-

2035 1093 2285 1162 sideant,
2326 1095 2518 1151 minus
2568 1111 2769 1166 graves
2804 1101 2906 1151 aut
2953 1097 3216 1154 molestae
3256 1099 3426 1169 ﬁunt,
3469 1102 3689 1174 quippe

2033 1185 2198 1238 sanie
2229 1182 2488 1240 ulcerum
2510 1185 2580 1239 ad
2613 1186 2940 1242 satietatem
2975 1189 3403 1258 usque'refertte
3429 1206 3442 1243 :
3472 1199 3526 1246 et
3555 1205 3690 1248 cum

2033 1271 2132 1342 qui
2162 1269 2458 1328 ulceribus
2505 1276 2748 1341 seateat,
2780 1273 2986 1329 durius
3016 1280 3322 1347 acceptum
3365 1275 3690 1335 afﬂictum-

2031 1376 2146 1431 que
2174 1359 2268 1427 iri,
2300 1361 2349 1416 si
2379 1361 2594 1418 saturis
2625 1363 2746 1432 iam
2777 1363 3049 1434 repulsis,
3088 1365 3390 1422 famelicas
3419 1368 3564 1424 alias
3610 1371 3685 1425 ad

2031 1448 2272 1505 vulnera
2301 1450 2609 1507 admittere
2655 1450 2812 1508 velit.
2847 1455 2902 1508 Is
2945 1469 3208 1525 quoque,
3260 1460 3322 1510 ut
3347 1455 3489 1523 dixi,
3535 1457 3683 1513 Pon-

2031 1537 2180 1594 tium
2212 1537 2484 1609 Pilatum,
2525 1556 2628 1610 pro
2684 1541 2966 1598 Archelao
3008 1543 3129 1599 tilio
3182 1543 3442 1612 Herodis,
3478 1547 3684 1618 praesi-

2033 1627 2188 1695 dem,
2239 1644 2354 1684 non
2387 1644 2604 1700 regem,
2661 1629 2723 1686 in
2787 1631 3052 1688 Judasam
3113 1632 3295 1701 misit,
3339 1635 3683 1692 duodecimo

2031 1717 2260 1788 imperii
2300 1719 2392 1775 sui
2429 1735 2604 1776 anno.

2569 1824 2672 1884 85
2699 1825 2927 1884 CAPUT
2957 1827 3146 1886 XVIII.

275 1919 445 2011 Πξξῐ
493 1923 612 2007 τεοῦ
657 1922 1090 2006 κηρέγματος
1145 1929 1253 1981 καὶ
1299 1935 1422 2011 τῆς
1481 1909 1921 2000 διδασίκαλίας

2037 1931 2542 2011 De_prw_conio__et_
2579 1935 2837 2011 doctrina
2891 1937 3122 1993 Joannis
3183 1938 3464 2011 Baptistae,
3516 1949 3568 1995 et
3609 1941 3682 1997 de

354 1990 679 2080 ’1,ωάννου
708 1990 824 2075 τοξ
850 1990 1267 2082 ἕαπτιστοῦυο
1300 1990 1588 2082 καξὶνπερὲ
1617 2011 1730 2060 τοῦ
1765 1990 1926 2082 βαπΣ

350 2065 678 2152 τίσματος
709 2065 826 2119 τοῦ
857 2069 1152 2152 Χριστοῦ
1178 2065 1418 2128 ’ἔτιδὲ
1465 2065 1574 2130 καὶ
1614 2065 1774 2152 περὶι
1810 2086 1926 2149 τῆς

354 2137 742 2210 μαρτυρίας
789 2137 1300 2200 τοῦ-Ἰωάννου.

348 2241 500 2296 Ἔτει
551 2239 608 2298 δὲ
666 2243 1128 2322 πεντεκαιδεκάτῳ
1185 2251 1282 2324 μὲν
1335 2248 1606 2328 Τιϐερίου,
1649 2257 1818 2331 τρίτῳ
1867 2255 1924 2314 δὲ

265 2335 376 2398 τῆς
409 2331 708 2405 ἡγεμονίας
757 2333 1020 2406 Πιλάτου,
1065 2337 1152 2392 καὶ
1195 2343 1303 2394 τῶν
1343 2347 1506 2415 τριῶν
1555 2347 1922 2424 τετραρχοόν-

269 2439 413 2487 των,
445 2419 695 2494 Ἡρώδου
739 2426 838 2477 τοῦ
889 2426 1172 2500 νεωτέρου,
1229 2429 1513 2486 Φιλίππου
1563 2454 1622 2488 τε
1669 2435 1758 2488 καὶ
1809 2443 1925 2491 Δυ-

272 2507 490 2578 σανίου,
520 2513 629 2564 τῶν
661 2508 909 2590 ἀδελφῶν
971 2516 1065 2584 μὲν
1101 2517 1425 2592 Ἀρχελάου,
1475 2520 1686 2578 παίδων
1725 2521 1782 2580 δὲ
1826 2529 1924 2580 τοῦ

271 2597 505 2671 πρώτου
555 2596 825 2674 Ἡρώδου,
875 2604 1035 2659 Ἀννα
1085 2603 1143 2661 δὲ
1189 2608 1278 2662 καὶ
1329 2612 1540 2686 Καϊάφα
1587 2615 1686 2684 τήν
1733 2615 1923 2690 ἀρχιε-

273 2687 494 2763 ρατείαν
556 2689 694 2744 κατὰ
757 2693 853 2756 τὰς
915 2691 1212 2771 ἐφημερίας
1281 2695 1630 2757 διιθυνόντων
1721 2703 1921 2777 αὐτῶν,

269 2775 404 2832 τότε
470 2773 534 2848 δὴ
592 2779 729 2832 κατὰ
782 2782 872 2835 τὸν
933 2784 1283 2842 θεόπνευστον
1335 2789 1718 2866 εὖαγγελιστήν
1767 2795 1922 2868 ῥῆμα

274 2865 485 2941 Κυρίου
551 2867 634 2922 ἐπ’
691 2869 942 2941 Ἰωάννην
990 2874 1082 2928 τὸν
1131 2879 1407 2951 Ζαχαρίου
1463 2879 1598 2948 υἱὸν,
1653 2878 1774 2946 ἔτος
1830 2883 1920 2941 ἐπὶ

269 2962 378 3023 τῆς
427 2953 640 3030 ἐρήμου
685 2961 1004 3032 τριακοστὸν
1053 2963 1144 3018 καὶ
1199 2968 1394 3042 μικρόν
1433 2989 1486 3023 τι
1533 2971 1671 3044 πρὸς
1717 2969 1922 3049 διατρί-

273 3039 450 3098 ϐοντα
488 3047 735 3121 γεγονὸς,
799 3049 1076 3124 βάπτισμα
1139 3055 1426 3127 μετανοίας
1484 3061 1768 3134 κηρύττειν
1831 3061 1918 3119 ἐπὶ

272 3134 379 3200 τὴν
423 3131 695 3190 Ἰουδαίαν
743 3137 1013 3196 ἐπέταττε.
1063 3143 1160 3198 Καὶ
1209 3153 1387 3219 παρῆν
1427 3148 1454 3202 ὁ
1495 3151 1774 3222 Ἰωάννης,
1819 3151 1918 3207 ἄν·

275 3226 500 3297 θρωπος
535 3226 628 3296 μὲν
669 3226 732 3281 τὸ
761 3231 1101 3306 φαινόμενον,
1135 3231 1378 3304 θεοειδής
1407 3234 1463 3292 δέ
1493 3260 1576 3300 τις
1623 3241 1714 3296 καὶ
1759 3242 1920 3316 ὓπερ·-

2099 2002 2366 2130 ⁸ξιιριὶςςηιο
2412 2005 2617 2062 Christi
2669 2027 2684 2076 ;
2737 2010 2963 2079 insuper
3043 2016 3094 2065 et
3167 2002 3273 2066 (ιε’
3302 2002 3682 2082 testiﬁcatione

2131 2091 2352 2130 cannis.

2131 2091 2352 2131 οαηηις.

2100 2255 2312 2310 Verum
2350 2255 2668 2326 enimvero,
2703 2258 2973 2330 quintum
3025 2261 3316 2320 decimum
3347 2280 3560 2320 annum
3595 2263 3682 2320 Ti-

2031 2342 2187 2399 berio
2217 2345 2563 2415 imperante,
2599 2349 2832 2402 tertium
2863 2365 2996 2405 vero
3040 2351 3218 2406 Pilato
3245 2353 3453 2408 Judaaaa
3485 2353 3679 2424 praesi-

2025 2433 2217 2502 dente,
2302 2437 2612 2510 tribusque
2659 2441 2992 2510 tetrarchis,
3033 2441 3300 2499 videlicet
3327 2442 3552 2500 Herode
3577 2445 3677 2514 ju-

2027 2522 2210 2588 niore,
2241 2523 2506 2596 Philippo
2555 2535 2609 2583 et
2639 2527 2908 2597 Lysania,
2950 2530 3220 2587 Archelai
3270 2532 3505 2603 quidem
3558 2534 3674 2588 fra-

2025 2613 2233 2682 tribus,
2273 2613 2518 2670 Herodis
2549 2621 2742 2673 autem
2777 2619 2912 2675 ﬁliis
2957 2620 3207 2678 ditiones
3239 2639 3379 2677 suas
3417 2623 3672 2695 regenti-

2028 2703 2158 2772 bus,
2205 2719 2310 2759 nec
2365 2719 2482 2760 non
2535 2711 2704 2762 Anna
2753 2712 2808 2762 et
2851 2708 3068 2780 Caipha
3108 2711 3514 2780 pontiﬁcatum
3571 2729 3674 2783 per

2025 2793 2180 2847 vices
2211 2809 2347 2848 suas
2375 2793 2938 2866 administrantibus,
2989 2799 3155 2868 juxta
3196 2800 3478 2858 divinitus
3507 2799 3672 2858 aﬂla-

2029 2886 2150 2936 tum
2176 2883 2609 2952 evangelistam,
2642 2885 2882 2941 verbum
2913 2885 3143 2943 Domini
3173 2904 3351 2960 super
3379 2889 3670 2946 Joannem

2023 2969 2309 3025 Zacharias
2349 2969 2558 3039 ﬁlium,
2608 2973 2707 3044 qui
2737 2973 3101 3030 tricesimum
3152 2977 3278 3048 jam
3329 2993 3570 3042 annum,
3613 2983 3672 3034 et

2027 3060 2198 3128 paulo
2225 3059 2460 3132 longius
2491 3063 2548 3116 in
2593 3061 2909 3119 solitudine
2953 3065 3194 3134 vixerat,
3229 3065 3469 3135 factum,
3513 3075 3576 3122 ut
3607 3067 3670 3124 in

2022 3147 2226 3204 Judzea
2253 3149 2602 3220 baptismum
2637 3153 2990 3222 paenitentia:
3021 3155 3440 3225 praedicaret,ei
3467 3155 3672 3227 injun-

2027 3239 2130 3294 xit.
2165 3239 2230 3294 Et
2271 3245 2478 3311 praesto
2533 3245 2657 3296 erat
2707 3241 2962 3300 Joannes
3004 3259 3018 3311 ;
3062 3243 3237 3300 homo
3285 3246 3520 3316 quidem
3573 3245 3673 3303 ille

274 3313 511 3385 κόσμιος
559 3315 622 3369 τὸ
665 3317 962 3390 νοούμενον
987 3340 998 3352 ”
1033 3322 1122 3375 καὶ
1161 3323 1236 3386 ὡς
1263 3323 1324 3378 ἂν
1357 3348 1440 3388 τις
1470 3327 1638 3397 εἷ’ποι,
1688 3329 1919 3407 ἅγγελος

2033 3333 2268 3400 aspectu
2298 3329 2484 3402 primo
2512 3329 2694 3392 visus,
2729 3342 2996 3391 czeterum
3027 3342 3220 3390 mente
3250 3335 3379 3407 ipsa
3397 3343 3451 3391 et
3474 3335 3668 3392 animo

280 3402 421 3473 μετά
449 3403 723 3474 σώματος,
786 3407 936 3480 μόνῳ
985 3411 1225 3485 γνησίως
1273 3411 1595 3489 ἐσχολακὼς
1635 3423 1714 3490 τῷ
1767 3425 1914 3493 Θεῷ·

273 3491 418 3560 ἦθος
472 3490 703 3564 ἄμικτον
761 3494 850 3549 καὶ
898 3495 1122 3571 πάμπαν
1164 3499 1460 3577 ἀλλότριον
1499 3512 1601 3575 τῆς
1649 3517 1922 3580 κοσμικῆς

283 3581 697 3652 ματαιότητος·
759 3584 993 3657 ἆκτησίᾳ
1046 3587 1304 3646 παντελεῖ
1357 3593 1447 3648 καὶ
1506 3596 1704 3668 ἀσιτίᾳ,
1755 3599 1919 3672 ἁγνό-

274 3671 408 3740 τητί
435 3691 494 3723 τε
527 3671 646 3744 βίου
675 3673 762 3727 καὶ
814 3673 1059 3746 ἀπαθείᾳ,
1099 3677 1189 3732 καὶ
1227 3681 1350 3742 νοὸς
1405 3681 1674 3756 ἁπλότητι
1715 3671 1920 3764 σφόδρα

278 3758 841 3833 κατακοσμούμενος²
891 3761 1082 3819 οὐδένα
1132 3767 1226 3838 μὲν
1275 3768 1576 3846 ἀνθρώπιον
1645 3758 1922 3852 ἐπαγόμε-

279 3867 398 3916 νος,
439 3847 755 3922 περικύκλῳ
806 3849 864 3906 δὲ
921 3854 1115 3916 πείσαις
1163 3856 1377 3932 ἀρεταῖς
1427 3861 1516 3915 οἷά
1555 3883 1638 3924 τις
1687 3861 1919 3945 δορυφο-

284 3936 553 4010 ρούμενος
590 3935 867 4010 βασιλεύς.
921 3943 1019 3996 Καὶ
1069 3940 1206 4013 δῆτα
1254 3945 1469 4018 ἑστήκει
1517 3955 1650 4006 πᾶσι
1695 3953 1756 4006 τὸ
1804 3935 1922 4026 θεη-

279 4025 446 4102 γόρον
481 4027 656 4099 στόμα
688 4028 850 4098 ἀνεὶς,
883 4031 970 4085 καὶ
1011 4033 1365 4106 κατάλληλον
1411 4038 1620 4113 ἑκάστῳ
1670 4044 1922 4098 θεοπνεύ-

281 4136 426 4178 στως
473 4113 822 4173 διδασκαλίαν
873 4116 1244 4196 ἐπισυνείρων,
1301 4127 1390 4180 καὶ
1437 4126 1652 4203 γλυκίω
1699 4131 1921 4206 μελιτος

281 4200 422 4278 ῥέων
472 4200 688 4276 αὐδήν’
745 4206 836 4262 καὶ
892 4207 1178 4275 πλουσίοις
1239 4215 1332 4286 μὲν
1386 4218 1485 4287 τήν
1545 4217 1921 4294 ἐλεημοσύνην

281 4292 668 4368 παραζευγνὺς,
721 4292 952 4371 ἄρχουσι
987 4295 1044 4354 δὲ
1073 4299 1168 4364 τάς
1195 4305 1295 4372 τῆς
1351 4302 1694 4378 δικαιοσύνης
1744 4309 1921 4366 ἰσονο-

285 4384 448 4458 μίας·
499 4383 766 4450 τελώναις
824 4385 882 4444 δὲ
933 4389 1025 4444 καὶ
1081 4392 1462 4469 εἷσπράττουσι
1509 4400 1570 4455 τὸ
1625 4402 1924 4476 ἁνεπαχθὲς

277 4493 338 4529 τε
391 4480 481 4528 καί
526 4473 755 4550 ἥμερον,
801 4477 890 4530 καὶ
937 4479 1002 4534 τὸ
1052 4482 1126 4553 μή
1177 4479 1316 4557 πέρα
1359 4489 1457 4540 τοῦ
1505 4483 1922 4565 διατεταγμένου

279 4567 462 4618 ποιεῖν
498 4583 514 4598 ·
573 4563 820 4637 στρατείᾳ
868 4562 917 4620 δ’
969 4565 1330 4648 ἐσχολακόσιν
1409 4575 1645 4633 ὑπετίθει
1729 4578 1925 4650 ἥκιστα

278 4653 408 4714 τοὺς
468 4651 708 4722 πλησίον
787 4651 1062 4727 διασείειν,
1121 4659 1157 4729 ἢ
1216 4671 1564 4742 συκοφαντεῖν
1637 4669 1899 4744 αἱρεῖσθαι

277 4747 396 4803 τοῖς
429 4738 488 4796 δὲ
533 4740 697 4803 ῗδίοις
752 4743 1010 4818 ὀψωνίοις
1058 4747 1282 4806 ’ἑκαστον
1324 4738 1600 4828 ἀρκεῖσθαι
1645 4738 1924 4831 ἐννομοθέξ

277 4851 418 4893 τοις.
451 4831 556 4888 Καὶ
603 4831 750 4894 νέοις
799 4834 892 4906 μὲν
939 4836 1038 4905 τήν
1087 4841 1224 4894 κατᾶ
1268 4845 1377 4896 τῶν
1414 4845 1598 4899 παθῶν
1648 4846 1922 4923 εἰσηγεῖτο

279 4919 596 4994 ἐγκράτειαν
620 4937 634 4952 ·
667 4922 883 4997 γέρουσι
919 4921 974 4980 δὲ
1003 4926 1093 4981 καὶ
1131 4935 1290 4984 πᾶσιν
1331 4931 1525 4996 ἁπλῶς
1556 4939 1682 4990 νοῦν
1731 4919 1922 5011 ἔχουσι

281 5009 544 5088 φρόνησιν
586 5010 834 5084 ἐνετίθει,
891 5015 981 5069 καὶ
1029 5015 1167 5090 πρός
1215 5021 1313 5090 τήν
1364 5020 1544 5094 ἀληθῆ
1595 5009 1921 5101 θεογνώσίαν

278 5098 437 5174 ἐνῆγε
464 5117 478 5131 ο
512 5098 602 5154 καὶ
631 5098 792 5162 τέλος
833 5100 1112 5177 ἅριδήλως
1160 5105 1367 5165 ἐδείκνυ
1415 5114 1502 5168 καὶ
1559 5098 1919 5188 συνεϐίϐαζεν,

278 5187 410 5242 ὥστ’
441 5185 637 5243 εἷδέναι
678 5189 880 5255 πάντας
931 5200 1137 5272 σαφῶς,
1185 5198 1346 5255 αὐτὸν
1400 5202 1494 5275 μὲν
1541 5207 1921 5279 προαπεστάλ-

279 5277 366 5332 θαι
407 5280 505 5332 τοῦ
563 5276 689 5332 ὅσον
745 5276 856 5352 ἤδη
915 5279 1142 5352 ἥκοντος
1201 5293 1460 5365 Σωτῆρος
1517 5276 1775 5367 Χριστοῦ,
1831 5295 1921 5352 καὶ

275 5361 574 5443 προλαϐεῖν
607 5365 660 5430 ἐς
693 5368 817 5424 ὅσον
847 5371 942 5434 τὰς
971 5371 1132 5439 ὁδοὺς
1181 5375 1386 5434 ἐκείνου
1433 5383 1920 5458 προευτρεπίσοντα

276 5459 348 5530 τῇ
389 5455 647 5529 μετανοίᾳ
703 5459 792 5512 καὶ
841 5464 944 5514 τοῦ
999 5461 1195 5528 ὕδατος
1257 5455 1586 5543 βαπτισμῷ·
1638 5455 1812 5529 -αὒτὸν
1873 5471 1920 5528 δ’

275 5545 400 5600 ὅσον
457 5543 611 5600 οὔπω
665 5552 937 5622 παρεῖναι,
1013 5552 1143 5630 πυρί
1219 5556 1306 5610 καὶ
1378 5557 1514 5632 ἁγίῳ
1594 5561 1920 5635 βαπτίζοντα

261 5633 568 5708 ’Πνεῦματι,
623 5631 996 5713 διακρινοῦντά
1055 5663 1115 5698 τε
1161 5645 1252 5699 τὸν
1301 5651 1472 5719 σῖτον,
1527 5650 1617 5704 καὶ
1661 5651 1780 5707 ὅσοι
1825 5653 1919 5708 τὸν

271 5719 540 5802 ἀχυρώδη
603 5725 724 5801 βίον
782 5729 1130 5806 προείλοντο.
1179 5731 1340 5793 Οὕτω
1378 5737 1415 5808 ἦ
1459 5735 1776 5816 πρόδρομος
1818 5746 1918 5798 τοῦ

2026 3421 2256 3476 divinus
2314 3438 2552 3492 prorsus
2603 3430 2774 3494 atque
2807 3423 3450 3496 magniﬁcentissimus,
3501 3430 3559 3484 et
3605 3430 3667 3482 ut

2029 3510 2322 3581 quispiam
2371 3509 2547 3579 dicat,
2605 3511 2843 3582 angelus
2899 3529 3139 3585 corpore
3185 3519 3506 3587 assumpto,
3566 3515 3668 3570 uni

2029 3599 2252 3654 sincere
2307 3599 2660 3672 omninoque
2716 3617 2927 3658 vacans
2983 3603 3122 3672 Deo,
3171 3604 3433 3659 moribus
3481 3605 3664 3676 puris.

2029 3695 2083 3742 et
2121 3689 2194 3744 ob
2240 3691 2401 3744 omni
2450 3691 2746 3746 mundana
2800 3693 3053 3747 vanitate
3083 3691 3502 3748 alienissimus.
3537 3693 3667 3750 Non

2029 3777 2317 3849 possessio
2345 3779 2454 3846 illi,
2485 3795 2601 3834 non
2635 3779 2912 3835 alimenta
2937 3780 3132 3852 aliqua
3151 3785 3316 3837 erant
3347 3799 3362 3837 :
3395 3787 3667 3838 caeterum

2028 3867 2361 3923 innocentia
2415 3869 2810 3941 sanctitasque
2839 3869 2988 3940 vitae,
3043 3875 3100 3926 et
3152 3887 3316 3927 mens
3363 3871 3540 3928 nullis
3564 3872 3662 3928 ob-

2032 3957 2200 4012 noxia
2257 3957 2678 4026 affectionibus,
2708 3959 3054 4031 animusque
3085 3958 3461 4031 simplicitate
3490 3977 3672 4016 orna-

2028 4046 2312 4103 tissimus.
2346 4046 2460 4102 Nec
2491 4046 2590 4103 ille
2641 4047 2938 4104 hominem
2983 4065 3338 4120 quemquam
3369 4054 3470 4106 aut
3496 4049 3673 4106 comi-

2029 4141 2214 4192 tatum
2270 4151 2466 4192 secum
2509 4137 2775 4194 ducendo
2831 4138 3095 4193 trahebat
3130 4155 3145 4193 :
3179 4143 3240 4194 at
3295 4138 3674 4196 circumcirca

2030 4225 2186 4280 omni
2220 4225 2487 4282 omnium
2521 4225 2800 4282 virtutum
2832 4243 3060 4297 genere,
3102 4228 3344 4300 perinde
3373 4232 3548 4300 atque
3581 4246 3673 4284 sa-

2031 4313 2233 4370 tellitio
2265 4313 2516 4384 plurimo
2547 4315 2900 4386 conspicuus
2931 4332 3051 4386 rex,
3103 4317 3499 4374 circumdatus
3528 4324 3673 4374 erat.

2030 4403 2232 4458 Stabat
2260 4404 2456 4475 itaque
2490 4403 2590 4459 ille
2619 4405 2690 4459 ad
2722 4421 2924 4460 omnes
2953 4406 3213 4461 divinum
3247 4407 3417 4477 plane
3447 4424 3511 4462 os
3540 4423 3678 4478 ape-

2033 4492 2209 4560 riens,
2259 4497 2685 4564 competentem
2735 4492 3076 4566 unicuique,
3115 4511 3362 4566 eamque
3395 4495 3675 4550 divinitus

2031 4580 2370 4653 inspiratam
2400 4581 2725 4638 doctrinam
2757 4599 3106 4656 proponens,

1909 4716 1922 4742 ’
1955 4681 2001 4744 D
2102 4715 2362 4787 Mellequc
2405 4717 2729 4789 depromar:
2755 4717 2970 4774 dulcem
3020 4721 3200 4787 magis
3248 4733 3340 4774 ore
3381 4717 3668 4789 loquelam.

2033 4851 2334 4922 Siquidem
2377 4850 2656 4907 divitibus
2712 4857 2768 4908 et
2815 4853 3110 4925 opulentis
3157 4852 3581 4924 eleemosynam
3619 4857 3673 4906 et

2034 4939 2493 4996 misericordiam
2527 4941 2974 4996 commendabat
3006 4959 3019 4996 :
3061 4941 3424 5013 principibus
3453 4939 3589 4994 viris
3619 4947 3673 4996 et

2033 5029 2469 5100 magistratibus
2518 5046 2714 5101 aequas
2766 5030 3014 5100 justitiaa
3081 5029 3439 5100 proponebat
3491 5027 3670 5100 leges.

2033 5117 2362 5188 publicanis
2394 5118 2864 5188 tributorumque
2901 5119 3286 5186 exactoribus,
3317 5134 3392 5174 ne
3421 5117 3673 5188 cuipiam

2031 5223 2234 5278 graves
2281 5212 2476 5264 essent
2504 5213 2561 5264 et
2605 5207 2853 5274 molesti,
2915 5222 3055 5263 neve
3102 5208 3422 5278 quidquam
3470 5210 3676 5277 praeter

2031 5295 2410 5353 constitutum
2457 5300 2736 5369 peterent,
2772 5296 3070 5352 lenitatem
3103 5296 3449 5366 subijciebat
3479 5298 3535 5350 et
3564 5293 3674 5351 cle-

2033 5385 2306 5442 mentiam
2344 5402 2358 5440 :
2411 5385 2702 5456 stipendia
2749 5389 2944 5440 autem
2977 5386 3254 5441 facientes
3286 5385 3674 5457 militiamque

2029 5480 2344 5548 sectantes,
2375 5493 2446 5533 ne
2477 5476 2768 5548 proximos
2801 5491 2942 5531 suos
2963 5480 3365 5544 concuterent,
3389 5479 3583 5530 arteve
3611 5479 3674 5531 et

2029 5567 2161 5622 dolo
2194 5567 2342 5623 malo
2394 5581 2496 5639 per
2542 5564 2986 5637 sycophantiam
3025 5564 3536 5632 circumvenirent,
3567 5565 3668 5620 sed

2027 5659 2096 5712 ut
2124 5657 2368 5729 quisque
2413 5671 2613 5712 eorum
2653 5653 2947 5725 stipendio
2994 5671 3099 5712 suo
3156 5658 3465 5712 contentus
3495 5659 3668 5723 esset,

2027 5745 2464 5804 cohortabatur.
2511 5745 2768 5803 Juvenes
2817 5761 2986 5817 porro
3034 5744 3489 5803 moderationem
3521 5742 3670 5800 aﬂ‘e-
