4100 6218
416 371 535 431 687

1708 369 2133 436 NICEPHORI
2173 373 2524 437 CALLISTI

3694 371 3830 432 688

415 505 677 561 ctionum
711 507 767 558 et
799 500 1218 557 continentiam
1245 500 1752 573 perturbationum
1784 504 2027 560 docebat

2166 507 2344 581 Λόγου
2375 507 2555 579 φωνὴ,
2585 502 2713 567 τοὺς
2741 502 3065 576 προσιόντας
3093 506 3209 563 τοῖς
3259 498 3605 577 Ἰορδανείοις
3655 500 3825 557 ἐνιεῖ-

415 594 656 650 senibus
703 589 1091 659 omnibusque
1120 590 1247 644 aliis
1308 594 1498 645 mente
1556 591 1673 644 acri
1730 591 2054 648 valentibus

415 681 780 755 prudentiam
810 679 1257 750 depmdicabat,
1280 684 1337 732 et
1373 680 1442 733 ad
1465 678 1791 735 uberiorem
1822 697 1921 736 eos
1951 681 2053 738 Dei

412 769 809 842 cognitionem
840 767 1181 822 adducebat.
1245 765 1352 823 86
1384 770 1677 823 Postremo
1736 775 1947 838 aperte,
1980 787 2052 827 ne

411 859 471 914 id
530 873 883 930 quemquam
912 856 1139 923 lateret,
1184 856 1485 912 declarans
1524 857 1927 927 conﬁrmabat,
1988 877 2051 916 se

411 949 779 1021 praemissum
819 962 947 1002 esse
976 946 1028 1001 ei
1059 946 1297 1017 qnijarn
1340 962 1518 1018 prope
1566 948 1818 1016 adesset,
1850 949 2049 1005 Serva-

408 1039 517 1093 tori
549 1037 801 1103 Christo,
832 1036 906 1092 ad
961 1036 1332 1107 occupandas
1380 1037 1818 1109 quamprimum
1870 1055 2050 1111 expe—

409 1127 771 1197 diendasque
822 1125 942 1182 vias
998 1125 1180 1194 illius,
1232 1125 1583 1196 paenitentiae
1638 1126 1948 1199 disciplina
1994 1133 2050 1185 et

408 1232 569 1288 aqua:
626 1214 939 1286 baptismo.
986 1213 1156 1270 Illum
1205 1220 1398 1270 autem
1446 1215 1641 1286 ipsum
1665 1216 1911 1287 jamjam
1962 1218 2049 1274 af-

406 1306 692 1372 futurum,
717 1305 817 1375 qui
866 1302 1001 1373 igne
1032 1308 1089 1358 et
1117 1302 1337 1373 Spiritu
1365 1307 1567 1359 sancto
1620 1304 2046 1375 baptizaturus,

406 1400 583 1465 atque
615 1393 875 1449 triticum
904 1392 983 1463 (1)
1005 1397 1061 1447 et
1090 1409 1187 1447 eos
1212 1392 1309 1463 qui
1339 1391 1605 1449 inutilem
1638 1396 1694 1448 et
1724 1395 2046 1451 infructuo-

405 1501 530 1540 sam
563 1488 737 1554 atque
787 1483 930 1537 adeo
962 1480 1246 1552 palearem
1291 1483 1465 1537 vitam
1518 1483 1795 1554 egissent,
1829 1484 2046 1541 discre-

406 1580 567 1630 turus
603 1579 772 1628 esset.
822 1572 903 1626 Ad
953 1571 1109 1626 hunc
1169 1571 1409 1628 modum
1474 1573 1682 1643 pravis
1720 1573 1890 1629 Verbi
1938 1591 2046 1631 vox

401 1662 471 1716 ad
504 1678 566 1717 se
598 1661 939 1717 accedentes
969 1660 1243 1716 Jordanis
1283 1659 1443 1716 ﬂuvii
1466 1663 1654 1728 undis,
1689 1664 2046 1735 praecedente

402 1756 771 1822 peccatorum
811 1750 1193 1819 confessione,
1226 1750 1597 1818 immittebat,
1626 1752 2043 1824 praecidaneis-

2149 597 2227 649 ’σα
2284 596 2542 668 ῥείθροις,
2601 591 3024 666 προηγουμένης
3080 597 3179 660 τῆς
3235 594 3345 647 τῶν
3430 588 3817 662 ἐπταισμένων

2159 680 2483 758 ἐξαγορείας,
2567 683 2659 737 καὶ
2737 686 2858 744 ταῖς
2938 677 3420 756 προτελεστηρίοις
3513 679 3821 753 καθάρσεσι

2161 770 2250 826 διὰ
2276 776 2371 827 τοῦ
2410 771 2605 831 ὕδατος
2652 769 3077 844 προαγνίζουσα,
3109 768 3184 831 εἷς
3213 768 3304 823 τὸν
3341 768 3458 840 μετ’
3503 765 3665 822 αὺτὸν
3717 767 3821 842 ἐρ-

2158 862 2400 934 χόμενον
2430 860 2742 934 ἐταμιεύετο
2783 857 3176 938 ἀσφαλέστατα.
3224 857 3416 926 Εὐθὺς,
3449 855 3540 911 οὖν
3568 857 3662 912 καὶ
3705 856 3820 911 αὖε

2157 951 2250 1013 τὸς
2280 951 2308 1005 ὁ
2342 948 2802 1024 προσδοκώμενος
2842 951 3071 1017 Ἰησοῦς,
3121 951 3223 1013 τῆς
3277 946 3574 1007 Γαλιλαίας
3620 946 3820 1025 ἀφορ-

2163 1040 2357 1114 μηθεὶς
2397 1040 2473 1105 ὡς
2520 1041 2600 1102 εἶς
2648 1044 2757 1094 τῶν
2807 1037 3062 1107 πολλῶν,
3108 1058 3355 1112 προσεισι
3403 1035 3465 1090 τὰ
3519 1036 3825 1108 βάπτισμα

2160 1124 2538 1201 ἐκδεξάμενος·
2577 1129 2748 1203 τυχὸν
2798 1129 2892 1201 μὲν
2940 1126 3079 1182 ὥστε
3127 1127 3218 1182 καὶ
3265 1127 3327 1181 τὸ
3376 1124 3523 1201 ὕδωρ
3570 1128 3641 1198 τῇ
3689 1125 3822 1200 διφῆ

2160 1217 2483 1292 εὐλογῆσαι,
2525 1218 2765 1293 ἀγιάσων
2799 1215 2973 1271 δὲκαὶ
3017 1216 3108 1270 τὸν
3154 1215 3461 1283 Βαπτιστῆν
3508 1217 3608 1282 τῆς
3658 1215 3826 1287 θεαρο

2156 1314 2325 1383 χικῆς
2351 1308 2659 1380 ἁπτόμενος
2705 1313 2974 1385 κορυφῆς,
3016 1305 3107 1360 καὶ
3154 1310 3272 1367 τοῖς
3317 1302 3822 1378 καναδεδεγμὲνοις

2154 1397 2217 1451 τὸ
2275 1394 2422 1472 ὕδωρ
2481 1396 2541 1451 ἐκ
2596 1397 2829 1457 πίστεως
2884 1395 2975 1450 καὶ
3032 1396 3095 1450 τὸ
3154 1398 3370 1466 Πνεῦμα
3427 1394 3551 1468 παρ’
3609 1393 3825 1447 ἑαυτοῦ

2154 1485 2464 1561 προστιθείς
2489 1506 2502 1518 ⁵
2536 1484 2716 1541 πίστιν
2757 1506 2816 1540 τε
2853 1482 3059 1553 διδοὺς,
3110 1483 3183 1546 ὡς
3218 1481 3416 1551 ἐντολὴ
3470 1485 3604 1537 Θεοῦ
3631 1483 3668 1550 ἠ
3701 1484 3822 1535 τοῦ

2156 1573 2530 1649 βαπτίσματος
2563 1579 2816 1630 Ἰωάννου
2851 1571 3196 1642 διδασκαλία,
3228 1570 3423 1626 ἄνωθεν
3472 1571 3547 1632 εἷς
3595 1567 3820 1624 δικαιο-

2155 1664 2315 1735 σύνην
2381 1671 2500 1726 τοῖς
2570 1664 2951 1736 προσιεμένοις
3015 1659 3397 1734 ὃεδωρημένη.
3479 1661 3637 1716 Ταῦτ’
3696 1659 3821 1731 ἄρα

2151 1756 2239 1809 καὶ
2289 1752 2521 1828 παλάμῃ
2577 1752 2895 1828 βαπτίζεται
2957 1751 3242 1825 γηγενοῦς,
3300 1750 3391 1805 καὶ
3440 1749 3469 1803 ὁ
3513 1752 3582 1821 τῇ
3641 1752 3817 1824 τρύσει

402 1856 515 1911 que
545 1840 971 1911 expiationibus
1004 1856 1106 1911 per
1161 1855 1373 1911 aquam
1424 1842 1729 1911 purgabat,
1772 1846 1829 1896 et
1869 1842 2036 1897 adve-

2152 1842 2445 1917 ἁπρόσιτος
2493 1844 2581 1897 καὶ
2657 1842 2821 1915 μόνος
2888 1841 3121 1915 καθαρὸς
3189 1837 3373 1893 ὕδασιν
3438 1835 3814 1907 ἀπολούεται,

401 1931 584 1986 nienti
622 1928 708 1984 illi
751 1930 1068 2001 reponebat
1111 1936 1383 2001 certoque
1414 1931 1762 1988 reservabat.
1811 1932 1955 1988 Cum
1988 1936 2044 1988 et

398 2024 764 2089 exspectatus
824 2021 947 2089 ipse
1002 2017 1173 2074 Jesus
1234 2034 1301 2073 ex
1361 2018 1595 2075 Galilaea
1670 2036 2042 2093 progressus,

398 2113 674 2179 tanquam
708 2123 857 2163 unus
914 2123 945 2163 e
987 2107 1161 2180 vulgo
1192 2108 1443 2177 advenit,
1488 2109 1843 2180 baptismum
1875 2112 2044 2167 subi-

399 2202 571 2252 turus
604 2214 617 2251 :
666 2198 906 2253 fortasse
963 2198 1219 2266 quidem,
1280 2201 1344 2253 ut
1374 2203 1638 2254 contactu
1679 2216 1786 2256 suo
1826 2201 2039 2259 undam

399 2291 652 2341 sacraret
699 2292 756 2343 et
810 2286 1198 2351 benediceret,
1257 2303 1457 2343 revera
1513 2296 1705 2343 autem
1757 2289 1932 2345 simul
1988 2298 2044 2346 et

399 2375 708 2445 baptistam
756 2375 951 2447 ipsum
1010 2375 1268 2430 divinum
1332 2376 1708 2448 attingentem
1765 2378 2039 2435 verticem

399 2465 806 2533 sanctiﬁcaret,
840 2470 896 2521 et
953 2480 1167 2536 aquam
1197 2481 1331 2520 cum
1363 2464 1475 2521 ﬁde
1503 2467 1829 2537 excepturis
1860 2468 2043 2539 Spiri-

397 2558 521 2609 tum
561 2571 691 2610 sum
731 2554 1211 2620 communicaret,
1261 2554 1554 2625 ﬁdemque
1608 2556 1843 2625 faceret,
1878 2575 2041 2612 man-

400 2642 600 2696 datum
632 2659 666 2697 a
710 2641 825 2697 Deo
864 2658 988 2698 esse
1020 2642 1295 2713 baptismi
1345 2642 1588 2698 Joannis
1647 2643 2038 2702 ministerium

398 2731 616 2786 dudum
648 2732 718 2786 ad
769 2731 1079 2802 justitiam,
1122 2732 1177 2786 id
1209 2732 1655 2788 admittentibus
1684 2738 1741 2788 et
1761 2734 2039 2804 recipien-

397 2820 557 2876 tibus
582 2821 805 2875 datum.
867 2821 1064 2890 Itaque
1110 2837 1246 2876 cum
1315 2838 1492 2877 manu
1522 2821 1650 2892 ejus
1706 2823 1953 2893 tingitur
1980 2830 2039 2881 et

397 2910 741 2979 baptizatur,
774 2910 874 2979 qui
922 2915 1071 2965 terra
1100 2910 1331 2981 genitus
1360 2914 1533 2978 esset,
1570 2919 1689 2965 tum
1724 2912 1894 2968 undis
1934 2914 2034 2969 ab-

394 2997 578 3054 luitur
600 2997 717 3066 ille,
749 2998 849 3070 qui
874 3004 1080 3054 natura
1100 2998 1433 3064 inviolatus,
1456 3001 1735 3071 solusque
1758 3002 2036 3059 mumdus

396 3092 455 3144 et
486 3104 664 3156 purus
705 3092 806 3154 est,
861 3087 1137 3142 nimirum
1195 3104 1228 3141 a
1283 3093 1516 3158 peccato
1574 3105 1895 3160 repurgans
1933 3091 2032 3162 (2).

394 3173 503 3229 Sed
529 3173 685 3228 euim
716 3173 897 3243 hujus
926 3177 1098 3228 tanta:
1128 3178 1184 3229 et
1213 3175 1890 3247 tamsublimis,queeqde
1924 3194 2035 3233 na-

2153 1929 2251 2005 ἐμέ
2279 1938 2378 2000 τῆς
2429 1929 2698 2005 ἁμαρτίας
2758 1928 3157 2002 ἆποκαθαίρων.
3220 1926 3317 1981 Καί
3370 1946 3433 2002 γε
3475 1931 3579 1994 τῆς
3631 1926 3814 1999 ὑπερ-

2156 2025 2322 2099 φυοῦς
2395 2021 2560 2075 αὐτοῦ
2629 2020 3003 2089 ταπεινώσεως
3067 2017 3228 2093 γὲρας
3317 2016 3429 2070 οἷον
3489 2016 3634 2088 ἄξιον
3703 2014 3813 2068 καὶ

2155 2111 2419 2186 ὑπερφυὲς
2477 2109 2759 2182 ἐκομίζετο
2808 2110 2871 2164 τὸ
2931 2106 3257 2182 ἀνεπτύχθαι
3309 2107 3403 2178 μὲν
3449 2104 3598 2175 αὐτῷ
3641 2104 3812 2178 ἆνερ-

2153 2201 2376 2274 χομένῳ
2414 2203 2510 2253 τοῦ
2562 2196 2753 2259 ὕδατος
2801 2198 2898 2260 τὰς
2945 2196 3121 2256 πύλας
3169 2199 3266 2250 τοῦ
3315 2193 3569 2267 οὐρανοῦ,
3624 2188 3688 2245 τὰ
3739 2188 3812 2246 δὲ

2153 2292 2373 2362 Πνεῦμα
2431 2289 2586 2361 ἅγιον
2647 2283 2775 2341 εἴδει
2833 2290 3149 2360 περιστερᾶς
3215 2281 3295 2338 ἐπ’
3372 2282 3534 2337 αὐτὸν
3591 2278 3812 2348 ἐλθεῖν,

2150 2378 2243 2433 καὶ
2274 2376 2442 2432 εἰσαεὶ
2493 2377 2668 2448 μένειν
2718 2378 3051 2448 σωματικῶ·
3097 2373 3178 2427 ἐπ’
3228 2372 3416 2429 αὐτόν.
3465 2367 3637 2443 Ὁμοῦ
3683 2370 3809 2443 μὴν

2153 2464 2242 2521 διὰ
2288 2467 2349 2520 τὸ
2378 2463 2612 2539 καθαρῦν
2660 2468 2757 2519 τοῦ
2803 2467 3033 2534 πτηνοῦ,
3092 2457 3205 2535 ἅμα
3255 2459 3312 2516 δέ
3359 2461 3449 2515 καὶ
3499 2459 3583 2514 ὅτι
3637 2479 3810 2534 περι-

2152 2557 2312 2629 στερὰ
2341 2554 2510 2610 πάλαι
2542 2555 2674 2609 ποτέ
2720 2556 2821 2623 τὴν
2855 2558 2954 2608 τοῦ
3002 2549 3390 2622 κατακλυσμοῦ
3421 2548 3575 2603 λύσιν
3622 2547 3807 2621 εὐηγ-

2148 2644 2425 2719 γελίσατο,
2456 2645 2545 2699 καί
2576 2648 2667 2697 νῦν
2716 2641 2893 2697 εἷλκεν
2942 2642 3029 2695 ἐπὶ
3067 2642 3157 2695 τὸν
3208 2638 3647 2714 μαρτυρούμενον
3693 2638 3808 2706 τήν

2150 2735 2331 2811 φωνὴν
2380 2737 2477 2788 τοῦ
2535 2732 2744 2803 Πατρὸς
2796 2730 3001 2785 ἄνωθεν
3059 2730 3186 2804 ἤχῳ
3234 2728 3487 2803 βροντῆς,
3531 2724 3800 2801 διάτορον

2147 2824 2469 2899 ἐξηχοῦσαν.
2518 2824 2641 2878 Υἱὸν
2686 2826 2874 2876 τοῦτον
2925 2818 3202 2893 ἀγαπητὸν
3253 2819 3344 2871 ἅτε
3393 2815 3458 2885 δὴ
3514 2823 3795 2891 μονογενῆ

2147 2910 2276 2966 ὄντα
2338 2914 2881 2986 προσμαρτυροῦσαν,
2938 2908 3030 2962 καὶ
3085 2906 3146 2962 τὸ
3211 2904 3387 2960 θὲλειν
3455 2904 3664 2958 ἐκείνου
3730 2905 3797 2959 ἐν

2145 3001 2324 3073 τούτῳ
2346 3001 2429 3071 ὃν,
2460 3000 2548 3053 καὶ
2579 3000 2677 3067 τὴν
2727 3002 2825 3052 τοῦ
2864 2996 3037 3051 καλοῦ
3086 2995 3285 3057 παντὸς
3331 2991 3553 3061 δόκησίν
3584 3014 3643 3047 τε
3693 2994 3801 3047 καὶ

2146 3088 2418 3162 εὐλογίαν.
2477 3093 2536 3144 Ὁ
2584 3088 2677 3155 μὲν
2725 3086 2819 3140 οὖν
2871 3087 3124 3154 Ἰωάννης
3175 3083 3372 3157 μείζων
3422 3082 3634 3136 πάντων
3683 3083 3799 3137 ὑπὸ

2145 3184 2245 3247 τῆς
2288 3175 2679 3245 αὒτοαληθείας
2729 3174 3112 3250 μαρτυρηθεὶς,
3161 3172 3251 3227 καὶ
3301 3173 3401 3241 τήν
3443 3175 3539 3225 τοῦ
3595 3170 3801 3246 βαπτί-

393 3267 587 3317 turam
625 3241 813 3333 ipsam
864 3268 1120 3333 superet,
1170 3262 1551 3320 submissinis
1571 3269 1627 3319 et
1663 3241 2032 3335 humilitatis,

2148 3286 2352 3340 σματος
2402 3262 2676 3319 διακονίαδ
2727 3264 2918 3340 ἄριστα
2962 3263 3053 3317 καὶ
3095 3262 3168 3323 ὡς
3218 3260 3386 3336 ἐχρῆν
3437 3258 3623 3332 ἐκείνῳ
3672 3260 3797 3330 ἐξη-

393 3349 714 3405 maximum
748 3348 915 3405 illum
949 3354 1332 3421 naturamque
1355 3349 1557 3406 itidem
1580 3352 2033 3423 supergredien-

389 3444 507 3494 tem
540 3438 735 3494 retulit
791 3438 1094 3507 honorem,
1126 3440 1280 3510 quod
1312 3439 1365 3494 ei
1415 3455 1483 3495 ex
1514 3440 1693 3496 undis
1724 3442 2013 3512 prodeunt

390 3533 572 3600 portae
611 3527 734 3584 caeli
772 3529 1135 3600 aperiuntur,
1168 3536 1222 3584 et
1261 3528 1514 3599 Spiritus
1544 3534 1783 3586 sanctus
1812 3529 2032 3587 colum-

389 3620 472 3673 bae
503 3618 695 3689 specie
742 3634 919 3690 super
948 3618 1141 3689 ipsum
1187 3618 1511 3687 descendit,
1553 3626 1944 3692 perpetuoque
1970 3621 2029 3677 in

383 3709 511 3779 ipso
542 3706 917 3779 corporaliter
961 3712 1179 3764 manet.
1212 3709 1455 3765 Factum
1504 3709 1587 3777 id,
1630 3726 1759 3765 cum
1794 3715 2029 3782 propter

374 3796 627 3851 volucris
651 3797 837 3867 ipsius
886 3798 1221 3868 puritatem,
1248 3802 1373 3853 tum
1403 3798 1558 3868 quod
1587 3798 1858 3855 columba
1888 3801 2019 3856 olim

371 3885 571 3941 diluvii
605 3887 780 3942 ﬁnem
828 3886 958 3942 leto
1014 3887 1275 3959 praedixit
1318 3888 1522 3944 nuntio
1556 3905 1571 3955 ;
1603 3894 1661 3944 et
1691 3906 1845 3944 nunc
1887 3906 2027 3961 quo-

366 3992 480 4047 que
508 3991 733 4040 secum,
764 3975 824 4031 in
854 3993 987 4032 eum
1021 3977 1121 4048 qui
1166 3977 1501 4034 testimonio
1531 3979 2022 4050 comprubabatur

367 4080 399 4119 e
425 4064 569 4118 coelo
618 4063 883 4121 fulminis
930 4082 1095 4132 sono,
1128 4065 1314 4121 Patris
1342 4082 1541 4122 vocem
1581 4069 1758 4123 traxit
1788 4067 1942 4124 clare
1966 4073 2022 4125 et

364 4152 598 4220 diserte,
636 4152 852 4209 Filium
900 4155 1057 4209 hunc
1096 4155 1373 4210 dilectum
1418 4160 1472 4211 et
1502 4157 1894 4227 unigenitum,
1927 4175 2020 4214 vo-

363 4240 771 4314 luntatemque
801 4260 968 4308 suam
1008 4246 1067 4301 in
1116 4246 1226 4301 hoc
1285 4262 1419 4313 uno,
1470 4247 2019 4319 beneplacitumque

362 4347 531 4387 omne
587 4338 643 4386 et
698 4332 1161 4389 benedictionem
1214 4350 1363 4403 esse,
1396 4336 1882 4408 promulgantem.
1914 4337 2018 4393 Hio

360 4421 544 4494 igitur
569 4424 842 4489 Joannes,
884 4425 1069 4494 major
1110 4424 1385 4482 omnibus
1416 4426 1726 4498 ipsissimsz
1759 4427 2016 4483 veritatis

363 4512 694 4569 testimonio
744 4512 1150 4583 conﬁrmatus,
1221 4515 1496 4587 baptismi
1546 4516 1892 4587 ministerio,
1936 4517 2017 4572 ita

2142 3358 2338 3424 νυκὼς,
2396 3354 2484 3409 καὶ
2558 3359 2635 3427 τῷ
2691 3352 2909 3431 νομςρίῳ
2966 3355 3180 3426 Χριστῷ
3237 3351 3335 3419 τὴν
3389 3349 3607 3425 νύμφην
3667 3351 3798 3404 Ἐκ-

2137 3446 2373 3514 κλησίαν
2453 3446 2765 3517 θεοπρεπῶς
2858 3440 3386 3518 κατεγγυησάμενος,
3455 3439 3546 3493 καὶ
3611 3438 3795 3511 ἀμνὸν

2139 3537 2272 3588 Θεοῦ
2318 3533 2409 3587 τὸν
2480 3531 2712 3603 Χριστὸν
2757 3535 2873 3590 τοῖς
2921 3535 3051 3584 πᾶσι
3103 3526 3492 3602 ὃιατρανώσας,
3535 3527 3638 3596 τὴν
3698 3548 3798 3582 κο-

2137 3624 2337 3696 σμικήν
2390 3622 2653 3694 ἁμαρτίαν
2713 3624 2791 3690 τῷ
2838 3616 2959 3691 ἰδίῳ
3005 3618 3095 3673 καὶ
3144 3615 3339 3672 ἂπαθεῖ
3394 3615 3614 3690 αἴροντα
3673 3616 3795 3669 σώ-

2137 3733 2286 3785 ματι,
2351 3712 2415 3765 οὐ
2469 3714 2547 3781 τῷ
2606 3707 2828 3783 Ἀνδρέᾳ
2882 3707 2971 3762 καὶ
3027 3706 3216 3781 Πέτρῳ
3279 3705 3464 3780 μόνον,
3508 3704 3599 3760 καὶ
3650 3710 3787 3760 πᾶσι

2130 3806 2246 3863 τοῖς
2296 3796 2553 3869 τηνικάδε
2607 3797 2892 3870 ὁμιλοῦσιν
2934 3796 3105 3867 αὐτῷ,
3156 3793 3303 3851 ἀλλὰ
3348 3795 3438 3849 xvii
3486 3795 3647 3848 παντὶ
3698 3798 3787 3866 τῷ

2129 3890 2343 3962 κόσμῳ,
2406 3888 2498 3943 καὶ
2554 3893 2673 3950 ταῖς
2729 3885 2916 3965 ἐφεξῆς
2985 3885 3219 3945 ἁπάσαις
3280 3880 3498 3954 δηλαδή
3570 3888 3785 3956 γενεαῖς

2126 3983 2235 4034 τῶν
2304 3978 2623 4052 ἀνθρώπων,
2684 3976 2805 4029 Υἱὸν
2862 3978 2996 4030 Θεοῦ
3049 3978 3140 4028 καί
3193 3973 3321 4027 Θεὸν
3376 3968 3547 4044 Λόγον
3581 3970 3788 4027 ἄνωθεν

2128 4067 2217 4123 ἐπὶ
2286 4066 2531 4141 σωτηρίᾳ
2615 4065 2825 4120 πάντων
2916 4062 3238 4139 ἐρχόμενον,
3298 4058 3504 4135 δοτῆρά
3558 4081 3619 4115 τε
3681 4066 3786 4116 τοῦ

2127 4158 2463 4229 Πνεῦματος,
2519 4155 2608 4209 καὶ
2665 4160 2763 4224 τῆς
2840 4153 3111 4214 υἱσθεσίας
3192 4152 3371 4227 ἀρχὴν
3438 4150 3529 4203 καὶ
3586 4152 3782 4224 πηγήν

2126 4242 2253 4303 ὄντα
2283 4252 2399 4308 τοῖς
2452 4246 2601 4317 αὐτῷ
2650 4241 2990 4299 πιστεύουσιν
3055 4244 3083 4297 ὁ
3134 4240 3568 4301 θεοπτικώτατος
3612 4238 3781 4313 ἀναγ-

2128 4332 2369 4409 γὲλλων,
2400 4332 2491 4386 καὶ
2541 4330 2702 4409 φίλον
2752 4330 2846 4403 μὲν
2915 4329 3104 4384 ἑαυτὸν
3161 4333 3239 4401 τῷ
3302 4334 3405 4397 τῆς
3462 4325 3782 4403 φιλανθρω-

2124 4422 2253 4485 πίας
2312 4415 2715 4494 ὑπερϐάλλοντι
2773 4419 2907 4473 εἶναι
2965 4416 3197 4486 ἐκείνου,
3251 4417 3328 4489 μή
3374 4418 3489 4470 οἷὸν
3542 4413 3599 4470 δὲ
3648 4415 3781 4471 ὄντα

2123 4515 2229 4567 τῶν
2264 4518 2368 4581 τῆς
2419 4510 2740 4583 οἰκονομίας
2797 4507 2977 4585 λόγων
3040 4504 3182 4580 μηδέ
3236 4507 3336 4575 τήν
3393 4504 3631 4580 ἐσχάτην
3683 4508 3780 4560 καὶ

362 4602 446 4656 uti
498 4603 791 4669 docuerat,
873 4619 1050 4672 quam
1119 4604 1331 4673 optime
1408 4605 1738 4674 defunctus,
1802 4624 2010 4678 sponso

2146 4600 2471 4677 ιραχυτάτην
2516 4600 2672 4655 λύσιν
2708 4598 2906 4672 εὑρεῖν,
2961 4595 3049 4652 διὰ
3090 4598 3189 4666 τὴν
3236 4596 3466 4675 φυσικὴν
3512 4597 3780 4651 ταπεινό-

359 4689 588 4746 Christo
618 4706 897 4762 sponsam
929 4692 1242 4748 Ecclesiam
1276 4692 1686 4751 decentissime
1714 4695 2011 4767 amplissi-

2146 4713 2280 4764 ςητα,
2338 4694 2505 4765 τρανῇ
2565 4696 2696 4744 πᾶσι
2748 4687 2974 4764 γλώσσῃ
3035 4685 3261 4762 ἐκήρυξέ
3301 4706 3360 4740 τε
3403 4685 3493 4740 καὶ
3537 4684 3780 4741 ἐπιστώ-

358 4795 567 4848 msque
595 4778 979 4851 desponsavit,
1029 4778 1134 4836 87
1165 4796 1381 4851 agnum
1414 4781 1514 4838 Dei
1545 4783 1837 4839 Christum
1881 4801 2015 4841 voce
2127 4802 2277 4838 σατο.

360 4868 691 4924 clarissima
721 4870 923 4925 mundi
947 4871 1124 4925 totius
1169 4876 1468 4941 peccatum
1499 4888 1737 4944 corpore
1768 4888 1892 4941 suo,
1937 4874 2091 4945 quod
2142 4872 2549 4929 affectionibus
2572 4870 2957 4926 deterioribus
3006 4867 3282 4923 omnibus
3315 4881 3529 4935 carere,
3563 4866 3779 4924 tollen-

361 4963 476 5014 tem
513 4974 668 5015 :non
700 4962 928 5014 tantum
968 4960 1221 5015 Andreae
1248 4964 1306 5014 et
1362 4959 1549 5026 Petro,
1610 4964 1995 5033 omnibusque
2033 4962 2129 5033 qui
2161 4967 2288 5018 tum
2331 4978 2461 5017 cum
2510 4977 2576 5016 eo
2607 4959 3120 5025 conversabantur,
3174 4957 3275 5013 sed
3316 4961 3372 5013 et
3399 4957 3505 5013 toti
3549 4959 3778 5016 mundo

360 5052 417 5103 et
447 5048 720 5104 omnibus
777 5048 985 5106 deinde
1052 5049 1523 5121 generationibus
1574 5051 1876 5108 hominum
1912 5053 2241 5125 designavit
2273 5051 2520 5108 :Filium
2554 5049 2717 5106 illum
2752 5049 2876 5117 Dei,
2908 5057 2962 5104 et
2991 5052 3169 5103 Deum
3223 5046 3500 5118 Verbum,
3535 5047 3778 5105 caelitus

363 5144 594 5208 prepter
623 5139 871 5194 salutem
912 5140 1176 5195 omnium
1232 5141 1580 5209 demissum,
1641 5142 2009 5214 datoremque
2067 5142 2339 5214 Spiritus,
2397 5147 2456 5197 et
2510 5139 2836 5212 adeptionis
2883 5137 3140 5194 ﬁliorum
3170 5136 3272 5192 Dei
3328 5136 3683 5208 principium
3717 5141 3778 5193 et

358 5227 607 5294 fontem,
660 5228 935 5284 omnibus
992 5228 1079 5283 illi
1126 5229 1513 5297 credentibus,
1574 5235 1864 5302 spectator
1924 5232 2050 5305 ipse
2081 5231 2184 5287 Dei
2214 5231 2592 5287 annuntians.
2655 5229 2721 5284 Et
2769 5228 3027 5283 amicum
3058 5225 3295 5298 quidem
3355 5242 3415 5282 se
3471 5226 3621 5296 ejus,
3664 5243 3771 5298 pro

361 5316 664 5374 excellenti
712 5317 873 5374 illius
910 5319 973 5373 in
1031 5334 1215 5390 genus
1270 5319 1600 5375 humanum
1649 5320 1927 5377 cbaritate
1979 5325 2071 5378 est
2109 5321 2451 5393 professus:
2485 5321 2581 5375 sed
2630 5317 2709 5373 ita
2737 5322 2960 5386 tamen,
3016 5320 3083 5371 ut
3124 5315 3458 5371 moonomiaa
3486 5319 3545 5371 et
3575 5316 3774 5372 admi-

359 5407 721 5464 nistrationis
749 5408 876 5479 ejus
914 5407 1207 5465 rationum
1256 5424 1330 5466 ne
1376 5409 1638 5466 intimam
1691 5410 1929 5482 quidem
1980 5416 2036 5468 et
2067 5411 2393 5478 minimam,
2430 5415 2659 5481 propter
2708 5407 3034 5464 naturalem
3079 5405 3449 5476 tenuitatem,
3485 5405 3770 5477 disquisi-

358 5496 576 5554 tionem
607 5498 866 5555 invenire
894 5503 1136 5570 possest.
1171 5500 1233 5555 Id
1257 5499 1355 5574 ille
1386 5517 1483 5557 ore
1511 5500 1665 5558 claro
1695 5506 1753 5558 et
1773 5503 1986 5559 diserto
2017 5501 2293 5559 omnibus
2341 5499 2770 5573 depraedicavit,
2801 5504 2859 5555 et
2911 5496 3266 5571 persuadere
3292 5502 3386 5553 est
3414 5500 3689 5553 conatus.

426 5607 511 5680 (1)
543 5605 732 5684 Paleis
766 5610 918 5684 sunt
938 5608 1246 5684 apostasia.
1283 5609 1666 5684 Frumentum
1698 5611 1736 5666 ii
1780 5610 1878 5684 qui
1925 5612 1997 5668 ad
2180 5611 2255 5684 _(2)
2286 5610 2522 5668 Peccata
2552 5625 2679 5683 qua:
2718 5623 2838 5665 non
2883 5605 3108 5676 detulit,
3137 5621 3251 5665 nos
3284 5603 3571 5666 abluendo
3624 5622 3767 5665 sus-

360 5678 541 5738 Deum
578 5679 692 5734 ﬁde
710 5678 1082 5736 fructificant.
1112 5678 1312 5754 (Iren.)
1797 5678 1815 5684 “
2113 5678 2267 5744 tulit.
