4100 6218
340 349 462 411 689

970 488 1231 542 ΚΕΦΔΛ.
1272 491 1339 541 ΙΘ
1366 527 1380 541 .

342 596 460 655 Ὠς
492 592 590 667 εἰς
620 587 908 667 ἔλεγχον
940 592 969 647 6
1000 591 1321 667 ’I‘maiyvnc
1359 590 1446 667 τῷ
1495 589 1989 667 ξΗρμώδῃ-κατέ-

416 686 535 733 στη
569 661 1284 735 διὰτῆἶῚΙρωδιάδαῇ
1326 661 1430 718 καὶ
1484 661 1873 735 ὡς’ἐτμηθη
1915 662 1985 735 ’ἐν

411 732 1033 815 τῷσυμποσίῳῌτήᾂν
1066 732 1385 815 κεφαλήν,
1414 737 1522 790 καὶ
1570 732 1712 799 τοῖς
1761 733 1825 790 ἐν
1862 733 1983 807 ᾅδη

412 804 716 882 κηρύξων
747 804 1067 880 προῆλθε.

413 934 565 991 Ἐπεὶ
625 932 673 990 δ’
719 933 914 1010 ἐχρῆν,
947 931 1127 1008 ὥσπερ
1171 940 1289 996 τοῖς
1330 934 1381 989 ἐν
1430 935 1646 1007 σώματι
1705 938 1857 1003 ζῶσι,
1882 935 1982 1003 τὴν

338 1023 584 1097 ἔνσωμον
648 1025 883 1099 Χριστοῦ
940 1024 1233 1099 παρουσίαν
1289 1023 1565 1099 ἐκήρυξεν,
1626 1022 1694 1077 iv’
1769 1020 1981 1085 ἐντελὲς

335 1112 373 1187 ᾖ
420 1115 482 1167 τὸ
541 1108 700 1188 ἔργον
762 1113 937 1185 αύτῷ,
987 1113 1083 1168 κᾶν
1136 1118 1217 1185 τῷ
1273 1107 1375 1185 ᾅδῃ
1450 1111 1715 1187 γενέσθαι,
1765 1113 1980 1167 κάκεῖσε

335 1200 405 1270 δὴ
456 1201 881 1279 προαναγγεῖλαι
962 1206 1082 1263 ταῖς
1136 1200 1246 1256 ἐκεῖ
1295 1200 1717 1277 καθειργμέταις
1769 1204 1975 1279 ψυχαῖς

331 1291 436 1360 τήν
491 1289 580 1346 διὰ
621 1291 854 1353 πίστεως
902 1292 1027 1346 ὅσον
1076 1288 1184 1359 ἤδη
1231 1290 1492 1361 ἐσομένην
1553 1289 1827 1365 σωτηρίαν
1885 1291 1972 1345 καὶ

330 1380 721 1457 ἀπολύτρωσιν
758 1400 772 1413 ⁸
828 1377 920 1436 διά
963 1401 1049 1435 τοι
1098 1384 1261 1435 τοῦτο
1310 1378 1390 1442 εἷς
1438 1375 1705 1452 ἕλλεγχον
1756 1380 1849 1451 μὲν
1898 1382 1976 1450 τῷ

328 1468 555 1546 Ἡρώδῃ
611 1469 945 1539 καθίσταται,
997 1470 1058 1530 ’ὀς
1115 1476 1214 1535 τῆς
1273 1466 1413 1531 ἰδίας
1474 1466 1738 1542 ὑπεριδὼν
1786 1488 1974 1543 γυναι-

329 1559 427 1621 κὸς
487 1559 749 1633 (θυγάτηρ
798 1556 854 1613 δὲ
898 1559 966 1627 ἦν
1014 1559 1149 1628 αὕτη
1203 1562 1299 1613 τοῦ
1363 1552 1613 1630 Ἀράϐων
1681 1555 1973 1631 βασιλέως,

325 1648 573 1721 ³Αρέτα),
605 1648 693 1701 καὶ
741 1648 803 1701 τὸ
852 1646 988 1721 πρὸς
1036 1647 1204 1715 αὑτήν
1254 1646 1518 1717 ἀτιμάσας
1568 1642 1818 1721 φῖλτρον,
1849 1644 1974 1707 τοὺς

326 1738 472 1812 πρὸς
556 1733 872 1811 Ἡρωδιάδα
950 1734 1226 1798 διακένους
1315 1731 1521 1809 ἔρωτας
1600 1738 1696 1788 τοῦ
1779 1734 1971 1796 καντὸς

1381 348 2000 413 ECGLESIASTICIE
2039 346 2434 410 HISTORLE
2477 350 2620 411 LlB.
2666 351 2717 412 Ι.

2014 484 2072 551 Α

3625 360 3744 423 690

2703 484 2939 544 CAPUT
2967 489 3124 547 XIX.

2096 593 2445 675 Ut__Joauue.s_
2498 593 2757 675 Heroden}
2794 595 2891 675 _irt
2955 599 3160 675 faciem,
3206 604 3457 671 arguerit
3523 611 3742 675 propter

2165 664 2570 745 Herodiadem;
2603 670 2744 745 etut
2762 668 2834 745 is
2858 670 2917 721 in
2947 664 3190 745 convivio
3227 664 3403 743 capite
3432 664 3737 745 trabeatus,

2161 736 2233 791 ad
2253 738 2479 806 inferos,
2503 736 2906 808 praedicaturus
2936 740 3034 809 ibi,
3054 736 3399 812 processerit.

2159 933 2645 1004 Quandoquidem
2709 950 2842 990 vero
2900 936 3159 1003 decebat,
3233 942 3731 1010 quemadmodum

2084 1020 2159 1075 iis
2191 1021 2286 1091 qui
2317 1023 2376 1077 in
2400 1023 2743 1093 corporibus
2770 1032 3065 1080 versantes
3120 1024 3340 1096 vivunt,
3373 1031 3731 1101 corporalem

2085 1110 2302 1166 Christi
2332 1112 2700 1182 praesentiam
2735 1111 3163 1183 praedicaverat,
3187 1130 3301 1185 quo
3319 1116 3405 1171 eis
3427 1134 3574 1188 opus
3606 1136 3731 1176 mu-

2084 1216 2315 1271 nusque
2364 1199 2474 1255 tale
2512 1200 2669 1255 omni
2712 1217 2781 1255 ex
2828 1205 2990 1273 parte
3037 1203 3361 1273 perfectum
3410 1212 3726 1277 constaret,

2083 1289 2161 1343 ud
2193 1288 2267 1344 ad
2300 1288 2518 1344 inferos
2549 1304 2779 1360 quoque
2802 1291 3198 1357 mearet,etibi
3221 1292 3397 1348 etiam
3419 1294 3721 1352 animabus

2081 1377 2399 1445 conclusis,
2430 1380 2674 1450 jamjam
2706 1395 2806 1449 per
2836 1379 3007 1436 ﬁdem
3038 1382 3436 1438 advenientem
3469 1385 3717 1442 salutem

2081 1471 2139 1525 et
2167 1468 2569 1523 liberationem
2601 1469 2976 1525 annuntiaret
3002 1487 3015 1525 :
3049 1486 3118 1526 ea
3146 1471 3276 1542 ipsa
3304 1473 3375 1528 de
3405 1490 3578 1529 causa
3617 1480 3730 1530 tle-

2079 1560 2281 1614 rodem
2329 1558 2407 1629 (l)
2445 1558 2754 1614 manifeste
2812 1560 2871 1614 in
2922 1560 3127 1616 faciem
3179 1562 3578 1633 reprehendit,
3628 1567 3723 1636 qui

2081 1647 2314 1719 propria
2343 1648 2559 1718 rejecta
2587 1647 2834 1720 conjuge
2854 1648 3000 1720 (ﬁlia
3030 1650 3151 1707 haec
3180 1654 3305 1705 erat
3331 1654 3588 1708 Arabum
3637 1671 3723 1708 re-

2078 1737 2170 1807 gis
2184 1738 2408 1807 Aretes),
2423 1736 2839 1809 amoribusque
2856 1740 2984 1808 ejus
2999 1739 3203 1794 nuntio
3218 1740 3489 1807 remisso,
3511 1758 3717 1797 vanam

325 1824 509 1896 ἠξίου.
558 1824 768 1895 Ταύτην
818 1826 907 1881 καὶ
950 1826 1052 1900 γάρ
1101 1830 1333 1900 γυναῖκα
1382 1822 1541 1879 οὖσαν
1589 1828 1686 1877 τοῦ
1736 1821 1958 1900 ἀδελφοῐ

2083 1832 2137 1880 et
2165 1826 2418 1880 eifmtam
2446 1841 2584 1896 erga
2614 1825 2987 1881 Herodiadem
3008 1827 3369 1884 etfectionem
3400 1830 3575 1886 rebus
3608 1847 3724 1886 om-

327 1913 618 1969 Φιλίππου
666 1915 924 1990 ἠγάγετο,
980 1915 1057 1983 μὴ
1124 1918 1202 1985 τῷ
1255 1913 1413 1987 νόμῳ
1464 1911 1654 1967 δοκοῦν
1692 1931 1703 1943 ·
1756 1912 1973 1988 σπέρμα

320 2005 428 2079 γὰρ
480 2005 624 2078 εἶχεν
666 2002 725 2058 ἔκ
772 2001 1068 2080 τάδελφοῦ,
1115 2004 1205 2058 καὶ
1252 2007 1421 2057 ταῦτα
1458 1997 1540 2057 ἔτι
1589 2006 1669 2075 τῷ
1721 2003 1826 2077 βίῳ
1872 2023 1972 2056 πε-

322 2094 565 2170 ριόντος,
628 2094 703 2156 ὡς
758 2094 1011 2164 Ἰωσήπῳ
1070 2088 1259 2147 δοκεῖ·
1322 2091 1547 2154 ἐκείνοις
1605 2091 1707 2165 γὰρ
1764 2090 1967 2168 ἐφεῖται

322 2182 516 2254 μόνοις
555 2185 718 2235 τοῦτο
774 2185 976 2248 ποιεῖν,
1022 2185 1137 2239 τοῖς
1195 2177 1401 2234 παίδων
1461 2179 1581 2235 ἄνευ
1628 2178 1965 2235 ἀπολιποῦσι

316 2271 412 2324 τὸν
463 2268 581 2343 βίον
618 2290 631 2303 ·
690 2271 826 2323 κατὰ
873 2268 1130 2335 πρόνοιαν
1190 2270 1431 2337 πάντως,
1491 2267 1621 2323 ὥστ’
1668 2268 1965 2338 ἀναστῆσαι

320 2358 541 2433 σπέρμα
570 2364 686 2421 τοῖς
718 2356 1002 2435 ἀδελφοῖς.
1031 2359 1293 2428 Ἰωάννης
1326 2357 1372 2412 δ’
1415 2357 1657 2433 ἐλέγχων
1695 2359 1758 2412 τὸ
1786 2359 1962 2431 παρά-

314 2470 489 2521 νομον
534 2449 653 2515 ,οὐκ
708 2446 863 2504 ἀνίει.
923 2449 979 2503 Ὀ
1036 2445 1113 2516 δὲ,
1187 2449 1367 2503 καίτοι
1445 2448 1708 2521 πρότερον
1784 2444 1960 2515 ἡδέως

315 2540 531 2594 ἀκούων
562 2537 748 2606 αὐτοῦ,
781 2538 871 2592 κσὶ
908 2558 970 2611 γε
1001 2534 1159 2599 εἰδὼς
1192 2535 1336 2592 πολὺ
1366 2538 1459 2590 τὸν
1489 2536 1657 2609 μέγαν
1704 2537 1767 2590 τὸ
1814 2533 1958 2591 αἷδέ-

317 2648 482 2700 σιμον
530 2625 752 2702 ἔχοοτα,
804 2628 959 2699 ὅμως
1008 2625 1358 2704 ἴσχυρότερος
1413 2626 1440 2679 6
1479 2632 1578 2694 τῆς
1625 2622 1961 2701 Ἡρωδιάδος

313 2714 455 2791 ἔρως
496 2717 644 2788 αὐτῷ
692 2715 964 2789 ἐμπεσὼν,
996 2714 1299 2786 κατημέλει
1335 2719 1442 2768 τῶν
1490 2713 1693 2768 ἐκείνου
1751 2714 1958 2788 λόγων,

317 2806 417 2862 Καὶ
476 2807 569 2861 τὸν
626 2806 721 2879 μὲν
767 2803 948 2860 ἐδίδου
997 2809 1202 2882 φρουρᾷ
1254 2823 1268 2836 '
1317 2801 1475 2864 εἰδὼς
1532 2800 1588 2857 δὲ
1628 2804 1655 2857 ὁ
1696 2805 1954 2872 Ἰωάννης

312 2896 440 2950 ὅσον
474 2893 618 2950 οὕτω
658 2893 805 2950 ἔσται
834 2896 922 2949 τὸν
974 2895 1093 2969 βίον
1123 2893 1434 2958 ἀπολιπὼν,
1470 2890 1564 2946 δύο
1604 2893 1817 2967 πάμπει
1846 2893 1951 2948 τῶν

315 2987 577 3059 μαθητῶν
625 2986 830 3054 Ἰησοῦ,
860 2986 959 3052 τήν
1000 2984 1122 3056 περὶ
1175 2982 1337 3038 αὐτοῦ
1382 2983 1635 3037 ὑπόνοιαν
1682 2984 1952 3057 ἀναιρῶνο

310 3074 515 3147 πολλῷ
544 3075 646 3149 γὰρ
682 3074 852 3147 μείζω
877 3074 968 3128 τὸν
1021 3075 1276 3143 Ἰωάννην
1326 3071 1501 3146 ᾤοντο
1547 3077 1644 3127 τοῦ
1696 3078 1949 3147 Χριστοῦ.

307 3166 372 3223 Ὀ
404 3163 463 3220 δὲ
492 3161 660 3238 μηδὲν
698 3165 832 3237 πρὸς
881 3165 981 3231 τὴν
1035 3162 1300 3237 ἐρώτησιν
1340 3161 1597 3231 ἐπειπὼν,
1628 3162 1694 3216 τὰ
1748 3168 1949 3236 σημεῖα

309 3253 498 3329 ἔλεγεν
556 3252 911 3328 άναγγέλλειν
970 3256 1051 3325 τῷ
1100 3254 1319 3326 Ἰωάννῃ
1380 3253 1454 3305 ὧν
1512 3251 1804 3325 αὐτουργὸς
1855 3252 1944 3320 ἦν.

303 3347 397 3405 Ὦς
460 3341 505 3397 δ’
564 3342 758 3397 ἐκεῖνοι
817 3340 868 3396 ἐν
925 3345 1005 3413 τῷ
1068 3335 1272 3415 βεϐαίῳ
1328 3340 1481 3409 ἦσαν,
1546 3340 1883 3414 βουλόμενος
1924 3342 1952 3395 6

304 3431 543 3506 Χριστὸς
592 3432 683 3485 καὶ
731 3436 852 3491 τοῖς
903 3434 1210 3503 παρεστῶσι
1265 3428 1499 3499 τάληθὲς
1546 3426 1849 3502 ὑποδεῖξαι,
1884 3419 1961 3485 δι’

301 3520 531 3576 ἐπαίνου
577 3521 672 3575 τὸν
726 3520 979 3588 Ἰωάννην
1031 3523 1287 3584 ποιεῖται,
1329 3517 1608 3597 ὑπεροχὴν
1655 3517 1802 3592 αὒτῷ
1855 3541 1953 3591 με-

303 3609 501 3686 γίστην
539 3613 975 3684 προσμαρτυρῶν
1011 3627 1024 3641 ·
1066 3608 1153 3662 καὶ
1211 3606 1427 3679 μείζονα
1474 3613 1579 3662 τῶν
1648 3606 1700 3662 ἐν
1761 3628 1953 3681 γεννη-

301 3705 423 3760 τοῖς
455 3699 546 3753 καὶ
598 3698 978 3771 περισσότερον
1025 3698 1311 3775 προφήτου
1357 3697 1732 3769 ἀνακηρύττει.
1766 3698 1951 3752 Ἔπει-

301 3809 371 3845 τα
413 3789 513 3857 τήν
553 3793 654 3857 τῆς
723 3785 1013 3847 κολακείας
1080 3785 1334 3840 ὑπόνοιαν
1383 3786 1641 3859 ἀναιρῶν,
1696 3787 1952 3859 μικρότε-

310 3899 400 3953 ρον
440 3878 535 3951 μὲν
582 3877 772 3932 ἑαυτὸν
823 3875 958 3930 κατὰ
1004 3878 1106 3944 τήν
1154 3873 1374 3929 ἐκείνων
1426 3873 1581 3944 δόξαν
1610 3876 1790 3944 καλεῖ,
1827 3879 1954 3948 μεί-

308 3974 442 4038 ζονα
487 3964 544 4021 δὲ
586 3966 736 4026 αὖθις
786 3963 991 4019 ἐκείνου
1032 3963 1083 4017 ἐν
1114 3961 1185 4036 τῇ
1242 3962 1491 4037 βασιλείᾳ
1535 3969 1642 4018 τῶν
1686 3963 1949 4037 οὐρανῶν.

305 4059 456 4115 Μετὰ
503 4060 663 4112 τοῦτο
712 4054 929 4110 δεῖπνον
989 4049 1241 4128 Ἡρώδης
1297 4052 1469 4107 ἐποίει
1525 4059 1642 4115 τοῖς
1691 4054 1954 4128 γενεσίοις

305 4150 499 4204 αὐτοῦ.
553 4148 648 4204 Καὶ
706 4145 905 4220 προῄει
967 4144 1063 4216 μὲν
1118 4145 1146 4197 6
1203 4144 1388 4206 πότος.
1448 4144 1537 4199 καὶ
1601 4146 1951 4219 ψυχαγωγίαι

303 4242 438 4308 ἦσαν
494 4236 569 4298 ὡς
626 4234 896 4290 πλεῖσται.
956 4233 1085 4288 Ἐπὶ
1134 4229 1191 4286 δὲ
1238 4231 1454 4294 τούτοις
1502 4234 1592 4288 καὶ
1624 4236 1656 4302 ἡ
1689 4241 1790 4302 τῆς
1822 4255 1950 4306 μοι-

306 4326 541 4406 χαλίδος
590 4327 726 4400 κόρη
777 4332 1048 4399 παρῆκειο,
1102 4325 1359 4394 ἀσέμνοις
1416 4323 1801 4398 περικλωμένη
1854 4329 1951 4380 λυ-

300 4420 528 4494 γίσμασι
562 4436 575 4449 ·
606 4417 694 4470 καὶ
728 4419 898 4470 ταῦτα
927 4415 1193 4489 παρθένος
1227 4414 1322 4485 μὲν
1354 4418 1433 4484 τῷ
1466 4413 1665 4479 δοκεῖν,
1708 4415 1797 4468 καὶ
1852 4415 1948 4489 βα-

302 4506 504 4569 σιλέως
564 4505 831 4581 θυγάτηρ,
880 4504 969 4558 καὶ
1027 4503 1130 4556 ὑπὸ
1178 4501 1360 4563 τόσοις
1418 4502 1656 4579 ἀῤῥὲνων
1686 4502 1897 4577 ὄμμασι
1933 4525 1949 4538 ο

2082 1914 2256 1969 nibus
2288 1914 2694 1985 anteponebat.
2728 1914 2889 1969 Hanc
2934 1914 3057 1983 ille,"
3105 1932 3233 1971 cum
3296 1933 3533 1973 uxorem
3593 1935 3720 1975 esse

2079 2006 2255 2061 sciret
2283 2004 2478 2060 fratris
2508 2004 2758 2076 Philippi
2790 2006 2887 2075 (2),
2919 2014 3119 2061 contra
3155 2005 3300 2077 legis
3349 2008 3719 2065 constitutio-

2076 2110 2210 2149 nem
2243 2096 2459 2164 (semeu
2489 2094 2647 2149 enim
2678 2094 2926 2148 habebat
2953 2109 3021 2150 ex
3052 2095 3245 2167 fratre)
3276 2100 3333 2151 et
3376 2098 3606 2167 quidem
3650 2115 3717 2156 eo

2075 2186 2264 2241 adhuc
2284 2184 2620 2256 superstite,
2669 2188 2737 2240 ut
2773 2184 3023 2254 Josepho
3052 2185 3302 2246 videtur,
3344 2187 3605 2244 duxerat.
3637 2193 3716 2244 De

2072 2273 2190 2329 illis
2211 2275 2364 2329 enim
2401 2274 2506 2329 hoc
2535 2273 2673 2329 solis
2703 2273 2889 2328 facere
2914 2274 3290 2345 permittitur,
3323 2276 3552 2346 quinon
3588 2295 3714 2349 pro-

2070 2364 2280 2420 creatis
2309 2362 2511 2418 liberis
2557 2378 2693 2418 exce
2716 2363 2914 2427 _dunte
2943 2363 3098 2419 vita:
3131 2364 3308 2435 idque
3355 2366 3713 2435 providentia

2070 2451 2427 2522 consilioque
2467 2468 2534 2506 eo
2573 2452 2814 2519 factum,
2849 2455 2911 2505 ut
2957 2452 3231 2507 fratribus
3288 2469 3481 2510 semen
3544 2472 3707 2511 resu-

2069 2541 2397 2597 scitaretur.
2428 2540 2623 2610 Itaque
2650 2539 2906 2595 Joannes
2937 2540 3211 2595 delictum
3235 2541 3289 2595 id
3324 2558 3561 2615 arguere
3592 2562 3704 2601 non

2068 2631 2353 2687 cessabat.
2386 2631 2487 2686 Ille
2524 2646 2657 2685 vero
2690 2630 2957 2700 quamvis
2988 2636 3158 2687 antea
3188 2648 3319 2688 eum
3344 2632 3592 2691 libenter
3610 2653 3708 2692 au-

2066 2720 2329 2786 divisset,
2363 2719 2519 2791 quod
2548 2719 2934 2775 admiratione
2990 2719 3168 2775 simul
3226 2726 3284 2777 et
3336 2726 3706 2781 veneratione

2064 2810 2304 2882 dignum
2336 2810 2524 2863 virum
2584 2824 2709 2864 esse
2766 2814 3130 2880 compertum
3185 2810 3453 2867 haberet:
3506 2818 3703 2869 tamen

2062 2899 2594 2956 vehementioribus
2618 2896 2961 2953 Herodiadis
2994 2899 3314 2969 amoribus,
3339 2902 3549 2972 quibus
3578 2909 3704 2960 erat

2062 2993 2290 3061 captus,
2306 3004 2604 3045 sermones
2616 2987 3165 3059 cohortationesque
3178 2990 3305 3057 ejus
3323 2992 3699 3062 posthabens,

2064 3079 2121 3134 in
2144 3076 2466 3133 custodiam
2496 3076 2795 3132 hominem
2824 3076 3082 3133 demisit.
3118 3075 3232 3134 88
3266 3080 3321 3135 Is
3340 3096 3532 3149 porro,
3564 3098 3699 3139 eum

2061 3183 2122 3221 se
2153 3167 2310 3221 brevi
2338 3167 2459 3221 vita
2484 3181 2854 3222 excessurum
2887 3167 3294 3234 videter,duos
3307 3184 3373 3225 ex
3392 3169 3699 3242 discipulis

2060 3255 2185 3313 suis
2214 3256 2288 3311 ad
2318 3256 2521 3312 Jesum
2554 3256 2751 3321 mittit,
2782 3254 3117 3325 opinionem
3137 3272 3339 3313 eorum
3398 3275 3576 3330 quam
3628 3263 3699 3319 de

2062 3361 2122 3399 se
2169 3343 2465 3401 habebant
2544 3343 2887 3399 aboliturus.
2951 3344 3235 3413 Majorem
3310 3347 3465 3402 enim
3520 3349 3707 3407 multo

2062 3434 2293 3490 Christo
2321 3435 2602 3489 Joannem
2624 3449 2752 3489 esse
2776 3433 3080 3503 putabant.
3124 3432 3389 3490 Christus
3434 3453 3567 3493 vero
3616 3440 3709 3494 ni-

2062 3523 2142 3578 hil
2178 3522 2247 3578 ad
2277 3523 2632 3593 interrogata
2664 3523 3044 3591 respondens,
3071 3523 3350 3578 miracula
3400 3540 3520 3587 eos.
3579 3542 3707 3598 quae

2062 3613 2273 3667 virtute
2310 3612 2433 3680 ipse
2473 3627 2581 3683 sua
2628 3611 2844 3677 ederet,
2884 3611 3092 3667 Joanui
3138 3612 3472 3668 renuntiare
3512 3614 3703 3683 jubet.

2064 3704 2128 3755 Et
2156 3715 2287 3755 cum
2316 3702 2435 3770 jam
2468 3698 2554 3753 illi
2577 3699 2635 3754 in
2676 3700 2899 3755 veriore
2943 3700 3212 3768 opinione
3241 3701 3569 3758 conﬁrmati
3615 3720 3706 3758 es-

2063 3795 2213 3856 sent,
2254 3789 2452 3844 volens
2476 3788 2739 3843 Christus
2760 3793 2816 3842 et
2845 3787 2977 3843 aliis
3011 3790 3521 3845 circumstantibus
3550 3792 3709 3847 veri—

2061 3882 2239 3934 tatem
2269 3877 2547 3932 indicare.
2589 3876 2875 3932 Joannem
2906 3876 3181 3932 laudibus
3202 3876 3359 3933 vehit
3389 3879 3701 3936 maximam

2062 3968 2145 4023 illi
2167 3968 2432 4022 tribuens
2462 3965 2823 4037 dignitatem,
2856 3970 2914 4020 et
2944 3967 3224 4035 majorem
3276 3968 3551 4024 omnibus
3603 3970 3703 4041 qui

2061 4076 2130 4116 ex
2161 4058 2405 4114 muliere
2445 4056 2625 4127 geniti
2674 4062 2891 4121 essent,
2940 4057 3518 4130 praestantioremque
3573 4077 3708 4132 pro-

2061 4150 2235 4221 pheta
2266 4163 2393 4203 esse
2423 4146 2699 4201 declarat.
2733 4145 2950 4201 Deinde
2983 4146 3399 4204 assentationis
3422 4151 3708 4220 suspicio-

2061 4255 2193 4295 nem
2236 4238 2528 4301 auferens,
2572 4236 2857 4290 minorem
2899 4235 3136 4306 quidem
3176 4252 3261 4303 se,
3299 4238 3468 4305 juxta
3500 4254 3704 4295 eorum

2060 4326 2413 4397 opinionem,
2448 4326 2729 4393 majorem
2760 4340 2893 4380 vero
2927 4341 3133 4380 rursus
3162 4325 3262 4382 illo
3289 4326 3349 4381 in
3382 4343 3558 4396 regno
3589 4345 3705 4385 cm-

2060 4417 2249 4472 lorum
2290 4425 2472 4471 vocat.
2523 4413 2784 4469 Posthac
2840 4414 3170 4470 convivium
3216 4415 3472 4473 Herodes
3528 4418 3703 4473 natali

2060 4522 2163 4560 suo
2190 4506 2284 4561 die
2340 4507 2523 4575 parat.
2583 4503 2646 4557 In
2706 4502 2994 4569 boc,cum
3054 4503 3270 4575 largior
3327 4507 3698 4576 compotatio,

299 4601 530 4669 πρᾶγμα
567 4594 839 4670 σώφροσιν
886 4592 1199 4669 ἀφθαλμοῖς
1242 4591 1349 4665 οὐχ
1389 4590 1579 4654 ἁπλῶς
1611 4590 1808 4669 ἄφιλον
1844 4594 1943 4666 μό-

2071 4611 2179 4648 ;nm
2212 4593 2401 4648 omnis
2430 4591 2659 4664 generis
2690 4592 2909 4647 deliciae
2940 4594 3195 4648 aﬂuere:
3226 4594 3439 4664 quibus
3453 4599 3509 4648 et
3539 4594 3700 4649 adul-

297 4708 410 4755 νον,
444 4684 592 4740 ἀλλᾶ
623 4682 714 4738 καῖ
764 4690 942 4763 φυγῆς
983 4681 1146 4755 ἅξιοψ
1202 4683 1483 4756 Γνώριμον
1514 4680 1572 4737 δὲ
1615 4681 1716 4757 ἄρα
1764 4686 1850 4738 καὶ
1883 4685 1946 4738 τὸ

301 4774 520 4849 δὲνδρον
563 4773 624 4828 ἐκ
678 4777 775 4827 τοῦ
830 4776 1061 4844 καρποῦ.
1116 4772 1282 4827 Τόσον
1344 4770 1389 4825 δ’
1438 4772 1504 4840 ἦν
1547 4776 1624 4842 τῷ
1653 4772 1946 4844 ἀκολάστῳ

299 4865 361 4921 τὸ
409 4862 654 4937 ἀρεστὸν,
711 4860 904 4934 καίπερ
964 4857 1093 4934 μηδ’
1159 4859 1363 4931 ἐκείνης
1428 4860 1816 4933 αἰτησαμένης,
1875 4860 1943 4933 (ὢ

304 4952 596 5029 βασιλικῆς
644 4949 856 5020 ἐκείνης
904 4946 1385 5023 μεγαλοδωρεᾶςί)
1438 4950 1511 5011 ὡς
1562 4949 1651 5004 καὶ
1699 4951 1799 5018 τήν
1845 4953 1945 5024 βα-

298 5043 506 5101 σιλείαν
555 5040 921 5097 συνδιελέσθαι
966 5041 1135 5114 ταύτῃ
1182 5038 1430 5110 Θελῆσαι,
1495 5040 1586 5095 καὶ
1653 5038 1943 5115 διερεθίσαι

301 5141 534 5206 ζητῆσαι
568 5150 581 5163 ⁸
615 5134 650 5200 ἡ
684 5128 742 5185 δὲ
765 5132 827 5185 τὸ
856 5131 1098 5206 γέννημα
1126 5136 1225 5199 τῆς
1258 5128 1481 5208 ἐχίδνης
1536 5131 1639 5185 ὑπὸ
1684 5138 1784 5199 τῆς
1835 5154 1942 5205 μη-

294 5223 706 5300 τρὸςάχθεῖσα,
762 5220 854 5274 καὶ
900 5218 1066 5291 πλλῴ
1119 5224 1303 5290 μεῖζον
1358 5219 1518 5282 αἰτεῖ,
1567 5223 1797 5295 πρᾶγμα
1848 5221 1942 5294 βα-

296 5312 519 5368 σιλειῶν
583 5311 804 5365 ἀπασῶν
862 5308 1265 5382 ὑπερκεῖμενον,
1342 5309 1442 5376 τήν
1518 5308 1719 5368 παντὸς
1792 5307 1940 5379 ἀξίαν

293 5403 550 5459 Ἰωάννου
609 5396 877 5475 κεφαλὴν.
938 5399 1036 5454 Καὶ
1098 5399 1126 5451 6
1189 5398 1282 5471 μὲν
1339 5401 1444 5452 τῶν
1523 5398 1698 5452 ὅοκων
1785 5394 1943 5467 δῆθεν

369 5582 448 5667 (1)
477 5580 734 5709 Ιὲῖιοοάθε
766 5579 883 5648 hic,
915 5580 1161 5652 Antipas
1183 5578 1654 5652 cognominatus,
1684 5580 1945 5652 regnavit

369 5670 477 5709 ima
576 5694 592 5709 .
1430 5676 1433 5683 ·

299 5670 477 5713 annis
499 5670 592 5709 κθ.
1430 5676 1433 5683 ·

2055 4690 2190 4740 tersa
2216 4684 2376 4738 illius
2422 4680 2614 4752 puella
2670 4686 2759 4736 est
2818 4682 3252 4750 superinducta,
3308 4682 3590 4738 infractos
3645 4691 3701 4738 et

2054 4773 2389 4828 indecentes
2421 4771 2678 4841 corporis
2712 4776 2904 4826 motus
2925 4776 2983 4827 et
3012 4770 3369 4836 saltationes,
3401 4786 3537 4825 cum
3570 4772 3696 4843 qui-

2055 4864 2179 4917 dem
2200 4866 2435 4932 etvirgo
2458 4876 2583 4915 esse
2626 4860 3072 4926 existimaretur,
3129 4870 3185 4913 et
3241 4857 3395 4930 regis
3446 4858 3585 4928 tilia,
3637 4861 3697 4915 in

2053 4956 2142 5007 tot
2161 4950 2412 5005 virorum
2464 4954 2778 5019 conspectu
2808 4947 3124 5003 exhibens:
3162 4963 3284 5002 rem
3307 4948 3588 5005 modestis
3638 4958 3692 5005 et

2056 5038 2282 5112 pudicis
2304 5038 2487 5094 oculis
2513 5054 2627 5093 non
2661 5044 2889 5093 tantum
2940 5037 3225 5106 ingratam
3284 5052 3543 5107 prorsus,
3595 5040 3695 5095 sed

2053 5129 2264 5200 eﬁugio
2295 5129 2471 5181 etiam
2505 5127 2762 5199 dignam.
2802 5126 2911 5179 Sed
2941 5124 3113 5179 arbor
3143 5138 3215 5178 ex
3244 5125 3433 5180 fructu
3490 5141 3701 5197 cogno-

2053 5221 2251 5276 scitur.
2297 5221 2491 5275 Tantaa
2548 5227 2740 5273 autem
2794 5216 3105 5286 impudica:
3162 5214 3494 5274 saltationis
3534 5219 3693 5275 fuere

2052 5307 2358 5373 illecebrae,
2383 5312 2449 5362 ut
2479 5307 2743 5378 quamvis
2799 5304 2899 5359 illa
2948 5320 3062 5359 non
3113 5314 3393 5375 posceret,
3449 5308 3697 5363 Herodes

2054 5402 2250 5454 tamen
2286 5396 2452 5469 {proh
2486 5395 2879 5469 regiamﬁllam
2900 5395 3361 5451 munificentiam
3388 5395 3401 5451 ι
3429 5396 3448 5467 )
3481 5412 3697 5454 cumea

2125 5581 2210 5652 (2)
2232 5602 2272 5652 ia
2298 5578 2588 5652 Defuncti,
2620 5600 2650 5652 ν
2679 5575 2920 5636 Tertull.
2939 5599 2967 5629 »
2986 5576 3264 5636 Habentis
3286 5576 3469 5635 ﬁliam
3494 5577 3694 5649 exilla,

2056 5668 2175 5712 non
2192 5651 2326 5710 alia.
2348 5672 2379 5705 »
2411 5651 2638 5724 (Idem.)
