4100 6218
364 323 479 384 69!

1657 319 2084 386 NICEPHORI
2126 319 2476 384 CALLISTI

3649 321 3779 388 692

368 469 615 527 regnum
663 453 916 512 divisum
961 455 1392 513 communicare
1446 454 1711 522 voluerit,
1767 453 2000 511 irritan-

2145 451 2422 523 ενόμενος,
2476 452 2538 507 τὸ
2599 448 2646 506 δ’
2695 450 2892 523 ἀληθὲς
2943 450 3072 515 τοὺς
3103 449 3318 528 δριμεῖς
3358 455 3785 530 τῆςἮρωόιά-

369 547 619 616 demque
647 561 774 602 eam
805 546 876 600 ad
907 546 966 602 id
1007 545 1253 601 duxerit.
1277 547 1347 600 At
1367 545 1488 613 illa,
1519 544 1726 617 vipera:
1757 543 2008 608 soboles,

367 653 402 690 a
433 643 612 691 matre
639 635 863 703 edocta,
898 651 1020 690 rem
1053 634 1222 703 longe
1247 635 1544 705 majorem,
1569 634 1880 705 regnisque
1899 649 2016 688 om-

371 723 543 780 nibus
575 723 1052 794 praestantiorem,
1085 723 1326 778 Joannis
1358 728 1555 794 caput,
1597 723 1848 795 pretium
1889 737 2015 776 om-

371 831 447 870 ne
477 829 781 884 superans,
817 815 977 885 petit.
1021 813 1123 869 Ille
1153 817 1372 881 autem,
1417 815 1582 883 quasi
1621 811 2012 883 jurisjurandi

372 901 650 973 religione
670 903 1004 971 obstrictus,
1036 918 1097 957 re
1123 905 1320 958 autem
1349 902 1472 971 ipsa
1503 901 1618 956 acri
1649 900 2013 970 Herodiadis,

375 990 852 1047 cuisatist‘actum
882 990 1130 1052 volebat,
1181 1005 1378 1046 amore
1435 988 1742 1052 distentus,
1805 989 2016 1044 evesti-

374 1080 470 1152 gio
501 1079 654 1136 ferro
685 1078 1126 1150 caputJoannis
1165 1081 1430 1150 amputat
1467 1078 1546 1150 (1)
1579 1095 1594 1133 :
1625 1082 1683 1133 et
1717 1077 1774 1132 id
1814 1077 2018 1132 etiam-

372 1185 519 1226 num
560 1184 763 1225 cruore
800 1169 997 1224 tabido
1037 1171 1093 1225 et
1123 1167 1349 1239 pulvere
1381 1182 1738 1239 respersum,
1769 1177 1828 1222 et
1869 1167 2022 1222 lanci

375 1258 738 1330 impositum,
781 1257 843 1313 in
909 1257 1236 1313 convivium
1293 1256 1454 1313 omni
1521 1256 1760 1311 luxuria
1813 1271 2023 1328 genere

378 1348 673 1416 difﬂuens,
706 1347 906 1404 inferri
928 1348 1096 1419 jubet
1131 1365 1144 1403 :
1177 1345 1569 1419 spectaculum
1601 1347 1856 1403 convivis
1889 1348 2024 1419 qui-

378 1437 511 1494 dem
542 1437 688 1510 ipsis
717 1437 1079 1492 inamoenum
1110 1441 1168 1493 et
1199 1436 1386 1504 triste,
1429 1436 1601 1491 matri
1631 1451 1762 1491 vero
1813 1433 2020 1507 puellm

379 1531 614 1599 gratum
645 1529 703 1582 et
725 1525 1075 1598 jucundum.
1135 1525 1462 1580 Admodum
1519 1525 1673 1579 enim
1727 1529 2022 1594 optaverat

377 1617 834 1688 quaesiveratque
862 1617 1036 1686 caput
1067 1613 1313 1685 id,quod
1337 1613 1570 1683 ei,quas
1591 1613 2018 1683 concupiverat,

379 1707 556 1762 rebus
587 1721 655 1761 ex
681 1704 972 1760 sententia
1001 1707 1058 1758 et
1113 1702 1357 1758 libidine
1397 1718 1500 1758 sua
1567 1701 1649 1757 uti
1701 1701 2022 1768 inhibebat,

2122 537 2213 600 δος
2262 536 2466 612 ἔρωτας
2526 541 2834 615 θεραπεύειν
2890 539 3118 609 ἐθέλων,
3180 540 3402 611 ἐξαυτῆς
3457 543 3596 620 ξίφει
3667 545 3785 612 τήν

2120 627 2362 704 κεφαλὴν
2411 628 2622 704 ἀναιρεῖ
2652 647 2667 661 ⁸
2723 628 2814 686 καὶ
2863 625 2942 684 ἔτι
2989 633 3070 701 τῷ
3106 627 3294 704 λύθρῳ
3332 628 3783 705 περιβραινομέ-

2119 739 2237 786 νην,
2270 715 2359 772 ἐπὶ
2409 719 2632 781 πίνακος
2693 717 2876 793 εἰσῆγε
2929 721 2999 792 τῇ
3043 717 3329 791 πανδαισίᾳ
3360 739 3374 752 ·
3429 721 3606 794 θέαμα
3651 743 3794 776 σκυ-

2123 805 2338 878 θρωπὸν
2375 806 2472 879 μὲν
2503 811 2619 868 τοῖς
2659 803 2968 878 δαιτυμόσι,
2989 811 3059 880 τῇ
3111 808 3278 879 μητρὶ
3339 805 3397 862 δέ
3443 816 3544 878 τῆς
3595 811 3787 884 κόρης

2123 891 2326 962 ἡδονῆς
2355 892 2522 964 ἄξιον.
2556 895 2655 950 Καὶ
2685 895 2791 970 γὰρ
2817 894 2925 970 οὐχ
2971 897 3134 964 ἧττον
3181 896 3365 968 ἐζήτει
3417 897 3623 969 ταύτην
3666 897 3796 973 ε’ίρ-

2123 1003 2325 1059 γουσαν
2371 989 2488 1044 τοῖς
2536 985 2672 1038 κατὰ
2717 985 2944 1058 γνώμην
2976 986 3240 1059 χρῆσθαι,
3272 986 3446 1047 οὕτως
3495 990 3653 1062 ὁρᾷν,
3682 988 3792 1042 καὶ

2123 1069 2375 1147 γλῶτταν
2427 1072 2585 1145 ζήλῳ
2648 1072 3006 1148 τεθηγμένην,
3057 1073 3302 1149 ἐσχάτως
3371 1075 3588 1150 ἄφωνον
3629 1098 3803 1132 κατι-

2123 1158 2253 1219 δεῖν.
2287 1161 2436 1216 Ἐπεὶ
2469 1159 2527 1216 δὲ
2555 1161 2741 1235 1οὕτως
2787 1161 3057 1237 ἀνῄρητο,
3107 1163 3198 1218 καὶ
3257 1161 3426 1219 ἆθλον
3482 1165 3797 1241 ὀρχήσεως

2123 1253 2158 1320 ἡ
2208 1251 2596 1326 περιμάχητος
2649 1256 2719 1326 τῇ
2781 1249 3001 1324 μαινάδι
3061 1251 3471 1331 πεφιλοτίμητο
3530 1255 3792 1333 κεφαλὴ,

2125 1338 2303 1411 ἐκείνη
2343 1339 2470 1402 τοὺς
2518 1340 2784 1420 ἐλέγχους
2833 1342 3024 1396 ὡσανεὶ
3068 1343 3159 1397 καὶ
3203 1345 3340 1416 μετᾶ
3384 1345 3484 1413 τήν
3532 1345 3796 1419 ἐκτομὴν

2127 1427 2426 1503 ὑπιδομένη
2479 1433 2575 1484 τοῦ
2617 1430 2892 1500 Ἰωάννου,
2941 1431 3225 1486 συνάπτειν
3277 1433 3372 1504 μὲν
3423 1435 3625 1505 ταύτην
3682 1437 3798 1490 καὶ

2129 1518 2282 1580 αὖθις
2311 1523 2389 1590 τῷ
2437 1518 2617 1591 λοιπῷ
2663 1520 2878 1592 σώματι
2930 1517 3120 1576 ἐδεδίει
3154 1539 3169 1553 ’
3207 1525 3338 1596 παρ’
3368 1523 3531 1598 ἑαυτῇ
3565 1521 3623 1579 δέ
3653 1546 3800 1580 καιτ-

2131 1607 2371 1682 ορύττειν
2424 1606 2642 1670 ἀσύλως
2690 1604 2743 1663 ἔν
2783 1630 2886 1663 τινι
2939 1604 3270 1684 παραϐύστῳ
3311 1611 3468 1685 τύπῳ
3514 1615 3622 1667 τῶν
3679 1614 3799 1688 βας

2131 1697 2352 1754 σιλείων
2410 1696 2585 1773 ἔκρινε
2641 1695 2750 1754 δεῖν
2786 1718 2800 1732 ’
2858 1700 2920 1754 τὸ
2967 1697 3024 1754 δὲ
3073 1699 3268 1756 λοιπὸν
3319 1705 3480 1775 σῶμα
3527 1697 3630 1776 ἔξω
3670 1725 3800 1758 που

377 1796 462 1852 ita
490 1797 776 1851 resectum
803 1797 1086 1864 spectare,
1119 1797 1176 1848 et
1207 1791 1468 1863 linguam
1516 1790 1634 1846 zelo
1675 1796 1734 1847 et
1787 1791 2023 1846 aemula-

2145 1789 2342 1843 Ξίπτειν
2377 1785 2732 1844 διεκελεύετο.
2763 1790 2828 1844 Ὅ
2867 1785 3007 1858 δῆτα
3037 1789 3089 1844 οἱ
3137 1789 3374 1863 μαθηταί
3411 1791 3597 1865 μόνον,
3649 1791 3800 1848 κλο⁹

381 1885 541 1943 tione
572 1887 776 1940 sancta
803 1881 981 1938 veluti
1013 1885 1138 1938 cote
1180 1880 1511 1936 acuticnem
1567 1879 1876 1947 redditam,
1926 1896 2024 1953 po-

383 1981 597 2032 stremo
639 1977 864 2028 mutam
894 1970 1209 2043 despicere.
1267 1972 1458 2041 Atque
1487 1969 1571 2025 sic
1623 1969 1722 2026 ille
1782 1970 2021 2040 quidem

380 2068 471 2122 est
499 2061 754 2138 occisus:
789 2064 1074 2131 caputque
1102 2060 1232 2129 ejus
1261 2057 1433 2130 longe
1453 2057 2023 2129 praestantissimum,

381 2152 666 2210 mollioris
686 2150 1010 2207 saltationis
1039 2151 1364 2221 praemium,
1393 2147 1640 2203 mrsnadi
1671 2147 1756 2202 ilti
1786 2154 1843 2204 et
1881 2147 2022 2203 furi-

381 2243 614 2312 bunde,
633 2244 915 2312 tanquam
938 2255 1155 2295 munus
1176 2236 1654 2295 honorificentius
1678 2237 1900 2294 datum.
1925 2237 2024 2293 89

379 2336 451 2390 At
507 2332 639 2404 ipsa
691 2328 936 2386 Joannis
1019 2327 1532 2400 reprehensionem
1597 2326 2027 2398 quodammodo

383 2423 558 2478 etiam
597 2424 730 2491 post
782 2418 988 2490 capitis
1037 2418 1414 2474 resectionem
1455 2417 1658 2472 verita.
1705 2417 2030 2488 conjunge—

382 2510 642 2584 requeid
673 2525 881 2564 rursus
912 2507 1134 2578 reliquo
1163 2507 1386 2579 corpori
1428 2506 1659 2574 timens,
1727 2507 1882 2578 apud
1945 2521 2028 2572 se,

385 2598 619 2656 remotis
648 2597 905 2664 arbitris,
963 2597 1024 2652 in
1064 2596 1421 2654 abstrusiore
1477 2596 1645 2667 regia)
1692 2594 1818 2651 loco
1865 2610 2029 2666 sepe-

383 2690 649 2746 liendum
681 2687 840 2743 duxit
867 2704 881 2742 :
908 2690 1180 2744 truncum
1205 2689 1398 2742 autem
1418 2686 1610 2758 ipsum
1629 2683 2034 2756 abjicerequo-

2132 1881 2210 1952 πῇ
2259 1876 2717 1952 περιστείλαντες,
2767 1881 2978 1950 σεμνῶς
3040 1878 3144 1934 ὑπό
3172 1900 3280 1934 τινι
3326 1878 3587 1954 ἐπισήμῳ
3623 1882 3802 1954 τόπῳ

2130 1965 2438 2022 κατέθεντο.
2480 1967 2693 2036 Ἰησοῦς
2762 1966 2943 2038 μέντοι
3006 1967 3072 2022 τὰ
3118 1972 3198 2039 τῷ
3246 1969 3474 2044 Ἰωάννῃ
3533 1965 3800 2044 συμϐάν-

2130 2077 2196 2112 τα
2245 2055 2636 2128 ἠνωτισμένος,
2667 2055 2758 2110 καὶ
2807 2060 2878 2129 τῇ
2907 2057 3032 2130 περὶ
3065 2055 3224 2112 αὐτὸν
3259 2056 3408 2134 λύπῃ
3441 2059 3799 2135 κατάσχετος

2133 2146 2398 2222 γεγονὼς,
2431 2140 2621 2207 ἐπιϐὰς
2661 2143 2846 2217 πλοίῳ
2876 2146 3002 2220 περὶ
3032 2147 3130 2214 τήν
3187 2142 3436 2219 Θηϐαίδα
3486 2145 3798 2225 διέτριϐεν,

2134 2235 2186 2290 ἐν
2219 2235 2417 2309 ἡσύχῳ
2444 2239 2512 2309 τῇ
2549 2235 2710 2310 βιοτῇ
2737 2235 2800 2290 τὸ
2848 2235 2992 2291 πολὺ
3037 2243 3138 2306 τῆς
3186 2235 3368 2308 λύπης
3408 2239 3797 2313 παραμυθού-

2141 2345 2324 2398 μενος,
2379 2329 2434 2377 Ὀ
2497 2325 2590 2395 μὲν
2629 2321 2722 2377 οὖν
2783 2322 3041 2395 Ἰωάννης
3099 2326 3236 2400 πρὸς
3292 2331 3409 2388 τοῖς
3457 2326 3658 2390 ἄλλοις
3700 2335 3806 2394 οἱς

2139 2409 2304 2486 ηὔχει
2333 2410 2526 2473 καλοῖς
2575 2410 2664 2466 καὶ
2711 2414 2791 2483 τῷ
2840 2412 2972 2488 ὑπὲρ
3029 2417 3264 2488 Χριστοῦ
3298 2417 3584 2490 μαρτυρίῳ
3611 2437 3804 2489 τιμη-

2141 2501 2270 2568 θεὶς,
2301 2499 2428 2562 τοὺς
2472 2499 2732 2572 οὐρανοὺς
2779 2500 2852 2554 ὧν
2901 2501 2974 2570 ἦν
3018 2500 3164 2571 ἄξιος
3223 2501 3426 2580 ε’ίληχε
3477 2506 3805 2575 κατοικίαν,

2143 2587 2237 2644 δύο
2267 2590 2356 2644 καὶ
2407 2589 2454 2644 λ’
2501 2588 2636 2663 πρὸς
2688 2589 2855 2662 μησὶν
2903 2587 2955 2664 ἒξ
2997 2590 3066 2647 τὰ
3108 2593 3244 2667 πρὸς
3272 2594 3370 2662 τήν
3413 2599 3520 2670 γῆν
3578 2589 3810 2651 ἅπαντα

2144 2679 2393 2743 διανύσας
2419 2676 2513 2750 ἔτη
2524 2722 2536 2735 .

381 2781 536 2853 piam
561 2777 762 2849 jussit.
795 2777 942 2832 Eum
975 2793 1144 2850 porro
1177 2775 1365 2832 solum
1397 2773 1667 2847 discipuli
1697 2775 1824 2845 ejus
1857 2773 2056 2828 furtim
2107 2767 2430 2840 sublatum,
2463 2787 2596 2828 cum
2628 2769 2876 2829 solemni
2896 2774 3269 2834 veneratione
3307 2775 3368 2834 in
3399 2776 3614 2836 celebri
3645 2795 3813 2852 quo-

383 2871 518 2924 dam
548 2867 823 2938 sepeliere
862 2866 1008 2922 loco.
1043 2865 1349 2922 Enimvero
1379 2864 1553 2921 Jesus
1581 2879 1716 2920 cum
1746 2879 1815 2920 ea
1845 2878 1972 2934 quae
2013 2861 2228 2916 Joanni
2257 2861 2628 2930 accidissent,
2676 2861 3014 2932 audivisset,
3065 2879 3344 2936 magnum
3403 2867 3474 2924 de
3523 2883 3591 2924 eo
3649 2884 3814 2926 con-

382 2958 537 3031 cepit
566 2972 872 3014 maerorem
904 2972 919 3011 :
952 2962 1010 3012 et
1061 2955 1290 3027 navigio
1339 2969 1680 3022 conscenso,
1711 2952 1772 3008 in
1819 2950 1964 3008 locis
2003 2951 2249 3018 desertis
2279 2957 2542 3010 versatus
2571 2959 2680 3027 est,
2717 2953 2986 3012 solitaria:
3014 2953 3145 3011 vita:
3176 2955 3599 3030 tranquillitate
3645 2973 3802 3015 eum

384 3047 642 3104 dolorem
676 3046 892 3102 solans.
916 3046 1174 3102 Joannes
1202 3044 1384 3116 igitur
1405 3051 1608 3116 praeter
1637 3059 1728 3099 res
1777 3041 1946 3108 alias,
1979 3041 2190 3112 quibus
2240 3040 2648 3112 pulcherrimis
2704 3043 2978 3118 pollebat,
3051 3043 3330 3118 martyrio
3393 3061 3626 3119 quoque
3681 3064 3807 3120 pro

383 3137 598 3194 Christi
645 3137 881 3192 nomine
929 3135 1362 3202 cohonestatus,
1420 3132 1718 3199 cmlorum,
1780 3131 1989 3202 quibus
2044 3131 2255 3199 dignus
2311 3137 2456 3200 erat,
2507 3137 2850 3191 consecutus
2907 3137 3000 3190 est
3035 3133 3444 3193 domicilium:
3501 3137 3812 3211 tringinta

384 3230 444 3284 et
468 3225 698 3282 duobus
729 3225 922 3294 annis,
953 3233 1009 3280 et
1035 3223 1337 3279 mensibus
1359 3221 1599 3292 insuper
1627 3237 1746 3291 sex,
1770 3235 2014 3276 munere
2035 3217 2094 3273 in
2128 3219 2296 3275 terris
2326 3236 2432 3278 suo
2461 3221 2742 3294 explenda
2773 3223 3044 3294 peractis.

1015 3330 1245 3388 CAPUT
1281 3332 1413 3386 XX.

396 3443 472 3499 De
512 3440 836 3512 turpissima
888 3439 1026 3510 ﬁliae
1082 3437 1415 3512 Herodiadis
1464 3441 1662 3503 morte,
1701 3446 1754 3493 et
1810 3436 2041 3493 Herodi:

464 3509 644 3581 obitu,
674 3521 724 3568 et
759 3529 878 3584 qua
907 3511 972 3567 de
1000 3527 1060 3565 eo
1103 3509 1372 3584 Iosephus
1417 3518 1824 3584 commemoret,
1871 3513 1922 3564 et
1978 3513 2041 3564 ut

465 3585 609 3642 idem
639 3581 942 3656 Bapiistam
964 3587 1138 3654 magis
1177 3587 1332 3637 ornet
1357 3581 1636 3636 laudibus.

463 3752 803 3809 Furibunda
867 3751 1157 3821 sedenim,
1236 3754 1293 3805 et
1349 3748 1634 3816 adultera,
1704 3748 2042 3820 incestaque

406 3843 550 3899 adeo
581 3841 701 3910 illa,
734 3858 858 3912 qum
905 3841 1132 3911 quidem
1165 3839 1410 3895 Herodis
1457 3838 1796 3906 habebatur,
1847 3855 2044 3894 revera

394 3941 588 3989 autem
621 3932 879 4005 Philippi
910 3936 1034 3988 erat
1062 3931 1295 4001 conjux,
1328 3929 1444 3985 vita
1474 3929 1707 4002 longius
1736 3934 1883 4000 acta,
1907 3945 2040 3984 cum

395 4023 557 4092 prius
587 4021 765 4076 ﬁliam
799 4027 856 4076 et
912 4022 1264 4076 sallatriccm
1314 4019 1517 4075 acerbo
1573 4019 1690 4075 fato
1745 4020 2039 4076 sublatam

395 4112 656 4176 vidisset,
688 4111 896 4166 deinde
925 4109 1052 4182 ipsa
1090 4125 1324 4180 quoque
1370 4109 1616 4164 decessit
1655 4124 1670 4164 ε
1719 4108 1898 4164 futuri
1941 4126 2044 4164 sae-

396 4199 515 4257 culi
545 4199 769 4269 judicio
800 4204 858 4254 et
885 4199 1171 4271 supplicio
1201 4203 1507 4265 reservata,
1539 4215 1726 4254 meras
1756 4199 1834 4254 ibi
1867 4215 2038 4270 quam

397 4287 679 4344 citissime
719 4287 924 4340 divinae
973 4286 1069 4340 ira:
1124 4286 1310 4354 (uaces,
1341 4285 1858 4356 ,iutolerabilisque
1895 4287 2044 4342 indi-

398 4374 965 4450 gnationisiDomini
1007 4374 1242 4430 calicem
1283 4374 1585 4430 haustura.
1645 4375 1798 4431 Filia:
1849 4382 2042 4432 autem

397 4469 525 4537 ejus
551 4465 792 4538 (dignus
827 4464 982 4520 enim
1015 4467 1114 4528 est]
1143 4463 1241 4535 qui
1298 4465 1590 4520 memorie
1624 4466 2045 4540 commedetur)

401 4557 532 4612 talis
555 4554 665 4610 fuit
686 4554 900 4610 obitus.
935 4553 1205 4610 Eundum
1233 4552 1286 4609 ei
1318 4553 1594 4625 quopiam
1625 4555 1879 4612 brumali
1907 4561 2039 4613 tem-

402 4660 542 4719 pore
574 4648 719 4710 erat,
749 4649 808 4700 et
845 4643 1058 4699 ﬂuvius
1089 4642 1469 4713 trajiciendus
1503 4659 1516 4698 :
1545 4643 1644 4716 qui
1677 4660 1812 4700 cum
1860 4643 2044 4716 glacie

405 4733 754 4790 constrictus
767 4738 1323 4804 coagmentatusque
1335 4737 1511 4800 esset,
1527 4734 1700 4805 pedes
1717 4750 1850 4789 eum
1869 4742 2044 4790 trans-

404 4824 546 4881 ibat.
577 4823 770 4881 Glacie
797 4826 994 4878 autem
1025 4826 1196 4894 rupta
1242 4821 1440 4894 (idque
1469 4839 1586 4879 non
1630 4823 1758 4879 sine
1784 4823 1886 4879 Dei
1942 4841 2050 4880 nu-

407 4913 588 4983 mine)
619 4912 978 4985 demergitur
1004 4910 1104 4967 illa
1132 4911 1332 4967 statim
1363 4911 1550 4984 capite
1597 4916 1769 4968 tenus
1817 4914 1897 4987 (2)
1927 4933 1940 4972 :
1999 4924 2052 4970 et

407 5000 782 5057 inferioribus
811 4997 1070 5070 corporis
1110 4998 1376 5072 partibus
1435 4997 1741 5056 lasciviens
1790 5001 2050 5058 mollius-

407 5105 522 5160 que
550 5105 612 5145 se
638 5104 870 5144 movens
899 5086 1092 5158 saltat,
1131 5104 1248 5143 non
1281 5087 1338 5142 in
1375 5092 1530 5144 terra
1560 5088 1665 5144 sed
1709 5090 1767 5144 in
1829 5091 2001 5145 undis
2035 5108 2047 5145 :

409 5182 584 5250 caput
620 5193 756 5232 vero
777 5175 1089 5232 scelestum
1122 5176 1334 5248 frigore
1363 5179 1419 5232 et
1455 5175 1640 5248 glacie
1693 5183 2050 5248 concretum,

409 5266 616 5322 deinde
646 5265 824 5320 etiam
856 5265 1356 5332 convulneratum,
1387 5269 1445 5321 et
1469 5282 1503 5320 a
1541 5265 1761 5339 reliquo
1793 5284 2050 5339 corpore,

411 5371 527 5410 non
561 5355 733 5417 ferro,
767 5354 867 5410 sed
897 5353 1107 5426 glaciei
1140 5354 1356 5410 crustis
1387 5359 1696 5423 resectum,
1757 5355 1814 5411 in
1868 5357 2054 5430 glacie

487 5561 566 5632 (1)
600 5561 681 5633 En
720 5559 1007 5632 quomodo
1046 5559 1222 5633 periit
1250 5560 1469 5632 iustus,
1517 5561 1685 5632 quasi
1738 5577 1856 5618 non
1907 5565 2057 5619 esset

417 5630 536 5690 Deo
576 5630 846 5690 dilectus.

2777 3332 3035 3388 ΚΕΦΑΛ.
3078 3337 3152 3386 K'.

2116 3423 2862 3527 εῘὶερέὶτοῦθαςισχίστου
2886 3438 3124 3527 ,μόρου
3171 3443 3294 3504 τῆς
3341 3439 3805 3527 Ἱζρωνδιάδος,

2218 3507 2336 3596 καῖ’
2375 3507 2829 3596 τοῦἳθανάτου
2886 3507 3238 3596 (βρώυουο
3303 3507 3580 3569 καὶὀῖα
3638 3507 3810 3589 περὶ

2221 3578 2468 3656 τούτου
2519 3578 2876 3656 ἱστόρησεν
2909 3581 2938 3636 ὁ
2976 3578 3338 3656 ’Ἰώσηπος
3369 3603 3383 3617 ⁸
3429 3586 3544 3640 καὶ
3587 3587 3672 3649 ὡς
3703 3578 3812 3642 δί’

2221 3649 2504 3705 ἐπαίνου
2535 3652 2644 3706 τὸν
2676 3649 2849 3708 Βαπτ
2871 3654 3058 3723 ιστὴν
3088 3649 3253 3728 ἄγει.

2221 3761 2284 3812 Ἦ
2345 3757 2538 3830 μαινὰς
2601 3757 2785 3831 μέντοι
2835 3758 2925 3815 καὶ
2987 3759 3252 3836 μοιχαλὶς
3322 3761 3522 3836 ἐκείνη,
3578 3765 3670 3820 καὶ
3723 3768 3804 3823 τὸ

2151 3843 2342 3902 δοκοῦν
2394 3847 2488 3920 μὶν
2539 3845 2808 3923 Ἡρώδου,
2871 3849 3156 3906 Φιλίππου
3219 3848 3276 3907 δὲ
3329 3859 3447 3914 ταῖς
3503 3853 3801 3926 ἀληθείαις

2149 3938 2306 4011 γυνὴ,
2344 3939 2606 4008 μήκιστον
2639 3938 2733 4010 μέν
2774 3938 2897 4012 βίου
2949 3936 3262 4010 διηνηκυῖα,
3297 3947 3476 4018 πικρῷ
3522 3940 3582 3999 δε
3631 3947 3806 4020 μόρῳ

2150 4027 2249 4094 τὴν
2283 4022 2548 4102 Θυγατέρα
2577 4025 2668 4081 καί
2715 4027 3055 4103 ὀρχηστρίδα
3098 4031 3189 4086 τὸν
3238 4027 3358 4086 ϐίον
3409 4031 3802 4090 καταλύσασιν

2151 4113 2412 4188 πρότερον
2458 4112 2772 4186 κατιδοῦσα,
2830 4118 2947 4172 εἶτα
3002 4117 3093 4174 καὶ
3150 4119 3290 4190 αὐτὴ
3355 4118 3650 4199 κατέρῥηξε
3692 4125 3802 4193 τήν

2156 4205 2324 4274 ζωήν,
2356 4209 2471 4266 τοῖς
2515 4203 2686 4260 ἐκεῖσε
2735 4202 3148 4282 δικαιωτηρίοις
3189 4211 3589 4284 ταμιευομένη,
3620 4210 3805 4286 ἄκρα-

2152 4313 2244 4346 τον
2290 4294 2413 4347 ὅσον
2474 4289 2628 4349 οὔπω
2673 4294 2912 4369 πιομὲνη
2942 4296 3032 4352 τὸν
3079 4305 3178 4367 τῆς
3225 4299 3398 4376 ὀργῆς
3431 4299 3633 4374 Κυρίου
3662 4321 3807 4376 τρυ-

2151 4381 2270 4454 γίαν
2301 4381 2390 4435 καὶ
2431 4382 2492 4436 τὸ
2549 4379 2712 4437 κόνδυ
2768 4387 2865 4439 τοῦ
2925 4385 3182 4442 ἆστέκτου
3234 4385 3438 4442 ἐκείνου
3497 4390 3697 4463 θυμοῦ.
3734 4392 3804 4448 Ὀ

2118 4469 2210 4540 ,δέ
2237 4491 2298 4545 γε
2347 4477 2460 4540 τῆς
2509 4473 2771 4548 θυγατρὸς
2814 4473 2982 4543 αὐτῆς
3035 4475 3256 4538 θάνατος
3300 4475 3466 4550 (ἄξιον
3497 4480 3600 4554 γὰρ
3633 4479 3805 4535 αὐτὸν

2153 4557 2516 4634 διηγήσασθαι
2545 4560 2779 4634 (τοιόσδε
2805 4583 2887 4626 τις
2916 4564 2984 4633 ἦν
3019 4579 3034 4594 ⁸
3084 4564 3206 4620 Ἐπί
3233 4586 3351 4620 τινα
3396 4566 3567 4622 τόπον
3620 4573 3803 4642 ταυτῇ

2156 4644 2350 4712 δεῆσαν
2393 4645 2508 4722 ὥρᾳ
2551 4654 2826 4725 χειμῶνος
2868 4650 3214 4729 πορεύεσθαι,
3253 4653 3344 4708 καὶ
3386 4656 3636 4727 ποταμὸν
3669 4653 3808 4710 δια-

2155 4730 2380 4808 ϐαίνειν,
2433 4736 2650 4813 ἐπείπερ
2714 4737 2920 4804 ἐκεῖνος
2973 4739 3428 4816 κεκρυστάλλωτο
3476 4743 3566 4798 καὶ
3613 4765 3807 4815 πεπη-

2152 4826 2264 4900 γὼς
2291 4827 2380 4895 ἦν,
2412 4827 2544 4902 ὑπὲρ
2575 4829 2751 4884 νώτου
2782 4825 2916 4900 αὕτη
2971 4827 3114 4906 διῄει
3162 4830 3477 4902 πεζεύουσα.
3529 4831 3804 4910 Περιρῥα-

2155 4912 2342 4987 γέντος
2400 4911 2457 4969 δέ
2507 4919 2604 4969 τοῦ
2655 4916 3024 4989 κρυστάλλου,
3065 4917 3164 4974 οὐκ
3206 4921 3344 4976 ἀθεεὶ
3389 4917 3446 4975 δὲ
3484 4923 3703 4984 πάντως
3731 4923 3806 4977 τὸ

2157 4997 2365 5074 συμϐὰν
2397 5003 2488 5074 ἦν,
2544 5003 2814 5081 κατερῥύη
2877 5006 2975 5080 μέτ
3035 5008 3192 5068 εὐθὺς
3223 5008 3314 5063 καὶ
3343 5009 3479 5080 αύτὴ
3513 5006 3644 5084 ἄχρι
3698 5007 3806 5082 δή·

2156 5112 2260 5146 που
2318 5093 2407 5146 καὶ
2466 5093 2711 5170 κεφαλῆς
2752 5114 2767 5128 ο
2825 5096 2915 5150 καὶ
2975 5096 3289 5174 ὑπωρχεῖτο
3348 5103 3645 5175 σπαργῶσα
3702 5103 3800 5156 καὶ

2154 5179 2336 5256 ὑγρῶς
2387 5181 2741 5258 λιγυζομένη,
2767 5185 2867 5240 οὐκ
2912 5185 2965 5240 ἐν
3013 5190 3109 5262 γῇ,
3157 5185 3285 5242 ἀλλ’
3315 5187 3366 5243 ἐν
3399 5185 3553 5243 ὕδατι
3589 5209 3602 5222 ·
3633 5189 3699 5245 ’Π
3741 5187 3807 5246 δὲ

2155 5270 2364 5346 κεφαλή
2409 5277 2488 5345 τῷ
2546 5272 2702 5347 κρύτι
2744 5280 2996 5352 παγεῖσα,
3047 5275 3163 5331 εἶτα
3213 5277 3302 5331 καὶ
3355 5273 3804 5350 διαθραυσθεῖσα,

2156 5359 2245 5413 καὶ
2275 5363 2371 5413 τοῦ
2420 5361 2624 5416 λοιποῦ
2675 5359 3001 5437 διαιρεθεῖσα
3051 5364 3327 5438 σώματος,
3359 5365 3424 5420 οὐ
3455 5363 3619 5444 ξίφει,
3651 5365 3807 5423 ἆλλᾶ

2332 5563 2558 5654 Quibus
2588 5569 2763 5627 rebus
2806 5586 3134 5644 peccamus,
3180 5574 3403 5632 eisdem
3448 5575 3812 5654 pluramque

2158 5649 2353 5706 pmnas
2397 5637 2623 5696 damus.
