4100 6218
230 389 352 452 693

1251 399 1864 463 ECCLESIASTIGJE
1905 396 2297 461 HlSTORI/E
2338 397 2485 456 LlB.
2533 395 2581 455 Ι.

3522 397 3638 460 694

231 523 587 598 κρυστάλλῳ,
621 525 752 601 ὑπὶρ
792 532 900 582 τῶν
938 529 1128 607 πάγων
1177 531 1412 605 ὡργεῖτο
1461 534 1551 588 καὶ
1598 533 1730 603 αὕτη
1780 535 1879 602 τήν

2008 534 2122 604 ipsa
2171 529 2542 586 saltationem
2584 527 2855 583 letbalem
2883 527 3115 584 exhibet
3147 547 3160 584 :
3194 529 3307 586 90
3337 538 3638 602 spectacu-

235 612 580 669 ἐπιθανάτιον
642 611 914 691 ὄρχησιν·
963 621 1055 674 καὶ
1101 621 1191 675 ὑπ’
1237 621 1362 696 ὄψιν
1417 619 1588 678 ἔκειτο
1637 630 1794 679 πᾶσιν
1840 627 1874 692 ἡ

239 703 411 777 μιαρᾶ
462 703 672 781 κεφαλή
723 705 799 769 εἰς
857 707 1160 781 ὑπόμνησιν
1207 712 1281 764 ὧν
1337 709 1522 786 ἔδρασε
1567 714 1691 774 τοὺς
1741 715 1880 768 θεω-

241 792 435 864 μένους
477 792 765 869 ἀνάγουσα.
817 795 916 850 Ναί
972 800 1077 870 μὴν
1132 801 1220 854 καὶ
1270 800 1520 874 Ἡρώδην
1571 804 1732 858 αὐτὸν
1784 803 1882 858 οὐκ

240 881 319 942 εἰς
385 883 590 955 μακράν
647 886 681 952 ἡ
729 886 844 939 θεία
901 883 1048 957 δίκη,
1102 889 1290 964 καίπερ
1354 889 1634 964 βραδύνειν
1694 893 1768 954 ὡς
1817 893 1882 947 τὰ

238 969 434 1025 πολλὰ
479 971 720 1041 εἰωθυῖα,
774 972 999 1047 μέτεισι,
1032 978 1134 1046 τὴν
1186 975 1519 1053 ὑπερϐολήν,
1573 985 1750 1054 οἶμαι,
1783 987 1880 1035 τοῦ

242 1059 556 1131 μιάσματος
622 1059 866 1125 ἐκτόπως
938 1069 1231 1138 μισήσασα,
1300 1073 1387 1130 Ὠς
1443 1071 1544 1144 γὰρ
1616 1072 1882 1144 ἂποστόρ-

237 1169 351 1216 γως
388 1149 504 1224 εἶχε
555 1153 688 1224 πρὸς
737 1155 836 1221 τήν
877 1161 1108 1229 γυναῖκα
1157 1156 1247 1213 διὰ
1282 1158 1408 1221 τοὺς
1458 1161 1593 1234 πρὸς
1621 1162 1720 1229 τὴν
1759 1181 1885 1232 μοι·

240 1234 457 1310 χαλίδα
492 1235 706 1312 δριμεῖς
748 1237 976 1315 ἔρωτας,
1007 1245 1096 1299 καὶ
1137 1248 1338 1317 ταύτην
1383 1253 1490 1302 τῶν
1541 1247 1708 1304 οἷ’κων
1763 1247 1886 1320 ἐξή-

242 1325 429 1396 λασεν,
479 1326 655 1400 ἐκείνη
715 1335 816 1400 τὴν
871 1328 1023 1408 ὕϐριν
1086 1333 1184 1391 οὒκ
1249 1335 1558 1412 ἐνεγκοῦσα,
1616 1339 1695 1408 τῷ
1763 1336 1886 1411 ἰδίῳ

239 1415 408 1489 πατρὶ
467 1419 782 1492 πρόσεισιν’
843 1418 1088 1496 Ἀράϐων
1133 1421 1188 1480 δὲ
1240 1426 1464 1499 βασιλέα
1512 1427 1643 1482 εἶναι
1695 1431 1886 1482 τοῦτον

243 1505 471 1579 Ἀρέταν
528 1508 821 1580 φθάσαντες
879 1509 1077 1567 ἄνωθεν
1125 1511 1450 1588 διελάϐομεν
1480 1534 1492 1546 ·
1544 1517 1633 1570 καὶ
1681 1519 1779 1586 τήν
1830 1538 1886 1571 τε

239 1598 514 1668 τοσαύτην
567 1599 862 1673 ὑπεροψίαν
914 1603 1004 1656 καὶ
1053 1601 1236 1658 τᾶλλα
1283 1606 1418 1681 πρὸς
1472 1603 1667 1660 λεπτὸν
1717 1607 1886 1682 ἀναγ-

240 1686 473 1762 γέλλει·
515 1688 604 1742 καὶ
651 1691 750 1758 τὴν
797 1685 995 1745 ἔκτισιν
1030 1689 1148 1766 ᾔτει
1199 1699 1295 1748 τοῦ
1350 1694 1628 1769 ἀφορήτου
1675 1698 1887 1771 γυναικὶ

241 1778 586 1852 πράγματος.
633 1782 688 1830 '0
746 1775 794 1832 δ’
852 1778 963 1854 οὐχ
1018 1784 1180 1850 {trav
1238 1779 1372 1837 ἰδίαν
1471 1791 1569 1852 τῆς
1623 1783 1888 1860 θυγατρὸς

1989 621 2160 692 loque
2201 636 2267 675 eo
2317 618 2591 673 omnibus
2642 617 2902 688 praebito,
2933 617 2992 673 in
3038 620 3379 676 memoriam
3419 637 3483 676 ea
3514 638 3639 693 quae

1990 711 2222 777 fecerat,
2248 707 2646 780 spectantibus
2671 713 2914 762 revocat.
2940 708 3222 765 Herodem
3252 727 3420 782 porro
3445 712 3640 782 ipsum

1991 817 2105 856 non
2150 798 2330 854 multo
2380 802 2529 868 post,
2565 796 2819 851 vindicta
2866 796 3078 865 divina,
3113 800 3380 869 quamvis
3418 801 3641 856 tardior

1992 889 2312 958 lentiorque
2358 887 2415 941 in
2467 886 2786 958 plurimum
2818 902 2947 940 esse
2978 885 3168 955 solita,
3201 889 3401 944 itidem
3437 906 3641 960 prose-

1992 979 2214 1049 quitur,
2264 981 2383 1031 tam
2428 975 2768 1033 immanem.
2818 982 2876 1028 ut
2924 977 3195 1045 equidem
3243 988 3404 1048 puto,
3438 980 3642 1036 nefarii

1994 1065 2226 1122 sceleris
2278 1064 2677 1134 impuritatem
2723 1062 3009 1133 praecipue
3055 1081 3199 1136 aegre
3239 1067 3448 1123 ferens.
3482 1069 3644 1132 Quod

1994 1154 2152 1211 enim
2182 1153 2436 1210 Herodes
2468 1153 2656 1208 alieno
2688 1169 2950 1222 prorsus,
2978 1158 3211 1224 propter
3243 1156 3643 1214 vehementem

1994 1259 2304 1314 acremque
2334 1241 2608 1298 adulteria
2643 1257 2922 1309 amorem,
2957 1244 3028 1298 ab
3070 1260 3242 1300 uxore
3274 1251 3397 1300 erat
3428 1247 3644 1311 animo,

1995 1334 2170 1388 domo
2220 1348 2344 1388 eam
2389 1331 2595 1403 exegit.
2627 1331 2756 1386 Haec
2796 1347 2926 1386 vero
2978 1337 3201 1387 tantam
3234 1335 3645 1391 contumeliam

1995 1437 2111 1476 non
2165 1419 2379 1484 ferens,
2414 1420 2485 1474 ad
2540 1427 2760 1489 patrem
2808 1435 2982 1474 suum
3023 1435 3085 1475 se
3116 1421 3362 1477 contulit
3391 1424 3646 1493 (Aretam

1995 1515 2187 1566 autem
2236 1511 2308 1581 (1)
2357 1510 2612 1566 Arabum
2662 1525 2854 1580 regem
2906 1509 3063 1566 hunc
3094 1510 3291 1579 fuisse,
3321 1529 3497 1583 supra
3530 1529 3650 1568 me-

1997 1600 2298 1669 minimus)
2328 1605 2385 1655 et
2433 1599 2515 1656 illi
2567 1605 2686 1655 tam
2739 1605 3072 1671 protervum
3113 1602 3476 1674 despectum,
3511 1603 3651 1660 alia-

1998 1705 2112 1761 que
2161 1689 2360 1744 omnia
2406 1689 2475 1743 ad
2528 1689 2840 1744 minimum
2892 1706 3073 1760 usque
3103 1705 3427 1759 recensens,
3461 1693 3653 1748 vindi—

1999 1783 2151 1834 ctam
2181 1784 2299 1833 tam
2335 1778 2585 1847 indignae
2635 1777 2977 1850 mulierique
3009 1796 3124 1835 non
3157 1780 3402 1837 ferendae
3434 1783 3515 1839 rei
3548 1800 3646 1854 pe-

244 1864 448 1940 ἕκρινεν
483 1866 612 1920 εἶναι
653 1869 751 1936 τὴν
803 1864 995 1943 ὕϐρινθ
1046 1872 1136 1924 καὶ
1184 1873 1279 1934 τας
1327 1880 1450 1947 περί
1499 1873 1658 1928 αὑτὸν
1711 1873 1891 1948 ἁθροί-

2008 1867 2109 1924 tiit.
2135 1867 2236 1923 Ille
2259 1885 2390 1924 vero
2416 1886 2528 1924 non
2562 1868 2756 1924 minus
2787 1885 2950 1924 suam
2985 1887 3158 1939 quam
3192 1871 3320 1926 filice
3349 1879 3651 1930 contume-

245 1976 340 2017 σας
383 1953 665 2028 δυνάμεις,
716 1955 1005 2013 ἐπιτίθεται
1063 1965 1143 2032 τῷ
1204 1959 1420 2036 Ἡρώδῃ
1450 1983 1462 1996 ·
1509 1963 1598 2018 καὶ
1648 1965 1745 2031 τήν
1793 1963 1887 2018 αὐ-

245 2041 343 2097 τοῦ
399 2045 653 2118 στρατιὰν
700 2045 777 2107 είς
824 2044 985 2109 τέλος
1035 2045 1365 2126 διαφθείρας,
1414 2053 1499 2106 καὶ
1549 2053 1649 2120 τήν
1701 2052 1886 2126 χώραν

248 2141 418 2190 πᾶσαν
474 2136 638 2191 αὐτοῦ
685 2139 813 2212 πυρὶ
858 2139 1132 2212 παραδούς
1179 2163 1237 2196 τε
1283 2143 1373 2198 καὶ
1424 2141 1894 2218 ἀνδραποδισάμε-

247 2246 361 2293 νος,
394 2227 614 2298 σύμπαν
653 2248 710 2282 τε
757 2229 820 2282 τὸ
868 2230 1005 2284 κατὰ
1048 2235 1171 2285 νοῦν
1221 2233 1369 2303 αὐτῷ
1416 2239 1686 2306 κραταιῶς
1729 2232 1896 2308 ἐργα-

251 2317 504 2386 σάμενος,
549 2313 636 2370 ἐπὶ
692 2316 758 2369 τὰ
816 2317 988 2372 οἰκεῖα
1044 2317 1153 2390 ἤθη
1215 2320 1546 2397 ἀνέστρεφεν.
1603 2326 1777 2376 Ταῦτα
1839 2319 1896 2375 δὲ

253 2404 315 2458 οὐ
351 2404 514 2476 μόνον
548 2407 582 2473 ἡ
613 2410 721 2459 τῶν
754 2407 914 2480 ἱερῶν
961 2409 1313 2484 Εὐαγγελίων
1368 2407 1584 2483 βίϐλος,
1631 2409 1775 2464 ἀλλὰ
1806 2410 1891 2464 καὶ

251 2494 279 2546 ὁ
312 2491 633 2568 φιλαλήθης
674 2495 943 2566 Ἰώσηπος
985 2504 1269 2573 μαρτυρεῖ,
1307 2502 1404 2568 τῆς
1451 2521 1510 2554 τε
1557 2497 1894 2573 Ἡρωδιάδος

251 2584 480 2654 μνήμην
537 2584 907 2656 ποιούμενος·
979 2587 1052 2648 ώς
1110 2587 1360 2659 Ἡρώδης
1411 2594 1612 2657 ζῶντος
1665 2590 1758 2660 μὲν
1805 2590 1897 2643 τᾶ-

248 2671 460 2749 δελςροῦ
511 2669 814 2744 διαστήσειε
859 2678 960 2745 τὴν
1007 2683 1235 2751 γυναῖκα
1282 2677 1492 2733 ἐκείνου
1539 2679 1628 2733 καὶ
1683 2679 1895 2733 οἰκειώ-

244 2785 405 2818 σαιτο
431 2781 444 2794 ⁸
477 2764 752 2834 ἀθετήσειε
785 2763 841 2820 δὲ
885 2768 982 2836 τήν
1031 2769 1293 2842 πρότερον
1345 2769 1404 2824 ἐκ
1443 2770 1628 2842 νόμων
1673 2790 1898 2846 γεγενη-

253 2854 426 2924 μένην
477 2854 647 2924 αὐτῷ,
699 2856 886 2928 Ἀρέτα
935 2862 1033 2911 τοῦ
1078 2858 1351 2932 Πετραίων
1403 2859 1674 2934 βασιλέως
1727 2863 1896 2932 θυγα-

249 2943 404 3013 τέρα,
456 2942 706 3013 κάκείνην
765 2947 900 3019 πρὸς
964 2947 1140 3020 γάμον
1211 2949 1502 3023 ἀγαγέσθαι
1568 2949 1656 3002 καὶ
1727 2969 1900 3003 συνοι-

255 3031 416 3086 κίαν·
452 3029 523 3086 δι’
551 3035 618 3103 ἢν
647 3033 734 3088 καί
763 3034 853 3089 τὸν
901 3035 1148 3106 Ἰωάννην
1191 3035 1418 3106 ἀνελὼν,
1468 3038 1714 3113 πόλεμον
1765 3040 1899 3114 πρὸς

257 3121 486 3196 ’Δρέταν
518 3123 708 3193 ἤρατο,
752 3124 828 3186 ὡς
861 3123 918 3178 ἂν
971 3127 1329 3200 ἡτιμωμένης
1374 3127 1552 3200 τούτῳ
1588 3136 1688 3197 τῆς
1739 3130 1899 3204 θυγα-

250 3211 389 3283 τρός
412 3230 424 3242 ·
459 3210 511 3264 ἐν
539 3212 586 3282 ᾧ
615 3210 846 3285 πολέμῳ
900 3214 1071 3270 πάντα
1101 3216 1191 3270 τὸν
1246 3215 1490 3290 Ἡρώδου
1541 3215 1900 3294 διαφθαρῆναι

256 3301 490 3374 στρατὸν
537 3301 762 3376 ἱστορεῖ,
815 3307 1000 3360 παθεῖν
1028 3303 1277 3360 δὲταῦτα
1308 3303 1396 3361 διὰ
1441 3310 1541 3377 τήν
1587 3311 1682 3362 τοῦ
1714 3309 1901 3363 Ἰωάν-

255 3411 355 3444 νου
414 3389 881 3466 παραλογωτάτην
940 3396 1232 3468 ἀναίρεσιν.
1294 3397 1638 3452 Δικαιότατον
1701 3395 1756 3452 δὲ
1811 3399 1903 3453 τὸν

256 3481 523 3550 Ἰωάννην
581 3489 1008 3558 προσμαρτυρεῖ,
1065 3484 1155 3539 καὶ
1214 3490 1310 3540 τοῦ
1371 3487 1742 3561 βαπτίσματος
1815 3489 1906 3561 μέ-

260 3591 486 3644 μνηται,
535 3576 614 3644 τῷ
665 3572 988 3649 Εὐαγγελίῳ
1037 3576 1173 3630 κατά
1204 3580 1305 3630 πᾶν
1336 3575 1386 3630 ἐν
1416 3582 1532 3640 τοῖς
1569 3577 1691 3650 περὶ
1741 3577 1904 3632 αὑτοῦ

256 3666 592 3740 συμφωνῶν.
647 3664 872 3736 Ἰστορεῖ
922 3664 979 3720 δὲ
1027 3663 1114 3719 διὰ
1169 3668 1266 3733 τὴν
1319 3664 1628 3740 Ἡρωδιάδα
1671 3669 1761 3722 καὶ
1808 3675 1906 3734 τῆς

263 3749 551 3825 βασιλείας
615 3753 705 3806 τὸν
775 3751 1028 3825 Ἡρώδην
1093 3754 1540 3810 ἀποπεπτωκεναι
1579 3778 1590 3790 ·
1673 3757 1785 3829 μεθ’
1842 3760 1908 3824 ἧς

257 3841 352 3896 καὶ
396 3841 474 3903 εἰς
522 3842 810 3912 ὑπερορίαν
858 3847 1286 3917 κατακριθῆναι·
1340 3845 1520 3900 Βιέννα
1556 3843 1612 3900 δὲ
1641 3848 1707 3914 ἧν
1762 3845 1907 3918 αύτῷ

259 3930 325 3986 τὸ
359 3929 788 4006 φυγαδευτήριον
816 3950 830 3966 ⁸
864 3935 1074 4007 ὅμορος
1105 3934 1238 4004 αὕτη
1288 3935 1450 3997 πόλις
1480 3938 1586 3989 τῶν
1631 3934 1905 4003 Γαλλιῶν,

261 4023 401 4093 πρὸς
433 4021 496 4076 τὸ
552 4022 715 4096 βάθος
759 4029 860 4091 τῆς
909 4023 1136 4096 ἑσπέρας
1179 4023 1425 4096 κειμένη.
1461 4026 1546 4078 Ἐν
1603 4023 1784 4095 μέντοι
1830 4029 1908 4094 τῷ

259 4117 365 4180 τῆς
423 4111 848 4185 ’Δρχαιολογίας
898 4109 1346 4183 ὀκτωκαιδεκάτῳ
1403 4113 1592 4171 αὑταῖς
1651 4134 1754 4167 που
1815 4112 1908 4167 λέ-

262 4201 373 4268 ξεσι
431 4201 522 4254 καὶ
577 4198 705 4255 τάδε
761 4202 886 4276 περὶ
944 4201 1194 4256 Ἰωάννου
1251 4201 1420 4278 φησί’
1475 4203 1648 4255 «Τισὶ
1699 4199 1753 4255 δὲ
1800 4207 1906 4255 τῶν

259 4285 542 4344 Ἰουδαίων
579 4287 751 4344 ἐδόκει
793 4289 1064 4345 ἀλωλέναι
1113 4291 1202 4344 τὸν
1249 4287 1498 4365 Ἡρώδου
1531 4291 1753 4362 στρατὸν
1807 4291 1908 4344 ὑπὸ

258 4382 360 4432 τοῦ
395 4382 529 4434 Θεοῦ
559 4380 649 4433 καὶ
693 4378 838 4451 μάλα
884 4377 1106 4440 δικαίως
1155 4379 1495 4452 τιννυμένου,
1547 4381 1680 4434 κατὰ
1712 4380 1906 4447 ποινὴν

261 4472 359 4524 τοῦ
398 4467 652 4523 Ἰωάννου
699 4473 798 4523 τοῦ
847 4467 1280 4541 ἐπικαλουμένου
1327 4473 1662 4524 Βαπτιστοῦ·
1710 4469 1906 4522 κτείνει

259 4560 366 4632 γὰρ
425 4561 620 4612 τοῦτον
677 4555 933 4631 ¹Ηρώδης
981 4558 1184 4634 ἀγαθὸν
1236 4557 1420 4631 ἄνδρα,
1469 4559 1557 4612 καὶ
1605 4564 1720 4620 τοῖς
1772 4561 1906 4613 ’1ου-

2003 1957 2141 2013 liam
2172 1974 2297 2012 eam
2330 1974 2459 2013 esse
2499 1959 2798 2027 judicans,
2829 1959 3135 2014 contractis
3165 1961 3348 2032 copiis
3378 1962 3502 2017 suis
3533 1979 3651 2019 om-

2003 2047 2195 2116 nibus,
2228 2046 2443 2101 bellum
2478 2046 2686 2101 Herodi
2739 2046 2912 2102 infert
2943 2065 2957 2102 :
2991 2049 3302 2104 exercitum
3334 2051 3461 2120 ejus
3493 2068 3653 2121 pror-

2003 2151 2101 2190 sus
2151 2136 2428 2203 concidit,
2461 2135 2758 2207 regionem
2809 2152 3043 2192 omnem
3076 2137 3195 2209 igni
3225 2145 3434 2207 vastat,
3465 2140 3655 2197 homi-

2004 2241 2144 2279 num
2195 2224 2310 2279 vim
2362 2240 2630 2295 magnam
2679 2226 2835 2296 capit
2880 2232 2937 2280 et
2965 2225 3198 2282 abducit
3228 2245 3242 2284 :
3275 2230 3656 2300 omnibusque

2005 2314 2177 2368 rebus
2208 2330 2276 2369 ex
2307 2314 2590 2370 sententia
2612 2315 2913 2382 confectis,
2937 2316 2994 2370 in
3019 2332 3263 2387 regnum
3287 2335 3462 2373 suum
3487 2321 3656 2376 redit.

2003 2406 2192 2473 Atque
2243 2403 2362 2458 haec
2412 2403 2651 2473 quidem
2703 2420 2818 2458 non
2852 2404 3040 2460 solum
3073 2421 3369 2461 sacrorum
3404 2408 3659 2479 Evange-

2007 2490 2218 2546 liorum
2250 2491 2418 2558 liber,
2442 2508 2641 2548 verum
2667 2493 2839 2548 etiam
2865 2494 3120 2549 veritatis
3139 2511 3340 2552 amans
3369 2497 3660 2569 Josepbus

2006 2581 2340 2637 testimonio
2389 2599 2495 2637 suo
2545 2583 2868 2650 confirmat,
2918 2583 3256 2641 Ilerodiadis
3303 2588 3656 2643 mentionem

2006 2673 2249 2728 faciens:
2272 2678 2336 2728 ut
2360 2673 2584 2728 scilicet
2605 2673 2857 2729 Herodes
2880 2676 3005 2729 vivo
3026 2675 3218 2730 adhuc
3241 2676 3432 2744 fratre,
3459 2680 3658 2748 conju-

2007 2778 2131 2833 gem
2184 2761 2364 2828 illius,
2397 2778 2573 2833 opera
2623 2777 2729 2817 sua
2757 2761 2828 2817 ab
2859 2778 2926 2817 eo
2958 2763 3371 2833 abalienatam,
3403 2765 3510 2820 sibi
3545 2767 3656 2837 ipsi

2009 2850 2394 2921 conjunxerit,
2411 2851 2472 2906 in
2489 2851 3042 2922 matrimoniumque
3065 2853 3372 2908 etdomum
3399 2855 3655 2912 duxerit:

2008 2957 2134 2996 eam
2171 2945 2363 2997 autem
2399 2957 2526 3012 quas
2564 2941 2617 2996 ei
2649 2941 2871 3011 legibus
2907 2945 3085 3012 nupta
3118 2942 3321 3010 fuerat,
3351 2944 3532 2998 Arette
3579 2961 3663 3001 re-

2011 3030 2102 3103 gis
2130 3029 2356 3086 Arabia
2388 3032 2618 3085 Petraea:
2652 3029 2828 3085 filiam
2863 3031 3273 3102 repudiaverit.
3305 3033 3374 3087 Et
3403 3037 3466 3087 ut
3495 3050 3660 3107 prop-

2011 3125 2098 3176 ter
2145 3118 2468 3175 adulteram
2515 3119 2740 3175 Joanne
2789 3135 2961 3188 caaso,
3012 3119 3227 3175 bellum
3285 3123 3490 3190 Aretes,
3539 3128 3664 3180 tan-

2011 3225 2186 3280 quam
2223 3209 2340 3264 filia
2369 3209 2498 3279 ejus
2530 3208 2916 3280 ignominioso
2947 3214 3191 3266 tractata
3215 3227 3509 3268 armorum
3537 3230 3664 3269 cau-

2013 3314 2141 3354 sam
2190 3298 2554 3368 praebuisset,
2589 3297 2851 3353 intulerit
2882 3315 2895 3352 :
2931 3298 2990 3354 in
3033 3316 3148 3371 quo
3182 3299 3330 3357 bello
3361 3302 3664 3358 universas

2013 3386 2252 3442 Herodis
2301 3387 2499 3458 copias
2555 3387 2986 3442 contrucidatas
3045 3404 3174 3444 esse
3221 3395 3659 3446 commemorat.

2013 3477 2202 3548 Atque
2249 3476 2305 3530 id
2358 3477 2439 3530 ita
2481 3476 2766 3531 accidisse
2813 3476 2992 3538 addit,
3028 3488 3260 3550 propter
3304 3479 3546 3536 Joannis
3576 3484 3661 3535 te-

2017 3565 2324 3620 merariam
2374 3569 2429 3619 et
2496 3565 2806 3620 nefandam
2858 3567 3097 3620 caedem.
3150 3567 3433 3622 Joannem
3493 3584 3662 3638 porro

2006 3653 2410 3723 justissimum
2461 3653 2636 3709 fuisse
2687 3660 2953 3722 testatur,
2985 3660 3044 3710 et
3086 3655 3365 3727 baptismi
3415 3657 3662 3712 mentio-

2013 3760 2147 3799 nem
2177 3743 2352 3799 facit:
2386 3743 2456 3798 de
2486 3744 2660 3799 rebus
2691 3745 2816 3814 ejus
2847 3759 2948 3815 per
2978 3744 3173 3799 omnia
3199 3745 3505 3816 Evangelio
3536 3762 3663 3802 con-

2016 3850 2161 3888 sona
2189 3835 2475 3904 scribens,
2511 3832 2704 3887 Refert
2733 3849 2983 3904 quoque,
3018 3839 3254 3904 propter
3285 3836 3664 3891 Herodiadem

2016 3943 2194 3998 regno
2227 3927 2505 3981 Herodem
2540 3925 2843 3991 excidisse,
2876 3941 3008 3980 cum
3041 3942 3155 3996 qua
3199 3927 3401 3981 exsilio
3434 3943 3668 3998 quoque

2017 4017 2092 4072 sit
2141 4015 2458 4071 mulctatus
2506 4016 2600 4085 (2).
2635 4015 2942 4070 Exsulasse
2986 4019 3182 4071 autem
3231 4032 3329 4073 eos
3379 4016 3615 4073 Vienna:
3654 4034 3666 4071 :

2017 4123 2141 4178 quas
2193 4105 2330 4162 urbs
2377 4105 2580 4160 Galliis
2628 4105 2891 4173 ﬁnitima,
2922 4105 3277 4162 occidentem
3335 4124 3536 4162 versus
3581 4115 3671 4164 est

2016 4196 2147 4251 sita.
2201 4195 2261 4250 In
2317 4194 2542 4250 decimo
2597 4199 2792 4249 octavo
2841 4195 3257 4266 Antiquitatum
3325 4213 3463 4252 sane
3521 4197 3668 4254 libro

2019 4285 2181 4340 hisce
2215 4283 2402 4340 verbis
2452 4284 2523 4339 de
2550 4283 2775 4339 Joanne
2806 4287 3089 4339 memorat
3122 4300 3136 4338 :
3171 4284 3529 4350 Quibusdam
3567 4291 3672 4343 Ju-

2021 4376 2162 4428 dmis
2196 4373 2434 4428 Herodis
2466 4373 2749 4428 exercitus
2780 4389 2880 4442 per
2903 4373 3122 4442 justam
3150 4373 3461 4430 vindictam
3493 4393 3525 4430 a
3555 4377 3670 4432 Deo

2017 4463 2283 4520 concisus
2339 4478 2486 4532 esse,
2534 4462 2692 4518 visus
2747 4467 2858 4531 est,
2906 4467 2972 4517 ut
3029 4481 3228 4533 poenas
3285 4465 3337 4520 is
3397 4468 3672 4534 penderet

2014 4555 2247 4624 Joanni,
2281 4553 2381 4625 qui
2431 4554 2689 4625 Baptista
2736 4553 3180 4625 cognominatus
3230 4559 3339 4611 est.
3371 4553 3475 4611 9|
3512 4556 3669 4612 Occi-

261 4646 438 4708 δαίοις
502 4647 792 4702 κελεύοντα
859 4647 1054 4720 ἀρετὴν
1123 4647 1436 4714 ἐπασκοῦσι,
1503 4649 1592 4702 καὶ
1649 4649 1716 4701 τὰ
1773 4646 1897 4719 πρὸς

2017 4645 2103 4700 dit
2153 4647 2308 4700 enim
2358 4645 2514 4700 hunc
2563 4645 2816 4700 Herodes
2863 4654 2920 4700 ut
2951 4647 3134 4700 virum
3170 4647 3408 4712 bonum,
3441 4647 3537 4717 qui
3567 4647 3670 4702 Ju-

261 4736 550 4806 ἀλλήλους
606 4735 920 4810 δικαιοσύνῃ
981 4737 1068 4791 καὶ
1127 4737 1261 4812 πρὸς
1318 4739 1409 4792 τὸν
1475 4739 1602 4792 Θεὸν
1662 4734 1905 4805 εὐσεϐείᾳ

264 4825 602 4899 χρωμένοις.
655 4827 947 4899 βαπτισμῷ
1005 4828 1254 4882 συνιέναι.
1314 4826 1470 4883 Οὕτω
1522 4826 1622 4901 γάρ
1670 4824 1762 4880 καὶ
1805 4826 1904 4892 τήν

264 4915 521 4988 βάπτισιν
553 4913 857 4982 ἀποδεκτὴν
907 4915 1080 4970 αὐτῶν
1140 4919 1442 4990 φανεῖσθαι,
1496 4918 1570 4988 μή
1613 4914 1700 4969 ἐπί
1742 4934 1904 4968 τινων

260 5003 590 5077 ἁμαρτάδων
648 5005 972 5077 παραιτήσει
1030 5003 1359 5079 χρωμένων,
1405 5004 1528 5059 ἀλλ’
1597 5003 1676 5074 ἐφ’
1727 5002 1906 5078 ἁγνείᾳ

262 5098 360 5148 τοῦ
420 5092 697 5165 σώματος,
751 5094 843 5148 ἅτε
910 5091 976 5161 δὴ
1033 5093 1124 5147 καὶ
1189 5101 1290 5162 τῆς
1349 5097 1533 5167 ψυχῆς
1593 5089 1902 5164 δικαιοσύνῃ

262 5180 841 5255 προεκκεκαθαρμένης
875 5200 888 5215 ·
959 5181 1050 5235 καὶ
1115 5185 1221 5235 τῶν
1284 5179 1473 5235 ἄλλων
1539 5179 1904 5257 συστρεφομέ-

263 5294 390 5341 νων,
425 5273 517 5325 καί
549 5273 653 5346 γάρ
684 5271 925 5345 ἣρθησαν
958 5269 1046 5326 ἐπὶ
1092 5272 1363 5326 πλεῖστων
1395 5275 1465 5337 τῆ
1495 5270 1747 5346 ἀκροάσει
1796 5276 1905 5325 τῶν

264 5359 472 5438 λόγων,
507 5358 684 5420 δείσας
730 5358 981 5435 Ἡρώδης
1029 5363 1094 5417 τὸ
1139 5361 1226 5417 ἐπὶ
1277 5359 1493 5416 τοσόνδε
1537 5363 1756 5416 πιθανὸν
1814 5359 1906 5414 αὐ-

261 5455 358 5506 τοῦ
397 5457 516 5513 τοῖς
571 5451 900 5524 ἀνθρώποις,
944 5453 1020 5524 μὴ
1080 5451 1164 5505 ἐπ’
1223 5452 1509 5506 αποστάσει
1566 5452 1670 5506 τινὶ
1729 5450 1902 5528 φέροι,

334 5579 412 5651 (1)
445 5583 649 5636 Aretas
677 5581 935 5637 Arabum
969 5598 1066 5638 rex
1087 5583 1501 5639 contumeliam
1526 5583 1656 5639 filia
1687 5599 1804 5640 sua:
1837 5585 1908 5640 ab

263 5652 630 5728 Herodeper
659 5654 966 5725 repudium
1007 5655 1255 5725 illatam,
1287 5654 1438 5712 bello
1484 5655 1760 5714 vindicat.
1793 5656 1914 5728 (Jo-

264 5723 430 5799 sepb.
458 5723 548 5782 lib
575 5723 759 5798 xvmi)
802 5781 808 5786 .

2020 4737 2170 4790 dmos
2214 4735 2426 4789 virtute
2478 4735 2815 4799 exercenda,
2859 4734 3092 4804 justitia
3142 4734 3400 4802 colenda,
3435 4735 3672 4806 pietate-

2016 4841 2126 4898 que
2158 4825 2215 4880 in
2247 4825 2432 4880 Deum
2464 4824 2812 4895 praestanda,
2846 4825 2916 4879 ad
2967 4823 3323 4894 baptismum
3367 4824 3670 4880 convenire

2010 4916 2270 4986 jubebat.
2302 4918 2447 4968 Tum
2495 4914 2737 4968 demum
2785 4914 2943 4968 enim
2983 4918 3212 4984 gratum
3243 4917 3663 4985 acceptumque

2017 5007 2129 5061 Deo
2175 5004 2418 5059 docebat
2465 5019 2663 5058 eorum
2715 5003 2834 5059 fore
2882 5001 3258 5073 baptismum,
3294 5002 3343 5057 si
3391 5018 3502 5058 non
3534 5006 3670 5058 tan-

2015 5100 2140 5150 tum
2191 5101 2418 5166 peccata
2467 5093 2731 5164 quedam
2783 5106 2883 5162 per
2932 5091 3354 5147 confessionem
3389 5091 3664 5162 depreca-

2017 5189 2237 5248 rentur,
2282 5200 2485 5240 verum
2535 5184 2708 5239 etiam
2779 5180 3085 5237 munditiei
3142 5189 3196 5238 et
3248 5181 3488 5253 puritati
3537 5198 3669 5238 cor—

2018 5276 2198 5347 poris,
2229 5274 2428 5330 anima
2471 5273 2642 5329 simul
2668 5271 2912 5341 justitiae
2943 5271 3102 5327 cultu
3155 5276 3488 5344 repurgata,
3518 5271 3671 5327 aliis-

2018 5380 2128 5436 que
2158 5363 2476 5420 virtutibus
2509 5362 2779 5419 omnibus
2810 5362 3131 5417 studerent.
3154 5362 3333 5418 Valde
3363 5362 3514 5419 enim
3549 5379 3669 5417 ora-

2020 5452 2171 5509 tione
2221 5455 2349 5524 ejus
2400 5449 2896 5523 permovebantur.
2938 5450 3189 5506 Herodes
3241 5450 3504 5506 sedenim
3552 5450 3668 5508 elo-

2089 5579 2451 5724 (2)7H)erodea
2502 5576 2704 5634 exsilio
2755 5576 3089 5634 mulctatus.
3124 5577 3383 5648 (Josepb.
3417 5576 3518 5634 lib.
3550 5596 3644 5634 nx

2091 5667 2144 5723 p.
2219 5691 2231 5706 .

2017 5666 2144 5723 cap.
2178 5666 2231 5706 ν.
