4100 6218
421 365 538 426 695

1719 366 2140 428 NICEPHORI
2183 367 2534 428 CALLISTI

3713 367 3826 428 696

427 500 722 572 quentiam
771 499 900 568 viri,
929 501 1082 572 quod
1129 499 1462 559 hominibus
1493 501 1912 576 persuadendis
1941 502 2067 557 efﬁ-

2190 499 2350 554 πάντα
2407 501 2510 575 γὰρ
2565 498 2798 573 ἐῴκεσαν
2855 497 3146 574 συμϐουλῇ
3205 502 3274 565 τῆ
3331 497 3538 554 ἐκείνου
3595 497 3830 574 πράξον-

428 607 532 646 cex
579 597 748 652 esset.
779 594 1108 660 suspectam
1159 591 1399 659 habens,
1433 597 1488 647 et
1535 607 1656 646 rem
1703 593 1762 646 in
1795 591 2075 646 defectio—

423 695 552 735 nem
575 695 878 734 evasuram
906 679 1348 750 timeus(0mnia
1368 684 1520 736 enim
1548 683 1618 736 de
1639 680 1884 736 consilio
1905 681 2074 736 Joan-

423 767 514 823 nis
553 768 736 822 Judazi
785 767 990 822 facturi
1034 785 1160 824 esse
1211 769 1608 841 videbantur),
1645 769 1826 825 multo
1865 769 2075 825 melius

422 874 549 914 esse
593 857 778 926 duxit,
821 867 1132 929 antequam
1184 859 1502 930 quidquam
1557 861 1628 914 ab
1677 876 1742 914 eo
1797 863 2072 913 novatum

421 950 595 1012 esset,
633 945 923 1001 hominem
958 961 1238 1016 occupare
1271 953 1327 1002 et
1355 963 1386 1002 ο
1417 948 1611 1003 modio
1641 947 1866 1015 tollere,
1899 963 2074 1018 quam

422 1037 488 1088 ut
519 1049 710 1090 rerum
746 1035 1066 1090 mutatione
1093 1035 1264 1102 facta,
1293 1039 1417 1090 tum
1453 1036 1709 1106 primum
1738 1037 1796 1090 in
1831 1036 1955 1106 ipso
1981 1039 2072 1088 tu-

2179 611 2288 658 τες,
2331 588 2474 644 πολὺ
2523 595 2766 664 κρεῖττον
2828 593 3068 663 ἡγεῖται,
3125 589 3251 662 πρίν
3311 609 3363 642 τι
3423 589 3690 663 νεώτερον
3745 588 3834 642 ὑπ’

2181 677 2344 731 αὑτοῦ
2403 677 2669 752 γενέσθαι,
2728 673 3026 749 προλαϐὼν
3093 677 3353 751 ἀναιρεῖν,
3513 671 3836 750 μεταόολῆς

2183 764 2502 841 γενομένης,
2565 765 2640 828 εἷς
2695 766 2988 840 πράγματα
3043 765 3296 838 ἐμπεσὼν
3367 769 3674 835 μετανοεῖν.
3739 765 3840 818 Καὶ

2185 857 2211 910 ὁ
2246 857 2340 927 μὲν
2391 856 2596 930 ὑποψίᾳ
2645 861 2712 922 τῇ
2763 853 3015 929 Ἡρώδου
3066 853 3288 928 δέσμιος
3335 855 3411 917 εἷς
3456 857 3550 910 τὸν
3603 863 3840 934 Μαχαι-

2185 947 2382 1017 ροῦντα
2449 943 2714 1020 πεμφθεὶς
2779 944 2841 998 τὸ
2909 943 3191 1020 φρούριον,
3277 944 3449 1018 ταύτῃ
3527 945 3834 998 κτίννυται.

2182 1036 2354 1086 Ταῦτα
2383 1033 2474 1087 καὶ
2507 1035 2534 1087 ὁ
2565 1033 2856 1104 Ἰώσηπος.

422 1121 607 1178 multu
656 1127 712 1179 et
759 1123 1016 1193 periculo
1059 1125 1398 1194 paenitentia
1431 1127 1757 1180 duceretur.
1793 1127 1992 1196 Itaque
2030 1122 2146 1190 ille,
2183 1131 2413 1196 prapter
2445 1124 2786 1194 hujusmodi
2817 1125 3072 1181 Herodis
3102 1125 3519 1198 suspicionem,
3547 1125 3606 1180 in
3637 1129 3846 1182 custo-

417 1211 583 1267 ‘diam
609 1211 1059 1268 Machaeruntem
1092 1213 1416 1284 conjicitur,
1451 1217 1626 1285 atque
1658 1214 1736 1270 ibi
1763 1213 2024 1270 caeditur.
2055 1212 2186 1267 Haec
2215 1212 2524 1285 Josephus.

1037 1378 1274 1434 CAPUT
1306 1379 1464 1434 XXI.

427 1485 503 1540 De
532 1487 826 1540 lentatione
871 1485 1195 1554 Servatoris,
1229 1495 1280 1542 et
1325 1487 1392 1542 de
1437 1488 1689 1544 electione
1719 1489 2000 1544 duodecim
2029 1498 2080 1547 et

499 1555 1036 1633 item__sep_luaginta
1089 1559 1501 1630 discipulorum,
1549 1565 1602 1614 et
1657 1560 1723 1615 de
1779 1562 2082 1633 Evangelii

491 1627 910 1699 praedicatione.

499 1752 700 1821 Itaque
728 1755 982 1806 Joannes
1013 1752 1182 1807 etiam
1215 1753 1286 1808 iis
1317 1756 1415 1825 qui
1449 1756 1598 1826 apud
1643 1756 1857 1814 inferos
1887 1763 2070 1826 erant,

2801 1381 3058 1435 ΚΕΦΑΛ.
3101 1385 3222 1435 ΚΑ’.

2198 1484 2356 1556 Περὶ
2403 1489 2516 1559 τοὺ
2565 1489 2952 1559 πειρασμοῦ,
2981 1489 3100 1539 τοῦ
3131 1492 3496 1559 Σωτῆρος,
3527 1487 3842 1558 καὶπερὶ

2259 1555 2700 1632 τῆςέκλογῇς
2737 1555 2860 1632 τῶν
2901 1557 2989 1632 ιβ’
3040 1557 3146 1610 καὶ
3198 1561 3253 1632 o_'
3307 1555 3670 1630 μαθητῶν·
3722 1555 3842 1614 καὶ

2257 1627 2404 1698 περὶ
2436 1631 2556 1680 τοῦ
2588 1627 3046 1702 εὐαγγελιὶιοῦ
3077 1649 3152 1698 κη
3172 1627 3542 1703 ρύγματος.

2260 1757 2315 1806 Ὀ
2351 1751 2444 1824 μὲν
2485 1749 2574 1806 οὖν
2627 1753 2877 1823 Ἰωάννης
2928 1750 3072 1808 οὕτω
3119 1753 3207 1807 καὶ
3259 1759 3373 1815 τοῖς
3417 1754 3470 1808 ἐν
3513 1751 3647 1826 ᾅδου
3697 1757 3842 1829 πρόο

425 1855 747 1912 prascursor
795 1840 1042 1908 advenit,
1077 1845 1433 1911 prmsentiam
1481 1843 1560 1898 ibi
1605 1861 1832 1916 quoque
1860 1845 2074 1901 Christi

2190 1837 2392 1914 δρομος
2425 1839 2557 1908 ἷέτο,
2589 1841 2678 1895 καὶ
2717 1847 2835 1904 τοῖς
2871 1843 3042 1896 ἓκεῖσε
3087 1844 3186 1911 τήν
3233 1843 3528 1918 παρουσίαν
3579 1844 3840 1920 κηρύξων

426 1929 804 1986 annuntians.
835 1929 1005 1986 Jesus
1054 1935 1248 1988 autem
1299 1931 1492 1987 divino
1540 1933 1752 2004 Spiritu
1796 1937 1957 1991 solus
2015 1937 2074 1992 in

427 2021 798 2078 solitudinem
827 2022 1018 2093 agitur
1050 2040 1064 2078 :
1097 2027 1268 2094 atque
1317 2023 1394 2078 ibi
1428 2025 1542 2080 otio
1577 2025 1807 2094 pietatis
1837 2044 2070 2096 vacans,

420 2111 663 2182 jejunus
703 2128 940 2182 prorsus
987 2113 1110 2168 dies
1173 2117 1485 2186 noctesque
1516 2117 1900 2187 quadraginta
1931 2135 2072 2174 con-

427 2199 617 2252 tinuas
665 2198 939 2268 persistit,
973 2200 1230 2256 oratione
1282 2203 1612 2273 mentisque
1650 2204 1962 2277 agitatione
1993 2213 2076 2262 at-

431 2303 542 2358 que
573 2286 1059 2358 contemplatione
1091 2289 1440 2346 refocillatus
1472 2303 1642 2363 atque
1669 2295 2070 2351 confirmatus.

431 2375 574 2431 Cum
608 2383 800 2431 autem
851 2383 1072 2433 naturas
1119 2379 1456 2450 congruenti
1488 2381 1787 2438 atiectione
1819 2385 2072 2440 afﬁcere-

433 2473 548 2530 tur,
583 2466 848 2538 fameque
898 2467 1318 2536 percelleretur,
1352 2485 1458 2524 sua
1501 2475 1708 2541 sponte
1737 2489 2080 2546 oppugnan-

434 2555 572 2610 dum
609 2571 671 2610 se
699 2557 970 2610 tentatori
1002 2555 1290 2626 permisit.
1323 2557 1430 2620 Qui
1469 2559 1721 2616 divinam
1765 2579 2074 2633 aggressus

435 2649 678 2700 mentem
713 2650 768 2699 et
799 2644 1265 2716 intelligentiam.
1299 2648 1510 2704 mentis
1559 2665 1790 2722 quoque
1821 2661 1875 2708 et
1905 2653 2076 2708 intel-

429 2736 680 2810 ligentiae
731 2741 1094 2808 pretextum,
1129 2740 1372 2811 experiri
1421 2745 1758 2816 tentareque
1807 2761 1932 2800 eam
1978 2763 2078 2803 vo-

427 2825 576 2894 lens,
609 2828 822 2884 attulit.
855 2831 1040 2900 Atque
1087 2846 1218 2886 cum
1266 2831 1471 2898 tribus,
1499 2832 1700 2904 eisque
1745 2838 2078 2906 potentissi-

430 2917 544 2972 mis
592 2933 937 2988 congressus
993 2919 1314 2988 affectibus,
1365 2921 1622 2992 primum
1681 2925 1918 2996 quidem
1959 2943 1971 2981 :
2019 2927 2078 2982 Si

427 3005 579 3076 ﬁlius
627 3005 864 3077 (inquit)
897 3007 992 3061 Dei
1018 3023 1092 3075 es,
1124 3009 1212 3064 ita
1259 3016 1318 3063 ul
1363 3009 1629 3082 suspicor,
1649 3012 1780 3082 jube
1825 3017 1884 3067 in
1911 3031 2077 3084 panes

424 3095 569 3149 verti
626 3095 828 3166 lapide:
895 3099 1038 3150 istos.
1103 3097 1321 3153 Deinde
1380 3115 1510 3154 vero
1580 3099 1639 3154 in
1697 3101 2074 3170 pinnaculum

2191 1932 2452 2004 Χριστοῦ.
2515 1933 2722 2001 Ἰησοῦς
2774 1929 2830 1986 δὲ
2879 1937 2956 2004 τῷ
3005 1933 3134 2005 θείῳ
3183 1935 3456 2006 Πνεύματι
3519 1936 3846 2006 μονώτατος

2183 2019 2258 2081 είς
2289 2022 2386 2088 τήν
2419 2015 2626 2095 ἔρημον
2669 2023 2869 2095 ἤγετοο
2922 2022 3010 2076 καὶ
3043 2019 3109 2090 δὴ
3155 2021 3327 2078 ἐκεῖσε
3377 2023 3672 2102 σχολάζων
3719 2027 3846 2078 ἀσι-

2185 2131 2276 2170 τος
2304 2109 2542 2180 καθάπαξ
2577 2110 2770 2172 νύκτας
2817 2111 2908 2166 καὶ
2951 2111 3162 2184 ἡμέρας
3193 2111 3406 2167 ἐτέλεσε
3440 2115 3514 2186 μ’,
3565 2119 3638 2188 τῇ
3671 2135 3845 2186 προσ-

2185 2203 2324 2276 ευχῇ
2381 2201 2470 2253 καὶ
2526 2203 2595 2272 τῇ
2650 2201 2784 2254 κατά
2841 2205 2965 2254 νοῦν
3012 2199 3212 2274 θεωρίᾳ
3261 2203 3591 2280 τρεφόμενός
3639 2225 3700 2258 τε
3746 2205 3840 2259 καὶ

2185 2289 2594 2359 στηριζόμενος.
2654 2290 2726 2342 Τὰ
2784 2290 3132 2362 προσήκοντα
3170 2287 3226 2343 δὲ
3283 2293 3352 2364 τῇ
3409 2290 3562 2367 φύσει
3625 2293 3838 2364 παθὼν,

2185 2372 2277 2430 ἅτε
2334 2375 2400 2444 δη
2463 2376 2616 2451 πείνῃ
2670 2379 2901 2452 σχεθείς,
2954 2379 3090 2432 ἑκὼν
3137 2378 3312 2433 ἀνίετο
3361 2385 3440 2452 τῷ
3485 2383 3840 2456 πειράζοντι,

2185 2466 2243 2527 ’ὀς
2271 2467 2358 2520 καὶ
2393 2471 2607 2536 νοητῶς
2647 2465 2724 2538 τῷ
2776 2465 2904 2538 θείῳ
2952 2463 3322 2540 προσϐάλλων
3373 2470 3478 2540 vol”,
3509 2471 3610 2538 τήν
3641 2477 3836 2544 πεῖραν

2186 2561 2424 2628 προσῆγε
2459 2573 2474 2586 ⁸
2531 2553 2620 2608 καί
2676 2561 2790 2617 τοῖς
2847 2557 2992 2630 τρισὶ
3047 2557 3140 2610 καὶ
3200 2556 3668 2630 ἐπικρατεστέροις
3723 2565 3838 2616 τῶν

2186 2647 2370 2698 παθῶν
2413 2645 2870 2718 προσγυμνάζων,
2919 2647 3124 2718 πρώτῳ
3173 2647 3290 2718 μὲν,
3349 2645 3588 2722 Εἴπερ,
3643 2651 3840 2728 φησὶν,

2187 2734 2268 2794 ὡς
2307 2727 2668 2802 ὑπέλαϐον,
2700 2733 2850 2796 υἱὸς
2881 2736 2944 2790 εἴ
2971 2739 3095 2790 τοῦ
3127 2741 3313 2807 Θεοῦ,
3357 2741 3844 2810 μεταποιηθῆ-

2187 2843 2296 2874 ναι
2327 2819 2493 2882 τοὺς
2525 2819 2754 2884 λίθους
2789 2823 2881 2884 εἰς
2913 2821 3157 2898 ἄρτους
3185 2822 3416 2880 κέλευε
3441 2845 3452 2857 ·
3487 2825 3639 2888 αὖθις
3671 2824 3717 2881 δ’
3747 2829 3846 2885 ἐπὶ

2189 2909 2250 2964 τὸ
2283 2909 2573 2984 πτερύγιον
2605 2909 2770 2984 ἀνῆγε
2799 2915 2896 2966 τοῦ
2928 2913 3099 2986 ἱεροῦ,
3131 2912 3220 2968 καὶ
3255 2911 3482 2988 βάλλειν
3517 2917 3706 2972 ἑαυτὸν
3739 2921 3846 2973 κά-

2185 3021 2262 3054 τω
2295 2997 2669 3054 ἐνεκελεύετο·
2717 2999 2806 3054 καὶ
2851 3001 2942 3056 τὸν
2995 2999 3240 3057 κίνδυνον
3285 3005 3482 3074 ἣκιστα
3533 3005 3846 3084 ὑφορᾶσθαι

2186 3089 2593 3164 προσυπετίθει.
2645 3089 2756 3143 Εἶτ’
2789 3087 2945 3152 εὐθὺς
2991 3090 3082 3144 καὶ
3135 3091 3237 3160 τήν
3283 3093 3621 3170 προφητείαν
3665 3105 3850 3172 προῆ-

425 3183 630 3254 templi
681 3184 942 3245 ductum,
985 3189 1047 3239 ut
1093 3201 1153 3240 se
1206 3186 1440 3256 dejiciat
1489 3189 1792 3260 praecipit,
1824 3191 2078 3264 nihilque

2191 3198 2250 3252 γε
2278 3175 2652 3248 κατάλληλον.
2707 3177 2829 3234 Ἐπί
2871 3179 3092 3243 τούτοις
3119 3181 3208 3234 καὶ
3255 3181 3324 3256 τῇ
3363 3181 3645 3256 κενοδοξία
3693 3183 3847 3242 ἑλεῖν

426 3271 666 3344 periculi
716 3273 766 3328 ei
818 3273 898 3328 rei
949 3275 1193 3330 subesse
1243 3275 1484 3346 subjicit
1529 3293 1542 3331 :
1595 3279 1902 3335 confestim
1951 3298 2085 3337 con-

425 3365 732 3433 gruentem
783 3379 1012 3434 quoque
1061 3365 1421 3435 prophetiam
1483 3367 1798 3422 adducens.
1849 3370 2080 3438 Adhzsc,

422 3451 615 3506 inanis
659 3467 890 3522 quoque
930 3452 1126 3522 gloria:
1177 3453 1495 3523 cupiditate
1547 3473 1676 3509 eum
1733 3473 1934 3529 capere
1981 3463 2082 3517 92

425 3539 640 3608 studet,
679 3545 735 3595 et
781 3549 990 3595 cuncta
1037 3542 1088 3596 ei
1138 3559 1316 3613 regna
1367 3545 1636 3614 ostendit,
1692 3546 2084 3620 daturumque

425 3645 488 3686 se
535 3629 616 3684 illi
667 3645 733 3686 ea
778 3629 1102 3701 pollicetur,
1136 3632 1186 3686 si
1217 3633 1522 3701 procidens
1555 3651 1616 3689 se
1649 3637 1911 3694 adoraret
1942 3655 1955 3693 :
1993 3657 2086 3710 pe-

424 3718 672 3774 riculum
721 3719 946 3775 scilicet
995 3720 1208 3776 faciens
1238 3722 1574 3778 exhibendae
1607 3725 2085 3800 declarandaeque

425 3807 766 3866 divinitatis.
817 3809 1199 3882 Posteaquam
1251 3817 1444 3868 autem
1495 3813 1552 3867 in
1603 3814 1778 3870 rebus
1808 3819 2084 3874 omnibus

427 3898 702 3952 tentatori
746 3898 980 3954 oracula
1029 3899 1342 3970 Scriptura:
1395 3901 1676 3972 objiciens
1721 3905 1950 3972 restitit,
1981 3907 2086 3963 Sa-

426 3989 622 4043 tanam
671 4004 704 4041 a
747 4003 809 4042 se
849 3987 1082 4058 repulit,
1114 3994 1171 4044 et
1203 4007 1316 4044 non
1349 3991 1541 4056 modo,
1572 4007 1710 4062 quas
1743 3995 1910 4050 modo
1941 3996 2086 4051 dixi-

425 4091 581 4142 mus,
614 4079 1128 4144 concertationum,
1159 4079 1260 4133 sed
1302 4079 1479 4134 etiam
1531 4082 1794 4137 omnium
1838 4084 2081 4140 aliarum

423 4164 824 4220 incursionum
873 4169 1481 4239 oppugnationemque
1531 4169 1688 4225 illius
1748 4173 1927 4228 victor
1983 4177 2086 4230 de-

423 4253 664 4318 scendit,
699 4252 958 4308 humana
997 4256 1326 4310 conditione
1377 4257 1664 4328 superior,
1699 4260 2084 4333 omnibusque

423 4341 800 4396 facultatibus
854 4358 920 4398 ac
967 4343 1276 4399 virtutibus
1325 4344 1506 4400 divini
1569 4347 1817 4416 Spiritus
1869 4351 2080 4406 instru-

424 4433 578 4494 ctus,
611 4435 783 4499 atque
832 4431 1074 4502 angelici
1125 4431 1398 4500 satellitii,
1433 4451 1535 4505 pro
1587 4451 1652 4490 eo
1703 4443 1880 4507 atque
1926 4441 2084 4496 dece-

2193 3265 2532 3336 σπουδάζων,
2600 3265 2772 3330 πάσας
2845 3265 3124 3324 ὑπεδείκνυ
3195 3272 3292 3333 τάς
3363 3271 3684 3346 βασιλείας·
3747 3277 3848 3330 καὶ

2196 3353 2378 3410 δοῦναι
2418 3356 2594 3429 τούτῳ
2642 3358 2840 3418 ταύτας
2891 3359 3335 3433 καθυπισχνεῖτο,
3369 3361 3416 3414 εἰ
3443 3362 3624 3416 πεσὼν
3675 3363 3845 3419 αὐτὸν

2190 3447 2601 3519 προσκυνήσειε,
2634 3448 2905 3516 πειράζων
2955 3449 3054 3516 τήν
3100 3445 3355 3520 ἐπίδειξιν
3402 3457 3504 3518 τῆς
3555 3451 3844 3520 θεότητος.

2191 3539 2278 3594 ,Ως
2313 3533 2359 3587 δ’
2391 3533 2478 3588 ἐπὶ
2525 3539 2683 3588 πᾶσιν
2716 3535 3000 3590 ἀνθίστατο
3051 3541 3129 3607 τῷ
3176 3541 3510 3612 πειράζοντι,
3561 3542 3656 3602 τὰς
3709 3564 3850 3618 γρα-

2191 3627 2350 3704 cpt-4i;
2407 3626 2704 3700 μαρτυρίας
2755 3626 3134 3704 παραδεικνὺς,
3187 3628 3366 3684 ὀπίσω
3409 3651 3466 3685 τε
3515 3632 3610 3686 τὸν
3663 3640 3850 3688 Σατα-

2189 3723 2282 3774 νᾶν
2331 3713 2558 3790 ἔπεμπε,
2609 3720 2698 3772 καὶ
2747 3719 3044 3795 νικηφόρος
3090 3719 3288 3775 ἐκεῖθεν
3332 3721 3544 3796 κατῄει,
3591 3723 3652 3778 ού
3701 3729 3848 3780 κατά

2185 3814 2294 3863 τῶν
2347 3805 2648 3880 εἰρημένων
2717 3807 2904 3880 μόνον,
2963 3807 3109 3864 ἀλλὰ
3161 3810 3248 3864 καὶ
3309 3813 3446 3867 κατὰ
3503 3811 3680 3883 πάσης
3737 3823 3846 3884 τῆς

2193 3893 2513 3972 προσϐολῆς
2568 3895 2772 3951 ἐκείνου
2828 3902 2906 3969 τῷ
2957 3899 3282 3972 ἀνθρωπίνῳ
3359 3901 3510 3976 μέρει
3575 3903 3846 3976 κρείττων

2187 3988 2474 4063 γενόμενος
2501 4007 2513 4018 ·
2549 3985 2706 4050 ὅλαις
2750 3985 2795 4042 δ’
2839 3987 2934 4042 οὑν
2971 3990 3060 4042 καὶ
3109 3995 3228 4052 ταῖς
3277 3988 3561 4065 ἐνεργείαις
3613 3993 3704 4047 καὶ
3751 3991 3850 4048 δυο

2188 4079 2379 4148 ναμεσι
2440 4073 2535 4132 τοῦ
2597 4077 2742 4132 θείου
2809 4077 3126 4150 Πνεύματος
3198 4081 3695 4154 συγκροτούμενος,
3741 4083 3852 4159 ἀγ-

2188 4165 2361 4240 γέλων
2412 4187 2469 4220 τε
2530 4162 2882 4242 δορυφορίαις
2938 4167 3012 4230 ὡς
3063 4175 3344 4242 προσῆκον
3391 4167 3842 4244 διακονούμενος,

2189 4258 2286 4324 τήν
2325 4256 2418 4328 μὲν
2451 4250 2656 4330 ἔρημον
2691 4255 3027 4326 ααταλείπει,
3060 4263 3177 4319 ταῖς
3211 4256 3268 4314 δὲ
3308 4258 3504 4314 πόλεσι
3547 4263 3644 4328 τῆς
3687 4265 3840 4318 ἰου-

2193 4342 2345 4406 δαίας
2376 4344 2464 4398 καὶ
2499 4342 2793 4407 Γαλιλαίας
2849 4341 3061 4399 ἔπεισι·
3111 4353 3198 4402 καὶ
3230 4353 3309 4420 τῷ
3357 4345 3496 4404 ἔθνει
3529 4353 3690 4404 παντὶ
3741 4357 3842 4406 τοῦ

2192 4433 2414 4508 Ἰσραήλ
2473 4431 2777 4506 ἐπιδημῶν,
2839 4441 3113 4507 μετανοεῖν
3173 4439 3464 4512 παρηγγύα
3513 4457 3524 4470 ·
3587 4447 3840 4514 παρεῖναι

421 4519 538 4586 bat,
573 4518 894 4574 ministerio
925 4521 1352 4588 cobonestatus,
1373 4521 1744 4579 solitudinem
1769 4525 2068 4598 relinquit,

2190 4524 2306 4597 γαρ,
2365 4525 2452 4577 καὶ
2519 4520 2622 4593 ἤδη
2679 4523 2766 4578 ἐπὶ
2823 4523 3009 4600 θύραις
3065 4526 3208 4580 εἶναέ
3283 4529 3380 4595 τήν
3435 4532 3542 4582 τῶν
3595 4529 3844 4604 οὑρανῶν

423 4613 480 4664 et
509 4609 578 4664 ad
627 4607 838 4663 Judmae
889 4614 1060 4681 atque
1107 4611 1353 4666 Galilaeas
1385 4611 1647 4668 civitates
1679 4617 1920 4686 accedit,
1951 4635 2074 4674 om-

423 4713 674 4768 nemque
721 4697 952 4752 Israelis
1001 4703 1234 4770 gentem
1267 4699 1525 4767 visitaus,
1559 4702 1630 4756 ad
1671 4703 2074 4773 paenitentiam

425 4791 482 4842 et
539 4787 998 4858 resipiscentiam
1057 4805 1260 4844 omnes
1318 4789 1654 4845 cohortatur
1702 4809 1716 4846 :
1772 4795 2078 4864 appropin-

426 4891 600 4946 quare
637 4877 782 4946 jam,
809 4881 985 4948 atque
1025 4878 1167 4933 adeo
1218 4883 1423 4949 praesto
1471 4895 1598 4935 esse
1639 4897 1884 4953 regnum
1917 4887 2079 4942 c0310"

424 4980 580 5032 rum,
627 4963 757 5021 laeto
811 4965 1129 5034 praedicans
1191 4969 1415 5022 nuntio.
1469 4969 1654 5040 Atque
1711 4971 1845 5026 inde
1911 4973 2077 5030 initio

425 5053 716 5124 Evangelii
773 5054 939 5123 facto,
996 5059 1052 5109 et
1107 5057 1274 5126 quasi
1337 5055 1684 5126 quibusdam
1745 5065 2078 5120 communis

423 5149 645 5198 naturai
677 5143 857 5198 sacris
907 5145 1182 5215 primitiis
1215 5147 1661 5218 primordiisque
1695 5151 1894 5219 jactis.
1928 5152 2078 5209 Deus

425 5231 702 5298 Verbum,
741 5249 853 5288 non
889 5233 1054 5306 longe
1092 5235 1164 5289 ab
1195 5235 1323 5306 ejus
1357 5237 1789 5307 praedicationis
1821 5245 2078 5312 tempore

419 5320 725 5378 duodecim
774 5339 966 5378 sacros
1013 5323 1216 5395 deligit
1264 5325 1621 5395 discipulos:
1655 5345 1802 5398 quos
1854 5339 2080 5399 aposto-

421 5419 508 5475 los
559 5411 754 5478 etiam,
789 5414 1072 5484 praecipuo
1121 5414 1368 5484 quodam
1423 5415 1640 5471 honore
1693 5435 2077 5489 prosequens,

423 5499 708 5555 nominat.
739 5501 959 5556 Horum
999 5504 1258 5558 Andreas
1307 5505 1557 5576 primus,
1611 5511 1808 5578 utpote
1857 5525 1890 5562 a
1933 5511 2080 5567 Prae-

421 5603 658 5646 Cursore
707 5589 766 5644 in
812 5591 1184 5662 disciplinam
1231 5597 1548 5664 cooptatus,
1583 5613 1614 5648 a
1659 5613 1772 5665 quo
1803 5597 1976 5654 etiam
2009 5599 2078 5652 de

423 5677 600 5734 rebus
634 5677 844 5736 Christi
877 5685 1147 5738 accurate
1191 5681 1428 5740 edoctus
1469 5685 1692 5756 fuerat;
1723 5689 1780 5742 et
1808 5701 1940 5744 cum
1971 5686 2079 5745 hoc

3317 4613 3358 4634 ﬁl

2187 4612 2568 4686 εὐηγγελίζετο
2666 4611 2970 4686 βασιλείας.
3039 4613 3251 4690 Ἀρχὴν
3313 4613 3358 4670 δ’
3435 4615 3678 4673 ἐντεῦθεν
3747 4625 3846 4674 τοῦ

2193 4699 2526 4775 Εὑαγγελίου
2581 4695 2998 4773 ὑποϐαλόμενος
3053 4703 3080 4756 ὁ
3133 4703 3424 4779 θεαρχικὸς
3475 4705 3672 4780 Λόγος,
3723 4709 3844 4762 οἷόν

2187 4810 2304 4842 τινα
2333 4796 2431 4857 τῆς
2483 4795 2672 4858 κοινῆς
2723 4790 2931 4866 φύσεως
2987 4791 3267 4864 ἀκροθίνια
3319 4793 3408 4847 καὶ
3466 4795 3614 4870 ἱερὰς
3663 4796 3844 4869 ἀπαρ-

2187 4881 2312 4953 χὰς,
2345 4878 2406 4932 οὐ
2451 4880 2586 4951 μετά
2631 4879 2888 4934 πλεῖστον
2935 4884 3030 4936 τοῦ
3077 4883 3432 4956 κηρύγματος
3483 4887 3687 4960 χρόνον
3739 4890 3840 4956 τήν

2191 4965 2469 5022 δωδεκάδα
2517 4973 2623 5022 τῶν
2685 4969 2843 5023 θείων
2893 4967 3198 5044 ἒπιλέγεται
3251 4976 3534 5044 μαθητῶν,
3593 4975 3686 5038 οὖς
3749 4979 3842 5032 καὶ

2190 5055 2530 5120 ἀποστόλους
2578 5057 2716 5112 κατά
2779 5079 2830 5110 τι
2897 5057 3058 5133 γέρας
3125 5058 3394 5134 ἐξαίρετον
3459 5065 3844 5138 κατωνόμασε.

2189 5147 2288 5200 Καὶ
2323 5142 2442 5214 δῆτ’
2486 5144 2732 5220 Ἀνδρέας
2787 5149 2879 5219 μὲν
2928 5149 3256 5222 πρώτιστος,
3311 5151 3401 5206 ἅτε
3451 5147 3516 5220 δὴ
3567 5158 3648 5224 τῷ
3701 5159 3848 5230 Προσ

2189 5231 2383 5306 δρόμῳ
2412 5233 2633 5295 τελέσας
2667 5235 2744 5296 εἷς
2779 5237 3050 5308 μαθητὴν,
3101 5237 3190 5290 καὶ
3221 5240 3289 5292 τὰ
3325 5241 3446 5313 περὶ
3500 5243 3682 5307 Ἰησοῦ
3715 5248 3847 5318 παρ’

2186 5321 2388 5378 ἐκείνου
2448 5327 2584 5398 πρὸς
2643 5321 2920 5396 ἀκρίϐειαν
2993 5327 3384 5400 ἡνωτισμένος,
3465 5331 3678 5404 σύναμα
3751 5337 3844 5389 Πέ-

2185 5433 2300 5484 τρῳ
2329 5417 2406 5484 τῷ
2440 5411 2659 5493 ἀδελφῷ
2702 5417 2792 5470 τὸν
2847 5416 3050 5488 πατέρα
3089 5417 3179 5471 καὶ
3211 5419 3274 5472 τὸ
3305 5417 3522 5488 πλοῖον,
3571 5423 3664 5475 καὶ
3695 5419 3842 5478 ἄλλο

2189 5502 2240 5556 εἶ’
2265 5523 2316 5555 τι
2371 5509 2579 5576 προσῆν
2641 5503 2826 5566 αὐτοῖς
2887 5502 3292 5580 διαρρίψαντες,
3351 5507 3654 5582 πρόσεισιν.
3707 5513 3842 5568 Εἶτα

2185 5595 2198 5620 ι)
2251 5593 2258 5606 ι
2355 5587 2384 5610 ρ
2574 5593 2586 5608 ς
2649 5598 2660 5620 ,
2761 5593 2769 5608 ν
3131 5600 3159 5610 -υ
3365 5595 3389 5614 κ
3436 5597 3448 5616 ο
3765 5599 3774 5618 1

2207 5599 2452 5652 Ιακωοος
2499 5613 2588 5645 και
2669 5596 2931 5662 Ιιυαννης,
2995 5596 3044 5648 οἱ
3091 5616 3172 5666 τῳ
3227 5591 3496 5670 Ζεὸεοαιῳ
3553 5603 3842 5674 γεννηθέν-

2185 5703 2293 5756 τες,
2326 5679 2418 5746 οὖς
2467 5682 2556 5738 καὶ
2603 5681 2754 5746 υἱοὺς
2801 5685 3041 5760 βροντῆς
3087 5682 3455 5761 ἒπωνόμασιν,
3507 5687 3706 5764 ἐπίσης
3751 5689 3844 5744 καὶ
