4100 6218
298 364 441 430 691

1342 375 1954 441 ECCLESIASTICIE
1995 376 2386 439 HISTORIIE
2424 377 2577 440 LIB.
2617 378 2674 440 Ι.

3608 374 3729 437 698

304 504 469 561 οὗτοι
505 502 947 580 διαπραξάμενοι,
979 509 1184 584 πατέρα
1239 530 1297 566 τε
1344 511 1434 567 καὶ
1470 510 1669 568 πλοῖον
1717 511 1948 590 ἀφέντες¹

2077 513 2284 570 Petrus
2313 514 2504 584 frater,
2535 518 2781 586 patrem,
2820 512 3133 584 navigium,
3178 515 3234 569 et
3263 511 3545 585 quidquid
3579 528 3726 583 pra:-

300 594 548 649 κατόπιν
598 593 839 653 εἷ’ποντο.
890 597 1171 660 Φίλιππος
1229 597 1319 654 ἐπὶ
1383 602 1599 663 τούτοις
1659 599 1766 656 ἀπὸ
1815 603 1967 671 Βηθ-

307 680 516 739 σαῖσδά
571 682 887 761 ἔγγειτόνων
962 689 1060 756 τήν
1117 686 1334 759 οἵκησιν
1381 684 1527 765 ἔχων
1585 688 1811 765 Ἀνδρέᾳ
1874 689 1966 745 καὶ

306 772 534 848 ῙΙέτρῳ,
594 777 843 847 μαθητὴς
920 775 1309 853 ἐχρημάτιζεν.
1369 781 1592 835 Ἔπειτα
1668 785 1866 853 Θωμᾶς
1933 780 1963 834 6

306 861 410 916 xui
443 860 675 936 Δίδυμες
722 864 1063 938 κεκλημένος
1111 868 1426 944 παρείπετο.
1454 864 1736 943 Ἕϐδομος
1766 870 1793 924 6
1826 876 1963 942 Βαρ-

308 952 630 1034 θολομαῖος
660 961 820 1024 συνῆν
849 955 996 1029 αὐτῷ
1023 975 1038 988 ⁸
1070 959 1157 1013 καὶ
1209 960 1481 1020 Ματθαῖος
1531 960 1560 1013 6
1603 957 1662 1014 ἐκ
1699 956 1962 1014 τελωνίου

308 1043 458 1115 πρὸς
486 1044 721 1106 τούτοις.
754 1047 944 1118 Σίμων
987 1048 1073 1101 ἐπὶ
1119 1048 1333 1111 τούτοις
1374 1049 1402 1104 6
1446 1048 1766 1119 Κανανίτης,
1794 1050 1885 1102 καί
1935 1047 1963 1101 6

307 1134 417 1185 τοῦ
460 1130 731 1210 Ἀλφαίου
804 1136 920 1197 υἱὸς
979 1136 1271 1200 ’Ῑάκωνοςο
1332 1137 1385 1192 ἐν
1440 1140 1525 1199 οἷς
1582 1136 1674 1192 καὶ
1733 1134 1963 1206 Ἰούδας,

309 1217 556 1298 ἀδελφὸς
589 1221 682 1294 μὲν
716 1219 998 1294 Ἰακώϐου,
1031 1226 1089 1288 ’ὸς
1119 1224 1395 1297 ἐπεκλήθη
1442 1227 1531 1282 καὶ
1566 1224 1924 1303 Ἀδελφόθεος
1947 1243 1963 1259 ⁸

306 1314 416 1365 τοῦ
458 1312 767 1386 μνήπορος
801 1310 857 1367 δὲ
894 1314 985 1368 καὶ
1034 1313 1201 1390 ἄμφω
1245 1313 1437 1380 παῖδες
1481 1316 1673 1387 ἤστην.
1705 1318 1966 1378 ’Ὑστατος

310 1395 377 1453 δε
421 1399 514 1454 καὶ
564 1397 866 1465 δωδέκατος
896 1400 1105 1465 Ἰούδας
1152 1404 1181 1457 6
1230 1404 1322 1459 xui
1364 1404 1718 1479 Ἰσκαριώτης
1765 1402 1966 1458 καλού-

312 1508 503 1561 μενος.
547 1489 653 1545 Καὶ
704 1487 855 1554 αὖθις
900 1491 1114 1565 ὲτὲρους
1178 1490 1493 1570 ἐπιλέγεται
1545 1490 1961 1566 ἑϐδομήκονταο

309 1576 413 1637 οὓς
462 1577 553 1631 καὶ
602 1578 799 1641 αὐτοὺς
845 1578 941 1634 ἀνά
973 1577 1069 1635 δύο
1099 1580 1188 1636 ἐπὶ
1219 1586 1393 1637 πᾶσαν
1417 1580 1580 1637 πόλιν
1630 1583 1722 1637 καί
1768 1583 1959 1657 χώραν

305 1665 422 1738 πρὸ
449 1667 748 1740 προσώπου
778 1667 945 1721 αὐτοῦ
975 1666 1237 1742 ἔπεμπεν,
1270 1670 1408 1726 ὅπου
1450 1668 1515 1740 δὴ
1564 1671 1652 1725 καὶ
1705 1671 1867 1731 αὐτὸς
1908 1669 1959 1725 ἐ)

305 1755 539 1829 ὕστερον
571 1755 902 1832 ἀπέρχεσθαι
928 1755 1149 1833 ἔμελλε.
1180 1758 1415 1823 Τούτους
1463 1759 1529 1829 δὴ
1578 1759 1706 1825 τοὺς
1748 1757 1959 1815 δώδεκά

302 1865 369 1899 τε
428 1845 519 1899 καὶ
578 1846 620 1899 ο’
679 1847 708 1900 6
766 1845 962 1921 Κύριος
1014 1850 1590 1924 προσεταιρισάμενος,
1635 1849 1726 1904 καὶ
1782 1851 1956 1921 ἑαυτῷ

303 1936 614 2009 προσήκειν
663 1935 780 1989 κατ’
811 1935 1071 2011 ἐκλογὴν,
1110 1937 1403 2013 ὑπηρέταις
1451 1944 1665 2001 πιστοῖς
1725 1939 1954 2014 ἐχρῆτο,

303 2024 403 2079 καὶ
447 2031 729 2101 συνεργοῖς
770 2031 868 2081 τοῦ
915 2026 1286 2103 Εύαγγελίου·
1334 2028 1603 2083 ἐκοινώνει
1650 2049 1709 2083 τε
1737 2026 1952 2089 τούτοις

302 2115 493 2190 ἠρέμα
535 2119 645 2170 τῶν
692 2115 1017 2191 ἀπορρήτων
1064 2117 1153 2171 καὶ
1200 2119 1469 2193 θεουργῶν
1514 2116 1771 2187 τελετῶν,
1811 2138 1956 2189 προ-

305 2198 553 2273 ειῦἀζων
605 2204 682 2268 εἷς
726 2202 1080 2276 τελειότητα·
1128 2207 1219 2261 καί
1264 2228 1328 2281 γε
1373 2206 1591 2269 τούτοις
1623 2208 1697 2262 ὡς
1730 2208 1952 2270 οἰκείοις

304 2294 465 2348 παισὶ
498 2294 811 2369 χρώμενος,
846 2293 990 2350 οὕτω
1022 2293 1167 2371 διῄει
1196 2302 1370 2351 πᾶσαν
1419 2296 1582 2352 πόλιν
1623 2299 1713 2352 καὶ
1743 2298 1952 2372 χώραν.

305 2383 408 2439 Καὶ
442 2387 659 2458 πρῶτον
695 2384 790 2457 μὶν
820 2384 883 2439 τὸ
924 2382 1118 2439 δοκοῦν
1166 2385 1365 2440 οἰκεῖον
1413 2380 1563 2448 ἔθνος
1607 2386 1699 2442 τὸν
1732 2383 1951 2460 Ἰσραὴλ

305 2475 646 2549 περιήρχετο
667 2491 681 2504 ·
714 2474 805 2527 καὶ
834 2474 938 2548 γὰρ
970 2472 1143 2553 ἐχρῆν
1173 2475 1263 2529 τὸν
1297 2473 1356 2529 εὖ
1406 2475 1657 2549 πράττειν
1705 2473 1952 2549 ἀρχόμε-

307 2583 398 2617 νον
452 2568 568 2622 τοῖς
620 2562 844 2624 οἰκείοις
895 2567 1083 2634 πρῶτα
1129 2585 1225 2626 τας
1255 2561 1527 2640 κρηπῖδας
1557 2564 1754 2620 τούτου
1779 2584 1953 2619 κατα-

307 2646 610 2706 ϐαλέσθαι·
673 2652 767 2705 εἶθ’
813 2650 954 2707 οὕτω
1011 2653 1099 2707 καὶ
1140 2651 1267 2715 τοὺς
1318 2652 1598 2728 πόρῥωθεν
1645 2652 1952 2730 ἐπιφθάνειν

303 2741 407 2808 τὴν
441 2739 600 2815 χάριν
635 2739 1045 2814 ὑπερχεομένην
1077 2742 1168 2797 καὶ
1211 2738 1630 2812 ἐπιϐλύζουσαν.

2073 610 2228 658 terea
2258 601 2580 657 habuerant
2635 599 2951 672 reliquum,
3002 600 3368 671 abjicientes,
3400 616 3463 657 se
3487 600 3552 669 {ei
3584 617 3723 656 con—

2073 691 2347 763 jungunt.
2379 689 2599 746 Deinde
2627 688 2879 749 Jacobus
2917 696 2971 745 et
2998 690 3251 745 Joannes
3293 690 3564 746 Zebedeo
3595 705 3726 761 pro-

2072 780 2271 852 geniti,
2313 795 2459 851 quos
2507 779 2682 834 etiam
2734 778 2886 834 ﬁlios
2940 778 3196 834 tonitrus
3237 777 3720 850 cognominavit;

2073 869 2276 925 itidem
2300 873 2366 925 ut
2394 867 2480 923 illi
2520 868 2817 937 facientes,
2851 874 3187 940 patremque
3216 872 3275 923 et
3307 867 3608 939 navigium
3632 882 3724 923 re-

2072 956 2426 1031 linquentes,
2484 973 2620 1014 eum
2686 962 3031 1029 sequuntur.
3080 956 3381 1029 Philippus
3420 972 3651 1028 quoque
3690 973 3722 1009 a

2073 1047 2409 1119 Bethzaida,
2464 1047 2716 1104 vicinam
2749 1047 3002 1102 Andresen
3033 1054 3087 1101 et
3116 1050 3283 1103 Petro
3330 1047 3572 1101 domum
3616 1045 3720 1100 ha-

2074 1138 2241 1205 bens,
2273 1136 2479 1193 hosces
2527 1143 2895 1202 consecutus,
2936 1134 3260 1205 discipulus
3289 1150 3417 1191 esse
3447 1134 3719 1206 jubetur.

2072 1228 2360 1300 Deinceps
2390 1228 2626 1293 Tomas,
2668 1225 2769 1297 qui
2816 1229 2875 1281 et
2906 1225 3184 1298 Didymus
3231 1225 3423 1281 dictus
3452 1228 3561 1293 est,
3588 1241 3720 1295 sep-

2071 1316 2371 1387 timusque
2426 1313 2887 1371 Bartholomaaus
2917 1329 3052 1370 eum
3110 1314 3519 1370 comitantur:
3584 1312 3720 1367 item

2072 1405 2399 1475 Matthmus,
2449 1421 2517 1461 ex
2564 1403 2939 1476 publicanis:
2996 1406 3054 1458 et
3107 1402 3306 1458 Simon
3356 1400 3720 1457 Chanauaeus

2072 1495 2171 1552 His
2219 1494 2439 1552 accedit
2480 1492 2703 1564 Alphei
2752 1491 2908 1547 ﬁlius
2973 1492 3223 1547 Jacohus
3269 1491 3370 1562 (1),
3416 1493 3475 1546 et
3538 1490 3722 1546 Judas

2067 1583 2265 1641 Jacobi
2297 1599 2638 1657 germanus,
2662 1581 2763 1654 qui
2795 1582 2973 1637 frater
3005 1580 3233 1637 Domini
3270 1580 3722 1651 cognominatus

2069 1680 2158 1734 est
2190 1693 2205 1733 :
2238 1680 2475 1747 uterque
2518 1681 2711 1730 autem
2758 1673 2980 1745 sponsi,
3053 1671 3289 1743 Josephi
3337 1671 3578 1739 scilicet,
3609 1670 3720 1726 filii

2069 1766 2245 1823 fuere.
2304 1764 2555 1821 Ultimus
2601 1778 2770 1835 porro
2828 1766 2884 1819 et
2947 1762 3330 1818 duodecimus
3366 1760 3552 1817 Judas
3585 1759 3719 1829 fuit,

1991 1874 2034 1940 Β
2069 1855 2166 1927 qui
2199 1857 2256 1911 et
2315 1854 2622 1909 Iscariotes
2668 1852 2859 1908 dictus
2917 1855 3021 1908 est.
3078 1851 3324 1923 Insuper
3377 1866 3509 1906 vero
3567 1849 3717 1905 alios

2068 1958 2300 2016 quoque
2330 1942 2530 2015 allegit
2584 1941 2982 2014 septuaginta,
3014 1958 3162 2014 quos
3192 1944 3251 1996 et
3277 1940 3437 2013 ipsos
3465 1940 3525 1995 in
3566 1939 3713 1996 civi-

2064 2036 2238 2087 tatem
2272 2036 2331 2088 et
2369 2032 2664 2103 regionem
2687 2047 2920 2087 omnem
2936 2030 3106 2087 binos
3136 2034 3269 2086 ante
3298 2028 3502 2085 faciem
3517 2044 3712 2095 suam,

2061 2122 2157 2181 93
2200 2138 2318 2195 quo
2376 2125 2579 2193 postea
2620 2121 2744 2192 ipse
2778 2122 2969 2177 iturus
3002 2121 3209 2189 fuerat,
3234 2118 3498 2176 dimittit.
3538 2119 3710 2175 Hisce

2062 2207 2369 2266 duodecim
2411 2212 2469 2263 et
2534 2208 2913 2280 septuaginta
2941 2206 3229 2263 Dominus
3275 2205 3337 2261 in
3378 2205 3712 2261 societatem

2062 2297 2370 2353 arotiorem
2420 2296 2619 2352 accitis
2670 2300 2844 2368 atque
2885 2295 3145 2361 delectis,
3196 2293 3466 2349 ﬁdelibus
3509 2291 3712 2348 uteba-

2062 2390 2162 2443 tur
2208 2385 2515 2453 ministris,
2574 2384 2984 2457 Evangeliique
3014 2383 3358 2454 cooperariis
3398 2399 3414 2438 :
3468 2382 3721 2438 sensim-

2063 2492 2177 2548 que
2233 2492 2367 2532 cum
2428 2475 2513 2531 eis
2575 2491 2810 2543 arcana,
2852 2472 3171 2529 ineffabilia
3200 2471 3521 2545 deiﬁcaque
3553 2488 3723 2544 pror-

2063 2580 2162 2621 sus
2193 2564 2671 2621 communicabat
2712 2579 2898 2631 sacra,
2955 2562 3144 2635 magis
3189 2561 3492 2632 magisque
3521 2575 3618 2615 eos
3647 2560 3718 2614 ad

2062 2654 2474 2726 perfectionem
2535 2653 2885 2724 producens,
2973 2666 3041 2708 ac
3128 2666 3244 2706 non
3321 2649 3489 2704 aliter
3541 2653 3716 2719 atque

2062 2742 2313 2816 propriis
2342 2742 2479 2799 ﬁliis
2522 2743 2607 2799 eis
2650 2747 2843 2809 utens,
2903 2756 3133 2797 omnem
3193 2738 3484 2795 civitatem
3531 2742 3711 2810 atque

308 2831 607 2901 regionem
642 2830 1106 2902 perambulabat.
1158 2831 1226 2887 Et
1255 2833 1511 2903 primum
1564 2832 1791 2902 quidem
1815 2832 1884 2888 ad
1918 2847 2044 2888 eam
2103 2847 2231 2904 quas
2284 2830 2588 2903 peculiaris
2669 2829 2723 2886 ei
2764 2845 2891 2885 esse
2945 2828 3270 2895 videbatur,
3319 2826 3549 2883 Israelis
3614 2841 3713 2881 ac-

301 2919 484 2977 cessit
539 2924 792 2989 gentem.
852 2920 1097 2989 [Equum
1157 2920 1375 2993 quippe
1432 2927 1577 2992 erat,
1610 2922 1755 2977 bene
1832 2926 2007 2992 atque
2032 2920 2282 2992 benigne
2311 2920 2502 2976 facere
2558 2918 2957 2991 incipientem,
3032 2917 3289 2991 primum
3346 2916 3501 2988 apud
3541 2915 3710 2971 fami-

298 3008 478 3065 liares
535 3025 675 3064 suos
732 3008 1111 3080 benignitatis
1185 3011 1383 3080 jacere
1435 3011 1834 3071 fundamenta,
1895 3026 1961 3066 ac
2017 3008 2103 3066 sic
2159 3010 2432 3083 deinceps
2487 3025 2586 3066 eos
2644 3024 2873 3080 quoque
2930 3005 3030 3080 qui
3098 3007 3435 3063 remotiorcs
3499 3009 3712 3076 essent,

300 3099 362 3155 in
396 3099 807 3155 exuberantem
840 3116 904 3155 ac
934 3099 1360 3155 redundantem
1389 3101 1641 3171 recipere
1664 3099 1938 3173 gratiam.

913 3229 1171 3282 ΚΕΦΑΛ.
1213 3227 1333 3284 ΚΒ’.

293 3332 403 3392 Τίς
446 3331 475 3385 6
520 3332 769 3404 σκοπᾷς
818 3337 936 3400 τῆς
992 3331 1449 3404 εὐαγγελικῆς
1503 3328 1947 3404 διδασκαλίας

364 3408 495 3457 τῶν
535 3398 1006 3476 ἐντολῶν-καὶ
1045 3398 1215 3476 τίςῆ
1245 3407 1371 3476 τῶν
1413 3398 1818 3476 παραϐολῶν
1852 3402 1951 3457 δύ-

366 3492 598 3544 ναμις⁶
634 3474 736 3547 ὅτι
776 3470 1213 3547 διὰ-πράξεως
1243 3474 1359 3547 xui
1393 3470 1679 3547 θεωρίας
1711 3474 1805 3537 εἰς
1831 3476 1948 3547 τᾲήν

366 3543 553 3601 θείαν
583 3546 691 3621 καὶ
724 3543 995 3621 τελείαν
1035 3545 1292 3621 ἀγάπην
1330 3543 1950 3621 ἀγόᾲμεθαθεοειδε-

364 3624 426 3678 ῖς
467 3617 834 3692 γινόμενοι
886 3618 993 3671 καὶ
1043 3617 1597 3693 σῦγκληρονόμοι
1634 3619 1946 3692 Χριστοῦ.

362 3725 567 3800 Λόγοις
613 3728 907 3800 τοιγαροῦν
948 3724 1038 3779 καὶ
1082 3718 1266 3802 ἔργοις
1314 3722 1396 3803 ἐφ’
1441 3725 1603 3779 ἅπασι
1644 3731 1744 3793 τῆς
1792 3723 1948 3797 εὔερ-

290 3815 472 3887 γεσίας
521 3815 923 3887 θεωρουμένης,
975 3811 1168 3889 λόγοις
1237 3814 1332 3886 μὲν
1381 3812 1570 3890 σοφίας
1619 3811 1948 3887 ὑπερτελοῦς

292 3898 653 3975 ὁύπέρσοφες
694 3901 870 3977 Λόγος
928 3905 1023 3956 τοῦ
1083 3906 1217 3957 Θεοῦ
1274 3900 1364 3956 καὶ
1425 3904 1687 3963 συνέσεως
1736 3901 1943 3977 ὑγιοῦς,

291 3992 378 4046 καὶ
440 3991 638 4065 νόμοις
700 3987 989 4069 ὑπερφυέσι
1062 3995 1161 4046 τοῦ
1236 3991 1549 4065 ηνεύματος
1619 3997 1720 4061 τῆς
1774 3993 1943 4060 ζωῆς,

286 4080 413 4143 τοὺς
503 4081 883 4155 μαθητιῶντας
959 4076 1199 4155 ἀκριϐῶς
1274 4079 1451 4151 ἤσκει,
1509 4080 1644 4156 πρὸς
1718 4080 1943 4155 θεωρίαν

288 4174 422 4226 Θεοῦ
451 4168 659 4244 ἐνάγων
690 4170 780 4224 καὶ
809 4171 1133 4240 κατανόησιν
1156 4189 1169 4203 ’
1215 4164 1293 4226 ἔτι
1326 4167 1383 4225 δὲ
1428 4169 1519 4224 καὶ
1570 4169 1708 4245 πρὸς
1748 4172 1941 4243 πρᾶξιν

287 4256 537 4335 θεοριδῆ,
588 4256 679 4314 καὶ
727 4258 865 4334 πρὸς
914 4260 1151 4332 μίμησιν
1198 4258 1359 4330 θείαν,
1405 4260 1522 4314 κατ’
1570 4257 1762 4333 ὀλίγον
1824 4258 1940 4313 ἐπι-

287 4343 518 4403 ϐάλλων
567 4346 783 4410 τούτοις
832 4348 899 4404 τὰ
946 4354 1048 4419 τῆς
1097 4350 1294 4423 ἀρετῆς
1331 4348 1643 4425 χρώματα’
1674 4340 1853 4424 ἔργοις
1884 4345 1941 4404 δὲ

282 4438 529 4511 τεράτων
603 4437 694 4492 καὶ
769 4436 1010 4511 σημείων
1093 4436 1339 4511 ἐξαισίων
1387 4437 1450 4493 τὸ
1516 4443 1617 4507 τῆς
1675 4436 1939 4516 θεοσόφου

280 4527 539 4602 γνώσεως
608 4524 741 4601 ὕψος
814 4527 1197 4600 πιστούμενος,
1247 4524 1323 4587 εἷς
1401 4526 1780 4602 συγκατάθεσιν
1846 4527 1934 4581 καὶ

2668 3225 2904 3283 CAPUT
2935 3224 3105 3282 XXII.

2062 3333 2194 3401 Quis
2222 3333 2350 3402 ﬁnis
2378 3335 2447 3387 sit
2480 3339 2881 3404 praeceptorum
2912 3332 3241 3401 evangelica:
3279 3332 3566 3399 doctrinae,
3588 3344 3716 3401 quae

2129 3405 2524 3477 paraboiarum
2578 3406 2681 3477 vis,
2712 3404 2853 3477 quod
2889 3404 3099 3460 scilicet
3134 3420 3239 3473 per
3276 3420 3440 3474 opera
3462 3474 3472 3477 _
3493 3413 3545 3458 et
3574 3418 3709 3458 con-

2131 3476 2540 3546 templationem
2590 3476 2662 3532 ad
2717 3474 2966 3531 divinam
3003 3482 3055 3532 et
3101 3480 3401 3547 per/cctam
3439 3474 3709 3547 ducamur

2128 3544 2475 3671 cperitalem,
2519 3548 2626 3604 Deo
2655 3548 2866 3604 similes
2908 3550 3063 3620 facti,
3101 3544 3157 3603 et
3201 3544 3516 3603 'cohwredes
3556 3544 3710 3601 Chri-

2129 3634 2155 3671 s
2180 3636 2221 3671 ι.

2129 3634 2198 3673 εει
2209 3658 2221 3671 .

2129 3722 2521 3782 Beneﬁeentia
2552 3741 2720 3797 porro
2751 3727 2879 3797 ejus
2918 3726 2979 3781 in
3027 3724 3404 3782 sermonibus
3448 3726 3505 3780 et
3541 3722 3708 3778 factis

2054 3813 2330 3871 omnibus
2382 3816 2610 3888 egregie
2658 3820 2747 3871 est
2802 3820 3082 3888 spectata.
3129 3815 3433 3888 Siquidem
3479 3813 3709 3882 sapien-

2052 3902 2344 3959 tissimum
2371 3905 2628 3961 Verbum
2651 3903 2752 3960 Dei
2782 3904 3151 3961 sermonibus
3186 3905 3446 3978 perfectis
3478 3905 3704 3976 sapien-

2052 3994 2148 4049 tiae
2177 3998 2233 4050 et
2262 4011 2418 4051 sanas
2473 3994 2881 4063 intelligentia,
2936 4010 3156 4050 necnon
3216 3999 3483 4051 naturam
3522 4010 3699 4068 supe-

2052 4084 2318 4140 rantibus
2360 4083 2616 4153 Spiritus
2643 4084 2769 4140 vita:
2798 4084 3022 4155 legibus
3053 4084 3368 4156 discipulos
3412 4102 3550 4142 suos
3580 4103 3701 4142 cer-

2048 4176 2107 4229 to
2138 4176 2193 4229 et
2240 4176 2508 4229 accurate
2562 4175 2882 4241 exercebat,
2915 4178 2980 4229 ut
3016 4189 3114 4229 eos
3146 4174 3218 4228 ad
3262 4175 3703 4246 contemplatio-

2050 4276 2181 4317 nem
2204 4269 2258 4317 et
2289 4261 2676 4333 cognitionem
2713 4261 2833 4329 Dei,
2875 4265 3149 4332 praeterea
3196 4262 3267 4316 ad
3297 4262 3552 4319 actiones
3584 4263 3700 4320 Deo

2048 4348 2312 4422 placitas,
2355 4349 2863 4422 imitationemque
2894 4349 3150 4405 divinam
3201 4351 3535 4419 adduceret,
3561 4369 3699 4421 pau-

2046 4438 2214 4494 latim
2248 4440 2328 4495 eis
2375 4438 2607 4495 virtutis
2640 4439 2862 4495 colores
2916 4440 3311 4495 adumbrans:
3372 4441 3541 4496 factis
3569 4458 3702 4498 vero

2048 4527 2443 4601 prodigiorum
2475 4533 2532 4586 et
2568 4528 2982 4584 miraculorum
3008 4528 3432 4586 immensarum
3476 4531 3697 4603 magni-

279 4601 469 4671 πίστιν
522 4613 628 4690 ἦγε
678 4622 779 4686 τῆς
848 4611 1292 4692 πρεσϐευομένης
1359 4601 1655 4686 ἀληθείας·
1700 4614 1791 4671 καὶ
1850 4613 1941 4671 διά

2064 4617 2314 4673 .udinem
2362 4617 2709 4689 cognitionis
2748 4617 2956 4673 divinas
2998 4617 3370 4687 conﬁrmans,
3405 4623 3469 4674 ut
3512 4601 3698 4673 crede-

279 4704 540 4775 πίστεως,
570 4707 639 4778 τῇ
668 4711 769 4776 τῆς
811 4701 1159 4776 τελειότητος
1209 4701 1393 4761 ἐλπίδι
1442 4700 1798 4779 συμόιόάζων
1849 4707 1938 4761 καὶ

277 4797 599 4871 συγκρατῶν
656 4790 726 4849 δι’
784 4793 1013 4871 ἀμφοῖν,
1062 4797 1132 4869 τῇ
1190 4793 1462 4872 κορυφαίᾳ
1510 4795 1601 4849 καὶ
1660 4795 1933 4871 ἀκροτάτῃ

277 4890 591 4960 προσανῆγε
618 4888 727 4939 τῶν
757 4882 963 4960 ἀρετῶν
987 4903 1000 4917 ·
1032 4886 1103 4958 τῇ
1146 4883 1333 4960 ἀγάπῃ
1376 4881 1592 4955 δηλαδή
1638 4887 1737 4940 τοῦ
1778 4887 1931 4942 Θεοῦ.

279 4974 385 5031 Καὶ
443 4972 623 5029 τοίνυν
684 4972 827 5029 οὕτω
893 4975 1022 5037 τοὺς
1097 4974 1330 5038 οἰκείους
1407 4974 1675 5051 ἀκροατὰς
1727 4993 1786 5029 τε
1842 4973 1933 5028 καὶ

279 5063 471 5125 θεατὰς
529 5061 904 5133 ἐκπαιδεύσας,
961 5061 1139 5140 ἔργοις
1195 5085 1253 5119 τε
1304 5064 1396 5120 καὶ
1463 5062 1674 5141 λόγοίς,
1734 5061 1808 5125 ὥς
1871 5083 1932 5138 γε

275 5153 343 5221 ἧν
402 5149 570 5222 εἷ’κὸς,
619 5148 708 5208 διά
762 5152 998 5215 πίστεως
1067 5154 1564 5230 καταρτισάμενος·
1622 5152 1712 5208 καὶ
1767 5151 1929 5208 παντὶ

273 5244 354 5313 τῷ
402 5240 600 5316 κόσμῳ
642 5241 838 5306 αὐτοὺς
880 5242 1205 5319 παρασχὼν,
1246 5248 1418 5299 πᾶσαν
1479 5243 1688 5299 εὐθεῖαν
1738 5241 1924 5316 ψυχὴν

276 5327 367 5385 διὰ
416 5335 518 5400 τῆς
563 5328 737 5386 αὐτῶν
791 5328 1143 5396 διδασκαλίας
1193 5330 1497 5389 ἐκπαιδεύει
1558 5333 1647 5387 καὶ
1695 5352 1922 5407 προσοι-

272 5424 419 5475 κειοῖ
473 5420 673 5493 ὲαυσῶ,
703 5421 794 5476 καὶ
840 5420 917 5487 ὡς
970 5417 1087 5477 ἐνόν
1142 5443 1225 5501 γε,
1257 5423 1371 5479 θεοῖ
1426 5421 1516 5479 καὶ
1564 5426 1666 5490 τῆς
1708 5419 1924 5478 δικαιο-

2048 4710 2198 4775 rent,
2253 4705 2481 4778 ﬁdeque
2533 4713 2691 4763 certa
2720 4706 3137 4763 assentirentur
3195 4725 3228 4763 a
3268 4723 3331 4762 se
3371 4708 3695 4779 praedicatis

2044 4796 2293 4862 veritati,
2326 4797 2729 4869 persnadebat.
2781 4799 2969 4869 Atque
3027 4813 3127 4868 per
3184 4797 3357 4851 ﬁdem
3416 4801 3474 4850 et
3530 4812 3691 4867 spem

2046 4885 2412 4958 perfectionis
2480 4891 2822 4958 conceptam
2908 4903 3008 4942 eos
3067 4886 3410 4956 producens,
3472 4902 3537 4940 ac
3594 4902 3697 4958 per

2044 4979 2353 5047 utramque
2400 4992 2753 5033 conservans
2810 4980 2987 5048 atque
3019 4978 3351 5048 protegens,
3396 4975 3466 5031 ad
3500 4976 3699 5047 prceci-

2043 5078 2220 5134 puam
2252 5068 2307 5118 et
2334 5080 2630 5120 summam
2680 5064 2971 5129 virtutem,
3031 5079 3286 5119 amorem
3321 5063 3539 5119 scilicet
3568 5062 3692 5130 Dei,

2039 5154 2406 5224 provehebat.
2442 5156 2746 5211 Enimvero
2777 5156 2845 5211 ad
2879 5171 3012 5211 eum
3046 5155 3285 5210 modum
3311 5154 3688 5211 familiaribus

2035 5243 2399 5301 auditoribus
2469 5244 3016 5317 spectatoribusque
3067 5244 3189 5301 suis
3238 5245 3445 5315 edotis,
3500 5246 3690 5301 factis-

2036 5350 2148 5407 que
2176 5338 2233 5389 et
2263 5334 2544 5390 doctrinis
2597 5351 2698 5406 per
2728 5334 2925 5402 ﬁdem,
2979 5340 3042 5390 ut
3072 5350 3175 5406 par
3203 5339 3344 5401 erat,
3376 5334 3686 5392 conﬁrma-

2036 5423 2114 5479 tis
2165 5423 2688 5494 corrohoratisque,
2751 5422 2809 5478 in
2841 5423 3041 5479 orbem
3071 5439 3167 5480 eos
3197 5424 3531 5481 universum
3564 5426 3692 5482 mit-

350 5622 432 5697 (1)
459 5624 717 5700 Jacohus
747 5625 861 5683 ista
889 5625 1048 5700 alter_
1096 5628 1186 5682 est
1240 5643 1275 5683 a
1304 5626 1549 5700 gJacobo
1577 5623 1825 5698 Alphei,
1875 5622 2099 5697 primus
2159 5624 2231 5682 ab
2292 5623 2573 5697 apostolis
2621 5623 3155 5700 Hierosolymorum
3206 5623 3515 5698 episcopus
3545 5642 3699 5683 crea-

274 5703 393 5770 tus,
410 5696 597 5771 cujus
629 5701 823 5758 exstat
848 5696 1092 5772 epistola
1109 5698 1411 5759 canonica;
