3950 6214
381 332 501 395 699

1678 335 2098 401 NICEPHORI
2136 338 2491 403 CALLISTI

3656 342 3757 406 ’ποθ

380 468 471 537 tit,
494 468 871 542 animamque
918 472 1136 526 rectam
1166 484 1402 527 omnem
1445 484 1545 542 per
1582 469 1904 527 doctrinam
1935 493 1940 522 ‹

2200 472 2307 543 ἐνης
2363 472 2630 543 καταξιοῖ.
2661 472 2768 541 Τὴν
2824 472 2917 545 μὶν
2968 472 3062 527 οῦν
3121 469 3321 548 ἀκριϐῆ
3366 473 3457 529 καὶ
3503 475 3636 549 πρὸς
3681 473 3760 532 λε-

384 574 517 615 rum
561 560 772 621 erudit.
830 558 944 617 sibi
1000 558 1113 631 ipsi
1173 559 1535 616 familiariter
1601 559 1889 633 adjungit,
1948 568 2024 629 et,

384 651 578 723 quoad
611 651 740 720 ejus
770 649 895 704 fieri
928 654 1138 722 potest,
1172 650 1422 714 deiﬁcat,
1459 650 1800 723 justitiaque
1829 652 2028 723 digna-

380 743 499 795 tur.
529 739 972 795 Accurationem
1004 756 1144 795 sane
1198 740 1654 811 exactioremque
1685 741 2026 813 evangelicae

383 836 655 892 doctrina;
686 836 794 893 94
828 837 1172 903 orationem,
1221 842 1277 893 et
1308 837 1684 909 magnificam
1716 838 2029 895 miraculo-

383 941 516 981 rum
568 925 805 993 Christi,
864 931 920 982 et
989 926 1287 997 sigillatim
1346 944 1592 999 quisque
1646 933 2025 1000 exponentem

385 1016 1021 1083 commemorationem,
1082 1017 1383 1087 quaternio
1450 1017 1867 1089 discipulorum
1933 1035 2029 1075 eo-

386 1105 772 1175 rumdemque
828 1104 1315 1177 evangelistarum
1373 1106 1580 1161 Christi
1630 1113 2027 1180 repraesentat,

383 1192 632 1263 Equum
660 1209 795 1249 vero
842 1193 985 1249 mihi
1032 1194 1283 1265 videtur,
1344 1195 1467 1252 haec
1515 1196 1708 1252 denuo
1738 1198 2029 1271 persequi,

387 1295 444 1346 et
474 1307 588 1347 non
635 1290 739 1348 illa
781 1292 1040 1363 quidem,
1081 1293 1253 1365 quasi
1282 1294 1589 1365 presentis
1626 1295 1745 1351 sint
1780 1295 2032 1352 instituti

390 1385 493 1436 aut
522 1382 823 1452 propositi,
874 1390 937 1437 ut
1004 1382 1214 1451 fusius,
1265 1384 1364 1441 sed
1413 1387 1756 1441 summatim
1800 1390 2032 1444 tantum

384 1471 875 1555 perstringuntur,
918 1488 1171 1544 peropus
1202 1490 1330 1530 esse
1360 1475 1507 1530 duco
1549 1491 1564 1530 :
1611 1474 1811 1531 itidem
1858 1480 1925 1530 ut
1972 1477 2033 1532 in

391 1562 517 1615 arte
546 1563 603 1616 et
659 1559 970 1630 disciplina
998 1563 1160 1618 omni
1216 1578 1451 1620 necesse
1484 1568 1593 1631 est,
1625 1564 1803 1621 ﬁnem
1835 1570 1892 1621 et
1920 1565 2033 1622 uti-

392 1647 614 1704 litatem
643 1649 771 1720 ejus
816 1665 1184 1722 cognoscere,
1234 1652 1524 1725 siquidem
1566 1670 1681 1709 non
1730 1653 1914 1710 otiose
1979 1659 2037 1710 et

393 1736 562 1807 quasi
593 1735 752 1792 aliud
775 1753 952 1809 agens
982 1738 1273 1810 quispiam
1307 1741 1584 1797 doctrinm
1604 1744 1662 1797 et
1698 1741 2038 1798 incumbere

2132 561 2268 617 πτὸν
2314 567 2416 632 τῆς
2464 560 2824 639 εύαγγελικῆς
2874 568 3061 640 φωνῆς
3122 561 3400 635 ἐξήγησιν,
3431 563 3523 618 καὶ
3578 565 3673 633 τήν
3717 563 3761 619 ἐν

2138 649 2287 724 μὲρει
2341 654 2449 706 τῶν
2509 653 2744 724 Χριστοῦ
2816 649 3105 724 θαυμάτων
3184 649 3674 726 μεγαλοπρέπειαν,
3733 656 3764 722 ἡ

2133 739 2423 812 τετρακτὺς
2478 744 2586 793 τῶν
2630 740 2871 814 Χριστοῦ
2933 742 3191 813 μαθητῶν
3248 742 3572 815 παρίστησιν
3620 742 3764 816 εύσγ·

2132 825 2423 899 γελιστῶν.
2456 828 2672 884 Εἰκαῖον
2706 825 2753 882 δ’
2784 826 2976 906 ἔμοιγε
3028 828 3267 906 φαίνεται
3316 830 3403 884 καὶ
3456 828 3610 892 αὖθις
3651 830 3770 886 αὐτὰ

2137 913 2522 993 διεξέρχεσθαι,
2588 918 2663 990 μὴ
2723 922 2802 991 τῷ
2860 919 3090 992 παρόντι
3152 923 3337 991 σκοπῷ
3401 922 3768 995 προσήκοντα”

2137 1005 2190 1059 ἐν
2232 1004 2514 1084 κεφαλαίῳ
2564 1008 2746 1080 μέντοι
2774 1011 2944 1061 ταῦτα
2996 1004 3275 1063 διαλαϐεῖν
3315 1010 3495 1087 χρεὼν
3553 1008 3773 1080 μάλιστᾶ

2136 1115 2200 1169 γε
2256 1095 2349 1149 καὶ
2406 1091 2691 1170 ἀναγκαῖόν
2740 1094 2901 1154 ἐστιν.
2934 1099 3139 1168 Ὥσπερ
3198 1099 3382 1152 τοίνυν
3433 1096 3518 1177 ἐφ’
3563 1098 3772 1153 ἑκάστου

2137 1181 2457 1258 πράγματος
2514 1183 2604 1238 καὶ
2665 1181 2977 1255 ἐπιστήμης
3031 1182 3233 1258 ἀνάγκη
3285 1184 3375 1239 τὸν
3418 1185 3622 1240 σκοπὸν
3648 1182 3771 1240 εἰδὲ-

2136 1292 2243 1342 ναι,
2284 1272 2375 1327 καὶ
2421 1271 2485 1327 τὸ
2534 1271 2819 1352 ὠφέλιμον
2868 1271 2929 1327 τὸ
2980 1274 3041 1327 ἐκ
3075 1278 3174 1328 τοῦ
3224 1275 3552 1348 μαθήματος
3578 1293 3592 1305 ·
3625 1272 3672 1330 ε⁹ί
3701 1294 3772 1346 τῳ

2144 1360 2238 1434 μὶν
2286 1360 2568 1437 παρέργως
2630 1360 2791 1435 μέλοι
2862 1368 2983 1425 ταῖς
3054 1361 3305 1436 μελέταις
3386 1362 3771 1419 συντείνεσθαι·

2141 1448 2323 1525 ὥσπερ
2381 1448 2473 1505 οὖν
2535 1451 2585 1506 ἐν
2645 1457 2761 1512 τοῖς
2818 1448 3039 1520 ἄλλοις,
3070 1452 3213 1507 οὕτω
3257 1452 3348 1507 καὶ
3397 1452 3487 1507 τὸν
3540 1454 3674 1508 κατὰ
3721 1452 3774 1506 τὸ

2144 1538 2471 1615 Εύαγγέλιον
2504 1539 2781 1615 ᾑρημένον
2834 1544 2929 1614 ζῇν
2978 1541 3069 1595 τὸν
3096 1541 3293 1595 τούτου
3338 1541 3543 1596 σκοπὸν
3592 1538 3771 1596 εἰδέναι

2141 1631 2360 1702 πρῶτον
2413 1630 2613 1702 χρεὼν,
2656 1630 2749 1683 καὶ
2796 1629 2879 1691 τίς
2924 1633 2958 1698 ἠ
3004 1627 3243 1685 ἐντεῦθεν
3277 1625 3465 1701 ὄνησις
3519 1636 3638 1692 τοῖς
3676 1631 3778 1684 κατ’

2145 1716 2277 1771 αὐτό
2308 1738 2371 1791 γε
2399 1719 2497 1787 τήν
2527 1716 2810 1773 τελείωσιν
2859 1714 3113 1773 λαϐοῦσιν
3161 1718 3413 1797 ἐφέπεται
3436 1736 3452 1750 °
3483 1718 3578 1774 καὶ
3615 1720 3775 1774 τοίνυν

391 1801 548 1880 velit.
593 1825 775 1881 Sicuti
805 1801 1073 1898 igitur-in
1105 1801 1257 1898 aliis,
1291 1829 1372 1885 ita
1411 1830 1469 1884 in
1502 1830 1612 1886 hoc
1651 1847 1887 1902 quoque
1911 1836 1951 1887 st

2221 1826 2329 1880 rmp
2362 1805 2563 1867 σκοπὸς
2602 1807 2760 1861 παντὶ
2815 1803 3151 1879 διδασκάλῳ,
3184 1804 3260 1868 ὥς
3303 1807 3357 1880 γ’
3382 1805 3602 1886 ἐφικτὸν
3651 1805 3781 1861 ἐκεί-

392 1920 511 1991 dio,
541 1937 641 1978 eos
697 1924 796 1995 qui
851 1940 920 1979 ex
975 1928 1310 1998 prasacripto
1366 1926 1665 1999 Evangelii
1723 1930 1895 1985 vitam
1928 1930 2044 1985 sibi

398 2009 682 2081 agendam
739 2013 1184 2082 constituerunt,
1238 2016 1416 2071 ﬁnem
1447 2017 1576 2086 ejus
1614 2015 1676 2073 in
1706 2017 1933 2088 primis,
1964 2017 2042 2074 vi-

399 2098 607 2157 delicet
636 2116 897 2171 quanam
948 2102 1166 2160 utilitas
1210 2120 1309 2160 eos
1352 2105 1447 2175 qui
1496 2119 1599 2176 per
1639 2105 1696 2161 id
1729 2107 1802 2162 ad
1833 2109 2044 2178 perfec-

403 2189 622 2245 tionem
654 2192 1127 2264 oonsequendam
1167 2196 1449 2264 aspirant,
1485 2200 1902 2267 consequatur,
1945 2197 2049 2255 sci.

402 2299 464 2341 re
516 2285 801 2342 convenit.
828 2288 1026 2359 Itaque
1076 2289 1568 2360 quemadmodum
1614 2290 1837 2348 doctori
1885 2291 2047 2347 omni

396 2372 493 2428 ille
524 2373 659 2431 finis
690 2378 1023 2448 propositus
1057 2381 1164 2444 est,
1198 2382 1262 2434 ut
1293 2378 1669 2449 discipulum,
1702 2380 1892 2452 quoad
1920 2383 2049 2452 ejus

397 2472 522 2530 ﬁeri
554 2478 766 2547 potest,
797 2475 1120 2548 disciplinae
1140 2478 1672 2534 communicatione
1702 2478 1815 2535 sibi
1844 2479 2049 2535 reddat

397 2562 756 2633 persimilem
790 2579 804 2621 :
859 2565 1060 2621 itidem
1108 2567 1442 2639 prrsceptori
1472 2567 1696 2624 Christo
1751 2568 1911 2636 Jesu,
1946 2569 2044 2640 qui

398 2666 597 2708 revera
626 2669 858 2710 summe
894 2654 1087 2711 bonus
1117 2661 1223 2723 est,
1263 2656 1648 2713 constitutum
1688 2657 1907 2714 scilicet
1938 2662 2046 2726 est,

401 2744 686 2813 quantum
746 2743 1004 2801 humana
1031 2744 1316 2816 permittit
1357 2745 1611 2803 conditio
1658 2752 1717 2803 et
1745 2747 2051 2819 fragilitas,

405 2856 882 2913 unumquemque
914 2860 1017 2915 per
1071 2845 1450 2918 Evangelium
1482 2847 1550 2902 ad
1584 2862 1645 2902 se
1676 2849 2047 2903 accedentem

402 2928 513 2986 sibi
560 2931 672 3001 ipsi
715 2933 1097 3002 coniormare,
1150 2941 1323 3007 atque
1356 2935 1437 2992 ita
1467 2937 1858 2993 conformatos
1897 2936 2048 2993 ﬁlios

397 3034 504 3074 suo
534 3018 808 3076 exhibere
849 3021 1021 3092 Patri,
1054 3027 1112 3080 et
1145 3023 1400 3081 heredes
1431 3025 1666 3097 quidem
1706 3025 1830 3093 Dei,
1859 3026 2047 3083 coha-

400 3108 567 3164 redes
620 3123 754 3165 vero
783 3125 884 3181 per
930 3127 1059 3167 eam
1108 3113 1481 3185 adoptionem
1514 3131 1638 3185 qua:
1679 3116 1863 3185 gratia
1892 3116 2045 3172 obti-

401 3196 507 3270 git,
558 3195 744 3269 ipsius
784 3200 1069 3270 unigeniti
1115 3207 1171 3259 et
1234 3204 1604 3276 primogeniti
1652 3204 1789 3261 Jesu
1833 3205 2044 3262 Christi
2077 3216 2119 3282 ρ

404 3286 775 3343 constituere.
809 3289 1173 3362 Quapropter
1216 3291 1286 3348 ad
1334 3291 1489 3349 hunc
1528 3299 1648 3349 tam
1684 3310 1965 3367 magnum
1993 3298 2051 3351 et

406 3373 719 3432 mirificum
775 3376 1071 3449 Evangelii
1105 3379 1304 3451 ﬁnem,
1361 3385 1419 3437 et
1466 3385 1583 3437 tam
1613 3382 1831 3455 insigni
1860 3384 2048 3454 ad0p-

402 3463 581 3520 tionis
614 3464 890 3522 honorem
922 3471 1273 3539 spectantes,
1311 3472 1775 3543 unumquodque
1806 3473 2051 3530 seorsim

403 3560 754 3628 praceptum
785 3557 914 3629 ejus
960 3558 1034 3615 ad
1081 3560 1340 3617 animum
1372 3562 1680 3630 adducere,
1714 3569 1771 3620 et
1797 3564 2052 3636 penitius

401 3657 729 3730 perspicere
759 3658 1064 3717 debemus.
1113 3665 1331 3719 Horum
1388 3664 1677 3737 siquidem
1730 3664 1927 3739 aliqua
1962 3682 2052 3722 ra-

404 3746 677 3803 tionalem
709 3748 918 3805 animm
948 3754 1173 3822 partem
1199 3754 1867 3829 repurgnant,longeque
1896 3756 2058 3828 igno-

366 3836 649 3893 -rantiam
700 3837 1113 3912 inscitiamque
1160 3859 1392 3899 omnem
1433 3842 1742 3916 exigentis,
1775 3846 2055 3917 quidquid

406 3933 493 3982 est
541 3926 601 3984 in
672 3928 916 3986 rationis
990 3936 1201 3987 nostrae
1259 3934 1711 4005 cogitationibus
1762 3935 2058 4003 vanitatis,

408 4015 693 4086 abjiciunt
750 4023 924 4089 atque
954 4021 1262 4092 repellunt,
1294 4028 1351 4079 et
1393 4040 1494 4093 pro
1523 4024 1607 4080 eis
1663 4025 2058 4097 Cognitionem

410 4101 511 4158 Dei
596 4109 893 4162 amantem
954 4109 1181 4179 Deoque
1263 4118 1511 4182 gratam,
1573 4112 2057 4183 prudentiamque

408 4216 541 4256 cum
591 4203 817 4260 ratione
847 4212 1004 4263 recta
1051 4207 1357 4265 inducunt.
1419 4211 1696 4276 Quaedam
1745 4226 1879 4266 vero
1923 4212 2063 4269 ferO'

407 4288 596 4346 ciores
628 4293 807 4348 animi
868 4296 1107 4353 affectus
1139 4298 1418 4354 ordinant
1446 4307 1620 4371 atque
1649 4300 2052 4370 constituunt;

409 4377 825 4450 incompositos
844 4384 1449 4454 enim,inobedientes
1499 4394 1556 4444 et
1586 4388 1850 4456 rebelles,
1899 4392 2062 4461 quasi

413 4469 629 4525 catenis
674 4472 1102 4547 constringunt,
1160 4475 1425 4551 iramque
1490 4483 1547 4535 et
1592 4478 2062 4538 vociferationem

2151 1916 2227 1966 νῳ
2257 1897 2325 1968 τῇ
2356 1899 2463 1950 τῶν
2500 1894 2836 1969 μαθημάτων
2865 1894 3121 1967 κοινωνίᾳ
3157 1896 3248 1950 τὸν
3303 1897 3557 1969 μαθητήν
3591 1897 3783 1968 ὁμοιῶ-

2154 2003 2295 2037 σαι·
2358 1982 2501 2038 οὕτω
2558 1988 2638 2056 τῷ
2694 1982 2841 2046 ὄντες
2900 1983 3011 2039 ὄντι
3080 1985 3405 2060 ὑπεραγάθῳ
3485 1982 3782 2057 διδασκάλῳ

2155 2072 2337 2142 Ἰησοῦ
2415 2076 2669 2149 Χριστοῦ,
2740 2074 2865 2128 ὅσον
2946 2072 3260 2148 ἀνθρωπίνῃ
3341 2072 3551 2154 ἐφεῖται
3628 2073 3781 2152 φύσει,

2156 2161 2331 2234 ἑαυτῷ
2388 2162 2482 2217 τὸν
2540 2160 2628 2217 διὰ
2703 2167 2801 2217 τοῦ
2870 2161 3202 2240 Εὐαγγελίου
3276 2164 3579 2239 προσιόντα
3633 2164 3786 2220 πάντα

2159 2251 2361 2313 σκοπὸς
2421 2252 2650 2323 ὁμοιοῦν
2676 2272 2690 2285 ·
2735 2250 2880 2307 οὕτω
2937 2249 2985 2307 δ’
3042 2252 3487 2326 ἐξομοιωθέντας,
3518 2250 3679 2309 τέκνα
3718 2256 3786 2323 τῷ

2156 2337 2364 2396 ἐκείνου
2416 2338 2687 2411 ἀναδεῖξαι
2745 2340 2960 2416 Πατρί’
3026 2339 3412 2417 κληρονόμους
3484 2342 3585 2416 μὲν
3652 2345 3788 2409 Θεοῦ,

2158 2430 2655 2506 συγκληρονόμους
2702 2427 2761 2485 δὲ
2809 2427 2897 2485 διὰ
2952 2437 3052 2500 τῆς
3100 2431 3237 2486 κατά
3303 2432 3470 2506 χάριν
3534 2431 3787 2491 υἱοθεσίας

2160 2522 2492 2583 καταστῆσαι
2550 2518 2716 2574 αὐτοῦ
2772 2523 2867 2573 τοῦ
2929 2523 3254 2594 μονογενοῦς
3309 2518 3401 2573 καὶ
3451 2519 3789 2586 πρωτοτόκου

2158 2610 2342 2679 Ἰησοῦ
2372 2610 2629 2682 Χριστοῦ.
2664 2610 2846 2664 Ἐνθεν
2877 2628 2963 2664 τοι
2990 2609 3077 2663 καὶ
3124 2608 3259 2683 πρὸς
3304 2608 3399 2663 τὸν
3448 2607 3600 2663 οὕτω
3643 2608 3787 2681 μέγαν

2158 2700 2249 2753 καὶ
2308 2699 2552 2777 ὑπερφυᾶ
2606 2702 2703 2753 τοῦ
2762 2696 3093 2773 Εὐαγγελίου
3154 2699 3382 2766 σκοπὸν,
3411 2698 3499 2751 καὶ
3554 2697 3688 2772 πρὸς
3738 2695 3790 2750 τὸ

2156 2795 2257 2858 τῆς
2332 2786 2676 2858 τηλικαύτης
2747 2787 3015 2849 υἱοθεσίας
3100 2786 3547 2849 ἀποσκοποῦντας
3629 2785 3789 2861 γέρας,

2154 2878 2243 2933 καὶ
2302 2877 2396 2936 τὰς
2448 2878 2567 2932 καθ’
2616 2874 2840 2931 ’ἑκαστον
2898 2874 3125 2938 ἐντολὰς
3176 2877 3378 2951 ἐνάγειν
3426 2876 3519 2930 καὶ
3581 2878 3789 2948 θεωρεῖν

2157 2965 2238 3023 δεῖ
2261 2984 2275 2998 ⁸
2311 2967 2384 3029 ὡς
2418 2966 2470 3021 αἱ
2506 2967 2600 3039 μὲν
2633 2966 2810 3021 αὐτῶν
2837 2966 2900 3022 τὸ
2949 2963 3259 3044 λογιστικὸν
3305 2964 3667 3042 ῥὺθμίζουσαι
3708 2963 3789 3019 καί

2155 3057 2630 3132 ἀνακαθαίρουσαι,
2664 3057 2870 3131 μακράν
2903 3076 3007 3111 που
3048 3052 3307 3110 διωθοῦσι
3357 3060 3530 3110 πᾶσαν
3586 3057 3790 3130 ἄγνοιαν

2154 3148 2243 3200 καὶ
2293 3144 2633 3223 ἀφροσύνην·
2684 3146 2776 3201 καὶ
2824 3147 2948 3201 ὅσον
2997 3148 3095 3210 τῆς
3130 3144 3497 3219 ματαιότητος
3539 3142 3604 3204 ,ὲν
3654 3143 3789 3218 λογι-

2159 3241 2320 3311 σμοῖς
2351 3231 2688 3291 ἀποσοϐοῦσι
2736 3236 2827 3290 καὶ
2858 3234 3224 3291 ἀπελαύνουσι
3250 3254 3263 3268 ·
3313 3233 3549 3313 θεοφιλῆ
3583 3231 3639 3289 δὲ
3664 3236 3789 3310 γνῶ·

2161 3347 2242 3381 σιν
2301 3324 2390 3380 καί
2447 3326 2711 3402 φρόνησιν
2742 3323 2968 3400 εὔλογον
3010 3322 3408 3398 ἀντεισάγουσιν
3435 3340 3450 3353 ·
3492 3325 3552 3378 αἱ
3600 3321 3659 3378 δὲ
3700 3325 3794 3376 τῶν

2158 3414 2395 3471 ἐντολῶν
2446 3415 2508 3469 τὸ
2558 3411 2843 3486 θυμοειδὲς
2886 3413 3162 3482 τάττουσι,
3205 3412 3297 3467 καὶ
3352 3411 3623 3467 ἀτακτοῦν
3682 3410 3798 3465 ἀνα-

2161 3505 2466 3578 σειράζουσι
2518 3502 2687 3575 θυμόν
2744 3524 2803 3558 τε
2857 3509 3029 3557 πᾶσαν
3084 3502 3327 3577 κραυγήν
3387 3521 3447 3557 τε
3494 3502 3589 3555 καὶ
3645 3498 3795 3575 βλασ-

2164 3592 2374 3670 φημίαν
2453 3590 2740 3667 ἐξαίρουσι,
2804 3596 3049 3666 μειοῦσαι
3107 3591 3142 3661 ἢ
3201 3592 3521 3665 ἆναιροῦσαι
3566 3610 3581 3625 ο
3641 3587 3797 3661 πραόο

2161 3703 2301 3753 τητα
2377 3679 2433 3737 δὲ
2498 3686 2668 3736 πᾶσαν
2741 3682 2831 3737 καὶ
2903 3679 3192 3737 ἐπιείκειαν
3251 3679 3305 3735 ἐν
3374 3678 3569 3756 ἀνδρίᾳ
3625 3683 3795 3754 ψυχῆς

2163 3773 2541 3845 κατορθοῦσιν.
2589 3768 2791 3826 ’Ἃλλαι
2875 3768 2933 3825 δὶ
2999 3764 3239 3846 ἀκριϐῶς
3322 3769 3688 3843 τηρούμεναι,
3741 3766 3794 3820 τὸ

2167 3861 2561 3932 ἐπιθυμητικὸν
2604 3861 2921 3931 καθιστῶσι,
2954 3858 3200 3935 πορνείαν
3246 3859 3338 3913 καί
3397 3861 3574 3912 πᾶσαν
3632 3854 3794 3924 ἄλλην

2165 3948 2518 4024 ἀκαθαρσίαν,
2558 3949 2647 4004 καὶ
2704 3950 2917 4023 σύμπαν
2978 3948 3168 4011 ἅπλῶς
3238 3946 3409 4003 εἰπεῖν
3466 3949 3644 4009 πάθος
3687 3965 3797 4019 καρο

2169 4037 2286 4103 δίας
2324 4042 2679 4115 μαραίνουσαι
2723 4040 2814 4095 καὶ
2865 4039 3269 4119 ἐξαφανίζουσαι
3300 4058 3314 4072 ⁸
3350 4039 3567 4117 ἁγνείαν
3617 4037 3675 4095 δί
3717 4033 3795 4092 καὶ

2169 4128 2519 4206 σωφροσύνην
2564 4130 2655 4185 καὶ
2698 4130 2982 4202 ἀπάθειαν,
3012 4129 3103 4186 καὶ
3153 4129 3320 4185 οἱονεὶ
3368 4130 3574 4193 παντὸς
3631 4128 3798 4203 μολυ-

2171 4224 2313 4291 σμοῦ
2372 4219 2569 4294 σαρκὸς
2626 4219 2717 4275 καὶ
2787 4219 3092 4293 πνεύματος
3160 4218 3507 4294 καθαρότητα
3583 4218 3672 4275 καὶ
3725 4236 3800 4270 σε·

2173 4308 2416 4381 μνότητα
2445 4307 2825 4379 εἰσοικίζουσιν
2853 4328 2865 4341 ’
2917 4309 2970 4363 αἱ
3003 4306 3059 4364 δὲ
3107 4306 3284 4378 ἄλλην
3335 4306 3589 4379 α’ίσθησιν
3621 4302 3801 4361 παιδα-

2168 4402 2428 4474 γωγοῦσι,
2459 4397 2549 4453 καὶ
2600 4398 2700 4467 τὴν
2748 4402 3004 4476 γλῶσσαν
3049 4397 3392 4473 ῥυθμίζουσι.
3428 4403 3604 4453 Πᾶσαι
3653 4394 3700 4451 δ’
3723 4393 3803 4449 οὖν

2170 4485 2354 4550 καλῶς
2403 4488 2484 4559 τῷ
2541 4490 2809 4561 πνεύματι
2859 4488 3241 4566 ἐνεργούμεναι
3302 4486 3477 4544 ε’ίτουν
3529 4483 3806 4561 κατορθού-

411 4556 901 4617 vehementiorem
953 4570 1125 4635 atque
1169 4566 1576 4624 deformiorem
1617 4584 1870 4639 omnem,
1899 4586 1971 4642 pr,

2247 4597 2327 4632 ναι
2363 4578 2495 4651 μετά
2521 4574 2837 4652 διακρίσεις,
2870 4577 3204 4651 πρακτικοὺς
3248 4578 3376 4639 τοὺς
3426 4578 3609 4633 αὐτῶν
3660 4594 3807 4641 ποιη-

412 4651 564 4706 terea
619 4649 1041 4722 blasphemiam
1100 4658 1158 4711 et
1228 4656 1684 4714 maledictionem
1750 4657 1837 4714 vel
1895 4659 2061 4716 dimi-

414 4752 676 4821 nuentia,
723 4751 811 4808 vel
853 4770 1091 4825 prorsus
1124 4755 1439 4812 eximentis
1495 4757 1712 4813 tollunt
1760 4774 1773 4813 :
1837 4774 2054 4817 morem

408 4856 540 4899 vero
581 4843 785 4900 mitem
815 4856 867 4901 et
897 4855 1287 4917 mansuetum,
1322 4846 1699 4919 animumque
1748 4865 1971 4920 wquum
1998 4854 2055 4904 et

408 4930 639 5003 fortem,
675 4933 811 5001 frite
869 4938 1043 5007 atque
1116 4935 1319 4991 ordine
1379 4937 1575 4992 omnia
1623 4945 2054 5010 exsequentem,

410 5020 797 5079 substituunt.
865 5024 1160 5080 Nonnulla
1208 5028 1423 5087 autem,
1464 5041 1596 5081 cum
1638 5042 1778 5082 cura
1824 5032 1881 5082 et
1926 5027 2055 5083 dili-

411 5112 608 5186 gentia
638 5116 888 5179 servata,
923 5119 1143 5184 partem
1176 5114 1386 5172 animm
1414 5115 1717 5186 capibitati
1750 5116 2057 5173 obnoxiam

414 5205 741 5275 erudentia,
776 5209 1139 5276 componunt
1176 5220 1189 5259 :
1224 5209 1511 5275 stuprum,
1543 5221 1893 5276 omnemque
1922 5204 2060 5261 alim

415 5305 819 5377 impuritatem
869 5311 927 5361 et
987 5305 1441 5371 immunditiam,
1487 5312 1542 5360 et
1591 5305 1681 5376 (ut
1739 5320 1850 5359 uno
1890 5304 2062 5360 verbo

412 5396 764 5469 simpliciter
802 5395 1043 5466 dicam);
1067 5394 1523 5466 omnemgcordis
1556 5397 1773 5452 malam
1810 5392 2064 5449 ati‘ectio-

414 5500 551 5542 nem
631 5485 1357 5559 atquelperturbationem
1426 5483 1660 5541 abolent
1733 5490 1786 5540 et
1845 5482 2064 5539 exstin-

420 5576 788 5650 guunt:95
847 5576 1159 5650 puritatem
1216 5592 1372 5646 vero,
1432 5575 2066 5646 sobrietatem,tempe-

418 5669 697 5739 rantiam,
728 5668 1035 5743 pudorem,
1093 5668 1369 5741 omnique
1396 5665 1653 5740 appetitu
1682 5664 1833 5726 malo
1870 5680 2069 5724 caren-

2167 4668 2261 4729 ti:
2311 4665 2646 4742 ἐνεργοῦσιν·
2697 4666 2929 4744 ἀγαθούς
2971 4688 3029 4723 τε
3077 4667 3167 4723 καὶ
3218 4664 3489 4737 δικαίους,
3541 4665 3806 4743 χρηστούς

2162 4777 2221 4811 τε
2274 4757 2387 4829 ἅμα
2432 4756 2521 4811 καὶ
2580 4756 2858 4824 ἐπιεικεῖς,
2891 4756 3196 4829 ἐλεήμονάς
3251 4777 3309 4811 τε
3357 4756 3448 4811 καὶ
3486 4756 3802 4834 φιλοθὲουςο

2162 4846 2252 4901 καὶ
2297 4843 2539 4908 συνόλως
2590 4846 2780 4915 εἰπεῖν,
2829 4851 3002 4902 πᾶσαν
3052 4843 3263 4901 ἀδικίαν
3307 4845 3397 4900 καὶ
3474 4843 3801 4920 παρανομίαν

2167 4936 2241 4997 εἰς
2288 4936 2446 4998 τέλος
2524 4936 2583 4992 ἐκ
2651 4933 2877 5012 καρδίας
2962 4935 3393 5013 ἀποστρέφεσθαι
3480 4933 3808 5008 παρασκευά-

2168 5031 2354 5095 ζουσι·
2389 5022 2755 5096 ζδικαιοσύνην
2813 5024 2870 5081 δὲ
2944 5032 3115 5081 πᾶσαν
3174 5025 3265 5080 καὶ
3322 5026 3519 5100 ἀρετὴν
3569 5023 3708 5079 κατὶ
3756 5022 3808 5077 τὸ

2170 5114 2474 5189 ἂναλογοῦν
2529 5120 2631 5183 τῆς
2669 5114 2805 5189 πρὸς
2847 5134 2939 5169 τον
2979 5111 3308 5170 διδάσκαλον
3341 5115 3668 5188 ὁμοιώσεως
3710 5113 3809 5180 ἐξα·

2172 5208 2351 5259 σκεῖν·
2385 5203 2459 5266 ὡς
2518 5201 2757 5260 ἐντεῦθεν
2814 5205 2903 5259 καῖ
2956 5203 3031 5266 εἰς
3082 5200 3316 5259 διάθεσιν
3362 5200 3589 5278 καρδίας
3646 5200 3805 5256 εἶτουν

2170 5289 2276 5364 ἕξιν
2326 5291 2566 5367 τάγαθοῦ
2615 5293 2978 5371 πεφθακότας,
3039 5292 3129 5346 καὶ
3206 5292 3282 5354 ὡς
3341 5290 3459 5347 ἐνόν
3513 5312 3575 5367 γε
3634 5288 3808 5357 διατη·

2174 5385 2421 5456 ροῦντας,
2483 5382 2676 5455 μηκέθ’
2734 5383 3059 5456 ἁμαρτάνειν
3130 5378 3387 5437 δύνασθαι
3460 5375 3811 5454 κατηρτισμέ-

2173 5492 2295 5533 νους
2328 5471 2403 5532 εἷς
2426 5469 2768 5542 τελειότητα,
2802 5472 2877 5533 ὡς
2928 5470 3202 5546 ἀνθρώπῳ
3248 5468 3477 5543 δύναμις
3525 5469 3773 5543 πάρεστιν
3797 5487 3807 5497 ·

2178 5560 2357 5637 ὥσπερ
2406 5561 2435 5616 ὁ
2477 5566 2584 5617 τῶν
2641 5561 2953 5618 καλλίστων
3011 5561 3196 5624 αὐτοῖς
3243 5561 3470 5638 ἡγεμὼν
3514 5561 3606 5614 καὶ
3665 5556 3806 5613 διδάο

2178 5647 2401 5714 σκαλος.
2434 5648 2589 5708 Οὕτω
2647 5649 2706 5709 δὲ
2760 5653 3095 5710 τελειωθεῖσι
3157 5649 3248 5709 διὰ
3300 5657 3403 5724 τῆς
3450 5653 3558 5707 τῶν
3586 5647 3811 5707 ἐντολῶν
