4100 6218
286 349 403 410 701

1310 349 1925 439 ECGLESIASTICE
1965 353 2358 418 HISTORL‘E
2394 350 2549 416 LIB.
2594 351 2644 413 Ι.

3576 350 3696 416 702

286 486 595 558 πρακτικῆς
636 481 913 559 γνώσεως,
946 479 997 551 ἐξ
1028 480 1253 556 ἔτοίμου
1282 481 1418 538 εἶναι
1464 482 1649 548 αὐτοῖς
1696 481 1787 540 διὰ
1835 492 1935 555 τῆς

2050 491 2163 545 tem
2192 487 2596 555 constantiam,
2624 486 2880 560 denique
2906 486 3305 544 innocentiam
3354 488 3413 542 et
3451 485 3695 541 mundi-

287 578 597 646 πρακτικῆς
645 571 734 626 καὶ
784 572 883 639 τὴν
933 577 1034 639 τῆς
1084 570 1311 645 θεωρίας
1361 568 1635 633 ἐπιϐασιν.
1670 574 1767 629 Καὶ
1798 579 1929 651 γοῦν

285 682 375 723 τις
434 656 592 735 φόϐῳ
644 660 845 736 Κυρίου
892 661 989 724 τὰς
1033 658 1258 723 ἐντολάς
1307 660 1418 717 ἐστι
1496 666 1791 738 κατορθῶν,
1843 665 1935 719 xii

286 748 404 823 ἅμα
431 754 532 815 τῆς
564 747 709 811 θείας
753 748 1093 825 γλυκύτητος
1138 751 1229 805 καὶ
1276 750 1489 826 ἀγάπης
1537 756 1882 825 καταξιοῦται
1918 773 1932 788 ⁸

286 839 380 893 καὶ
436 839 618 913 ὥσπερ
674 860 726 893 τι
784 831 1021 893 ἔπαθλον
1074 838 1277 910 ταύτης
1333 842 1452 895 κατ’
1489 841 1786 917 ἀναλογίαν
1833 850 1933 913 τῆς

286 934 602 1002 προκοπῆς,
663 930 771 982 τῶν
830 927 986 982 θείων
1065 929 1378 1003 μυστηρίων
1454 936 1753 1004 καρποῦται
1833 934 1933 1001 τὴν

287 1014 639 1090 ἀποκάλυψιν
685 1035 698 1047 ·
763 1014 851 1074 καὶ
911 1017 983 1070 ὧν
1046 1014 1170 1071 οὐδὲ
1223 1016 1440 1071 ἀκούειν
1500 1017 1615 1081 οἷός
1669 1019 1728 1075 τέ
1770 1020 1932 1088 ἐστιν,

288 1103 567 1180 ἄπρακτος
611 1103 708 1174 ὢν,
744 1103 831 1161 διὰ
884 1112 985 1175 τῆς
1035 1107 1278 1180 πράξεως
1327 1108 1498 1178 ἥκων,
1544 1113 1728 1188 σαφῶς
1772 1099 1932 1166 καταξ

290 1198 457 1271 θρεῖ·
520 1196 593 1250 ὧν
647 1217 706 1251 τε
755 1197 816 1251 ού
894 1195 1133 1265 συνίησιν
1210 1198 1681 1272 ἑρμηνευομένων,
1740 1200 1938 1276 πόρῥω

288 1287 541 1357 πράξεως
620 1284 716 1355 ὢν,
770 1285 931 1350 αὐτὸς
987 1285 1249 1361 ἑρμηνεὺς
1324 1288 1639 1345 καθίσταται
1695 1287 1937 1365 ἄριστος,

287 1377 394 1446 τήν
439 1377 741 1449 πρακτικὴν
793 1376 1013 1448 μετιών.
1066 1376 1170 1432 Καί
1220 1377 1273 1452 γ’
1305 1372 1583 1447 ἐπήϐολος
1627 1384 1736 1435 τῶν
1768 1381 1937 1457 ἆρῥ-ιξ-

285 1466 389 1535 τὴν
419 1466 725 1539 πρακτικήν
760 1464 982 1536 μετιών,
1016 1467 1116 1520 Καὶ
1172 1465 1224 1541 γ’
1271 1461 1554 1537 ἐπήϐολος
1599 1474 1707 1524 τῶν
1756 1469 1939 1547 ἆῤῥή-

287 1576 399 1610 των
452 1552 521 1627 τῇ
579 1552 777 1625 θεωρίᾳ
832 1550 1038 1626 κομιδῇ
1088 1553 1337 1628 γίνεται·
1386 1557 1477 1611 καὶ
1520 1558 1583 1612 τὸ
1628 1562 1736 1613 τῶν
1776 1559 1935 1616 θείων

289 1644 459 1718 βάθος
516 1638 869 1706 παραϐαλὼν,
912 1641 1119 1716 ἐρευνᾷ,
1168 1644 1257 1698 καὶ
1314 1644 1599 1708 ἀκλύστως
1656 1654 1775 1710 τοῖς
1836 1656 1936 1721 τῆς

287 1732 487 1807 σοφίας
543 1733 730 1806 βυθοῖς
775 1731 1128 1806 ἂνανήχεται.
1181 1726 1505 1808 Παραϐολὰς
1555 1733 1645 1791 οὖν
1684 1739 1716 1791 ὁ
1752 1743 1934 1793 τοιοῦ-

2044 578 2206 645 tiem,
2290 581 2465 649 atque
2561 577 2724 631 omni
2800 575 2991 632 carnis
3059 574 3235 631 simul
3322 579 3380 630 et
3459 574 3694 645 spiritus

2046 666 2546 722 oontaminatione
2575 670 2632 721 et
2682 665 3122 737 inquinamento
3159 679 3406 721 vacuam
3456 664 3693 719 castita-

2045 759 2160 812 tem
2226 756 2622 811 introducunt.
2692 754 2897 809 Omnia
2961 754 3228 824 denique,
3298 750 3458 808 aliud
3513 750 3692 807 alium

2046 862 2300 914 sensum,
2333 847 2779 918 paedagogorum
2822 860 3001 910 more,
3047 844 3321 899 erudiunt
3378 847 3555 913 atque
3601 843 3693 898 in-

2046 939 2299 1005 struunt,
2331 943 2385 991 et
2414 935 2676 1006 linguam
2720 938 2874 990 recte
2912 932 3162 989 formant
3208 937 3386 1003 atque
3442 932 3692 988 frenant.

2044 1024 2253 1080 Omnia
2281 1023 2456 1079 etiam
2488 1040 2553 1079 ea
2585 1026 2891 1094 precepts,
2924 1038 3025 1092 per
3062 1019 3335 1092 spiritum
3373 1020 3693 1077 efﬁcaciam

2046 1129 2215 1169 suam
2247 1120 2574 1178 consecuta,
2608 1113 2830 1183 riteque
2876 1115 2933 1167 et
2984 1126 3115 1165 cum
3143 1109 3361 1179 judicio
3400 1110 3462 1165 in
3492 1109 3689 1167 animo

2045 1209 2343 1273 concepta,
2392 1200 2614 1258 alacres
2669 1204 2726 1255 et
2780 1199 3000 1255 vividos
3057 1202 3427 1254 exsecutores
3484 1214 3690 1254 eorum

2046 1291 2330 1356 efﬁciunt,
2362 1288 2542 1346 bonos
2587 1289 2806 1345 scilicet
2849 1288 3143 1357 etjustos,
3194 1285 3450 1357 placidos
3512 1286 3690 1343 simul

2047 1387 2102 1437 et
2131 1396 2349 1450 equos,
2382 1380 2522 1434 item
2557 1377 2958 1434 misericordes
2979 1383 3033 1432 et
3081 1375 3182 1432 Dei
3238 1379 3504 1431 amantes
3537 1392 3552 1429 :
3611 1382 3689 1444 et,

2049 1473 2114 1525 ut
2159 1468 2506 1525 summatim
2556 1468 2769 1533 dicam,
2819 1466 3168 1537 injustitiam
3221 1468 3279 1520 et
3319 1464 3687 1536 iniquitatem

2048 1573 2338 1630 quamque
2376 1574 2478 1613 nos
2509 1557 2747 1613 omnino
2777 1572 2850 1611 ex
2878 1557 3048 1612 corde
3077 1555 3303 1626 ejicere,
3361 1558 3536 1626 atque
3596 1571 3694 1611 eas

2047 1646 2326 1714 aversari,
2349 1645 2647 1717 justitiam
2672 1661 2804 1701 vero
2845 1660 3078 1700 omnem
3111 1648 3166 1700 et
3193 1644 3490 1713 virtutem,
3528 1644 3693 1713 juxta

2049 1732 2479 1807 proportionem
2511 1731 2985 1787 conformationis
3032 1734 3089 1785 et
3145 1729 3554 1786 similitudinis
3617 1731 3690 1785 ad

285 1843 383 1884 τος
413 1823 505 1876 καὶ
534 1820 822 1897 αἰνίγματα
860 1823 994 1895 πρὸς
1047 1819 1346 1895 οἰκοδομὴν
1391 1828 1497 1879 τῶν
1553 1828 1935 1902 μαθητευομέ-

2049 1824 2343 1879 doctorem
2373 1821 2591 1894 ipsum,
2635 1836 2897 1877 exercere
2928 1824 2985 1876 et
3034 1818 3297 1875 meditari
3323 1818 3534 1875 docent
3564 1835 3579 1875 :
3633 1826 3696 1873 ut

286 1933 396 1966 νων
442 1915 523 1983 τῷ
575 1909 685 1983 ’ἷσῳ
732 1911 999 1983 πνεύματι
1037 1911 1378 1981 προτίθησι·
1434 1913 1524 1967 καὶ
1565 1911 1845 1979 ἀναϐάσεις
1890 1918 1942 1973 ἐν

290 2000 492 2075 καρδίᾳ
561 2003 763 2074 νοερῶς
827 1997 1202 2072 ἐποικοδομεῖ,
1250 2001 1316 2057 τὰ
1387 2008 1486 2071 τῆς
1555 2008 1690 2058 Θεοῦ
1757 2005 1946 2084 σοφίας

290 2087 479 2160 ἄδηλά
532 2109 590 2143 τε
644 2089 733 2144 καὶ
779 2087 979 2165 κρύφια
1034 2090 1194 2164 ἱερῶς
1251 2111 1311 2144 τε
1369 2091 1483 2165 ἅμα
1523 2093 1614 2147 καὶ
1666 2101 1943 2167 μυστικῶς

290 2182 538 2253 θεωρῶν.
571 2175 731 2234 Ἀλλ’
773 2180 808 2248 ἡ
863 2179 958 2251 μὲν
1017 2182 1124 2233 τῶν
1172 2177 1544 2254 εὐαγγελικῶν
1584 2180 1821 2238 ἐντολῶν
1854 2176 1939 2241 καἰ

289 2262 651 2345 παραϐολῶν,
699 2268 773 2328 ὡς
828 2266 882 2322 ἐν
936 2267 1133 2345 βραχεῖ
1176 2268 1336 2345 φάναι
1388 2266 1639 2342 δύναμις,
1706 2271 1760 2326 ἐν
1809 2274 1942 2328 τού-

288 2380 416 2421 τοις
450 2377 464 2389 ·
498 2356 830 2430 πρακτικούς
860 2377 918 2411 τε
959 2357 1066 2433 γὰρ
1113 2357 1202 2411 καί
1245 2358 1618 2433 θεωρητικοὺς
1653 2361 1745 2416 καὶ
1779 2361 1938 2436 φιλο-

291 2449 495 2525 σόφους
562 2450 643 2517 τῷ
707 2440 840 2514 ὄντι,
902 2446 993 2499 καὶ
1067 2444 1431 2502 ἆποστολικὸν
1496 2447 1942 2526 ἐπανῃρημένους

292 2536 440 2612 βίον,
472 2532 743 2611 ἀδελφοὺς
770 2555 827 2588 τε
857 2534 945 2589 καὶ
977 2536 1348 2609 συμμεριστὰς
1385 2540 1482 2591 τοῦ
1529 2545 1765 2611 Χριστοῦ
1811 2541 1939 2605 τοὺς

284 2627 412 2682 κατ’
471 2623 675 2687 ἐκείνας
725 2622 974 2692 ἐντελεῖς,
1035 2624 1449 2699 ἀποφαίνουσιν.
1520 2628 1668 2683 Ἐπεὶ
1731 2627 1779 2685 δ’
1844 2630 1937 2685 οὖν

285 2722 404 2771 τῶν
463 2716 760 2789 ἆμηκάνων
813 2715 924 2769 ἐστί
954 2714 1044 2769 καὶ
1090 2718 1197 2769 τῶν
1229 2717 1306 2788 μή
1335 2712 1575 2772 δυνατῶν
1606 2720 1705 2788 τήν
1736 2719 1941 2793 ἀνθρω-

286 2807 457 2875 πίνην
508 2804 663 2881 φύσιν
714 2803 933 2858 οἴκοθεν
984 2803 1313 2877 κινουμένην
1368 2808 1437 2878 τῇ
1505 2812 1706 2879 φυσικῇ
1775 2808 1935 2885 ῥώμη

286 2894 367 2957 εἷς
403 2895 466 2948 τὸ
497 2891 713 2949 τέλειον
751 2899 851 2963 τῆς
882 2893 1126 2966 πράξεως
1157 2890 1429 2962 ἐπιϐῆναι.
1462 2895 1498 2964 ἢ
1541 2900 1622 2968 τῷ
1670 2898 1791 2971 ὕψει
1836 2906 1938 2969 τῆς

286 2983 525 3058 θεωρίας
571 2978 869 3054 ἐπιϐαλεῖν,
921 2983 967 3037 εἰ
1002 2983 1077 3056 μή
1128 3003 1211 3044 τις
1257 2988 1376 3045 τοῖς
1425 2991 1525 3054 τῆς
1570 2984 1794 3059 καρδίας
1839 3009 1940 3060 μυ-

286 3078 413 3149 χοῖς
441 3073 536 3127 τὸν
568 3078 802 3148 Σωτῆρα
851 3070 1045 3145 Κύριον
1083 3071 1157 3133 ὡς
1213 3072 1340 3126 Θεὸν
1391 3071 1601 3128 τέλειον
1660 3075 1751 3129 καὶ
1809 3078 1939 3147 ὁμο-

2054 1913 2283 1979 deinde,
2317 1927 2449 1967 cum
2474 1911 2599 1981 jam
2630 1911 2701 1965 ad
2744 1909 3184 1980 dispositionem
3215 1908 3697 1980 affectionemque

2054 2000 2267 2067 cordis,
2296 2005 2469 2071 atque
2500 1999 2644 2055 adeo
2666 1998 2736 2054 ad
2768 1997 2906 2054 boni
2938 1996 3201 2054 habitum
3235 1996 3596 2069 pertigsrint,
3642 2000 3699 2052 et

2053 2109 2121 2149 ea
2151 2094 2431 2163 quantum
2464 2089 2589 2145 fieri
2621 2093 2808 2161 potest
2836 2087 3211 2155 observarint,
3272 2103 3388 2143 non
3437 2085 3694 2158 amplius

2054 2196 2293 2253 peccare
2323 2179 2587 2252 possint:
2622 2179 2838 2250 quippe
2857 2180 2926 2233 ad
2951 2177 3381 2248 perfectionem,
3401 2191 3581 2248 quam
3606 2173 3692 2230 vis

2053 2270 2316 2326 humana
2345 2268 2531 2343 capit,
2556 2267 2863 2339 compositi
2930 2274 3104 2337 atque
3150 2264 3406 2334 deducti,
3452 2264 3692 2337 perinde

2052 2359 2275 2416 scilicet
2307 2363 2484 2430 atque
2518 2357 2640 2428 ipse
2679 2356 2783 2428 qui
2820 2357 2904 2412 eis
2953 2355 3140 2427 preiit
3196 2371 3386 2410 rerum
3436 2352 3692 2425 optima-

2052 2466 2183 2506 rum
2216 2448 2489 2521 magister
2518 2451 2576 2504 et
2597 2450 2932 2519 preceptor.
2956 2446 3235 2501 Ceterum
3267 2444 3340 2500 ad
3399 2458 3533 2499 eum
3566 2459 3692 2498 mo-
3730 2450 3731 2453 ‘

2050 2542 2189 2596 dum
2221 2555 2323 2611 per
2352 2538 2697 2594 effectricem
2721 2536 3116 2608 cognitionem
3160 2538 3581 2607 praceptorum
3615 2533 3687 2589 ad

2050 2628 2462 2702 perfectionem
2538 2625 2850 2699 perductis,
2920 2623 3193 2697 proclivis
3247 2622 3545 2694 facilisque
3601 2622 3685 2689 ﬁt,

2050 2735 2152 2790 per
2178 2717 2526 2774 effectricem
2555 2732 2681 2771 eam
2702 2716 2843 2781 vim,
2892 2715 2963 2770 ad
3012 2712 3545 2785 contemplatricem
3576 2728 3685 2767 su-

2049 2806 2391 2864 blimitatem
2422 2805 2729 2861 transitus.
2762 2803 2821 2858 Si
2853 2804 2986 2875 quis
3015 2801 3170 2858 enim
3202 2806 3487 2874 precepts
3532 2805 3685 2858 recte

2048 2896 2436 2966 exsequendo,
2470 2909 2573 2966 per
2592 2893 2861 2948 timorem
2885 2891 3135 2957 Domini,
3168 2890 3391 2962 implet,
3423 2906 3554 2946 eum
3586 2889 3686 2945 ille

2049 2985 2226 3042 simul
2258 2982 2455 3039 divina
2474 2982 2781 3039 dulcedine
2810 2986 2868 3037 et
2898 2976 3180 3036 charitate
3198 2980 3491 3053 dignatur.
3529 2981 3614 3036 Ita
3638 2976 3690 3035 is

2047 3077 2284 3131 demum
2312 3071 2618 3129 eﬂ‘ectricis
2656 3087 2897 3143 operum
2930 3070 3183 3139 virtutis,
3214 3073 3495 3142 tanquam
3535 3084 3687 3139 pre—

288 3165 451 3231 σθενῆ
520 3165 598 3233 τῷ
656 3162 825 3236 Πατρὶ
886 3159 977 3214 καὶ
1026 3159 1313 3235 ἄνθρωπον
1373 3159 1584 3218 τέλειον
1651 3164 1745 3219 οἷά
1818 3186 1937 3220 τινα

294 3254 315 3261 -
406 3250 445 3261 ..
793 3256 821 3261 μ
996 3244 1123 3261 ..η
1420 3250 1432 3261 .
1556 3252 1647 3261 ._
1744 3253 1758 3261 .
1900 3259 1923 3261 Α

2051 3164 2253 3232 mium,
2278 3166 2444 3234 juxta
2488 3160 2777 3232 profectus
2808 3159 3256 3233 proportionem,
3316 3157 3687 3215 revelationis

288 3250 547 3325 θεμέλιον
608 3250 821 3327 ἆρῥαγῆ
882 3244 1283 3324 προϐάλλοιτο,
1346 3250 1435 3305 καὶ
1511 3252 1660 3325 αὐτῷ
1734 3253 1937 3328 ἀρωγῷ

286 3339 639 3416 κεχρημένος
687 3339 1079 3414 προσεύχῡιτο,
1137 3339 1274 3415 πρός
1326 3361 1385 3394 τε
1431 3341 1622 3413 πρᾶξιν
1671 3342 1763 3397 καὶ
1796 3346 1936 3399 θεω-

288 3429 416 3506 ρίαν
450 3428 721 3499 εὐθυνθείη
758 3448 772 3461 ·
806 3428 835 3482 ὃ
869 3425 934 3496 δή
967 3428 1091 3482 τότε
1124 3427 1219 3499 μὲν
1254 3427 1414 3489 αὐτὸς
1467 3426 1536 3483 δι’
1587 3431 1779 3486 ἑαυτοῦ
1821 3437 1937 3495 τοῖς

289 3517 453 3581 ἰδίοις
507 3520 535 3571 ὁ
588 3517 784 3592 Κύριος
830 3517 1041 3585 Ἰησοῦς
1092 3516 1333 3591 ὑπέφηνε
1382 3518 1696 3589 θιασώταις,
1727 3518 1849 3590 ἐξῆς
1881 3519 1937 3576 δὲ

287 3609 380 3662 καὶ
435 3607 634 3668 πάσαις
691 3611 810 3669 ταῖς
865 3609 972 3660 τῶν
1029 3605 1332 3680 ἀνθρώπων
1388 3613 1598 3681 γενεαῖς
1666 3606 1756 3663 διὰ
1826 3614 1934 3665 τῶν

286 3699 452 3773 ἱερῶν
508 3694 858 3771 Εὐαγγελίων
926 3696 1013 3749 καὶ
1083 3693 1324 3750 διδάσκει
1399 3698 1490 3752 καὶ
1546 3698 1931 3773 καταγγέλλει,

289 3786 420 3842 Θεὸν
482 3784 574 3839 καὶ
629 3782 915 3855 ἄνθρωπον
971 3784 1105 3838 εἶναι
1167 3782 1378 3839 τέλειον
1432 3786 1627 3841 ’ἑαυτὸν
1687 3786 1936 3861 ἐμφανῶς

287 3879 586 3949 παριστῶν.
635 3876 802 3927 Τοῦτο
845 3874 957 3947 χρή
1015 3873 1106 3927 καὶ
1157 3875 1304 3945 ἡμᾶς
1354 3874 1460 3948 πρὸ
1491 3876 1690 3938 παντὸς
1722 3874 1938 3933 ἐννοοῦν

288 3985 409 4034 τας,
443 3964 574 4019 Θεὸν
604 3983 664 4017 τε
693 3962 781 4016 καὶ
821 3963 926 4017 ὕπὸ
955 3967 1065 4017 τῶν
1097 3962 1293 4018 τούτου
1324 3961 1566 4020 ἐντολῶν
1615 3973 1940 4042 καταρτιζο-

292 4055 511 4126 μένους,
568 4051 878 4127 ἀνατρέχειν
938 4052 1074 4126 πρὸς
1131 4052 1232 4121 τὴν
1289 4050 1470 4109 ἔνθεον
1556 4052 1767 4128 ἐκείνην
1851 4077 1939 4112 τε-

289 4143 533 4200 λείωσιν.

2050 3253 2391 3347 divinorum]
2411 3251 2824 3323 mysteriorum
2855 3249 3100 3321 percipit
3132 3249 3375 3304 fructus.
3424 3252 3490 3303 Et
3536 3264 3688 3320 quas

2048 3357 2143 3398 res
2195 3357 2268 3397 ne
2323 3336 2524 3396 audire
2555 3339 2788 3411 quidem
2841 3342 3051 3410 potest,
3101 3354 3236 3394 cum
3297 3337 3367 3394 ab
3394 3336 3684 3395 effectrice

2041 3433 2257 3489 virtute
2290 3432 2512 3488 otiosus
2540 3431 2726 3500 abest,
2758 3446 2875 3497 ess,
2907 3446 3010 3501 per
3046 3443 3224 3500 opera
3288 3428 3518 3485 aditum
3576 3426 3692 3483 sibi

2045 3522 2286 3590 faciens,
2327 3519 2481 3577 clare
2522 3526 2578 3576 et
2624 3520 2919 3576 evidenter
2957 3516 3412 3589 contemplatur.
3443 3516 3511 3572 Et
3558 3532 3687 3587 que

2046 3610 2424 3683 intelligendo
2475 3625 2590 3665 non
2629 3607 2959 3679 assequitur
2998 3621 3100 3679 per
3152 3604 3689 3677 interpretationem

2047 3700 2326 3772 exposita,
2359 3697 2431 3754 ab
2460 3713 2703 3770 operum
2736 3696 3023 3752 eﬁ‘ectrice
3048 3698 3328 3763 remotus,
3360 3710 3425 3749 ea
3454 3692 3693 3749 effectri-

2048 3805 2172 3845 cem
2204 3803 2556 3861 persequens
2586 3786 2706 3856 ipse
2755 3801 2932 3858 quam
2981 3784 3200 3855 optime
3252 3783 3687 3853 interpretatur,

2049 3892 2406 3948 composque
2451 3876 2517 3930 ﬁt
2572 3891 2764 3931 rerum
2801 3889 3144 3930 arcanarum
3202 3877 3258 3928 et
3305 3869 3691 3927 ineffabilium

2051 3966 2293 4023 omnino
2324 3982 2423 4036 per
2448 3962 2991 4034 contemplationem
3024 3978 3037 4018 :
3063 3978 3131 4018 ac
3149 3960 3482 4017 divinarum
3502 3958 3690 4014 scien-

2048 4056 2261 4111 tiarum
2316 4054 2688 4111 altitudinem
2741 4068 3069 4125 aggressus,
3128 4068 3227 4107 eas
3274 4047 3538 4121 inquirit,
3597 4063 3693 4103 sa-

2051 4144 2397 4218 pientieque
2451 4141 2739 4216 profundo
2784 4142 2963 4196 libere
3029 4144 3207 4213 atque
3263 4139 3389 4195 sine
3435 4135 3693 4210 periculo

289 4237 514 4293 innata.
558 4236 762 4306 Itaque
815 4234 867 4291 is
918 4233 1227 4306 parabolas
1281 4238 1341 4291 et
1397 4235 1708 4308 enigmata
1760 4239 1831 4294 ad
1876 4236 2312 4295 edificationem
2371 4234 2723 4292 discentium
2770 4233 2971 4289 eodem
3027 4231 3297 4303 proponit
3347 4231 3577 4302 spiritu,
3636 4244 3667 4282 e

289 4327 460 4399 quasi
490 4326 712 4399 gradus
766 4330 825 4382 et
880 4341 1159 4383 ascensus
1216 4325 1278 4382 in
1334 4327 1506 4384 corde
1534 4328 1641 4385 sibi
1691 4344 1793 4401 per
1845 4330 2056 4386 mentis
2087 4344 2337 4384 acumen
2386 4325 2714 4383 construit:
2766 4340 2855 4380 res
2910 4324 3213 4393 obscuras,
3269 4323 3577 4380 abstrusas
3633 4324 3693 4377 et

288 4418 520 4474 abditas
596 4415 896 4488 sapientie
977 4415 1099 4477 Dei,
1152 4420 1354 4473 sancte
1411 4416 1589 4473 simul
1641 4422 1699 4474 et
1767 4419 2011 4492 mystice
2065 4417 2488 4489 contemplans.
2566 4414 2832 4471 Sedenim
2920 4418 3213 4487 precepts
3283 4417 3340 4469 et
3405 4413 3693 4486 parabole

288 4506 763 4580 Evangeliornm,
796 4508 1086 4578 quatenus
1111 4521 1194 4562 ee
1223 4506 1472 4562 breviter
1499 4506 1615 4562 dici
1640 4514 1904 4579 possunt,
1937 4509 1998 4564 in
2045 4507 2138 4564 his
2185 4523 2314 4577 que
2365 4505 2820 4579 perstrinximus
2867 4510 3008 4560 sunt
3038 4503 3184 4560 site.
3232 4504 3334 4559 96
3383 4505 3694 4560 Efi‘ectores

287 4612 551 4670 namque
578 4611 825 4668 operum
883 4599 1062 4667 atque
1117 4595 1631 4667 contemplatores,
1680 4613 1963 4670 verosque
2002 4596 2403 4669 philosOphos,
2462 4595 2560 4667 qui
2621 4593 3002 4667 apostolicam
3063 4593 3235 4665 plane
3280 4594 3456 4649 vitam
3509 4592 3696 4664 degen

287 4688 425 4744 dam
456 4685 700 4757 eligant,
731 4685 851 4741 imo
881 4684 1084 4741 fratres
1112 4685 1289 4741 etiam
1312 4688 1369 4741 et
1398 4685 1708 4757 participes
1733 4686 1968 4748 Christi.
2004 4703 2100 4742 eos
2132 4686 2417 4757 quijuxts
2458 4700 2525 4740 ea
2581 4688 2872 4756 precepts
2909 4685 2981 4740 ad
3031 4683 3440 4755 perfectionem
3474 4682 3692 4752 pertin-

286 4779 458 4850 gunt,
488 4775 774 4833 efficiunt.
816 4775 992 4832 Porro
1023 4774 1149 4832 fieri
1179 4774 1449 4847 efﬁciqne
1471 4791 1589 4832 non
1628 4779 1837 4847 potest,
1873 4781 1935 4832 nt
1988 4775 2246 4832 hominis
2305 4781 2511 4830 natura
2569 4778 2625 4830 et
2674 4774 2945 4843 tenuitas,
3005 4774 3237 4845 proprio
3295 4771 3517 4828 concita
3565 4786 3690 4825 mo-

284 4871 350 4923 tu
379 4874 434 4923 et
471 4866 529 4922 vi
577 4864 795 4935 nativa,
839 4865 929 4921 vel
978 4864 1049 4920 ad
1106 4864 1518 4935 perfectionem
1574 4865 1879 4923 etfactricis
1927 4864 2157 4921 virtutis
2206 4864 2523 4936 pertingst,
2550 4864 2639 4919 vel
2690 4864 2762 4919 ad
2822 4863 3191 4919 altitudinem
3255 4859 3694 4931 contemplatio-

283 4971 431 5012 nnm
464 4953 703 5027 aspiret,
738 4953 851 5010 nisi
879 4953 1011 5026 quis
1041 4954 1249 5011 intimo
1274 4955 1447 5011 corde
1475 4971 1579 5011 suo
1610 4954 1965 5011 Salvatorem
1996 4953 2330 5023 Dominum,
2354 4958 2421 5009 ut
2450 4954 2633 5010 Deum
2681 4953 3022 5024 perfectum,
3082 4956 3255 5022 atque
3306 4948 3505 5005 eadem
3556 4964 3690 5002 cum

282 5049 457 5102 Patre
485 5044 747 5118 potentia
774 5052 830 5101 et
871 5044 1103 5114 virtute,
1151 5045 1540 5118 eamdemque
1594 5044 1891 5101 hominem
1937 5044 2279 5116 perfectum,
2340 5048 2625 5115 tanquam
2677 5043 2970 5115 quoddam
3032 5041 3445 5098 firmissimum
3476 5039 3690 5095 funda-

287 5137 556 5191 mentum
580 5133 786 5205 jecerit
817 5150 831 5189 :
865 5137 1039 5205 atque
1054 5150 1119 5190 eo
1160 5135 1426 5205 adjutore
1460 5139 1654 5205 utens,
1685 5132 1888 5191 sedulo
1917 5136 2062 5202 oret,
2118 5138 2179 5190 ut
2215 5132 2268 5191 ei
2297 5132 2476 5189 simul
2533 5138 2590 5190 et
2648 5148 2885 5204 operum
2926 5130 3175 5199 effectio,
3232 5134 3291 5186 et
3346 5144 3688 5185 arcanorum

284 5222 700 5295 contemplatio
729 5227 882 5280 recte
910 5224 1200 5280 succedet.
1232 5225 1394 5291 Quod
1421 5240 1566 5281 sana
1593 5228 1717 5280 tum
1748 5224 1985 5295 quidem
2035 5224 2161 5295 ipse
2217 5239 2321 5295 per
2381 5224 2642 5296 seipsum
2701 5220 2981 5278 Dominus
3039 5220 3213 5276 Jesus
3264 5219 3386 5276 suis
3436 5218 3692 5275 ostendit

288 5311 674 5369 sectatoribus
706 5327 722 5368 :
754 5312 1027 5385 deinceps
1057 5328 1189 5369 vero
1219 5318 1278 5370 et
1323 5329 1527 5370 omnes
1565 5312 1831 5370 omnium
1889 5312 2194 5370 hominum
2248 5311 2531 5383 nationes,
2587 5327 2686 5383 per
2740 5325 2907 5366 sacra
2961 5307 3272 5381 Evangelia
3326 5307 3542 5373 docuit,
3603 5307 3688 5361 vi-

287 5400 517 5471 delicet,
561 5406 841 5459 Deumse
894 5406 951 5459 et
1007 5402 1185 5459 simul
1243 5402 1538 5460 hominem
1590 5403 1911 5474 perfectum
1948 5417 2078 5459 esse
2136 5402 2287 5458 clare
2335 5407 2393 5459 et
2448 5401 2661 5458 diserte
2709 5403 2997 5456 astruens.
3057 5398 3119 5454 1d
3177 5414 3282 5454 nos
3339 5412 3571 5469 quoque
3626 5395 3687 5454 in

286 5490 497 5563 primis
567 5491 1021 5562 considerantes,
1072 5491 1251 5548 Deum
1304 5492 1495 5563 ipsum
1546 5497 1605 5548 et
1655 5491 1990 5563 Dominum,
2040 5492 2432 5563 eamdemque
2487 5490 2779 5546 hominem
2841 5490 3160 5562 perfectum
3216 5487 3476 5560 profiteri
3517 5502 3691 5559 Opor-v

288 5584 391 5651 tet,
446 5588 500 5638 et
557 5597 662 5654 per
716 5587 1000 5654 precepts
1055 5583 1185 5654 ejus
1240 5582 1416 5654 probe
1470 5582 1811 5654 instructos,
1869 5582 1942 5639 ad
1990 5581 2247 5639 divinam
2304 5581 2463 5639 illam
2511 5579 2855 5637 contendere
2935 5584 2993 5635 et
3057 5577 3330 5636 anhelare
3386 5576 3691 5650 perfectio-
