4100 6218
391 361 511 423 703

977 497 1212 554 CAPUT
1249 499 1456 554 XXIII.

397 606 659 675 Quanam
714 620 878 679 opera
935 607 1006 679 in
1059 607 1358 679 Evangelia
1414 607 1705 678 descripta,
1765 607 2043 664 Christum

463 681 766 803 ger-[fectum
796 678 1093 746 hominem,
1122 678 1240 752 qua:
1275 679 1404 734 item
1417 682 1728 749 perfectum
1745 680 1914 735 Deum
1936 694 2044 733 r586

465 767 560 804 ιθσ
583 763 718 802 area
750 789 764 802 .

465 851 680 908 Verum
705 852 1198 925 enimvero,quod
1263 856 1552 926 perfectus
1603 859 1814 912 natura
1869 855 2042 910 homo

395 941 679 996 Dominus
727 940 822 1010 sit,
858 941 1001 998 citra
1035 947 1226 999 tamen
1261 949 1481 998 naturae
1506 945 1966 1015 inquinationem
1990 947 2046 998 et

393 1032 616 1098 sordes,
647 1040 838 1102 aperte
868 1035 1078 1088 astruit
1106 1051 1306 1088 novem
1343 1033 1440 1089 illa
1481 1035 1788 1103 mensium,
1831 1051 1942 1105 qua
1985 1035 2042 1087 in

395 1121 560 1174 utero
590 1123 847 1186 gestatus
901 1125 1010 1188 est,
1074 1121 1281 1176 factura
1309 1123 1578 1177 nativitas
1639 1124 1790 1192 ejus,
1851 1123 2045 1176 educa-

395 1207 495 1272 tio,
531 1207 878 1279 baptismus,
911 1209 1287 1280 tentationes,
1321 1212 1522 1280 fames,
1581 1211 1734 1278 sitis,
1791 1211 2042 1280 labores,

395 1297 784 1367 fatigationes,
818 1297 1106 1370 lacrymae,
1147 1317 1412 1370 angores,
1449 1317 1715 1366 somnus,
1773 1301 2035 1368 taedium,

391 1391 450 1441 et
477 1402 842 1458 quaecunque
871 1393 1008 1443 sunt
1039 1387 1344 1444 hominum
1377 1391 1666 1446 naturales
1716 1395 1774 1445 et
1811 1391 2046 1459 irrepre-

393 1475 716 1531 hensibiles
748 1477 1080 1533 aﬂ‘eetiones
1115 1496 1127 1533 :
1163 1479 1356 1534 adhasc
1408 1479 1606 1549 alapas,
1647 1479 1896 1550 colaphi,
1949 1479 2040 1532 fla-

396 1581 520 1636 gra,
573 1565 963 1632 contumeliae,
1016 1567 1357 1635 irrisiones;
1421 1573 1628 1638 sputus
1685 1569 1789 1639 (1),
1854 1585 2048 1623 sannae

395 1654 668 1724 ludibria,
729 1661 787 1711 et
847 1657 1071 1728 reliqua
1143 1659 1482 1729 ejusmodi:
1555 1663 1830 1728 praeterea
1886 1675 2043 1726 crux,

397 1743 562 1814 clavi,
623 1751 876 1813 acetum,
937 1747 1032 1814 fel,
1091 1748 1332 1802 lancea:
1404 1751 1700 1816 postrema
1772 1747 2042 1818 denique,

395 1847 571 1902 mors,
607 1835 805 1902 funus,
837 1841 894 1890 et
941 1837 1260 1906 sepultura.
1312 1839 1495 1907 Atque
1555 1835 1676 1890 haec
1737 1837 1978 1907 quidem
2014 1853 2046 1890 a

397 1922 704 1992 discipulis
733 1929 880 1992 tum,
912 1925 982 1979 ad
1013 1925 1468 1980 conﬁrmandam
1485 1926 1675 1980 carnis
1701 1927 1826 1994 ejus
1851 1925 2046 1989 ﬁdem,

400 2019 536 2070 sunt
563 2019 839 2084 spectata,
883 2016 1126 2085 posteris
1169 2021 1360 2070 autem
1395 2033 1461 2070 ex
1499 2016 1702 2070 ordine
1749 2015 2047 2080 omnibus,

401 2121 470 2160 ea
498 2121 790 2162 sacrorum
819 2107 1266 2178 Evangeliorum
1299 2108 1515 2178 scripta
1565 2107 1844 2162 exhibent
1879 2111 2051 2177 atque

402 2199 834 2266 repraesentant.
873 2195 1074 2265 Itaque
1121 2195 1242 2250 haec
1292 2195 1509 2260 omnia,
1559 2195 1916 2250 Servalorem
1963 2212 2050 2251 ve-

403 2298 537 2338 rum
565 2297 694 2338 esse
723 2281 1040 2350 hominem,
1073 2283 1216 2337 satis
1253 2283 1536 2338 indicant.
1571 2281 1686 2338 97
1724 2283 1882 2346 Quod
1917 2299 2048 2337 vero

401 2371 559 2426 idem
619 2371 906 2440 perfectus
963 2371 1040 2426 sit
1077 2372 1254 2438 Deus,
1337 2383 1498 2428 extra
1557 2373 1952 2427 confusionem
1993 2377 2052 2426 et

401 2461 957 2517 contaminationem
991 2477 1220 2516 omnem
1254 2466 1342 2530 (ut
1365 2463 1464 2532 qui
1495 2464 1563 2516 ad
1601 2462 2044 2518 subsistentium

396 2566 564 2606 suam
594 2551 874 2616 divinam,
907 2549 1224 2606 humanam
1259 2551 1626 2620 inseparabili
1669 2553 1842 2606 modo
1881 2557 2048 2606 natu-

393 2655 518 2694 ram
551 2640 896 2710 susceperit,
931 2640 1372 2711 peculiaresque
1403 2641 1530 2710 ejus
1587 2646 1802 2696 naturae
1846 2642 2042 2696 condi-

397 2729 586 2784 tiones
617 2728 726 2784 sibi
757 2729 1020 2800 proprias
1063 2729 1402 2796 reddiderit,
1451 2745 1640 2802 neque
1669 2732 1943 2786 dedecere
1984 2747 2045 2785 se

399 2821 741 2892 quicunque
771 2819 854 2874 illi
887 2824 1024 2876 sunt
1057 2821 1354 2876 naturales
1395 2825 1450 2876 et
1508 2821 2046 2890 irreprebensibiles

396 2909 639 2964 aﬂ'ectus
693 2909 1006 2980 putaverit)
1079 2909 1387 2965 manifesto
1434 2909 1717 2965 declarat:
1791 2911 2042 2980 primum

396 3013 599 3067 expers
643 2998 884 3053 seminis
915 3015 946 3054 ο
999 2999 1218 3070 virgine
1267 2999 1559 3068 nativitas,
1616 3007 1671 3055 et
1735 3000 1832 3070 qui
1890 2999 2045 3056 circa

396 3101 525 3142 eam
587 3087 772 3142 auditi
830 3093 985 3154 sunt,
1053 3087 1304 3143 scelestis
1362 3094 1418 3143 et
1475 3087 1746 3159 angelica:
1795 3089 2040 3158 militias,

396 3173 642 3246 gloriam
665 3176 941 3242 canentis,
975 3177 1268 3247 magniﬁci
1307 3177 1508 3248 hymni
1545 3193 1557 3232 :
1603 3176 1771 3232 stella
1817 3177 2040 3234 itineris

1671 365 2098 428 NICEPHORI
2141 359 2514 424 CALLISTI.

2069 509 2120 574 Α

2079 1883 2126 1945 Β

3667 361 3786 422 τοι

2765 495 3020 548 ΚΕΦΔΛ.
3065 493 3182 548 Kl".

2148 601 2455 674 Tha-:63}
2489 600 2550 674 ἓν
2599 605 2687 672 τῷ
2728 594 3400 674 -Εὗαγγελᾲίῳῌέργῶν
3451 599 3798 674 ἅνθρωποι

2218 669 2483 762 τέλειον
2529 669 2944 762 ἐμφαίνουσι
2987 669 3110 726 τὸν
3143 669 3436 745 Χριστόν
3474 692 3486 704 ·
3537 669 3686 727 τίνα
3729 669 3798 726 δὲ

2221 743 2353 800 παλ
2377 765 2432 798 ιν
2481 741 2646 799 Θεὸν
2681 741 2971 798 τὲλειον.

2223 853 2381 910 Ἀλλ’
2424 853 2507 906 δτι
2555 853 2648 924 μὲν
2699 849 2982 925 ἅνθρωπος
3029 848 3236 912 τέλειος
3287 852 3386 919 τήν
3431 851 3592 928 φύσιν
3625 851 3653 904 6
3689 849 3804 904 K6-

2154 963 2290 1018 ριος,
2341 942 2492 1002 ἐκτὸς
2543 937 2758 1011 δηλαδὴ
2809 945 2918 994 τῶν
2963 947 3062 1008 τῆς
3113 938 3322 1018 φύσεως
3400 939 3802 1014 μολυσμάτων,

2149 1031 2444 1106 παρίστησι
2495 1033 2678 1106 σαφῶς
2727 1031 2760 1097 ὴ
2811 1027 3140 1099 ἐννεάμηνος
3181 1028 3392 1098 κύησις,
3443 1033 3476 1097 ἡ
3523 1029 3802 1103 γέννησις,

2149 1123 2185 1190 ἡ
2239 1121 2536 1194 ἀνατροφή,
2587 1120 2648 1174 τὸ
2715 1119 3015 1194 βάπτισμα,
3057 1119 3106 1171 οἱ
3164 1118 3481 1192 πειρασμοὶ,
3531 1121 3566 1186 ἡ
3619 1123 3808 1186 πεῖνα,

2152 1211 2186 1278 ὴ
2221 1207 2372 1282 δίψα,
2407 1210 2435 1262 6
2493 1206 2684 1276 κόπος,
2716 1207 2777 1262 τὸ
2827 1203 3079 1280 δάκρυον,
3112 1207 3145 1275 ἠ
3197 1207 3428 1279 ἀγωνία,
3461 1208 3488 1260 6
3529 1207 3722 1273 ὕπνος,
3765 1209 3802 1276 ἡ

2151 1295 2370 1369 ἀκηδέα,
2429 1297 2516 1352 καὶ
2575 1297 2672 1352 ὅσα
2727 1297 2924 1374 φυσικὰ
2975 1301 3090 1357 τοῖς
3151 1295 3467 1370 ἅνθρώποις
3513 1297 3663 1365 πάθη
3707 1297 3806 1349 καὶ

2153 1382 2460 1456 ἀδιάϐλητα
2495 1407 2507 1418 ·
2541 1387 2676 1460 πρὸς
2717 1385 2930 1446 τούτοις
2961 1386 3026 1439 τά
3067 1383 3404 1457 ῥαπίσματα,
3453 1387 3520 1439 τά
3567 1383 3808 1462 κολαφί-

2155 1497 2350 1548 σματυ,
2401 1477 2454 1528 αἱ
2508 1478 2782 1550 μάστιγες,
2833 1477 2882 1528 οἱ
2935 1471 3256 1546 ἃνειὸισμοί,
3307 1475 3358 1528 οἱ
3413 1473 3677 1548 γέλωτες,
3733 1473 3806 1527 τά

2153 1565 2533 1638 ἐμπτῦσματα,
2589 1565 2616 1618 6
2669 1564 3068 1638 μυκτηρισμὸς,
3100 1565 3134 1632 ἠ
3197 1561 3512 1638 χλεύίι,καὶ
3565 1563 3632 1616 τά
3671 1561 3804 1617 λοι-

2153 1655 2228 1708 πά
2263 1671 2276 1684 ⁸
2309 1655 2446 1727 πρὸς
2479 1651 2534 1708 δὲ
2565 1655 2592 1706 ὁ
2625 1653 2882 1725 σταυμὸς,
2917 1653 2968 1705 οἱ
3015 1650 3167 1721 ἧλοι,
3203 1651 3346 1722 ὄξος,
3381 1651 3555 1726 χολὴ,
3587 1651 3804 1726 λόγχη,

2154 1749 2244 1798 καὶ
2275 1744 2336 1796 τὸ
2391 1743 2724 1812 τελευταῖον,
2757 1744 3000 1812 θάνατος,
3035 1739 3226 1812 κηδεία
3273 1763 3332 1795 τε
3371 1741 3460 1795 καὶ
3491 1743 3658 1818 ταφή.
3695 1739 3806 1797 Καὶ

2154 1838 2322 1888 ταῦτα
2372 1835 2464 1905 μὲν
2511 1838 2626 1893 τοῖς
2680 1834 2952 1904 μαθηταῖς
3000 1829 3254 1900 τηνικάδε
3301 1833 3510 1904 ἑωρᾶτο
3574 1832 3648 1892 εἶς
3703 1831 3810 1884 πί-

2991 1918 3014 1936 ᾗ

2160 1943 2348 1978 σιιυσιν
2375 1929 2474 1990 τῆς
2527 1923 2720 1994 σαρκός
2751 1939 2764 1952 ·
2809 1925 2935 1974 πᾶσι
2988 1919 3044 1974 δὲ
3072 1925 3188 1982 τοῖς
3222 1919 3404 1990 ἐσεξῆς
3431 1923 3466 1988 ἡ
3497 1925 3608 1974 τῶν
3640 1919 3806 1974 θείων

2161 2010 2502 2087 Εὐτγγελίων
2553 2013 2862 2086 παριστάνει
2909 2013 3085 2088 γραφή
3125 2029 3138 2042 ·
3191 2011 3276 2064 καὶ
3327 2014 3494 2065 ταῦτα
3552 2011 3669 2083 μὲν,
3717 2013 3808 2065 δτι

2157 2101 2371 2165 τέλειος
2397 2099 2679 2172 ἅνθρωπος
2726 2101 2752 2155 ὁ
2807 2102 3000 2172 Σωτήρ
3038 2119 3049 2132 ·
3087 2099 3168 2153 ὅτι
3203 2096 3258 2154 δὲ
3291 2101 3317 2154 6
3348 2100 3512 2160 αὐτὸς
3545 2099 3636 2154 καὶ
3669 2100 3809 2161 Θεὸς

2156 2191 2390 2258 τέλειος,
2433 2189 2744 2266 σογχύσεως
2794 2187 2924 2264 δίχα
2968 2187 3056 2242 καὶ
3107 2193 3344 2266 φορμοῦ,
3375 2185 3700 2262 ἀδιαιρέτως
3733 2192 3804 2262 τῇ

2161 2281 2352 2335 ἑαυτοῦ
2400 2280 2682 2343 ὑποστάςει
2731 2281 2830 2348 τήν
2879 2279 3224 2353 ἀνθρωπίνην
3275 2273 3650 2352 προσελάϐετο
3699 2281 3809 2354 τρύ-

2161 2391 2264 2438 σιν,
2297 2369 2386 2424 καὶ
2440 2369 2505 2423 τά
2553 2367 2828 2441 ἰδιώματα
2874 2367 3074 2438 ταύτης
3123 2371 3610 2441 προσῳκειώσατο,
3667 2366 3806 2439 μηδ’

2159 2457 2305 2520 ὅλως
2359 2459 2410 2512 ἐν
2462 2459 2728 2533 αἰσχύνης
2777 2457 2927 2530 λόγῳ
2973 2457 3315 2528 πτιούμενος.
3353 2457 3456 2513 Καὶ
3488 2457 3588 2510 ὅσα
3633 2457 3810 2524 ταύτῃ

2157 2549 2410 2624 πρόσεστι
2468 2547 2612 2614 πάθη
2663 2549 2862 2624 φυσικά
2903 2569 2962 2601 τε
3007 2547 3096 2601 καὶ
3137 2543 3464 2616 ἀδιάϐλητα,
3497 2547 3809 2622 σαφέστατα

2155 2640 2451 2712 παρίστητι
2495 2641 2710 2712 πρῶτον
2781 2639 2814 2705 ἡ
2865 2633 3100 2709 ἄσπορος
3165 2637 3222 2689 ἐκ
3287 2635 3550 2708 παρθένου
3607 2637 3810 2708 γεννη-

2157 2748 2258 2794 σις,
2291 2726 2377 2780 καὶ
2411 2728 2444 2795 ἡ
2499 2725 2582 2780 ἐπ’
2628 2725 2764 2798 αὐτῇ
2816 2721 3105 2799 δοξολογία
3152 2731 3252 2792 τῆς
3285 2723 3540 2798 οὐρανίου
3573 2725 3664 2778 καὶ
3697 2726 3804 2800 ἁγ-

2154 2815 2382 2890 γελικῆς
2433 2818 2705 2891 στρατιᾶς,
2757 2815 2926 2887 ἀστὴρ
2974 2811 3234 2891 ποδηγῶν
3309 2815 3548 2890 Μάγους,
3609 2815 3700 2868 καὶ
3765 2817 3804 2883 ἡ

2156 2905 2369 2960 ἐκείνων
2425 2905 2556 2977 μετὰ
2604 2901 2958 2976 συμϐολικῶν
3008 2901 3198 2978 δώρων
3265 2902 3654 2977 προσκύνησιν,
3704 2904 3806 2958 καὶ

2153 2997 2187 3066 ἡ
2249 2996 2336 3050 ἐπὶ
2390 2997 2452 3050 τὸ
2513 2997 2795 3069 βάπτισμα
2855 2992 3122 3069 μαρτυρία
3171 2991 3267 3047 τοῦ
3317 2994 3592 3064 Ἰωάννου,
3623 2994 3711 3048 καὶ
3761 2997 3802 3064 ἡ

2157 3085 2357 3158 μείζων
2419 3085 2568 3146 αὖθις
2631 3083 2822 3154 αὐτῆς,
2879 3085 2914 3152 ἠ
2968 3089 3076 3138 τῶν
3151 3081 3394 3158 οὐρανῶν
3471 3083 3806 3158 ἀνεῳγὸτων

2155 3172 2554 3249 καταρραγεῖσα
2611 3173 2761 3248 φωνὴ
2803 3171 3072 3245 Πατρική,
3103 3171 3192 3224 καὶ
3247 3171 3308 3225 τὸ
3366 3175 3684 3246 περιστερᾶς
3745 3171 3805 3226 ἐν

399 3262 700 3334 Magorum
731 3265 866 3330 dux,
901 3265 1225 3334 horumque
1249 3271 1468 3321 secreto
1499 3282 1587 3321 res
1617 3282 1862 3336 magnas
1907 3266 2044 3321 insi-

2164 3260 2288 3317 εἷδει
2319 3263 2516 3316 ἐκεῖθεν
2555 3261 2917 3340 ἐφιπτάμενον
2961 3265 3197 3333 Πνεῦμα,
3227 3261 3326 3330 τὴν
3379 3261 3561 3336 φωνὴν
3613 3259 3808 3336 ὥσπερ

396 3368 590 3408 nuans
651 3355 1058 3408 muneratio‘et
1087 3354 1345 3409 adoratio
1376 3371 1389 3410 :
1426 3359 1702 3425 praeterea
1733 3355 1885 3410 circa
1935 3357 2036 3410 ba-

399 3441 679 3512 ptismum
714 3444 924 3498 eximia
965 3444 1206 3499 Joannis
1241 3445 1560 3500 testiﬁcatio
1593 3463 1606 3502 :
1644 3462 1829 3517 eaque
1867 3447 2039 3518 longe

398 3531 726 3600 sublimior,
795 3549 920 3602 quae
969 3533 1126 3588 ccelis
1183 3533 1400 3602 apertis
1457 3534 1744 3604 prorupit,
1801 3541 2042 3605 paterna

399 3637 542 3680 vox:
574 3627 632 3677 et
667 3621 768 3693 qui
797 3622 934 3678 inde
959 3625 1018 3678 in
1049 3623 1330 3678 columbas
1381 3624 1571 3694 specie
1627 3641 1803 3690 super
1851 3625 2042 3696 ipsum

397 3711 696 3768 descendit
724 3713 996 3782 Spiritus,
1033 3728 1226 3768 vocem
1259 3729 1388 3768 eam
1424 3713 1478 3767 in
1513 3731 1644 3768 eum
1708 3713 1804 3785 qui
1861 3713 2046 3786 bapti-

397 3801 636 3857 zabatur
647 3801 1016 3872 peculiariter
1029 3801 1290 3870 trahens,
1309 3801 1510 3857 Filium
1529 3802 1802 3859 dilectum
1820 3803 2048 3859 cmlitus

400 3890 673 3946 intonsus
708 3907 722 3946 :
757 3897 813 3947 et
844 3891 956 3947 alia
991 3891 1192 3960 multa,
1239 3909 1366 3964 quae
1411 3891 1712 3962 sigillatim
1755 3909 2048 3948 recensere

404 3981 707 4052 praesentis
738 3997 921 4049 opem
954 3999 1068 4037 non
1092 3989 1198 4036 est.
1229 3983 1379 4037 Satis
1411 3998 1578 4052 porro
1610 3997 1678 4037 ea
1726 3998 1857 4053 quas
1891 3983 2048 4038 dicta

406 4075 563 4135 sunt,
599 4069 922 4126 divinitatis
952 4072 1076 4140 ejus
1105 4071 1278 4125 ﬁdem
1305 4071 1541 4126 fecerint
1573 4071 1710 4138 illis,
1771 4071 1872 4142 qui
1913 4088 2047 4142 per-

404 4157 628 4228 spicere
657 4176 784 4214 eam
808 4163 864 4214 et
891 4160 1211 4232 intelligere
1243 4159 1426 4214 solide
1459 4159 1706 4232 possint.
1739 4165 2047 4230 Caeterum,

405 4255 467 4301 ut
497 4263 730 4302 crassus
762 4264 993 4319 quoque
1025 4249 1134 4304 iste
1165 4255 1220 4304 et
1241 4250 1496 4303 tenebris
1529 4249 1751 4305 obsitus
1795 4252 2051 4306 mundus

401 4335 818 4402 illustraretur,
851 4343 904 4394 et
937 4339 1203 4394 homines
1234 4339 1292 4393 in
1325 4337 1575 4410 caligine
1625 4345 1920 4396 versantes
1955 4341 2052 4396 im-

2149 3349 2312 3406 ἕλκον
2374 3352 2458 3405 ἐπὶ
2511 3352 2603 3405 τὸν
2667 3349 3086 3425 βαπτιζόμενον.
3141 3351 3264 3405 Υἳὸν
3325 3351 3604 3424 ἀγαπητὸν
3661 3351 3808 3406 εἶναι

2152 3445 2342 3496 τοῦτον
2376 3441 2718 3516 βροντήσασα
2745 3439 2938 3494 ἄνωθεν
2977 3459 2988 3470 ·
3023 3439 3112 3493 καὶ
3145 3437 3326 3494 τᾶλλα
3357 3437 3388 3492 ἃ
3443 3440 3578 3493 κατᾶ
3629 3439 3806 3516 μέρος

2153 3528 2396 3598 διεξιέναι
2474 3531 2536 3584 οὐ
2621 3532 2720 3597 τῆς
2801 3530 3080 3603 παρούσης
3173 3530 3546 3602 πραγματείας
3629 3529 3808 3586 ἐστίν.

2152 3621 2324 3676 Ἰκανά
2383 3619 2474 3692 μὲν
2539 3616 2630 3672 οὖν
2677 3618 2768 3672 καὶ
2825 3621 2992 3672 ταῦτα
3042 3623 3158 3680 τοῖς
3205 3615 3434 3679 ἐντελῶς
3483 3619 3610 3690 ὁρᾷν
3637 3615 3808 3674 δυνα-

2161 3707 2344 3781 μένοις
2401 3708 2476 3770 εἶς
2535 3707 2796 3762 πίστωσιν
2852 3715 2954 3776 τῆς
3014 3708 3270 3776 θεότητος
3303 3725 3318 3740 ·
3373 3705 3465 3762 ’ίνα
3513 3705 3570 3762 δὲ
3637 3709 3728 3762 καὶ
3773 3711 3806 3764 6

2159 3797 2339 3873 παχὺς
2387 3799 2476 3852 καὶ
2508 3799 2702 3851 ὡσανεῖ
2757 3796 2806 3852 ἐν
2846 3798 3025 3870 σκότῳ
3081 3797 3330 3870 κείμενος
3379 3796 3584 3870 κόσμος
3635 3795 3808 3852 διαυ-

2157 3891 2350 3964 γασθῇ,
2402 3888 2490 3942 καὶ
2539 3888 2600 3942 τὸ
2655 3887 2788 3962 μέγα
2833 3894 2932 3956 τῆς
2981 3887 3339 3960 ὑπεραπείρου
3388 3884 3812 3963 φιλανθρωπίας

2163 3984 2276 4056 φῶς
2307 3978 2356 4031 οἷ
2391 3977 2439 4032 ἐν
2475 3977 2624 4056 ζόφῳ
2654 3977 2894 4050 κείμενοι
2925 3977 3403 4050 καταθεωρήσωσι,
3435 3977 3523 4031 καὶ
3557 3978 3584 4031 6
3615 3977 3812 4033 πλοῦ-

2163 4089 2254 4130 τος
2285 4069 2558 4142 γνωρισθῇ
2615 4073 2714 4135 τῆς
2775 4067 3173 4140 χρηστότητος,
3199 4065 3286 4120 καὶ
3341 4065 3592 4138 σημείοις
3623 4087 3682 4121 τε
3711 4067 3814 4122 καὶ

2167 4157 2384 4230 τέρασιν
2445 4157 2721 4230 ἐξαισίοις,
2781 4157 3034 4228 φωτίζων
3088 4175 3145 4210 τε
3202 4156 3344 4228 τ’)μοῦ
3399 4155 3486 4209 καὶ
3529 4157 3812 4230 στηρίζων

2165 4252 2232 4321 τῇ
2266 4251 2464 4316 πίστει,
2517 4245 2718 4324 ἐκφανῆ
2747 4245 2836 4300 καὶ
2891 4244 2978 4298 διὰ
3025 4245 3231 4299 τούτων
3263 4246 3289 4298 ὁ
3321 4245 3664 4318 θεάνθρωπος
3705 4247 3816 4300 Λό-

2163 4359 2259 4412 γος
2286 4337 2385 4404 τὴν
2419 4335 2582 4390 αὐτοῦ
2613 4335 2840 4404 θεότητα
2871 4333 3228 4388 ἐπιστώσατο.

403 4441 666 4482 mensam
695 4427 1050 4483 incredibilis
1083 4433 1140 4484 et
1163 4427 1470 4500 plusquam
1495 4427 1710 4484 inﬁniti
1743 4429 1920 4484 divini
1944 4429 2002 4484 in
2035 4446 2220 4502 genus
2277 4429 2600 4483 humanum
2651 4427 2866 4482 amoris
2933 4425 3123 4481 lucem
3171 4425 3594 4496 conspicerent,
3657 4426 3810 4480 divi-

400 4517 628 4586 tiasque
659 4517 932 4572 bonitatis
965 4519 1092 4588 ejus
1136 4524 1570 4590 cognoscerent,
1605 4519 1882 4591 prodigiis
1922 4525 1976 4574 et
2037 4518 2333 4576 miraculis
2393 4517 2561 4590 longe
2610 4517 2880 4572 maximis
2935 4517 3197 4582 edendis,
3259 4517 3428 4570 ﬁdem
3494 4515 3808 4572 hominum

401 4605 756 4663 luculentius
777 4609 1070 4680 adaugens
1102 4613 1160 4664 et
1180 4611 1552 4678 conﬁrmans,
1588 4609 1776 4682 magis
1796 4613 1967 4682 atque
2014 4610 2202 4681 magis
2257 4625 2357 4681 per
2413 4625 2480 4664 ea
2539 4609 2690 4663 Deus
2749 4607 3020 4680 idemque
3065 4607 3239 4663 homo
3289 4607 3543 4663 Verbum
3593 4607 3810 4664 divini-

401 4699 582 4752 tatem
615 4713 780 4752 suam
819 4711 944 4753 com
954 4699 1236 4767 probavit.

1005 4807 1232 4864 CAPUT
1271 4807 1468 4865 xx1v.
2089 4809 2132 4872 Ι)

401 4913 590 4969 Brevis
637 4917 1074 4970 commemoratio
1120 4915 1571 4970 admirandorum
1626 4923 1678 4969 et
1723 4921 2054 4985 supernatu-

475 4987 684 5040 ralium
715 4987 1110 5041 miraculorum
1161 4987 1382 5042 Domini
1423 4988 1596 5042 nostri
1643 4988 1771 5042 Jesu
1829 4987 2053 5050 Christi,

477 5059 556 5129 in
595 5063 842 5126 quatuor
885 5057 1196 5128 Evangeliis
1246 5074 1647 5128 expressor-um,
1681 5073 1804 5129 quas
1833 5061 2056 5129 quidem

475 5127 758 5202 miracula
825 5127 1192 5185 certissimum
1269 5127 1550 5185 divinitati
1601 5127 1719 5202 ejus
1775 5127 2056 5201 perhibent

475 5199 881 5258 testimonium.

2773 4806 3022 4860 ΚΕΦΑΛ.
3069 4805 3190 4858 ΚΔ’.

2163 4912 2512 4986 Ἐπιτομή
2555 4916 2680 4986 τῶν
2708 4909 2767 4964 ἐν
2797 4909 3812 4986 τοῖςτέσσαρ-σιν-Εὐαγγελιοις

2233 4981 2600 5062 ὑπερφυῶν
2635 4981 2996 5062 θιαυιμάτωΙν
3027 4987 3145 5036 τοῦ
3177 4981 3427 5062 ξίυρίον
3461 4981 3648 5062 ἡμῷν
3675 4983 3814 5052 Ἰη-

2233 5053 2677 5180 ἓοῦ-Χριστοῦ
2707 5053 2824 5123 τῆν
2851 5054 3096 5108 τούτου
3129 5053 3545 5130 πληροφορο
3571 5053 3814 5120 όντων,

2277 5128 2539 5182 εότητα.

2419 5163 2539 5197 λιιι.

481 5325 553 5378 Et
583 5324 816 5396 singula
847 5325 1082 5396 quidem
1115 5325 1352 5380 seorsim
1378 5325 1678 5395 miracula,
1711 5327 1928 5398 quibus
1961 5329 2056 5382 di-

407 5415 616 5470 vinitas
671 5415 796 5485 ejus
833 5417 916 5470 est
957 5415 1270 5484 declarata,
1329 5415 1388 5470 in
1440 5417 1742 5487 praesentia
1799 5417 2060 5474 oratione

415 5501 722 5575 complecti
757 5507 816 5558 et
845 5501 1151 5576 explicare,
1203 5507 1430 5561 tantum
1483 5505 1646 5561 abest
1701 5509 1764 5562 ut
1821 5512 2057 5576 nostrae,

2235 5329 2342 5389 Τὰς
2401 5328 2495 5400 μὲν
2553 5325 2642 5383 οὗν
2699 5329 2816 5382 καθ’
2874 5325 3068 5382 ἕκαστα
3119 5331 3226 5382 τῶν
3285 5327 3447 5384 αὐτοῦ
3495 5329 3816 5400 θεοσημιῶν

2163 5417 2224 5470 τό
2257 5437 2318 5490 γε
2349 5421 2440 5470 νῦν
2497 5419 2576 5488 τῷ
2625 5415 2780 5492 λόγῳ
2841 5415 3154 5492 διατρανοῧν
3211 5419 3374 5491 μήτοι
3417 5437 3478 5494 γε
3525 5420 3663 5490 ἡμῖν
3693 5425 3820 5484 τοῖς

2166 5504 2362 5578 πολλῷ
2394 5506 2472 5578 τῷ
2521 5505 2707 5581 χρόνῳ
2753 5507 2845 5562 καὶ
2891 5505 3081 5582 τρόπῳ
3127 5513 3227 5576 τῆς
3271 5507 3488 5562 ἐκείνων
3537 5505 3814 5580 ἀφεστῶσι

489 5676 570 5748 (ί)
605 5697 635 5726 α
665 5677 954 5750 Imputato
977 5693 1075 5737 ore
1093 5683 1380 5750 exspuent
1397 5681 1714 5738 venenatos
1735 5681 1968 5752 sputus.
2018 5701 2046 5732 κ
2080 5681 2388 5755 (Laotant.)
