4100 6218
254 360 394 422 705

1287 355 1905 420 ΕεοιΕδΙΑεΤιοιΕ
1946 356 2340 428 HISTORIA
2381 357 2528 420 LlB.
2575 360 2622 420 Ι.

3548 362 3673 425 ΠΟϐ

257 484 499 561 Θεωρίας
565 481 891 561 δυσέφικτα·
950 483 1077 540 ἀλλ’
1135 481 1250 539 οὐδ’
1312 484 1497 547 αὐτοῖς
1568 489 1684 545 τοῖς
1743 482 1909 544 θείοις

2029 484 2124 555 qui
2154 489 2211 540 et
2240 486 2596 558 temporibus
2625 489 2681 542 et
2708 487 2970 545 moribus
3001 488 3343 562 longissime
3373 489 3444 546 ab
3469 504 3670 546 eorum

258 572 675 649 εύαγγελισταῖς
721 571 917 629 ἕκαστα
946 578 1053 628 τῶν
1104 573 1404 649 ὁραθέντων
1453 573 1655 647 ὑπῆρξε
1704 570 1911 642 διεξελα

262 664 387 717 θεῖν
421 680 434 693 ·
493 660 676 737 ὥσπερ
733 662 966 733 ἡλιακὰς
1023 665 1236 723 ἁκεῖνας
1284 663 1374 718 καὶ
1423 663 1681 735 κυμάτων
1741 660 1912 733 ἐπεμ-

262 745 470 822 ϐολὰς,
511 750 773 828 δυσχερὲς
821 754 1124 808 παντάπασι
1172 755 1395 827 θεωρεῖν
1444 754 1531 805 καί
1582 753 1912 825 ἀναμετρεῐν.

261 841 536 904 Ἐκείνοις
594 843 684 896 καὶ
734 844 835 919 γάρ
892 844 959 897 τὰ
1023 842 1400 915 ἐπισημότατα
1456 844 1543 897 καὶ
1603 841 1679 903 εἷς
1743 839 1915 896 πειθὼ

262 928 646 1006 εὐπαράδεκτα
708 937 825 993 τοῖς
890 932 1176 986 ἀκούουσιν
1263 931 1428 986 εἰπεῖν
1498 932 1788 1006 ἐξεγένετο,
1851 930 1918 984 τά

262 1020 456 1077 πλείω
504 1022 933 1097 παραλιποῦσιν,
987 1024 1067 1078 ἆτ’
1121 1019 1291 1077 εἰδόσι
1338 1023 1414 1096 μὴ
1468 1020 1626 1098 ῥᾴδιά
1670 1042 1730 1096 γε
1778 1020 1914 1076 εἶναι

260 1117 347 1183 τῷ
389 1114 587 1186 κόσμῳ
617 1112 979 1181 πιστεύεσθαι,
1007 1113 1096 1167 καὶ
1129 1117 1245 1174 τοῖς
1282 1112 1350 1166 τὰ
1392 1112 1588 1167 τούτου
1633 1115 1914 1187 φρονοῦσι,

260 1201 359 1256 καὶ
400 1201 733 1278 παχυτέροις
768 1202 862 1256 τὸν
909 1205 1049 1257 νοῦν.
1082 1201 1173 1262 Εἰς
1219 1201 1381 1255 τοῦτο
1427 1200 1528 1277 γὰρ
1577 1202 1734 1274 οἶμαι
1787 1220 1917 1253 συν-

258 1290 435 1344 τείνει
489 1291 580 1344 καὶ
636 1292 719 1355 τὸ,
780 1291 901 1345 Ἐὰν
956 1290 1233 1365 γράφηται
1289 1291 1406 1344 καθ’
1462 1285 1535 1358 ἓν,
1589 1286 1720 1360 μηδ’
1754 1288 1914 1343 αὐτὸν

262 1380 391 1433 οἷόν
427 1400 486 1433 τι
514 1380 609 1434 τὸν
652 1380 861 1452 κόσμον
906 1382 1184 1454 χωρήσειν
1220 1380 1287 1434 τά
1334 1379 1649 1455 γραφόμενα
1702 1372 1913 1453 βιϐλία.

261 1474 361 1523 Διὸ
423 1471 512 1523 καὶ
565 1471 752 1541 ἡμεῖς,
812 1468 910 1523 ὅσα
960 1470 1097 1543 πρὸς
1151 1470 1249 1538 τὴν
1308 1468 1580 1543 ἀφήγησιν
1640 1467 1917 1540 ἐπιτόμως

262 1557 511 1614 διελθεῖν
572 1559 904 1614 συντείνοντα
947 1557 1242 1635 ᾑρημένοι,
1288 1559 1423 1632 πρὸς
1473 1558 1542 1612 τὰ
1578 1557 1768 1634 ἐφεξῆς
1818 1561 1916 1611 τοῦ

262 1647 445 1722 λόγου
503 1650 861 1723 χωρήσομεν.
919 1650 1047 1704 Τίνα
1101 1650 1279 1703 τοίνυν
1340 1647 1475 1703 εἰσὶν
1514 1647 1547 1705 ἆ
1583 1649 1682 1716 τήν
1732 1650 1915 1716 Ἰησοῦ

262 1736 697 1816 πληροφοροῦσι
756 1738 1029 1808 θεότητα;
1088 1734 1266 1811 Ὕδωρ
1323 1736 1399 1798 εἷς
1468 1738 1607 1792 οἶνον
1666 1737 1717 1790 ἐν
1775 1740 1916 1807 Κανᾷ

262 1828 443 1905 γάμῳ
498 1827 654 1903 λόγῳ
714 1828 867 1900 μόνῳ
929 1822 1265 1901 μεταϐληθέν
1301 1846 1314 1859 ·

263 1914 701 1991 δραπετεύοντος
747 1916 922 1990 λόγῳ,
968 1923 1069 1985 τῆς
1126 1936 1185 1971 τε
1236 1918 1494 1989 πενθερᾶς
1539 1917 1769 1988 Πέτρου,
1827 1914 1914 1969 καὶ

258 2011 361 2061 τοῦ
414 2003 613 2068 παιδὸς
654 2010 751 2061 τοῦ
801 2004 1128 2080 βασιλικοῦ’
1190 2004 1404 2080 λεπρῶν
1454 2006 1710 2079 κάθαρσις
1762 2005 1915 2077 μόνῳ

262 2094 547 2169 θελήματι
583 2114 597 2128 ·
658 2096 825 2169 ῥῶσις
882 2093 1086 2169 χωλῶν
1146 2093 1197 2148 ἐν
1278 2094 1429 2166 μόνῳ
1481 2095 1910 2168 προστάγματι·

259 2185 494 2261 τυφλῶν
526 2182 753 2239 πολλῶν
804 2184 895 2238 καὶ
943 2182 1004 2238 ἐκ
1050 2190 1271 2261 γενετῆς
1314 2177 1645 2256 ἀνάϐλεψις’
1695 2186 1914 2252 κωφῶν,

258 2272 496 2329 ἆλάλων
529 2274 618 2327 καὶ
654 2270 977 2347 μογιλάλων
1009 2271 1269 2349 γλώσσης
1316 2293 1375 2326 τε
1402 2273 1489 2326 καὶ
1536 2272 1706 2341 ἀκοῆς
1758 2268 1917 2346 διάρ-

261 2366 475 2437 θρωσις
504 2382 562 2416 τε
590 2360 681 2416 καὶ
720 2364 983 2435 τράνωσις
1009 2378 1022 2391 ⁶
1074 2359 1351 2433 συνδρομὴ
1407 2360 1589 2434 μελῶν
1618 2360 1670 2422 ἐς
1720 2363 1912 2415 ταυτό·

259 2473 412 2523 τητα.
461 2450 646 2526 χρόνῳ
694 2448 1046 2505 διαλυθεῖσα·
1097 2448 1345 2519 ἔδειξενὸ
1382 2448 1441 2504 ἐκ
1488 2451 1743 2524 κεράμων
1792 2451 1914 2504 τέσ-

266 2562 432 2615 σαρσι
481 2539 777 2616 χαλασθεὶς
831 2540 1123 2615 σχοινίοις,
1169 2539 1319 2594 καὶὸ
1359 2537 1444 2593 ἒπὶ
1484 2544 1551 2613 τῇ
1581 2543 1678 2594 τοῦ
1731 2538 1916 2594 Σολο-

270 2634 493 2702 μῶντος
551 2622 858 2702 προϐατικῇ
918 2628 1006 2698 λη’
1062 2625 1154 2697 ἔτη
1208 2626 1634 2701 ταλαιπωρήσας
1667 2649 1679 2661 ·
1740 2631 1918 2700 ξηρῶν

267 2724 483 2793 χε,ρῶν
531 2719 597 2772 τά
650 2714 822 2789 δεσμὰ
881 2716 1169 2788 ἀνιέμενα⁶
1212 2716 1390 2791 χαμαὶ
1440 2716 1701 2771 νευόντων
1758 2712 1915 2792 ἁνὸρο

271 2810 484 2869 θωσις·
544 2806 816 2861 πλείστων
878 2800 1208 2879 παρεμϐολὴ
1276 2802 1550 2878 δαιμόνων
1615 2805 1784 2877 ἀθρόα
1841 2806 1917 2866 εἰς

273 2899 462 2975 φυγὴν
492 2895 798 2971 τρεπομένη
826 2915 839 2927 ·
871 2899 979 2951 τῶν
1010 2895 1062 2950 ὲν
1111 2893 1346 2965 σελήνης
1394 2895 1675 2950 παθὸντων
1714 2897 1921 2969 καθαρ-

274 3007 357 3049 σις
395 3005 413 3019 ⁸
470 2985 582 3060 ἀφῇ
639 2981 942 3057 κρασπέδου
1000 2983 1151 3059 ῥύσις
1214 2983 1473 3055 ἰσταμένη
1534 2983 1765 3057 λαθραία
1822 2988 1920 3040 τοῦ

277 3071 561 3147 α”ίματος’
597 3074 624 3126 ὁ
672 3075 768 3127 τοῦ
826 3071 1224 3145 ἑκατοντάρχου
1275 3076 1402 3132 παῖς
1449 3074 1546 3125 τοῦ
1590 3068 1918 3144 προσδοκω-

278 3161 448 3234 μένου
501 3158 752 3216 κινδύνου
802 3160 1103 3235 ῥυόμενοςο
1159 3160 1390 3234 Ἰαείρου
1433 3161 1718 3235 θυγάτριον
1763 3160 1922 3215 θανά-

1373 1825 1516 1889 ἴασις
1569 1847 1626 1881 τε
1682 1829 1916 1900 πυρετοῦ
1950 1859 1995 1923 Β

2023 574 2308 631 absumus
2362 575 2869 647 contemplatione,
2902 580 2979 634 sit
3023 578 3332 646 facultatis,
3367 584 3432 635 ut
3461 595 3533 635 ne
3562 576 3674 648 ipsi

2023 663 2261 733 quidem
2294 663 2472 718 divini
2520 666 2883 736 evangelista:
2915 683 3156 737 quisque
3189 668 3511 740 sigillatim,
3546 683 3671 738 quas

2024 754 2316 821 viderunt,
2350 755 2562 809 referre
2611 756 2905 826 potuerint
2938 774 2952 810 :
2985 759 3226 828 perinde
3272 767 3446 830 atque
3489 760 3676 814 radio-

2025 859 2156 898 rum
2187 843 2351 905 solis,
2380 848 2438 897 et
2481 843 2719 899 ﬂuctum
2752 845 2862 901 sibi
2893 846 3038 916 ipsis
3068 847 3372 903 confertim
3404 847 3678 919 ingruen-

2025 931 2194 997 tium,
2227 932 2511 989 rationem
2543 939 2600 988 et
2630 950 2940 989 numerum
2973 934 3119 989 inire
3147 936 3377 992 omnino
3407 953 3522 992 non
3563 943 3674 993 est.

2026 1019 2149 1076 Illis
2193 1021 2479 1092 siquidem
2529 1020 2911 1079 celeberrima
2948 1039 3215 1095 quaeque,
3247 1029 3312 1080 ut
3341 1039 3469 1096 qum
3499 1025 3675 1082 fidem

2026 1110 2275 1165 maxime
2318 1110 2473 1181 apud
2519 1111 2812 1167 auditores
2864 1112 3130 1168 habitura
3173 1119 3388 1180 essent,
3437 1129 3680 1171 comme-

2026 1216 2255 1257 morare
2303 1201 2446 1257 satis
2492 1202 2602 1256 fuit
2635 1218 2648 1255 :
2680 1202 2990 1258 maximam
3039 1218 3242 1258 eorum
3292 1208 3515 1273 partem
3547 1219 3672 1275 qua:

2025 1305 2143 1345 non
2173 1289 2341 1345 facile
2371 1290 2428 1345 in
2459 1290 2668 1361 vulgus
2698 1290 3022 1361 probabilia
3049 1296 3265 1359 essent,
3288 1292 3598 1362 mundove,
3621 1295 3681 1348 et

2024 1379 2125 1449 qui
2192 1379 2365 1449 hujus
2431 1380 2642 1435 studiis
2701 1384 2986 1445 tenentur,
3044 1381 3433 1453 crassiorique
3488 1389 3680 1437 mente

2025 1473 2184 1535 sunt,
2218 1472 2283 1523 ut
2330 1469 2716 1536 crederentur,
2750 1470 3086 1539 persuaderi
3116 1476 3376 1540 possent,
3408 1471 3682 1541 persequi

2024 1557 2555 1629 supersedentibus.
2592 1558 2715 1613 Huc
2759 1560 2915 1614 enim
2956 1558 3158 1614 referri
3193 1558 3337 1614 illud
3378 1559 3629 1615 arbitror
3661 1575 3678 1613 :

2024 1646 2084 1700 Si
2134 1648 2334 1702 omnia
2379 1647 2681 1719 sigillatim
2733 1648 3187 1718 perscribantur,
3218 1647 3337 1705 98
3374 1664 3445 1705 ne
3482 1649 3681 1721 ipsum

2024 1734 2260 1805 quidem
2312 1736 2599 1791 mundum
2649 1742 3017 1806 recepturum
3069 1754 3217 1798 esse,
3251 1737 3353 1808 qui
3393 1736 3685 1793 scribendi

2026 1829 2238 1892 essent,
2273 1823 2468 1880 libros.
2502 1825 2747 1881 Proinde
2796 1831 2853 1881 et
2900 1842 3008 1881 nos
3052 1842 3255 1882 eorum
3290 1843 3418 1899 quis
3449 1827 3521 1882 ad
3554 1842 3687 1896 pra-

2028 1918 2254 1969 sentem
2312 1914 2701 1969 narrationem
2760 1923 2896 1971 sunt
2926 1916 3385 1983 accommodata,
3418 1931 3687 1987 compen-

2030 2002 2191 2059 diose
2247 2005 2719 2072 exponendorum
2779 2004 3005 2060 delectu
3062 2003 3287 2075 habito,
3332 2007 3404 2061 ad
3458 2005 3687 2077 reliqua

2027 2091 2283 2147 instituti
2330 2091 2511 2146 nostri
2554 2093 2758 2148 ordine
2789 2094 3188 2164 persequenda
3218 2094 3683 2164 progrediamur.

2028 2180 2302 2243 Quaenam
2336 2180 2516 2251 igitur
2546 2187 2706 2247 sunt,
2739 2198 2865 2252 quas
2896 2186 3114 2238 certam
3165 2182 3516 2253 plenamque
3542 2182 3686 2237 divi-

2028 2270 2224 2326 nitatis
2262 2269 2401 2324 Jesu
2453 2268 2674 2325 faciunt
2720 2270 2947 2327 fidem?
2988 2273 3152 2342 Aqua
3198 2272 3257 2326 in
3308 2273 3507 2326 vinum
3563 2268 3688 2327 solo

2025 2360 2197 2416 verbo
2225 2374 2392 2414 versa
2420 2359 2478 2413 in
2512 2360 2731 2429 nuptiis
2763 2360 2819 2414 in
2856 2359 3033 2419 Cana.
3068 2360 3243 2415 febris
3271 2358 3443 2414 verbo
3484 2360 3684 2414 itidem

2027 2450 2395 2519 propulsata,
2445 2463 2559 2516 qua
2606 2448 2758 2517 apud
2822 2448 2976 2503 Petri
3045 2465 3304 2516 socrum,
3352 2464 3471 2518 qua
3525 2447 3684 2519 apud

2026 2537 2169 2608 regii
2200 2536 2455 2592 hominis
2480 2551 2751 2607 puerum,
2782 2538 3002 2593 curatio
3036 2554 3050 2604 ;
3084 2539 3446 2609 leprosorum
3487 2536 3689 2592 volun-

2027 2632 2144 2682 tate
2191 2625 2314 2682 sola
2364 2626 2670 2697 purgatio;
2703 2627 3043 2683 claudorum
3076 2627 3215 2682 item
3255 2628 3530 2682 mandato
3562 2625 3687 2682 solo

2026 2717 2289 2783 sanatio;
2342 2716 2664 2771 multorum
2713 2716 2890 2772 etiam
2949 2735 2985 2772 a
3042 2717 3342 2773 nativitate
3396 2731 3683 2772 sucorum

2028 2806 2401 2873 illuminatio,
2426 2807 2764 2873 surdorum,
2786 2810 3236 2879 eorumdemque
3256 2807 3343 2862 vel
3372 2804 3686 2862 difficulter

2028 2895 2115 2949 vel
2155 2894 2391 2950 omnino
2439 2910 2550 2949 non
2599 2893 2988 2965 loquentium,
3022 2893 3235 2966 linguae
3285 2893 3463 2950 simul
3501 2901 3559 2949 et
3587 2909 3692 2949 au-

2031 2982 2188 3039 ditus
2237 2982 2546 3039 articulate
2592 2987 2650 3038 et
2695 2983 2853 3038 clara
2898 2983 3223 3054 expeditio;
3254 2984 3516 3039 membra
3554 2998 3683 3054 qua

2029 3072 2289 3145 longiore
2318 3072 2596 3144 temporis
2626 3074 2811 3143 spatio
2842 3072 3025 3129 soluta
3057 3074 3307 3141 fuerant,
3328 3073 3398 3127 ad
3422 3072 3683 3127 officium

2028 3178 2205 3220 suum
2251 3162 2508 3229 reducta,
2541 3178 2671 3218 cum
2702 3162 2762 3217 in
2790 3178 2857 3218 eo
2889 3162 2990 3233 qui
3032 3180 3067 3217 a
3095 3169 3349 3235 quatuor
3375 3161 3589 3234 bajulis
3614 3177 3687 3217 ex

273 3272 375 3307 του
430 3249 834 3325 λυτρούμενον·
887 3249 1163 3305 παντοίων
1210 3250 1300 3303 καὶ
1348 3248 1618 3304 ποικίλων
1667 3255 1918 3323 πονηρῶν

2034 3257 2181 3308 tecto
2216 3268 2314 3323 per
2360 3252 2581 3323 tegulas
2629 3251 2871 3308 funibus
2901 3253 3196 3309 demissus
3223 3254 3435 3320 fuerat,
3464 3259 3592 3307 tum
3623 3251 3687 3307 in

276 3341 607 3413 πνευμάτων
653 3339 837 3409 δίωξις
867 3341 955 3394 καὶ
1006 3340 1289 3408 ἀπέλασις,
1337 3340 1427 3394 καὶ
1460 3338 1550 3393 σὺν
1584 3338 1751 3414 ἀγέλῃ
1793 3338 1922 3413 χοί-

280 3451 412 3506 ρων,
456 3429 870 3505 ἀποπνιγομένῃ
920 3434 1042 3490 τοῖς
1090 3427 1294 3485 ὕδασιν.
1330 3430 1449 3483 Ἐπὶ
1500 3427 1719 3490 τούτοις
1767 3428 1924 3483 πέντε

280 3518 437 3594 ἄρτοι
488 3518 579 3573 καὶ
646 3518 829 3592 ἰχθύες
900 3516 1018 3586 δύο,
1084 3516 1564 3592 πεντακισχιλίους
1626 3518 1701 3580 εἰς
1761 3517 1922 3592 κόρον

280 3610 593 3685 τρέφοντες,
659 3608 748 3661 καὶ
806 3609 841 3676 ἡ
894 3606 1102 3661 τούτων
1170 3606 1444 3681 περισσεία
1499 3604 1710 3661 δώδεκα
1766 3607 1925 3684 κόφι-

280 3716 404 3751 νοι·
463 3695 516 3750 έν
575 3694 708 3751 ἑπτα
765 3693 822 3750 δὲ
881 3695 1047 3751 πάλιν
1107 3695 1546 3770 τετρακισχίλιοι
1599 3695 1925 3770 τρεφόμενοι

280 3783 482 3861 ἕτεροι,
539 3786 630 3840 καὶ
688 3785 821 3840 έπτᾶ
888 3782 1142 3860 σπυρίδες
1197 3786 1522 3859 θαυμαστῶς
1576 3787 1928 3861 περιττεύου-

286 3895 410 3929 σαι’
474 3873 747 3942 θαλάττης
780 3874 854 3937 ὡς
903 3872 991 3928 ἐπὶ
1045 3872 1363 3948 στερρότητι
1414 3872 1641 3952 ἐδάφους
1686 3873 1926 3950 περίπα-

283 3986 399 4034 τος,
433 3965 535 4019 ούκ
582 3962 745 4018 αὐτοῦ
800 3965 992 4037 μόνου,
1037 3962 1184 4019 ἀλλᾶ
1229 3964 1319 4018 καί
1365 3962 1570 4038 Πέτρου
1615 3964 1713 4017 τοῦ
1761 3984 1923 4039 κορυ-

286 4054 446 4132 ιξαίου
476 4056 584 4107 τῶν
639 4054 919 4125 μαθητῶν,
971 4054 1107 4108 κατὰ
1152 4052 1469 4128 προτροπὴν
1516 4054 1736 4121 Ἰησοῦο
1790 4074 1930 4127 σφο-

288 4140 417 4217 δρᾶς
470 4141 787 4213 ἐπιτίμησις
842 4140 1173 4217 καταιγίδος,
1232 4140 1577 4219 φιμουμένης
1634 4140 1928 4213 θαλάσσης,

288 4233 377 4286 καὶ
425 4232 564 4305 πρὸς
616 4230 815 4306 ἀθρόαν
881 4226 1369 4304 μεταϐαλλομένης
1426 4230 1674 4307 γαλήνην
1711 4229 1773 4285 ἐκ
1799 4229 1931 4285 κλύ-

292 4318 459 4378 δωνος
495 4338 508 4351 ⁸
572 4317 883 4394 ὑδρωπικοῦ
929 4341 988 4375 τε
1028 4321 1238 4395 γαστὴρ
1298 4318 1620 4375 συσταλεῖσα
1673 4320 1753 4392 τῷ
1810 4319 1930 4375 νεύ-

295 4431 422 4481 ματι
448 4428 461 4441 ·
496 4408 584 4464 καὶ
620 4411 751 4463 Ναίν
782 4408 840 4464 δὲ
869 4411 904 4479 ἡ
935 4408 1099 4470 πόλις
1146 4409 1239 4465 τόν
1286 4431 1345 4465 τε
1389 4410 1568 4485 χήρας
1614 4411 1731 4464 υἱὸν
1779 4410 1933 4487 ἐκφο-

295 4499 559 4572 ρούμενον
615 4493 852 4570 ἔμπνουν
908 4496 1059 4562 αὖθις
1106 4499 1223 4573 ὁρᾷ.
1277 4499 1381 4555 Καὶ
1437 4499 1682 4562 συνόλως
1738 4499 1931 4570 εἰπεῖν,

2032 3356 2099 3397 eo
2142 3356 2373 3413 quoque
2421 3341 2522 3413 qui
2563 3342 2634 3397 ad
2687 3341 3054 3398 Probaticam
3086 3342 3418 3398 Solomonis
3448 3341 3690 3411 triginta

2032 3436 2090 3485 et
2119 3440 2244 3486 octo
2276 3446 2461 3485 annos
2493 3446 2641 3500 aeger
2668 3431 3026 3487 decubuerat
3050 3449 3063 3498 ;
3086 3432 3383 3487 aridarum
3406 3445 3687 3486 manuum

2032 3520 2224 3577 laxata
2266 3518 2536 3586 vincula;
2569 3536 2769 3576 eorum
2812 3522 2914 3590 qui
2961 3521 3022 3575 in
3068 3525 3279 3576 terram
3320 3519 3578 3589 corporis
3606 3518 3693 3573 in-

2035 3613 2346 3669 clinatione
2365 3616 2687 3684 vergerent,
2710 3613 2925 3668 directa
2949 3612 3236 3668 restitutio
3260 3628 3277 3678 ;
3300 3611 3692 3681 plurimorum

2036 3703 2367 3757 daemonum
2400 3701 2669 3771 praesidia
2700 3707 2758 3756 et
2786 3706 2979 3757 castra
3009 3717 3124 3757 uno
3155 3700 3375 3770 impetu
3406 3699 3466 3753 in
3499 3699 3691 3769 fugam

2034 3806 2240 3857 versa;
2279 3789 2512 3845 lunatici
2566 3790 2754 3845 morbi
2803 3790 3092 3862 expiatio;
3146 3788 3339 3844 ﬂuxus
3388 3786 3693 3857 sanguinis

2036 3878 2261 3935 occulto
2309 3878 2553 3933 fimbrias
2600 3879 2780 3934 vestis
2828 3884 3099 3935 contactu
3147 3877 3524 3943 consistens;
3565 3891 3696 3931 cen-

2035 3969 2285 4023 turionis
2318 3982 2463 4039 puer
2490 3972 2820 4037 exspectato
2843 3973 2900 4023 et
2920 3966 3046 4037 jam
3070 3966 3413 4022 imminente
3436 3963 3691 4034 periculo

2038 4056 2319 4111 liberatus
2347 4073 2361 4122 ;
2392 4054 2536 4111 Jairi
2566 4055 2683 4111 ﬁlia
2713 4072 2747 4111 a
2778 4063 2961 4112 morte
3008 4056 3283 4126 reducta;
3318 4052 3696 4109 multifariam

2038 4144 2451 4215 variorumque
2513 4144 2799 4200 malorum
2848 4144 3166 4216 spirituum
3224 4141 3584 4214 propulsatio
3642 4144 3701 4195 et

2040 4235 2268 4304 ejectio,
2299 4241 2472 4305 atque
2516 4250 2633 4289 una
2677 4249 2811 4289 cum
2859 4248 3033 4305 grege
3072 4246 3383 4304 porcorum
3430 4231 3489 4285 in
3524 4228 3700 4287 undis

2043 4324 2394 4380 submersio.
2424 4322 2557 4378 Jam
2606 4322 2866 4395 quinque
2915 4321 3185 4392 panibus,
3231 4321 3579 4392 duobusque
3623 4319 3702 4390 pi-

2045 4413 2244 4471 scibus
2293 4412 2607 4483 quinquies
2653 4409 2812 4466 mille
2853 4410 2961 4464 viri
3011 4411 3080 4466 ad
3134 4410 3456 4466 satietatem
3514 4424 3703 4481 usque

2046 4501 2265 4566 retecti,
2298 4502 2624 4570 horumque
2670 4499 2926 4570 reliquie
2975 4499 3286 4556 duodecim
3317 4499 3555 4570 caphini
3587 4514 3602 4552 :
3633 4514 3701 4553 ac

292 4589 470 4659 πάσης
509 4589 599 4641 καί
655 4586 914 4650 παντοίας
970 4590 1237 4661 σωμάτων
1301 4585 1570 4661 μαλακίας
1628 4587 1719 4643 καὶ
1775 4588 1918 4644 ἀσθε-

2042 4599 2263 4662 septem
2316 4605 2552 4645 rursum
2602 4588 2850 4657 panibus
2889 4593 3096 4659 quater
3125 4589 3286 4647 mille
3319 4588 3465 4659 pasti
3491 4586 3613 4654 alii,
3645 4594 3703 4640 et

293 4678 436 4739 νείας
470 4675 724 4750 θεραπεία
752 4676 842 4731 καὶ
876 4675 1039 4739 ἴασις.

2041 4683 2253 4750 sportae
2283 4681 2524 4747 septem,
2551 4693 2677 4748 quas
2698 4676 2916 4749 insigni
2937 4679 3352 4750 superfuerunt
3381 4673 3656 4731 miraculo
3681 4689 3697 4729 :

294 4768 350 4823 in
399 4769 549 4824 mari
599 4785 713 4824 non
765 4767 880 4824 alia
926 4784 1102 4840 quam
1141 4768 1202 4824 in
1249 4767 1433 4825 solido
1471 4767 1798 4840 pavimento
1857 4767 2275 4833 deambulatio,
2310 4783 2414 4823 nec
2444 4767 2630 4839 ipsius
2678 4782 2748 4823 ea
2788 4772 3045 4837 tantum,
3073 4782 3283 4825 verum
3325 4764 3504 4821 etiam
3543 4764 3700 4819 Petri

295 4857 710 4929 discipulorum
754 4858 1054 4930 principis,
1115 4858 1299 4929 ipsius
1363 4858 1502 4914 Jesu
1574 4858 1967 4914 cohortatione
2039 4863 2311 4929 suscepta
2360 4876 2375 4925 ;
2436 4856 2793 4912 vehementis
2852 4856 3173 4929 increpatio
3227 4852 3513 4926 procellas,
3570 4868 3698 4924 qua;

296 4962 452 5003 mare
512 4948 760 5016 pacavit,
792 4955 966 5018 atque
1018 4964 1088 5004 ex
1133 4951 1479 5019 tempestate
1527 4963 1677 5004 saeva
1724 4948 1796 5001 ad
1847 4947 2155 5004 malaciam
2206 4954 2262 5002 et
2308 4945 2797 5018 tranquillitatem
2829 4962 3123 5001 summam
3170 4941 3435 5013 reduxit;
3489 4943 3699 5015 hydro-

297 5037 406 5108 pici
462 5042 683 5107 venter,
730 5043 878 5092 nutu
928 5044 1275 5107 contractus,
1325 5047 1496 5109 atque
1542 5037 1614 5092 ad
1662 5040 1877 5091 statum
1932 5053 2106 5093 suum
2159 5039 2477 5103 reductus;
2529 5036 2730 5092 civitas
2780 5050 3011 5106 quoque
3058 5034 3246 5101 Naim,
3302 5049 3425 5103 quis
3483 5032 3700 5088 elatum

296 5128 476 5182 viduas
526 5127 710 5183 filium
755 5126 1077 5184 redivivum
1129 5129 1466 5200 conspexit;
1500 5132 1696 5198 atque,
1731 5131 1795 5181 ut
1842 5128 2018 5183 semel
2065 5127 2276 5199 dicam,
2310 5126 2452 5184 varii
2499 5131 2556 5183 et
2603 5125 2794 5183 omnis
2839 5126 3068 5198 generis
3114 5140 3426 5196 corporum
3459 5122 3703 5195 languo-

300 5216 390 5272 ris
417 5221 474 5272 et
500 5215 928 5273 imbecillitatis
956 5216 1236 5273 auxilium
1271 5223 1527 5288 praes'ens
1555 5221 1613 5270 et
1644 5215 1888 5271 curatio.
