3950 6214
1731 366 2156 432 NICEPHORI
2197 368 2549 432 CALLISTI
3705 377 3815 439 108
3902 327 3905 339 Δ

967 503 1078 562 99
1109 503 1341 562 CAPUT
1370 503 1542 560 xxv.
2114 503 2170 570 Α

426 620 504 674 De
531 615 718 672 divina
768 615 1258 685 transﬁguratione
1303 611 1631 685 Sei'vatoris.
1665 617 1725 685 et,
1751 610 1821 666 de
1847 610 2086 681 miriﬁco

710 683 978 742 miraculo
1007 687 1067 740 in
1097 687 1272 742 amico
1301 686 1508 740 Lazaro
1539 683 1800 740 exhibito.

431 371 550 436 707

2808 510 3064 562 ΚΕΦΑΛ.
3109 507 3234 565 KE'.

2195 612 2350 686 Περὶ
2408 613 2756 692 τῆςιθείας
2810 616 3402 692 μετα-μοριρώσεως
3449 621 3564 672 τοῦ
3617 625 3814 692 Σωτῆ·

2266 684 2410 767 ρος,
2442 684 2548 738 καὶ
2579 684 2895 767 τμοῦλκαξτὰ
2923 687 3039 740 τὸν
3067 684 3182 762 τρίλ
3201 708 3268 742 ον
3296 688 3504 746 αὐτοῦ
3547 684 3812 767 Λάζαρον

2267 755 2431 830 ὑπερ
2463 761 2676 832 φυοῦς
2704 755 3082 830 θαύματοςζ

495 867 766 924 Sedenim
820 867 1149 923 divinorum
1209 865 1623 922 miraculorum
1686 865 1946 921 omnium
2010 864 2084 921 ad

424 956 598 1013 ﬁdem
643 956 965 1012 divinitatis
1013 956 1140 1027 ejus
1184 955 1510 1012 faciendam
1556 954 1956 1027 potissimum,
1987 969 2086 1010 ma

423 1045 647 1102 ximum
695 1049 752 1102 et
805 1043 1302 1102 evidentissimum
1359 1049 1467 1111 est,
1515 1044 1576 1099 in
1637 1048 1891 1099 montem
1949 1058 2082 1099 cum

425 1136 732 1210 discipulis
779 1153 1058 1194 ascensus
1102 1135 1220 1202 ille,
1260 1139 1318 1193 et
1363 1135 1626 1207 corporis
1657 1138 1724 1192 ad
1759 1136 1968 1192 divinae
2001 1137 2085 1192 si-

426 1225 628 1282 milem
679 1227 927 1282 formam
977 1226 1262 1294 mutatio;
1295 1226 1466 1296 cujus
1514 1228 1864 1298 spectatores
1895 1228 1962 1280 ut
1989 1229 2085 1280 te-

425 1315 644 1372 nuibus
699 1315 1014 1371 admodum
1083 1314 1344 1387 vestigiis
1405 1315 1632 1382 tierent,
1687 1313 1966 1386 praecipui
2015 1329 2085 1370 ex

425 1403 752 1474 discipulis,
783 1404 1001 1461 honore
1057 1408 1224 1460 tanto
1271 1403 1432 1475 digni
1485 1404 1761 1474 reputati,
1808 1403 2084 1460 obtinue-

427 1497 586 1561 runt,
640 1493 846 1548 Petrus
902 1497 960 1548 et
1015 1491 1273 1548 Zebedaei
1332 1491 1460 1548 ﬁlii.
1511 1492 1730 1549 Orante
1779 1491 1934 1550 enim
1991 1508 2080 1560 eo,

427 1582 617 1638 instar
664 1581 828 1648 solis,
871 1582 1173 1653 multoque
1219 1581 1398 1638 etiam
1449 1580 1684 1650 clarius,
1735 1582 1910 1638 facies
1955 1582 2082 1653 ejus

427 1669 656 1737 reluxit,
689 1687 756 1726 ac
799 1675 987 1726 vestes
1038 1671 1280 1741 perinde
1325 1675 1502 1742 atque
1550 1669 1651 1726 lux
1696 1671 2080 1742 resplendue-

2198 1667 2326 1742 ᾅδου
2357 1668 2414 1724 δὲ
2444 1671 2734 1743 πυθμένων
2763 1669 2854 1725 καὶ
2885 1669 2912 1724 ὁ
2941 1673 3040 1725 τοῦ
3069 1671 3246 1744 νόμου
3289 1671 3538 1748 χορηγὸς
3586 1671 3822 1750 ἆνὲτρεχε

427 1762 582 1816 runt.
614 1761 696 1814 Ex
740 1759 856 1814 imo
905 1763 1098 1816 autem
1149 1759 1468 1816 inferorum
1516 1776 1751 1816 recessu
1803 1760 1950 1832 legis
1978 1759 2082 1815 ad-

2198 1765 2456 1828 Μωΰσῆς,
2505 1759 2594 1814 καὶ
2643 1757 2834 1822 Ἠλίας
2881 1765 2983 1828 τῆς
3031 1753 3357 1834 ἀποκροόῆς
3415 1759 3680 1829 ἀποστὰς,
3734 1758 3822 1833 ἒμ-

426 1848 700 1904 minister
737 1851 923 1904 Moses
973 1865 1278 1920 apparens,
1311 1852 1368 1904 et
1411 1849 1590 1904 simul
1638 1847 1834 1905 Helias
1882 1864 1954 1904 ex
1985 1864 2082 1905 oc-

2198 1850 2367 1926 φανής
2414 1845 2742 1903 ἀνεδείκνυτο
2769 1869 2781 1881 ·
2813 1849 2904 1903 καὶ
2949 1846 3114 1926 ἄμφω
3155 1846 3212 1904 δὲ
3243 1855 3610 1924 συμπαρῆσαν
3660 1847 3824 1920 διομι-

425 1937 602 1994 cultis
651 1937 891 1994 latebris
953 1937 1256 2006 exsistens,
1317 1941 1528 2008 presto
1591 1937 1772 1993 fuere.
1835 1937 2082 2009 Uterque

2198 1937 2456 2010 λούμενοι
2487 1938 2739 2011 περὶτῆς
2789 1937 2904 1991 κατ’
2953 1937 3117 1992 αὐτὸν
3167 1939 3394 2012 πορείας
3443 1935 3533 1993 διὰ
3588 1942 3820 2015 σταυροῦ,

427 2041 598 2098 porro
647 2042 782 2082 cum
829 2043 897 2082 eo
946 2025 1218 2084 collocuti
1269 2029 1412 2082 sunt
1457 2027 1527 2081 de
1575 2026 1928 2099 migratione
1957 2027 2082 2098 ejus

2198 2029 2256 2098 ἣν
2309 2026 2512 2100 ἔμελλε
2564 2027 2677 2100 μετ’
2727 2025 2920 2103 ἀλίγον
2998 2025 3268 2102 περαίνειν
3328 2027 3720 2103 Ἰερουσαλήμ.
3763 2029 3824 2085 Ὃ

426 2133 530 2190 per
577 2134 836 2186 crucem,
869 2135 1046 2190 quam
1095 2119 1254 2174 brevi
1307 2121 1654 2190 peracturus
1685 2121 1870 2174 fuerat
1899 2119 1960 2174 in
1989 2121 2082 2175 Je-

2198 2114 2260 2184 δὴ
2318 2116 2443 2170 τότε
2493 2115 2587 2188 μὲν
2635 2115 2686 2170 οἱ
2743 2119 2941 2187 μῦσται
2988 2114 3454 2191 καταπλαγέντες,
3501 2118 3643 2178 τὲως
3684 2117 3820 2194 εἶχον

2267 862 2368 917 Καὶ
2395 863 2458 917 τὸ
2488 863 2704 919 πάντων
2751 865 3037 940 κράτιστόν
3083 886 3142 920 τε
3185 865 3275 920 καὶ
3306 865 3526 942 ἄριστον
3557 867 3697 942 πρὸς
3733 869 3812 937 τήν

2191 959 2292 1021 τῆς
2323 955 2582 1024 θεότητος
2629 954 2890 1011 πίστωσιν
2941 956 3319 1032 ἐναργέστατον
3363 962 3468 1012 τῶν
3521 959 3813 1033 θεοσημιῶν

2193 1043 2228 1108 ἡ
2261 1042 2396 1116 πρὸς
2425 1045 2486 1098 τὸ
2517 1041 2644 1117 ὅρος
2685 1045 2816 1118 μετά
2842 1049 2950 1100 τῶν
2998 1047 3256 1118 μαθητῶν
3304 1045 3522 1113 ἄνοδος,
3563 1047 3656 1102 καὶ
3702 1047 3818 1123 πρὸς

2191 1131 2254 1187 τὸ
2283 1129 2514 1194 θεοειδές
2555 1139 2658 1200 τῆς
2717 1140 2934 1210 μορφῆς
2985 1138 3086 1189 τοῦ⁹
3139 1135 3398 1207 σώματος
3445 1134 3670 1210 ἀλλαγή
3705 1154 3718 1170 '
3763 1139 3819 1205 ἧς

2192 1220 2454 1276 αὐτόπται
2489 1219 2756 1296 ἀμυδροῖς
2799 1221 3008 1302 ἴχνεσιν
3053 1223 3106 1278 οἱ
3154 1229 3264 1278 τῶν
3313 1226 3574 1297 μαθητῶν
3625 1230 3816 1300 πρῶτοι

2191 1309 2624 1382 κατηξιώθησαν,
2685 1311 2888 1386 Πέτρος
2935 1312 3026 1369 καὶ
3081 1313 3140 1366 οἱ
3201 1317 3300 1368 τοῦ
3356 1309 3647 1369 Ζεϐεδαίου
3703 1315 3817 1370 υἱοί.

2193 1401 2642 1476 Προσευχομένου
2703 1401 2797 1474 μὲν
2845 1403 2952 1476 γὰρ
3000 1400 3188 1472 αὐτοῦ,
3233 1401 3310 1465 εἰς
3341 1399 3487 1465 εἶδος
3534 1402 3702 1472 ἡλίου
3745 1404 3820 1458 καί

2192 1487 2392 1562 πολλῷ
2425 1494 2611 1563 μεῖζον
2638 1491 2702 1545 τὸ
2741 1492 3033 1565 πρόσωπον
3085 1491 3252 1546 αὓτοῦ
3299 1489 3580 1566 ἀνέλαμψε
3605 1510 3621 1524 '
3666 1494 3731 1548 τὰ
3773 1490 3822 1547 δὲ

2195 1581 2388 1652 ἱμάτια
2417 1581 2582 1636 αὐτοῦ
2629 1581 2822 1653 οἷάπερ
2853 1585 2969 1660 φῶς
3017 1582 3410 1659 περιηύγαζον.
3460 1584 3558 1640 Ἐκ
3603 1589 3710 1638 τῶν
3737 1587 3822 1638 τοῦ

432 2207 712 2265 rusalem.
744 2208 1048 2276 Caeterum,
1083 2207 1182 2279 qui
1221 2223 1324 2279 per
1353 2214 1472 2262 tam
1513 2207 1782 2264 sublimis
1813 2208 2079 2266 miraculi

431 2304 812 2368 conspectum
871 2295 1103 2354 arcanis
1152 2296 1312 2352 illius
1369 2297 1551 2352 sacris
1597 2296 1807 2353 initiati
1864 2301 2084 2365 essent,

429 2386 832 2459 magnitudine
877 2387 1006 2457 eius
1053 2385 1435 2456 consternati,
1468 2391 1597 2442 tum
1645 2387 1700 2442 id
1735 2387 1968 2459 quidem
2001 2387 2083 2442 si-

430 2475 607 2534 lentio
655 2483 862 2541 texere,
895 2491 1072 2546 supra
1124 2480 1344 2531 naturae
1375 2483 1609 2546 captum
1641 2475 1698 2530 id
1731 2476 2084 2533 arbitrantes

430 2580 579 2620 esse.
613 2566 758 2620 Cum
790 2568 981 2620 autem
1016 2566 1214 2636 postea
1244 2580 1310 2620 eo
1341 2564 1536 2634 majus
1579 2564 1863 2620 vidissent
1902 2563 2090 2636 prodi-

431 2654 612 2725 gium,
631 2655 815 2726 ipsam
832 2653 1057 2711 scilicet
1070 2669 1138 2709 ex
1150 2653 1394 2710 mortuis
1419 2654 1896 2710 resurrectionem
1919 2654 2045 2724 ejus
2071 2671 2086 2722 ;

435 2751 557 2799 tum
587 2746 824 2798 demum
848 2748 902 2800 et
924 2743 1032 2800 hoc
1059 2760 1176 2799 una
1197 2759 1330 2798 cum
1351 2742 1504 2810 aliis,
1529 2743 1950 2800 manifestioris
1971 2759 2091 2798 cer-

440 2834 721 2903 tiorisque
745 2832 878 2888 fidei
903 2832 1178 2888 faciendae
1201 2838 1258 2888 et
1287 2831 1705 2888 confirmandae
1735 2833 1945 2902 gratia,
1971 2822 2092 2886 om-

425 2923 618 2980 'nibus
650 2920 1120 2993 promulgarunt.
1153 2921 1434 2978 Praecellit
1455 2937 1623 2992 porro
1653 2925 1710 2978 et
1738 2921 1909 2988 illud,
1935 2920 2088 2992 quod

443 3011 506 3067 in
535 3011 714 3066 amico
745 3010 979 3075 Lazaro,
1011 3026 1076 3064 ex
1110 3009 1234 3066 vico
1274 3009 1556 3066 Bethania
1585 3015 1734 3076 orto,
1765 3010 2002 3066 Marthae
2033 3013 2092 3064 et

449 3101 662 3168 Marias,
715 3117 841 3172 quae
888 3099 939 3154 ei
988 3099 1396 3166 inserviebant,
1449 3101 1620 3156 fratre
1678 3103 1964 3173 przestitit.
2012 3101 2090 3156 Eo

439 3191 692 3260 jamjam
715 3187 1016 3257 morituro,
1036 3188 1110 3244 ad
1129 3189 1330 3244 Jesum
1355 3204 1644 3261 germanae
1666 3191 1935 3245 nuntium
1961 3191 2094 3246 mit-

2193 2211 2343 2280 σιγῇ,
2393 2205 2656 2282 ὑπερφυὲς
2709 2203 3064 2280 λογιζόμενοι
3095 2225 3110 2237 ο
3155 2205 3244 2260 ὅτε
3294 2227 3356 2282 γε
3405 2207 3514 2278 μὴν
3557 2209 3620 2262 τὸ
3653 2211 3816 2278 μεῖζον

2192 2297 2292 2364 τήν
2343 2294 2403 2350 ἐκ
2460 2299 2666 2369 νεκρῶν
2722 2293 3004 2349 ἀνάστασιν
3064 2293 3367 2364 ἐθεάσωνο,
3433 2292 3689 2366 τηνικάδε
3745 2293 3821 2349 καὶ

2191 2389 2355 2440 τοῦτο
2389 2385 2523 2459 πρὸς
2552 2389 2670 2446 τοῖς
2721 2383 2920 2446 ἄλλοις
2970 2384 3046 2446 εἷς
3076 2384 3253 2440 πίστιν
3303 2383 3625 2459 τρανότερον
3677 2385 3823 2440 ἅπασι

2195 2471 2538 2548 διεκήρυξαν.
2571 2472 2671 2529 Καὶ
2704 2473 2809 2547 πρό
2849 2493 2909 2549 γε
2955 2474 3177 2544 τούτου,
3209 2475 3240 2528 '6
3273 2472 3337 2544 δή
3373 2475 3510 2549 πρὸς
3538 2477 3632 2530 τὸν
3681 2473 3821 2552 φίλον

2193 2564 2340 2634 αὖτῷ
2389 2562 2654 2638 ἐνήργησε
2702 2563 2972 2638 Λάζαρον,
3029 2563 3135 2618 ἀπὸ
3182 2563 3456 2632 Βηθανίας
3497 2571 3602 2633 τῆς
3645 2565 3819 2635 κώμης

2194 2652 2540 2724 ὁρμώμενον,
2599 2649 2924 2726 κασίγνητόν
2990 2672 3049 2724 γε
3109 2653 3216 2724 μὴν
3274 2647 3404 2706 ὄντα
3473 2655 3694 2727 Μάρθας
3745 2651 3817 2706 καὶ

2195 2741 2402 2815 Μαρίας
2428 2739 2484 2795 α’ί
2545 2738 2829 2809 διηκόνουν
2885 2741 3052 2812 αὐτῷ.
3103 2742 3314 2796 Τούτου
3371 2743 3549 2796 θανεῖν
3605 2741 3822 2817 ἒγγίζονο

2194 2852 2308 2899 τος,
2357 2831 2412 2885 αἱ
2473 2831 2721 2905 σύγγονοι
2773 2830 3054 2904 πέμψασαι
3111 2829 3508 2902 ὑπεσήμαινον,
3561 2830 3649 2886 καὶ
3703 2829 3823 2902 ἁμό-

2195 2941 2301 2976 νειν
2336 2919 2524 2993 ἐκείνῳ
2553 2918 2810 2982 ἱκέτευον,
2855 2920 2910 2974 Ὀ
2960 2917 3036 2989 δὲ,
3089 2919 3224 2993 πρὸς
3260 2916 3414 2992 δόξαν
3465 2919 3602 2974 εἷναί
3652 2920 3701 2974 οἱ
3743 2916 3823 2970 αὖ·

2194 3015 2300 3082 τῷ,
2332 3007 2656 3084 διωμιλεῖτο
2685 3014 2804 3071 τοῖς
2856 3011 3125 3080 μαθηταῖς
3148 3027 3160 3040 ⁸
3201 3009 3316 3082 μετ’
3366 3007 3562 3085 ὀλίγον
3591 3007 3646 3063 δὲ
3675 3007 3820 3085 οάναι

2195 3099 2561 3172 κεκοιμῆσθαι
2603 3098 2696 3152 τὸν
2747 3099 3014 3171 Λάζαρον,
3063 3097 3153 3152 καὶ
3201 3102 3417 3174 χαίρειν
3466 3096 3677 3152 ἐκείνων
3731 3095 3822 3170 χᾶο

2203 3208 2285 3264 ριν
2316 3192 2396 3260 τῷ
2449 3189 2524 3260 μὴ
2576 3191 2842 3261 παρεῖναι.
2895 3190 2983 3248 Ὠς
3016 3182 3061 3240 δ’
3092 3185 3296 3248 ἐκεῖνος
3345 3187 3525 3240 θανὼν
3565 3190 3646 3258 τῷ
3687 3185 3822 3262 τᾶοῳ

448 3253 604 3348 tunt,
637 3278 738 3350 qui
787 3277 839 3334 ei
887 3277 944 3332 id
977 3253 1292 3350 significet,
1324 3253 1607 3348 opemque
1635 3279 1764 3344 eius
1794 3278 2082 3350 imploret.

2201 3283 2512 3351 τεταρταῖος
2571 3275 2960 3351 περιεκλείετο,
3045 3275 3324 3352 ἐφίσταται
3384 3277 3480 3350 μὲν
3535 3277 3564 3330 ὁ
3625 3276 3822 3345 Σωτήρ,

445 3368 520 3422 At
561 3367 678 3434 ille,
711 3366 906 3439 gloria
956 3366 1018 3422 id
1063 3366 1178 3421 sibi
1226 3366 1346 3422 fore
1375 3366 1587 3434 sciens,
1619 3382 1751 3423 cum
1781 3367 2090 3440 discipulis

445 3457 792 3514 familiarius
841 3457 1215 3530 colloquitur,
1273 3472 1340 3512 ac
1395 3456 1564 3527 paulo
1620 3461 1753 3529 post
1804 3457 2085 3513 Lazarum

443 3547 888 3614 obdormivisse,
920 3547 1220 3618 ltarique
1251 3561 1314 3602 se
1343 3545 1428 3601 eis
1475 3545 1621 3600 dixit
1656 3562 1857 3602 eorum
1888 3563 2082 3614 causa,

441 3637 596 3710 quod
647 3637 727 3692 ibi
778 3641 904 3692 tum
947 3652 1064 3692 non
1102 3635 1352 3690 affuerit.
1386 3634 1457 3690 Ut
1487 3651 1618 3690 vero
1649 3633 1960 3690 defunctus
1991 3633 2088 3691 ille

438 3735 712 3800 quartum
751 3725 882 3795 jam
935 3725 1089 3780 diem
1147 3725 1206 3779 in
1267 3723 1532 3795 sepulcro
1589 3723 1828 3780 clausus
1875 3724 2082 3796 jacuit,

438 3823 639 3887 praesto
671 3815 839 3870 adest
887 3813 1160 3869 Servator
1189 3829 1203 3868 :
1239 3817 1296 3868 et
1327 3829 1456 3869 cum
1489 3829 1715 3869 sorores
1747 3813 1934 3868 multa
1968 3813 2078 3868 mi-

434 3907 754 3965 serabiliter
782 3923 917 3963 cum
948 3905 1224 3976 lacrymis
1257 3906 1566 3977 prolocuta:
1595 3911 1807 3971 essent,
1840 3906 1912 3960 ad
1951 3922 2083 3962 mo-

435 4001 785 4053 numentum
846 3997 1082 4051 tandem
1141 3995 1366 4051 accedit
1427 3998 1484 4050 et
1537 3994 1791 4064 lapidem
1850 3995 2075 4051 auferre

427 4087 616 4156 jubet.
641 4085 742 4140 Ille
764 4090 990 4150 autem,
1010 4083 1204 4139 nervis
1237 4085 1292 4139 in
1323 4099 1601 4154 compage
1631 4089 1688 4139 et
1717 4085 2073 4144 connexione

432 4175 690 4246 corporis
711 4173 1138 4240 difﬂuentibus,
1153 4175 1277 4244 jam
1301 4173 1685 4244 putrescebat,
1708 4176 2074 4247 graviterque

433 4263 643 4319 olebat.
695 4263 962 4318 Servalor
992 4279 1186 4334 porro,
1231 4277 1368 4318 cum
1416 4262 1660 4318 orationi
1689 4263 2075 4333 incubuisset,

432 4356 607 4424 atque
637 4353 829 4408 acrius
857 4351 1272 4417 infremuisset,
1291 4351 1554 4406 invocato
1584 4349 1806 4407 coalitus
1837 4356 2076 4423 paterno

433 4440 672 4510 auxilio,
693 4462 721 4491 ‹‹
748 4440 980 4509 Lazare,
1005 4441 1135 4496 veni
1167 4440 1342 4500 foras,
1368 4459 1394 4491 in
1427 4439 1722 4494 inclamat.
1750 4440 1946 4512 Itaque
1977 4441 2075 4498 de-
2104 4450 2109 4455 '

430 4530 690 4598 functus,
733 4529 974 4602 perinde
1023 4533 1197 4600 atque
1235 4528 1450 4592 vivens,
1497 4535 1549 4586 et
1597 4529 1783 4586 amico
1845 4545 2077 4602 semper

2197 3368 2290 3424 καὶ
2338 3365 2525 3422 πολλὰ
2572 3371 2679 3421 τῶν
2729 3365 3008 3442 συγγόνων
3053 3363 3260 3420 ἐλεεινὰ
3294 3366 3386 3420 σὺν
3435 3362 3688 3439 δάκρυσιν
3715 3363 3821 3418 Ext-

2199 3454 2498 3530 λεγουσῶν,
2545 3453 2704 3517 τέλος
2763 3452 2851 3508 ἒπὶ
2907 3455 3000 3509 τὸν
3057 3453 3222 3532 τάφον
3272 3451 3553 3532 έιρίστατο,
3607 3454 3694 3508 καὶ
3742 3452 3818 3506 τὸν

2198 3545 2347 3602 λίθον
2377 3544 2546 3620 αἶ’ρειν
2599 3541 2954 3600 διεκελεύετο.
3009 3547 3065 3596 Ὃ
3112 3541 3169 3598 δὲ
3221 3541 3407 3615 μυδῶν
3454 3545 3520 3614 ἧν
3566 3544 3652 3598 καὶ
3697 3539 3818 3611 ὄζων

2196 3634 2394 3705 δεινὸν,
2425 3632 2534 3706 ἤδη
2583 3638 2692 3688 τῶν
2739 3633 2912 3688 τόνων
2955 3639 3056 3702 τῆς
3101 3639 3418 3706 σωματικῆς
3469 3629 3817 3707 ἀπορρυέντων

2195 3726 2542 3800 συμπήξεως,
2593 3723 2751 3797 Εὐχῇ
2811 3722 2867 3778 δὲ
2919 3719 3046 3786 δοὺς
3091 3722 3300 3792 ἑαυτὸν,
3351 3715 3814 3796 ἐμϐριμησάμενός

2192 3837 2252 3870 τε
2305 3815 2394 3870 καὶ
2447 3812 2646 3867 ἄνευθεν
2701 3813 2801 3880 τήν
2861 3812 3128 3885 πατρικῆν
3190 3811 3445 3884 βοήθειαν
3508 3809 3813 3864 ἐπικαλεσά-

2197 3925 2374 3977 μενος,
2435 3903 2666 3976 Λάζαρε,
2725 3899 2882 3977 δεῦρο
2939 3896 3062 3970 ἔξω,
3122 3901 3260 3974 βοᾷο
3310 3899 3402 3954 καὶ
3463 3900 3490 3953 ὁ
3537 3897 3810 3967 τεθνηκὼς,

2193 3993 2376 4067 ὥσπερ
2407 3997 2512 4062 ζῶν
2545 3995 2623 4062 τῷ
2653 3989 2802 4068 φίλῳ
2840 3989 2930 4043 καὶ
2982 3989 3064 4043 ἀεὶ
3109 3987 3408 4064 συμπαρὼν
3441 3987 3628 4044 ε’ίπετο
3653 4009 3666 4021 ο
3713 4007 3811 4041 κει·

2192 4081 2334 4156 ρίαις
2363 4103 2422 4136 τε
2461 4079 2788 4159 ἐσφιγμένος
2841 4078 3064 4153 προῄει,
3113 4081 3272 4132 πᾶσιν
3315 4077 3636 4148 ἐξάκουστον
3682 4076 3811 4150 γινό⁶

2194 4191 2353 4244 μενος
2407 4169 2582 4243 θέαμα
2615 4187 2628 4202 ·
2681 4168 2770 4222 καὶ
2821 4167 3006 4230 λυθεὶς
3056 4171 3166 4222 τῶν
3217 4165 3566 4242 σπαργάνων,
3615 4164 3717 4222 οῗκ.
3761 4162 3810 4218 δὶ

2183 4260 2300 4316 τίειτο
2323 4278 2336 4294 ο
2371 4263 2478 4315 τῶν
2509 4279 2568 4334 γε
2605 4258 2708 4329 μὴν
2755 4255 2944 4332 ὄχλων
2996 4255 3432 4330 ταραττομένων,
3463 4257 3552 4311 καί
3581 4261 3685 4310 τῶν
3727 4255 3810 4326 ἆρ-

2189 4351 2420 4426 χιερέων
2478 4347 2638 4402 αὐτόν
2685 4367 2743 4401 τε
2793 4346 2884 4400 καὶ
2939 4345 3034 4400 τὸν
3093 4345 3337 4418 Λάξαρον
3388 4350 3588 4400 κτεῖναι
3637 4364 3811 4400 ποιουο

2193 4441 2362 4514 μένων
2419 4436 2676 4510 μελέτην,
2724 4433 2882 4496 αὖθις
2923 4436 3024 4502 τὴν
3071 4433 3436 4510 Ἰερουσαλὴμ
3481 4434 3652 4511 ἀφεῖς,
3698 4434 3814 4488 ἐκεῖ·

2187 4532 2270 4584 θεν
2301 4528 2539 4603 ἐχώρει·
2591 4524 2680 4580 καὶ
2727 4524 2851 4600 περὶ
2898 4527 3084 4599 χῶρον
3129 4523 3192 4584 ’ὸς
3245 4524 3520 4602 Ἐσοραῗμ
3563 4522 3810 4587 καλεῖται,

431 4619 728 4688 assistens,
763 4617 1181 4690 consequitur;
1218 4615 1394 4673 ιθο
1437 4622 1494 4673 et
1532 4617 1959 4688 sepulcralibus
1989 4620 2073 4676 fa-

2198 4617 2468 4688 ηὐλίζετο.
2531 4614 2628 4669 Καὶ
2687 4614 2755 4668 τὰ
2822 4613 2917 4686 μὲν
2984 4617 3092 4668 τῶν
3161 4611 3322 4682 ξένων
3393 4613 3484 4668 καὶ
3545 4613 3810 4692 ὑπερουων

429 4709 568 4764 sciis
617 4707 854 4777 ligatus,
889 4706 1336 4763 celeberrimum
1375 4705 1650 4762 omnibus
1679 4708 2075 4779 spectaculum

2198 4705 2480 4781 τεραστίων
2513 4703 2564 4758 έν
2596 4702 2812 4764 τούτοις
2845 4702 3007 4771 ἦσαν.

435 4799 652 4872 prodit,
717 4795 1083 4868 vinculisque
1147 4796 1232 4852 eis
1289 4795 1516 4852 solutus
1572 4797 1810 4852 domum
1866 4799 2048 4854 vadit.
2097 4797 2465 4856 Multitudine
2524 4799 2717 4851 autem
2776 4791 3194 4862 tumultuante,
3253 4809 3320 4849 ac
3357 4792 3723 4866 pontificibus
3767 4795 3813 4845 et

433 4889 623 4970 ipsius
669 4893 726 4944 et
773 4886 972 4944 Lazari
1022 4886 1325 4943 occidendi
1376 4885 1694 4942 consilium
1743 4887 2139 4962 rationemque
2190 4887 2606 4962 quaerentibus,
2653 4883 3069 4958 Hierosolymis
3119 4884 3354 4957 relictis,
3387 4886 3524 4942 inde
3572 4883 3810 4942 secedit:

432 4983 489 5035 et
520 4979 858 5044 finitimum,
891 4975 992 5048 qui
1047 4975 1298 5048 Ephrem
1342 4975 1575 5044 dicitur,
1607 4975 1807 5034 incolit
1835 4977 2051 5036 locum.
2079 4981 2158 5036 Ac
2190 4995 2337 5036 nova
2365 4977 2603 5049 quidem
2645 4983 2700 5030 et
2739 4990 2912 5046 supra
2942 4978 3210 5030 naturam
3243 4990 3476 5030 omnem
3507 4975 3693 5047 posita
3720 4970 3812 5027 mi-

433 5069 632 5128 racula
660 5068 744 5126 sic
770 5082 832 5125 se
860 5066 1096 5124 habent.

1019 5210 1249 5268 CAPUT
1288 5211 1500 5269 XXVI.

435 5321 844 5381 Parabolarum
912 5321 1163 5376 omnium
1237 5319 1548 5378 Servatoris
1612 5321 2075 5380 commemoratio.

508 5523 778 5578 Fortasse
825 5521 1016 5576 autem
1065 5534 1182 5576 non
1225 5518 1694 5593 intempestivum
1725 5518 1918 5588 fuerit,
1945 5535 2081 5574 ora-

436 5611 596 5668 tione
647 5609 798 5666 brevi
847 5617 902 5665 et
947 5624 1016 5664 ea
1061 5623 1184 5680 qua
1232 5607 1332 5666 ille
1381 5625 1484 5680 per
1519 5607 1820 5680 parabolas
1850 5607 2080 5664 locutus

435 5704 538 5776 est,
569 5699 762 5776 quoad
809 5697 938 5770 ejus
986 5697 1110 5754 fieri
1157 5701 1366 5771 potest,
1399 5697 1657 5756 clarioris
1685 5695 2081 5770 intelligentia

2786 5215 3040 5266 ΚΕΦΔΛ.
3083 5209 3230 5284 [ις’.

2188 5317 2354 5392 Περὶ
2402 5320 2634 5373 πασῶν
2679 5310 3278 5392 τῶν-παραϐολῶν
3331 5319 3456 5370 τοῦ
3519 5320 3810 5388 Σωτῆρος

2819 5385 3207 5463 ἐπιδρομή.

2261 5517 2375 5572 Οὐκ
2401 5512 2626 5593 ἄκαιρον
2657 5511 2875 5576 δέτίσως
2926 5512 3176 5588 συντόμῳ
3224 5511 3383 5587 λόγῳ
3430 5513 3520 5568 καὶ
3561 5513 3676 5586 περέ
3717 5511 3805 5564 τῶν

2191 5603 2582 5683 παραϐολικῶς
2613 5603 2761 5678 αὖτῷ
2797 5604 3123 5680 εἷ’ρημένων,
3171 5600 3248 5665 ὥς
3276 5603 3326 5679 γ’
3357 5601 3496 5672 ἒνὸν,
3543 5599 3806 5680 σαφηνείας

2191 5697 2356 5773 χάριν
2395 5692 2705 5770 διεξελθεῖν.
2739 5694 2890 5770 Παρὰ
2922 5693 3016 5768 μὲν
3066 5691 3160 5748 οὖν
3203 5695 3286 5766 τῷ
3328 5691 3584 5764 Ηατθαίῳ
3626 5689 3801 5765 πρώτῃ
