  <div class='ocr_page' id='page_1' title='image "/cluster/home/n/w/nwhite01/storage/ocr_20150623/145/hvd.32044054086921/360.png"; bbox 0 0 4100 6218; ppageno 0'>
   <div class='ocr_carea' id='block_1_1' title="bbox 263 360 398 428">
    <p class='ocr_par' dir='ltr' id='par_1_1' title="bbox 263 360 398 428">
     <span class='ocr_line' id='line_1_1' title="bbox 263 360 398 428; baseline 0.03 -3"><span class='ocrx_word' id='word_1_1' title='bbox 263 360 398 428; x_wconf 83' lang='grc'><strong>’109</strong></span> 
     </span>
    </p>
   </div>
   <div class='ocr_carea' id='block_1_2' title="bbox 1292 361 2654 433">
    <p class='ocr_par' dir='ltr' id='par_1_2' title="bbox 1292 361 2654 433">
     <span class='ocr_line' id='line_1_2' title="bbox 1292 361 2654 433; baseline -0.004 -4"><span class='ocrx_word' id='word_1_2' title='bbox 1292 364 1927 433; x_wconf 69' lang='lat' dir='ltr'><strong>ECCLESIASTICE</strong></span> <span class='ocrx_word' id='word_1_3' title='bbox 1967 361 2365 427; x_wconf 58' lang='lat' dir='ltr'><strong>HISTORIA?</strong></span> <span class='ocrx_word' id='word_1_4' title='bbox 2404 364 2557 426; x_wconf 87' lang='lat' dir='ltr'><strong>LIB.</strong></span> <span class='ocrx_word' id='word_1_5' title='bbox 2604 364 2654 424; x_wconf 93' lang='grc' dir='ltr'><strong>Ι.</strong></span> 
     </span>
    </p>
   </div>
   <div class='ocr_carea' id='block_1_3' title="bbox 3557 362 3676 425">
    <p class='ocr_par' dir='ltr' id='par_1_3' title="bbox 3557 362 3676 425">
     <span class='ocr_line' id='line_1_3' title="bbox 3557 362 3676 425; baseline 0.008 -1"><span class='ocrx_word' id='word_1_6' title='bbox 3557 362 3676 425; x_wconf 78' lang='grc'><strong>710</strong></span> 
     </span>
    </p>
   </div>
   <div class='ocr_carea' id='block_1_4' title="bbox 271 495 1945 577">
    <p class='ocr_par' dir='ltr' id='par_1_4' title="bbox 271 498 1922 577">
     <span class='ocr_line' id='line_1_4' title="bbox 271 498 1922 577; baseline -0.001 -21"><span class='ocrx_word' id='word_1_7' title='bbox 271 504 305 556; x_wconf 83' lang='lat'><strong>6</strong></span> <span class='ocrx_word' id='word_1_8' title='bbox 349 501 527 556; x_wconf 81' lang='grc' dir='ltr'>πεσὼν</span> <span class='ocrx_word' id='word_1_9' title='bbox 582 498 643 554; x_wconf 84' lang='grc' dir='ltr'><strong>ἐκ</strong></span> <span class='ocrx_word' id='word_1_10' title='bbox 696 502 796 553; x_wconf 90' lang='grc' dir='ltr'><strong>τοῦ</strong></span> <span class='ocrx_word' id='word_1_11' title='bbox 850 500 1195 574; x_wconf 68' lang='grc' dir='ltr'>παρήκοντος</span> <span class='ocrx_word' id='word_1_12' title='bbox 1244 503 1446 577; x_wconf 83' lang='grc' dir='ltr'>σπόρος</span> <span class='ocrx_word' id='word_1_13' title='bbox 1502 501 1581 565; x_wconf 64' lang='grc' dir='ltr'>εἷς</span> <span class='ocrx_word' id='word_1_14' title='bbox 1637 504 1836 576; x_wconf 77' lang='grc' dir='ltr'>γῆνοὸ</span> <span class='ocrx_word' id='word_1_15' title='bbox 1866 502 1922 557; x_wconf 62' lang='lat' dir='ltr'><strong>is</strong></span> 
     </span>
    </p>
   </div>
   <div class='ocr_carea' id='block_1_5' title="bbox 2052 495 3688 577">
    <p class='ocr_par' dir='ltr' id='par_1_5' title="bbox 2052 495 3688 570">
     <span class='ocr_line' id='line_1_5' title="bbox 2052 495 3688 570; baseline -0.001 -15"><span class='ocrx_word' id='word_1_16' title='bbox 2052 515 2210 556; x_wconf 77' lang='lat' dir='ltr'><strong>:ausa</strong></span> <span class='ocrx_word' id='word_1_17' title='bbox 2240 499 2470 555; x_wconf 81' lang='lat' dir='ltr'><strong>referre.</strong></span> <span class='ocrx_word' id='word_1_18' title='bbox 2506 499 2705 569; x_wconf 91' lang='lat' dir='ltr'><strong>Itaque</strong></span> <span class='ocrx_word' id='word_1_19' title='bbox 2754 498 2948 570; x_wconf 83' lang='lat' dir='ltr'><strong>prima</strong></span> <span class='ocrx_word' id='word_1_20' title='bbox 2975 497 3128 568; x_wconf 83' lang='lat' dir='ltr'><strong>apud</strong></span> <span class='ocrx_word' id='word_1_21' title='bbox 3155 495 3484 553; x_wconf 70' lang='lat' dir='ltr'><strong>Matthmum</strong></span> <span class='ocrx_word' id='word_1_22' title='bbox 3516 512 3688 568; x_wconf 89' lang='lat' dir='ltr'><strong>para-</strong></span> 
     </span>
    </p>
   </div>
   <div class='ocr_carea' id='block_1_6' title="bbox 275 588 1931 665">
    <p class='ocr_par' dir='ltr' id='par_1_6' title="bbox 275 588 1931 665">
     <span class='ocr_line' id='line_1_6' title="bbox 275 588 1931 665; baseline -0.001 -19"><span class='ocrx_word' id='word_1_23' title='bbox 275 589 337 646; x_wconf 83' lang='grc' dir='ltr'>λ⁸</span> <span class='ocrx_word' id='word_1_24' title='bbox 366 590 700 665; x_wconf 74' lang='grc' dir='ltr'>βλαστήσας,</span> <span class='ocrx_word' id='word_1_25' title='bbox 756 590 802 658; x_wconf 81' lang='grc' dir='ltr'><strong>ξ’</strong></span> <span class='ocrx_word' id='word_1_26' title='bbox 828 609 885 643; x_wconf 85' lang='grc' dir='ltr'><strong>τε</strong></span> <span class='ocrx_word' id='word_1_27' title='bbox 915 588 1006 643; x_wconf 89' lang='grc' dir='ltr'><strong>καὶ</strong></span> <span class='ocrx_word' id='word_1_28' title='bbox 1055 590 1262 647; x_wconf 73' lang='grc' dir='ltr'>ἑκατόν.</span> <span class='ocrx_word' id='word_1_29' title='bbox 1314 590 1569 665; x_wconf 77' lang='grc' dir='ltr'><strong>Δεύτερος</strong></span> <span class='ocrx_word' id='word_1_30' title='bbox 1598 594 1626 646; x_wconf 92' lang='lat'><strong>6</strong></span> <span class='ocrx_word' id='word_1_31' title='bbox 1675 594 1931 662; x_wconf 81' lang='grc' dir='ltr'>ζιξανίοις</span> 
     </span>
    </p>
   </div>
   <div class='ocr_carea' id='block_1_7' title="bbox 272 675 1930 759">
    <p class='ocr_par' dir='ltr' id='par_1_7' title="bbox 272 675 1930 759">
     <span class='ocr_line' id='line_1_7' title="bbox 272 675 1930 759; baseline -0.001 -25"><span class='ocrx_word' id='word_1_32' title='bbox 272 679 556 759; x_wconf 71' lang='grc' dir='ltr'>ἀναφυεὶς,</span> <span class='ocrx_word' id='word_1_33' title='bbox 616 678 708 733; x_wconf 86' lang='grc' dir='ltr'><strong>καὶ</strong></span> <span class='ocrx_word' id='word_1_34' title='bbox 754 675 845 733; x_wconf 71' lang='grc' dir='ltr'>διὰ</span> <span class='ocrx_word' id='word_1_35' title='bbox 891 682 1056 733; x_wconf 89' lang='grc' dir='ltr'>τοῦτο</span> <span class='ocrx_word' id='word_1_36' title='bbox 1100 676 1316 756; x_wconf 70' lang='grc' dir='ltr'>φειδοῦς</span> <span class='ocrx_word' id='word_1_37' title='bbox 1373 679 1710 756; x_wconf 77' lang='grc' dir='ltr'>ἀξιούμενος.</span> <span class='ocrx_word' id='word_1_38' title='bbox 1764 682 1861 737; x_wconf 82' lang='grc' dir='ltr'>Καὶ</span> <span class='ocrx_word' id='word_1_39' title='bbox 1902 681 1930 734; x_wconf 98' lang='lat'><strong>6</strong></span> 
     </span>
    </p>
   </div>
   <div class='ocr_carea' id='block_1_8' title="bbox 272 765 1930 847">
    <p class='ocr_par' dir='ltr' id='par_1_8' title="bbox 272 765 1930 847">
     <span class='ocr_line' id='line_1_8' title="bbox 272 765 1930 847; baseline 0.001 -23"><span class='ocrx_word' id='word_1_40' title='bbox 272 774 380 825; x_wconf 89' lang='grc' dir='ltr'><strong>τοῦ</strong></span> <span class='ocrx_word' id='word_1_41' title='bbox 437 770 644 829; x_wconf 79' lang='grc' dir='ltr'>νάπυος</span> <span class='ocrx_word' id='word_1_42' title='bbox 698 767 899 830; x_wconf 79' lang='grc' dir='ltr'>κόκκος</span> <span class='ocrx_word' id='word_1_43' title='bbox 957 767 1035 829; x_wconf 78' lang='grc' dir='ltr'>εἷς</span> <span class='ocrx_word' id='word_1_44' title='bbox 1094 765 1313 845; x_wconf 82' lang='grc' dir='ltr'>δένδρον</span> <span class='ocrx_word' id='word_1_45' title='bbox 1376 770 1513 847; x_wconf 82' lang='grc' dir='ltr'>μέγα</span> <span class='ocrx_word' id='word_1_46' title='bbox 1572 771 1879 846; x_wconf 79' lang='grc' dir='ltr'>ὑψούμενυς</span> <span class='ocrx_word' id='word_1_47' title='bbox 1914 787 1930 801; x_wconf 79' lang='grc'><strong>⁸</strong></span> 
     </span>
    </p>
   </div>
   <div class='ocr_carea' id='block_1_9' title="bbox 271 853 1932 935">
    <p class='ocr_par' dir='ltr' id='par_1_9' title="bbox 271 853 1932 935">
     <span class='ocr_line' id='line_1_9' title="bbox 271 853 1932 935; baseline 0.001 -22"><span class='ocrx_word' id='word_1_48' title='bbox 271 858 312 927; x_wconf 74' lang='grc' dir='ltr'><strong>ἢ</strong></span> <span class='ocrx_word' id='word_1_49' title='bbox 348 879 407 913; x_wconf 88' lang='grc' dir='ltr'><strong>τε</strong></span> <span class='ocrx_word' id='word_1_50' title='bbox 457 856 693 931; x_wconf 77' lang='grc' dir='ltr'>ἀλεύρου</span> <span class='ocrx_word' id='word_1_51' title='bbox 753 856 898 929; x_wconf 88' lang='grc' dir='ltr'>ζύμη</span> <span class='ocrx_word' id='word_1_52' title='bbox 952 853 1342 932; x_wconf 68' lang='grc' dir='ltr'><strong>παραδυομένη</strong></span> <span class='ocrx_word' id='word_1_53' title='bbox 1392 861 1569 935; x_wconf 87' lang='grc' dir='ltr'>τρισίν</span> <span class='ocrx_word' id='word_1_54' title='bbox 1598 880 1612 892; x_wconf 89' lang='grc'><strong>·</strong></span> <span class='ocrx_word' id='word_1_55' title='bbox 1664 860 1828 934; x_wconf 81' lang='grc' dir='ltr'>ἀγρός</span> <span class='ocrx_word' id='word_1_56' title='bbox 1872 879 1932 914; x_wconf 90' lang='grc' dir='ltr'><strong>τε</strong></span> 
     </span>
    </p>
   </div>
   <div class='ocr_carea' id='block_1_10' title="bbox 273 944 1933 1024">
    <p class='ocr_par' dir='ltr' id='par_1_10' title="bbox 273 944 1933 1024">
     <span class='ocr_line' id='line_1_10' title="bbox 273 944 1933 1024; baseline 0.001 -23"><span class='ocrx_word' id='word_1_57' title='bbox 273 946 484 1018; x_wconf 88' lang='grc' dir='ltr'>πολλῷ</span> <span class='ocrx_word' id='word_1_58' title='bbox 514 945 729 1021; x_wconf 80' lang='grc' dir='ltr'>χρυσίῳ</span> <span class='ocrx_word' id='word_1_59' title='bbox 760 944 1076 1018; x_wconf 83' lang='grc' dir='ltr'>ἐωνημένος</span> <span class='ocrx_word' id='word_1_60' title='bbox 1106 951 1204 1001; x_wconf 84' lang='grc' dir='ltr'><strong>τοῦ</strong></span> <span class='ocrx_word' id='word_1_61' title='bbox 1254 946 1425 1003; x_wconf 80' lang='grc' dir='ltr'>ἐκεῖσέ</span> <span class='ocrx_word' id='word_1_62' title='bbox 1454 970 1530 1018; x_wconf 92' lang='grc' dir='ltr'><strong>πη</strong></span> <span class='ocrx_word' id='word_1_63' title='bbox 1564 948 1724 1024; x_wconf 87' lang='grc' dir='ltr'>χάριν</span> <span class='ocrx_word' id='word_1_64' title='bbox 1770 969 1933 1004; x_wconf 89' lang='grc' dir='ltr'>κατο-</span> 
     </span>
    </p>
   </div>
   <div class='ocr_carea' id='block_1_11' title="bbox 278 1035 1929 1113">
    <p class='ocr_par' dir='ltr' id='par_1_11' title="bbox 278 1035 1929 1113">
     <span class='ocr_line' id='line_1_11' title="bbox 278 1035 1929 1113; baseline 0.001 -23"><span class='ocrx_word' id='word_1_65' title='bbox 278 1036 644 1112; x_wconf 83' lang='grc' dir='ltr'>ρωρυγμένου</span> <span class='ocrx_word' id='word_1_66' title='bbox 693 1039 942 1110; x_wconf 75' lang='grc' dir='ltr'>χρυσοῦο</span> <span class='ocrx_word' id='word_1_67' title='bbox 990 1036 1077 1090; x_wconf 83' lang='grc' dir='ltr'><strong>καὶ</strong></span> <span class='ocrx_word' id='word_1_68' title='bbox 1126 1037 1156 1092; x_wconf 91' lang='lat'><strong>6</strong></span> <span class='ocrx_word' id='word_1_69' title='bbox 1201 1035 1514 1112; x_wconf 88' lang='grc' dir='ltr'>πολύτιμος</span> <span class='ocrx_word' id='word_1_70' title='bbox 1564 1039 1929 1113; x_wconf 82' lang='grc' dir='ltr'><strong>μαργαρίτης,</strong></span> 
     </span>
    </p>
   </div>
   <div class='ocr_carea' id='block_1_12' title="bbox 273 1120 1932 1203">
    <p class='ocr_par' dir='ltr' id='par_1_12' title="bbox 273 1120 1932 1203">
     <span class='ocr_line' id='line_1_12' title="bbox 273 1120 1932 1203; baseline 0.002 -23"><span class='ocrx_word' id='word_1_71' title='bbox 273 1126 342 1181; x_wconf 79' lang='grc' dir='ltr'><strong>’ὸν</strong></span> <span class='ocrx_word' id='word_1_72' title='bbox 372 1123 465 1180; x_wconf 73' lang='grc' dir='ltr'><strong>ἐπί</strong></span> <span class='ocrx_word' id='word_1_73' title='bbox 510 1122 688 1198; x_wconf 84' lang='grc' dir='ltr'>κέρδει</span> <span class='ocrx_word' id='word_1_74' title='bbox 740 1123 993 1194; x_wconf 73' lang='grc' dir='ltr'>ὠνήσατο</span> <span class='ocrx_word' id='word_1_75' title='bbox 1039 1120 1286 1200; x_wconf 83' lang='grc' dir='ltr'>ἔμπορος</span> <span class='ocrx_word' id='word_1_76' title='bbox 1311 1144 1326 1159; x_wconf 78' lang='grc' dir='ltr'><strong>ο</strong></span> <span class='ocrx_word' id='word_1_77' title='bbox 1358 1127 1632 1203; x_wconf 84' lang='grc' dir='ltr'>πάναγρόν</span> <span class='ocrx_word' id='word_1_78' title='bbox 1660 1149 1720 1183; x_wconf 92' lang='grc' dir='ltr'><strong>τε</strong></span> <span class='ocrx_word' id='word_1_79' title='bbox 1761 1128 1932 1182; x_wconf 81' lang='grc' dir='ltr'>ἀσπα-</span> 
     </span>
    </p>
   </div>
   <div class='ocr_carea' id='block_1_13' title="bbox 276 1212 1932 1290">
    <p class='ocr_par' dir='ltr' id='par_1_13' title="bbox 276 1212 1932 1290">
     <span class='ocr_line' id='line_1_13' title="bbox 276 1212 1932 1290; baseline 0 -20"><span class='ocrx_word' id='word_1_80' title='bbox 276 1213 453 1276; x_wconf 84' lang='grc' dir='ltr'>λιέως</span> <span class='ocrx_word' id='word_1_81' title='bbox 510 1215 720 1290; x_wconf 77' lang='grc' dir='ltr'>σαγήνῃ</span> <span class='ocrx_word' id='word_1_82' title='bbox 794 1212 1275 1287; x_wconf 82' lang='grc' dir='ltr'>περικλειομενον⁶</span> <span class='ocrx_word' id='word_1_83' title='bbox 1335 1216 1446 1271; x_wconf 72' lang='grc' dir='ltr'>εἶτα</span> <span class='ocrx_word' id='word_1_84' title='bbox 1500 1218 1536 1285; x_wconf 81' lang='grc' dir='ltr'><strong>ἡ</strong></span> <span class='ocrx_word' id='word_1_85' title='bbox 1588 1222 1696 1271; x_wconf 88' lang='grc' dir='ltr'><strong>τῶν</strong></span> <span class='ocrx_word' id='word_1_86' title='bbox 1743 1215 1932 1272; x_wconf 74' lang='grc' dir='ltr'>ἑκατὸν</span> 
     </span>
    </p>
   </div>
   <div class='ocr_carea' id='block_1_14' title="bbox 277 1299 1936 1382">
    <p class='ocr_par' dir='ltr' id='par_1_14' title="bbox 277 1299 1936 1382">
     <span class='ocr_line' id='line_1_14' title="bbox 277 1299 1936 1382; baseline 0.002 -24"><span class='ocrx_word' id='word_1_87' title='bbox 277 1299 580 1378; x_wconf 74' lang='grc' dir='ltr'>προϐάτων</span> <span class='ocrx_word' id='word_1_88' title='bbox 639 1301 832 1378; x_wconf 82' lang='grc' dir='ltr'>ἀγέλη,</span> <span class='ocrx_word' id='word_1_89' title='bbox 885 1302 974 1358; x_wconf 80' lang='grc' dir='ltr'><strong>καὶ</strong></span> <span class='ocrx_word' id='word_1_90' title='bbox 1021 1304 1084 1358; x_wconf 87' lang='grc' dir='ltr'>τὸ</span> <span class='ocrx_word' id='word_1_91' title='bbox 1133 1304 1331 1360; x_wconf 86' lang='grc' dir='ltr'>ἐκεῖθεν</span> <span class='ocrx_word' id='word_1_92' title='bbox 1384 1305 1574 1382; x_wconf 71' lang='grc' dir='ltr'>πόρρω</span> <span class='ocrx_word' id='word_1_93' title='bbox 1621 1307 1837 1382; x_wconf 85' lang='grc' dir='ltr'>γεγονὸς</span> <span class='ocrx_word' id='word_1_94' title='bbox 1879 1305 1936 1361; x_wconf 73' lang='grc' dir='ltr'><strong>’ὲν</strong></span> 
     </span>
    </p>
   </div>
   <div class='ocr_carea' id='block_1_15' title="bbox 275 1391 1933 1471">
    <p class='ocr_par' dir='ltr' id='par_1_15' title="bbox 275 1391 1933 1471">
     <span class='ocr_line' id='line_1_15' title="bbox 275 1391 1933 1471; baseline 0.002 -24"><span class='ocrx_word' id='word_1_95' title='bbox 275 1393 373 1448; x_wconf 77' lang='grc' dir='ltr'><strong>καί</strong></span> <span class='ocrx_word' id='word_1_96' title='bbox 405 1397 488 1465; x_wconf 79' lang='grc' dir='ltr'>τῷ</span> <span class='ocrx_word' id='word_1_97' title='bbox 517 1391 674 1464; x_wconf 88' lang='grc' dir='ltr'><strong>καλῷ</strong></span> <span class='ocrx_word' id='word_1_98' title='bbox 703 1391 924 1465; x_wconf 76' lang='grc' dir='ltr'>ποιμένι</span> <span class='ocrx_word' id='word_1_99' title='bbox 955 1392 1224 1449; x_wconf 83' lang='grc' dir='ltr'>ἀνασωθέν</span> <span class='ocrx_word' id='word_1_100' title='bbox 1248 1412 1260 1425; x_wconf 79' lang='lat'><strong><em>°</em></strong></span> <span class='ocrx_word' id='word_1_101' title='bbox 1295 1395 1323 1448; x_wconf 88' lang='lat'><strong>6</strong></span> <span class='ocrx_word' id='word_1_102' title='bbox 1351 1399 1460 1449; x_wconf 90' lang='grc' dir='ltr'><strong>τῶν</strong></span> <span class='ocrx_word' id='word_1_103' title='bbox 1502 1394 1708 1470; x_wconf 84' lang='grc' dir='ltr'>μυρίων</span> <span class='ocrx_word' id='word_1_104' title='bbox 1754 1414 1933 1471; x_wconf 88' lang='grc' dir='ltr'>χρεω-</span> 
     </span>
    </p>
   </div>
   <div class='ocr_carea' id='block_1_16' title="bbox 277 1480 1933 1559">
    <p class='ocr_par' dir='ltr' id='par_1_16' title="bbox 277 1480 1933 1559">
     <span class='ocr_line' id='line_1_16' title="bbox 277 1480 1933 1559; baseline 0.001 -22"><span class='ocrx_word' id='word_1_105' title='bbox 277 1480 548 1559; x_wconf 78' lang='grc' dir='ltr'>φειλέτης</span> <span class='ocrx_word' id='word_1_106' title='bbox 597 1480 878 1537; x_wconf 85' lang='grc' dir='ltr'>ταλάντων</span> <span class='ocrx_word' id='word_1_107' title='bbox 913 1500 927 1514; x_wconf 88' lang='grc'><strong>·</strong></span> <span class='ocrx_word' id='word_1_108' title='bbox 979 1481 1013 1551; x_wconf 74' lang='grc' dir='ltr'><strong>ἢ</strong></span> <span class='ocrx_word' id='word_1_109' title='bbox 1063 1502 1123 1557; x_wconf 87' lang='grc' dir='ltr'><strong>γε</strong></span> <span class='ocrx_word' id='word_1_110' title='bbox 1170 1486 1275 1537; x_wconf 91' lang='grc' dir='ltr'><strong>τῶν</strong></span> <span class='ocrx_word' id='word_1_111' title='bbox 1332 1482 1573 1559; x_wconf 80' lang='grc' dir='ltr'>ἐργατῶν</span> <span class='ocrx_word' id='word_1_112' title='bbox 1627 1483 1933 1559; x_wconf 79' lang='grc' dir='ltr'>μισθαρνία,</span> 
     </span>
    </p>
   </div>
   <div class='ocr_carea' id='block_1_17' title="bbox 277 1567 1937 1644">
    <p class='ocr_par' dir='ltr' id='par_1_17' title="bbox 277 1567 1937 1644">
     <span class='ocr_line' id='line_1_17' title="bbox 277 1567 1937 1644; baseline 0.001 -18"><span class='ocrx_word' id='word_1_113' title='bbox 277 1570 333 1626; x_wconf 86' lang='grc' dir='ltr'><strong>ἐν</strong></span> <span class='ocrx_word' id='word_1_114' title='bbox 395 1570 569 1644; x_wconf 77' lang='grc' dir='ltr'>ἀνίσῳ</span> <span class='ocrx_word' id='word_1_115' title='bbox 623 1567 836 1642; x_wconf 72' lang='grc' dir='ltr'>ἰσότητι</span> <span class='ocrx_word' id='word_1_116' title='bbox 891 1569 1170 1627; x_wconf 88' lang='grc' dir='ltr'>δικαιοῦσα</span> <span class='ocrx_word' id='word_1_117' title='bbox 1226 1574 1287 1627; x_wconf 87' lang='grc' dir='ltr'>τὸ</span> <span class='ocrx_word' id='word_1_118' title='bbox 1344 1571 1538 1629; x_wconf 78' lang='grc' dir='ltr'>δοκοῦν</span> <span class='ocrx_word' id='word_1_119' title='bbox 1600 1571 1807 1632; x_wconf 75' lang='grc' dir='ltr'>ἄδικον.</span> <span class='ocrx_word' id='word_1_120' title='bbox 1874 1576 1937 1629; x_wconf 73' lang='lat'><strong>0&#39;:</strong></span> 
     </span>
    </p>
   </div>
   <div class='ocr_carea' id='block_1_18' title="bbox 278 1658 1937 1737">
    <p class='ocr_par' dir='ltr' id='par_1_18' title="bbox 278 1658 1937 1737">
     <span class='ocr_line' id='line_1_18' title="bbox 278 1658 1937 1737; baseline 0.001 -21"><span class='ocrx_word' id='word_1_121' title='bbox 278 1660 468 1717; x_wconf 82' lang='grc' dir='ltr'>διττοί</span> <span class='ocrx_word' id='word_1_122' title='bbox 505 1681 566 1716; x_wconf 85' lang='grc' dir='ltr'><strong>τε</strong></span> <span class='ocrx_word' id='word_1_123' title='bbox 618 1658 809 1723; x_wconf 89' lang='grc' dir='ltr'>παίδες</span> <span class='ocrx_word' id='word_1_124' title='bbox 866 1658 1288 1737; x_wconf 74' lang='grc' dir='ltr'>ἐνηλλαγμένως</span> <span class='ocrx_word' id='word_1_125' title='bbox 1354 1662 1795 1737; x_wconf 79' lang='grc' dir='ltr'>διαπραξάμενοι,</span> <span class='ocrx_word' id='word_1_126' title='bbox 1840 1668 1937 1718; x_wconf 89' lang='grc' dir='ltr'><strong>τοῦ</strong></span> 
     </span>
    </p>
   </div>
   <div class='ocr_carea' id='block_1_19' title="bbox 278 1748 1938 1825">
    <p class='ocr_par' dir='ltr' id='par_1_19' title="bbox 278 1748 1938 1825">
     <span class='ocr_line' id='line_1_19' title="bbox 278 1748 1938 1825; baseline 0.001 -20"><span class='ocrx_word' id='word_1_127' title='bbox 278 1750 497 1824; x_wconf 85' lang='grc' dir='ltr'>πατρὸς</span> <span class='ocrx_word' id='word_1_128' title='bbox 541 1748 879 1820; x_wconf 76' lang='grc' dir='ltr'>κεκληκότος</span> <span class='ocrx_word' id='word_1_129' title='bbox 936 1748 1025 1806; x_wconf 83' lang='grc' dir='ltr'><strong>ἐπὶ</strong></span> <span class='ocrx_word' id='word_1_130' title='bbox 1083 1751 1175 1807; x_wconf 87' lang='grc' dir='ltr'>τὸν</span> <span class='ocrx_word' id='word_1_131' title='bbox 1238 1749 1375 1806; x_wconf 74' lang='grc' dir='ltr'>ἴδιον</span> <span class='ocrx_word' id='word_1_132' title='bbox 1433 1749 1759 1825; x_wconf 80' lang='grc' dir='ltr'>ἀμπελῶνα.</span> <span class='ocrx_word' id='word_1_133' title='bbox 1819 1752 1938 1807; x_wconf 86' lang='grc' dir='ltr'><strong>Ἐπί</strong></span> 
     </span>
    </p>
   </div>
   <div class='ocr_carea' id='block_1_20' title="bbox 278 1840 1934 1921">
    <p class='ocr_par' dir='ltr' id='par_1_20' title="bbox 278 1840 1934 1921">
     <span class='ocr_line' id='line_1_20' title="bbox 278 1840 1934 1921; baseline 0.002 -26"><span class='ocrx_word' id='word_1_134' title='bbox 278 1841 515 1902; x_wconf 86' lang='grc' dir='ltr'>τούτοις</span> <span class='ocrx_word' id='word_1_135' title='bbox 547 1840 601 1895; x_wconf 74' lang='grc' dir='ltr'>οἱ</span> <span class='ocrx_word' id='word_1_136' title='bbox 630 1841 882 1895; x_wconf 81' lang='grc' dir='ltr'>κάκιστοι</span> <span class='ocrx_word' id='word_1_137' title='bbox 912 1840 1167 1917; x_wconf 82' lang='grc' dir='ltr'>γεωργοὶ,</span> <span class='ocrx_word' id='word_1_138' title='bbox 1199 1844 1361 1921; x_wconf 77' lang='grc' dir='ltr'>φόνον</span> <span class='ocrx_word' id='word_1_139' title='bbox 1389 1846 1467 1912; x_wconf 81' lang='grc' dir='ltr'><strong>τῷ</strong></span> <span class='ocrx_word' id='word_1_140' title='bbox 1499 1843 1602 1915; x_wconf 80' lang='grc' dir='ltr'>υίῷ</span> <span class='ocrx_word' id='word_1_141' title='bbox 1630 1847 1728 1897; x_wconf 89' lang='grc' dir='ltr'><strong>τοῦ</strong></span> <span class='ocrx_word' id='word_1_142' title='bbox 1751 1840 1934 1898; x_wconf 83' lang='grc' dir='ltr'>δεσπό-</span> 
     </span>
    </p>
   </div>
   <div class='ocr_carea' id='block_1_21' title="bbox 279 1928 1935 2007">
    <p class='ocr_par' dir='ltr' id='par_1_21' title="bbox 279 1928 1935 2007">
     <span class='ocr_line' id='line_1_21' title="bbox 279 1928 1935 2007; baseline 0.002 -23"><span class='ocrx_word' id='word_1_143' title='bbox 279 1950 387 1984; x_wconf 81' lang='grc' dir='ltr'><strong>του</strong></span> <span class='ocrx_word' id='word_1_144' title='bbox 448 1928 867 2006; x_wconf 81' lang='grc' dir='ltr'>ἐγκερασάμενοι</span> <span class='ocrx_word' id='word_1_145' title='bbox 899 1947 914 1962; x_wconf 77' lang='grc'><strong>⁸</strong></span> <span class='ocrx_word' id='word_1_146' title='bbox 974 1929 1064 1984; x_wconf 81' lang='grc' dir='ltr'><strong>καὶ</strong></span> <span class='ocrx_word' id='word_1_147' title='bbox 1124 1929 1382 2005; x_wconf 80' lang='grc' dir='ltr'>βασιλεὺς</span> <span class='ocrx_word' id='word_1_148' title='bbox 1437 1951 1508 2007; x_wconf 87' lang='grc' dir='ltr'><strong>γα</strong></span> <span class='ocrx_word' id='word_1_149' title='bbox 1564 1953 1655 1995; x_wconf 91' lang='grc' dir='ltr'><strong>ους</strong></span> <span class='ocrx_word' id='word_1_150' title='bbox 1702 1938 1781 2005; x_wconf 81' lang='grc' dir='ltr'><strong>τῷ</strong></span> <span class='ocrx_word' id='word_1_151' title='bbox 1831 1933 1935 2004; x_wconf 78' lang='grc' dir='ltr'>υίῷ</span> 
     </span>
    </p>
   </div>
   <div class='ocr_carea' id='block_1_22' title="bbox 282 2018 1933 2099">
    <p class='ocr_par' dir='ltr' id='par_1_22' title="bbox 282 2018 1933 2099">
     <span class='ocr_line' id='line_1_22' title="bbox 282 2018 1933 2099; baseline 0.003 -25"><span class='ocrx_word' id='word_1_152' title='bbox 282 2018 625 2083; x_wconf 81' lang='grc' dir='ltr'>πολυτελεῖς</span> <span class='ocrx_word' id='word_1_153' title='bbox 680 2019 939 2097; x_wconf 79' lang='grc' dir='ltr'>ἐνεργῶν,</span> <span class='ocrx_word' id='word_1_154' title='bbox 986 2020 1076 2075; x_wconf 81' lang='grc' dir='ltr'><strong>καὶ</strong></span> <span class='ocrx_word' id='word_1_155' title='bbox 1126 2018 1444 2094; x_wconf 87' lang='grc' dir='ltr'>δαιτυμόσιν</span> <span class='ocrx_word' id='word_1_156' title='bbox 1488 2022 1548 2077; x_wconf 88' lang='grc' dir='ltr'><strong>ἐκ</strong></span> <span class='ocrx_word' id='word_1_157' title='bbox 1594 2027 1691 2079; x_wconf 91' lang='grc' dir='ltr'><strong>τοῦ</strong></span> <span class='ocrx_word' id='word_1_158' title='bbox 1740 2020 1933 2099; x_wconf 81' lang='grc' dir='ltr'>σχεδὸν</span> 
     </span>
    </p>
   </div>
   <div class='ocr_carea' id='block_1_23' title="bbox 284 2109 1934 2185">
    <p class='ocr_par' dir='ltr' id='par_1_23' title="bbox 284 2109 1934 2185">
     <span class='ocr_line' id='line_1_23' title="bbox 284 2109 1934 2185; baseline 0.004 -21"><span class='ocrx_word' id='word_1_159' title='bbox 284 2111 675 2184; x_wconf 85' lang='grc' dir='ltr'>παρευρεθεῖσι</span> <span class='ocrx_word' id='word_1_160' title='bbox 734 2110 1159 2185; x_wconf 86' lang='grc' dir='ltr'>συνεστιώμενος</span> <span class='ocrx_word' id='word_1_161' title='bbox 1189 2127 1204 2142; x_wconf 79' lang='grc'><strong>⁸</strong></span> <span class='ocrx_word' id='word_1_162' title='bbox 1256 2109 1310 2166; x_wconf 78' lang='grc' dir='ltr'>α’ί</span> <span class='ocrx_word' id='word_1_163' title='bbox 1350 2131 1407 2166; x_wconf 89' lang='grc' dir='ltr'><strong>τε</strong></span> <span class='ocrx_word' id='word_1_164' title='bbox 1455 2110 1771 2168; x_wconf 86' lang='grc' dir='ltr'>πενταδικαὶ</span> <span class='ocrx_word' id='word_1_165' title='bbox 1827 2118 1934 2170; x_wconf 88' lang='grc' dir='ltr'><strong>τῶν</strong></span> 
     </span>
    </p>
   </div>
   <div class='ocr_carea' id='block_1_24' title="bbox 289 2198 1941 2277">
    <p class='ocr_par' dir='ltr' id='par_1_24' title="bbox 289 2198 1941 2277">
     <span class='ocr_line' id='line_1_24' title="bbox 289 2198 1941 2277; baseline 0.003 -24"><span class='ocrx_word' id='word_1_166' title='bbox 289 2198 588 2274; x_wconf 68' lang='grc' dir='ltr'>φρονίμων</span> <span class='ocrx_word' id='word_1_167' title='bbox 615 2199 706 2254; x_wconf 83' lang='grc' dir='ltr'><strong>καὶ</strong></span> <span class='ocrx_word' id='word_1_168' title='bbox 760 2203 959 2273; x_wconf 80' lang='grc' dir='ltr'>μωρῶν</span> <span class='ocrx_word' id='word_1_169' title='bbox 1008 2199 1286 2274; x_wconf 86' lang='grc' dir='ltr'>παρθένων</span> <span class='ocrx_word' id='word_1_170' title='bbox 1338 2199 1645 2275; x_wconf 86' lang='grc' dir='ltr'>λαμπάδες,</span> <span class='ocrx_word' id='word_1_171' title='bbox 1694 2203 1941 2277; x_wconf 78' lang='grc' dir='ltr'>ἡμμέναι</span> 
     </span>
    </p>
   </div>
   <div class='ocr_carea' id='block_1_25' title="bbox 286 2282 1941 2366">
    <p class='ocr_par' dir='ltr' id='par_1_25' title="bbox 286 2282 1941 2366">
     <span class='ocr_line' id='line_1_25' title="bbox 286 2282 1941 2366; baseline 0.003 -24"><span class='ocrx_word' id='word_1_172' title='bbox 286 2308 347 2342; x_wconf 91' lang='grc' dir='ltr'><strong>τε</strong></span> <span class='ocrx_word' id='word_1_173' title='bbox 392 2288 488 2342; x_wconf 84' lang='grc' dir='ltr'><strong>καὶ</strong></span> <span class='ocrx_word' id='word_1_174' title='bbox 517 2282 1020 2361; x_wconf 76' lang='grc' dir='ltr'>ἆποσϐεννύμεναι·</span> <span class='ocrx_word' id='word_1_175' title='bbox 1070 2289 1339 2361; x_wconf 84' lang='grc' dir='ltr'>δεσπότης</span> <span class='ocrx_word' id='word_1_176' title='bbox 1379 2290 1545 2366; x_wconf 87' lang='grc' dir='ltr'>τέχνῃ</span> <span class='ocrx_word' id='word_1_177' title='bbox 1594 2291 1773 2364; x_wconf 84' lang='grc' dir='ltr'>νέμων</span> <span class='ocrx_word' id='word_1_178' title='bbox 1823 2298 1941 2357; x_wconf 84' lang='grc' dir='ltr'>τοῖς</span> 
     </span>
    </p>
   </div>
   <div class='ocr_carea' id='block_1_26' title="bbox 288 2375 1939 2458">
    <p class='ocr_par' dir='ltr' id='par_1_26' title="bbox 288 2375 1939 2458">
     <span class='ocr_line' id='line_1_26' title="bbox 288 2375 1939 2458; baseline 0.004 -28"><span class='ocrx_word' id='word_1_179' title='bbox 288 2375 579 2455; x_wconf 69' lang='grc' dir='ltr'>σφετέροις</span> <span class='ocrx_word' id='word_1_180' title='bbox 637 2375 858 2439; x_wconf 87' lang='grc' dir='ltr'>δούλοις</span> <span class='ocrx_word' id='word_1_181' title='bbox 902 2376 970 2432; x_wconf 74' lang='grc' dir='ltr'><strong>τά</strong></span> <span class='ocrx_word' id='word_1_182' title='bbox 1015 2376 1272 2448; x_wconf 88' lang='grc' dir='ltr'>τάλαντα,</span> <span class='ocrx_word' id='word_1_183' title='bbox 1318 2379 1408 2434; x_wconf 77' lang='grc' dir='ltr'><strong>καὶ</strong></span> <span class='ocrx_word' id='word_1_184' title='bbox 1456 2381 1667 2454; x_wconf 77' lang='grc' dir='ltr'>ποιμὴν</span> <span class='ocrx_word' id='word_1_185' title='bbox 1714 2379 1939 2458; x_wconf 89' lang='grc' dir='ltr'>διαιρῶν</span> 
     </span>
    </p>
   </div>
   <div class='ocr_carea' id='block_1_27' title="bbox 288 2460 1936 2543">
    <p class='ocr_par' dir='ltr' id='par_1_27' title="bbox 288 2460 1936 2543">
     <span class='ocr_line' id='line_1_27' title="bbox 288 2460 1936 2543; baseline 0.003 -23"><span class='ocrx_word' id='word_1_186' title='bbox 288 2464 580 2540; x_wconf 79' lang='grc' dir='ltr'>ἐπιστήμῃ</span> <span class='ocrx_word' id='word_1_187' title='bbox 611 2466 681 2521; x_wconf 81' lang='grc' dir='ltr'><strong>τά</strong></span> <span class='ocrx_word' id='word_1_188' title='bbox 703 2460 950 2540; x_wconf 77' lang='grc' dir='ltr'>πρόϐατα</span> <span class='ocrx_word' id='word_1_189' title='bbox 980 2465 1040 2521; x_wconf 80' lang='grc' dir='ltr'><strong>ἐκ</strong></span> <span class='ocrx_word' id='word_1_190' title='bbox 1070 2464 1255 2540; x_wconf 80' lang='grc' dir='ltr'>δεξιῶν</span> <span class='ocrx_word' id='word_1_191' title='bbox 1280 2488 1338 2523; x_wconf 89' lang='grc' dir='ltr'><strong>τε</strong></span> <span class='ocrx_word' id='word_1_192' title='bbox 1384 2468 1474 2523; x_wconf 85' lang='grc' dir='ltr'><strong>καὶ</strong></span> <span class='ocrx_word' id='word_1_193' title='bbox 1522 2468 1572 2542; x_wconf 79' lang='grc' dir='ltr'>ἐξ</span> <span class='ocrx_word' id='word_1_194' title='bbox 1621 2468 1936 2543; x_wconf 81' lang='grc' dir='ltr'>εὐωνύμων.</span> 
     </span>
    </p>
   </div>
   <div class='ocr_carea' id='block_1_28' title="bbox 287 2554 1942 2632">
    <p class='ocr_par' dir='ltr' id='par_1_28' title="bbox 287 2554 1942 2632">
     <span class='ocr_line' id='line_1_28' title="bbox 287 2554 1942 2632; baseline 0.004 -24"><span class='ocrx_word' id='word_1_195' title='bbox 287 2554 504 2616; x_wconf 79' lang='grc' dir='ltr'>Ταύτας</span> <span class='ocrx_word' id='word_1_196' title='bbox 553 2557 648 2627; x_wconf 72' lang='grc' dir='ltr'>μὲν</span> <span class='ocrx_word' id='word_1_197' title='bbox 679 2555 707 2609; x_wconf 98' lang='lat'><strong>6</strong></span> <span class='ocrx_word' id='word_1_198' title='bbox 737 2557 1013 2617; x_wconf 83' lang='grc' dir='ltr'>Ματθαῖος</span> <span class='ocrx_word' id='word_1_199' title='bbox 1039 2574 1053 2588; x_wconf 82' lang='grc'><strong><em>⁸</em></strong></span> <span class='ocrx_word' id='word_1_200' title='bbox 1107 2557 1313 2632; x_wconf 82' lang='grc' dir='ltr'>Μάρκῳ</span> <span class='ocrx_word' id='word_1_201' title='bbox 1358 2554 1415 2611; x_wconf 75' lang='grc' dir='ltr'>δὲ</span> <span class='ocrx_word' id='word_1_202' title='bbox 1445 2555 1489 2612; x_wconf 90' lang='grc' dir='ltr'>δ’</span> <span class='ocrx_word' id='word_1_203' title='bbox 1522 2559 1660 2631; x_wconf 89' lang='grc' dir='ltr'>μόνα</span> <span class='ocrx_word' id='word_1_204' title='bbox 1706 2558 1766 2614; x_wconf 85' lang='grc' dir='ltr'><strong>ἐκ</strong></span> <span class='ocrx_word' id='word_1_205' title='bbox 1810 2560 1942 2614; x_wconf 87' lang='grc' dir='ltr'>τού-</span> 
     </span>
    </p>
   </div>
   <div class='ocr_carea' id='block_1_29' title="bbox 288 2642 1941 2720">
    <p class='ocr_par' dir='ltr' id='par_1_29' title="bbox 288 2642 1941 2720">
     <span class='ocr_line' id='line_1_29' title="bbox 288 2642 1941 2720; baseline 0.004 -23"><span class='ocrx_word' id='word_1_206' title='bbox 288 2664 408 2697; x_wconf 84' lang='grc' dir='ltr'><strong>των</strong></span> <span class='ocrx_word' id='word_1_207' title='bbox 442 2642 675 2713; x_wconf 76' lang='grc' dir='ltr'>ἐπῆλθεν</span> <span class='ocrx_word' id='word_1_208' title='bbox 725 2642 893 2698; x_wconf 77' lang='grc' dir='ltr'>εἷπεῖν</span> <span class='ocrx_word' id='word_1_209' title='bbox 920 2662 935 2676; x_wconf 86' lang='grc'><strong>·</strong></span> <span class='ocrx_word' id='word_1_210' title='bbox 972 2642 1168 2700; x_wconf 88' lang='grc' dir='ltr'>διττῶν</span> <span class='ocrx_word' id='word_1_211' title='bbox 1218 2646 1437 2720; x_wconf 87' lang='grc' dir='ltr'>σπόρων</span> <span class='ocrx_word' id='word_1_212' title='bbox 1482 2647 1581 2715; x_wconf 74' lang='grc' dir='ltr'><strong>τῆν</strong></span> <span class='ocrx_word' id='word_1_213' title='bbox 1613 2647 1797 2703; x_wconf 78' lang='grc' dir='ltr'>ἄνισον</span> <span class='ocrx_word' id='word_1_214' title='bbox 1844 2645 1941 2703; x_wconf 83' lang='grc' dir='ltr'>δό-</span> 
     </span>
    </p>
   </div>
   <div class='ocr_carea' id='block_1_30' title="bbox 293 2732 1944 2809">
    <p class='ocr_par' dir='ltr' id='par_1_30' title="bbox 293 2732 1944 2809">
     <span class='ocr_line' id='line_1_30' title="bbox 293 2732 1944 2809; baseline 0.004 -21"><span class='ocrx_word' id='word_1_215' title='bbox 293 2754 381 2788; x_wconf 87' lang='grc' dir='ltr'><strong>σιν</strong></span> <span class='ocrx_word' id='word_1_216' title='bbox 433 2739 535 2802; x_wconf 86' lang='grc' dir='ltr'><strong>τῆς</strong></span> <span class='ocrx_word' id='word_1_217' title='bbox 586 2732 880 2809; x_wconf 69' lang='grc' dir='ltr'><strong>εἰσφορᾶς⁸</strong></span> <span class='ocrx_word' id='word_1_218' title='bbox 934 2734 1023 2788; x_wconf 83' lang='grc' dir='ltr'><strong>καὶ</strong></span> <span class='ocrx_word' id='word_1_219' title='bbox 1079 2735 1186 2789; x_wconf 83' lang='grc' dir='ltr'><strong>τῶν</strong></span> <span class='ocrx_word' id='word_1_220' title='bbox 1235 2732 1434 2805; x_wconf 82' lang='grc' dir='ltr'>ἒκαπᾷν</span> <span class='ocrx_word' id='word_1_221' title='bbox 1484 2735 1549 2791; x_wconf 78' lang='grc' dir='ltr'><strong>τὰ</strong></span> <span class='ocrx_word' id='word_1_222' title='bbox 1590 2737 1798 2807; x_wconf 82' lang='grc' dir='ltr'>ζιζάνια</span> <span class='ocrx_word' id='word_1_223' title='bbox 1851 2739 1944 2794; x_wconf 88' lang='grc' dir='ltr'><strong>τὸν</strong></span> 
     </span>
    </p>
   </div>
   <div class='ocr_carea' id='block_1_31' title="bbox 295 2819 1944 2892">
    <p class='ocr_par' dir='ltr' id='par_1_31' title="bbox 295 2819 1944 2892">
     <span class='ocr_line' id='line_1_31' title="bbox 295 2819 1944 2892; baseline 0.003 -15"><span class='ocrx_word' id='word_1_224' title='bbox 295 2820 571 2892; x_wconf 82' lang='grc' dir='ltr'>δεσπότην</span> <span class='ocrx_word' id='word_1_225' title='bbox 624 2819 1082 2877; x_wconf 84' lang='grc' dir='ltr'>ἐκδυσωπούντων</span> <span class='ocrx_word' id='word_1_226' title='bbox 1120 2842 1132 2856; x_wconf 87' lang='grc'><strong>·</strong></span> <span class='ocrx_word' id='word_1_227' title='bbox 1194 2824 1257 2878; x_wconf 90' lang='grc' dir='ltr'><strong>τό</strong></span> <span class='ocrx_word' id='word_1_228' title='bbox 1304 2843 1362 2877; x_wconf 86' lang='grc' dir='ltr'><strong>τε</strong></span> <span class='ocrx_word' id='word_1_229' title='bbox 1416 2827 1514 2879; x_wconf 87' lang='grc' dir='ltr'><strong>τοῦ</strong></span> <span class='ocrx_word' id='word_1_230' title='bbox 1570 2825 1773 2890; x_wconf 91' lang='grc' dir='ltr'>νάπυος</span> <span class='ocrx_word' id='word_1_231' title='bbox 1829 2825 1944 2882; x_wconf 76' lang='grc' dir='ltr'>δέν-</span> 
     </span>
    </p>
   </div>
   <div class='ocr_carea' id='block_1_32' title="bbox 297 2909 1946 2993">
    <p class='ocr_par' dir='ltr' id='par_1_32' title="bbox 297 2909 1946 2993">
     <span class='ocr_line' id='line_1_32' title="bbox 297 2909 1946 2993; baseline 0.003 -26"><span class='ocrx_word' id='word_1_232' title='bbox 297 2909 469 2985; x_wconf 84' lang='grc' dir='ltr'>δρον·</span> <span class='ocrx_word' id='word_1_233' title='bbox 517 2911 608 2966; x_wconf 85' lang='grc' dir='ltr'><strong>καὶ</strong></span> <span class='ocrx_word' id='word_1_234' title='bbox 665 2912 711 2984; x_wconf 86' lang='grc' dir='ltr'>ᾧ</span> <span class='ocrx_word' id='word_1_235' title='bbox 758 2914 824 2981; x_wconf 72' lang='grc' dir='ltr'><strong>ἦν</strong></span> <span class='ocrx_word' id='word_1_236' title='bbox 873 2912 1136 2985; x_wconf 82' lang='grc' dir='ltr'>ἆμπελὼν</span> <span class='ocrx_word' id='word_1_237' title='bbox 1178 2912 1529 2988; x_wconf 86' lang='grc' dir='ltr'>κληρονόμος</span> <span class='ocrx_word' id='word_1_238' title='bbox 1576 2921 1755 2981; x_wconf 84' lang='grc' dir='ltr'>κακῶς</span> <span class='ocrx_word' id='word_1_239' title='bbox 1801 2918 1946 2993; x_wconf 80' lang='grc' dir='ltr'>παρᾶ</span> 
     </span>
    </p>
   </div>
   <div class='ocr_carea' id='block_1_33' title="bbox 299 2998 1947 3071">
    <p class='ocr_par' dir='ltr' id='par_1_33' title="bbox 299 2998 1947 3071">
     <span class='ocr_line' id='line_1_33' title="bbox 299 2998 1947 3071; baseline 0.004 -14"><span class='ocrx_word' id='word_1_240' title='bbox 299 3006 415 3057; x_wconf 81' lang='grc' dir='ltr'><strong>τῶν</strong></span> <span class='ocrx_word' id='word_1_241' title='bbox 467 2998 681 3056; x_wconf 86' lang='grc' dir='ltr'>δούλων</span> <span class='ocrx_word' id='word_1_242' title='bbox 728 3003 928 3058; x_wconf 87' lang='grc' dir='ltr'>θανών.</span> <span class='ocrx_word' id='word_1_243' title='bbox 958 3002 1017 3057; x_wconf 79' lang='grc' dir='ltr'>Ὀ</span> <span class='ocrx_word' id='word_1_244' title='bbox 1050 2999 1095 3057; x_wconf 90' lang='grc' dir='ltr'>δ’</span> <span class='ocrx_word' id='word_1_245' title='bbox 1128 3000 1193 3057; x_wconf 85' lang='grc' dir='ltr'><strong>αῦ</strong></span> <span class='ocrx_word' id='word_1_246' title='bbox 1240 3004 1381 3066; x_wconf 82' lang='grc' dir='ltr'>θεῖος</span> <span class='ocrx_word' id='word_1_247' title='bbox 1428 3011 1637 3069; x_wconf 77' lang='grc' dir='ltr'>Λουκᾶς</span> <span class='ocrx_word' id='word_1_248' title='bbox 1691 3005 1947 3071; x_wconf 85' lang='grc' dir='ltr'>πλείστας</span> 
     </span>
    </p>
   </div>
   <div class='ocr_carea' id='block_1_34' title="bbox 307 3090 1946 3168">
    <p class='ocr_par' dir='ltr' id='par_1_34' title="bbox 307 3090 1946 3168">
     <span class='ocr_line' id='line_1_34' title="bbox 307 3090 1946 3168; baseline 0.004 -21"><span class='ocrx_word' id='word_1_249' title='bbox 307 3093 411 3165; x_wconf 69' lang='grc' dir='ltr'>μὲν</span> <span class='ocrx_word' id='word_1_250' title='bbox 444 3092 784 3167; x_wconf 70' lang='grc' dir='ltr'>συγγράφει·</span> <span class='ocrx_word' id='word_1_251' title='bbox 828 3090 920 3147; x_wconf 80' lang='grc' dir='ltr'>σὺν</span> <span class='ocrx_word' id='word_1_252' title='bbox 952 3090 1150 3155; x_wconf 76' lang='grc' dir='ltr'>ἄλλαις</span> <span class='ocrx_word' id='word_1_253' title='bbox 1201 3092 1257 3149; x_wconf 72' lang='grc' dir='ltr'>δὲ</span> <span class='ocrx_word' id='word_1_254' title='bbox 1296 3096 1384 3148; x_wconf 77' lang='grc' dir='ltr'><strong>καὶ</strong></span> <span class='ocrx_word' id='word_1_255' title='bbox 1436 3100 1632 3161; x_wconf 83' lang='grc' dir='ltr'>ταῦτας</span> <span class='ocrx_word' id='word_1_256' title='bbox 1679 3096 1946 3168; x_wconf 82' lang='grc' dir='ltr'>ἐκτίθησι.</span> 
     </span>
    </p>
   </div>
   <div class='ocr_carea' id='block_1_35' title="bbox 299 3179 1947 3258">
    <p class='ocr_par' dir='ltr' id='par_1_35' title="bbox 299 3179 1947 3258">
     <span class='ocr_line' id='line_1_35' title="bbox 299 3179 1947 3258; baseline 0.005 -22"><span class='ocrx_word' id='word_1_257' title='bbox 299 3184 557 3254; x_wconf 83' lang='grc' dir='ltr'>Πρῶτον,</span> <span class='ocrx_word' id='word_1_258' title='bbox 607 3181 668 3243; x_wconf 72' lang='grc' dir='ltr'><strong>’ὸς</strong></span> <span class='ocrx_word' id='word_1_259' title='bbox 715 3180 869 3235; x_wconf 74' lang='grc' dir='ltr'>οἶκον</span> <span class='ocrx_word' id='word_1_260' title='bbox 916 3179 1005 3237; x_wconf 78' lang='grc' dir='ltr'><strong>ἐπὶ</strong></span> <span class='ocrx_word' id='word_1_261' title='bbox 1054 3182 1252 3253; x_wconf 78' lang='grc' dir='ltr'>πέτρας</span> <span class='ocrx_word' id='word_1_262' title='bbox 1304 3181 1517 3258; x_wconf 80' lang='grc' dir='ltr'>ἐρείδει,</span> <span class='ocrx_word' id='word_1_263' title='bbox 1567 3187 1656 3240; x_wconf 79' lang='grc' dir='ltr'><strong>καὶ</strong></span> <span class='ocrx_word' id='word_1_264' title='bbox 1708 3188 1812 3243; x_wconf 83' lang='grc' dir='ltr'>οὐκ</span> <span class='ocrx_word' id='word_1_265' title='bbox 1860 3187 1947 3244; x_wconf 80' lang='grc' dir='ltr'><strong>ἐπὶ</strong></span> 
     </span>
    </p>
   </div>
   <div class='ocr_carea' id='block_1_36' title="bbox 298 3268 1946 3348">
    <p class='ocr_par' dir='ltr' id='par_1_36' title="bbox 298 3268 1946 3348">
     <span class='ocr_line' id='line_1_36' title="bbox 298 3268 1946 3348; baseline 0.006 -26"><span class='ocrx_word' id='word_1_266' title='bbox 298 3270 541 3342; x_wconf 74' lang='grc' dir='ltr'>ψάμμου</span> <span class='ocrx_word' id='word_1_267' title='bbox 590 3271 827 3344; x_wconf 76' lang='grc' dir='ltr'>πήγνυσι</span> <span class='ocrx_word' id='word_1_268' title='bbox 882 3271 949 3326; x_wconf 78' lang='grc' dir='ltr'><strong>τά</strong></span> <span class='ocrx_word' id='word_1_269' title='bbox 996 3268 1258 3343; x_wconf 84' lang='grc' dir='ltr'>θεμέλια’</span> <span class='ocrx_word' id='word_1_270' title='bbox 1292 3273 1320 3328; x_wconf 91' lang='lat'><strong>6</strong></span> <span class='ocrx_word' id='word_1_271' title='bbox 1351 3274 1522 3329; x_wconf 90' lang='grc' dir='ltr'>ποιλά</span> <span class='ocrx_word' id='word_1_272' title='bbox 1549 3296 1607 3331; x_wconf 91' lang='grc' dir='ltr'><strong>τε</strong></span> <span class='ocrx_word' id='word_1_273' title='bbox 1635 3278 1820 3332; x_wconf 87' lang='grc' dir='ltr'>παθὼν</span> <span class='ocrx_word' id='word_1_274' title='bbox 1869 3276 1946 3348; x_wconf 75' lang='grc' dir='ltr'>εὖ,</span> 
     </span>
    </p>
   </div>
   <div class='ocr_carea' id='block_1_37' title="bbox 299 3356 1945 3444">
    <p class='ocr_par' dir='ltr' id='par_1_37' title="bbox 299 3356 1945 3444">
     <span class='ocr_line' id='line_1_37' title="bbox 299 3356 1945 3444; baseline 0.005 -31"><span class='ocrx_word' id='word_1_275' title='bbox 299 3358 396 3413; x_wconf 82' lang='grc' dir='ltr'><strong>καὶ</strong></span> <span class='ocrx_word' id='word_1_276' title='bbox 429 3358 642 3432; x_wconf 68' lang='grc' dir='ltr'>ἀφεθεὶς</span> <span class='ocrx_word' id='word_1_277' title='bbox 683 3358 901 3431; x_wconf 84' lang='grc' dir='ltr'>μείζονα</span> <span class='ocrx_word' id='word_1_278' title='bbox 941 3363 1020 3431; x_wconf 81' lang='grc' dir='ltr'><strong>τῷ</strong></span> <span class='ocrx_word' id='word_1_279' title='bbox 1062 3357 1294 3436; x_wconf 81' lang='grc' dir='ltr'>δεσπότῃ</span> <span class='ocrx_word' id='word_1_280' title='bbox 1322 3382 1335 3395; x_wconf 92' lang='grc'><strong>·</strong></span> <span class='ocrx_word' id='word_1_281' title='bbox 1380 3356 1526 3418; x_wconf 79' lang='grc' dir='ltr'>ἔνθεν</span> <span class='ocrx_word' id='word_1_282' title='bbox 1573 3365 1661 3419; x_wconf 82' lang='grc' dir='ltr'><strong>καὶ</strong></span> <span class='ocrx_word' id='word_1_283' title='bbox 1710 3365 1945 3444; x_wconf 72' lang='grc' dir='ltr'>ὀφείλων</span> 
     </span>
    </p>
   </div>
   <div class='ocr_carea' id='block_1_38' title="bbox 300 3446 1945 3527">
    <p class='ocr_par' dir='ltr' id='par_1_38' title="bbox 300 3446 1945 3527">
     <span class='ocr_line' id='line_1_38' title="bbox 300 3446 1945 3527; baseline 0.005 -24"><span class='ocrx_word' id='word_1_284' title='bbox 300 3446 484 3503; x_wconf 87' lang='grc' dir='ltr'>πλείω</span> <span class='ocrx_word' id='word_1_285' title='bbox 529 3446 745 3524; x_wconf 71' lang='grc' dir='ltr'><strong>φιλεῖν⁸</strong></span> <span class='ocrx_word' id='word_1_286' title='bbox 779 3447 808 3503; x_wconf 85' lang='lat'>6&#39;</span> <span class='ocrx_word' id='word_1_287' title='bbox 836 3470 893 3503; x_wconf 88' lang='grc' dir='ltr'><strong>τε</strong></span> <span class='ocrx_word' id='word_1_288' title='bbox 942 3451 1247 3523; x_wconf 81' lang='grc' dir='ltr'>περιπεσὼν</span> <span class='ocrx_word' id='word_1_289' title='bbox 1295 3456 1411 3515; x_wconf 85' lang='grc' dir='ltr'>τοῖς</span> <span class='ocrx_word' id='word_1_290' title='bbox 1458 3452 1687 3527; x_wconf 80' lang='grc' dir='ltr'>λῃσταῖς</span> <span class='ocrx_word' id='word_1_291' title='bbox 1738 3452 1945 3524; x_wconf 74' lang='grc' dir='ltr'>ὁδίτης,</span> 
     </span>
    </p>
   </div>
   <div class='ocr_carea' id='block_1_39' title="bbox 300 3536 1945 3617">
    <p class='ocr_par' dir='ltr' id='par_1_39' title="bbox 300 3536 1945 3617">
     <span class='ocr_line' id='line_1_39' title="bbox 300 3536 1945 3617; baseline 0.007 -28"><span class='ocrx_word' id='word_1_292' title='bbox 300 3537 395 3590; x_wconf 85' lang='grc' dir='ltr'><strong>καὶ</strong></span> <span class='ocrx_word' id='word_1_293' title='bbox 438 3540 519 3607; x_wconf 80' lang='grc' dir='ltr'><strong>τῶ</strong></span> <span class='ocrx_word' id='word_1_294' title='bbox 565 3536 879 3612; x_wconf 82' lang='grc' dir='ltr'>Σαμαρείτῃ</span> <span class='ocrx_word' id='word_1_295' title='bbox 938 3540 1005 3592; x_wconf 79' lang='grc' dir='ltr'>τὰ</span> <span class='ocrx_word' id='word_1_296' title='bbox 1060 3546 1159 3608; x_wconf 84' lang='grc' dir='ltr'><strong>τῆς</strong></span> <span class='ocrx_word' id='word_1_297' title='bbox 1215 3539 1534 3613; x_wconf 84' lang='grc' dir='ltr'>ἐπιμελείας</span> <span class='ocrx_word' id='word_1_298' title='bbox 1586 3545 1945 3617; x_wconf 82' lang='grc' dir='ltr'>κτησάμενος.</span> 
     </span>
    </p>
   </div>
   <div class='ocr_carea' id='block_1_40' title="bbox 304 3623 1949 3711">
    <p class='ocr_par' dir='ltr' id='par_1_40' title="bbox 304 3623 1949 3711">
     <span class='ocr_line' id='line_1_40' title="bbox 304 3623 1949 3711; baseline 0.005 -31"><span class='ocrx_word' id='word_1_299' title='bbox 304 3626 453 3698; x_wconf 82' lang='grc' dir='ltr'>Πρὸς</span> <span class='ocrx_word' id='word_1_300' title='bbox 503 3623 561 3680; x_wconf 78' lang='grc' dir='ltr'>δὶ</span> <span class='ocrx_word' id='word_1_301' title='bbox 591 3625 619 3679; x_wconf 93' lang='lat'><strong>6</strong></span> <span class='ocrx_word' id='word_1_302' title='bbox 650 3625 872 3701; x_wconf 71' lang='grc' dir='ltr'>ἀκαιρία</span> <span class='ocrx_word' id='word_1_303' title='bbox 924 3629 1018 3700; x_wconf 76' lang='grc' dir='ltr'>μὲν</span> <span class='ocrx_word' id='word_1_304' title='bbox 1064 3630 1254 3691; x_wconf 85' lang='grc' dir='ltr'>νυκτὸς</span> <span class='ocrx_word' id='word_1_305' title='bbox 1286 3631 1549 3702; x_wconf 86' lang='grc' dir='ltr'>προσιὼν,</span> <span class='ocrx_word' id='word_1_306' title='bbox 1597 3635 1685 3688; x_wconf 83' lang='grc' dir='ltr'><strong>καὶ</strong></span> <span class='ocrx_word' id='word_1_307' title='bbox 1735 3636 1802 3709; x_wconf 78' lang='grc' dir='ltr'><strong>τῇ</strong></span> <span class='ocrx_word' id='word_1_308' title='bbox 1858 3634 1949 3711; x_wconf 77' lang='grc' dir='ltr'><strong>βίᾳ</strong></span> 
     </span>
    </p>
   </div>
   <div class='ocr_carea' id='block_1_41' title="bbox 304 3712 1951 3797">
    <p class='ocr_par' dir='ltr' id='par_1_41' title="bbox 304 3712 1951 3797">
     <span class='ocr_line' id='line_1_41' title="bbox 304 3712 1951 3797; baseline 0.005 -26"><span class='ocrx_word' id='word_1_309' title='bbox 304 3712 648 3787; x_wconf 75' lang='grc' dir='ltr'>λαμϐάνων·</span> <span class='ocrx_word' id='word_1_310' title='bbox 708 3717 890 3790; x_wconf 76' lang='grc' dir='ltr'>πατήρ</span> <span class='ocrx_word' id='word_1_311' title='bbox 939 3738 997 3771; x_wconf 90' lang='grc' dir='ltr'><strong>τε</strong></span> <span class='ocrx_word' id='word_1_312' title='bbox 1044 3718 1357 3791; x_wconf 75' lang='grc' dir='ltr'>βιαζομένῳ</span> <span class='ocrx_word' id='word_1_313' title='bbox 1405 3718 1558 3775; x_wconf 89' lang='grc' dir='ltr'>παιδί</span> <span class='ocrx_word' id='word_1_314' title='bbox 1611 3723 1688 3793; x_wconf 83' lang='grc' dir='ltr'>μὴ</span> <span class='ocrx_word' id='word_1_315' title='bbox 1735 3724 1951 3797; x_wconf 82' lang='grc' dir='ltr'>πονηρᾶ</span> 
     </span>
    </p>
   </div>
   <div class='ocr_carea' id='block_1_42' title="bbox 305 3801 1950 3883">
    <p class='ocr_par' dir='ltr' id='par_1_42' title="bbox 305 3801 1950 3883">
     <span class='ocr_line' id='line_1_42' title="bbox 305 3801 1950 3883; baseline 0.007 -26"><span class='ocrx_word' id='word_1_316' title='bbox 305 3804 515 3877; x_wconf 80' lang='grc' dir='ltr'>νέμων,</span> <span class='ocrx_word' id='word_1_317' title='bbox 566 3801 717 3859; x_wconf 87' lang='grc' dir='ltr'>λίθον</span> <span class='ocrx_word' id='word_1_318' title='bbox 775 3803 991 3875; x_wconf 84' lang='grc' dir='ltr'>δηλαδή</span> <span class='ocrx_word' id='word_1_319' title='bbox 1060 3806 1150 3861; x_wconf 76' lang='grc' dir='ltr'><strong>καὶ</strong></span> <span class='ocrx_word' id='word_1_320' title='bbox 1218 3808 1476 3879; x_wconf 87' lang='grc' dir='ltr'>σκορπίον</span> <span class='ocrx_word' id='word_1_321' title='bbox 1513 3831 1526 3844; x_wconf 91' lang='grc'><strong>·</strong></span> <span class='ocrx_word' id='word_1_322' title='bbox 1593 3812 1833 3883; x_wconf 82' lang='grc' dir='ltr'>πονηρόν</span> <span class='ocrx_word' id='word_1_323' title='bbox 1891 3835 1950 3868; x_wconf 91' lang='grc' dir='ltr'><strong>τε</strong></span> 
     </span>
    </p>
   </div>
   <div class='ocr_carea' id='block_1_43' title="bbox 308 3893 1952 3974">
    <p class='ocr_par' dir='ltr' id='par_1_43' title="bbox 308 3893 1952 3974">
     <span class='ocr_line' id='line_1_43' title="bbox 308 3893 1952 3974; baseline 0.005 -27"><span class='ocrx_word' id='word_1_324' title='bbox 308 3896 521 3965; x_wconf 83' lang='grc' dir='ltr'>πνεῦμα</span> <span class='ocrx_word' id='word_1_325' title='bbox 562 3893 625 3947; x_wconf 84' lang='grc' dir='ltr'>τὸ</span> <span class='ocrx_word' id='word_1_326' title='bbox 674 3896 1056 3969; x_wconf 78' lang='grc' dir='ltr'>σεσαρωμένην</span> <span class='ocrx_word' id='word_1_327' title='bbox 1104 3896 1203 3964; x_wconf 82' lang='grc' dir='ltr'><strong>τῆν</strong></span> <span class='ocrx_word' id='word_1_328' title='bbox 1254 3897 1425 3952; x_wconf 78' lang='grc' dir='ltr'>οἰκίαν</span> <span class='ocrx_word' id='word_1_329' title='bbox 1478 3898 1653 3974; x_wconf 83' lang='grc' dir='ltr'>εὑρὸν,</span> <span class='ocrx_word' id='word_1_330' title='bbox 1697 3902 1787 3955; x_wconf 83' lang='grc' dir='ltr'>καὶ</span> <span class='ocrx_word' id='word_1_331' title='bbox 1834 3902 1952 3973; x_wconf 85' lang='grc' dir='ltr'>μεθ’</span> 
     </span>
    </p>
   </div>
   <div class='ocr_carea' id='block_1_44' title="bbox 307 3982 1951 4064">
    <p class='ocr_par' dir='ltr' id='par_1_44' title="bbox 307 3982 1951 4064">
     <span class='ocr_line' id='line_1_44' title="bbox 307 3982 1951 4064; baseline 0.006 -28"><span class='ocrx_word' id='word_1_332' title='bbox 307 3982 511 4056; x_wconf 66' lang='grc' dir='ltr'>ἑτέρων</span> <span class='ocrx_word' id='word_1_333' title='bbox 544 3988 585 4052; x_wconf 85' lang='grc' dir='ltr'><strong>ζ’</strong></span> <span class='ocrx_word' id='word_1_334' title='bbox 615 3982 1134 4059; x_wconf 85' lang='grc' dir='ltr'>ἐπεισοικιζόμενον,</span> <span class='ocrx_word' id='word_1_335' title='bbox 1186 3987 1274 4041; x_wconf 80' lang='grc' dir='ltr'><strong>καὶ</strong></span> <span class='ocrx_word' id='word_1_336' title='bbox 1324 3988 1548 4064; x_wconf 84' lang='grc' dir='ltr'>χείρονα</span> <span class='ocrx_word' id='word_1_337' title='bbox 1590 3993 1698 4044; x_wconf 89' lang='grc' dir='ltr'><strong>τῶν</strong></span> <span class='ocrx_word' id='word_1_338' title='bbox 1746 3987 1951 4064; x_wconf 81' lang='grc' dir='ltr'>προτέ-</span> 
     </span>
    </p>
   </div>
   <div class='ocr_carea' id='block_1_45' title="bbox 312 4070 1953 4148">
    <p class='ocr_par' dir='ltr' id='par_1_45' title="bbox 312 4070 1953 4148">
     <span class='ocr_line' id='line_1_45' title="bbox 312 4070 1953 4148; baseline 0.005 -22"><span class='ocrx_word' id='word_1_339' title='bbox 312 4092 423 4148; x_wconf 89' lang='grc' dir='ltr'><strong>ρων</strong></span> <span class='ocrx_word' id='word_1_340' title='bbox 478 4070 964 4146; x_wconf 85' lang='grc' dir='ltr'>διαπραττόμενον.</span> <span class='ocrx_word' id='word_1_341' title='bbox 1009 4074 1209 4129; x_wconf 87' lang='grc' dir='ltr'>Σκόπει</span> <span class='ocrx_word' id='word_1_342' title='bbox 1268 4073 1325 4130; x_wconf 82' lang='grc' dir='ltr'>δὲ</span> <span class='ocrx_word' id='word_1_343' title='bbox 1370 4078 1460 4130; x_wconf 83' lang='grc' dir='ltr'>καί</span> <span class='ocrx_word' id='word_1_344' title='bbox 1507 4077 1599 4132; x_wconf 87' lang='grc' dir='ltr'><strong>τὸν</strong></span> <span class='ocrx_word' id='word_1_345' title='bbox 1646 4077 1841 4133; x_wconf 88' lang='grc' dir='ltr'>δοῦλον</span> <span class='ocrx_word' id='word_1_346' title='bbox 1894 4077 1953 4135; x_wconf 85' lang='grc' dir='ltr'><strong>ἐκ</strong></span> 
     </span>
    </p>
   </div>
   <div class='ocr_carea' id='block_1_46' title="bbox 310 4160 1951 4242">
    <p class='ocr_par' dir='ltr' id='par_1_46' title="bbox 310 4160 1951 4242">
     <span class='ocr_line' id='line_1_46' title="bbox 310 4160 1951 4242; baseline 0.006 -27"><span class='ocrx_word' id='word_1_347' title='bbox 310 4163 495 4236; x_wconf 88' lang='grc' dir='ltr'>γάμου</span> <span class='ocrx_word' id='word_1_348' title='bbox 560 4163 653 4217; x_wconf 87' lang='grc' dir='ltr'>τὸν</span> <span class='ocrx_word' id='word_1_349' title='bbox 729 4160 997 4234; x_wconf 89' lang='grc' dir='ltr'>δεσπότην</span> <span class='ocrx_word' id='word_1_350' title='bbox 1066 4162 1403 4236; x_wconf 76' lang='grc' dir='ltr'>ἐπανήκοντα</span> <span class='ocrx_word' id='word_1_351' title='bbox 1466 4164 1951 4242; x_wconf 86' lang='grc' dir='ltr'>προσδεχόμενον.</span> 
     </span>
    </p>
   </div>
   <div class='ocr_carea' id='block_1_47' title="bbox 311 4253 1954 4334">
    <p class='ocr_par' dir='ltr' id='par_1_47' title="bbox 311 4253 1954 4334">
     <span class='ocr_line' id='line_1_47' title="bbox 311 4253 1954 4334; baseline 0.005 -28"><span class='ocrx_word' id='word_1_352' title='bbox 311 4253 403 4307; x_wconf 69' lang='grc' dir='ltr'><strong>καὶ</strong></span> <span class='ocrx_word' id='word_1_353' title='bbox 456 4259 624 4322; x_wconf 85' lang='grc' dir='ltr'>συκῆν</span> <span class='ocrx_word' id='word_1_354' title='bbox 670 4254 874 4327; x_wconf 83' lang='grc' dir='ltr'>κόπρον</span> <span class='ocrx_word' id='word_1_355' title='bbox 926 4258 1290 4329; x_wconf 80' lang='grc' dir='ltr'>προσιεμένην</span> <span class='ocrx_word' id='word_1_356' title='bbox 1322 4254 1375 4319; x_wconf 80' lang='grc' dir='ltr'>ἒς</span> <span class='ocrx_word' id='word_1_357' title='bbox 1404 4258 1588 4332; x_wconf 87' lang='grc' dir='ltr'>τρίτον</span> <span class='ocrx_word' id='word_1_358' title='bbox 1635 4254 1775 4330; x_wconf 84' lang='grc' dir='ltr'>ἔτος,</span> <span class='ocrx_word' id='word_1_359' title='bbox 1817 4280 1954 4334; x_wconf 89' lang='grc' dir='ltr'>καρ-</span> 
     </span>
    </p>
   </div>
   <div class='ocr_carea' id='block_1_48' title="bbox 314 4339 1952 4422">
    <p class='ocr_par' dir='ltr' id='par_1_48' title="bbox 314 4339 1952 4422">
     <span class='ocr_line' id='line_1_48' title="bbox 314 4339 1952 4422; baseline 0.005 -27"><span class='ocrx_word' id='word_1_360' title='bbox 314 4340 421 4396; x_wconf 79' lang='grc' dir='ltr'><strong>ποῦ</strong></span> <span class='ocrx_word' id='word_1_361' title='bbox 473 4339 531 4396; x_wconf 68' lang='grc' dir='ltr'>δὲ</span> <span class='ocrx_word' id='word_1_362' title='bbox 581 4344 803 4418; x_wconf 76' lang='grc' dir='ltr'>στρήσει</span> <span class='ocrx_word' id='word_1_363' title='bbox 852 4341 1257 4419; x_wconf 80' lang='grc' dir='ltr'>ἐκκοπτομέντ,ν</span> <span class='ocrx_word' id='word_1_364' title='bbox 1304 4346 1383 4419; x_wconf 72' lang='grc' dir='ltr'>τῷ</span> <span class='ocrx_word' id='word_1_365' title='bbox 1430 4352 1681 4422; x_wconf 80' lang='grc' dir='ltr'>γεωργῶ.</span> <span class='ocrx_word' id='word_1_366' title='bbox 1738 4347 1952 4420; x_wconf 75' lang='grc' dir='ltr'>’Ἄλλην</span> 
     </span>
    </p>
   </div>
   <div class='ocr_carea' id='block_1_49' title="bbox 315 4428 1958 4512">
    <p class='ocr_par' dir='ltr' id='par_1_49' title="bbox 315 4428 1958 4512">
     <span class='ocr_line' id='line_1_49' title="bbox 315 4428 1958 4512; baseline 0.006 -27"><span class='ocrx_word' id='word_1_367' title='bbox 315 4428 469 4493; x_wconf 76' lang='grc' dir='ltr'>αὖθις</span> <span class='ocrx_word' id='word_1_368' title='bbox 533 4438 701 4501; x_wconf 88' lang='grc' dir='ltr'>συκῆν</span> <span class='ocrx_word' id='word_1_369' title='bbox 766 4432 1006 4508; x_wconf 79' lang='grc' dir='ltr'>ἀκαρπίᾳ</span> <span class='ocrx_word' id='word_1_370' title='bbox 1098 4435 1517 4509; x_wconf 78' lang='grc' dir='ltr'>ξηραινομένην.</span> <span class='ocrx_word' id='word_1_371' title='bbox 1584 4439 1834 4512; x_wconf 85' lang='grc' dir='ltr'>Σαροῦσά</span> <span class='ocrx_word' id='word_1_372' title='bbox 1897 4460 1958 4495; x_wconf 89' lang='grc' dir='ltr'><strong>τε</strong></span> 
     </span>
    </p>
   </div>
   <div class='ocr_carea' id='block_1_50' title="bbox 312 4520 1958 4601">
    <p class='ocr_par' dir='ltr' id='par_1_50' title="bbox 312 4520 1958 4601">
     <span class='ocr_line' id='line_1_50' title="bbox 312 4520 1958 4601; baseline 0.005 -27"><span class='ocrx_word' id='word_1_373' title='bbox 312 4523 415 4591; x_wconf 81' lang='grc' dir='ltr'><strong>τήν</strong></span> <span class='ocrx_word' id='word_1_374' title='bbox 448 4520 626 4575; x_wconf 83' lang='grc' dir='ltr'>οίκίαν</span> <span class='ocrx_word' id='word_1_375' title='bbox 666 4522 823 4596; x_wconf 80' lang='grc' dir='ltr'>γυνὴ,</span> <span class='ocrx_word' id='word_1_376' title='bbox 874 4522 962 4577; x_wconf 81' lang='grc' dir='ltr'><strong>καὶ</strong></span> <span class='ocrx_word' id='word_1_377' title='bbox 1012 4526 1082 4596; x_wconf 85' lang='grc' dir='ltr'><strong>τῇ</strong></span> <span class='ocrx_word' id='word_1_378' title='bbox 1129 4530 1230 4593; x_wconf 87' lang='grc' dir='ltr'><strong>τῆς</strong></span> <span class='ocrx_word' id='word_1_379' title='bbox 1280 4521 1537 4601; x_wconf 77' lang='grc' dir='ltr'>δραχμῆς</span> <span class='ocrx_word' id='word_1_380' title='bbox 1590 4528 1818 4601; x_wconf 75' lang='grc' dir='ltr'>εὑρέσει,</span> <span class='ocrx_word' id='word_1_381' title='bbox 1863 4530 1958 4591; x_wconf 73' lang='grc' dir='ltr'><strong>τὰς</strong></span> 
     </span>
    </p>
   </div>
   <div class='ocr_carea' id='block_1_51' title="bbox 2033 586 3679 659">
    <p class='ocr_par' dir='ltr' id='par_1_51' title="bbox 2033 586 3679 659">
     <span class='ocr_line' id='line_1_51' title="bbox 2033 586 3679 659; baseline -0.001 -15"><span class='ocrx_word' id='word_1_382' title='bbox 2033 588 2165 645; x_wconf 88' lang='lat' dir='ltr'><strong>bola</strong></span> <span class='ocrx_word' id='word_1_383' title='bbox 2204 592 2315 657; x_wconf 90' lang='lat' dir='ltr'><strong>est,</strong></span> <span class='ocrx_word' id='word_1_384' title='bbox 2356 602 2580 653; x_wconf 91' lang='lat' dir='ltr'><strong>semen,</strong></span> <span class='ocrx_word' id='word_1_385' title='bbox 2614 603 2716 659; x_wconf 90' lang='lat' dir='ltr'><strong>pro</strong></span> <span class='ocrx_word' id='word_1_386' title='bbox 2772 603 2839 643; x_wconf 91' lang='lat' dir='ltr'><strong>eo</strong></span> <span class='ocrx_word' id='word_1_387' title='bbox 2870 591 3048 658; x_wconf 90' lang='lat' dir='ltr'><strong>atque</strong></span> <span class='ocrx_word' id='word_1_388' title='bbox 3080 586 3342 655; x_wconf 88' lang='lat' dir='ltr'><strong>decebat,</strong></span> <span class='ocrx_word' id='word_1_389' title='bbox 3376 586 3434 643; x_wconf 90' lang='lat' dir='ltr'><strong>in</strong></span> <span class='ocrx_word' id='word_1_390' title='bbox 3467 591 3679 644; x_wconf 87' lang='lat' dir='ltr'><strong>terram</strong></span> 
     </span>
    </p>
   </div>
   <div class='ocr_carea' id='block_1_52' title="bbox 2034 675 3680 749">
    <p class='ocr_par' dir='ltr' id='par_1_52' title="bbox 2034 675 3680 749">
     <span class='ocr_line' id='line_1_52' title="bbox 2034 675 3680 749; baseline -0.001 -16"><span class='ocrx_word' id='word_1_391' title='bbox 2034 678 2264 746; x_wconf 84' lang='lat' dir='ltr'><strong>cadens,</strong></span> <span class='ocrx_word' id='word_1_392' title='bbox 2332 678 2544 749; x_wconf 82' lang='lat' dir='ltr'><strong>partim</strong></span> <span class='ocrx_word' id='word_1_393' title='bbox 2613 675 3028 749; x_wconf 88' lang='lat' dir='ltr'><strong>trigecuplum,</strong></span> <span class='ocrx_word' id='word_1_394' title='bbox 3087 677 3298 747; x_wconf 81' lang='lat' dir='ltr'><strong>partim</strong></span> <span class='ocrx_word' id='word_1_395' title='bbox 3365 691 3680 749; x_wconf 85' lang='lat' dir='ltr'><strong>sexagecu-</strong></span> 
     </span>
    </p>
   </div>
   <div class='ocr_carea' id='block_1_53' title="bbox 2034 766 3680 839">
    <p class='ocr_par' dir='ltr' id='par_1_53' title="bbox 2034 766 3680 839">
     <span class='ocr_line' id='line_1_53' title="bbox 2034 766 3680 839; baseline 0 -18"><span class='ocrx_word' id='word_1_396' title='bbox 2034 769 2217 839; x_wconf 90' lang='lat' dir='ltr'><strong>plum,</strong></span> <span class='ocrx_word' id='word_1_397' title='bbox 2236 772 2412 839; x_wconf 85' lang='lat' dir='ltr'><strong>atque</strong></span> <span class='ocrx_word' id='word_1_398' title='bbox 2436 768 2614 823; x_wconf 88' lang='lat' dir='ltr'><strong>etiam</strong></span> <span class='ocrx_word' id='word_1_399' title='bbox 2647 766 2983 837; x_wconf 83' lang='lat' dir='ltr'><strong>centuplum</strong></span> <span class='ocrx_word' id='word_1_400' title='bbox 3006 766 3363 837; x_wconf 82' lang='lat' dir='ltr'><strong>germinans.</strong></span> <span class='ocrx_word' id='word_1_401' title='bbox 3388 766 3680 835; x_wconf 89' lang='lat' dir='ltr'><strong>Secunda,</strong></span> 
     </span>
    </p>
   </div>
   <div class='ocr_carea' id='block_1_54' title="bbox 2036 854 3687 929">
    <p class='ocr_par' dir='ltr' id='par_1_54' title="bbox 2036 854 3687 929">
     <span class='ocr_line' id='line_1_54' title="bbox 2036 854 3687 929; baseline 0 -18"><span class='ocrx_word' id='word_1_402' title='bbox 2036 873 2173 929; x_wconf 86' lang='lat' dir='ltr'><strong>ager</strong></span> <span class='ocrx_word' id='word_1_403' title='bbox 2200 857 2421 913; x_wconf 87' lang='lat' dir='ltr'><strong>zizania</strong></span> <span class='ocrx_word' id='word_1_404' title='bbox 2451 855 2807 927; x_wconf 86' lang='lat' dir='ltr'><strong>superinsita</strong></span> <span class='ocrx_word' id='word_1_405' title='bbox 2857 854 3080 911; x_wconf 84' lang='lat' dir='ltr'><strong>habens</strong></span> <span class='ocrx_word' id='word_1_406' title='bbox 3112 872 3127 910; x_wconf 88' lang='lat'><strong>:</strong></span> <span class='ocrx_word' id='word_1_407' title='bbox 3158 855 3252 911; x_wconf 92' lang='lat' dir='ltr'><strong>cui</strong></span> <span class='ocrx_word' id='word_1_408' title='bbox 3283 858 3356 911; x_wconf 91' lang='lat' dir='ltr'><strong>ob</strong></span> <span class='ocrx_word' id='word_1_409' title='bbox 3386 855 3444 911; x_wconf 92' lang='lat' dir='ltr'><strong>id</strong></span> <span class='ocrx_word' id='word_1_410' title='bbox 3477 860 3542 911; x_wconf 91' lang='lat' dir='ltr'><strong>ut</strong></span> <span class='ocrx_word' id='word_1_411' title='bbox 3562 872 3687 928; x_wconf 88' lang='lat' dir='ltr'><strong>par-</strong></span> 
     </span>
    </p>
   </div>
   <div class='ocr_carea' id='block_1_55' title="bbox 2036 943 3689 1017">
    <p class='ocr_par' dir='ltr' id='par_1_55' title="bbox 2036 943 3689 1017">
     <span class='ocr_line' id='line_1_55' title="bbox 2036 943 3689 1017; baseline -0.001 -15"><span class='ocrx_word' id='word_1_412' title='bbox 2036 951 2279 1013; x_wconf 88' lang='lat' dir='ltr'><strong>ceretur,</strong></span> <span class='ocrx_word' id='word_1_413' title='bbox 2332 948 2576 1017; x_wconf 90' lang='lat' dir='ltr'><strong>dignum</strong></span> <span class='ocrx_word' id='word_1_414' title='bbox 2632 945 2825 1001; x_wconf 88' lang='lat' dir='ltr'><strong>visum</strong></span> <span class='ocrx_word' id='word_1_415' title='bbox 2857 948 2972 1002; x_wconf 91' lang='lat' dir='ltr'><strong>est.</strong></span> <span class='ocrx_word' id='word_1_416' title='bbox 3008 943 3287 1015; x_wconf 83' lang='lat' dir='ltr'><strong>Sequitur</strong></span> <span class='ocrx_word' id='word_1_417' title='bbox 3315 945 3539 1017; x_wconf 89' lang='lat' dir='ltr'><strong>sinapis</strong></span> <span class='ocrx_word' id='word_1_418' title='bbox 3558 961 3689 1017; x_wconf 85' lang='lat' dir='ltr'><strong>gra-</strong></span> 
     </span>
    </p>
   </div>
   <div class='ocr_carea' id='block_1_56' title="bbox 2038 1025 3803 1109">
    <p class='ocr_par' dir='ltr' id='par_1_56' title="bbox 2038 1025 3803 1109">
     <span class='ocr_line' id='line_1_56' title="bbox 2038 1025 3803 1109; baseline -0.001 -18"><span class='ocrx_word' id='word_1_419' title='bbox 2038 1052 2202 1106; x_wconf 89' lang='lat' dir='ltr'><strong>num,</strong></span> <span class='ocrx_word' id='word_1_420' title='bbox 2232 1036 2293 1091; x_wconf 88' lang='lat' dir='ltr'><strong>in</strong></span> <span class='ocrx_word' id='word_1_421' title='bbox 2324 1034 2505 1091; x_wconf 81' lang='lat' dir='ltr'><strong>altam</strong></span> <span class='ocrx_word' id='word_1_422' title='bbox 2565 1034 3223 1109; x_wconf 51' lang='lat' dir='ltr'><strong>arborempxcrescens.</strong></span> <span class='ocrx_word' id='word_1_423' title='bbox 3248 1034 3317 1090; x_wconf 86' lang='lat' dir='ltr'><strong>Et</strong></span> <span class='ocrx_word' id='word_1_424' title='bbox 3346 1034 3543 1090; x_wconf 62' lang='lat' dir='ltr'><strong>farina)</strong></span> <span class='ocrx_word' id='word_1_425' title='bbox 3576 1035 3686 1090; x_wconf 71' lang='grc' dir='ltr'><strong>τοι-ι·</strong></span> <span class='ocrx_word' id='word_1_426' title='bbox 3794 1025 3803 1033; x_wconf 81' lang='grc'><em>’</em></span> 
     </span>
    </p>
   </div>
   <div class='ocr_carea' id='block_1_57' title="bbox 2038 1123 3687 1195">
    <p class='ocr_par' dir='ltr' id='par_1_57' title="bbox 2038 1123 3687 1195">
     <span class='ocr_line' id='line_1_57' title="bbox 2038 1123 3687 1195; baseline -0.001 -14"><span class='ocrx_word' id='word_1_427' title='bbox 2038 1130 2325 1194; x_wconf 88' lang='lat' dir='ltr'><strong>mentum;</strong></span> <span class='ocrx_word' id='word_1_428' title='bbox 2379 1125 2570 1181; x_wconf 84' lang='lat' dir='ltr'><strong>tribus</strong></span> <span class='ocrx_word' id='word_1_429' title='bbox 2599 1125 2739 1180; x_wconf 89' lang='lat' dir='ltr'><strong>satis</strong></span> <span class='ocrx_word' id='word_1_430' title='bbox 2795 1129 3122 1195; x_wconf 82' lang='lat' dir='ltr'><strong>exceptum.</strong></span> <span class='ocrx_word' id='word_1_431' title='bbox 3155 1123 3298 1181; x_wconf 88' lang='lat' dir='ltr'><strong>Item</strong></span> <span class='ocrx_word' id='word_1_432' title='bbox 3332 1123 3514 1181; x_wconf 92' lang='lat' dir='ltr'><strong>multo</strong></span> <span class='ocrx_word' id='word_1_433' title='bbox 3545 1139 3687 1180; x_wconf 86' lang='lat' dir='ltr'><strong>auro</strong></span> 
     </span>
    </p>
   </div>
   <div class='ocr_carea' id='block_1_58' title="bbox 2037 1212 3686 1286">
    <p class='ocr_par' dir='ltr' id='par_1_58' title="bbox 2037 1212 3686 1286">
     <span class='ocr_line' id='line_1_58' title="bbox 2037 1212 3686 1286; baseline -0.001 -16"><span class='ocrx_word' id='word_1_434' title='bbox 2037 1218 2408 1286; x_wconf 85' lang='lat' dir='ltr'><strong>comparatus</strong></span> <span class='ocrx_word' id='word_1_435' title='bbox 2464 1229 2623 1285; x_wconf 87' lang='lat' dir='ltr'><strong>ager,</strong></span> <span class='ocrx_word' id='word_1_436' title='bbox 2670 1218 2903 1284; x_wconf 88' lang='lat' dir='ltr'><strong>propter</strong></span> <span class='ocrx_word' id='word_1_437' title='bbox 2949 1213 3247 1269; x_wconf 79' lang='lat' dir='ltr'><strong>defossum</strong></span> <span class='ocrx_word' id='word_1_438' title='bbox 3290 1214 3373 1269; x_wconf 89' lang='lat' dir='ltr'><strong>ibi</strong></span> <span class='ocrx_word' id='word_1_439' title='bbox 3400 1212 3527 1269; x_wconf 88' lang='lat' dir='ltr'><strong>auri</strong></span> <span class='ocrx_word' id='word_1_440' title='bbox 3559 1212 3686 1269; x_wconf 88' lang='lat' dir='ltr'><strong>the-</strong></span> 
     </span>
    </p>
   </div>
   <div class='ocr_carea' id='block_1_59' title="bbox 2040 1298 3685 1372">
    <p class='ocr_par' dir='ltr' id='par_1_59' title="bbox 2040 1298 3685 1372">
     <span class='ocr_line' id='line_1_59' title="bbox 2040 1298 3685 1372; baseline 0.001 -17"><span class='ocrx_word' id='word_1_441' title='bbox 2040 1317 2301 1357; x_wconf 89' lang='lat' dir='ltr'><strong>saurum.</strong></span> <span class='ocrx_word' id='word_1_442' title='bbox 2333 1300 2590 1356; x_wconf 82' lang='lat' dir='ltr'><strong>Pretiosa</strong></span> <span class='ocrx_word' id='word_1_443' title='bbox 2618 1298 2760 1354; x_wconf 89' lang='lat' dir='ltr'><strong>item</strong></span> <span class='ocrx_word' id='word_1_444' title='bbox 2791 1298 2893 1354; x_wconf 88' lang='lat' dir='ltr'><strong>illa</strong></span> <span class='ocrx_word' id='word_1_445' title='bbox 2945 1300 3280 1369; x_wconf 80' lang='lat' dir='ltr'><strong>margarita,</strong></span> <span class='ocrx_word' id='word_1_446' title='bbox 3324 1316 3494 1372; x_wconf 90' lang='lat' dir='ltr'><strong>quam</strong></span> <span class='ocrx_word' id='word_1_447' title='bbox 3539 1300 3685 1358; x_wconf 88' lang='lat' dir='ltr'><strong>lucri</strong></span> 
     </span>
    </p>
   </div>
   <div class='ocr_carea' id='block_1_60' title="bbox 2041 1390 3687 1464">
    <p class='ocr_par' dir='ltr' id='par_1_60' title="bbox 2041 1390 3687 1464">
     <span class='ocr_line' id='line_1_60' title="bbox 2041 1390 3687 1464; baseline 0.001 -17"><span class='ocrx_word' id='word_1_448' title='bbox 2041 1408 2221 1448; x_wconf 88' lang='lat' dir='ltr'><strong>causa</strong></span> <span class='ocrx_word' id='word_1_449' title='bbox 2258 1396 2545 1447; x_wconf 87' lang='lat' dir='ltr'><strong>mercator</strong></span> <span class='ocrx_word' id='word_1_450' title='bbox 2595 1390 2755 1445; x_wconf 85' lang='lat' dir='ltr'><strong>emit.</strong></span> <span class='ocrx_word' id='word_1_451' title='bbox 2810 1391 3085 1447; x_wconf 65' lang='lat' dir='ltr'><strong>Praeterea</strong></span> <span class='ocrx_word' id='word_1_452' title='bbox 3140 1407 3314 1448; x_wconf 88' lang='lat' dir='ltr'><strong>omne</strong></span> <span class='ocrx_word' id='word_1_453' title='bbox 3361 1407 3547 1463; x_wconf 88' lang='lat' dir='ltr'><strong>genus</strong></span> <span class='ocrx_word' id='word_1_454' title='bbox 3599 1392 3687 1464; x_wconf 83' lang='lat' dir='ltr'><strong>pi-</strong></span> 
     </span>
    </p>
   </div>
   <div class='ocr_carea' id='block_1_61' title="bbox 2040 1479 3687 1554">
    <p class='ocr_par' dir='ltr' id='par_1_61' title="bbox 2040 1479 3687 1554">
     <span class='ocr_line' id='line_1_61' title="bbox 2040 1479 3687 1554; baseline 0.001 -17"><span class='ocrx_word' id='word_1_455' title='bbox 2040 1483 2250 1550; x_wconf 84' lang='lat' dir='ltr'><strong>scium,</strong></span> <span class='ocrx_word' id='word_1_456' title='bbox 2270 1497 2485 1554; x_wconf 81' lang='lat' dir='ltr'><strong>sagena</strong></span> <span class='ocrx_word' id='word_1_457' title='bbox 2514 1479 2818 1552; x_wconf 87' lang='lat' dir='ltr'><strong>piscatoris</strong></span> <span class='ocrx_word' id='word_1_458' title='bbox 2841 1480 3207 1537; x_wconf 90' lang='lat' dir='ltr'><strong>conclusum.</strong></span> <span class='ocrx_word' id='word_1_459' title='bbox 3237 1480 3443 1538; x_wconf 87' lang='lat' dir='ltr'><strong>Postea</strong></span> <span class='ocrx_word' id='word_1_460' title='bbox 3461 1486 3687 1538; x_wconf 85' lang='lat' dir='ltr'><strong>centum</strong></span> 
     </span>
    </p>
   </div>
   <div class='ocr_carea' id='block_1_62' title="bbox 2038 1570 3690 1644">
    <p class='ocr_par' dir='ltr' id='par_1_62' title="bbox 2038 1570 3690 1644">
     <span class='ocr_line' id='line_1_62' title="bbox 2038 1570 3690 1644; baseline 0.001 -17"><span class='ocrx_word' id='word_1_461' title='bbox 2038 1572 2137 1627; x_wconf 90' lang='lat' dir='ltr'><strong>ille</strong></span> <span class='ocrx_word' id='word_1_462' title='bbox 2184 1570 2377 1629; x_wconf 80' lang='lat' dir='ltr'><strong>ovium</strong></span> <span class='ocrx_word' id='word_1_463' title='bbox 2432 1585 2615 1642; x_wconf 89' lang='lat' dir='ltr'><strong>grex:</strong></span> <span class='ocrx_word' id='word_1_464' title='bbox 2649 1577 2703 1626; x_wconf 90' lang='lat' dir='ltr'><strong>et</strong></span> <span class='ocrx_word' id='word_1_465' title='bbox 2757 1570 2881 1626; x_wconf 90' lang='lat' dir='ltr'><strong>ovis</strong></span> <span class='ocrx_word' id='word_1_466' title='bbox 2920 1587 3057 1640; x_wconf 90' lang='lat' dir='ltr'><strong>una,</strong></span> <span class='ocrx_word' id='word_1_467' title='bbox 3117 1587 3246 1643; x_wconf 65' lang='lat' dir='ltr'><strong>quae</strong></span> <span class='ocrx_word' id='word_1_468' title='bbox 3276 1570 3506 1644; x_wconf 81' lang='lat' dir='ltr'><strong>longius</strong></span> <span class='ocrx_word' id='word_1_469' title='bbox 3553 1572 3690 1628; x_wconf 87' lang='lat' dir='ltr'><strong>inde</strong></span> 
     </span>
    </p>
   </div>
   <div class='ocr_carea' id='block_1_63' title="bbox 2042 1648 3690 1732">
    <p class='ocr_par' dir='ltr' id='par_1_63' title="bbox 2042 1648 3690 1732">
     <span class='ocr_line' id='line_1_63' title="bbox 2042 1648 3690 1732; baseline 0 -15"><span class='ocrx_word' id='word_1_470' title='bbox 2042 1648 2336 1728; x_wconf 85' lang='lat' dir='ltr'><strong>aberrans,</strong></span> <span class='ocrx_word' id='word_1_471' title='bbox 2368 1663 2520 1716; x_wconf 92' lang='lat' dir='ltr'><strong>bono</strong></span> <span class='ocrx_word' id='word_1_472' title='bbox 2551 1659 2769 1732; x_wconf 85' lang='lat' dir='ltr'><strong>pastori</strong></span> <span class='ocrx_word' id='word_1_473' title='bbox 2801 1664 3025 1716; x_wconf 87' lang='lat' dir='ltr'><strong>servata</strong></span> <span class='ocrx_word' id='word_1_474' title='bbox 3052 1666 3162 1716; x_wconf 90' lang='lat' dir='ltr'><strong>est.</strong></span> <span class='ocrx_word' id='word_1_475' title='bbox 3197 1660 3404 1717; x_wconf 88' lang='lat' dir='ltr'><strong>Decem</strong></span> <span class='ocrx_word' id='word_1_476' title='bbox 3437 1660 3690 1719; x_wconf 85' lang='lat' dir='ltr'><strong>millium</strong></span> 
     </span>
    </p>
   </div>
   <div class='ocr_carea' id='block_1_64' title="bbox 2043 1747 3690 1821">
    <p class='ocr_par' dir='ltr' id='par_1_64' title="bbox 2043 1747 3690 1821">
     <span class='ocr_line' id='line_1_64' title="bbox 2043 1747 3690 1821; baseline 0 -15"><span class='ocrx_word' id='word_1_477' title='bbox 2043 1750 2269 1806; x_wconf 89' lang='lat' dir='ltr'><strong>debitor</strong></span> <span class='ocrx_word' id='word_1_478' title='bbox 2294 1747 2667 1804; x_wconf 83' lang='lat' dir='ltr'><strong>talentorum.</strong></span> <span class='ocrx_word' id='word_1_479' title='bbox 2698 1749 3019 1820; x_wconf 89' lang='lat' dir='ltr'><strong>Operarum</strong></span> <span class='ocrx_word' id='word_1_480' title='bbox 3069 1750 3331 1805; x_wconf 87' lang='lat' dir='ltr'><strong>mercede</strong></span> <span class='ocrx_word' id='word_1_481' title='bbox 3361 1750 3690 1821; x_wconf 88' lang='lat' dir='ltr'><strong>conductio,</strong></span> 
     </span>
    </p>
   </div>
   <div class='ocr_carea' id='block_1_65' title="bbox 2043 1835 3686 1910">
    <p class='ocr_par' dir='ltr' id='par_1_65' title="bbox 2043 1835 3686 1910">
     <span class='ocr_line' id='line_1_65' title="bbox 2043 1835 3686 1910; baseline 0.001 -17"><span class='ocrx_word' id='word_1_482' title='bbox 2043 1840 2100 1893; x_wconf 91' lang='lat' dir='ltr'><strong>in</strong></span> <span class='ocrx_word' id='word_1_483' title='bbox 2130 1835 2400 1909; x_wconf 70' lang='lat' dir='ltr'><strong>inaquali</strong></span> <span class='ocrx_word' id='word_1_484' title='bbox 2424 1835 2754 1908; x_wconf 68' lang='lat' dir='ltr'><strong>aequalitate</strong></span> <span class='ocrx_word' id='word_1_485' title='bbox 2772 1838 2842 1892; x_wconf 90' lang='lat' dir='ltr'><strong>ad</strong></span> <span class='ocrx_word' id='word_1_486' title='bbox 2865 1837 3194 1908; x_wconf 69' lang='lat' dir='ltr'><strong>aequitatem</strong></span> <span class='ocrx_word' id='word_1_487' title='bbox 3209 1837 3505 1895; x_wconf 88' lang='lat' dir='ltr'><strong>deducens</strong></span> <span class='ocrx_word' id='word_1_488' title='bbox 3525 1838 3686 1910; x_wconf 92' lang='lat' dir='ltr'><strong>quod</strong></span> 
     </span>
    </p>
   </div>
   <div class='ocr_carea' id='block_1_66' title="bbox 2046 1926 3688 1999">
    <p class='ocr_par' dir='ltr' id='par_1_66' title="bbox 2046 1926 3688 1999">
     <span class='ocr_line' id='line_1_66' title="bbox 2046 1926 3688 1999; baseline 0.001 -18"><span class='ocrx_word' id='word_1_489' title='bbox 2046 1927 2347 1983; x_wconf 88' lang='lat' dir='ltr'><strong>videbatur</strong></span> <span class='ocrx_word' id='word_1_490' title='bbox 2375 1926 2665 1999; x_wconf 89' lang='lat' dir='ltr'><strong>iniquum.</strong></span> <span class='ocrx_word' id='word_1_491' title='bbox 2689 1926 2813 1982; x_wconf 92' lang='lat' dir='ltr'><strong>Duo</strong></span> <span class='ocrx_word' id='word_1_492' title='bbox 2844 1926 2968 1995; x_wconf 81' lang='lat' dir='ltr'><strong>ﬁlii,</strong></span> <span class='ocrx_word' id='word_1_493' title='bbox 2997 1928 3099 1999; x_wconf 90' lang='lat' dir='ltr'><strong>qui</strong></span> <span class='ocrx_word' id='word_1_494' title='bbox 3129 1944 3163 1982; x_wconf 88' lang='lat' dir='ltr'><strong>a</strong></span> <span class='ocrx_word' id='word_1_495' title='bbox 3196 1932 3353 1998; x_wconf 86' lang='lat' dir='ltr'><strong>patre</strong></span> <span class='ocrx_word' id='word_1_496' title='bbox 3382 1927 3589 1993; x_wconf 86' lang='lat' dir='ltr'><strong>vocati,</strong></span> <span class='ocrx_word' id='word_1_497' title='bbox 3629 1929 3688 1984; x_wconf 82' lang='lat' dir='ltr'><strong>et</strong></span> 
     </span>
    </p>
   </div>
   <div class='ocr_carea' id='block_1_67' title="bbox 2043 2015 3687 2089">
    <p class='ocr_par' dir='ltr' id='par_1_67' title="bbox 2043 2015 3687 2089">
     <span class='ocr_line' id='line_1_67' title="bbox 2043 2015 3687 2089; baseline 0.001 -17"><span class='ocrx_word' id='word_1_498' title='bbox 2043 2018 2105 2073; x_wconf 89' lang='lat' dir='ltr'><strong>in</strong></span> <span class='ocrx_word' id='word_1_499' title='bbox 2134 2017 2361 2072; x_wconf 90' lang='lat' dir='ltr'><strong>vineam</strong></span> <span class='ocrx_word' id='word_1_500' title='bbox 2391 2031 2560 2072; x_wconf 89' lang='lat' dir='ltr'><strong>suam</strong></span> <span class='ocrx_word' id='word_1_501' title='bbox 2581 2016 2767 2083; x_wconf 89' lang='lat' dir='ltr'><strong>missi,</strong></span> <span class='ocrx_word' id='word_1_502' title='bbox 2797 2015 2998 2073; x_wconf 89' lang='lat' dir='ltr'><strong>ordine</strong></span> <span class='ocrx_word' id='word_1_503' title='bbox 3022 2017 3251 2073; x_wconf 81' lang='lat' dir='ltr'><strong>inverso</strong></span> <span class='ocrx_word' id='word_1_504' title='bbox 3270 2033 3418 2089; x_wconf 93' lang='lat' dir='ltr'><strong>opus</strong></span> <span class='ocrx_word' id='word_1_505' title='bbox 3442 2017 3687 2073; x_wconf 85' lang='lat' dir='ltr'><strong>faciunt.</strong></span> 
     </span>
    </p>
   </div>
   <div class='ocr_carea' id='block_1_68' title="bbox 2045 2104 3688 2179">
    <p class='ocr_par' dir='ltr' id='par_1_68' title="bbox 2045 2104 3688 2179">
     <span class='ocr_line' id='line_1_68' title="bbox 2045 2104 3688 2179; baseline 0 -15"><span class='ocrx_word' id='word_1_506' title='bbox 2045 2108 2149 2164; x_wconf 85' lang='lat' dir='ltr'><strong>Hic</strong></span> <span class='ocrx_word' id='word_1_507' title='bbox 2190 2106 2512 2162; x_wconf 87' lang='lat' dir='ltr'><strong>succedunt</strong></span> <span class='ocrx_word' id='word_1_508' title='bbox 2553 2104 2791 2177; x_wconf 87' lang='lat' dir='ltr'><strong>pessimi</strong></span> <span class='ocrx_word' id='word_1_509' title='bbox 2855 2104 3141 2178; x_wconf 64' lang='lat' dir='ltr'><strong>agricolae,</strong></span> <span class='ocrx_word' id='word_1_510' title='bbox 3194 2108 3297 2179; x_wconf 83' lang='lat' dir='ltr'><strong>qui</strong></span> <span class='ocrx_word' id='word_1_511' title='bbox 3338 2106 3507 2163; x_wconf 87' lang='lat' dir='ltr'><strong>herili</strong></span> <span class='ocrx_word' id='word_1_512' title='bbox 3565 2106 3688 2164; x_wconf 84' lang='lat' dir='ltr'><strong>ﬁlio</strong></span> 
     </span>
    </p>
   </div>
   <div class='ocr_carea' id='block_1_69' title="bbox 2047 2195 3695 2269">
    <p class='ocr_par' dir='ltr' id='par_1_69' title="bbox 2047 2195 3695 2269">
     <span class='ocr_line' id='line_1_69' title="bbox 2047 2195 3695 2269; baseline 0.001 -15"><span class='ocrx_word' id='word_1_513' title='bbox 2047 2213 2248 2255; x_wconf 89' lang='lat' dir='ltr'><strong>necem</strong></span> <span class='ocrx_word' id='word_1_514' title='bbox 2285 2199 2575 2254; x_wconf 88' lang='lat' dir='ltr'><strong>crearunt.</strong></span> <span class='ocrx_word' id='word_1_515' title='bbox 2620 2195 2862 2269; x_wconf 89' lang='lat' dir='ltr'><strong>Insuper</strong></span> <span class='ocrx_word' id='word_1_516' title='bbox 2910 2213 3010 2253; x_wconf 86' lang='lat' dir='ltr'><strong>rex</strong></span> <span class='ocrx_word' id='word_1_517' title='bbox 3059 2198 3399 2269; x_wconf 82' lang='lat' dir='ltr'><strong>magniﬁcas</strong></span> <span class='ocrx_word' id='word_1_518' title='bbox 3432 2197 3551 2254; x_wconf 85' lang='lat' dir='ltr'><strong>tilio</strong></span> <span class='ocrx_word' id='word_1_519' title='bbox 3582 2213 3695 2255; x_wconf 89' lang='lat' dir='ltr'><strong>nu-</strong></span> 
     </span>
    </p>
   </div>
   <div class='ocr_carea' id='block_1_70' title="bbox 2049 2285 3694 2359">
    <p class='ocr_par' dir='ltr' id='par_1_70' title="bbox 2049 2285 3694 2359">
     <span class='ocr_line' id='line_1_70' title="bbox 2049 2285 3694 2359; baseline -0.001 -17"><span class='ocrx_word' id='word_1_520' title='bbox 2049 2290 2194 2359; x_wconf 88' lang='lat' dir='ltr'><strong>ptias</strong></span> <span class='ocrx_word' id='word_1_521' title='bbox 2224 2291 2480 2353; x_wconf 88' lang='lat' dir='ltr'><strong>struens,</strong></span> <span class='ocrx_word' id='word_1_522' title='bbox 2513 2290 2571 2341; x_wconf 91' lang='lat' dir='ltr'><strong>et</strong></span> <span class='ocrx_word' id='word_1_523' title='bbox 2600 2302 2733 2341; x_wconf 91' lang='lat' dir='ltr'><strong>cum</strong></span> <span class='ocrx_word' id='word_1_524' title='bbox 2764 2285 3017 2342; x_wconf 84' lang='lat' dir='ltr'><strong>convivis</strong></span> <span class='ocrx_word' id='word_1_525' title='bbox 3054 2302 3123 2342; x_wconf 85' lang='lat' dir='ltr'><strong>ex</strong></span> <span class='ocrx_word' id='word_1_526' title='bbox 3153 2293 3414 2359; x_wconf 87' lang='lat' dir='ltr'><strong>tempore</strong></span> <span class='ocrx_word' id='word_1_527' title='bbox 3443 2287 3694 2359; x_wconf 89' lang='lat' dir='ltr'><strong>conqui-</strong></span> 
     </span>
    </p>
   </div>
   <div class='ocr_carea' id='block_1_71' title="bbox 2048 2375 3690 2448">
    <p class='ocr_par' dir='ltr' id='par_1_71' title="bbox 2048 2375 3690 2448">
     <span class='ocr_line' id='line_1_71' title="bbox 2048 2375 3690 2448; baseline 0 -16"><span class='ocrx_word' id='word_1_528' title='bbox 2048 2378 2176 2433; x_wconf 87' lang='lat' dir='ltr'><strong>sitis</strong></span> <span class='ocrx_word' id='word_1_529' title='bbox 2194 2376 2520 2432; x_wconf 86' lang='lat' dir='ltr'><strong>convivium</strong></span> <span class='ocrx_word' id='word_1_530' title='bbox 2537 2375 3003 2431; x_wconf 87' lang='lat' dir='ltr'><strong>celebrans.Item</strong></span> <span class='ocrx_word' id='word_1_531' title='bbox 3023 2376 3220 2447; x_wconf 72' lang='lat' dir='ltr'><strong>quinm</strong></span> <span class='ocrx_word' id='word_1_532' title='bbox 3240 2380 3298 2431; x_wconf 90' lang='lat' dir='ltr'><strong>et</strong></span> <span class='ocrx_word' id='word_1_533' title='bbox 3314 2376 3690 2448; x_wconf 88' lang='lat' dir='ltr'><strong>prudentium</strong></span> 
     </span>
    </p>
   </div>
   <div class='ocr_carea' id='block_1_72' title="bbox 2048 2464 3695 2537">
    <p class='ocr_par' dir='ltr' id='par_1_72' title="bbox 2048 2464 3695 2537">
     <span class='ocr_line' id='line_1_72' title="bbox 2048 2464 3695 2537; baseline -0.001 -15"><span class='ocrx_word' id='word_1_534' title='bbox 2048 2472 2104 2523; x_wconf 89' lang='lat' dir='ltr'><strong>et</strong></span> <span class='ocrx_word' id='word_1_535' title='bbox 2136 2467 2424 2521; x_wconf 81' lang='lat' dir='ltr'><strong>fatuarum</strong></span> <span class='ocrx_word' id='word_1_536' title='bbox 2472 2464 2760 2535; x_wconf 87' lang='lat' dir='ltr'><strong>virginum</strong></span> <span class='ocrx_word' id='word_1_537' title='bbox 2791 2464 3112 2537; x_wconf 88' lang='lat' dir='ltr'><strong>lampades,</strong></span> <span class='ocrx_word' id='word_1_538' title='bbox 3141 2465 3229 2522; x_wconf 88' lang='lat' dir='ltr'><strong>vel</strong></span> <span class='ocrx_word' id='word_1_539' title='bbox 3276 2466 3572 2535; x_wconf 88' lang='lat' dir='ltr'><strong>ardentes,</strong></span> <span class='ocrx_word' id='word_1_540' title='bbox 3600 2465 3695 2522; x_wconf 88' lang='lat' dir='ltr'><strong>vel</strong></span> 
     </span>
    </p>
   </div>
   <div class='ocr_carea' id='block_1_73' title="bbox 2046 2552 3697 2625">
    <p class='ocr_par' dir='ltr' id='par_1_73' title="bbox 2046 2552 3697 2625">
     <span class='ocr_line' id='line_1_73' title="bbox 2046 2552 3697 2625; baseline -0.001 -15"><span class='ocrx_word' id='word_1_541' title='bbox 2046 2554 2361 2611; x_wconf 62' lang='lat' dir='ltr'><strong>exstinctae.</strong></span> <span class='ocrx_word' id='word_1_542' title='bbox 2420 2552 2831 2609; x_wconf 81' lang='lat' dir='ltr'><strong>Paterfamilias</strong></span> <span class='ocrx_word' id='word_1_543' title='bbox 2886 2554 3203 2625; x_wconf 90' lang='lat' dir='ltr'><strong>prudenter</strong></span> <span class='ocrx_word' id='word_1_544' title='bbox 3230 2554 3411 2610; x_wconf 89' lang='lat' dir='ltr'><strong>servis</strong></span> <span class='ocrx_word' id='word_1_545' title='bbox 3443 2554 3568 2609; x_wconf 89' lang='lat' dir='ltr'><strong>suis</strong></span> <span class='ocrx_word' id='word_1_546' title='bbox 3597 2557 3697 2609; x_wconf 85' lang='lat' dir='ltr'><strong>ta-</strong></span> 
     </span>
    </p>
   </div>
   <div class='ocr_carea' id='block_1_74' title="bbox 2047 2642 3693 2715">
    <p class='ocr_par' dir='ltr' id='par_1_74' title="bbox 2047 2642 3693 2715">
     <span class='ocr_line' id='line_1_74' title="bbox 2047 2642 3693 2715; baseline -0.002 -14"><span class='ocrx_word' id='word_1_547' title='bbox 2047 2644 2204 2701; x_wconf 87' lang='lat' dir='ltr'><strong>lenta</strong></span> <span class='ocrx_word' id='word_1_548' title='bbox 2232 2643 2515 2701; x_wconf 84' lang='lat' dir='ltr'><strong>dividens.</strong></span> <span class='ocrx_word' id='word_1_549' title='bbox 2560 2644 2631 2698; x_wconf 90' lang='lat' dir='ltr'><strong>Et</strong></span> <span class='ocrx_word' id='word_1_550' title='bbox 2677 2648 2877 2715; x_wconf 89' lang='lat' dir='ltr'><strong>pastor</strong></span> <span class='ocrx_word' id='word_1_551' title='bbox 2917 2644 3231 2714; x_wconf 87' lang='lat' dir='ltr'><strong>prudenter</strong></span> <span class='ocrx_word' id='word_1_552' title='bbox 3275 2659 3409 2699; x_wconf 89' lang='lat' dir='ltr'><strong>oves</strong></span> <span class='ocrx_word' id='word_1_553' title='bbox 3451 2643 3521 2698; x_wconf 92' lang='lat' dir='ltr'><strong>ad</strong></span> <span class='ocrx_word' id='word_1_554' title='bbox 3554 2642 3693 2698; x_wconf 90' lang='lat' dir='ltr'><strong>dex-</strong></span> 
     </span>
    </p>
   </div>
   <div class='ocr_carea' id='block_1_75' title="bbox 2049 2731 3698 2805">
    <p class='ocr_par' dir='ltr' id='par_1_75' title="bbox 2049 2731 3698 2805">
     <span class='ocr_line' id='line_1_75' title="bbox 2049 2731 3698 2805; baseline -0.001 -16"><span class='ocrx_word' id='word_1_555' title='bbox 2049 2741 2199 2789; x_wconf 87' lang='lat' dir='ltr'><strong>tram</strong></span> <span class='ocrx_word' id='word_1_556' title='bbox 2239 2737 2296 2789; x_wconf 87' lang='lat' dir='ltr'><strong>et</strong></span> <span class='ocrx_word' id='word_1_557' title='bbox 2348 2732 2649 2788; x_wconf 88' lang='lat' dir='ltr'><strong>sinistram</strong></span> <span class='ocrx_word' id='word_1_558' title='bbox 2681 2748 3012 2805; x_wconf 88' lang='lat' dir='ltr'><strong>segregans.</strong></span> <span class='ocrx_word' id='word_1_559' title='bbox 3046 2733 3115 2788; x_wconf 89' lang='lat' dir='ltr'><strong>Et</strong></span> <span class='ocrx_word' id='word_1_560' title='bbox 3160 2732 3263 2789; x_wconf 87' lang='lat' dir='ltr'><strong>has</strong></span> <span class='ocrx_word' id='word_1_561' title='bbox 3284 2731 3519 2804; x_wconf 85' lang='lat' dir='ltr'><strong>quidem</strong></span> <span class='ocrx_word' id='word_1_562' title='bbox 3543 2731 3698 2788; x_wconf 88' lang='lat' dir='ltr'><strong>Mat-</strong></span> 
     </span>
    </p>
   </div>
   <div class='ocr_carea' id='block_1_76' title="bbox 2049 2820 3698 2893">
    <p class='ocr_par' dir='ltr' id='par_1_76' title="bbox 2049 2820 3698 2893">
     <span class='ocr_line' id='line_1_76' title="bbox 2049 2820 3698 2893; baseline -0.001 -15"><span class='ocrx_word' id='word_1_563' title='bbox 2049 2822 2235 2878; x_wconf 83' lang='lat' dir='ltr'><strong>thaeus</strong></span> <span class='ocrx_word' id='word_1_564' title='bbox 2268 2822 2464 2879; x_wconf 90' lang='lat' dir='ltr'><strong>habet.</strong></span> <span class='ocrx_word' id='word_1_565' title='bbox 2523 2822 2716 2878; x_wconf 90' lang='lat' dir='ltr'><strong>Marco</strong></span> <span class='ocrx_word' id='word_1_566' title='bbox 2749 2837 2880 2877; x_wconf 91' lang='lat' dir='ltr'><strong>vero</strong></span> <span class='ocrx_word' id='word_1_567' title='bbox 2937 2826 3189 2893; x_wconf 90' lang='lat' dir='ltr'><strong>quatuor</strong></span> <span class='ocrx_word' id='word_1_568' title='bbox 3222 2826 3455 2878; x_wconf 88' lang='lat' dir='ltr'><strong>tantum</strong></span> <span class='ocrx_word' id='word_1_569' title='bbox 3486 2836 3556 2877; x_wconf 87' lang='lat' dir='ltr'><strong>ex</strong></span> <span class='ocrx_word' id='word_1_570' title='bbox 3605 2820 3698 2877; x_wconf 90' lang='lat' dir='ltr'><strong>his</strong></span> 
     </span>
    </p>
   </div>
   <div class='ocr_carea' id='block_1_77' title="bbox 2052 2910 3702 2983">
    <p class='ocr_par' dir='ltr' id='par_1_77' title="bbox 2052 2910 3702 2983">
     <span class='ocr_line' id='line_1_77' title="bbox 2052 2910 3702 2983; baseline -0.001 -16"><span class='ocrx_word' id='word_1_571' title='bbox 2052 2912 2264 2968; x_wconf 77' lang='lat' dir='ltr'><strong>referre</strong></span> <span class='ocrx_word' id='word_1_572' title='bbox 2294 2914 2354 2966; x_wconf 92' lang='lat' dir='ltr'><strong>in</strong></span> <span class='ocrx_word' id='word_1_573' title='bbox 2388 2915 2637 2967; x_wconf 88' lang='lat' dir='ltr'><strong>mentem</strong></span> <span class='ocrx_word' id='word_1_574' title='bbox 2695 2911 2869 2966; x_wconf 88' lang='lat' dir='ltr'><strong>venit.</strong></span> <span class='ocrx_word' id='word_1_575' title='bbox 2906 2910 3255 2983; x_wconf 68' lang='lat' dir='ltr'><strong>Inaequalem</strong></span> <span class='ocrx_word' id='word_1_576' title='bbox 3296 2910 3519 2966; x_wconf 83' lang='lat' dir='ltr'><strong>scilicet</strong></span> <span class='ocrx_word' id='word_1_577' title='bbox 3549 2910 3702 2965; x_wconf 82' lang='lat' dir='ltr'><strong>redi-</strong></span> 
     </span>
    </p>
   </div>
   <div class='ocr_carea' id='block_1_78' title="bbox 2054 3001 3696 3075">
    <p class='ocr_par' dir='ltr' id='par_1_78' title="bbox 2054 3001 3696 3075">
     <span class='ocr_line' id='line_1_78' title="bbox 2054 3001 3696 3075; baseline 0.001 -17"><span class='ocrx_word' id='word_1_578' title='bbox 2054 3008 2182 3058; x_wconf 92' lang='lat' dir='ltr'><strong>tum</strong></span> <span class='ocrx_word' id='word_1_579' title='bbox 2214 3004 2464 3075; x_wconf 89' lang='lat' dir='ltr'><strong>duplicis</strong></span> <span class='ocrx_word' id='word_1_580' title='bbox 2512 3002 2756 3058; x_wconf 89' lang='lat' dir='ltr'><strong>seminis</strong></span> <span class='ocrx_word' id='word_1_581' title='bbox 2787 3018 2801 3056; x_wconf 93' lang='lat'><strong>:</strong></span> <span class='ocrx_word' id='word_1_582' title='bbox 2836 3010 2890 3058; x_wconf 90' lang='lat' dir='ltr'><strong>et</strong></span> <span class='ocrx_word' id='word_1_583' title='bbox 2930 3018 3030 3059; x_wconf 88' lang='lat' dir='ltr'><strong>eos</strong></span> <span class='ocrx_word' id='word_1_584' title='bbox 3068 3002 3169 3074; x_wconf 90' lang='lat' dir='ltr'><strong>qui</strong></span> <span class='ocrx_word' id='word_1_585' title='bbox 3212 3001 3696 3074; x_wconf 85' lang='lat' dir='ltr'><strong>patremfamilias</strong></span> 
     </span>
    </p>
   </div>
   <div class='ocr_carea' id='block_1_79' title="bbox 2056 3092 3703 3164">
    <p class='ocr_par' dir='ltr' id='par_1_79' title="bbox 2056 3092 3703 3164">
     <span class='ocr_line' id='line_1_79' title="bbox 2056 3092 3703 3164; baseline -0.001 -15"><span class='ocrx_word' id='word_1_586' title='bbox 2056 3094 2349 3150; x_wconf 88' lang='lat' dir='ltr'><strong>suadendo</strong></span> <span class='ocrx_word' id='word_1_587' title='bbox 2379 3102 2567 3161; x_wconf 88' lang='lat' dir='ltr'><strong>orant,</strong></span> <span class='ocrx_word' id='word_1_588' title='bbox 2600 3097 2664 3148; x_wconf 91' lang='lat' dir='ltr'><strong>ut</strong></span> <span class='ocrx_word' id='word_1_589' title='bbox 2692 3092 2913 3149; x_wconf 89' lang='lat' dir='ltr'><strong>zizania</strong></span> <span class='ocrx_word' id='word_1_590' title='bbox 2941 3092 3181 3149; x_wconf 89' lang='lat' dir='ltr'><strong>evellere</strong></span> <span class='ocrx_word' id='word_1_591' title='bbox 3214 3092 3529 3164; x_wconf 88' lang='lat' dir='ltr'><strong>permittat;</strong></span> <span class='ocrx_word' id='word_1_592' title='bbox 3546 3094 3703 3150; x_wconf 88' lang='lat' dir='ltr'><strong>sina-</strong></span> 
     </span>
    </p>
   </div>
   <div class='ocr_carea' id='block_1_80' title="bbox 2057 3182 3703 3253">
    <p class='ocr_par' dir='ltr' id='par_1_80' title="bbox 2057 3182 3703 3253">
     <span class='ocr_line' id='line_1_80' title="bbox 2057 3182 3703 3253; baseline 0 -16"><span class='ocrx_word' id='word_1_593' title='bbox 2057 3183 2142 3253; x_wconf 88' lang='lat' dir='ltr'><strong>pis</strong></span> <span class='ocrx_word' id='word_1_594' title='bbox 2171 3183 2455 3250; x_wconf 83' lang='lat' dir='ltr'><strong>arborem,</strong></span> <span class='ocrx_word' id='word_1_595' title='bbox 2486 3188 2545 3238; x_wconf 93' lang='lat' dir='ltr'><strong>et</strong></span> <span class='ocrx_word' id='word_1_596' title='bbox 2587 3182 2767 3238; x_wconf 67' lang='lat' dir='ltr'><strong>vineas</strong></span> <span class='ocrx_word' id='word_1_597' title='bbox 2823 3182 3111 3239; x_wconf 61' lang='lat' dir='ltr'><strong>heredem</strong></span> <span class='ocrx_word' id='word_1_598' title='bbox 3157 3182 3407 3253; x_wconf 88' lang='lat' dir='ltr'><strong>pessime</strong></span> <span class='ocrx_word' id='word_1_599' title='bbox 3435 3199 3469 3237; x_wconf 91' lang='lat' dir='ltr'><strong>a</strong></span> <span class='ocrx_word' id='word_1_600' title='bbox 3516 3182 3703 3239; x_wconf 89' lang='lat' dir='ltr'><strong>servis</strong></span> 
     </span>
    </p>
   </div>
   <div class='ocr_carea' id='block_1_81' title="bbox 1978 3252 3707 3345">
    <p class='ocr_par' dir='ltr' id='par_1_81' title="bbox 1978 3252 3707 3345">
     <span class='ocr_line' id='line_1_81' title="bbox 1978 3252 3707 3345; baseline -0.001 -16"><span class='ocrx_word' id='word_1_601' title='bbox 1978 3252 2029 3321; x_wconf 79' lang='lat' dir='ltr'>C</span> <span class='ocrx_word' id='word_1_602' title='bbox 2058 3252 2295 3329; x_wconf 81' lang='lat' dir='ltr'><strong>caesum.</strong></span> <span class='ocrx_word' id='word_1_603' title='bbox 2358 3273 2512 3328; x_wconf 79' lang='grc' dir='ltr'><strong>ιοι</strong></span> <span class='ocrx_word' id='word_1_604' title='bbox 2563 3274 2747 3329; x_wconf 88' lang='lat' dir='ltr'><strong>Lucas</strong></span> <span class='ocrx_word' id='word_1_605' title='bbox 2778 3288 2944 3344; x_wconf 92' lang='lat' dir='ltr'><strong>porro</strong></span> <span class='ocrx_word' id='word_1_606' title='bbox 2976 3252 3208 3328; x_wconf 90' lang='lat' dir='ltr'><strong>divinus</strong></span> <span class='ocrx_word' id='word_1_607' title='bbox 3248 3272 3531 3345; x_wconf 88' lang='lat' dir='ltr'><strong>plurimas</strong></span> <span class='ocrx_word' id='word_1_608' title='bbox 3563 3289 3707 3330; x_wconf 90' lang='lat' dir='ltr'><strong>con-</strong></span> 
     </span>
    </p>
   </div>
   <div class='ocr_carea' id='block_1_82' title="bbox 2054 3362 3705 3435">
    <p class='ocr_par' dir='ltr' id='par_1_82' title="bbox 2054 3362 3705 3435">
     <span class='ocr_line' id='line_1_82' title="bbox 2054 3362 3705 3435; baseline -0.001 -16"><span class='ocrx_word' id='word_1_609' title='bbox 2054 3364 2200 3433; x_wconf 81' lang='lat' dir='ltr'><strong>gerit</strong></span> <span class='ocrx_word' id='word_1_610' title='bbox 2231 3382 2245 3423; x_wconf 87' lang='lat'><strong>;</strong></span> <span class='ocrx_word' id='word_1_611' title='bbox 2272 3368 2328 3419; x_wconf 90' lang='lat' dir='ltr'><strong>et</strong></span> <span class='ocrx_word' id='word_1_612' title='bbox 2358 3364 2510 3419; x_wconf 89' lang='lat' dir='ltr'><strong>inter</strong></span> <span class='ocrx_word' id='word_1_613' title='bbox 2556 3364 2810 3432; x_wconf 89' lang='lat' dir='ltr'><strong>reliquas</strong></span> <span class='ocrx_word' id='word_1_614' title='bbox 2860 3363 2966 3419; x_wconf 88' lang='lat' dir='ltr'><strong>has</strong></span> <span class='ocrx_word' id='word_1_615' title='bbox 3005 3378 3232 3435; x_wconf 89' lang='lat' dir='ltr'><strong>quoque</strong></span> <span class='ocrx_word' id='word_1_616' title='bbox 3280 3363 3535 3435; x_wconf 87' lang='lat' dir='ltr'><strong>exponit.</strong></span> <span class='ocrx_word' id='word_1_617' title='bbox 3579 3362 3705 3419; x_wconf 88' lang='lat' dir='ltr'><strong>Pri-</strong></span> 
     </span>
    </p>
   </div>
   <div class='ocr_carea' id='block_1_83' title="bbox 2055 3453 3703 3525">
    <p class='ocr_par' dir='ltr' id='par_1_83' title="bbox 2055 3453 3703 3525">
     <span class='ocr_line' id='line_1_83' title="bbox 2055 3453 3703 3525; baseline 0.001 -18"><span class='ocrx_word' id='word_1_618' title='bbox 2055 3454 2343 3525; x_wconf 88' lang='lat' dir='ltr'><strong>mum,de</strong></span> <span class='ocrx_word' id='word_1_619' title='bbox 2401 3470 2466 3509; x_wconf 94' lang='lat' dir='ltr'><strong>eo</strong></span> <span class='ocrx_word' id='word_1_620' title='bbox 2507 3455 2605 3525; x_wconf 84' lang='lat' dir='ltr'><strong>qui</strong></span> <span class='ocrx_word' id='word_1_621' title='bbox 2661 3454 2901 3509; x_wconf 91' lang='lat' dir='ltr'><strong>domum</strong></span> <span class='ocrx_word' id='word_1_622' title='bbox 2958 3467 3137 3525; x_wconf 89' lang='lat' dir='ltr'><strong>super</strong></span> <span class='ocrx_word' id='word_1_623' title='bbox 3194 3460 3410 3523; x_wconf 84' lang='lat' dir='ltr'><strong>petram</strong></span> <span class='ocrx_word' id='word_1_624' title='bbox 3461 3453 3703 3510; x_wconf 83' lang='lat' dir='ltr'><strong>firmiter</strong></span> 
     </span>
    </p>
   </div>
   <div class='ocr_carea' id='block_1_84' title="bbox 2056 3540 3701 3612">
    <p class='ocr_par' dir='ltr' id='par_1_84' title="bbox 2056 3540 3701 3612">
     <span class='ocr_line' id='line_1_84' title="bbox 2056 3540 3701 3612; baseline 0 -15"><span class='ocrx_word' id='word_1_625' title='bbox 2056 3542 2365 3612; x_wconf 88' lang='lat' dir='ltr'><strong>construit,</strong></span> <span class='ocrx_word' id='word_1_626' title='bbox 2407 3550 2461 3598; x_wconf 91' lang='lat' dir='ltr'><strong>et</strong></span> <span class='ocrx_word' id='word_1_627' title='bbox 2493 3559 2606 3599; x_wconf 90' lang='lat' dir='ltr'><strong>non</strong></span> <span class='ocrx_word' id='word_1_628' title='bbox 2657 3543 2716 3598; x_wconf 92' lang='lat' dir='ltr'><strong>in</strong></span> <span class='ocrx_word' id='word_1_629' title='bbox 2762 3559 2938 3598; x_wconf 86' lang='lat' dir='ltr'><strong>arena</strong></span> <span class='ocrx_word' id='word_1_630' title='bbox 3003 3542 3384 3597; x_wconf 82' lang='lat' dir='ltr'><strong>fundamenta</strong></span> <span class='ocrx_word' id='word_1_631' title='bbox 3424 3541 3589 3610; x_wconf 78' lang='lat' dir='ltr'><strong>jacit.</strong></span> <span class='ocrx_word' id='word_1_632' title='bbox 3621 3540 3701 3597; x_wconf 92' lang='lat' dir='ltr'><strong>De</strong></span> 
     </span>
    </p>
   </div>
   <div class='ocr_carea' id='block_1_85' title="bbox 2055 3629 3701 3703">
    <p class='ocr_par' dir='ltr' id='par_1_85' title="bbox 2055 3629 3701 3703">
     <span class='ocr_line' id='line_1_85' title="bbox 2055 3629 3701 3703; baseline -0.002 -15"><span class='ocrx_word' id='word_1_633' title='bbox 2055 3649 2120 3689; x_wconf 91' lang='lat' dir='ltr'><strong>eo</strong></span> <span class='ocrx_word' id='word_1_634' title='bbox 2150 3631 2249 3703; x_wconf 90' lang='lat' dir='ltr'><strong>qui</strong></span> <span class='ocrx_word' id='word_1_635' title='bbox 2278 3648 2312 3687; x_wconf 89' lang='lat' dir='ltr'><strong>a</strong></span> <span class='ocrx_word' id='word_1_636' title='bbox 2340 3630 2578 3687; x_wconf 88' lang='lat' dir='ltr'><strong>domino</strong></span> <span class='ocrx_word' id='word_1_637' title='bbox 2608 3648 2707 3701; x_wconf 92' lang='lat' dir='ltr'><strong>per</strong></span> <span class='ocrx_word' id='word_1_638' title='bbox 2735 3630 3060 3702; x_wconf 87' lang='lat' dir='ltr'><strong>grandioris</strong></span> <span class='ocrx_word' id='word_1_639' title='bbox 3088 3629 3266 3685; x_wconf 91' lang='lat' dir='ltr'><strong>debiti</strong></span> <span class='ocrx_word' id='word_1_640' title='bbox 3297 3629 3701 3685; x_wconf 88' lang='lat' dir='ltr'><strong>remissionem</strong></span> 
     </span>
    </p>
   </div>
   <div class='ocr_carea' id='block_1_86' title="bbox 2058 3718 3699 3794">
    <p class='ocr_par' dir='ltr' id='par_1_86' title="bbox 2058 3718 3699 3794">
     <span class='ocr_line' id='line_1_86' title="bbox 2058 3718 3699 3794; baseline -0.001 -17"><span class='ocrx_word' id='word_1_641' title='bbox 2058 3737 2270 3794; x_wconf 88' lang='lat' dir='ltr'><strong>magno</strong></span> <span class='ocrx_word' id='word_1_642' title='bbox 2321 3721 2563 3777; x_wconf 70' lang='lat' dir='ltr'><strong>affectus</strong></span> <span class='ocrx_word' id='word_1_643' title='bbox 2593 3725 2678 3777; x_wconf 89' lang='lat' dir='ltr'><strong>est</strong></span> <span class='ocrx_word' id='word_1_644' title='bbox 2715 3720 3016 3788; x_wconf 81' lang='lat' dir='ltr'><strong>beneflcio,</strong></span> <span class='ocrx_word' id='word_1_645' title='bbox 3050 3719 3204 3775; x_wconf 91' lang='lat' dir='ltr'><strong>unde</strong></span> <span class='ocrx_word' id='word_1_646' title='bbox 3251 3734 3316 3774; x_wconf 90' lang='lat' dir='ltr'><strong>eo</strong></span> <span class='ocrx_word' id='word_1_647' title='bbox 3356 3718 3487 3789; x_wconf 91' lang='lat' dir='ltr'><strong>plus</strong></span> <span class='ocrx_word' id='word_1_648' title='bbox 3525 3722 3699 3790; x_wconf 89' lang='lat' dir='ltr'><strong>atque</strong></span> 
     </span>
    </p>
   </div>
   <div class='ocr_carea' id='block_1_87' title="bbox 2058 3806 3697 3877">
    <p class='ocr_par' dir='ltr' id='par_1_87' title="bbox 2058 3806 3697 3877">
     <span class='ocr_line' id='line_1_87' title="bbox 2058 3806 3697 3877; baseline -0.002 -11"><span class='ocrx_word' id='word_1_649' title='bbox 2058 3811 2457 3867; x_wconf 90' lang='lat' dir='ltr'><strong>vehementius</strong></span> <span class='ocrx_word' id='word_1_650' title='bbox 2485 3826 2620 3866; x_wconf 90' lang='lat' dir='ltr'><strong>eum</strong></span> <span class='ocrx_word' id='word_1_651' title='bbox 2668 3825 2864 3865; x_wconf 90' lang='lat' dir='ltr'><strong>amare</strong></span> <span class='ocrx_word' id='word_1_652' title='bbox 2908 3809 3189 3865; x_wconf 91' lang='lat' dir='ltr'><strong>debuerit.</strong></span> <span class='ocrx_word' id='word_1_653' title='bbox 3229 3806 3448 3863; x_wconf 89' lang='lat' dir='ltr'><strong>Deinde</strong></span> <span class='ocrx_word' id='word_1_654' title='bbox 3495 3808 3697 3877; x_wconf 85' lang='lat' dir='ltr'><strong>viator,</strong></span> 
     </span>
    </p>
   </div>
   <div class='ocr_carea' id='block_1_88' title="bbox 2058 3897 3707 3972">
    <p class='ocr_par' dir='ltr' id='par_1_88' title="bbox 2058 3897 3707 3972">
     <span class='ocr_line' id='line_1_88' title="bbox 2058 3897 3707 3972; baseline -0.001 -17"><span class='ocrx_word' id='word_1_655' title='bbox 2058 3901 2158 3972; x_wconf 89' lang='lat' dir='ltr'><strong>qui</strong></span> <span class='ocrx_word' id='word_1_656' title='bbox 2193 3901 2251 3955; x_wconf 90' lang='lat' dir='ltr'><strong>in</strong></span> <span class='ocrx_word' id='word_1_657' title='bbox 2283 3901 2581 3971; x_wconf 69' lang='lat' dir='ltr'><strong>praedones</strong></span> <span class='ocrx_word' id='word_1_658' title='bbox 2613 3900 2838 3963; x_wconf 90' lang='lat' dir='ltr'><strong>incidit,</strong></span> <span class='ocrx_word' id='word_1_659' title='bbox 2881 3904 2937 3956; x_wconf 91' lang='lat' dir='ltr'><strong>et</strong></span> <span class='ocrx_word' id='word_1_660' title='bbox 2983 3916 3018 3955; x_wconf 91' lang='lat' dir='ltr'><strong>a</strong></span> <span class='ocrx_word' id='word_1_661' title='bbox 3058 3897 3430 3953; x_wconf 88' lang='lat' dir='ltr'><strong>Samaritano</strong></span> <span class='ocrx_word' id='word_1_662' title='bbox 3461 3902 3707 3953; x_wconf 90' lang='lat' dir='ltr'><strong>curatu-</strong></span> 
     </span>
    </p>
   </div>
   <div class='ocr_carea' id='block_1_89' title="bbox 2060 3988 3706 4059">
    <p class='ocr_par' dir='ltr' id='par_1_89' title="bbox 2060 3988 3706 4059">
     <span class='ocr_line' id='line_1_89' title="bbox 2060 3988 3706 4059; baseline -0.001 -15"><span class='ocrx_word' id='word_1_663' title='bbox 2060 4004 2179 4044; x_wconf 87' lang='lat' dir='ltr'><strong>ram</strong></span> <span class='ocrx_word' id='word_1_664' title='bbox 2232 3988 2500 4047; x_wconf 83' lang='lat' dir='ltr'><strong>obtinuit.</strong></span> <span class='ocrx_word' id='word_1_665' title='bbox 2535 3989 2620 4044; x_wconf 86' lang='lat' dir='ltr'><strong>Ad</strong></span> <span class='ocrx_word' id='word_1_666' title='bbox 2654 3989 2772 4045; x_wconf 72' lang='lat' dir='ltr'><strong>haec</strong></span> <span class='ocrx_word' id='word_1_667' title='bbox 2804 3988 2855 4044; x_wconf 90' lang='lat' dir='ltr'><strong>is</strong></span> <span class='ocrx_word' id='word_1_668' title='bbox 2890 3988 2991 4059; x_wconf 90' lang='lat' dir='ltr'><strong>qui</strong></span> <span class='ocrx_word' id='word_1_669' title='bbox 3029 3989 3379 4059; x_wconf 82' lang='lat' dir='ltr'><strong>intempesta</strong></span> <span class='ocrx_word' id='word_1_670' title='bbox 3408 3991 3578 4043; x_wconf 91' lang='lat' dir='ltr'><strong>nocte</strong></span> <span class='ocrx_word' id='word_1_671' title='bbox 3609 4003 3706 4043; x_wconf 88' lang='lat' dir='ltr'><strong>ac-</strong></span> 
     </span>
    </p>
   </div>
   <div class='ocr_carea' id='block_1_90' title="bbox 2060 4075 3711 4150">
    <p class='ocr_par' dir='ltr' id='par_1_90' title="bbox 2060 4075 3711 4150">
     <span class='ocr_line' id='line_1_90' title="bbox 2060 4075 3711 4150; baseline -0.001 -16"><span class='ocrx_word' id='word_1_672' title='bbox 2060 4079 2233 4143; x_wconf 88' lang='lat' dir='ltr'><strong>cedit,</strong></span> <span class='ocrx_word' id='word_1_673' title='bbox 2286 4077 2751 4149; x_wconf 88' lang='lat' dir='ltr'><strong>importunitate,</strong></span> <span class='ocrx_word' id='word_1_674' title='bbox 2801 4079 2952 4149; x_wconf 90' lang='lat' dir='ltr'><strong>quod</strong></span> <span class='ocrx_word' id='word_1_675' title='bbox 3022 4075 3185 4150; x_wconf 89' lang='lat' dir='ltr'><strong>petit,</strong></span> <span class='ocrx_word' id='word_1_676' title='bbox 3243 4075 3530 4147; x_wconf 89' lang='lat' dir='ltr'><strong>impetrat.</strong></span> <span class='ocrx_word' id='word_1_677' title='bbox 3567 4078 3711 4133; x_wconf 91' lang='lat' dir='ltr'><strong>Item</strong></span> 
     </span>
    </p>
   </div>
   <div class='ocr_carea' id='block_1_91' title="bbox 2062 4166 3709 4241">
    <p class='ocr_par' dir='ltr' id='par_1_91' title="bbox 2062 4166 3709 4241">
     <span class='ocr_line' id='line_1_91' title="bbox 2062 4166 3709 4241; baseline 0 -17"><span class='ocrx_word' id='word_1_678' title='bbox 2062 4175 2224 4241; x_wconf 86' lang='lat' dir='ltr'><strong>pater</strong></span> <span class='ocrx_word' id='word_1_679' title='bbox 2273 4184 2450 4239; x_wconf 88' lang='lat' dir='ltr'><strong>puero</strong></span> <span class='ocrx_word' id='word_1_680' title='bbox 2481 4168 2730 4240; x_wconf 88' lang='lat' dir='ltr'><strong>cogenti,</strong></span> <span class='ocrx_word' id='word_1_681' title='bbox 2779 4182 2898 4224; x_wconf 87' lang='lat' dir='ltr'><strong>non</strong></span> <span class='ocrx_word' id='word_1_682' title='bbox 2956 4184 3050 4223; x_wconf 90' lang='lat' dir='ltr'><strong>res</strong></span> <span class='ocrx_word' id='word_1_683' title='bbox 3100 4166 3309 4237; x_wconf 88' lang='lat' dir='ltr'><strong>malas,</strong></span> <span class='ocrx_word' id='word_1_684' title='bbox 3356 4170 3421 4221; x_wconf 90' lang='lat' dir='ltr'><strong>ut</strong></span> <span class='ocrx_word' id='word_1_685' title='bbox 3452 4166 3709 4239; x_wconf 85' lang='lat' dir='ltr'><strong>lapidem</strong></span> 
     </span>
    </p>
   </div>
   <div class='ocr_carea' id='block_1_92' title="bbox 2061 4257 3714 4329">
    <p class='ocr_par' dir='ltr' id='par_1_92' title="bbox 2061 4257 3714 4329">
     <span class='ocr_line' id='line_1_92' title="bbox 2061 4257 3714 4329; baseline -0.001 -15"><span class='ocrx_word' id='word_1_686' title='bbox 2061 4264 2165 4314; x_wconf 88' lang='lat' dir='ltr'><strong>aut</strong></span> <span class='ocrx_word' id='word_1_687' title='bbox 2195 4258 2583 4328; x_wconf 88' lang='lat' dir='ltr'><strong>scorpionem,</strong></span> <span class='ocrx_word' id='word_1_688' title='bbox 2609 4258 2891 4313; x_wconf 89' lang='lat' dir='ltr'><strong>tribuens.</strong></span> <span class='ocrx_word' id='word_1_689' title='bbox 2926 4257 3210 4313; x_wconf 65' lang='lat' dir='ltr'><strong>Praeterea</strong></span> <span class='ocrx_word' id='word_1_690' title='bbox 3265 4258 3516 4329; x_wconf 84' lang='lat' dir='ltr'><strong>spiritus</strong></span> <span class='ocrx_word' id='word_1_691' title='bbox 3549 4257 3714 4313; x_wconf 86' lang='lat' dir='ltr'><strong>mali-</strong></span> 
     </span>
    </p>
   </div>
   <div class='ocr_carea' id='block_1_93' title="bbox 2060 4345 3706 4419">
    <p class='ocr_par' dir='ltr' id='par_1_93' title="bbox 2060 4345 3706 4419">
     <span class='ocr_line' id='line_1_93' title="bbox 2060 4345 3706 4419; baseline -0.001 -17"><span class='ocrx_word' id='word_1_692' title='bbox 2060 4364 2208 4418; x_wconf 86' lang='lat' dir='ltr'><strong>gnus</strong></span> <span class='ocrx_word' id='word_1_693' title='bbox 2240 4347 2481 4402; x_wconf 91' lang='lat' dir='ltr'><strong>domum</strong></span> <span class='ocrx_word' id='word_1_694' title='bbox 2513 4347 2703 4417; x_wconf 89' lang='lat' dir='ltr'><strong>scopis</strong></span> <span class='ocrx_word' id='word_1_695' title='bbox 2736 4350 3041 4419; x_wconf 86' lang='lat' dir='ltr'><strong>purgatam</strong></span> <span class='ocrx_word' id='word_1_696' title='bbox 3064 4345 3451 4414; x_wconf 88' lang='lat' dir='ltr'><strong>invenisns,et</strong></span> <span class='ocrx_word' id='word_1_697' title='bbox 3478 4345 3539 4402; x_wconf 91' lang='lat' dir='ltr'><strong>in</strong></span> <span class='ocrx_word' id='word_1_698' title='bbox 3574 4360 3706 4402; x_wconf 90' lang='lat' dir='ltr'><strong>eam</strong></span> 
     </span>
    </p>
   </div>
   <div class='ocr_carea' id='block_1_94' title="bbox 2064 4434 3713 4507">
    <p class='ocr_par' dir='ltr' id='par_1_94' title="bbox 2064 4434 3713 4507">
     <span class='ocr_line' id='line_1_94' title="bbox 2064 4434 3713 4507; baseline -0.001 -15"><span class='ocrx_word' id='word_1_699' title='bbox 2064 4453 2198 4492; x_wconf 89' lang='lat' dir='ltr'><strong>cum</strong></span> <span class='ocrx_word' id='word_1_700' title='bbox 2228 4436 2358 4491; x_wconf 89' lang='lat' dir='ltr'><strong>aliis</strong></span> <span class='ocrx_word' id='word_1_701' title='bbox 2404 4440 2627 4504; x_wconf 89' lang='lat' dir='ltr'><strong>septem</strong></span> <span class='ocrx_word' id='word_1_702' title='bbox 2679 4434 3049 4507; x_wconf 86' lang='lat' dir='ltr'><strong>immigraus,</strong></span> <span class='ocrx_word' id='word_1_703' title='bbox 3099 4436 3509 4507; x_wconf 87' lang='lat' dir='ltr'><strong>prioribusque</strong></span> <span class='ocrx_word' id='word_1_704' title='bbox 3547 4436 3713 4491; x_wconf 86' lang='lat' dir='ltr'><strong>dete-</strong></span> 
     </span>
    </p>
   </div>
   <div class='ocr_carea' id='block_1_95' title="bbox 2065 4525 3724 4598">
    <p class='ocr_par' dir='ltr' id='par_1_95' title="bbox 2065 4525 3724 4598">
     <span class='ocr_line' id='line_1_95' title="bbox 2065 4525 3724 4598; baseline -0.002 -15"><span class='ocrx_word' id='word_1_705' title='bbox 2065 4529 2218 4583; x_wconf 91' lang='lat' dir='ltr'><strong>riora</strong></span> <span class='ocrx_word' id='word_1_706' title='bbox 2255 4526 2489 4583; x_wconf 83' lang='lat' dir='ltr'><strong>faciens.</strong></span> <span class='ocrx_word' id='word_1_707' title='bbox 2520 4526 2777 4585; x_wconf 86' lang='lat' dir='ltr'><strong>Observa</strong></span> <span class='ocrx_word' id='word_1_708' title='bbox 2816 4525 2959 4580; x_wconf 89' lang='lat' dir='ltr'><strong>mihi</strong></span> <span class='ocrx_word' id='word_1_709' title='bbox 3008 4534 3061 4582; x_wconf 91' lang='lat' dir='ltr'><strong>et</strong></span> <span class='ocrx_word' id='word_1_710' title='bbox 3090 4542 3344 4594; x_wconf 89' lang='lat' dir='ltr'><strong>servum,</strong></span> <span class='ocrx_word' id='word_1_711' title='bbox 3374 4527 3475 4598; x_wconf 88' lang='lat' dir='ltr'><strong>qui</strong></span> <span class='ocrx_word' id='word_1_712' title='bbox 3512 4542 3580 4581; x_wconf 89' lang='lat' dir='ltr'><strong>ex</strong></span> <span class='ocrx_word' id='word_1_713' title='bbox 3612 4542 3724 4581; x_wconf 90' lang='lat' dir='ltr'><strong>nu-</strong></span> 
     </span>
    </p>
   </div>
   <div class='ocr_carea' id='block_1_96' title="bbox 318 4608 1945 4698">
    <p class='ocr_par' dir='ltr' id='par_1_96' title="bbox 318 4608 1945 4693">
     <span class='ocr_line' id='line_1_96' title="bbox 318 4608 1945 4693; baseline -0.002 -29"><span class='ocrx_word' id='word_1_714' title='bbox 318 4608 643 4685; x_wconf 83' lang='grc' dir='ltr'>ἐγγειτόνων</span> <span class='ocrx_word' id='word_1_715' title='bbox 681 4610 947 4679; x_wconf 79' lang='grc' dir='ltr'>καλοῦσα,</span> <span class='ocrx_word' id='word_1_716' title='bbox 986 4612 1077 4666; x_wconf 90' lang='grc' dir='ltr'><strong>καὶ</strong></span> <span class='ocrx_word' id='word_1_717' title='bbox 1128 4613 1414 4693; x_wconf 68' lang='grc' dir='ltr'>ὑπερφυῶς</span> <span class='ocrx_word' id='word_1_718' title='bbox 1461 4616 1748 4692; x_wconf 89' lang='grc' dir='ltr'>χαίρουσα.</span> <span class='ocrx_word' id='word_1_719' title='bbox 1781 4618 1945 4674; x_wconf 81' lang='grc' dir='ltr'>Ἀσω.</span> 
     </span>
    </p>
   </div>
   <div class='ocr_carea' id='block_1_97' title="bbox 2052 4608 3715 4698">
    <p class='ocr_par' dir='ltr' id='par_1_97' title="bbox 2073 4616 3715 4691">
     <span class='ocr_line' id='line_1_97' title="bbox 2073 4616 3715 4691; baseline -0.002 -18"><span class='ocrx_word' id='word_1_720' title='bbox 2073 4621 2203 4691; x_wconf 84' lang='lat' dir='ltr'><strong>ptiis</strong></span> <span class='ocrx_word' id='word_1_721' title='bbox 2230 4619 2535 4674; x_wconf 91' lang='lat' dir='ltr'><strong>dominum</strong></span> <span class='ocrx_word' id='word_1_722' title='bbox 2568 4619 2905 4675; x_wconf 90' lang='lat' dir='ltr'><strong>redeuntem</strong></span> <span class='ocrx_word' id='word_1_723' title='bbox 2937 4622 3259 4690; x_wconf 88' lang='lat' dir='ltr'><strong>exspectat.</strong></span> <span class='ocrx_word' id='word_1_724' title='bbox 3292 4617 3407 4673; x_wconf 88' lang='lat' dir='ltr'><strong>Nec</strong></span> <span class='ocrx_word' id='word_1_725' title='bbox 3431 4616 3626 4671; x_wconf 90' lang='lat' dir='ltr'><strong>minus</strong></span> <span class='ocrx_word' id='word_1_726' title='bbox 3658 4620 3715 4672; x_wconf 90' lang='lat' dir='ltr'><strong>et</strong></span> 
     </span>
    </p>
   </div>
   <div class='ocr_carea' id='block_1_98' title="bbox 317 4699 1959 4779">
    <p class='ocr_par' dir='ltr' id='par_1_98' title="bbox 317 4699 1959 4779">
     <span class='ocr_line' id='line_1_98' title="bbox 317 4699 1959 4779; baseline 0.005 -27"><span class='ocrx_word' id='word_1_727' title='bbox 317 4700 407 4762; x_wconf 86' lang='grc' dir='ltr'><strong>τός</strong></span> <span class='ocrx_word' id='word_1_728' title='bbox 453 4719 512 4753; x_wconf 81' lang='grc' dir='ltr'><strong>τε</strong></span> <span class='ocrx_word' id='word_1_729' title='bbox 560 4699 725 4775; x_wconf 83' lang='grc' dir='ltr'>πατρὶ</span> <span class='ocrx_word' id='word_1_730' title='bbox 770 4703 1042 4772; x_wconf 87' lang='grc' dir='ltr'>συμπαθεῖ</span> <span class='ocrx_word' id='word_1_731' title='bbox 1091 4703 1353 4775; x_wconf 87' lang='grc' dir='ltr'>προσιὼν,</span> <span class='ocrx_word' id='word_1_732' title='bbox 1404 4704 1493 4758; x_wconf 87' lang='grc' dir='ltr'><strong>καὶ</strong></span> <span class='ocrx_word' id='word_1_733' title='bbox 1546 4712 1644 4774; x_wconf 87' lang='grc' dir='ltr'><strong>τῆς</strong></span> <span class='ocrx_word' id='word_1_734' title='bbox 1692 4713 1959 4779; x_wconf 80' lang='grc' dir='ltr'>πατρικῆς</span> 
     </span>
    </p>
   </div>
   <div class='ocr_carea' id='block_1_99' title="bbox 318 4786 1960 4867">
    <p class='ocr_par' dir='ltr' id='par_1_99' title="bbox 318 4786 1960 4867">
     <span class='ocr_line' id='line_1_99' title="bbox 318 4786 1960 4867; baseline 0.005 -25"><span class='ocrx_word' id='word_1_735' title='bbox 318 4788 590 4851; x_wconf 71' lang='grc' dir='ltr'>υἱοθεσίας</span> <span class='ocrx_word' id='word_1_736' title='bbox 638 4790 785 4863; x_wconf 82' lang='grc' dir='ltr'>παρὰ</span> <span class='ocrx_word' id='word_1_737' title='bbox 830 4786 985 4860; x_wconf 79' lang='grc' dir='ltr'>δόξαν</span> <span class='ocrx_word' id='word_1_738' title='bbox 1034 4790 1493 4865; x_wconf 81' lang='grc' dir='ltr'>καταξιούμένος·</span> <span class='ocrx_word' id='word_1_739' title='bbox 1539 4794 1850 4867; x_wconf 83' lang='grc' dir='ltr'>οἰκονόμος,</span> <span class='ocrx_word' id='word_1_740' title='bbox 1901 4817 1960 4852; x_wconf 89' lang='grc' dir='ltr'><strong>τε</strong></span> 
     </span>
    </p>
   </div>
   <div class='ocr_carea' id='block_1_100' title="bbox 317 4876 1962 4960">
    <p class='ocr_par' dir='ltr' id='par_1_100' title="bbox 317 4876 1962 4960">
     <span class='ocr_line' id='line_1_100' title="bbox 317 4876 1962 4960; baseline 0.005 -28"><span class='ocrx_word' id='word_1_741' title='bbox 317 4885 414 4946; x_wconf 87' lang='grc' dir='ltr'><strong>τῆς</strong></span> <span class='ocrx_word' id='word_1_742' title='bbox 473 4877 652 4948; x_wconf 85' lang='grc' dir='ltr'>καλῆς</span> <span class='ocrx_word' id='word_1_743' title='bbox 704 4876 915 4941; x_wconf 83' lang='grc' dir='ltr'>ἀδικίας</span> <span class='ocrx_word' id='word_1_744' title='bbox 961 4878 1021 4934; x_wconf 80' lang='grc' dir='ltr'><strong>ἐκ</strong></span> <span class='ocrx_word' id='word_1_745' title='bbox 1076 4880 1418 4954; x_wconf 75' lang='grc' dir='ltr'>προμηθείας</span> <span class='ocrx_word' id='word_1_746' title='bbox 1463 4880 1644 4952; x_wconf 80' lang='grc' dir='ltr'>ἄλλην</span> <span class='ocrx_word' id='word_1_747' title='bbox 1691 4886 1851 4960; x_wconf 88' lang='grc' dir='ltr'>χάριν</span> <span class='ocrx_word' id='word_1_748' title='bbox 1903 4885 1962 4941; x_wconf 87' lang='grc' dir='ltr'><strong>ἐκ</strong></span> 
     </span>
    </p>
   </div>
   <div class='ocr_carea' id='block_1_101' title="bbox 318 4967 1960 5047">
    <p class='ocr_par' dir='ltr' id='par_1_101' title="bbox 318 4967 1960 5047">
     <span class='ocr_line' id='line_1_101' title="bbox 318 4967 1960 5047; baseline 0.005 -26"><span class='ocrx_word' id='word_1_749' title='bbox 318 4972 425 5022; x_wconf 85' lang='grc' dir='ltr'><strong>τῶν</strong></span> <span class='ocrx_word' id='word_1_750' title='bbox 476 4972 657 5043; x_wconf 87' lang='grc' dir='ltr'>χρεῶν</span> <span class='ocrx_word' id='word_1_751' title='bbox 713 4967 1112 5044; x_wconf 80' lang='grc' dir='ltr'>ὑφαιρούμενος</span> <span class='ocrx_word' id='word_1_752' title='bbox 1146 4986 1160 5000; x_wconf 88' lang='grc'><strong>·</strong></span> <span class='ocrx_word' id='word_1_753' title='bbox 1212 4973 1302 5025; x_wconf 85' lang='grc' dir='ltr'>καί</span> <span class='ocrx_word' id='word_1_754' title='bbox 1353 4972 1521 5043; x_wconf 86' lang='grc' dir='ltr'>πένης</span> <span class='ocrx_word' id='word_1_755' title='bbox 1574 4973 1817 5047; x_wconf 80' lang='grc' dir='ltr'>Λάζαρος</span> <span class='ocrx_word' id='word_1_756' title='bbox 1863 4971 1960 5029; x_wconf 76' lang='grc' dir='ltr'>’έλ-</span> 
     </span>
    </p>
   </div>
   <div class='ocr_carea' id='block_1_102' title="bbox 319 5058 1959 5142">
    <p class='ocr_par' dir='ltr' id='par_1_102' title="bbox 319 5058 1959 5142">
     <span class='ocr_line' id='line_1_102' title="bbox 319 5058 1959 5142; baseline 0.004 -30"><span class='ocrx_word' id='word_1_757' title='bbox 319 5078 432 5113; x_wconf 84' lang='grc' dir='ltr'>κεσι</span> <span class='ocrx_word' id='word_1_758' title='bbox 466 5058 673 5134; x_wconf 87' lang='grc' dir='ltr'>βρύων,</span> <span class='ocrx_word' id='word_1_759' title='bbox 719 5058 808 5114; x_wconf 86' lang='grc' dir='ltr'><strong>καὶ</strong></span> <span class='ocrx_word' id='word_1_760' title='bbox 855 5058 1183 5128; x_wconf 80' lang='grc' dir='ltr'>ἀσυμπαθὴς</span> <span class='ocrx_word' id='word_1_761' title='bbox 1233 5058 1498 5124; x_wconf 89' lang='grc' dir='ltr'>πλούσιος</span> <span class='ocrx_word' id='word_1_762' title='bbox 1529 5060 1580 5117; x_wconf 83' lang='grc' dir='ltr'><strong>ἐν</strong></span> <span class='ocrx_word' id='word_1_763' title='bbox 1614 5063 1747 5135; x_wconf 78' lang='grc' dir='ltr'>μέσῃ</span> <span class='ocrx_word' id='word_1_764' title='bbox 1795 5062 1959 5142; x_wconf 76' lang='grc' dir='ltr'>φλογὶ</span> 
     </span>
    </p>
   </div>
   <div class='ocr_carea' id='block_1_103' title="bbox 318 5145 1960 5222">
    <p class='ocr_par' dir='ltr' id='par_1_103' title="bbox 318 5145 1960 5222">
     <span class='ocr_line' id='line_1_103' title="bbox 318 5145 1960 5222; baseline 0.004 -19"><span class='ocrx_word' id='word_1_765' title='bbox 318 5154 417 5217; x_wconf 86' lang='grc' dir='ltr'><strong>τῆς</strong></span> <span class='ocrx_word' id='word_1_766' title='bbox 444 5149 685 5220; x_wconf 86' lang='grc' dir='ltr'>καμίνου</span> <span class='ocrx_word' id='word_1_767' title='bbox 727 5145 921 5222; x_wconf 90' lang='grc' dir='ltr'>δρόσον</span> <span class='ocrx_word' id='word_1_768' title='bbox 966 5148 1154 5205; x_wconf 81' lang='grc' dir='ltr'>αἰτῶν.</span> <span class='ocrx_word' id='word_1_769' title='bbox 1206 5150 1331 5206; x_wconf 78' lang='grc' dir='ltr'>Ἐπὶ</span> <span class='ocrx_word' id='word_1_770' title='bbox 1374 5150 1588 5212; x_wconf 82' lang='grc' dir='ltr'>τούτοις</span> <span class='ocrx_word' id='word_1_771' title='bbox 1639 5151 1728 5207; x_wconf 80' lang='grc' dir='ltr'><strong>καὶ</strong></span> <span class='ocrx_word' id='word_1_772' title='bbox 1780 5151 1960 5209; x_wconf 85' lang='grc' dir='ltr'>τελώ-</span> 
     </span>
    </p>
   </div>
   <div class='ocr_carea' id='block_1_104' title="bbox 318 5238 1962 5321">
    <p class='ocr_par' dir='ltr' id='par_1_104' title="bbox 318 5238 1962 5321">
     <span class='ocr_line' id='line_1_104' title="bbox 318 5238 1962 5321; baseline 0.003 -28"><span class='ocrx_word' id='word_1_773' title='bbox 318 5257 438 5308; x_wconf 83' lang='grc' dir='ltr'>νης,</span> <span class='ocrx_word' id='word_1_774' title='bbox 488 5238 705 5293; x_wconf 83' lang='grc' dir='ltr'>τύπτων</span> <span class='ocrx_word' id='word_1_775' title='bbox 759 5239 853 5311; x_wconf 72' lang='grc' dir='ltr'>μὲν</span> <span class='ocrx_word' id='word_1_776' title='bbox 894 5238 959 5294; x_wconf 82' lang='grc' dir='ltr'>τὸ</span> <span class='ocrx_word' id='word_1_777' title='bbox 1010 5240 1208 5308; x_wconf 83' lang='grc' dir='ltr'>στῆθος</span> <span class='ocrx_word' id='word_1_778' title='bbox 1253 5239 1702 5314; x_wconf 85' lang='grc' dir='ltr'>τεταπεινωμένῳ</span> <span class='ocrx_word' id='word_1_779' title='bbox 1756 5244 1962 5321; x_wconf 72' lang='grc' dir='ltr'>φρονή-</span> 
     </span>
    </p>
   </div>
   <div class='ocr_carea' id='block_1_105' title="bbox 326 5326 1959 5410">
    <p class='ocr_par' dir='ltr' id='par_1_105' title="bbox 326 5326 1959 5410">
     <span class='ocr_line' id='line_1_105' title="bbox 326 5326 1959 5410; baseline 0.003 -28"><span class='ocrx_word' id='word_1_780' title='bbox 326 5348 474 5399; x_wconf 85' lang='grc' dir='ltr'>ματι,</span> <span class='ocrx_word' id='word_1_781' title='bbox 524 5327 614 5383; x_wconf 85' lang='grc' dir='ltr'><strong>καὶ</strong></span> <span class='ocrx_word' id='word_1_782' title='bbox 664 5326 923 5404; x_wconf 78' lang='grc' dir='ltr'>οὐρανοὺς</span> <span class='ocrx_word' id='word_1_783' title='bbox 972 5327 1206 5405; x_wconf 83' lang='grc' dir='ltr'>ἀνοίγων</span> <span class='ocrx_word' id='word_1_784' title='bbox 1238 5347 1252 5363; x_wconf 74' lang='grc' dir='ltr'><strong>ο</strong></span> <span class='ocrx_word' id='word_1_785' title='bbox 1300 5335 1594 5404; x_wconf 80' lang='grc' dir='ltr'>Φαρισαῖος</span> <span class='ocrx_word' id='word_1_786' title='bbox 1628 5328 1686 5387; x_wconf 66' lang='grc' dir='ltr'>δὲ</span> <span class='ocrx_word' id='word_1_787' title='bbox 1714 5333 1776 5387; x_wconf 82' lang='grc' dir='ltr'>τὸ</span> <span class='ocrx_word' id='word_1_788' title='bbox 1804 5332 1959 5410; x_wconf 79' lang='grc' dir='ltr'>τύφῳ</span> 
     </span>
    </p>
   </div>
   <div class='ocr_carea' id='block_1_106' title="bbox 322 5416 1961 5494">
    <p class='ocr_par' dir='ltr' id='par_1_106' title="bbox 322 5416 1961 5494">
     <span class='ocr_line' id='line_1_106' title="bbox 322 5416 1961 5494; baseline 0.002 -22"><span class='ocrx_word' id='word_1_789' title='bbox 322 5421 459 5489; x_wconf 82' lang='grc' dir='ltr'><strong>κενῷ</strong></span> <span class='ocrx_word' id='word_1_790' title='bbox 505 5420 583 5489; x_wconf 79' lang='grc' dir='ltr'>τῷ</span> <span class='ocrx_word' id='word_1_791' title='bbox 634 5417 896 5491; x_wconf 76' lang='grc' dir='ltr'>ὖψοῦσθαι</span> <span class='ocrx_word' id='word_1_792' title='bbox 951 5416 1165 5472; x_wconf 89' lang='grc' dir='ltr'>πίπτων</span> <span class='ocrx_word' id='word_1_793' title='bbox 1218 5420 1436 5493; x_wconf 84' lang='grc' dir='ltr'>χαμαί’</span> <span class='ocrx_word' id='word_1_794' title='bbox 1483 5421 1632 5476; x_wconf 82' lang='grc' dir='ltr'>καὶὸ</span> <span class='ocrx_word' id='word_1_795' title='bbox 1663 5422 1772 5476; x_wconf 86' lang='grc' dir='ltr'><strong>τῶν</strong></span> <span class='ocrx_word' id='word_1_796' title='bbox 1818 5424 1961 5494; x_wconf 89' lang='grc' dir='ltr'>μνῶν</span> 
     </span>
    </p>
   </div>
   <div class='ocr_carea' id='block_1_107' title="bbox 328 5502 1957 5583">
    <p class='ocr_par' dir='ltr' id='par_1_107' title="bbox 328 5502 1957 5583">
     <span class='ocr_line' id='line_1_107' title="bbox 328 5502 1957 5583; baseline 0.004 -23"><span class='ocrx_word' id='word_1_797' title='bbox 328 5508 614 5581; x_wconf 85' lang='grc' dir='ltr'>μερισμὸς,</span> <span class='ocrx_word' id='word_1_798' title='bbox 655 5510 771 5569; x_wconf 86' lang='grc' dir='ltr'>τοῖς</span> <span class='ocrx_word' id='word_1_799' title='bbox 812 5504 941 5561; x_wconf 85' lang='grc' dir='ltr'>δέκα</span> <span class='ocrx_word' id='word_1_800' title='bbox 984 5502 1206 5569; x_wconf 86' lang='grc' dir='ltr'>δούλοις</span> <span class='ocrx_word' id='word_1_801' title='bbox 1258 5505 1667 5583; x_wconf 87' lang='grc' dir='ltr'>διανεμόμενος.</span> <span class='ocrx_word' id='word_1_802' title='bbox 1718 5508 1874 5566; x_wconf 85' lang='grc' dir='ltr'>Ἀλλ’</span> <span class='ocrx_word' id='word_1_803' title='bbox 1905 5510 1957 5567; x_wconf 88' lang='grc' dir='ltr'><strong>ἐν</strong></span> 
     </span>
    </p>
   </div>
   <div class='ocr_carea' id='block_1_108' title="bbox 321 5591 1959 5672">
    <p class='ocr_par' dir='ltr' id='par_1_108' title="bbox 321 5591 1959 5672">
     <span class='ocr_line' id='line_1_108' title="bbox 321 5591 1959 5672; baseline 0.003 -22"><span class='ocrx_word' id='word_1_804' title='bbox 321 5595 535 5658; x_wconf 88' lang='grc' dir='ltr'>τούτοις</span> <span class='ocrx_word' id='word_1_805' title='bbox 598 5599 692 5670; x_wconf 76' lang='grc' dir='ltr'><strong>μὶν</strong></span> <span class='ocrx_word' id='word_1_806' title='bbox 740 5595 832 5651; x_wconf 81' lang='grc' dir='ltr'><strong>καὶ</strong></span> <span class='ocrx_word' id='word_1_807' title='bbox 880 5596 936 5651; x_wconf 77' lang='grc' dir='ltr'>αἱ</span> <span class='ocrx_word' id='word_1_808' title='bbox 992 5591 1305 5672; x_wconf 77' lang='grc' dir='ltr'>παραϐολαί</span> <span class='ocrx_word' id='word_1_809' title='bbox 1343 5618 1357 5633; x_wconf 90' lang='grc'><strong>·</strong></span> <span class='ocrx_word' id='word_1_810' title='bbox 1420 5601 1535 5672; x_wconf 88' lang='grc' dir='ltr'>μεθ’</span> <span class='ocrx_word' id='word_1_811' title='bbox 1591 5600 1664 5654; x_wconf 85' lang='grc' dir='ltr'><strong>ῶν</strong></span> <span class='ocrx_word' id='word_1_812' title='bbox 1708 5600 1796 5655; x_wconf 84' lang='grc' dir='ltr'><strong>καί</strong></span> <span class='ocrx_word' id='word_1_813' title='bbox 1839 5621 1959 5655; x_wconf 90' lang='grc' dir='ltr'>τινα</span> 
     </span>
    </p>
   </div>
   <div class='ocr_carea' id='block_1_109' title="bbox 321 5681 1959 5764">
    <p class='ocr_par' dir='ltr' id='par_1_109' title="bbox 321 5681 1959 5764">
     <span class='ocr_line' id='line_1_109' title="bbox 321 5681 1959 5764; baseline 0.004 -26"><span class='ocrx_word' id='word_1_814' title='bbox 321 5683 474 5764; x_wconf 80' lang='grc' dir='ltr'>’ἐτερα</span> <span class='ocrx_word' id='word_1_815' title='bbox 520 5681 935 5760; x_wconf 72' lang='grc' dir='ltr'>αἰνιγματωδῶς</span> <span class='ocrx_word' id='word_1_816' title='bbox 982 5682 1306 5763; x_wconf 80' lang='grc' dir='ltr'>παρέπλεξε,</span> <span class='ocrx_word' id='word_1_817' title='bbox 1354 5689 1453 5760; x_wconf 78' lang='grc' dir='ltr'><strong>τήν</strong></span> <span class='ocrx_word' id='word_1_818' title='bbox 1499 5710 1558 5745; x_wconf 89' lang='grc' dir='ltr'><strong>τε</strong></span> <span class='ocrx_word' id='word_1_819' title='bbox 1605 5687 1838 5747; x_wconf 79' lang='grc' dir='ltr'>παλαιὰν</span> <span class='ocrx_word' id='word_1_820' title='bbox 1869 5687 1959 5746; x_wconf 78' lang='grc' dir='ltr'><strong>καὶ</strong></span> 
     </span>
    </p>
   </div>
   <div class='ocr_carea' id='block_1_110' title="bbox 2072 4704 3714 4779">
    <p class='ocr_par' dir='ltr' id='par_1_110' title="bbox 2072 4704 3714 4779">
     <span class='ocr_line' id='line_1_110' title="bbox 2072 4704 3714 4779; baseline -0.002 -16"><span class='ocrx_word' id='word_1_821' title='bbox 2072 4709 2272 4776; x_wconf 80' lang='lat' dir='ltr'><strong>ticum,</strong></span> <span class='ocrx_word' id='word_1_822' title='bbox 2303 4724 2429 4779; x_wconf 65' lang='lat' dir='ltr'><strong>quae</strong></span> <span class='ocrx_word' id='word_1_823' title='bbox 2458 4707 2838 4779; x_wconf 86' lang='lat' dir='ltr'><strong>tertiumjam</strong></span> <span class='ocrx_word' id='word_1_824' title='bbox 2868 4723 3088 4763; x_wconf 91' lang='lat' dir='ltr'><strong>annum</strong></span> <span class='ocrx_word' id='word_1_825' title='bbox 3120 4705 3593 4762; x_wconf 87' lang='lat' dir='ltr'><strong>stercorationem</strong></span> <span class='ocrx_word' id='word_1_826' title='bbox 3616 4704 3714 4760; x_wconf 88' lang='lat' dir='ltr'><strong>ad-</strong></span> 
     </span>
    </p>
   </div>
   <div class='ocr_carea' id='block_1_111' title="bbox 2071 4792 3710 4868">
    <p class='ocr_par' dir='ltr' id='par_1_111' title="bbox 2071 4792 3710 4868">
     <span class='ocr_line' id='line_1_111' title="bbox 2071 4792 3710 4868; baseline -0.002 -15"><span class='ocrx_word' id='word_1_827' title='bbox 2071 4800 2308 4853; x_wconf 86' lang='lat' dir='ltr'><strong>miserat</strong></span> <span class='ocrx_word' id='word_1_828' title='bbox 2366 4813 2380 4853; x_wconf 89' lang='lat'><strong>:</strong></span> <span class='ocrx_word' id='word_1_829' title='bbox 2428 4797 2583 4868; x_wconf 91' lang='lat' dir='ltr'><strong>quod</strong></span> <span class='ocrx_word' id='word_1_830' title='bbox 2621 4801 2817 4854; x_wconf 88' lang='lat' dir='ltr'><strong>autem</strong></span> <span class='ocrx_word' id='word_1_831' title='bbox 2875 4797 3127 4854; x_wconf 80' lang='lat' dir='ltr'><strong>fructum</strong></span> <span class='ocrx_word' id='word_1_832' title='bbox 3187 4810 3301 4851; x_wconf 89' lang='lat' dir='ltr'><strong>non</strong></span> <span class='ocrx_word' id='word_1_833' title='bbox 3363 4792 3579 4863; x_wconf 87' lang='lat' dir='ltr'><strong>tulerit,</strong></span> <span class='ocrx_word' id='word_1_834' title='bbox 3635 4794 3710 4849; x_wconf 90' lang='lat' dir='ltr'><strong>ab</strong></span> 
     </span>
    </p>
   </div>
   <div class='ocr_carea' id='block_1_112' title="bbox 2070 4884 3714 4960">
    <p class='ocr_par' dir='ltr' id='par_1_112' title="bbox 2070 4884 3714 4960">
     <span class='ocr_line' id='line_1_112' title="bbox 2070 4884 3714 4960; baseline -0.003 -16"><span class='ocrx_word' id='word_1_835' title='bbox 2070 4888 2324 4960; x_wconf 84' lang='lat' dir='ltr'><strong>agricola</strong></span> <span class='ocrx_word' id='word_1_836' title='bbox 2352 4887 2546 4942; x_wconf 89' lang='lat' dir='ltr'><strong>excisa</strong></span> <span class='ocrx_word' id='word_1_837' title='bbox 2574 4886 2933 4943; x_wconf 90' lang='lat' dir='ltr'><strong>sit.Alteram</strong></span> <span class='ocrx_word' id='word_1_838' title='bbox 2954 4885 3094 4941; x_wconf 90' lang='lat' dir='ltr'><strong>item</strong></span> <span class='ocrx_word' id='word_1_839' title='bbox 3124 4884 3299 4941; x_wconf 82' lang='lat' dir='ltr'><strong>ticum</strong></span> <span class='ocrx_word' id='word_1_840' title='bbox 3324 4899 3456 4955; x_wconf 63' lang='lat' dir='ltr'><strong>qua;</strong></span> <span class='ocrx_word' id='word_1_841' title='bbox 3480 4887 3714 4954; x_wconf 90' lang='lat' dir='ltr'><strong>propter</strong></span> 
     </span>
    </p>
   </div>
   <div class='ocr_carea' id='block_1_113' title="bbox 2069 4970 3712 5045">
    <p class='ocr_par' dir='ltr' id='par_1_113' title="bbox 2069 4970 3712 5045">
     <span class='ocr_line' id='line_1_113' title="bbox 2069 4970 3712 5045; baseline -0.002 -13"><span class='ocrx_word' id='word_1_842' title='bbox 2069 4977 2435 5032; x_wconf 87' lang='lat' dir='ltr'><strong>sterilitatem</strong></span> <span class='ocrx_word' id='word_1_843' title='bbox 2466 4975 2718 5031; x_wconf 83' lang='lat' dir='ltr'><strong>arefacta</strong></span> <span class='ocrx_word' id='word_1_844' title='bbox 2747 4979 2855 5032; x_wconf 90' lang='lat' dir='ltr'><strong>est.</strong></span> <span class='ocrx_word' id='word_1_845' title='bbox 2888 4975 3131 5045; x_wconf 88' lang='lat' dir='ltr'><strong>Insuper</strong></span> <span class='ocrx_word' id='word_1_846' title='bbox 3161 4970 3468 5028; x_wconf 89' lang='lat' dir='ltr'><strong>mulierem</strong></span> <span class='ocrx_word' id='word_1_847' title='bbox 3516 4971 3712 5043; x_wconf 87' lang='lat' dir='ltr'><strong>scopis</strong></span> 
     </span>
    </p>
   </div>
   <div class='ocr_carea' id='block_1_114' title="bbox 2070 5060 3710 5138">
    <p class='ocr_par' dir='ltr' id='par_1_114' title="bbox 2070 5060 3710 5138">
     <span class='ocr_line' id='line_1_114' title="bbox 2070 5060 3710 5138; baseline -0.002 -17"><span class='ocrx_word' id='word_1_848' title='bbox 2070 5067 2306 5121; x_wconf 90' lang='lat' dir='ltr'><strong>domum</strong></span> <span class='ocrx_word' id='word_1_849' title='bbox 2357 5069 2728 5138; x_wconf 88' lang='lat' dir='ltr'><strong>purgantem,</strong></span> <span class='ocrx_word' id='word_1_850' title='bbox 2778 5069 2833 5120; x_wconf 91' lang='lat' dir='ltr'><strong>et</strong></span> <span class='ocrx_word' id='word_1_851' title='bbox 2875 5063 2949 5119; x_wconf 94' lang='lat' dir='ltr'><strong>ob</strong></span> <span class='ocrx_word' id='word_1_852' title='bbox 2996 5062 3286 5118; x_wconf 64' lang='lat' dir='ltr'><strong>drachmis</strong></span> <span class='ocrx_word' id='word_1_853' title='bbox 3318 5060 3710 5118; x_wconf 89' lang='lat' dir='ltr'><strong>inventionem</strong></span> 
     </span>
    </p>
   </div>
   <div class='ocr_carea' id='block_1_115' title="bbox 2070 5151 3714 5224">
    <p class='ocr_par' dir='ltr' id='par_1_115' title="bbox 2070 5151 3714 5224">
     <span class='ocr_line' id='line_1_115' title="bbox 2070 5151 3714 5224; baseline -0.002 -13"><span class='ocrx_word' id='word_1_854' title='bbox 2070 5157 2289 5211; x_wconf 81' lang='lat' dir='ltr'><strong>vicinas</strong></span> <span class='ocrx_word' id='word_1_855' title='bbox 2326 5160 2650 5220; x_wconf 89' lang='lat' dir='ltr'><strong>vocantem,</strong></span> <span class='ocrx_word' id='word_1_856' title='bbox 2673 5154 3066 5224; x_wconf 89' lang='lat' dir='ltr'><strong>majoremque</strong></span> <span class='ocrx_word' id='word_1_857' title='bbox 3094 5151 3154 5207; x_wconf 88' lang='lat' dir='ltr'><strong>in</strong></span> <span class='ocrx_word' id='word_1_858' title='bbox 3195 5151 3436 5208; x_wconf 91' lang='lat' dir='ltr'><strong>modum</strong></span> <span class='ocrx_word' id='word_1_859' title='bbox 3457 5152 3714 5224; x_wconf 88' lang='lat' dir='ltr'><strong>gauden-</strong></span> 
     </span>
    </p>
   </div>
   <div class='ocr_carea' id='block_1_116' title="bbox 2042 5241 3712 5316">
    <p class='ocr_par' dir='ltr' id='par_1_116' title="bbox 2042 5241 3712 5316">
     <span class='ocr_line' id='line_1_116' title="bbox 2042 5241 3712 5316; baseline -0.004 -15"><span class='ocrx_word' id='word_1_860' title='bbox 2042 5251 2206 5302; x_wconf 75' lang='lat' dir='ltr'><strong>tem.</strong></span> <span class='ocrx_word' id='word_1_861' title='bbox 2249 5245 2345 5300; x_wconf 84' lang='lat' dir='ltr'><strong>Est</strong></span> <span class='ocrx_word' id='word_1_862' title='bbox 2373 5248 2646 5316; x_wconf 61' lang='lat' dir='ltr'><strong>prasterea</strong></span> <span class='ocrx_word' id='word_1_863' title='bbox 2674 5242 2811 5297; x_wconf 83' lang='lat' dir='ltr'><strong>luxu</strong></span> <span class='ocrx_word' id='word_1_864' title='bbox 2870 5242 3134 5314; x_wconf 89' lang='lat' dir='ltr'><strong>perditus</strong></span> <span class='ocrx_word' id='word_1_865' title='bbox 3178 5241 3359 5311; x_wconf 84' lang='lat' dir='ltr'><strong>filius,</strong></span> <span class='ocrx_word' id='word_1_866' title='bbox 3402 5241 3712 5297; x_wconf 88' lang='lat' dir='ltr'><strong>commise-</strong></span> 
     </span>
    </p>
   </div>
   <div class='ocr_carea' id='block_1_117' title="bbox 2070 5330 3717 5406">
    <p class='ocr_par' dir='ltr' id='par_1_117' title="bbox 2070 5330 3717 5406">
     <span class='ocr_line' id='line_1_117' title="bbox 2070 5330 3717 5406; baseline -0.003 -15"><span class='ocrx_word' id='word_1_867' title='bbox 2070 5346 2291 5392; x_wconf 85' lang='lat' dir='ltr'><strong>rantem</strong></span> <span class='ocrx_word' id='word_1_868' title='bbox 2334 5338 2557 5406; x_wconf 91' lang='lat' dir='ltr'><strong>patrem</strong></span> <span class='ocrx_word' id='word_1_869' title='bbox 2604 5331 2960 5403; x_wconf 89' lang='lat' dir='ltr'><strong>complexus,</strong></span> <span class='ocrx_word' id='word_1_870' title='bbox 2991 5330 3479 5402; x_wconf 89' lang='lat' dir='ltr'><strong>adoptionemque</strong></span> <span class='ocrx_word' id='word_1_871' title='bbox 3518 5334 3717 5402; x_wconf 88' lang='lat' dir='ltr'><strong>pater-</strong></span> 
     </span>
    </p>
   </div>
   <div class='ocr_carea' id='block_1_118' title="bbox 2040 5415 3710 5494">
    <p class='ocr_par' dir='ltr' id='par_1_118' title="bbox 2040 5415 3710 5494">
     <span class='ocr_line' id='line_1_118' title="bbox 2040 5415 3710 5494; baseline -0.002 -16"><span class='ocrx_word' id='word_1_872' title='bbox 2040 5415 2205 5478; x_wconf 55' lang='lat' dir='ltr'><strong>&#39;nam</strong></span> <span class='ocrx_word' id='word_1_873' title='bbox 2238 5426 2441 5494; x_wconf 63' lang='lat' dir='ltr'><strong>praeter</strong></span> <span class='ocrx_word' id='word_1_874' title='bbox 2469 5437 2633 5493; x_wconf 89' lang='lat' dir='ltr'><strong>spem</strong></span> <span class='ocrx_word' id='word_1_875' title='bbox 2676 5425 2739 5477; x_wconf 91' lang='lat' dir='ltr'><strong>ut</strong></span> <span class='ocrx_word' id='word_1_876' title='bbox 2780 5420 3118 5492; x_wconf 88' lang='lat' dir='ltr'><strong>opinionem</strong></span> <span class='ocrx_word' id='word_1_877' title='bbox 3158 5425 3522 5476; x_wconf 88' lang='lat' dir='ltr'><strong>consecutus.</strong></span> <span class='ocrx_word' id='word_1_878' title='bbox 3572 5417 3710 5475; x_wconf 87' lang='lat' dir='ltr'><strong>Dis-</strong></span> 
     </span>
    </p>
   </div>
   <div class='ocr_carea' id='block_1_119' title="bbox 2072 5507 3713 5584">
    <p class='ocr_par' dir='ltr' id='par_1_119' title="bbox 2072 5507 3713 5584">
     <span class='ocr_line' id='line_1_119' title="bbox 2072 5507 3713 5584; baseline -0.001 -16"><span class='ocrx_word' id='word_1_879' title='bbox 2072 5516 2346 5584; x_wconf 89' lang='lat' dir='ltr'><strong>pensator</strong></span> <span class='ocrx_word' id='word_1_880' title='bbox 2374 5512 2510 5566; x_wconf 90' lang='lat' dir='ltr'><strong>item</strong></span> <span class='ocrx_word' id='word_1_881' title='bbox 2584 5512 2748 5567; x_wconf 78' lang='lat' dir='ltr'><strong>bonas</strong></span> <span class='ocrx_word' id='word_1_882' title='bbox 2793 5509 3161 5581; x_wconf 69' lang='lat' dir='ltr'><strong>laudatasque</strong></span> <span class='ocrx_word' id='word_1_883' title='bbox 3220 5507 3564 5580; x_wconf 85' lang='lat' dir='ltr'><strong>iniquitatis,</strong></span> <span class='ocrx_word' id='word_1_884' title='bbox 3614 5510 3713 5581; x_wconf 90' lang='lat' dir='ltr'><strong>qui</strong></span> 
     </span>
    </p>
   </div>
   <div class='ocr_carea' id='block_1_120' title="bbox 2068 5597 3715 5674">
    <p class='ocr_par' dir='ltr' id='par_1_120' title="bbox 2068 5597 3715 5674">
     <span class='ocr_line' id='line_1_120' title="bbox 2068 5597 3715 5674; baseline -0.001 -16"><span class='ocrx_word' id='word_1_885' title='bbox 2068 5601 2354 5674; x_wconf 87' lang='lat' dir='ltr'><strong>singulari</strong></span> <span class='ocrx_word' id='word_1_886' title='bbox 2400 5599 2753 5673; x_wconf 89' lang='lat' dir='ltr'><strong>providaque</strong></span> <span class='ocrx_word' id='word_1_887' title='bbox 2788 5597 3038 5656; x_wconf 77' lang='lat' dir='ltr'><strong>solertia</strong></span> <span class='ocrx_word' id='word_1_888' title='bbox 3087 5597 3262 5656; x_wconf 88' lang='lat' dir='ltr'><strong>aliam</strong></span> <span class='ocrx_word' id='word_1_889' title='bbox 3320 5598 3567 5669; x_wconf 85' lang='lat' dir='ltr'><strong>gratiam</strong></span> <span class='ocrx_word' id='word_1_890' title='bbox 3597 5600 3715 5656; x_wconf 90' lang='lat' dir='ltr'><strong>sibi</strong></span> 
     </span>
    </p>
   </div>
   <div class='ocr_carea' id='block_1_121' title="bbox 2068 5686 3718 5763">
    <p class='ocr_par' dir='ltr' id='par_1_121' title="bbox 2068 5686 3718 5763">
     <span class='ocr_line' id='line_1_121' title="bbox 2068 5686 3718 5763; baseline -0.004 -15"><span class='ocrx_word' id='word_1_891' title='bbox 2068 5707 2139 5748; x_wconf 84' lang='lat' dir='ltr'><strong>ex</strong></span> <span class='ocrx_word' id='word_1_892' title='bbox 2157 5689 2370 5748; x_wconf 88' lang='lat' dir='ltr'><strong>debitis</strong></span> <span class='ocrx_word' id='word_1_893' title='bbox 2407 5687 2671 5763; x_wconf 88' lang='lat' dir='ltr'><strong>pecuniis</strong></span> <span class='ocrx_word' id='word_1_894' title='bbox 2717 5689 2966 5762; x_wconf 90' lang='lat' dir='ltr'><strong>paravit.</strong></span> <span class='ocrx_word' id='word_1_895' title='bbox 3006 5687 3230 5760; x_wconf 86' lang='lat' dir='ltr'><strong>Pauper</strong></span> <span class='ocrx_word' id='word_1_896' title='bbox 3284 5701 3515 5759; x_wconf 89' lang='lat' dir='ltr'><strong>quoque</strong></span> <span class='ocrx_word' id='word_1_897' title='bbox 3545 5686 3718 5750; x_wconf 72' lang='lat' dir='ltr'><strong>Lara.</strong></span> 
     </span>
    </p>
   </div>
  </div>
