  <div class='ocr_page' id='page_1' title='image "/cluster/home/n/w/nwhite01/storage/ocr_20150623/145/hvd.32044054086921/361.png"; bbox 0 0 4100 6218; ppageno 0'>
   <div class='ocr_carea' id='block_1_1' title="bbox 384 323 503 382">
    <p class='ocr_par' dir='ltr' id='par_1_1' title="bbox 384 323 503 382">
     <span class='ocr_line' id='line_1_1' title="bbox 384 323 503 382; baseline 0.008 -1"><span class='ocrx_word' id='word_1_1' title='bbox 384 323 503 382; x_wconf 83' lang='grc'><strong>’111</strong></span> 
     </span>
    </p>
   </div>
   <div class='ocr_carea' id='block_1_2' title="bbox 1685 309 2507 377">
    <p class='ocr_par' dir='ltr' id='par_1_2' title="bbox 1685 309 2507 377">
     <span class='ocr_line' id='line_1_2' title="bbox 1685 309 2507 377; baseline -0.005 -2"><span class='ocrx_word' id='word_1_2' title='bbox 1685 309 2105 377; x_wconf 77' lang='lat' dir='ltr'><strong>NICEPHORI</strong></span> <span class='ocrx_word' id='word_1_3' title='bbox 2148 309 2507 372; x_wconf 79' lang='lat' dir='ltr'><strong>CALLISTI</strong></span> 
     </span>
    </p>
   </div>
   <div class='ocr_carea' id='block_1_3' title="bbox 3733 323 3856 383">
    <p class='ocr_par' dir='ltr' id='par_1_3' title="bbox 3733 323 3856 383">
     <span class='ocr_line' id='line_1_3' title="bbox 3733 323 3856 383; baseline 0.016 -2"><span class='ocrx_word' id='word_1_4' title='bbox 3733 323 3856 383; x_wconf 79' lang='grc'><strong>712</strong></span> 
     </span>
    </p>
   </div>
   <div class='ocr_carea' id='block_1_4' title="bbox 393 452 2043 547">
    <p class='ocr_par' dir='ltr' id='par_1_4' title="bbox 393 452 2043 525">
     <span class='ocr_line' id='line_1_4' title="bbox 393 452 2043 525; baseline -0.006 -14"><span class='ocrx_word' id='word_1_5' title='bbox 393 472 519 525; x_wconf 88' lang='lat' dir='ltr'><strong>rus,</strong></span> <span class='ocrx_word' id='word_1_6' title='bbox 570 455 868 513; x_wconf 80' lang='lat' dir='ltr'><strong>ulceribus</strong></span> <span class='ocrx_word' id='word_1_7' title='bbox 932 459 1198 523; x_wconf 78' lang='lat' dir='ltr'><strong>scatens;</strong></span> <span class='ocrx_word' id='word_1_8' title='bbox 1247 452 1784 522; x_wconf 87' lang='lat' dir='ltr'><strong>immisericorsque</strong></span> <span class='ocrx_word' id='word_1_9' title='bbox 1848 464 2043 504; x_wconf 78' lang='lat' dir='ltr'><strong>rursus</strong></span> 
     </span>
    </p>
   </div>
   <div class='ocr_carea' id='block_1_5' title="bbox 2159 452 3861 547">
    <p class='ocr_par' dir='ltr' id='par_1_5' title="bbox 2164 459 3861 547">
     <span class='ocr_line' id='line_1_5' title="bbox 2164 459 3861 547; baseline 0.002 -33"><span class='ocrx_word' id='word_1_10' title='bbox 2164 461 2262 529; x_wconf 68' lang='grc' dir='ltr'>τὴν</span> <span class='ocrx_word' id='word_1_11' title='bbox 2287 460 2404 515; x_wconf 78' lang='grc' dir='ltr'>νὲαν</span> <span class='ocrx_word' id='word_1_12' title='bbox 2460 462 2733 531; x_wconf 78' lang='grc' dir='ltr'>Διάθήκην</span> <span class='ocrx_word' id='word_1_13' title='bbox 2785 459 3086 540; x_wconf 91' lang='grc' dir='ltr'>ἐμφαίνων,</span> <span class='ocrx_word' id='word_1_14' title='bbox 3126 463 3220 518; x_wconf 81' lang='grc' dir='ltr'><strong>καὶ</strong></span> <span class='ocrx_word' id='word_1_15' title='bbox 3268 470 3372 535; x_wconf 82' lang='grc' dir='ltr'><strong>τῆς</strong></span> <span class='ocrx_word' id='word_1_16' title='bbox 3418 465 3722 542; x_wconf 74' lang='grc' dir='ltr'>ἐσομὲνής</span> <span class='ocrx_word' id='word_1_17' title='bbox 3759 473 3861 547; x_wconf 69' lang='grc' dir='ltr'>βα.</span> 
     </span>
    </p>
   </div>
   <div class='ocr_carea' id='block_1_6' title="bbox 393 542 2049 613">
    <p class='ocr_par' dir='ltr' id='par_1_6' title="bbox 393 542 2049 613">
     <span class='ocr_line' id='line_1_6' title="bbox 393 542 2049 613; baseline -0.006 -12"><span class='ocrx_word' id='word_1_18' title='bbox 393 545 580 613; x_wconf 88' lang='lat' dir='ltr'><strong>dives,</strong></span> <span class='ocrx_word' id='word_1_19' title='bbox 610 546 671 601; x_wconf 91' lang='lat' dir='ltr'><strong>in</strong></span> <span class='ocrx_word' id='word_1_20' title='bbox 704 545 898 600; x_wconf 89' lang='lat' dir='ltr'><strong>media</strong></span> <span class='ocrx_word' id='word_1_21' title='bbox 926 543 1143 600; x_wconf 82' lang='lat' dir='ltr'><strong>camini</strong></span> <span class='ocrx_word' id='word_1_22' title='bbox 1167 542 1402 598; x_wconf 81' lang='lat' dir='ltr'><strong>ﬂamma</strong></span> <span class='ocrx_word' id='word_1_23' title='bbox 1424 558 1588 612; x_wconf 70' lang='lat' dir='ltr'><strong>aqua:</strong></span> <span class='ocrx_word' id='word_1_24' title='bbox 1608 555 1797 597; x_wconf 90' lang='lat' dir='ltr'><strong>rorem</strong></span> <span class='ocrx_word' id='word_1_25' title='bbox 1820 544 2049 610; x_wconf 78' lang='lat' dir='ltr'><strong>petens.</strong></span> 
     </span>
    </p>
   </div>
   <div class='ocr_carea' id='block_1_7' title="bbox 392 627 2052 706">
    <p class='ocr_par' dir='ltr' id='par_1_7' title="bbox 392 627 2052 706">
     <span class='ocr_line' id='line_1_7' title="bbox 392 627 2052 706; baseline -0.005 -17"><span class='ocrx_word' id='word_1_26' title='bbox 392 634 639 706; x_wconf 78' lang='lat' dir='ltr'><strong>Insuper</strong></span> <span class='ocrx_word' id='word_1_27' title='bbox 669 634 1040 705; x_wconf 78' lang='lat' dir='ltr'><strong>publicanus,</strong></span> <span class='ocrx_word' id='word_1_28' title='bbox 1086 637 1285 702; x_wconf 87' lang='lat' dir='ltr'><strong>pectus</strong></span> <span class='ocrx_word' id='word_1_29' title='bbox 1313 631 1610 687; x_wconf 84' lang='lat' dir='ltr'><strong>submisso</strong></span> <span class='ocrx_word' id='word_1_30' title='bbox 1645 638 1820 701; x_wconf 81' lang='lat' dir='ltr'><strong>alque</strong></span> <span class='ocrx_word' id='word_1_31' title='bbox 1838 627 2052 683; x_wconf 85' lang='lat' dir='ltr'>humili</span> 
     </span>
    </p>
   </div>
   <div class='ocr_carea' id='block_1_8' title="bbox 394 717 2052 795">
    <p class='ocr_par' dir='ltr' id='par_1_8' title="bbox 394 717 2052 795">
     <span class='ocr_line' id='line_1_8' title="bbox 394 717 2052 795; baseline -0.002 -18"><span class='ocrx_word' id='word_1_32' title='bbox 394 724 594 779; x_wconf 88' lang='lat' dir='ltr'><strong>animo</strong></span> <span class='ocrx_word' id='word_1_33' title='bbox 624 722 984 795; x_wconf 77' lang='lat' dir='ltr'><strong>percutiens,</strong></span> <span class='ocrx_word' id='word_1_34' title='bbox 1043 727 1101 778; x_wconf 92' lang='lat' dir='ltr'><strong>et</strong></span> <span class='ocrx_word' id='word_1_35' title='bbox 1129 720 1337 777; x_wconf 78' lang='lat' dir='ltr'><strong>ccelum</strong></span> <span class='ocrx_word' id='word_1_36' title='bbox 1369 720 1676 791; x_wconf 89' lang='lat' dir='ltr'><strong>aperiens;</strong></span> <span class='ocrx_word' id='word_1_37' title='bbox 1728 717 2052 775; x_wconf 70' lang='lat' dir='ltr'><strong>Phariaene</strong></span> 
     </span>
    </p>
   </div>
   <div class='ocr_carea' id='block_1_9' title="bbox 390 808 2047 881">
    <p class='ocr_par' dir='ltr' id='par_1_9' title="bbox 390 808 2047 881">
     <span class='ocr_line' id='line_1_9' title="bbox 390 808 2047 881; baseline -0.003 -14"><span class='ocrx_word' id='word_1_38' title='bbox 390 813 677 881; x_wconf 89' lang='lat' dir='ltr'><strong>ediverso,</strong></span> <span class='ocrx_word' id='word_1_39' title='bbox 726 829 876 869; x_wconf 92' lang='lat' dir='ltr'><strong>vano</strong></span> <span class='ocrx_word' id='word_1_40' title='bbox 906 817 1137 868; x_wconf 91' lang='lat' dir='ltr'><strong>tumore</strong></span> <span class='ocrx_word' id='word_1_41' title='bbox 1193 810 1487 876; x_wconf 88' lang='lat' dir='ltr'><strong>sublatus,</strong></span> <span class='ocrx_word' id='word_1_42' title='bbox 1542 808 1708 864; x_wconf 92' lang='lat' dir='ltr'><strong>humi</strong></span> <span class='ocrx_word' id='word_1_43' title='bbox 1752 808 2047 865; x_wconf 81' lang='lat' dir='ltr'><strong>decidens.</strong></span> 
     </span>
    </p>
   </div>
   <div class='ocr_carea' id='block_1_10' title="bbox 2160 548 3868 638">
    <p class='ocr_par' dir='ltr' id='par_1_10' title="bbox 2160 548 3868 638">
     <span class='ocr_line' id='line_1_10' title="bbox 2160 548 3868 638; baseline 0.008 -36"><span class='ocrx_word' id='word_1_44' title='bbox 2160 548 2365 610; x_wconf 85' lang='grc' dir='ltr'>σιλείας</span> <span class='ocrx_word' id='word_1_45' title='bbox 2392 551 2457 604; x_wconf 86' lang='grc' dir='ltr'>τὸ</span> <span class='ocrx_word' id='word_1_46' title='bbox 2487 549 2717 619; x_wconf 79' lang='grc' dir='ltr'>ἐντελὲς,</span> <span class='ocrx_word' id='word_1_47' title='bbox 2758 550 2849 604; x_wconf 82' lang='grc' dir='ltr'><strong>καὶ</strong></span> <span class='ocrx_word' id='word_1_48' title='bbox 2878 552 2941 605; x_wconf 87' lang='grc' dir='ltr'>τὸ</span> <span class='ocrx_word' id='word_1_49' title='bbox 2972 557 3073 620; x_wconf 85' lang='grc' dir='ltr'><strong>τῆς</strong></span> <span class='ocrx_word' id='word_1_50' title='bbox 3105 550 3408 617; x_wconf 75' lang='grc' dir='ltr'><strong>ἐπιδόσεως</strong></span> <span class='ocrx_word' id='word_1_51' title='bbox 3457 563 3561 613; x_wconf 83' lang='grc' dir='ltr'><strong>τοῦ</strong></span> <span class='ocrx_word' id='word_1_52' title='bbox 3618 562 3868 638; x_wconf 72' lang='grc' dir='ltr'>κηρΰγ-</span> 
     </span>
    </p>
   </div>
   <div class='ocr_carea' id='block_1_11' title="bbox 2163 636 3861 717">
    <p class='ocr_par' dir='ltr' id='par_1_11' title="bbox 2163 636 3861 717">
     <span class='ocr_line' id='line_1_11' title="bbox 2163 636 3861 717; baseline 0.002 -25"><span class='ocrx_word' id='word_1_53' title='bbox 2163 658 2351 709; x_wconf 80' lang='grc' dir='ltr'>ματος,</span> <span class='ocrx_word' id='word_1_54' title='bbox 2403 639 2638 710; x_wconf 76' lang='grc' dir='ltr'>ἀρίστως</span> <span class='ocrx_word' id='word_1_55' title='bbox 2695 636 2784 692; x_wconf 78' lang='grc' dir='ltr'><strong>διὰ</strong></span> <span class='ocrx_word' id='word_1_56' title='bbox 2830 639 3041 694; x_wconf 77' lang='grc' dir='ltr'>τούτων</span> <span class='ocrx_word' id='word_1_57' title='bbox 3094 642 3522 717; x_wconf 77' lang='grc' dir='ltr'>ὑπαινιξάμενος</span> <span class='ocrx_word' id='word_1_58' title='bbox 3559 668 3571 682; x_wconf 88' lang='grc'><strong>·</strong></span> <span class='ocrx_word' id='word_1_59' title='bbox 3631 646 3761 711; x_wconf 71' lang='grc' dir='ltr'>ἕως</span> <span class='ocrx_word' id='word_1_60' title='bbox 3798 636 3861 707; x_wconf 65' lang='grc' dir='ltr'><em>ὦ</em></span> 
     </span>
    </p>
   </div>
   <div class='ocr_carea' id='block_1_12' title="bbox 2158 724 3867 802">
    <p class='ocr_par' dir='ltr' id='par_1_12' title="bbox 2158 724 3867 802">
     <span class='ocr_line' id='line_1_12' title="bbox 2158 724 3867 802; baseline 0.009 -23"><span class='ocrx_word' id='word_1_61' title='bbox 2158 724 2367 786; x_wconf 81' lang='grc' dir='ltr'>ἀτελεῖς</span> <span class='ocrx_word' id='word_1_62' title='bbox 2415 726 2551 793; x_wconf 79' lang='grc' dir='ltr'>ἦσαν</span> <span class='ocrx_word' id='word_1_63' title='bbox 2583 726 2636 780; x_wconf 75' lang='grc' dir='ltr'>οἱ</span> <span class='ocrx_word' id='word_1_64' title='bbox 2670 731 2868 799; x_wconf 87' lang='grc' dir='ltr'>μῦσται</span> <span class='ocrx_word' id='word_1_65' title='bbox 2917 731 3086 799; x_wconf 80' lang='grc' dir='ltr'>μήπω</span> <span class='ocrx_word' id='word_1_66' title='bbox 3143 732 3448 802; x_wconf 67' lang='grc' dir='ltr'>μυηθέντες</span> <span class='ocrx_word' id='word_1_67' title='bbox 3496 737 3568 790; x_wconf 78' lang='grc' dir='ltr'><strong>τὰ</strong></span> <span class='ocrx_word' id='word_1_68' title='bbox 3621 737 3867 794; x_wconf 81' lang='grc' dir='ltr'>τελεω-</span> 
     </span>
    </p>
   </div>
   <div class='ocr_carea' id='block_1_13' title="bbox 2157 833 2307 887">
    <p class='ocr_par' dir='ltr' id='par_1_13' title="bbox 2157 833 2307 887">
     <span class='ocr_line' id='line_1_13' title="bbox 2157 833 2307 887; baseline 0.007 -19"><span class='ocrx_word' id='word_1_69' title='bbox 2157 833 2307 887; x_wconf 89' lang='grc' dir='ltr'>τερα.</span> 
     </span>
    </p>
   </div>
   <div class='ocr_carea' id='block_1_14' title="bbox 391 898 3867 989">
    <p class='ocr_par' dir='ltr' id='par_1_14' title="bbox 391 898 3867 989">
     <span class='ocr_line' id='line_1_14' title="bbox 391 898 3867 989; baseline 0.005 -32"><span class='ocrx_word' id='word_1_70' title='bbox 391 902 684 958; x_wconf 83' lang='lat' dir='ltr'><strong>Minarum</strong></span> <span class='ocrx_word' id='word_1_71' title='bbox 715 901 1051 957; x_wconf 74' lang='lat' dir='ltr'><strong>distributio</strong></span> <span class='ocrx_word' id='word_1_72' title='bbox 1106 901 1164 958; x_wconf 94' lang='lat' dir='ltr'><strong>in</strong></span> <span class='ocrx_word' id='word_1_73' title='bbox 1201 901 1401 989; x_wconf 84' lang='lat' dir='ltr'><strong>decem</strong></span> <span class='ocrx_word' id='word_1_74' title='bbox 1441 914 1642 989; x_wconf 89' lang='lat' dir='ltr'><strong>servos</strong></span> <span class='ocrx_word' id='word_1_75' title='bbox 1672 898 1863 989; x_wconf 66' lang='lat' dir='ltr'><strong>iacta.</strong></span> <span class='ocrx_word' id='word_1_76' title='bbox 1895 900 2089 971; x_wconf 81' lang='lat' dir='ltr'><strong>Atque</strong></span> <span class='ocrx_word' id='word_1_77' title='bbox 2117 901 2178 957; x_wconf 89' lang='lat' dir='ltr'><strong>in</strong></span> <span class='ocrx_word' id='word_1_78' title='bbox 2209 904 2302 960; x_wconf 89' lang='lat' dir='ltr'><strong>his</strong></span> <span class='ocrx_word' id='word_1_79' title='bbox 2349 905 2587 976; x_wconf 87' lang='lat' dir='ltr'><strong>quidem</strong></span> <span class='ocrx_word' id='word_1_80' title='bbox 2642 906 2940 977; x_wconf 71' lang='lat' dir='ltr'><strong>parabolis</strong></span> <span class='ocrx_word' id='word_1_81' title='bbox 2998 910 3353 967; x_wconf 88' lang='lat' dir='ltr'><strong>consistunt.</strong></span> <span class='ocrx_word' id='word_1_82' title='bbox 3416 914 3573 971; x_wconf 86' lang='lat' dir='ltr'><strong>Cum</strong></span> <span class='ocrx_word' id='word_1_83' title='bbox 3606 918 3867 989; x_wconf 85' lang='lat' dir='ltr'><strong>quibus</strong></span> 
     </span>
    </p>
   </div>
   <div class='ocr_carea' id='block_1_15' title="bbox 392 987 3871 1077">
    <p class='ocr_par' dir='ltr' id='par_1_15' title="bbox 392 987 3871 1077">
     <span class='ocr_line' id='line_1_15' title="bbox 392 987 3871 1077; baseline 0.006 -32"><span class='ocrx_word' id='word_1_84' title='bbox 392 990 493 1047; x_wconf 89' lang='lat' dir='ltr'><strong>ille</strong></span> <span class='ocrx_word' id='word_1_85' title='bbox 515 996 576 1048; x_wconf 92' lang='lat' dir='ltr'><strong>et</strong></span> <span class='ocrx_word' id='word_1_86' title='bbox 605 991 720 1047; x_wconf 87' lang='lat' dir='ltr'><strong>alia</strong></span> <span class='ocrx_word' id='word_1_87' title='bbox 766 991 1035 1063; x_wconf 68' lang='lat' dir='ltr'><strong>quaedam</strong></span> <span class='ocrx_word' id='word_1_88' title='bbox 1067 1006 1167 1077; x_wconf 86' lang='lat' dir='ltr'><strong>per</strong></span> <span class='ocrx_word' id='word_1_89' title='bbox 1214 988 1519 1045; x_wconf 80' lang='lat' dir='ltr'><strong>obscuram</strong></span> <span class='ocrx_word' id='word_1_90' title='bbox 1571 987 2368 1077; x_wconf 85' lang='lat' dir='ltr'><strong>insinuationemimplicuit,</strong></span> <span class='ocrx_word' id='word_1_91' title='bbox 2398 1001 2565 1050; x_wconf 86' lang='lat' dir='ltr'><strong>vetus</strong></span> <span class='ocrx_word' id='word_1_92' title='bbox 2610 999 2669 1050; x_wconf 93' lang='lat' dir='ltr'><strong>et</strong></span> <span class='ocrx_word' id='word_1_93' title='bbox 2724 1012 2942 1051; x_wconf 88' lang='lat' dir='ltr'><strong>novum</strong></span> <span class='ocrx_word' id='word_1_94' title='bbox 2970 997 3418 1058; x_wconf 86' lang='lat' dir='ltr'><strong>Testamentum</strong></span> <span class='ocrx_word' id='word_1_95' title='bbox 3451 987 3871 1077; x_wconf 58' lang='lat' dir='ltr'><strong>significans,</strong></span> 
     </span>
    </p>
   </div>
   <div class='ocr_carea' id='block_1_16' title="bbox 387 1076 3860 1166">
    <p class='ocr_par' dir='ltr' id='par_1_16' title="bbox 387 1076 3860 1166">
     <span class='ocr_line' id='line_1_16' title="bbox 387 1076 3860 1166; baseline 0.005 -31"><span class='ocrx_word' id='word_1_96' title='bbox 387 1085 440 1135; x_wconf 88' lang='lat' dir='ltr'><strong>et</strong></span> <span class='ocrx_word' id='word_1_97' title='bbox 490 1079 667 1135; x_wconf 87' lang='lat' dir='ltr'><strong>simul</strong></span> <span class='ocrx_word' id='word_1_98' title='bbox 717 1080 904 1135; x_wconf 78' lang='lat' dir='ltr'><strong>futuri</strong></span> <span class='ocrx_word' id='word_1_99' title='bbox 950 1076 1109 1148; x_wconf 80' lang='lat' dir='ltr'><strong>regni</strong></span> <span class='ocrx_word' id='word_1_100' title='bbox 1151 1077 1485 1133; x_wconf 87' lang='lat' dir='ltr'><strong>absolutam</strong></span> <span class='ocrx_word' id='word_1_101' title='bbox 1526 1076 1959 1166; x_wconf 80' lang='lat' dir='ltr'><strong>perfectionem,</strong></span> <span class='ocrx_word' id='word_1_102' title='bbox 2004 1076 2181 1135; x_wconf 88' lang='lat' dir='ltr'><strong>simul</strong></span> <span class='ocrx_word' id='word_1_103' title='bbox 2234 1081 2661 1138; x_wconf 71' lang='lat' dir='ltr'><strong>incrementum</strong></span> <span class='ocrx_word' id='word_1_104' title='bbox 2700 1082 2980 1139; x_wconf 69' lang='lat' dir='ltr'><strong>doctrina</strong></span> <span class='ocrx_word' id='word_1_105' title='bbox 3023 1090 3082 1141; x_wconf 88' lang='lat' dir='ltr'><strong>et</strong></span> <span class='ocrx_word' id='word_1_106' title='bbox 3123 1076 3566 1156; x_wconf 67' lang='lat' dir='ltr'><strong>praedicationis</strong></span> <span class='ocrx_word' id='word_1_107' title='bbox 3595 1076 3860 1166; x_wconf 83' lang='lat' dir='ltr'><strong>Optime</strong></span> 
     </span>
    </p>
   </div>
   <div class='ocr_carea' id='block_1_17' title="bbox 392 1164 3870 1242">
    <p class='ocr_par' dir='ltr' id='par_1_17' title="bbox 392 1164 3870 1242">
     <span class='ocr_line' id='line_1_17' title="bbox 392 1164 3870 1242; baseline 0.005 -17"><span class='ocrx_word' id='word_1_108' title='bbox 392 1184 497 1241; x_wconf 89' lang='lat' dir='ltr'><strong>per</strong></span> <span class='ocrx_word' id='word_1_109' title='bbox 525 1185 593 1225; x_wconf 91' lang='lat' dir='ltr'><strong>ea</strong></span> <span class='ocrx_word' id='word_1_110' title='bbox 630 1170 994 1225; x_wconf 86' lang='lat' dir='ltr'><strong>adumbrans</strong></span> <span class='ocrx_word' id='word_1_111' title='bbox 1026 1183 1041 1223; x_wconf 93' lang='lat'>:</span> <span class='ocrx_word' id='word_1_112' title='bbox 1074 1168 1356 1238; x_wconf 85' lang='lat' dir='ltr'><strong>tantisper</strong></span> <span class='ocrx_word' id='word_1_113' title='bbox 1408 1167 1548 1221; x_wconf 90' lang='lat' dir='ltr'><strong>dum</strong></span> <span class='ocrx_word' id='word_1_114' title='bbox 1608 1164 1934 1237; x_wconf 78' lang='lat' dir='ltr'><strong>imperfecti</strong></span> <span class='ocrx_word' id='word_1_115' title='bbox 1990 1166 2334 1237; x_wconf 86' lang='lat' dir='ltr'><strong>etiamnum,</strong></span> <span class='ocrx_word' id='word_1_116' title='bbox 2374 1186 2480 1226; x_wconf 92' lang='lat' dir='ltr'><strong>nec</strong></span> <span class='ocrx_word' id='word_1_117' title='bbox 2538 1172 2679 1227; x_wconf 85' lang='lat' dir='ltr'><strong>dum</strong></span> <span class='ocrx_word' id='word_1_118' title='bbox 2714 1172 3171 1231; x_wconf 87' lang='lat' dir='ltr'><strong>absolutioribus</strong></span> <span class='ocrx_word' id='word_1_119' title='bbox 3202 1180 3394 1235; x_wconf 89' lang='lat' dir='ltr'><strong>sacris</strong></span> <span class='ocrx_word' id='word_1_120' title='bbox 3424 1182 3583 1237; x_wconf 86' lang='lat' dir='ltr'><strong>satis</strong></span> <span class='ocrx_word' id='word_1_121' title='bbox 3616 1164 3870 1242; x_wconf 73' lang='lat' dir='ltr'><strong>initiati</strong></span> 
     </span>
    </p>
   </div>
   <div class='ocr_carea' id='block_1_18' title="bbox 392 1259 908 1331">
    <p class='ocr_par' dir='ltr' id='par_1_18' title="bbox 392 1259 908 1331">
     <span class='ocr_line' id='line_1_18' title="bbox 392 1259 908 1331; baseline -0.004 -16"><span class='ocrx_word' id='word_1_122' title='bbox 392 1270 588 1316; x_wconf 80' lang='lat' dir='ltr'><strong>essent</strong></span> <span class='ocrx_word' id='word_1_123' title='bbox 615 1259 908 1331; x_wconf 89' lang='lat' dir='ltr'><strong>discipuli.</strong></span> 
     </span>
    </p>
   </div>
   <div class='ocr_carea' id='block_1_19' title="bbox 875 1343 1570 1403">
    <p class='ocr_par' dir='ltr' id='par_1_19' title="bbox 875 1343 1570 1403">
     <span class='ocr_line' id='line_1_19' title="bbox 875 1343 1570 1403; baseline -0.003 0"><span class='ocrx_word' id='word_1_124' title='bbox 875 1345 1050 1403; x_wconf 68' lang='lat' dir='ltr'><strong>I02</strong></span> <span class='ocrx_word' id='word_1_125' title='bbox 1089 1345 1319 1402; x_wconf 85' lang='lat' dir='ltr'><strong>CAPUT</strong></span> <span class='ocrx_word' id='word_1_126' title='bbox 1357 1343 1570 1401; x_wconf 85' lang='lat' dir='ltr'><strong>XXVII.</strong></span> 
     </span>
    </p>
   </div>
   <div class='ocr_carea' id='block_1_20' title="bbox 398 1450 2049 1525">
    <p class='ocr_par' dir='ltr' id='par_1_20' title="bbox 398 1450 2049 1525">
     <span class='ocr_line' id='line_1_20' title="bbox 398 1450 2049 1525; baseline -0.005 -12"><span class='ocrx_word' id='word_1_127' title='bbox 398 1457 460 1513; x_wconf 89' lang='lat' dir='ltr'><strong>Ut</strong></span> <span class='ocrx_word' id='word_1_128' title='bbox 489 1455 729 1525; x_wconf 77' lang='lat' dir='ltr'><strong>triginta</strong></span> <span class='ocrx_word' id='word_1_129' title='bbox 756 1456 930 1510; x_wconf 77' lang='lat' dir='ltr'><strong>tribus</strong></span> <span class='ocrx_word' id='word_1_130' title='bbox 958 1456 1127 1509; x_wconf 74' lang='lat' dir='ltr'><strong>annis</strong></span> <span class='ocrx_word' id='word_1_131' title='bbox 1147 1454 1392 1523; x_wconf 76' lang='lat' dir='ltr'><strong>expletis.</strong></span> <span class='ocrx_word' id='word_1_132' title='bbox 1412 1451 1663 1507; x_wconf 72' lang='lat' dir='ltr'><strong>Servatur</strong></span> <span class='ocrx_word' id='word_1_133' title='bbox 1712 1450 2049 1525; x_wconf 78' lang='lat' dir='ltr'><strong>Bethaniam</strong></span> 
     </span>
    </p>
   </div>
   <div class='ocr_carea' id='block_1_21' title="bbox 478 1524 2044 1594">
    <p class='ocr_par' dir='ltr' id='par_1_21' title="bbox 478 1524 2044 1594">
     <span class='ocr_line' id='line_1_21' title="bbox 478 1524 2044 1594; baseline -0.003 -13"><span class='ocrx_word' id='word_1_134' title='bbox 478 1524 686 1581; x_wconf 78' lang='lat' dir='ltr'><strong>venerit</strong></span> <span class='ocrx_word' id='word_1_135' title='bbox 718 1542 732 1591; x_wconf 92' lang='lat'><strong>;</strong></span> <span class='ocrx_word' id='word_1_136' title='bbox 763 1532 813 1582; x_wconf 84' lang='lat' dir='ltr'><strong>et</strong></span> <span class='ocrx_word' id='word_1_137' title='bbox 840 1527 907 1581; x_wconf 85' lang='lat' dir='ltr'><strong>de</strong></span> <span class='ocrx_word' id='word_1_138' title='bbox 931 1526 1166 1581; x_wconf 82' lang='lat' dir='ltr'><strong>muliere</strong></span> <span class='ocrx_word' id='word_1_139' title='bbox 1207 1527 1514 1594; x_wconf 82' lang='lat' dir='ltr'><strong>meretrice,</strong></span> <span class='ocrx_word' id='word_1_140' title='bbox 1542 1528 1595 1577; x_wconf 85' lang='lat' dir='ltr'><strong>et</strong></span> <span class='ocrx_word' id='word_1_141' title='bbox 1632 1525 1699 1578; x_wconf 85' lang='lat' dir='ltr'><strong>de</strong></span> <span class='ocrx_word' id='word_1_142' title='bbox 1719 1524 2044 1594; x_wconf 82' lang='lat' dir='ltr'><strong>palmarum</strong></span> 
     </span>
    </p>
   </div>
   <div class='ocr_carea' id='block_1_22' title="bbox 469 1597 1367 1667">
    <p class='ocr_par' dir='ltr' id='par_1_22' title="bbox 469 1597 1367 1667">
     <span class='ocr_line' id='line_1_22' title="bbox 469 1597 1367 1667; baseline -0.002 -15"><span class='ocrx_word' id='word_1_143' title='bbox 469 1600 661 1664; x_wconf 67' lang='lat' dir='ltr'><strong>ramis,</strong></span> <span class='ocrx_word' id='word_1_144' title='bbox 692 1599 827 1653; x_wconf 80' lang='lat' dir='ltr'><strong>item</strong></span> <span class='ocrx_word' id='word_1_145' title='bbox 862 1598 927 1653; x_wconf 85' lang='lat' dir='ltr'><strong>de</strong></span> <span class='ocrx_word' id='word_1_146' title='bbox 968 1599 1207 1667; x_wconf 73' lang='lat' dir='ltr'><strong>arefacta</strong></span> <span class='ocrx_word' id='word_1_147' title='bbox 1237 1597 1367 1666; x_wconf 82' lang='lat' dir='ltr'><strong>ﬁcu.</strong></span> 
     </span>
    </p>
   </div>
   <div class='ocr_carea' id='block_1_23' title="bbox 465 1775 2050 1851">
    <p class='ocr_par' dir='ltr' id='par_1_23' title="bbox 465 1775 2050 1851">
     <span class='ocr_line' id='line_1_23' title="bbox 465 1775 2050 1851; baseline -0.003 -18"><span class='ocrx_word' id='word_1_148' title='bbox 465 1777 771 1851; x_wconf 86' lang='lat' dir='ltr'><strong>Deinceps,</strong></span> <span class='ocrx_word' id='word_1_149' title='bbox 802 1793 935 1834; x_wconf 82' lang='lat' dir='ltr'><strong>cum</strong></span> <span class='ocrx_word' id='word_1_150' title='bbox 982 1776 1287 1833; x_wconf 89' lang='lat' dir='ltr'><strong>triennalis</strong></span> <span class='ocrx_word' id='word_1_151' title='bbox 1323 1777 1605 1847; x_wconf 90' lang='lat' dir='ltr'><strong>temporis</strong></span> <span class='ocrx_word' id='word_1_152' title='bbox 1655 1776 1784 1830; x_wconf 87' lang='lat' dir='ltr'><strong>Filii</strong></span> <span class='ocrx_word' id='word_1_153' title='bbox 1833 1776 1932 1832; x_wconf 91' lang='lat' dir='ltr'><strong>Dei</strong></span> <span class='ocrx_word' id='word_1_154' title='bbox 1988 1775 2050 1829; x_wconf 89' lang='lat' dir='ltr'><strong>in</strong></span> 
     </span>
    </p>
   </div>
   <div class='ocr_carea' id='block_1_24' title="bbox 397 1863 2049 1937">
    <p class='ocr_par' dir='ltr' id='par_1_24' title="bbox 397 1863 2049 1937">
     <span class='ocr_line' id='line_1_24' title="bbox 397 1863 2049 1937; baseline -0.002 -16"><span class='ocrx_word' id='word_1_155' title='bbox 397 1867 593 1934; x_wconf 89' lang='lat' dir='ltr'><strong>terris,</strong></span> <span class='ocrx_word' id='word_1_156' title='bbox 633 1866 896 1921; x_wconf 89' lang='lat' dir='ltr'><strong>doclrina</strong></span> <span class='ocrx_word' id='word_1_157' title='bbox 938 1883 1047 1922; x_wconf 89' lang='lat' dir='ltr'><strong>sua</strong></span> <span class='ocrx_word' id='word_1_158' title='bbox 1098 1864 1541 1937; x_wconf 86' lang='lat' dir='ltr'><strong>promulganda,</strong></span> <span class='ocrx_word' id='word_1_159' title='bbox 1594 1864 1955 1921; x_wconf 84' lang='lat' dir='ltr'><strong>conversatio</strong></span> <span class='ocrx_word' id='word_1_160' title='bbox 1984 1863 2049 1918; x_wconf 86' lang='lat' dir='ltr'><strong>li-</strong></span> 
     </span>
    </p>
   </div>
   <div class='ocr_carea' id='block_1_25' title="bbox 399 1953 2049 2025">
    <p class='ocr_par' dir='ltr' id='par_1_25' title="bbox 399 1953 2049 2025">
     <span class='ocr_line' id='line_1_25' title="bbox 399 1953 2049 2025; baseline -0.002 -14"><span class='ocrx_word' id='word_1_161' title='bbox 399 1972 532 2011; x_wconf 91' lang='lat' dir='ltr'><strong>nem</strong></span> <span class='ocrx_word' id='word_1_162' title='bbox 577 1972 750 2011; x_wconf 90' lang='lat' dir='ltr'><strong>suum</strong></span> <span class='ocrx_word' id='word_1_163' title='bbox 807 1955 1070 2021; x_wconf 88' lang='lat' dir='ltr'><strong>haberet,</strong></span> <span class='ocrx_word' id='word_1_164' title='bbox 1119 1958 1521 2025; x_wconf 86' lang='lat' dir='ltr'><strong>oporteretque</strong></span> <span class='ocrx_word' id='word_1_165' title='bbox 1578 1953 1773 2024; x_wconf 88' lang='lat' dir='ltr'><strong>ipsum</strong></span> <span class='ocrx_word' id='word_1_166' title='bbox 1831 1969 1936 2023; x_wconf 91' lang='lat' dir='ltr'><strong>pro</strong></span> <span class='ocrx_word' id='word_1_167' title='bbox 1983 1968 2049 2007; x_wconf 93' lang='lat' dir='ltr'><strong>eo</strong></span> 
     </span>
    </p>
   </div>
   <div class='ocr_carea' id='block_1_26' title="bbox 400 2041 2049 2116">
    <p class='ocr_par' dir='ltr' id='par_1_26' title="bbox 400 2041 2049 2116">
     <span class='ocr_line' id='line_1_26' title="bbox 400 2041 2049 2116; baseline -0.002 -16"><span class='ocrx_word' id='word_1_168' title='bbox 400 2048 574 2116; x_wconf 90' lang='lat' dir='ltr'><strong>atque</strong></span> <span class='ocrx_word' id='word_1_169' title='bbox 603 2060 639 2100; x_wconf 92' lang='lat' dir='ltr'><strong>a</strong></span> <span class='ocrx_word' id='word_1_170' title='bbox 668 2043 875 2100; x_wconf 89' lang='lat' dir='ltr'><strong>mundi</strong></span> <span class='ocrx_word' id='word_1_171' title='bbox 916 2043 1333 2100; x_wconf 90' lang='lat' dir='ltr'><strong>constitutione</strong></span> <span class='ocrx_word' id='word_1_172' title='bbox 1381 2041 1731 2113; x_wconf 69' lang='lat' dir='ltr'><strong>praeﬁnitum</strong></span> <span class='ocrx_word' id='word_1_173' title='bbox 1762 2041 2049 2097; x_wconf 83' lang='lat' dir='ltr'><strong>constitu-</strong></span> 
     </span>
    </p>
   </div>
   <div class='ocr_carea' id='block_1_27' title="bbox 404 2130 2047 2206">
    <p class='ocr_par' dir='ltr' id='par_1_27' title="bbox 404 2130 2047 2206">
     <span class='ocr_line' id='line_1_27' title="bbox 404 2130 2047 2206; baseline -0.002 -17"><span class='ocrx_word' id='word_1_174' title='bbox 404 2138 673 2206; x_wconf 87' lang='lat' dir='ltr'><strong>tumque,</strong></span> <span class='ocrx_word' id='word_1_175' title='bbox 722 2140 895 2205; x_wconf 85' lang='lat' dir='ltr'><strong>atque</strong></span> <span class='ocrx_word' id='word_1_176' title='bbox 945 2130 1198 2189; x_wconf 89' lang='lat' dir='ltr'><strong>oraculis</strong></span> <span class='ocrx_word' id='word_1_177' title='bbox 1229 2138 1569 2188; x_wconf 88' lang='lat' dir='ltr'><strong>sanctarum</strong></span> <span class='ocrx_word' id='word_1_178' title='bbox 1618 2131 2047 2202; x_wconf 86' lang='lat' dir='ltr'><strong>Scripturarum</strong></span> 
     </span>
    </p>
   </div>
   <div class='ocr_carea' id='block_1_28' title="bbox 406 2221 2054 2295">
    <p class='ocr_par' dir='ltr' id='par_1_28' title="bbox 406 2221 2054 2295">
     <span class='ocr_line' id='line_1_28' title="bbox 406 2221 2054 2295; baseline 0.001 -17"><span class='ocrx_word' id='word_1_179' title='bbox 406 2224 745 2295; x_wconf 67' lang='lat' dir='ltr'><strong>praedictum</strong></span> <span class='ocrx_word' id='word_1_180' title='bbox 793 2224 1002 2291; x_wconf 77' lang='lat' dir='ltr'><strong>fuerat,</strong></span> <span class='ocrx_word' id='word_1_181' title='bbox 1033 2223 1209 2278; x_wconf 90' lang='lat' dir='ltr'><strong>vitam</strong></span> <span class='ocrx_word' id='word_1_182' title='bbox 1251 2239 1419 2279; x_wconf 89' lang='lat' dir='ltr'><strong>suam</strong></span> <span class='ocrx_word' id='word_1_183' title='bbox 1461 2239 1564 2294; x_wconf 89' lang='lat' dir='ltr'><strong>pro</strong></span> <span class='ocrx_word' id='word_1_184' title='bbox 1603 2221 1810 2278; x_wconf 92' lang='lat' dir='ltr'><strong>mundi</strong></span> <span class='ocrx_word' id='word_1_185' title='bbox 1850 2222 1969 2277; x_wconf 90' lang='lat' dir='ltr'><strong>vita</strong></span> <span class='ocrx_word' id='word_1_186' title='bbox 1994 2228 2054 2279; x_wconf 90' lang='lat' dir='ltr'><strong>et</strong></span> 
     </span>
    </p>
   </div>
   <div class='ocr_carea' id='block_1_29' title="bbox 400 2311 2051 2385">
    <p class='ocr_par' dir='ltr' id='par_1_29' title="bbox 400 2311 2051 2385">
     <span class='ocr_line' id='line_1_29' title="bbox 400 2311 2051 2385; baseline 0.001 -19"><span class='ocrx_word' id='word_1_187' title='bbox 400 2314 587 2370; x_wconf 85' lang='lat' dir='ltr'><strong>salute</strong></span> <span class='ocrx_word' id='word_1_188' title='bbox 630 2329 863 2384; x_wconf 89' lang='lat' dir='ltr'><strong>ponere,</strong></span> <span class='ocrx_word' id='word_1_189' title='bbox 906 2329 1011 2368; x_wconf 90' lang='lat' dir='ltr'><strong>nec</strong></span> <span class='ocrx_word' id='word_1_190' title='bbox 1075 2329 1189 2368; x_wconf 90' lang='lat' dir='ltr'><strong>non</strong></span> <span class='ocrx_word' id='word_1_191' title='bbox 1248 2329 1351 2385; x_wconf 90' lang='lat' dir='ltr'><strong>per</strong></span> <span class='ocrx_word' id='word_1_192' title='bbox 1400 2317 1645 2368; x_wconf 91' lang='lat' dir='ltr'><strong>mortem</strong></span> <span class='ocrx_word' id='word_1_193' title='bbox 1704 2313 1775 2367; x_wconf 89' lang='lat' dir='ltr'><strong>ad</strong></span> <span class='ocrx_word' id='word_1_194' title='bbox 1834 2311 2051 2367; x_wconf 86' lang='lat' dir='ltr'><strong>inferos</strong></span> 
     </span>
    </p>
   </div>
   <div class='ocr_carea' id='block_1_30' title="bbox 389 2400 2053 2473">
    <p class='ocr_par' dir='ltr' id='par_1_30' title="bbox 389 2400 2053 2473">
     <span class='ocr_line' id='line_1_30' title="bbox 389 2400 2053 2473; baseline 0.002 -19"><span class='ocrx_word' id='word_1_195' title='bbox 389 2400 762 2471; x_wconf 88' lang='lat' dir='ltr'><strong>descendere,</strong></span> <span class='ocrx_word' id='word_1_196' title='bbox 823 2405 887 2456; x_wconf 91' lang='lat' dir='ltr'><strong>ut</strong></span> <span class='ocrx_word' id='word_1_197' title='bbox 936 2402 1142 2473; x_wconf 86' lang='lat' dir='ltr'><strong>dignos</strong></span> <span class='ocrx_word' id='word_1_198' title='bbox 1190 2401 1572 2471; x_wconf 89' lang='lat' dir='ltr'><strong>idoneosque,</strong></span> <span class='ocrx_word' id='word_1_199' title='bbox 1628 2401 1729 2471; x_wconf 90' lang='lat' dir='ltr'><strong>qui</strong></span> <span class='ocrx_word' id='word_1_200' title='bbox 1786 2400 2053 2457; x_wconf 85' lang='lat' dir='ltr'><strong>videlicet</strong></span> 
     </span>
    </p>
   </div>
   <div class='ocr_carea' id='block_1_31' title="bbox 390 2489 2051 2562">
    <p class='ocr_par' dir='ltr' id='par_1_31' title="bbox 390 2489 2051 2562">
     <span class='ocr_line' id='line_1_31' title="bbox 390 2489 2051 2562; baseline 0.001 -18"><span class='ocrx_word' id='word_1_201' title='bbox 390 2494 731 2546; x_wconf 89' lang='lat' dir='ltr'><strong>constanter</strong></span> <span class='ocrx_word' id='word_1_202' title='bbox 764 2492 821 2545; x_wconf 90' lang='lat' dir='ltr'><strong>in</strong></span> <span class='ocrx_word' id='word_1_203' title='bbox 846 2490 961 2545; x_wconf 83' lang='lat' dir='ltr'><strong>ﬁde</strong></span> <span class='ocrx_word' id='word_1_204' title='bbox 991 2495 1478 2562; x_wconf 85' lang='lat' dir='ltr'><strong>perseverassent,</strong></span> <span class='ocrx_word' id='word_1_205' title='bbox 1507 2489 1566 2544; x_wconf 92' lang='lat' dir='ltr'><strong>in</strong></span> <span class='ocrx_word' id='word_1_206' title='bbox 1596 2490 1799 2556; x_wconf 90' lang='lat' dir='ltr'><strong>vitam,</strong></span> <span class='ocrx_word' id='word_1_207' title='bbox 1834 2490 2051 2560; x_wconf 86' lang='lat' dir='ltr'><strong>ipsum-</strong></span> 
     </span>
    </p>
   </div>
   <div class='ocr_carea' id='block_1_32' title="bbox 394 2578 2051 2651">
    <p class='ocr_par' dir='ltr' id='par_1_32' title="bbox 394 2578 2051 2651">
     <span class='ocr_line' id='line_1_32' title="bbox 394 2578 2051 2651; baseline -0.001 -17"><span class='ocrx_word' id='word_1_208' title='bbox 394 2595 510 2650; x_wconf 88' lang='lat' dir='ltr'><strong>que</strong></span> <span class='ocrx_word' id='word_1_209' title='bbox 540 2582 679 2634; x_wconf 88' lang='lat' dir='ltr'><strong>adeo</strong></span> <span class='ocrx_word' id='word_1_210' title='bbox 715 2579 1072 2651; x_wconf 85' lang='lat' dir='ltr'><strong>paradisum,</strong></span> <span class='ocrx_word' id='word_1_211' title='bbox 1120 2585 1404 2650; x_wconf 88' lang='lat' dir='ltr'><strong>tanquam</strong></span> <span class='ocrx_word' id='word_1_212' title='bbox 1454 2578 1720 2649; x_wconf 88' lang='lat' dir='ltr'><strong>princeps</strong></span> <span class='ocrx_word' id='word_1_213' title='bbox 1749 2583 1806 2635; x_wconf 91' lang='lat' dir='ltr'><strong>et</strong></span> <span class='ocrx_word' id='word_1_214' title='bbox 1851 2582 2051 2634; x_wconf 87' lang='lat' dir='ltr'><strong>auctor</strong></span> 
     </span>
    </p>
   </div>
   <div class='ocr_carea' id='block_1_33' title="bbox 390 2666 2052 2739">
    <p class='ocr_par' dir='ltr' id='par_1_33' title="bbox 390 2666 2052 2739">
     <span class='ocr_line' id='line_1_33' title="bbox 390 2666 2052 2739; baseline -0.001 -17"><span class='ocrx_word' id='word_1_215' title='bbox 390 2668 515 2723; x_wconf 71' lang='lat' dir='ltr'><strong>vita:</strong></span> <span class='ocrx_word' id='word_1_216' title='bbox 563 2672 788 2724; x_wconf 67' lang='lat' dir='ltr'><strong>mternae</strong></span> <span class='ocrx_word' id='word_1_217' title='bbox 850 2670 1151 2725; x_wconf 85' lang='lat' dir='ltr'><strong>reduceret</strong></span> <span class='ocrx_word' id='word_1_218' title='bbox 1195 2684 1493 2739; x_wconf 88' lang='lat' dir='ltr'><strong>:cumque</strong></span> <span class='ocrx_word' id='word_1_219' title='bbox 1541 2669 1670 2738; x_wconf 89' lang='lat' dir='ltr'><strong>ejus</strong></span> <span class='ocrx_word' id='word_1_220' title='bbox 1719 2668 1801 2723; x_wconf 91' lang='lat' dir='ltr'><strong>rei</strong></span> <span class='ocrx_word' id='word_1_221' title='bbox 1864 2666 2052 2739; x_wconf 87' lang='lat' dir='ltr'><strong>gratia</strong></span> 
     </span>
    </p>
   </div>
   <div class='ocr_carea' id='block_1_34' title="bbox 394 2755 2049 2828">
    <p class='ocr_par' dir='ltr' id='par_1_34' title="bbox 394 2755 2049 2828">
     <span class='ocr_line' id='line_1_34' title="bbox 394 2755 2049 2828; baseline -0.001 -17"><span class='ocrx_word' id='word_1_222' title='bbox 394 2772 697 2812; x_wconf 88' lang='lat' dir='ltr'><strong>summum</strong></span> <span class='ocrx_word' id='word_1_223' title='bbox 747 2757 847 2814; x_wconf 89' lang='lat' dir='ltr'><strong>Dei</strong></span> <span class='ocrx_word' id='word_1_224' title='bbox 894 2756 1147 2813; x_wconf 87' lang='lat' dir='ltr'><strong>Verbum</strong></span> <span class='ocrx_word' id='word_1_225' title='bbox 1181 2758 1305 2827; x_wconf 89' lang='lat' dir='ltr'><strong>jam</strong></span> <span class='ocrx_word' id='word_1_226' title='bbox 1338 2757 1675 2828; x_wconf 80' lang='lat' dir='ltr'><strong>perfecisset</strong></span> <span class='ocrx_word' id='word_1_227' title='bbox 1717 2755 1938 2823; x_wconf 87' lang='lat' dir='ltr'><strong>omnia,</strong></span> <span class='ocrx_word' id='word_1_228' title='bbox 1983 2771 2049 2810; x_wconf 92' lang='lat' dir='ltr'><strong>ac</strong></span> 
     </span>
    </p>
   </div>
   <div class='ocr_carea' id='block_1_35' title="bbox 392 2844 2051 2919">
    <p class='ocr_par' dir='ltr' id='par_1_35' title="bbox 392 2844 2051 2919">
     <span class='ocr_line' id='line_1_35' title="bbox 392 2844 2051 2919; baseline -0.002 -17"><span class='ocrx_word' id='word_1_229' title='bbox 392 2845 694 2919; x_wconf 88' lang='lat' dir='ltr'><strong>discipulis</strong></span> <span class='ocrx_word' id='word_1_230' title='bbox 725 2846 847 2903; x_wconf 89' lang='lat' dir='ltr'><strong>suis</strong></span> <span class='ocrx_word' id='word_1_231' title='bbox 880 2846 1008 2903; x_wconf 65' lang='lat' dir='ltr'><strong>leto</strong></span> <span class='ocrx_word' id='word_1_232' title='bbox 1059 2847 1438 2919; x_wconf 84' lang='lat' dir='ltr'><strong>significasset</strong></span> <span class='ocrx_word' id='word_1_233' title='bbox 1465 2846 1695 2914; x_wconf 89' lang='lat' dir='ltr'><strong>nuntio,</strong></span> <span class='ocrx_word' id='word_1_234' title='bbox 1728 2844 2051 2918; x_wconf 89' lang='lat' dir='ltr'><strong>appropin-</strong></span> 
     </span>
    </p>
   </div>
   <div class='ocr_carea' id='block_1_36' title="bbox 392 2933 2040 3007">
    <p class='ocr_par' dir='ltr' id='par_1_36' title="bbox 392 2933 2040 3007">
     <span class='ocr_line' id='line_1_36' title="bbox 392 2933 2040 3007; baseline -0.001 -17"><span class='ocrx_word' id='word_1_235' title='bbox 392 2951 570 3004; x_wconf 84' lang='lat' dir='ltr'><strong>quare</strong></span> <span class='ocrx_word' id='word_1_236' title='bbox 629 2952 877 3007; x_wconf 85' lang='lat' dir='ltr'><strong>regnum</strong></span> <span class='ocrx_word' id='word_1_237' title='bbox 914 2936 1217 3004; x_wconf 84' lang='lat' dir='ltr'><strong>coelorum;</strong></span> <span class='ocrx_word' id='word_1_238' title='bbox 1248 2952 1283 2990; x_wconf 91' lang='lat' dir='ltr'><strong>a</strong></span> <span class='ocrx_word' id='word_1_239' title='bbox 1331 2935 1548 2991; x_wconf 86' lang='lat' dir='ltr'><strong>Satana</strong></span> <span class='ocrx_word' id='word_1_240' title='bbox 1600 2950 1828 3006; x_wconf 82' lang='lat' dir='ltr'><strong>quoque</strong></span> <span class='ocrx_word' id='word_1_241' title='bbox 1856 2933 2040 3004; x_wconf 85' lang='lat' dir='ltr'><strong>captis</strong></span> 
     </span>
    </p>
   </div>
   <div class='ocr_carea' id='block_1_37' title="bbox 388 3021 2037 3093">
    <p class='ocr_par' dir='ltr' id='par_1_37' title="bbox 388 3021 2037 3093">
     <span class='ocr_line' id='line_1_37' title="bbox 388 3021 2037 3093; baseline -0.001 -16"><span class='ocrx_word' id='word_1_242' title='bbox 388 3022 741 3091; x_wconf 88' lang='lat' dir='ltr'><strong>libertatem,</strong></span> <span class='ocrx_word' id='word_1_243' title='bbox 799 3023 992 3093; x_wconf 89' lang='lat' dir='ltr'><strong>eisque</strong></span> <span class='ocrx_word' id='word_1_244' title='bbox 1049 3038 1295 3093; x_wconf 90' lang='lat' dir='ltr'><strong>quorum</strong></span> <span class='ocrx_word' id='word_1_245' title='bbox 1329 3023 1513 3078; x_wconf 90' lang='lat' dir='ltr'><strong>animi</strong></span> <span class='ocrx_word' id='word_1_246' title='bbox 1570 3022 1823 3077; x_wconf 88' lang='lat' dir='ltr'><strong>tenebris</strong></span> <span class='ocrx_word' id='word_1_247' title='bbox 1880 3021 2037 3077; x_wconf 82' lang='lat' dir='ltr'><strong>obfu-</strong></span> 
     </span>
    </p>
   </div>
   <div class='ocr_carea' id='block_1_38' title="bbox 388 3111 2042 3183">
    <p class='ocr_par' dir='ltr' id='par_1_38' title="bbox 388 3111 2042 3183">
     <span class='ocr_line' id='line_1_38' title="bbox 388 3111 2042 3183; baseline -0.001 -16"><span class='ocrx_word' id='word_1_248' title='bbox 388 3113 535 3169; x_wconf 81' lang='lat' dir='ltr'><strong>scati</strong></span> <span class='ocrx_word' id='word_1_249' title='bbox 579 3117 752 3183; x_wconf 88' lang='lat' dir='ltr'><strong>atque</strong></span> <span class='ocrx_word' id='word_1_250' title='bbox 811 3112 1214 3168; x_wconf 79' lang='lat' dir='ltr'><strong>incredulitate</strong></span> <span class='ocrx_word' id='word_1_251' title='bbox 1271 3113 1541 3168; x_wconf 68' lang='lat' dir='ltr'><strong>excaecati</strong></span> <span class='ocrx_word' id='word_1_252' title='bbox 1582 3116 1800 3179; x_wconf 88' lang='lat' dir='ltr'><strong>essent,</strong></span> <span class='ocrx_word' id='word_1_253' title='bbox 1834 3111 2042 3183; x_wconf 88' lang='lat' dir='ltr'><strong>ingens</strong></span> 
     </span>
    </p>
   </div>
   <div class='ocr_carea' id='block_1_39' title="bbox 390 3200 2040 3272">
    <p class='ocr_par' dir='ltr' id='par_1_39' title="bbox 390 3200 2040 3272">
     <span class='ocr_line' id='line_1_39' title="bbox 390 3200 2040 3272; baseline -0.001 -15"><span class='ocrx_word' id='word_1_254' title='bbox 390 3204 592 3257; x_wconf 89' lang='lat' dir='ltr'><strong>lumen</strong></span> <span class='ocrx_word' id='word_1_255' title='bbox 640 3201 965 3257; x_wconf 76' lang='lat' dir='ltr'><strong>affuturum</strong></span> <span class='ocrx_word' id='word_1_256' title='bbox 1020 3202 1447 3269; x_wconf 85' lang='lat' dir='ltr'><strong>annuntiasset,</strong></span> <span class='ocrx_word' id='word_1_257' title='bbox 1499 3201 1572 3256; x_wconf 91' lang='lat' dir='ltr'><strong>ad</strong></span> <span class='ocrx_word' id='word_1_258' title='bbox 1604 3200 2040 3272; x_wconf 63' lang='lat' dir='ltr'><strong>praedicandum</strong></span> 
     </span>
    </p>
   </div>
   <div class='ocr_carea' id='block_1_40' title="bbox 391 3290 2041 3362">
    <p class='ocr_par' dir='ltr' id='par_1_40' title="bbox 391 3290 2041 3362">
     <span class='ocr_line' id='line_1_40' title="bbox 391 3290 2041 3362; baseline -0.001 -16"><span class='ocrx_word' id='word_1_259' title='bbox 391 3308 611 3346; x_wconf 90' lang='lat' dir='ltr'><strong>annum</strong></span> <span class='ocrx_word' id='word_1_260' title='bbox 656 3290 889 3347; x_wconf 85' lang='lat' dir='ltr'><strong>Domini</strong></span> <span class='ocrx_word' id='word_1_261' title='bbox 936 3296 1262 3362; x_wconf 91' lang='lat' dir='ltr'><strong>acceptum,</strong></span> <span class='ocrx_word' id='word_1_262' title='bbox 1317 3295 1374 3346; x_wconf 88' lang='lat' dir='ltr'><strong>et</strong></span> <span class='ocrx_word' id='word_1_263' title='bbox 1424 3290 1576 3347; x_wconf 90' lang='lat' dir='ltr'><strong>diem</strong></span> <span class='ocrx_word' id='word_1_264' title='bbox 1618 3290 2041 3357; x_wconf 86' lang='lat' dir='ltr'><strong>retributionis,</strong></span> 
     </span>
    </p>
   </div>
   <div class='ocr_carea' id='block_1_41' title="bbox 390 3378 2042 3452">
    <p class='ocr_par' dir='ltr' id='par_1_41' title="bbox 390 3378 2042 3452">
     <span class='ocr_line' id='line_1_41' title="bbox 390 3378 2042 3452; baseline 0 -17"><span class='ocrx_word' id='word_1_265' title='bbox 390 3379 845 3436; x_wconf 84' lang='lat' dir='ltr'><strong>consolationem</strong></span> <span class='ocrx_word' id='word_1_266' title='bbox 893 3396 1025 3436; x_wconf 89' lang='lat' dir='ltr'><strong>vero</strong></span> <span class='ocrx_word' id='word_1_267' title='bbox 1077 3378 1415 3452; x_wconf 81' lang='lat' dir='ltr'><strong>lugentibus</strong></span> <span class='ocrx_word' id='word_1_268' title='bbox 1463 3379 1523 3433; x_wconf 90' lang='lat' dir='ltr'><strong>in</strong></span> <span class='ocrx_word' id='word_1_269' title='bbox 1571 3380 1711 3435; x_wconf 90' lang='lat' dir='ltr'><strong>Sion</strong></span> <span class='ocrx_word' id='word_1_270' title='bbox 1747 3396 1761 3434; x_wconf 88' lang='lat'><strong>:</strong></span> <span class='ocrx_word' id='word_1_271' title='bbox 1794 3379 2042 3451; x_wconf 88' lang='lat' dir='ltr'><strong>receptis</strong></span> 
     </span>
    </p>
   </div>
   <div class='ocr_carea' id='block_1_42' title="bbox 389 3467 2039 3541">
    <p class='ocr_par' dir='ltr' id='par_1_42' title="bbox 389 3467 2039 3541">
     <span class='ocr_line' id='line_1_42' title="bbox 389 3467 2039 3541; baseline -0.001 -16"><span class='ocrx_word' id='word_1_272' title='bbox 389 3486 613 3540; x_wconf 88' lang='lat' dir='ltr'><strong>secum,</strong></span> <span class='ocrx_word' id='word_1_273' title='bbox 666 3485 814 3540; x_wconf 88' lang='lat' dir='ltr'><strong>quos</strong></span> <span class='ocrx_word' id='word_1_274' title='bbox 866 3468 1047 3525; x_wconf 88' lang='lat' dir='ltr'><strong>sacris</strong></span> <span class='ocrx_word' id='word_1_275' title='bbox 1090 3469 1501 3541; x_wconf 82' lang='lat' dir='ltr'><strong>mysteriisque</strong></span> <span class='ocrx_word' id='word_1_276' title='bbox 1568 3467 1690 3524; x_wconf 89' lang='lat' dir='ltr'><strong>suis</strong></span> <span class='ocrx_word' id='word_1_277' title='bbox 1746 3467 2039 3533; x_wconf 90' lang='lat' dir='ltr'><strong>inbuerat,</strong></span> 
     </span>
    </p>
   </div>
   <div class='ocr_carea' id='block_1_43' title="bbox 387 3556 2038 3629">
    <p class='ocr_par' dir='ltr' id='par_1_43' title="bbox 387 3556 2038 3629">
     <span class='ocr_line' id='line_1_43' title="bbox 387 3556 2038 3629; baseline -0.002 -15"><span class='ocrx_word' id='word_1_278' title='bbox 387 3560 609 3615; x_wconf 79' lang='lat' dir='ltr'><strong>accedit</strong></span> <span class='ocrx_word' id='word_1_279' title='bbox 638 3560 709 3613; x_wconf 92' lang='lat' dir='ltr'><strong>ad</strong></span> <span class='ocrx_word' id='word_1_280' title='bbox 742 3558 1083 3615; x_wconf 89' lang='lat' dir='ltr'><strong>Bethaniam</strong></span> <span class='ocrx_word' id='word_1_281' title='bbox 1122 3560 1331 3625; x_wconf 81' lang='lat' dir='ltr'><strong>vicum,</strong></span> <span class='ocrx_word' id='word_1_282' title='bbox 1364 3558 1467 3629; x_wconf 90' lang='lat' dir='ltr'><strong>qui</strong></span> <span class='ocrx_word' id='word_1_283' title='bbox 1524 3556 1938 3629; x_wconf 82' lang='lat' dir='ltr'><strong>Hierosolymis</strong></span> <span class='ocrx_word' id='word_1_284' title='bbox 1967 3556 2038 3612; x_wconf 89' lang='lat' dir='ltr'><strong>ad</strong></span> 
     </span>
    </p>
   </div>
   <div class='ocr_carea' id='block_1_44' title="bbox 388 3647 2041 3720">
    <p class='ocr_par' dir='ltr' id='par_1_44' title="bbox 388 3647 2041 3720">
     <span class='ocr_line' id='line_1_44' title="bbox 388 3647 2041 3720; baseline -0.001 -14"><span class='ocrx_word' id='word_1_285' title='bbox 388 3650 579 3706; x_wconf 90' lang='lat' dir='ltr'><strong>stadia</strong></span> <span class='ocrx_word' id='word_1_286' title='bbox 605 3649 855 3705; x_wconf 85' lang='lat' dir='ltr'><strong>maxime</strong></span> <span class='ocrx_word' id='word_1_287' title='bbox 918 3648 1256 3720; x_wconf 90' lang='lat' dir='ltr'><strong>quindecim</strong></span> <span class='ocrx_word' id='word_1_288' title='bbox 1318 3649 1503 3704; x_wconf 90' lang='lat' dir='ltr'><strong>abest.</strong></span> <span class='ocrx_word' id='word_1_289' title='bbox 1557 3647 1643 3704; x_wconf 92' lang='lat' dir='ltr'><strong>Ibi</strong></span> <span class='ocrx_word' id='word_1_290' title='bbox 1675 3664 1808 3703; x_wconf 91' lang='lat' dir='ltr'><strong>eum</strong></span> <span class='ocrx_word' id='word_1_291' title='bbox 1841 3648 2041 3704; x_wconf 91' lang='lat' dir='ltr'><strong>Simon</strong></span> 
     </span>
    </p>
   </div>
   <div class='ocr_carea' id='block_1_45' title="bbox 392 3736 2041 3811">
    <p class='ocr_par' dir='ltr' id='par_1_45' title="bbox 392 3736 2041 3811">
     <span class='ocr_line' id='line_1_45' title="bbox 392 3736 2041 3811; baseline -0.001 -18"><span class='ocrx_word' id='word_1_292' title='bbox 392 3740 662 3810; x_wconf 85' lang='lat' dir='ltr'><strong>leprosus</strong></span> <span class='ocrx_word' id='word_1_293' title='bbox 692 3738 943 3811; x_wconf 88' lang='lat' dir='ltr'><strong>hospitio</strong></span> <span class='ocrx_word' id='word_1_294' title='bbox 975 3738 1190 3810; x_wconf 85' lang='lat' dir='ltr'><strong>excipit</strong></span> <span class='ocrx_word' id='word_1_295' title='bbox 1230 3737 1328 3808; x_wconf 85' lang='lat'><strong>(1),</strong></span> <span class='ocrx_word' id='word_1_296' title='bbox 1363 3754 1536 3809; x_wconf 90' lang='lat' dir='ltr'><strong>quem</strong></span> <span class='ocrx_word' id='word_1_297' title='bbox 1566 3736 1879 3809; x_wconf 83' lang='lat' dir='ltr'><strong>apocryphi</strong></span> <span class='ocrx_word' id='word_1_298' title='bbox 1907 3736 2041 3792; x_wconf 90' lang='lat' dir='ltr'><strong>libri</strong></span> 
     </span>
    </p>
   </div>
   <div class='ocr_carea' id='block_1_46' title="bbox 394 3825 2040 3899">
    <p class='ocr_par' dir='ltr' id='par_1_46' title="bbox 394 3825 2040 3899">
     <span class='ocr_line' id='line_1_46' title="bbox 394 3825 2040 3899; baseline -0.001 -17"><span class='ocrx_word' id='word_1_299' title='bbox 394 3835 615 3899; x_wconf 82' lang='lat' dir='ltr'><strong>patrem</strong></span> <span class='ocrx_word' id='word_1_300' title='bbox 666 3827 866 3884; x_wconf 90' lang='lat' dir='ltr'><strong>Lazari</strong></span> <span class='ocrx_word' id='word_1_301' title='bbox 912 3829 1094 3884; x_wconf 80' lang='lat' dir='ltr'><strong>fuisse</strong></span> <span class='ocrx_word' id='word_1_302' title='bbox 1124 3832 1318 3898; x_wconf 88' lang='lat' dir='ltr'><strong>aperte</strong></span> <span class='ocrx_word' id='word_1_303' title='bbox 1348 3827 1609 3882; x_wconf 87' lang='lat' dir='ltr'><strong>tradunt.</strong></span> <span class='ocrx_word' id='word_1_304' title='bbox 1648 3827 1812 3897; x_wconf 83' lang='lat' dir='ltr'><strong>Apud</strong></span> <span class='ocrx_word' id='word_1_305' title='bbox 1863 3825 2040 3892; x_wconf 93' lang='lat' dir='ltr'><strong>hunc,</strong></span> 
     </span>
    </p>
   </div>
   <div class='ocr_carea' id='block_1_47' title="bbox 390 3915 2044 3988">
    <p class='ocr_par' dir='ltr' id='par_1_47' title="bbox 390 3915 2044 3988">
     <span class='ocr_line' id='line_1_47' title="bbox 390 3915 2044 3988; baseline -0.002 -16"><span class='ocrx_word' id='word_1_306' title='bbox 390 3933 525 3973; x_wconf 90' lang='lat' dir='ltr'><strong>cum</strong></span> <span class='ocrx_word' id='word_1_307' title='bbox 555 3918 753 3973; x_wconf 90' lang='lat' dir='ltr'><strong>cibum</strong></span> <span class='ocrx_word' id='word_1_308' title='bbox 785 3926 1029 3988; x_wconf 85' lang='lat' dir='ltr'><strong>caperet,</strong></span> <span class='ocrx_word' id='word_1_309' title='bbox 1059 3918 1364 3974; x_wconf 85' lang='lat' dir='ltr'><strong>convivam</strong></span> <span class='ocrx_word' id='word_1_310' title='bbox 1396 3915 1594 3985; x_wconf 89' lang='lat' dir='ltr'><strong>simul,</strong></span> <span class='ocrx_word' id='word_1_311' title='bbox 1618 3931 1789 3983; x_wconf 89' lang='lat' dir='ltr'><strong>quem</strong></span> <span class='ocrx_word' id='word_1_312' title='bbox 1820 3930 1935 3971; x_wconf 94' lang='lat' dir='ltr'><strong>non</strong></span> <span class='ocrx_word' id='word_1_313' title='bbox 1963 3916 2044 3970; x_wconf 88' lang='lat' dir='ltr'><strong>ita</strong></span> 
     </span>
    </p>
   </div>
   <div class='ocr_carea' id='block_1_48' title="bbox 393 4001 2041 4077">
    <p class='ocr_par' dir='ltr' id='par_1_48' title="bbox 393 4001 2041 4077">
     <span class='ocr_line' id='line_1_48' title="bbox 393 4001 2041 4077; baseline -0.003 -16"><span class='ocrx_word' id='word_1_314' title='bbox 393 4005 616 4077; x_wconf 89' lang='lat' dir='ltr'><strong>pridem</strong></span> <span class='ocrx_word' id='word_1_315' title='bbox 651 4005 709 4061; x_wconf 91' lang='lat' dir='ltr'><strong>in</strong></span> <span class='ocrx_word' id='word_1_316' title='bbox 759 4005 937 4061; x_wconf 90' lang='lat' dir='ltr'><strong>vitam</strong></span> <span class='ocrx_word' id='word_1_317' title='bbox 969 4005 1337 4071; x_wconf 85' lang='lat' dir='ltr'><strong>restituisset,</strong></span> <span class='ocrx_word' id='word_1_318' title='bbox 1390 4004 1669 4059; x_wconf 87' lang='lat' dir='ltr'><strong>Lazarum</strong></span> <span class='ocrx_word' id='word_1_319' title='bbox 1702 4002 1922 4058; x_wconf 87' lang='lat' dir='ltr'><strong>habuit.</strong></span> <span class='ocrx_word' id='word_1_320' title='bbox 1958 4001 2041 4058; x_wconf 90' lang='lat' dir='ltr'><strong>Ibi</strong></span> 
     </span>
    </p>
   </div>
   <div class='ocr_carea' id='block_1_49' title="bbox 389 4093 2042 4172">
    <p class='ocr_par' dir='ltr' id='par_1_49' title="bbox 389 4093 2042 4172">
     <span class='ocr_line' id='line_1_49' title="bbox 389 4093 2042 4172; baseline 0.001 -26"><span class='ocrx_word' id='word_1_321' title='bbox 389 4109 625 4164; x_wconf 90' lang='lat' dir='ltr'><strong>quoque</strong></span> <span class='ocrx_word' id='word_1_322' title='bbox 659 4094 855 4150; x_wconf 88' lang='lat' dir='ltr'><strong>Lazari</strong></span> <span class='ocrx_word' id='word_1_323' title='bbox 887 4110 1052 4151; x_wconf 91' lang='lat' dir='ltr'><strong>soror</strong></span> <span class='ocrx_word' id='word_1_324' title='bbox 1080 4094 1261 4150; x_wconf 89' lang='lat' dir='ltr'><strong>Maria</strong></span> <span class='ocrx_word' id='word_1_325' title='bbox 1289 4094 1389 4165; x_wconf 85' lang='lat'><strong>(2).</strong></span> <span class='ocrx_word' id='word_1_326' title='bbox 1446 4093 1781 4149; x_wconf 87' lang='lat' dir='ltr'><strong>humaniter</strong></span> <span class='ocrx_word' id='word_1_327' title='bbox 1807 4094 2042 4172; x_wconf 77' lang='lat' dir='ltr'><strong>excepto</strong></span> 
     </span>
    </p>
   </div>
   <div class='ocr_carea' id='block_1_50' title="bbox 382 4180 2042 4255">
    <p class='ocr_par' dir='ltr' id='par_1_50' title="bbox 382 4180 2042 4255">
     <span class='ocr_line' id='line_1_50' title="bbox 382 4180 2042 4255; baseline 0.001 -19"><span class='ocrx_word' id='word_1_328' title='bbox 382 4183 540 4249; x_wconf 86' lang='lat' dir='ltr'><strong>Jesu,</strong></span> <span class='ocrx_word' id='word_1_329' title='bbox 575 4188 857 4255; x_wconf 85' lang='lat' dir='ltr'><strong>tanquam</strong></span> <span class='ocrx_word' id='word_1_330' title='bbox 898 4184 1033 4251; x_wconf 92' lang='lat' dir='ltr'><strong>Deo,</strong></span> <span class='ocrx_word' id='word_1_331' title='bbox 1086 4187 1325 4254; x_wconf 89' lang='lat' dir='ltr'><strong>propter</strong></span> <span class='ocrx_word' id='word_1_332' title='bbox 1368 4181 1682 4238; x_wconf 90' lang='lat' dir='ltr'><strong>redivivam</strong></span> <span class='ocrx_word' id='word_1_333' title='bbox 1717 4180 2042 4237; x_wconf 89' lang='lat' dir='ltr'><strong>restitutio-</strong></span> 
     </span>
    </p>
   </div>
   <div class='ocr_carea' id='block_1_51' title="bbox 386 4268 2036 4343">
    <p class='ocr_par' dir='ltr' id='par_1_51' title="bbox 386 4268 2036 4343">
     <span class='ocr_line' id='line_1_51' title="bbox 386 4268 2036 4343; baseline -0.001 -18"><span class='ocrx_word' id='word_1_334' title='bbox 386 4285 519 4325; x_wconf 90' lang='lat' dir='ltr'><strong>nem</strong></span> <span class='ocrx_word' id='word_1_335' title='bbox 554 4271 770 4338; x_wconf 83' lang='lat' dir='ltr'><strong>fratris,</strong></span> <span class='ocrx_word' id='word_1_336' title='bbox 831 4274 1132 4343; x_wconf 86' lang='lat' dir='ltr'><strong>unguento</strong></span> <span class='ocrx_word' id='word_1_337' title='bbox 1164 4271 1417 4342; x_wconf 86' lang='lat' dir='ltr'><strong>pretioso</strong></span> <span class='ocrx_word' id='word_1_338' title='bbox 1446 4273 1625 4342; x_wconf 89' lang='lat' dir='ltr'><strong>caput</strong></span> <span class='ocrx_word' id='word_1_339' title='bbox 1653 4269 1781 4337; x_wconf 89' lang='lat' dir='ltr'><strong>ejus</strong></span> <span class='ocrx_word' id='word_1_340' title='bbox 1807 4268 2036 4326; x_wconf 88' lang='lat' dir='ltr'><strong>imbuit.</strong></span> 
     </span>
    </p>
   </div>
   <div class='ocr_carea' id='block_1_52' title="bbox 2781 1354 3199 1408">
    <p class='ocr_par' dir='ltr' id='par_1_52' title="bbox 2781 1354 3199 1408">
     <span class='ocr_line' id='line_1_52' title="bbox 2781 1354 3199 1408; baseline 0.01 -5"><span class='ocrx_word' id='word_1_341' title='bbox 2781 1354 3039 1408; x_wconf 79' lang='grc' dir='ltr'><strong>ΚΕΦΔΛ.</strong></span> <span class='ocrx_word' id='word_1_342' title='bbox 3083 1354 3199 1407; x_wconf 81' lang='lat' dir='ltr'><strong>KZ&#39;.</strong></span> 
     </span>
    </p>
   </div>
   <div class='ocr_carea' id='block_1_53' title="bbox 2156 1455 3859 1545">
    <p class='ocr_par' dir='ltr' id='par_1_53' title="bbox 2156 1455 3859 1545">
     <span class='ocr_line' id='line_1_53' title="bbox 2156 1455 3859 1545; baseline 0.011 -39"><span class='ocrx_word' id='word_1_343' title='bbox 2156 1456 2262 1514; x_wconf 67' lang='grc' dir='ltr'>Ὠς</span> <span class='ocrx_word' id='word_1_344' title='bbox 2287 1475 2417 1541; x_wconf 61' lang='grc' dir='ltr'><strong>των</strong></span> <span class='ocrx_word' id='word_1_345' title='bbox 2442 1455 2800 1545; x_wconf 58' lang='grc' dir='ltr'>τριακοντα</span> <span class='ocrx_word' id='word_1_346' title='bbox 2843 1459 3265 1545; x_wconf 35' lang='grc' dir='ltr'>τριῶνοέτῶν</span> <span class='ocrx_word' id='word_1_347' title='bbox 3309 1483 3859 1541; x_wconf 83' lang='grc' dir='ltr'>συμπεπεραιω-</span> 
     </span>
    </p>
   </div>
   <div class='ocr_carea' id='block_1_54' title="bbox 2229 1529 3855 1605">
    <p class='ocr_par' dir='ltr' id='par_1_54' title="bbox 2229 1529 3855 1605">
     <span class='ocr_line' id='line_1_54' title="bbox 2229 1529 3855 1605; baseline 0.012 -28"><span class='ocrx_word' id='word_1_348' title='bbox 2229 1529 2483 1605; x_wconf 76' lang='grc' dir='ltr'>μενων,</span> <span class='ocrx_word' id='word_1_349' title='bbox 2523 1529 2617 1587; x_wconf 89' lang='grc' dir='ltr'><strong>εἰς</strong></span> <span class='ocrx_word' id='word_1_350' title='bbox 2656 1529 3005 1605; x_wconf 40' lang='grc' dir='ltr'>,Βηθανίαν</span> <span class='ocrx_word' id='word_1_351' title='bbox 3059 1532 3088 1585; x_wconf 87' lang='grc' dir='ltr'>ὁ</span> <span class='ocrx_word' id='word_1_352' title='bbox 3137 1529 3639 1605; x_wconf 16' lang='grc' dir='ltr'>Σωτήγρδῆκειί</span> <span class='ocrx_word' id='word_1_353' title='bbox 3710 1539 3855 1596; x_wconf 74' lang='grc' dir='ltr'><strong>καὶ</strong></span> 
     </span>
    </p>
   </div>
   <div class='ocr_carea' id='block_1_55' title="bbox 2229 1598 3851 1682">
    <p class='ocr_par' dir='ltr' id='par_1_55' title="bbox 2229 1598 3851 1682">
     <span class='ocr_line' id='line_1_55' title="bbox 2229 1598 3851 1682; baseline 0.012 -33"><span class='ocrx_word' id='word_1_354' title='bbox 2229 1598 2380 1682; x_wconf 60' lang='grc' dir='ltr'><strong>⁴περὶ</strong></span> <span class='ocrx_word' id='word_1_355' title='bbox 2423 1604 2542 1682; x_wconf 42' lang='grc' dir='ltr'>τΑῆς</span> <span class='ocrx_word' id='word_1_356' title='bbox 2589 1598 3470 1682; x_wconf 51' lang='lat' dir='ltr'><strong>ROIPT&#39;QC_11ETGJVB¢{0)V&#39;,</strong></span> <span class='ocrx_word' id='word_1_357' title='bbox 3524 1611 3644 1665; x_wconf 82' lang='grc' dir='ltr'><strong>καὶ</strong></span> <span class='ocrx_word' id='word_1_358' title='bbox 3708 1620 3851 1682; x_wconf 78' lang='grc' dir='ltr'><strong>τῆς</strong></span> 
     </span>
    </p>
   </div>
   <div class='ocr_carea' id='block_1_56' title="bbox 2232 1669 2957 1742">
    <p class='ocr_par' dir='ltr' id='par_1_56' title="bbox 2232 1669 2957 1742">
     <span class='ocr_line' id='line_1_56' title="bbox 2232 1669 2957 1742; baseline 0.006 -20"><span class='ocrx_word' id='word_1_359' title='bbox 2232 1669 2957 1742; x_wconf 54' lang='grc' dir='ltr'>ξηρανθείσηςσυκῆς.</span> 
     </span>
    </p>
   </div>
   <div class='ocr_carea' id='block_1_57' title="bbox 2232 1772 3860 1855">
    <p class='ocr_par' dir='ltr' id='par_1_57' title="bbox 2232 1772 3860 1855">
     <span class='ocr_line' id='line_1_57' title="bbox 2232 1772 3860 1855; baseline 0.01 -27"><span class='ocrx_word' id='word_1_360' title='bbox 2232 1775 2383 1831; x_wconf 78' lang='grc' dir='ltr'><strong>Μετᾶ</strong></span> <span class='ocrx_word' id='word_1_361' title='bbox 2439 1772 2496 1829; x_wconf 70' lang='grc' dir='ltr'><strong>ὁὶ</strong></span> <span class='ocrx_word' id='word_1_362' title='bbox 2545 1780 2727 1846; x_wconf 85' lang='grc' dir='ltr'>τοῦτο,</span> <span class='ocrx_word' id='word_1_363' title='bbox 2784 1776 2900 1832; x_wconf 80' lang='grc' dir='ltr'>ἐπεὶ</span> <span class='ocrx_word' id='word_1_364' title='bbox 2931 1778 2958 1831; x_wconf 76' lang='grc' dir='ltr'><strong>ὁ</strong></span> <span class='ocrx_word' id='word_1_365' title='bbox 2995 1781 3216 1852; x_wconf 77' lang='grc' dir='ltr'>τριετῆς</span> <span class='ocrx_word' id='word_1_366' title='bbox 3263 1780 3345 1853; x_wconf 82' lang='grc' dir='ltr'><strong>τῷ</strong></span> <span class='ocrx_word' id='word_1_367' title='bbox 3376 1784 3493 1855; x_wconf 81' lang='grc' dir='ltr'><strong>Υἱῷ</strong></span> <span class='ocrx_word' id='word_1_368' title='bbox 3548 1790 3655 1840; x_wconf 85' lang='grc' dir='ltr'><strong>τοῦ</strong></span> <span class='ocrx_word' id='word_1_369' title='bbox 3704 1794 3860 1844; x_wconf 86' lang='grc' dir='ltr'>Θεοῦ</span> 
     </span>
    </p>
   </div>
   <div class='ocr_carea' id='block_1_58' title="bbox 2162 1864 3860 1955">
    <p class='ocr_par' dir='ltr' id='par_1_58' title="bbox 2162 1864 3860 1955">
     <span class='ocr_line' id='line_1_58' title="bbox 2162 1864 3860 1955; baseline 0.011 -39"><span class='ocrx_word' id='word_1_370' title='bbox 2162 1864 2504 1955; x_wconf 35' lang='grc' dir='ltr'>χρόνος-τῆς</span> <span class='ocrx_word' id='word_1_371' title='bbox 2550 1865 2636 1955; x_wconf 80' lang='grc' dir='ltr'>ἐπὶ</span> <span class='ocrx_word' id='word_1_372' title='bbox 2678 1873 2788 1955; x_wconf 13' lang='grc' dir='ltr'>,γῆς</span> <span class='ocrx_word' id='word_1_373' title='bbox 2830 1864 3117 1942; x_wconf 77' lang='grc' dir='ltr'>διατριϐῆς</span> <span class='ocrx_word' id='word_1_374' title='bbox 3167 1869 3222 1924; x_wconf 86' lang='grc' dir='ltr'><strong>ἐν</strong></span> <span class='ocrx_word' id='word_1_375' title='bbox 3269 1867 3615 1947; x_wconf 73' lang='grc' dir='ltr'>διδασκαλίᾳ</span> <span class='ocrx_word' id='word_1_376' title='bbox 3667 1879 3860 1955; x_wconf 72' lang='grc' dir='ltr'>πέρας</span> 
     </span>
    </p>
   </div>
   <div class='ocr_carea' id='block_1_59' title="bbox 2162 1952 3852 2038">
    <p class='ocr_par' dir='ltr' id='par_1_59' title="bbox 2162 1952 3852 2038">
     <span class='ocr_line' id='line_1_59' title="bbox 2162 1952 3852 2038; baseline 0.011 -32"><span class='ocrx_word' id='word_1_377' title='bbox 2162 1953 2307 2030; x_wconf 77' lang='grc' dir='ltr'>εἶχεν</span> <span class='ocrx_word' id='word_1_378' title='bbox 2333 1973 2346 1984; x_wconf 70' lang='grc'><strong><em>⁸</em></strong></span> <span class='ocrx_word' id='word_1_379' title='bbox 2379 1952 2549 2029; x_wconf 75' lang='grc' dir='ltr'>ἐχρῆν</span> <span class='ocrx_word' id='word_1_380' title='bbox 2581 1952 2637 2009; x_wconf 75' lang='grc' dir='ltr'>δὲ</span> <span class='ocrx_word' id='word_1_381' title='bbox 2668 1954 2770 2028; x_wconf 68' lang='grc' dir='ltr'>ἄρα</span> <span class='ocrx_word' id='word_1_382' title='bbox 2800 1956 2963 2010; x_wconf 76' lang='grc' dir='ltr'>αὐτὸν</span> <span class='ocrx_word' id='word_1_383' title='bbox 2996 1958 3132 2012; x_wconf 75' lang='grc' dir='ltr'>κατὰ</span> <span class='ocrx_word' id='word_1_384' title='bbox 3160 1960 3231 2013; x_wconf 71' lang='grc' dir='ltr'>τὰ</span> <span class='ocrx_word' id='word_1_385' title='bbox 3271 1959 3334 2015; x_wconf 83' lang='grc' dir='ltr'><strong>ἐκ</strong></span> <span class='ocrx_word' id='word_1_386' title='bbox 3385 1952 3852 2038; x_wconf 73' lang='grc' dir='ltr'>προκαταϐολῆς</span> 
     </span>
    </p>
   </div>
   <div class='ocr_carea' id='block_1_60' title="bbox 2159 2041 3851 2126">
    <p class='ocr_par' dir='ltr' id='par_1_60' title="bbox 2159 2041 3851 2126">
     <span class='ocr_line' id='line_1_60' title="bbox 2159 2041 3851 2126; baseline 0.011 -31"><span class='ocrx_word' id='word_1_387' title='bbox 2159 2044 2369 2113; x_wconf 78' lang='grc' dir='ltr'><strong>κόσμου</strong></span> <span class='ocrx_word' id='word_1_388' title='bbox 2426 2041 2780 2119; x_wconf 69' lang='grc' dir='ltr'>διωρισμένα,</span> <span class='ocrx_word' id='word_1_389' title='bbox 2836 2047 2926 2099; x_wconf 81' lang='grc' dir='ltr'><strong>καὶ</strong></span> <span class='ocrx_word' id='word_1_390' title='bbox 2985 2052 3225 2124; x_wconf 86' lang='grc' dir='ltr'>Γραφαῖς</span> <span class='ocrx_word' id='word_1_391' title='bbox 3302 2050 3497 2126; x_wconf 78' lang='grc' dir='ltr'>ἁγίαις</span> <span class='ocrx_word' id='word_1_392' title='bbox 3580 2058 3851 2113; x_wconf 69' lang='grc' dir='ltr'>τεθεσπιο</span> 
     </span>
    </p>
   </div>
   <div class='ocr_carea' id='block_1_61' title="bbox 2163 2130 3848 2215">
    <p class='ocr_par' dir='ltr' id='par_1_61' title="bbox 2163 2130 3848 2215">
     <span class='ocr_line' id='line_1_61' title="bbox 2163 2130 3848 2215; baseline 0.011 -32"><span class='ocrx_word' id='word_1_393' title='bbox 2163 2130 2353 2203; x_wconf 81' lang='grc' dir='ltr'>σμένα,</span> <span class='ocrx_word' id='word_1_394' title='bbox 2384 2137 2629 2205; x_wconf 79' lang='grc' dir='ltr'>προεῖναι</span> <span class='ocrx_word' id='word_1_395' title='bbox 2683 2132 2778 2205; x_wconf 74' lang='grc' dir='ltr'>μὲν</span> <span class='ocrx_word' id='word_1_396' title='bbox 2814 2134 2913 2202; x_wconf 75' lang='grc' dir='ltr'>τὴν</span> <span class='ocrx_word' id='word_1_397' title='bbox 2965 2133 3132 2189; x_wconf 78' lang='grc' dir='ltr'>αὐτοῦ</span> <span class='ocrx_word' id='word_1_398' title='bbox 3180 2137 3325 2205; x_wconf 76' lang='grc' dir='ltr'>ζωὴν</span> <span class='ocrx_word' id='word_1_399' title='bbox 3378 2138 3517 2215; x_wconf 72' lang='grc' dir='ltr'>ὑπὲρ</span> <span class='ocrx_word' id='word_1_400' title='bbox 3570 2150 3682 2212; x_wconf 79' lang='grc' dir='ltr'><strong>τῆς</strong></span> <span class='ocrx_word' id='word_1_401' title='bbox 3736 2150 3848 2201; x_wconf 87' lang='grc' dir='ltr'><strong>τοῦ</strong></span> 
     </span>
    </p>
   </div>
   <div class='ocr_carea' id='block_1_62' title="bbox 2159 2218 3848 2305">
    <p class='ocr_par' dir='ltr' id='par_1_62' title="bbox 2159 2218 3848 2305">
     <span class='ocr_line' id='line_1_62' title="bbox 2159 2218 3848 2305; baseline 0.01 -32"><span class='ocrx_word' id='word_1_402' title='bbox 2159 2218 2369 2291; x_wconf 79' lang='grc' dir='ltr'><strong>κόσμου</strong></span> <span class='ocrx_word' id='word_1_403' title='bbox 2400 2226 2546 2290; x_wconf 89' lang='grc' dir='ltr'>ζωῆς</span> <span class='ocrx_word' id='word_1_404' title='bbox 2575 2242 2634 2275; x_wconf 87' lang='grc' dir='ltr'><strong>τε</strong></span> <span class='ocrx_word' id='word_1_405' title='bbox 2670 2221 2759 2275; x_wconf 81' lang='grc' dir='ltr'><strong>καὶ</strong></span> <span class='ocrx_word' id='word_1_406' title='bbox 2803 2223 3077 2297; x_wconf 82' lang='grc' dir='ltr'>σωτηρίας</span> <span class='ocrx_word' id='word_1_407' title='bbox 3103 2243 3116 2255; x_wconf 82' lang='lat'>&#39;</span> <span class='ocrx_word' id='word_1_408' title='bbox 3159 2226 3377 2299; x_wconf 78' lang='grc' dir='ltr'>θανάτῳ</span> <span class='ocrx_word' id='word_1_409' title='bbox 3426 2226 3486 2283; x_wconf 75' lang='grc' dir='ltr'>δὲ</span> <span class='ocrx_word' id='word_1_410' title='bbox 3514 2233 3665 2305; x_wconf 85' lang='grc' dir='ltr'>πρὸς</span> <span class='ocrx_word' id='word_1_411' title='bbox 3696 2233 3848 2297; x_wconf 74' lang='grc' dir='ltr'>τοὺς</span> 
     </span>
    </p>
   </div>
   <div class='ocr_carea' id='block_1_63' title="bbox 2161 2306 3846 2391">
    <p class='ocr_par' dir='ltr' id='par_1_63' title="bbox 2161 2306 3846 2391">
     <span class='ocr_line' id='line_1_63' title="bbox 2161 2306 3846 2391; baseline 0.007 -27"><span class='ocrx_word' id='word_1_412' title='bbox 2161 2309 2213 2364; x_wconf 82' lang='grc' dir='ltr'>ἒν</span> <span class='ocrx_word' id='word_1_413' title='bbox 2242 2306 2375 2378; x_wconf 78' lang='grc' dir='ltr'>ᾅδου</span> <span class='ocrx_word' id='word_1_414' title='bbox 2421 2309 2712 2384; x_wconf 87' lang='grc' dir='ltr'>γενόμενον</span> <span class='ocrx_word' id='word_1_415' title='bbox 2760 2311 2889 2373; x_wconf 79' lang='grc' dir='ltr'>τοὺς</span> <span class='ocrx_word' id='word_1_416' title='bbox 2938 2313 3118 2385; x_wconf 79' lang='grc' dir='ltr'>ἀξίους</span> <span class='ocrx_word' id='word_1_417' title='bbox 3166 2318 3415 2386; x_wconf 77' lang='grc' dir='ltr'>ζωῶσαι,</span> <span class='ocrx_word' id='word_1_418' title='bbox 3466 2317 3595 2375; x_wconf 81' lang='grc' dir='ltr'>ὅσοι</span> <span class='ocrx_word' id='word_1_419' title='bbox 3636 2319 3711 2391; x_wconf 83' lang='grc' dir='ltr'>δὴ</span> <span class='ocrx_word' id='word_1_420' title='bbox 3746 2327 3846 2380; x_wconf 72' lang='grc' dir='ltr'><strong>καὶ</strong></span> 
     </span>
    </p>
   </div>
   <div class='ocr_carea' id='block_1_64' title="bbox 2160 2399 3844 2479">
    <p class='ocr_par' dir='ltr' id='par_1_64' title="bbox 2160 2399 3844 2479">
     <span class='ocr_line' id='line_1_64' title="bbox 2160 2399 3844 2479; baseline 0.011 -28"><span class='ocrx_word' id='word_1_421' title='bbox 2160 2403 2439 2453; x_wconf 80' lang='grc' dir='ltr'>πιστεῦσαι</span> <span class='ocrx_word' id='word_1_422' title='bbox 2481 2399 2801 2473; x_wconf 83' lang='grc' dir='ltr'>ἠνέσχοντο,</span> <span class='ocrx_word' id='word_1_423' title='bbox 2849 2400 2941 2455; x_wconf 79' lang='grc' dir='ltr'><strong>καὶ</strong></span> <span class='ocrx_word' id='word_1_424' title='bbox 2989 2402 3125 2473; x_wconf 77' lang='grc' dir='ltr'>πρὸς</span> <span class='ocrx_word' id='word_1_425' title='bbox 3176 2404 3271 2458; x_wconf 85' lang='grc' dir='ltr'>τὸν</span> <span class='ocrx_word' id='word_1_426' title='bbox 3322 2405 3667 2479; x_wconf 74' lang='grc' dir='ltr'>παράδεισον</span> <span class='ocrx_word' id='word_1_427' title='bbox 3700 2413 3844 2469; x_wconf 79' lang='grc' dir='ltr'>ἀνα-</span> 
     </span>
    </p>
   </div>
   <div class='ocr_carea' id='block_1_65' title="bbox 2162 2486 3838 2571">
    <p class='ocr_par' dir='ltr' id='par_1_65' title="bbox 2162 2486 3838 2571">
     <span class='ocr_line' id='line_1_65' title="bbox 2162 2486 3838 2571; baseline 0.01 -31"><span class='ocrx_word' id='word_1_428' title='bbox 2162 2490 2351 2553; x_wconf 77' lang='grc' dir='ltr'>σῶσαι,</span> <span class='ocrx_word' id='word_1_429' title='bbox 2383 2486 2633 2561; x_wconf 83' lang='grc' dir='ltr'>ἀρχηγὸν</span> <span class='ocrx_word' id='word_1_430' title='bbox 2678 2488 2767 2542; x_wconf 80' lang='grc' dir='ltr'><strong>καὶ</strong></span> <span class='ocrx_word' id='word_1_431' title='bbox 2803 2486 2976 2542; x_wconf 83' lang='grc' dir='ltr'>αἳτιον</span> <span class='ocrx_word' id='word_1_432' title='bbox 3017 2494 3166 2559; x_wconf 83' lang='grc' dir='ltr'>ζωῆς</span> <span class='ocrx_word' id='word_1_433' title='bbox 3218 2489 3448 2547; x_wconf 80' lang='grc' dir='ltr'>αἰωνίου</span> <span class='ocrx_word' id='word_1_434' title='bbox 3499 2499 3838 2571; x_wconf 80' lang='grc' dir='ltr'>γενόμενον,</span> 
     </span>
    </p>
   </div>
   <div class='ocr_carea' id='block_1_66' title="bbox 2161 2574 3835 2665">
    <p class='ocr_par' dir='ltr' id='par_1_66' title="bbox 2161 2574 3835 2665">
     <span class='ocr_line' id='line_1_66' title="bbox 2161 2574 3835 2665; baseline 0.01 -36"><span class='ocrx_word' id='word_1_435' title='bbox 2161 2574 2259 2629; x_wconf 70' lang='grc' dir='ltr'><strong>Διά</strong></span> <span class='ocrx_word' id='word_1_436' title='bbox 2286 2596 2371 2630; x_wconf 85' lang='grc' dir='ltr'><strong>τοι</strong></span> <span class='ocrx_word' id='word_1_437' title='bbox 2395 2580 2561 2631; x_wconf 86' lang='grc' dir='ltr'>τοῦτο</span> <span class='ocrx_word' id='word_1_438' title='bbox 2595 2576 2729 2648; x_wconf 80' lang='grc' dir='ltr'>μετὰ</span> <span class='ocrx_word' id='word_1_439' title='bbox 2756 2576 2818 2631; x_wconf 86' lang='grc' dir='ltr'>τὸ</span> <span class='ocrx_word' id='word_1_440' title='bbox 2850 2580 3019 2632; x_wconf 78' lang='grc' dir='ltr'>ταῦτα</span> <span class='ocrx_word' id='word_1_441' title='bbox 3063 2578 3233 2633; x_wconf 73' lang='grc' dir='ltr'>πάντα</span> <span class='ocrx_word' id='word_1_442' title='bbox 3282 2584 3485 2655; x_wconf 74' lang='grc' dir='ltr'>πρᾶξαι</span> <span class='ocrx_word' id='word_1_443' title='bbox 3516 2587 3616 2641; x_wconf 88' lang='grc' dir='ltr'>τὸν</span> <span class='ocrx_word' id='word_1_444' title='bbox 3668 2591 3835 2665; x_wconf 71' lang='lat' dir='ltr'><strong>Geap-</strong></span> 
     </span>
    </p>
   </div>
   <div class='ocr_carea' id='block_1_67' title="bbox 2160 2665 3835 2750">
    <p class='ocr_par' dir='ltr' id='par_1_67' title="bbox 2160 2665 3835 2750">
     <span class='ocr_line' id='line_1_67' title="bbox 2160 2665 3835 2750; baseline 0.005 -33"><span class='ocrx_word' id='word_1_445' title='bbox 2160 2665 2466 2739; x_wconf 82' lang='grc' dir='ltr'>χικώτατον</span> <span class='ocrx_word' id='word_1_446' title='bbox 2526 2665 2725 2741; x_wconf 80' lang='grc' dir='ltr'>Λόγον,</span> <span class='ocrx_word' id='word_1_447' title='bbox 2782 2666 2873 2720; x_wconf 84' lang='grc' dir='ltr'><strong>καὶ</strong></span> <span class='ocrx_word' id='word_1_448' title='bbox 2940 2672 3059 2728; x_wconf 77' lang='grc' dir='ltr'>τοῖς</span> <span class='ocrx_word' id='word_1_449' title='bbox 3117 2666 3280 2730; x_wconf 84' lang='grc' dir='ltr'>ἰδίοις</span> <span class='ocrx_word' id='word_1_450' title='bbox 3349 2670 3835 2750; x_wconf 69' lang='grc' dir='ltr'>εὐαγγελίσασθαι</span> 
     </span>
    </p>
   </div>
   <div class='ocr_carea' id='block_1_68' title="bbox 2163 2752 3833 2838">
    <p class='ocr_par' dir='ltr' id='par_1_68' title="bbox 2163 2752 3833 2838">
     <span class='ocr_line' id='line_1_68' title="bbox 2163 2752 3833 2838; baseline 0.007 -31"><span class='ocrx_word' id='word_1_451' title='bbox 2163 2755 2454 2825; x_wconf 81' lang='grc' dir='ltr'><strong>μαθηταῖς,</strong></span> <span class='ocrx_word' id='word_1_452' title='bbox 2513 2755 2636 2808; x_wconf 82' lang='grc' dir='ltr'>ὅσον</span> <span class='ocrx_word' id='word_1_453' title='bbox 2692 2752 2799 2824; x_wconf 72' lang='grc' dir='ltr'><strong>ἤδη</strong></span> <span class='ocrx_word' id='word_1_454' title='bbox 2861 2754 3019 2830; x_wconf 77' lang='grc' dir='ltr'>ἐγγὺς</span> <span class='ocrx_word' id='word_1_455' title='bbox 3068 2756 3206 2810; x_wconf 75' lang='grc' dir='ltr'>εἶναι</span> <span class='ocrx_word' id='word_1_456' title='bbox 3256 2759 3357 2826; x_wconf 78' lang='grc' dir='ltr'>τήν</span> <span class='ocrx_word' id='word_1_457' title='bbox 3406 2765 3522 2815; x_wconf 82' lang='grc' dir='ltr'>τῶν</span> <span class='ocrx_word' id='word_1_458' title='bbox 3575 2766 3833 2838; x_wconf 74' lang='grc' dir='ltr'>οὐρανῶν</span> 
     </span>
    </p>
   </div>
   <div class='ocr_carea' id='block_1_69' title="bbox 2162 2841 3834 2929">
    <p class='ocr_par' dir='ltr' id='par_1_69' title="bbox 2162 2841 3834 2929">
     <span class='ocr_line' id='line_1_69' title="bbox 2162 2841 3834 2929; baseline 0.011 -34"><span class='ocrx_word' id='word_1_459' title='bbox 2162 2841 2469 2917; x_wconf 89' lang='grc' dir='ltr'>βασιλείαν,</span> <span class='ocrx_word' id='word_1_460' title='bbox 2534 2843 2625 2897; x_wconf 80' lang='grc' dir='ltr'>καὶ</span> <span class='ocrx_word' id='word_1_461' title='bbox 2689 2848 2807 2905; x_wconf 77' lang='grc' dir='ltr'>τοῖς</span> <span class='ocrx_word' id='word_1_462' title='bbox 2873 2844 3373 2918; x_wconf 83' lang='grc' dir='ltr'>αἰχμαλωτισθεῖσι</span> <span class='ocrx_word' id='word_1_463' title='bbox 3446 2855 3530 2923; x_wconf 78' lang='grc' dir='ltr'>τῷ</span> <span class='ocrx_word' id='word_1_464' title='bbox 3611 2862 3834 2929; x_wconf 80' lang='grc' dir='ltr'>Σατανᾷ</span> 
     </span>
    </p>
   </div>
   <div class='ocr_carea' id='block_1_70' title="bbox 2160 2930 3834 3017">
    <p class='ocr_par' dir='ltr' id='par_1_70' title="bbox 2160 2930 3834 3017">
     <span class='ocr_line' id='line_1_70' title="bbox 2160 2930 3834 3017; baseline 0.008 -31"><span class='ocrx_word' id='word_1_465' title='bbox 2160 2934 2387 3007; x_wconf 80' lang='grc' dir='ltr'>κηρῦξαι</span> <span class='ocrx_word' id='word_1_466' title='bbox 2420 2933 2521 3000; x_wconf 79' lang='grc' dir='ltr'>τήν</span> <span class='ocrx_word' id='word_1_467' title='bbox 2553 2930 2759 3008; x_wconf 78' lang='grc' dir='ltr'>ἄφεσιν,</span> <span class='ocrx_word' id='word_1_468' title='bbox 2804 2933 2942 3007; x_wconf 90' lang='grc' dir='ltr'>πρὸς</span> <span class='ocrx_word' id='word_1_469' title='bbox 2992 2930 3050 2988; x_wconf 77' lang='grc' dir='ltr'>δὲ</span> <span class='ocrx_word' id='word_1_470' title='bbox 3095 2936 3186 2989; x_wconf 84' lang='grc' dir='ltr'><strong>καὶ</strong></span> <span class='ocrx_word' id='word_1_471' title='bbox 3234 2942 3355 2999; x_wconf 84' lang='grc' dir='ltr'>τοῖς</span> <span class='ocrx_word' id='word_1_472' title='bbox 3402 2937 3834 3017; x_wconf 76' lang='grc' dir='ltr'>ἒσκοτισμὲνοις</span> 
     </span>
    </p>
   </div>
   <div class='ocr_carea' id='block_1_71' title="bbox 2151 3021 3827 3098">
    <p class='ocr_par' dir='ltr' id='par_1_71' title="bbox 2151 3021 3827 3098">
     <span class='ocr_line' id='line_1_71' title="bbox 2151 3021 3827 3098; baseline 0.005 -23"><span class='ocrx_word' id='word_1_473' title='bbox 2151 3021 2242 3075; x_wconf 85' lang='grc' dir='ltr'><strong>τὸν</strong></span> <span class='ocrx_word' id='word_1_474' title='bbox 2280 3025 2424 3090; x_wconf 90' lang='grc' dir='ltr'>νοῦν,</span> <span class='ocrx_word' id='word_1_475' title='bbox 2469 3022 2559 3075; x_wconf 82' lang='grc' dir='ltr'>καὶ</span> <span class='ocrx_word' id='word_1_476' title='bbox 2609 3025 2677 3095; x_wconf 82' lang='grc' dir='ltr'><strong>τῇ</strong></span> <span class='ocrx_word' id='word_1_477' title='bbox 2734 3021 2957 3092; x_wconf 76' lang='grc' dir='ltr'>ἀπιστία</span> <span class='ocrx_word' id='word_1_478' title='bbox 3006 3029 3460 3098; x_wconf 73' lang='grc' dir='ltr'>πεπηρωμένοις,</span> <span class='ocrx_word' id='word_1_479' title='bbox 3512 3036 3637 3098; x_wconf 71' lang='grc' dir='ltr'><strong>φῶς</strong></span> <span class='ocrx_word' id='word_1_480' title='bbox 3688 3037 3827 3093; x_wconf 67' lang='grc' dir='ltr'><strong>ἀνι-</strong></span> 
     </span>
    </p>
   </div>
   <div class='ocr_carea' id='block_1_72' title="bbox 2152 3096 3827 3198">
    <p class='ocr_par' dir='ltr' id='par_1_72' title="bbox 2152 3096 3827 3198">
     <span class='ocr_line' id='line_1_72' title="bbox 2152 3096 3827 3198; baseline 0.013 -40"><span class='ocrx_word' id='word_1_481' title='bbox 2152 3107 2368 3183; x_wconf 79' lang='grc' dir='ltr'>λάμψαι</span> <span class='ocrx_word' id='word_1_482' title='bbox 2429 3108 2615 3183; x_wconf 77' lang='grc' dir='ltr'>μέγαο</span> <span class='ocrx_word' id='word_1_483' title='bbox 2673 3110 2764 3164; x_wconf 80' lang='grc' dir='ltr'><strong>καὶ</strong></span> <span class='ocrx_word' id='word_1_484' title='bbox 2820 3107 3046 3165; x_wconf 53' lang='grc' dir='ltr'>καλέσαι</span> <span class='ocrx_word' id='word_1_485' title='bbox 3122 3112 3217 3183; x_wconf 73' lang='grc' dir='ltr'>μὲν</span> <span class='ocrx_word' id='word_1_486' title='bbox 3274 3096 3539 3172; x_wconf 71' lang='grc' dir='ltr'><strong>ἐνιαυτὸν⁵</strong></span> <span class='ocrx_word' id='word_1_487' title='bbox 3613 3124 3827 3198; x_wconf 83' lang='grc' dir='ltr'>Κυρίου</span> 
     </span>
    </p>
   </div>
   <div class='ocr_carea' id='block_1_73' title="bbox 2152 3194 3826 3281">
    <p class='ocr_par' dir='ltr' id='par_1_73' title="bbox 2152 3194 3826 3281">
     <span class='ocr_line' id='line_1_73' title="bbox 2152 3194 3826 3281; baseline 0.011 -29"><span class='ocrx_word' id='word_1_488' title='bbox 2152 3194 2359 3268; x_wconf 86' lang='grc' dir='ltr'>δεκτὸν,</span> <span class='ocrx_word' id='word_1_489' title='bbox 2406 3199 2496 3252; x_wconf 83' lang='grc' dir='ltr'><strong>καὶ</strong></span> <span class='ocrx_word' id='word_1_490' title='bbox 2553 3198 2762 3272; x_wconf 75' lang='grc' dir='ltr'>ἡμέραν</span> <span class='ocrx_word' id='word_1_491' title='bbox 2827 3198 3263 3267; x_wconf 84' lang='grc' dir='ltr'>ἀνταποδόσεως,</span> <span class='ocrx_word' id='word_1_492' title='bbox 3331 3194 3712 3281; x_wconf 66' lang='grc' dir='ltr'><strong>παράκλησιν⁷</strong></span> <span class='ocrx_word' id='word_1_493' title='bbox 3766 3212 3826 3271; x_wconf 78' lang='grc' dir='ltr'>δὲ</span> 
     </span>
    </p>
   </div>
   <div class='ocr_carea' id='block_1_74' title="bbox 2147 3287 3823 3378">
    <p class='ocr_par' dir='ltr' id='par_1_74' title="bbox 2147 3287 3823 3378">
     <span class='ocr_line' id='line_1_74' title="bbox 2147 3287 3823 3378; baseline 0.017 -38"><span class='ocrx_word' id='word_1_494' title='bbox 2147 3294 2265 3351; x_wconf 85' lang='grc' dir='ltr'>τοῖς</span> <span class='ocrx_word' id='word_1_495' title='bbox 2296 3290 2580 3343; x_wconf 74' lang='grc' dir='ltr'>πενθοῦσιν</span> <span class='ocrx_word' id='word_1_496' title='bbox 2621 3287 2673 3343; x_wconf 79' lang='grc' dir='ltr'><strong>ἐν</strong></span> <span class='ocrx_word' id='word_1_497' title='bbox 2711 3292 2780 3363; x_wconf 78' lang='grc' dir='ltr'><strong>τῇ</strong></span> <span class='ocrx_word' id='word_1_498' title='bbox 2827 3292 3003 3344; x_wconf 86' lang='grc' dir='ltr'>Σιών⁹</span> <span class='ocrx_word' id='word_1_499' title='bbox 3051 3289 3179 3353; x_wconf 77' lang='grc' dir='ltr'>τοὺς</span> <span class='ocrx_word' id='word_1_500' title='bbox 3229 3293 3381 3367; x_wconf 78' lang='grc' dir='ltr'>αὐτῷ</span> <span class='ocrx_word' id='word_1_501' title='bbox 3439 3318 3823 3378; x_wconf 75' lang='grc' dir='ltr'>μυσταγωγη-</span> 
     </span>
    </p>
   </div>
   <div class='ocr_carea' id='block_1_75' title="bbox 2150 3373 3818 3461">
    <p class='ocr_par' dir='ltr' id='par_1_75' title="bbox 2150 3373 3818 3461">
     <span class='ocr_line' id='line_1_75' title="bbox 2150 3373 3818 3461; baseline 0.009 -30"><span class='ocrx_word' id='word_1_502' title='bbox 2150 3375 2331 3438; x_wconf 82' lang='grc' dir='ltr'>θέντας</span> <span class='ocrx_word' id='word_1_503' title='bbox 2388 3373 2743 3452; x_wconf 72' lang='grc' dir='ltr'>παραλαϐὼν,</span> <span class='ocrx_word' id='word_1_504' title='bbox 2792 3375 2995 3453; x_wconf 78' lang='grc' dir='ltr'>ἐγγίζει</span> <span class='ocrx_word' id='word_1_505' title='bbox 3063 3380 3159 3452; x_wconf 77' lang='grc' dir='ltr'>μὲν</span> <span class='ocrx_word' id='word_1_506' title='bbox 3236 3379 3315 3443; x_wconf 86' lang='grc' dir='ltr'>εἷς</span> <span class='ocrx_word' id='word_1_507' title='bbox 3380 3386 3654 3454; x_wconf 88' lang='grc' dir='ltr'>Βηθανίαν</span> 
     </span>
    </p>
   </div>
   <div class='ocr_carea' id='block_1_76' title="bbox 2150 3463 3807 3545">
    <p class='ocr_par' dir='ltr' id='par_1_76' title="bbox 2150 3463 3807 3545">
     <span class='ocr_line' id='line_1_76' title="bbox 2150 3463 3807 3545; baseline 0.006 -25"><span class='ocrx_word' id='word_1_508' title='bbox 2150 3467 2347 3538; x_wconf 72' lang='grc' dir='ltr'>κώμην</span> <span class='ocrx_word' id='word_1_509' title='bbox 2376 3487 2388 3499; x_wconf 93' lang='grc'><strong>·</strong></span> <span class='ocrx_word' id='word_1_510' title='bbox 2424 3463 2596 3541; x_wconf 80' lang='grc' dir='ltr'>διέχει</span> <span class='ocrx_word' id='word_1_511' title='bbox 2629 3463 2685 3520; x_wconf 75' lang='grc' dir='ltr'>δὲ</span> <span class='ocrx_word' id='word_1_512' title='bbox 2718 3466 2855 3537; x_wconf 75' lang='grc' dir='ltr'>αὕτη</span> <span class='ocrx_word' id='word_1_513' title='bbox 2884 3471 2993 3522; x_wconf 82' lang='grc' dir='ltr'><strong>τῶν</strong></span> <span class='ocrx_word' id='word_1_514' title='bbox 3034 3468 3440 3545; x_wconf 78' lang='grc' dir='ltr'>Ἰεροσολύμων</span> <span class='ocrx_word' id='word_1_515' title='bbox 3494 3475 3633 3532; x_wconf 81' lang='grc' dir='ltr'>ὡσεὶ</span> <span class='ocrx_word' id='word_1_516' title='bbox 3680 3482 3807 3535; x_wconf 79' lang='grc' dir='ltr'>στά-</span> 
     </span>
    </p>
   </div>
   <div class='ocr_carea' id='block_1_77' title="bbox 2152 3552 3811 3643">
    <p class='ocr_par' dir='ltr' id='par_1_77' title="bbox 2152 3552 3811 3643">
     <span class='ocr_line' id='line_1_77' title="bbox 2152 3552 3811 3643; baseline 0.01 -35"><span class='ocrx_word' id='word_1_517' title='bbox 2152 3552 2240 3609; x_wconf 86' lang='grc' dir='ltr'>διά</span> <span class='ocrx_word' id='word_1_518' title='bbox 2269 3576 2376 3610; x_wconf 89' lang='grc' dir='ltr'><strong>που</strong></span> <span class='ocrx_word' id='word_1_519' title='bbox 2410 3554 2647 3628; x_wconf 76' lang='grc' dir='ltr'>μάλιστα</span> <span class='ocrx_word' id='word_1_520' title='bbox 2676 3555 2832 3610; x_wconf 83' lang='grc' dir='ltr'>πέντε</span> <span class='ocrx_word' id='word_1_521' title='bbox 2860 3557 2952 3610; x_wconf 81' lang='grc' dir='ltr'><strong>καὶ</strong></span> <span class='ocrx_word' id='word_1_522' title='bbox 3001 3554 3149 3615; x_wconf 80' lang='grc' dir='ltr'>δέκα.</span> <span class='ocrx_word' id='word_1_523' title='bbox 3200 3558 3392 3632; x_wconf 90' lang='grc' dir='ltr'>Σίμων</span> <span class='ocrx_word' id='word_1_524' title='bbox 3451 3559 3513 3618; x_wconf 75' lang='grc' dir='ltr'>δὲ</span> <span class='ocrx_word' id='word_1_525' title='bbox 3545 3566 3575 3619; x_wconf 86' lang='grc' dir='ltr'><strong>ὁ</strong></span> <span class='ocrx_word' id='word_1_526' title='bbox 3606 3566 3811 3643; x_wconf 76' lang='grc' dir='ltr'>λεπρὸς</span> 
     </span>
    </p>
   </div>
   <div class='ocr_carea' id='block_1_78' title="bbox 2150 3643 3816 3725">
    <p class='ocr_par' dir='ltr' id='par_1_78' title="bbox 2150 3643 3816 3725">
     <span class='ocr_line' id='line_1_78' title="bbox 2150 3643 3816 3725; baseline 0.01 -27"><span class='ocrx_word' id='word_1_527' title='bbox 2150 3644 2313 3698; x_wconf 81' lang='grc' dir='ltr'>αὐτὸν</span> <span class='ocrx_word' id='word_1_528' title='bbox 2358 3643 2433 3704; x_wconf 85' lang='grc' dir='ltr'><strong>εἰς</strong></span> <span class='ocrx_word' id='word_1_529' title='bbox 2489 3644 2654 3713; x_wconf 82' lang='grc' dir='ltr'>ξενίαν</span> <span class='ocrx_word' id='word_1_530' title='bbox 2710 3643 2912 3715; x_wconf 75' lang='grc' dir='ltr'>ἐκάλει,</span> <span class='ocrx_word' id='word_1_531' title='bbox 2973 3645 3033 3699; x_wconf 86' lang='grc' dir='ltr'><strong>’ὀν</strong></span> <span class='ocrx_word' id='word_1_532' title='bbox 3091 3645 3401 3725; x_wconf 74' lang='grc' dir='ltr'>ἀπόκρυφοι</span> <span class='ocrx_word' id='word_1_533' title='bbox 3467 3649 3667 3725; x_wconf 72' lang='grc' dir='ltr'>βίϐλοι</span> <span class='ocrx_word' id='word_1_534' title='bbox 3721 3658 3816 3714; x_wconf 83' lang='grc' dir='ltr'><strong>καὶ</strong></span> 
     </span>
    </p>
   </div>
   <div class='ocr_carea' id='block_1_79' title="bbox 2150 3733 3819 3815">
    <p class='ocr_par' dir='ltr' id='par_1_79' title="bbox 2150 3733 3819 3815">
     <span class='ocr_line' id='line_1_79' title="bbox 2150 3733 3819 3815; baseline 0.002 -27"><span class='ocrx_word' id='word_1_535' title='bbox 2150 3734 2355 3807; x_wconf 82' lang='grc' dir='ltr'>πατὲρα</span> <span class='ocrx_word' id='word_1_536' title='bbox 2421 3733 2554 3787; x_wconf 79' lang='grc' dir='ltr'>εἶναι</span> <span class='ocrx_word' id='word_1_537' title='bbox 2625 3736 2812 3788; x_wconf 80' lang='grc' dir='ltr'>τοῦτον</span> <span class='ocrx_word' id='word_1_538' title='bbox 2879 3734 3130 3810; x_wconf 74' lang='grc' dir='ltr'>Λαζάρου</span> <span class='ocrx_word' id='word_1_539' title='bbox 3202 3741 3386 3814; x_wconf 82' lang='grc' dir='ltr'>σαφῶς</span> <span class='ocrx_word' id='word_1_540' title='bbox 3450 3742 3593 3815; x_wconf 80' lang='grc' dir='ltr'>ἡμῖν</span> <span class='ocrx_word' id='word_1_541' title='bbox 3663 3743 3819 3803; x_wconf 70' lang='grc' dir='ltr'>ἔπιδε.</span> 
     </span>
    </p>
   </div>
   <div class='ocr_carea' id='block_1_80' title="bbox 2152 3818 3821 3901">
    <p class='ocr_par' dir='ltr' id='par_1_80' title="bbox 2152 3818 3821 3901">
     <span class='ocr_line' id='line_1_80' title="bbox 2152 3818 3821 3901; baseline 0.01 -25"><span class='ocrx_word' id='word_1_542' title='bbox 2152 3820 2386 3877; x_wconf 82' lang='grc' dir='ltr'>δώκασιν</span> <span class='ocrx_word' id='word_1_543' title='bbox 2411 3837 2428 3855; x_wconf 89' lang='grc'>·</span> <span class='ocrx_word' id='word_1_544' title='bbox 2461 3818 2580 3876; x_wconf 77' lang='grc' dir='ltr'>ἔνθα</span> <span class='ocrx_word' id='word_1_545' title='bbox 2612 3820 2668 3876; x_wconf 75' lang='grc' dir='ltr'>δὲ</span> <span class='ocrx_word' id='word_1_546' title='bbox 2697 3824 2787 3877; x_wconf 80' lang='grc' dir='ltr'><strong>καὶ</strong></span> <span class='ocrx_word' id='word_1_547' title='bbox 2820 3830 3038 3901; x_wconf 80' lang='grc' dir='ltr'>τχοφῆς</span> <span class='ocrx_word' id='word_1_548' title='bbox 3077 3823 3411 3898; x_wconf 76' lang='grc' dir='ltr'>ἁπτόμενος,</span> <span class='ocrx_word' id='word_1_549' title='bbox 3462 3835 3821 3891; x_wconf 79' lang='grc' dir='ltr'>συνεσθίοντα</span> 
     </span>
    </p>
   </div>
   <div class='ocr_carea' id='block_1_81' title="bbox 2153 3911 3818 3995">
    <p class='ocr_par' dir='ltr' id='par_1_81' title="bbox 2153 3911 3818 3995">
     <span class='ocr_line' id='line_1_81' title="bbox 2153 3911 3818 3995; baseline 0.008 -29"><span class='ocrx_word' id='word_1_550' title='bbox 2153 3912 2269 3989; x_wconf 81' lang='grc' dir='ltr'>εἶχε</span> <span class='ocrx_word' id='word_1_551' title='bbox 2297 3912 2386 3966; x_wconf 79' lang='grc' dir='ltr'><strong>καί</strong></span> <span class='ocrx_word' id='word_1_552' title='bbox 2417 3911 2474 3966; x_wconf 79' lang='grc' dir='ltr'>ὃν</span> <span class='ocrx_word' id='word_1_553' title='bbox 2506 3911 2612 3986; x_wconf 88' lang='grc' dir='ltr'>πρὸ</span> <span class='ocrx_word' id='word_1_554' title='bbox 2645 3912 2883 3988; x_wconf 68' lang='grc' dir='ltr'>βραχέος</span> <span class='ocrx_word' id='word_1_555' title='bbox 2933 3912 3191 3983; x_wconf 73' lang='grc' dir='ltr'>ἀνέστησε</span> <span class='ocrx_word' id='word_1_556' title='bbox 3240 3915 3517 3990; x_wconf 79' lang='grc' dir='ltr'>Λάζαρον.</span> <span class='ocrx_word' id='word_1_557' title='bbox 3564 3921 3720 3978; x_wconf 81' lang='grc' dir='ltr'>Ἐκεῖ</span> <span class='ocrx_word' id='word_1_558' title='bbox 3748 3922 3818 3995; x_wconf 76' lang='grc' dir='ltr'>δὴ</span> 
     </span>
    </p>
   </div>
   <div class='ocr_carea' id='block_1_82' title="bbox 2150 3998 3819 4083">
    <p class='ocr_par' dir='ltr' id='par_1_82' title="bbox 2150 3998 3819 4083">
     <span class='ocr_line' id='line_1_82' title="bbox 2150 3998 3819 4083; baseline 0.01 -30"><span class='ocrx_word' id='word_1_559' title='bbox 2150 4001 2241 4054; x_wconf 84' lang='grc' dir='ltr'><strong>καὶ</strong></span> <span class='ocrx_word' id='word_1_560' title='bbox 2282 4002 2316 4069; x_wconf 81' lang='grc' dir='ltr'>ἡ</span> <span class='ocrx_word' id='word_1_561' title='bbox 2366 4004 2462 4055; x_wconf 88' lang='grc' dir='ltr'><strong>τοῦ</strong></span> <span class='ocrx_word' id='word_1_562' title='bbox 2519 4000 2771 4076; x_wconf 76' lang='grc' dir='ltr'>Λαζάρου</span> <span class='ocrx_word' id='word_1_563' title='bbox 2829 3998 3039 4075; x_wconf 81' lang='grc' dir='ltr'>ἀδελφή</span> <span class='ocrx_word' id='word_1_564' title='bbox 3100 4003 3282 4077; x_wconf 87' lang='grc' dir='ltr'>Μαρία</span> <span class='ocrx_word' id='word_1_565' title='bbox 3338 4002 3670 4083; x_wconf 69' lang='grc' dir='ltr'>δεξιουμένη</span> <span class='ocrx_word' id='word_1_566' title='bbox 3724 4015 3819 4069; x_wconf 83' lang='grc' dir='ltr'>τὸν</span> 
     </span>
    </p>
   </div>
   <div class='ocr_carea' id='block_1_83' title="bbox 2150 4089 3819 4177">
    <p class='ocr_par' dir='ltr' id='par_1_83' title="bbox 2150 4089 3819 4177">
     <span class='ocr_line' id='line_1_83' title="bbox 2150 4089 3819 4177; baseline 0.005 -31"><span class='ocrx_word' id='word_1_567' title='bbox 2150 4089 2387 4159; x_wconf 77' lang='grc' dir='ltr'>Ἰησοῦν,</span> <span class='ocrx_word' id='word_1_568' title='bbox 2420 4091 2509 4144; x_wconf 86' lang='grc' dir='ltr'>οἷα</span> <span class='ocrx_word' id='word_1_569' title='bbox 2538 4089 2692 4157; x_wconf 84' lang='grc' dir='ltr'>Θεὸν,</span> <span class='ocrx_word' id='word_1_570' title='bbox 2721 4092 2791 4163; x_wconf 75' lang='grc' dir='ltr'><strong>τῇ</strong></span> <span class='ocrx_word' id='word_1_571' title='bbox 2840 4089 3150 4160; x_wconf 78' lang='grc' dir='ltr'>παλινζωΐα</span> <span class='ocrx_word' id='word_1_572' title='bbox 3196 4096 3296 4148; x_wconf 85' lang='grc' dir='ltr'><strong>τοῦ</strong></span> <span class='ocrx_word' id='word_1_573' title='bbox 3346 4092 3617 4176; x_wconf 82' lang='grc' dir='ltr'>ἀδελφοῦ,</span> <span class='ocrx_word' id='word_1_574' title='bbox 3654 4102 3819 4177; x_wconf 71' lang='grc' dir='ltr'>μόρῳ</span> 
     </span>
    </p>
   </div>
   <div class='ocr_carea' id='block_1_84' title="bbox 2150 4177 3819 4267">
    <p class='ocr_par' dir='ltr' id='par_1_84' title="bbox 2150 4177 3819 4267">
     <span class='ocr_line' id='line_1_84' title="bbox 2150 4177 3819 4267; baseline 0.007 -35"><span class='ocrx_word' id='word_1_575' title='bbox 2150 4177 2445 4252; x_wconf 84' lang='grc' dir='ltr'>πολυτίμῳ</span> <span class='ocrx_word' id='word_1_576' title='bbox 2506 4178 2606 4247; x_wconf 76' lang='grc' dir='ltr'>τὴν</span> <span class='ocrx_word' id='word_1_577' title='bbox 2667 4178 2873 4233; x_wconf 85' lang='grc' dir='ltr'>ἐκείνου</span> <span class='ocrx_word' id='word_1_578' title='bbox 2924 4177 3230 4236; x_wconf 87' lang='grc' dir='ltr'>κατεδίαινε</span> <span class='ocrx_word' id='word_1_579' title='bbox 3278 4183 3570 4261; x_wconf 76' lang='grc' dir='ltr'>κεφαλήν·</span> <span class='ocrx_word' id='word_1_580' title='bbox 3625 4187 3819 4267; x_wconf 80' lang='grc' dir='ltr'>ὥσπερ</span> 
     </span>
    </p>
   </div>
   <div class='ocr_carea' id='block_1_85' title="bbox 2154 4265 3817 4347">
    <p class='ocr_par' dir='ltr' id='par_1_85' title="bbox 2154 4265 3817 4347">
     <span class='ocr_line' id='line_1_85' title="bbox 2154 4265 3817 4347; baseline 0.008 -24"><span class='ocrx_word' id='word_1_581' title='bbox 2154 4265 2289 4337; x_wconf 80' lang='grc' dir='ltr'>δῆτα</span> <span class='ocrx_word' id='word_1_582' title='bbox 2344 4267 2433 4324; x_wconf 83' lang='grc' dir='ltr'><strong>καὶ</strong></span> <span class='ocrx_word' id='word_1_583' title='bbox 2486 4265 2632 4339; x_wconf 81' lang='grc' dir='ltr'>ἄλλη</span> <span class='ocrx_word' id='word_1_584' title='bbox 2693 4269 2956 4344; x_wconf 83' lang='grc' dir='ltr'>πρότερον</span> <span class='ocrx_word' id='word_1_585' title='bbox 3016 4271 3141 4345; x_wconf 86' lang='grc' dir='ltr'>περὶ</span> <span class='ocrx_word' id='word_1_586' title='bbox 3197 4272 3264 4327; x_wconf 79' lang='grc' dir='ltr'><strong>τὰ</strong></span> <span class='ocrx_word' id='word_1_587' title='bbox 3339 4271 3478 4347; x_wconf 79' lang='grc' dir='ltr'>μέσα</span> <span class='ocrx_word' id='word_1_588' title='bbox 3538 4299 3650 4334; x_wconf 88' lang='grc' dir='ltr'><strong>που</strong></span> <span class='ocrx_word' id='word_1_589' title='bbox 3718 4265 3817 4337; x_wconf 80' lang='grc' dir='ltr'><strong>τοῦ</strong></span> 
     </span>
    </p>
   </div>
   <div class='ocr_carea' id='block_1_86' title="bbox 386 4355 2043 4440">
    <p class='ocr_par' dir='ltr' id='par_1_86' title="bbox 386 4357 2042 4423">
     <span class='ocr_line' id='line_1_86' title="bbox 386 4357 2042 4423; baseline -0.002 -7"><span class='ocrx_word' id='word_1_590' title='bbox 386 4360 880 4423; x_wconf 83' lang='lat' dir='ltr'><strong>Quemadmodem</strong></span> <span class='ocrx_word' id='word_1_591' title='bbox 956 4359 1175 4417; x_wconf 89' lang='lat' dir='ltr'><strong>scilicet</strong></span> <span class='ocrx_word' id='word_1_592' title='bbox 1238 4364 1295 4415; x_wconf 90' lang='lat' dir='ltr'><strong>et</strong></span> <span class='ocrx_word' id='word_1_593' title='bbox 1351 4359 1465 4416; x_wconf 87' lang='lat' dir='ltr'><strong>alia</strong></span> <span class='ocrx_word' id='word_1_594' title='bbox 1518 4357 1764 4414; x_wconf 88' lang='lat' dir='ltr'><strong>antehac</strong></span> <span class='ocrx_word' id='word_1_595' title='bbox 1814 4357 2042 4415; x_wconf 90' lang='lat' dir='ltr'><strong>circiter</strong></span> 
     </span>
    </p>
   </div>
   <div class='ocr_carea' id='block_1_87' title="bbox 2159 4355 3811 4440">
    <p class='ocr_par' dir='ltr' id='par_1_87' title="bbox 2159 4355 3811 4440">
     <span class='ocr_line' id='line_1_87' title="bbox 2159 4355 3811 4440; baseline 0.015 -38"><span class='ocrx_word' id='word_1_596' title='bbox 2159 4357 2526 4434; x_wconf 62' lang='grc' dir='ltr'>κηρύγματος,</span> <span class='ocrx_word' id='word_1_597' title='bbox 2585 4356 2675 4412; x_wconf 83' lang='grc' dir='ltr'><strong>καὶ</strong></span> <span class='ocrx_word' id='word_1_598' title='bbox 2734 4356 2886 4420; x_wconf 74' lang='grc' dir='ltr'>αὖθις</span> <span class='ocrx_word' id='word_1_599' title='bbox 2967 4355 3115 4430; x_wconf 76' lang='grc' dir='ltr'>ἄλλη</span> <span class='ocrx_word' id='word_1_600' title='bbox 3184 4363 3345 4436; x_wconf 76' lang='grc' dir='ltr'>γυνὴ,</span> <span class='ocrx_word' id='word_1_601' title='bbox 3419 4369 3657 4440; x_wconf 78' lang='grc' dir='ltr'>πορνείᾳ</span> <span class='ocrx_word' id='word_1_602' title='bbox 3715 4372 3811 4426; x_wconf 82' lang='grc' dir='ltr'>τὸν</span> 
     </span>
    </p>
   </div>
   <div class='ocr_carea' id='block_1_88' title="bbox 388 4447 2041 4523">
    <p class='ocr_par' dir='ltr' id='par_1_88' title="bbox 388 4447 2041 4523">
     <span class='ocr_line' id='line_1_88' title="bbox 388 4447 2041 4523; baseline -0.001 -17"><span class='ocrx_word' id='word_1_603' title='bbox 388 4452 641 4506; x_wconf 85' lang='lat' dir='ltr'><strong>medium</strong></span> <span class='ocrx_word' id='word_1_604' title='bbox 686 4449 1112 4523; x_wconf 66' lang='lat' dir='ltr'><strong>praedicationis</strong></span> <span class='ocrx_word' id='word_1_605' title='bbox 1161 4458 1387 4521; x_wconf 89' lang='lat' dir='ltr'><strong>tempus</strong></span> <span class='ocrx_word' id='word_1_606' title='bbox 1420 4468 1436 4519; x_wconf 83' lang='lat'><strong>;</strong></span> <span class='ocrx_word' id='word_1_607' title='bbox 1487 4455 1661 4521; x_wconf 90' lang='lat' dir='ltr'><strong>atque</strong></span> <span class='ocrx_word' id='word_1_608' title='bbox 1690 4448 1894 4505; x_wconf 88' lang='lat' dir='ltr'><strong>iterum</strong></span> <span class='ocrx_word' id='word_1_609' title='bbox 1927 4447 2041 4505; x_wconf 91' lang='lat' dir='ltr'><strong>alia</strong></span> 
     </span>
    </p>
   </div>
   <div class='ocr_carea' id='block_1_89' title="bbox 386 4537 2039 4611">
    <p class='ocr_par' dir='ltr' id='par_1_89' title="bbox 386 4537 2039 4611">
     <span class='ocr_line' id='line_1_89' title="bbox 386 4537 2039 4611; baseline -0.002 -15"><span class='ocrx_word' id='word_1_610' title='bbox 386 4539 599 4596; x_wconf 89' lang='lat' dir='ltr'><strong>mulier</strong></span> <span class='ocrx_word' id='word_1_611' title='bbox 638 4556 760 4611; x_wconf 85' lang='lat' dir='ltr'><strong>quae</strong></span> <span class='ocrx_word' id='word_1_612' title='bbox 818 4538 994 4595; x_wconf 90' lang='lat' dir='ltr'><strong>vitam</strong></span> <span class='ocrx_word' id='word_1_613' title='bbox 1030 4541 1354 4595; x_wconf 90' lang='lat' dir='ltr'><strong>meretricio</strong></span> <span class='ocrx_word' id='word_1_614' title='bbox 1407 4543 1631 4611; x_wconf 69' lang='lat' dir='ltr'><strong>quaestu</strong></span> <span class='ocrx_word' id='word_1_615' title='bbox 1678 4537 2039 4607; x_wconf 87' lang='lat' dir='ltr'><strong>toleraverat,</strong></span> 
     </span>
    </p>
   </div>
   <div class='ocr_carea' id='block_1_90' title="bbox 385 4628 2038 4702">
    <p class='ocr_par' dir='ltr' id='par_1_90' title="bbox 385 4628 2038 4702">
     <span class='ocr_line' id='line_1_90' title="bbox 385 4628 2038 4702; baseline -0.001 -16"><span class='ocrx_word' id='word_1_616' title='bbox 385 4628 561 4702; x_wconf 87' lang='lat' dir='ltr'><strong>paulo</strong></span> <span class='ocrx_word' id='word_1_617' title='bbox 592 4635 726 4685; x_wconf 89' lang='lat' dir='ltr'><strong>ante</strong></span> <span class='ocrx_word' id='word_1_618' title='bbox 753 4628 1085 4700; x_wconf 89' lang='lat' dir='ltr'><strong>passionem</strong></span> <span class='ocrx_word' id='word_1_619' title='bbox 1117 4633 1278 4685; x_wconf 86' lang='lat' dir='ltr'><strong>extra</strong></span> <span class='ocrx_word' id='word_1_620' title='bbox 1314 4628 1713 4698; x_wconf 81' lang='lat' dir='ltr'><strong>Hierosolyma</strong></span> <span class='ocrx_word' id='word_1_621' title='bbox 1747 4632 2038 4699; x_wconf 83' lang='lat' dir='ltr'><strong>unguento</strong></span> 
     </span>
    </p>
   </div>
   <div class='ocr_carea' id='block_1_91' title="bbox 387 4704 2036 4792">
    <p class='ocr_par' dir='ltr' id='par_1_91' title="bbox 387 4704 2036 4792">
     <span class='ocr_line' id='line_1_91' title="bbox 387 4704 2036 4792; baseline -0.001 -17"><span class='ocrx_word' id='word_1_622' title='bbox 387 4719 642 4792; x_wconf 81' lang='lat' dir='ltr'><strong>ingentis</strong></span> <span class='ocrx_word' id='word_1_623' title='bbox 686 4719 960 4792; x_wconf 89' lang='lat' dir='ltr'><strong>ponderis</strong></span> <span class='ocrx_word' id='word_1_624' title='bbox 1007 4724 1063 4775; x_wconf 90' lang='lat' dir='ltr'><strong>et</strong></span> <span class='ocrx_word' id='word_1_625' title='bbox 1105 4718 1299 4790; x_wconf 89' lang='lat' dir='ltr'><strong>pretii,</strong></span> <span class='ocrx_word' id='word_1_626' title='bbox 1342 4704 1535 4789; x_wconf 32' lang='lat' dir='ltr'><strong>pedes.</strong></span> <span class='ocrx_word' id='word_1_627' title='bbox 1562 4721 1702 4773; x_wconf 87' lang='lat' dir='ltr'><strong>Jesu</strong></span> <span class='ocrx_word' id='word_1_628' title='bbox 1752 4717 1913 4785; x_wconf 88' lang='lat' dir='ltr'><strong>lavit,</strong></span> <span class='ocrx_word' id='word_1_629' title='bbox 1944 4734 2036 4774; x_wconf 90' lang='lat' dir='ltr'><strong>se-</strong></span> 
     </span>
    </p>
   </div>
   <div class='ocr_carea' id='block_1_92' title="bbox 384 4807 2030 4881">
    <p class='ocr_par' dir='ltr' id='par_1_92' title="bbox 384 4807 2030 4881">
     <span class='ocr_line' id='line_1_92' title="bbox 384 4807 2030 4881; baseline -0.001 -16"><span class='ocrx_word' id='word_1_630' title='bbox 384 4810 630 4881; x_wconf 68' lang='lat' dir='ltr'><strong>pulturas</strong></span> <span class='ocrx_word' id='word_1_631' title='bbox 673 4808 1032 4865; x_wconf 83' lang='lat' dir='ltr'><strong>adumbrans</strong></span> <span class='ocrx_word' id='word_1_632' title='bbox 1081 4814 1140 4865; x_wconf 90' lang='lat' dir='ltr'><strong>et</strong></span> <span class='ocrx_word' id='word_1_633' title='bbox 1199 4811 1624 4880; x_wconf 65' lang='lat' dir='ltr'><strong>repraesentans</strong></span> <span class='ocrx_word' id='word_1_634' title='bbox 1673 4807 2030 4877; x_wconf 83' lang='lat' dir='ltr'><strong>mysterium.</strong></span> 
     </span>
    </p>
   </div>
   <div class='ocr_carea' id='block_1_93' title="bbox 384 4897 2040 4972">
    <p class='ocr_par' dir='ltr' id='par_1_93' title="bbox 384 4897 2040 4972">
     <span class='ocr_line' id='line_1_93' title="bbox 384 4897 2040 4972; baseline -0.002 -16"><span class='ocrx_word' id='word_1_635' title='bbox 384 4901 521 4966; x_wconf 66' lang='lat' dir='ltr'><strong>Quae</strong></span> <span class='ocrx_word' id='word_1_636' title='bbox 570 4916 708 4956; x_wconf 89' lang='lat' dir='ltr'><strong>sane</strong></span> <span class='ocrx_word' id='word_1_637' title='bbox 794 4899 1021 4968; x_wconf 88' lang='lat' dir='ltr'><strong>mulier,</strong></span> <span class='ocrx_word' id='word_1_638' title='bbox 1070 4900 1286 4972; x_wconf 89' lang='lat' dir='ltr'><strong>quibus</strong></span> <span class='ocrx_word' id='word_1_639' title='bbox 1331 4898 1546 4955; x_wconf 91' lang='lat' dir='ltr'><strong>multos</strong></span> <span class='ocrx_word' id='word_1_640' title='bbox 1584 4897 1642 4953; x_wconf 92' lang='lat' dir='ltr'><strong>in</strong></span> <span class='ocrx_word' id='word_1_641' title='bbox 1692 4897 2040 4970; x_wconf 88' lang='lat' dir='ltr'><strong>perditionis</strong></span> 
     </span>
    </p>
   </div>
   <div class='ocr_carea' id='block_1_94' title="bbox 386 4987 2039 5061">
    <p class='ocr_par' dir='ltr' id='par_1_94' title="bbox 386 4987 2039 5061">
     <span class='ocr_line' id='line_1_94' title="bbox 386 4987 2039 5061; baseline -0.002 -14"><span class='ocrx_word' id='word_1_642' title='bbox 386 4995 693 5047; x_wconf 83' lang='lat' dir='ltr'><strong>attraxerat</strong></span> <span class='ocrx_word' id='word_1_643' title='bbox 722 4988 1142 5056; x_wconf 86' lang='lat' dir='ltr'><strong>lubricitatem,</strong></span> <span class='ocrx_word' id='word_1_644' title='bbox 1174 4988 1428 5061; x_wconf 89' lang='lat' dir='ltr'><strong>capillis,</strong></span> <span class='ocrx_word' id='word_1_645' title='bbox 1462 4992 1744 5061; x_wconf 88' lang='lat' dir='ltr'><strong>tanquam</strong></span> <span class='ocrx_word' id='word_1_646' title='bbox 1776 4987 2039 5060; x_wconf 88' lang='lat' dir='ltr'><strong>spongiis</strong></span> 
     </span>
    </p>
   </div>
   <div class='ocr_carea' id='block_1_95' title="bbox 390 5076 2043 5152">
    <p class='ocr_par' dir='ltr' id='par_1_95' title="bbox 390 5076 2043 5152">
     <span class='ocr_line' id='line_1_95' title="bbox 390 5076 2043 5152; baseline -0.002 -17"><span class='ocrx_word' id='word_1_647' title='bbox 390 5082 567 5152; x_wconf 87' lang='lat' dir='ltr'><strong>pedes</strong></span> <span class='ocrx_word' id='word_1_648' title='bbox 596 5080 722 5151; x_wconf 87' lang='lat' dir='ltr'><strong>ejus</strong></span> <span class='ocrx_word' id='word_1_649' title='bbox 771 5079 1028 5149; x_wconf 83' lang='lat' dir='ltr'><strong>extersit,</strong></span> <span class='ocrx_word' id='word_1_650' title='bbox 1073 5086 1554 5151; x_wconf 85' lang='lat' dir='ltr'><strong>unguentumque</strong></span> <span class='ocrx_word' id='word_1_651' title='bbox 1599 5077 1872 5150; x_wconf 82' lang='lat' dir='ltr'><strong>lacrymis</strong></span> <span class='ocrx_word' id='word_1_652' title='bbox 1926 5076 2043 5133; x_wconf 89' lang='lat' dir='ltr'><strong>mi-</strong></span> 
     </span>
    </p>
   </div>
   <div class='ocr_carea' id='block_1_96' title="bbox 388 5165 2040 5241">
    <p class='ocr_par' dir='ltr' id='par_1_96' title="bbox 388 5165 2040 5241">
     <span class='ocr_line' id='line_1_96' title="bbox 388 5165 2040 5241; baseline -0.001 -16"><span class='ocrx_word' id='word_1_653' title='bbox 388 5169 747 5241; x_wconf 85' lang='lat' dir='ltr'><strong>scens,gravi</strong></span> <span class='ocrx_word' id='word_1_654' title='bbox 773 5172 1144 5240; x_wconf 89' lang='lat' dir='ltr'><strong>peccatorum</strong></span> <span class='ocrx_word' id='word_1_655' title='bbox 1174 5173 1263 5224; x_wconf 87' lang='lat' dir='ltr'><strong>est</strong></span> <span class='ocrx_word' id='word_1_656' title='bbox 1291 5178 1492 5224; x_wconf 87' lang='lat' dir='ltr'><strong>catena</strong></span> <span class='ocrx_word' id='word_1_657' title='bbox 1521 5165 2040 5236; x_wconf 88' lang='lat' dir='ltr'><strong>liberata.Deinde,</strong></span> 
     </span>
    </p>
   </div>
   <div class='ocr_carea' id='block_1_97' title="bbox 392 5255 2040 5331">
    <p class='ocr_par' dir='ltr' id='par_1_97' title="bbox 392 5255 2040 5331">
     <span class='ocr_line' id='line_1_97' title="bbox 392 5255 2040 5331; baseline -0.003 -15"><span class='ocrx_word' id='word_1_658' title='bbox 392 5264 458 5317; x_wconf 90' lang='lat' dir='ltr'><strong>ut</strong></span> <span class='ocrx_word' id='word_1_659' title='bbox 502 5263 926 5331; x_wconf 89' lang='lat' dir='ltr'><strong>competentem</strong></span> <span class='ocrx_word' id='word_1_660' title='bbox 974 5258 1355 5328; x_wconf 88' lang='lat' dir='ltr'><strong>debitumque</strong></span> <span class='ocrx_word' id='word_1_661' title='bbox 1404 5258 1581 5313; x_wconf 83' lang='lat' dir='ltr'><strong>ﬁnem</strong></span> <span class='ocrx_word' id='word_1_662' title='bbox 1627 5255 1939 5328; x_wconf 63' lang='lat' dir='ltr'><strong>Scriptura</strong></span> <span class='ocrx_word' id='word_1_663' title='bbox 1969 5256 2040 5312; x_wconf 91' lang='lat' dir='ltr'><strong>de</strong></span> 
     </span>
    </p>
   </div>
   <div class='ocr_carea' id='block_1_98' title="bbox 391 5346 2041 5423">
    <p class='ocr_par' dir='ltr' id='par_1_98' title="bbox 391 5346 2041 5423">
     <span class='ocr_line' id='line_1_98' title="bbox 391 5346 2041 5423; baseline -0.002 -16"><span class='ocrx_word' id='word_1_664' title='bbox 391 5365 458 5407; x_wconf 90' lang='lat' dir='ltr'><strong>eo</strong></span> <span class='ocrx_word' id='word_1_665' title='bbox 513 5350 752 5423; x_wconf 69' lang='lat' dir='ltr'><strong>prodita:</strong></span> <span class='ocrx_word' id='word_1_666' title='bbox 807 5348 1108 5418; x_wconf 89' lang='lat' dir='ltr'><strong>haberent,</strong></span> <span class='ocrx_word' id='word_1_667' title='bbox 1164 5346 1340 5405; x_wconf 79' lang='lat' dir='ltr'><strong>I03</strong></span> <span class='ocrx_word' id='word_1_668' title='bbox 1370 5347 1530 5421; x_wconf 89' lang='lat' dir='ltr'><strong>pullo</strong></span> <span class='ocrx_word' id='word_1_669' title='bbox 1583 5346 1911 5420; x_wconf 83' lang='lat' dir='ltr'><strong>subjugalis</strong></span> <span class='ocrx_word' id='word_1_670' title='bbox 1932 5348 2041 5419; x_wconf 82' lang='lat' dir='ltr'><strong>ju-</strong></span> 
     </span>
    </p>
   </div>
   <div class='ocr_carea' id='block_1_99' title="bbox 491 5537 1295 5607">
    <p class='ocr_par' dir='ltr' id='par_1_99' title="bbox 491 5537 1295 5607">
     <span class='ocr_line' id='line_1_99' title="bbox 491 5537 1295 5607; baseline 0.004 -15"><span class='ocrx_word' id='word_1_671' title='bbox 491 5537 545 5607; x_wconf 88' lang='grc'><strong>1)</strong></span> <span class='ocrx_word' id='word_1_672' title='bbox 571 5537 771 5596; x_wconf 90' lang='lat' dir='ltr'><strong>Simon</strong></span> <span class='ocrx_word' id='word_1_673' title='bbox 800 5538 854 5596; x_wconf 85' lang='lat' dir='ltr'><strong>is</strong></span> <span class='ocrx_word' id='word_1_674' title='bbox 883 5538 1080 5596; x_wconf 83' lang='lat' dir='ltr'><strong>Lazari</strong></span> <span class='ocrx_word' id='word_1_675' title='bbox 1111 5542 1295 5607; x_wconf 88' lang='lat' dir='ltr'><strong>pater.</strong></span> 
     </span>
    </p>
   </div>
   <div class='ocr_carea' id='block_1_100' title="bbox 2150 4445 3814 4531">
    <p class='ocr_par' dir='ltr' id='par_1_100' title="bbox 2150 4445 3814 4531">
     <span class='ocr_line' id='line_1_100' title="bbox 2150 4445 3814 4531; baseline 0.007 -30"><span class='ocrx_word' id='word_1_676' title='bbox 2150 4448 2325 4501; x_wconf 72' lang='grc' dir='ltr'>πάντα</span> <span class='ocrx_word' id='word_1_677' title='bbox 2383 4445 2501 4519; x_wconf 87' lang='grc' dir='ltr'>βίον</span> <span class='ocrx_word' id='word_1_678' title='bbox 2562 4447 2837 4516; x_wconf 74' lang='grc' dir='ltr'>συζήσασα</span> <span class='ocrx_word' id='word_1_679' title='bbox 2878 4446 2985 4522; x_wconf 86' lang='grc' dir='ltr'><strong>πρὸ</strong></span> <span class='ocrx_word' id='word_1_680' title='bbox 3026 4452 3125 4502; x_wconf 84' lang='grc' dir='ltr'><strong>τοῦ</strong></span> <span class='ocrx_word' id='word_1_681' title='bbox 3178 4449 3391 4515; x_wconf 81' lang='grc' dir='ltr'>πάθους</span> <span class='ocrx_word' id='word_1_682' title='bbox 3450 4454 3664 4531; x_wconf 73' lang='grc' dir='ltr'>βραχὺ,</span> <span class='ocrx_word' id='word_1_683' title='bbox 3710 4464 3814 4526; x_wconf 83' lang='grc' dir='ltr'><strong>τῆς</strong></span> 
     </span>
    </p>
   </div>
   <div class='ocr_carea' id='block_1_101' title="bbox 2149 4532 3812 4615">
    <p class='ocr_par' dir='ltr' id='par_1_101' title="bbox 2149 4532 3812 4615">
     <span class='ocr_line' id='line_1_101' title="bbox 2149 4532 3812 4615; baseline 0.008 -26"><span class='ocrx_word' id='word_1_684' title='bbox 2149 4534 2546 4610; x_wconf 82' lang='grc' dir='ltr'>Ἱεροσολύμων</span> <span class='ocrx_word' id='word_1_685' title='bbox 2603 4532 2777 4606; x_wconf 85' lang='grc' dir='ltr'>ἐκτὸς,</span> <span class='ocrx_word' id='word_1_686' title='bbox 2832 4535 2989 4609; x_wconf 76' lang='grc' dir='ltr'>μύρῳ</span> <span class='ocrx_word' id='word_1_687' title='bbox 3031 4536 3249 4613; x_wconf 86' lang='grc' dir='ltr'>βαρείας</span> <span class='ocrx_word' id='word_1_688' title='bbox 3289 4534 3404 4596; x_wconf 76' lang='grc' dir='ltr'>ὄντι</span> <span class='ocrx_word' id='word_1_689' title='bbox 3448 4542 3653 4615; x_wconf 85' lang='grc' dir='ltr'>ὁλκῆς,</span> <span class='ocrx_word' id='word_1_690' title='bbox 3700 4552 3812 4603; x_wconf 79' lang='grc' dir='ltr'><strong>τῶν</strong></span> 
     </span>
    </p>
   </div>
   <div class='ocr_carea' id='block_1_102' title="bbox 2148 4621 3813 4712">
    <p class='ocr_par' dir='ltr' id='par_1_102' title="bbox 2148 4621 3813 4712">
     <span class='ocr_line' id='line_1_102' title="bbox 2148 4621 3813 4712; baseline 0.008 -35"><span class='ocrx_word' id='word_1_691' title='bbox 2148 4621 2335 4678; x_wconf 80' lang='grc' dir='ltr'>ποδῶν</span> <span class='ocrx_word' id='word_1_692' title='bbox 2400 4622 2646 4699; x_wconf 75' lang='grc' dir='ltr'>κατὲῤῥει</span> <span class='ocrx_word' id='word_1_693' title='bbox 2710 4628 2809 4678; x_wconf 85' lang='grc' dir='ltr'><strong>τοῦ</strong></span> <span class='ocrx_word' id='word_1_694' title='bbox 2875 4625 3077 4696; x_wconf 80' lang='grc' dir='ltr'>Ἰησοῦ,</span> <span class='ocrx_word' id='word_1_695' title='bbox 3144 4627 3207 4681; x_wconf 84' lang='grc' dir='ltr'>τὸ</span> <span class='ocrx_word' id='word_1_696' title='bbox 3271 4632 3374 4683; x_wconf 87' lang='grc' dir='ltr'><strong>τοῦ</strong></span> <span class='ocrx_word' id='word_1_697' title='bbox 3432 4628 3813 4712; x_wconf 81' lang='grc' dir='ltr'>ἐνταφιασμοῦ</span> 
     </span>
    </p>
   </div>
   <div class='ocr_carea' id='block_1_103' title="bbox 2150 4714 3812 4792">
    <p class='ocr_par' dir='ltr' id='par_1_103' title="bbox 2150 4714 3812 4792">
     <span class='ocr_line' id='line_1_103' title="bbox 2150 4714 3812 4792; baseline 0.009 -26"><span class='ocrx_word' id='word_1_698' title='bbox 2150 4716 2502 4786; x_wconf 85' lang='grc' dir='ltr'>προτυποῦσα</span> <span class='ocrx_word' id='word_1_699' title='bbox 2554 4715 2857 4788; x_wconf 81' lang='grc' dir='ltr'>μυστήριον</span> <span class='ocrx_word' id='word_1_700' title='bbox 2894 4731 2908 4744; x_wconf 73' lang='grc'>⁸</span> <span class='ocrx_word' id='word_1_701' title='bbox 2953 4714 3043 4769; x_wconf 80' lang='grc' dir='ltr'>καὶ</span> <span class='ocrx_word' id='word_1_702' title='bbox 3089 4721 3209 4778; x_wconf 82' lang='grc' dir='ltr'>ταῖς</span> <span class='ocrx_word' id='word_1_703' title='bbox 3257 4718 3398 4792; x_wconf 85' lang='grc' dir='ltr'>θριξὶ</span> <span class='ocrx_word' id='word_1_704' title='bbox 3430 4716 3502 4773; x_wconf 85' lang='grc' dir='ltr'>δι’</span> <span class='ocrx_word' id='word_1_705' title='bbox 3535 4722 3611 4777; x_wconf 82' lang='grc' dir='ltr'>ὧν</span> <span class='ocrx_word' id='word_1_706' title='bbox 3665 4724 3812 4781; x_wconf 86' lang='grc' dir='ltr'>πολ-</span> 
     </span>
    </p>
   </div>
   <div class='ocr_carea' id='block_1_104' title="bbox 2152 4800 3811 4882">
    <p class='ocr_par' dir='ltr' id='par_1_104' title="bbox 2152 4800 3811 4882">
     <span class='ocr_line' id='line_1_104' title="bbox 2152 4800 3811 4882; baseline 0.008 -25"><span class='ocrx_word' id='word_1_707' title='bbox 2152 4800 2284 4864; x_wconf 80' lang='grc' dir='ltr'>λοὺς</span> <span class='ocrx_word' id='word_1_708' title='bbox 2317 4801 2392 4863; x_wconf 87' lang='grc' dir='ltr'>εἷς</span> <span class='ocrx_word' id='word_1_709' title='bbox 2421 4802 2512 4857; x_wconf 79' lang='grc' dir='ltr'><strong>τὸν</strong></span> <span class='ocrx_word' id='word_1_710' title='bbox 2543 4808 2646 4872; x_wconf 89' lang='grc' dir='ltr'><strong>τῆς</strong></span> <span class='ocrx_word' id='word_1_711' title='bbox 2695 4801 2975 4866; x_wconf 83' lang='grc' dir='ltr'>ἀπωλείας</span> <span class='ocrx_word' id='word_1_712' title='bbox 3023 4803 3375 4862; x_wconf 87' lang='grc' dir='ltr'>καθείλκυσεν</span> <span class='ocrx_word' id='word_1_713' title='bbox 3428 4804 3681 4882; x_wconf 83' lang='grc' dir='ltr'>ὄλισθον,</span> <span class='ocrx_word' id='word_1_714' title='bbox 3713 4815 3811 4871; x_wconf 79' lang='grc' dir='ltr'>οἷα</span> 
     </span>
    </p>
   </div>
   <div class='ocr_carea' id='block_1_105' title="bbox 2152 4889 3806 4975">
    <p class='ocr_par' dir='ltr' id='par_1_105' title="bbox 2152 4889 3806 4975">
     <span class='ocr_line' id='line_1_105' title="bbox 2152 4889 3806 4975; baseline 0.008 -30"><span class='ocrx_word' id='word_1_715' title='bbox 2152 4890 2417 4967; x_wconf 85' lang='grc' dir='ltr'>σπόγγοις</span> <span class='ocrx_word' id='word_1_716' title='bbox 2468 4889 2758 4966; x_wconf 71' lang='grc' dir='ltr'>χρωμένη,</span> <span class='ocrx_word' id='word_1_717' title='bbox 2806 4893 2896 4948; x_wconf 84' lang='grc' dir='ltr'><strong>καὶ</strong></span> <span class='ocrx_word' id='word_1_718' title='bbox 2946 4892 3176 4958; x_wconf 78' lang='grc' dir='ltr'>τούτους</span> <span class='ocrx_word' id='word_1_719' title='bbox 3226 4893 3618 4970; x_wconf 83' lang='grc' dir='ltr'>ἐκμάσσουσα·</span> <span class='ocrx_word' id='word_1_720' title='bbox 3666 4901 3704 4974; x_wconf 76' lang='grc' dir='ltr'>ἤ</span> <span class='ocrx_word' id='word_1_721' title='bbox 3736 4901 3806 4975; x_wconf 72' lang='grc' dir='ltr'>δή</span> 
     </span>
    </p>
   </div>
   <div class='ocr_carea' id='block_1_106' title="bbox 2150 4978 3806 5067">
    <p class='ocr_par' dir='ltr' id='par_1_106' title="bbox 2150 4978 3806 5067">
     <span class='ocr_line' id='line_1_106' title="bbox 2150 4978 3806 5067; baseline 0.008 -33"><span class='ocrx_word' id='word_1_722' title='bbox 2150 4980 2241 5035; x_wconf 85' lang='grc' dir='ltr'><strong>καὶ</strong></span> <span class='ocrx_word' id='word_1_723' title='bbox 2292 4978 2513 5056; x_wconf 81' lang='grc' dir='ltr'>δάκρυσι</span> <span class='ocrx_word' id='word_1_724' title='bbox 2562 4984 2626 5036; x_wconf 86' lang='grc' dir='ltr'>τὸ</span> <span class='ocrx_word' id='word_1_725' title='bbox 2676 4981 2847 5057; x_wconf 76' lang='grc' dir='ltr'>μύρον</span> <span class='ocrx_word' id='word_1_726' title='bbox 2901 4986 3156 5059; x_wconf 87' lang='grc' dir='ltr'>μιγνῦσα,</span> <span class='ocrx_word' id='word_1_727' title='bbox 3204 4991 3305 5055; x_wconf 84' lang='grc' dir='ltr'><strong>τῆς</strong></span> <span class='ocrx_word' id='word_1_728' title='bbox 3353 4990 3462 5041; x_wconf 77' lang='grc' dir='ltr'><strong>τῶν</strong></span> <span class='ocrx_word' id='word_1_729' title='bbox 3514 4989 3806 5067; x_wconf 81' lang='grc' dir='ltr'>ἁμαρτιῶν</span> 
     </span>
    </p>
   </div>
   <div class='ocr_carea' id='block_1_107' title="bbox 2154 5068 3809 5146">
    <p class='ocr_par' dir='ltr' id='par_1_107' title="bbox 2154 5068 3809 5146">
     <span class='ocr_line' id='line_1_107' title="bbox 2154 5068 3809 5146; baseline 0.008 -21"><span class='ocrx_word' id='word_1_730' title='bbox 2154 5069 2373 5146; x_wconf 87' lang='grc' dir='ltr'>βαρείας</span> <span class='ocrx_word' id='word_1_731' title='bbox 2426 5069 2671 5135; x_wconf 78' lang='grc' dir='ltr'>ἁλύσεως</span> <span class='ocrx_word' id='word_1_732' title='bbox 2726 5068 3131 5142; x_wconf 76' lang='grc' dir='ltr'>ἀπηλλάττετο.</span> <span class='ocrx_word' id='word_1_733' title='bbox 3177 5075 3449 5131; x_wconf 85' lang='grc' dir='ltr'>Ἐντεῦθεν</span> <span class='ocrx_word' id='word_1_734' title='bbox 3496 5075 3569 5131; x_wconf 68' lang='grc' dir='ltr'><strong>ἵν’</strong></span> <span class='ocrx_word' id='word_1_735' title='bbox 3629 5079 3809 5137; x_wconf 77' lang='grc' dir='ltr'>αῗσιον</span> 
     </span>
    </p>
   </div>
   <div class='ocr_carea' id='block_1_108' title="bbox 2148 5160 3807 5250">
    <p class='ocr_par' dir='ltr' id='par_1_108' title="bbox 2148 5160 3807 5250">
     <span class='ocr_line' id='line_1_108' title="bbox 2148 5160 3807 5250; baseline 0.007 -32"><span class='ocrx_word' id='word_1_736' title='bbox 2148 5160 2316 5237; x_wconf 74' lang='grc' dir='ltr'>πέρας</span> <span class='ocrx_word' id='word_1_737' title='bbox 2370 5164 2425 5218; x_wconf 73' lang='grc' dir='ltr'>αἱ</span> <span class='ocrx_word' id='word_1_738' title='bbox 2468 5161 2591 5234; x_wconf 80' lang='grc' dir='ltr'>περὶ</span> <span class='ocrx_word' id='word_1_739' title='bbox 2648 5162 2812 5219; x_wconf 81' lang='grc' dir='ltr'>αὐτοῦ</span> <span class='ocrx_word' id='word_1_740' title='bbox 2871 5168 3037 5220; x_wconf 80' lang='grc' dir='ltr'>πᾶσαι</span> <span class='ocrx_word' id='word_1_741' title='bbox 3095 5171 3280 5240; x_wconf 83' lang='grc' dir='ltr'>σχοῖεν</span> <span class='ocrx_word' id='word_1_742' title='bbox 3342 5169 3579 5246; x_wconf 78' lang='grc' dir='ltr'>Γραφαί,</span> <span class='ocrx_word' id='word_1_743' title='bbox 3626 5173 3807 5250; x_wconf 84' lang='grc' dir='ltr'>πώλῳ</span> 
     </span>
    </p>
   </div>
   <div class='ocr_carea' id='block_1_109' title="bbox 2153 5251 3807 5338">
    <p class='ocr_par' dir='ltr' id='par_1_109' title="bbox 2153 5251 3807 5338">
     <span class='ocr_line' id='line_1_109' title="bbox 2153 5251 3807 5338; baseline 0.002 -31"><span class='ocrx_word' id='word_1_744' title='bbox 2153 5252 2248 5327; x_wconf 81' lang='grc' dir='ltr'>μὲν</span> <span class='ocrx_word' id='word_1_745' title='bbox 2277 5251 2380 5338; x_wconf 78' lang='grc' dir='ltr'>υἰῷ</span> <span class='ocrx_word' id='word_1_746' title='bbox 2416 5251 2723 5328; x_wconf 81' lang='grc' dir='ltr'>ὑποζυγίου</span> <span class='ocrx_word' id='word_1_747' title='bbox 2755 5254 2784 5308; x_wconf 86' lang='grc' dir='ltr'>ὁ</span> <span class='ocrx_word' id='word_1_748' title='bbox 2817 5255 3029 5331; x_wconf 85' lang='grc' dir='ltr'>θρόνοις</span> <span class='ocrx_word' id='word_1_749' title='bbox 3078 5251 3430 5331; x_wconf 74' lang='grc' dir='ltr'>χερουϐικοῖς</span> <span class='ocrx_word' id='word_1_750' title='bbox 3480 5258 3807 5338; x_wconf 77' lang='grc' dir='ltr'>ἐποχούμε-</span> 
     </span>
    </p>
   </div>
   <div class='ocr_carea' id='block_1_110' title="bbox 2146 5337 3808 5428">
    <p class='ocr_par' dir='ltr' id='par_1_110' title="bbox 2146 5337 3808 5428">
     <span class='ocr_line' id='line_1_110' title="bbox 2146 5337 3808 5428; baseline 0.001 -29"><span class='ocrx_word' id='word_1_751' title='bbox 2146 5362 2236 5405; x_wconf 89' lang='grc' dir='ltr'><strong>νος</strong></span> <span class='ocrx_word' id='word_1_752' title='bbox 2266 5337 2553 5413; x_wconf 77' lang='grc' dir='ltr'>ἐπιόαίνει,</span> <span class='ocrx_word' id='word_1_753' title='bbox 2593 5340 2681 5397; x_wconf 81' lang='grc' dir='ltr'><strong>καὶ</strong></span> <span class='ocrx_word' id='word_1_754' title='bbox 2713 5339 2802 5398; x_wconf 79' lang='grc' dir='ltr'><strong>διὰ</strong></span> <span class='ocrx_word' id='word_1_755' title='bbox 2848 5347 2956 5400; x_wconf 84' lang='grc' dir='ltr'><strong>τῶν</strong></span> <span class='ocrx_word' id='word_1_756' title='bbox 2999 5343 3188 5401; x_wconf 83' lang='grc' dir='ltr'>πυλῶν</span> <span class='ocrx_word' id='word_1_757' title='bbox 3241 5344 3563 5418; x_wconf 75' lang='grc' dir='ltr'>εἰσήλαυνεν</span> <span class='ocrx_word' id='word_1_758' title='bbox 3609 5337 3808 5428; x_wconf 83' lang='grc' dir='ltr'>Ἱερου-</span> 
     </span>
    </p>
   </div>
   <div class='ocr_carea' id='block_1_111' title="bbox 491 5603 3349 5680">
    <p class='ocr_par' dir='ltr' id='par_1_111' title="bbox 491 5603 3349 5680">
     <span class='ocr_line' id='line_1_111' title="bbox 491 5603 3349 5680; baseline 0.001 -17"><span class='ocrx_word' id='word_1_759' title='bbox 491 5603 616 5680; x_wconf 80' lang='lat' dir='ltr'><strong>2)A</strong></span> <span class='ocrx_word' id='word_1_760' title='bbox 656 5610 843 5669; x_wconf 89' lang='lat' dir='ltr'><strong>tribus</strong></span> <span class='ocrx_word' id='word_1_761' title='bbox 875 5603 1223 5669; x_wconf 81' lang='lat' dir='ltr'><strong>mulieribus</strong></span> <span class='ocrx_word' id='word_1_762' title='bbox 1251 5610 1514 5668; x_wconf 88' lang='lat' dir='ltr'><strong>Christus</strong></span> <span class='ocrx_word' id='word_1_763' title='bbox 1547 5613 1756 5667; x_wconf 89' lang='lat' dir='ltr'><strong>unctus</strong></span> <span class='ocrx_word' id='word_1_764' title='bbox 1786 5610 1895 5666; x_wconf 88' lang='lat' dir='ltr'><strong>est.</strong></span> <span class='ocrx_word' id='word_1_765' title='bbox 1919 5605 2086 5665; x_wconf 90' lang='lat' dir='ltr'><strong>Unde</strong></span> <span class='ocrx_word' id='word_1_766' title='bbox 2115 5603 2386 5664; x_wconf 90' lang='lat' dir='ltr'><strong>nonnulli</strong></span> <span class='ocrx_word' id='word_1_767' title='bbox 2416 5606 2678 5664; x_wconf 89' lang='lat' dir='ltr'><strong>doctores</strong></span> <span class='ocrx_word' id='word_1_768' title='bbox 2708 5609 2829 5664; x_wconf 88' lang='lat' dir='ltr'><strong>tres</strong></span> <span class='ocrx_word' id='word_1_769' title='bbox 2861 5606 3073 5665; x_wconf 86' lang='lat' dir='ltr'><strong>Marias</strong></span> <span class='ocrx_word' id='word_1_770' title='bbox 3106 5606 3349 5666; x_wconf 86' lang='lat' dir='ltr'><strong>faciunt.</strong></span> 
     </span>
    </p>
   </div>
  </div>
