4100 6218
185 390 332 452 ’713

1248 399 1875 463 ECCLESIASTICJE
1915 395 2305 458 HISTORUE
2348 397 2491 456 LIB.
2540 397 2588 456 Ῑ.

3505 399 3624 458 7H

188 521 429 594 σαλτςμ.
459 526 517 578 Ὀ
549 523 606 579 δὲ
637 520 814 602 ὄχλος
855 523 1087 582 εἰσόδων
1128 533 1298 602 τιμὴν
1345 534 1492 606 αὐτῷ
1541 533 1860 610 σχεδιάζον-

1977 533 2178 598 menti,
2230 531 2328 602 qui
2382 529 2610 585 thronis
2659 527 2974 586 Cherubim
3030 529 3283 599 vehitur,
3337 529 3618 600 insidens,

184 632 310 676 τες,
353 615 444 666 οἱοὶ
476 631 579 666 τινι
640 613 857 686 ἐξαισίῳ
908 617 995 670 καὶ
1049 617 1176 690 ὑπὲρ
1221 620 1502 694 ἄνθρωπον
1552 624 1724 698 κυρίῳ
1782 626 1860 694 τῷ

184 699 323 755 ὄντι
386 703 472 756 καὶ
537 703 772 776 βασιλεῖ,
806 701 950 776 ᾠδὰς
1003 703 1312 778 δημοσίους
1367 712 1682 768 ἐπέπλεκον.
1720 711 1862 785 Πρὸς

186 787 254 843 δὲ
303 790 402 846 καὶ
449 789 666 862 πληθὺς
695 792 908 862 νηπίων
937 796 1060 870 περὶ
1111 796 1267 852 αὐτὸν
1314 798 1596 873 ἤθροιστο,
1631 806 1856 862 παιᾶνας

183 878 386 941 θείους
445 877 738 950 ἐξᾴδουσα·
797 884 889 936 καὶ
949 885 1000 938 οἱ
1053 885 1150 958 μὲν
1193 887 1373 944 αὐτῶν
1417 891 1481 944 τὰ
1539 891 1732 963 ἱμάτια
1786 893 1855 961 τῇ

184 970 271 1043 γῇ
329 967 776 1043 ἐπεστρώννυονο
827 969 930 1026 εἰσὶ
993 969 1052 1028 δὶ
1102 973 1155 1028 οἳ
1202 977 1293 1029 καὶ
1351 977 1595 1052 κλάγους
1656 977 1856 1032 ἐλαιῶν

186 1059 290 1111 καὶ
367 1057 628 1132 φοινίκων
696 1058 1093 1132 κατακλῶντες,
1151 1064 1278 1130 τοὺς
1343 1068 1436 1141 μὲν
1514 1074 1633 1129 τοῖς
1699 1069 1860 1122 ποσῖν
1898 1067 1908 1076 ’

190 1144 578 1222 ὓπέρῥιπτον·
614 1147 777 1204 ἄλλοι
837 1146 896 1204 δὲ
940 1151 1031 1205 καὶ
1088 1155 1276 1228 χερσὶν
1332 1155 1690 1224 ἀνασείοντες,
1735 1157 1862 1210 ἐπε-

188 1234 437 1312 κρότουν
472 1235 729 1306 ἐξαισίαις
763 1237 932 1311 ᾠδαῖς
953 1259 969 1274 ⁸
1002 1243 1092 1296 οῐά
1118 1264 1225 1298 τινι
1255 1248 1617 1321 τροπαιούχῳ
1659 1247 1749 1300 καὶ
1780 1268 1862 1299 νι-

188 1333 374 1401 κητῇ,
409 1329 686 1394 Ὡσαννᾶ
721 1334 813 1402 τῷ
851 1331 971 1403 υἱῷ
1012 1331 1501 1412 Δαυ³ιδ,λέγοντες
1527 1356 1539 1369 ’
1585 1336 1862 1410 εὐλογηο

193 1419 405 1487 μένος
446 1421 474 1473 ὁ
515 1418 890 1496 ἐρχόμενος
933 1418 997 1474 ἐν
1039 1421 1334 1498 ὀνόματξι
1393 1425 1662 1497 Κυρίου,
1705 1425 1862 1484 Θεὸς

195 1508 474 1582 Κύριος,
533 1509 645 1562 καὶ
704 1507 1028 1583 ἐπέφανεν
1082 1513 1268 1586 ἡμῖν.
1311 1515 1409 1568 Καὶ
1445 1516 1590 1569 ταῦτ’
1625 1510 1862 1566 ἐπεϐόων

191 1598 420 1671 μακρὰν
500 1597 820 1668 ποιοόμενοι
898 1602 1263 1673 προπομπήν,
1319 1599 1482 1676 ἄχρις
1559 1604 1618 1656 οὗ
1691 1602 1858 1673 sistis!

190 1687 341 1755 μετὰ
395 1683 557 1760 δόξης
611 1689 690 1744 τῷ
751 1684 906 1760 ἱερῷ.
951 1689 1104 1743 Ὅθεν
1160 1690 1248 1744 καὶ
1304 1691 1433 1753 τοὺς
1486 1690 1861 1760 θεοκαπήλους

195 1773 465 1842 ἐξελάσας
514 1779 593 1845 τῷ
639 1772 962 1850 φραγγελίῳ
1024 1781 1138 1850 μετ’
1183 1778 1428 1852 ἐξουσίας
1474 1781 1559 1834 δτι
1598 1779 1860 1850 πλείστης

1970 621 2298 692 patentibus
2332 621 2509 692 portis
2552 619 2945 690 Hierosolyma
2979 621 3324 692 ingreditur.
3358 621 3440 676 Ibi
3475 621 3622 676 mul-

1969 710 2155 764 titudo
2203 709 2479 764 honorem
2530 724 2662 764 eum
2706 708 2804 778 qui
2837 724 2900 764 ex
2934 708 3142 764 itinere
3173 709 3619 766 advenientibus

1970 800 2230 864 debetur,
2295 799 2714 869 deproperans,
2779 799 2947 870 quasi
3003 799 3236 855 cuidam
3295 801 3615 872 praestanti,

1968 888 2384 958 hominemque
2426 888 2743 958 superanti,
2771 903 3086 960 reveraque
3106 888 3352 944 Domino
3377 895 3434 945 et
3455 889 3616 961 Regi.

1969 978 2226 1032 carmina
2277 977 2593 1048 publicitus
2635 978 2812 1033 canit.
2849 981 3162 1032 Puerorum
3216 984 3486 1048 praeterea
3530 984 3618 1035 te-

1971 1083 2242 1122 nerorum
2277 1069 2519 1122 catervae
2551 1065 2703 1121 circa
2733 1081 2868 1121 eum
2898 1071 3349 1138 congregantur,
3381 1067 3614 1122 divinos

1972 1173 2202 1228 pmanas
2250 1160 2307 1210 et
2354 1155 2609 1210 victoriae
2642 1155 2903 1210 carmina
2933 1155 3258 1210 aceinentes
3292 1171 3305 1210 :
3341 1160 3515 1226 atque
3546 1172 3614 1211 ex

1969 1247 2063 1302 his
2105 1246 2203 1301 alii
2249 1248 2597 1301 vestimenta
2628 1245 2790 1301 humi
2821 1250 3112 1314 sternunt,
3144 1247 3240 1301 alii
3275 1247 3530 1302 olearum
3564 1251 3621 1302 et

1971 1337 2298 1408 palmarum
2333 1353 2524 1390 ramos
2577 1337 2931 1406 frangentes,
2965 1335 3178 1407 partim
3212 1336 3461 1405 pedibus
3493 1336 3619 1405 ejus

1969 1427 2310 1497 subjiciunt,
2344 1427 2553 1498 partim
2594 1426 2868 1482 manibus
2907 1426 3258 1498 quatientes,
3293 1425 3619 1498 magniﬁcis

1971 1515 2020 1569 ei
2054 1515 2415 1586 applaudunt
2461 1515 2992 1587 apprecationibus,
3026 1515 3264 1587 perinde
3303 1519 3477 1587 atque
3511 1517 3618 1570 tri-

1971 1605 2302 1676 umphatori
2352 1609 2409 1659 et
2456 1605 2656 1661 victori
2705 1603 2986 1660 cuidam:
3029 1607 3304 1672 Hosanna,
3339 1605 3612 1670 dicentes,

1969 1695 2086 1764 ﬁlio
2123 1694 2291 1749 David
2311 1711 2329 1748 :
2355 1694 2661 1750 benedictus
2680 1695 2776 1765 qui
2795 1697 2938 1749 venit
2965 1696 3021 1748 in
3052 1695 3276 1751 nomine
3305 1693 3524 1750 Domini
3547 1693 3614 1749 ²⁰.

1971 1785 2109 1839 Deus
2160 1785 2440 1852 Dominus,
2473 1787 2523 1837 et
2565 1785 2824 1854 apparuit
2873 1783 3047 1840 nobis.
3079 1785 3267 1855 Atque
3295 1783 3376 1838 ita
3405 1784 3618 1839 vocife-

187 1863 285 1915 καὶ
347 1863 658 1939 παῤῥησίας
715 1863 961 1933 πολλῆς,
993 1866 1071 1928 εἷς
1127 1868 1222 1922 τὸν
1276 1870 1394 1924 κατ’
1426 1868 1592 1922 αὐτοῦ
1637 1865 1858 1944 ῳηὸνον,

266 1953 280 1967 1
367 1955 378 1966 ι
453 1950 472 1968 ἵ
616 1949 671 1968 IN
864 1952 874 1968 Ι
992 1955 1006 1968 9
1086 1958 1096 1968 ι
1326 1963 1330 1968 .
1435 1958 1447 1968 ι
1581 1963 1602 1968 _
1684 1955 1708 1968 Α
1811 1957 1821 1968 l

1972 1875 2252 1927 rabantur
2301 1871 2532 1943 longius
2575 1887 2710 1927 eum
2763 1877 3202 1944 prosequentes,
3253 1872 3433 1926 donec
3485 1887 3616 1927 cum

187 1953 284 2006 καὶ
317 1955 422 2020 τήν
453 1949 709 2021 λυσσώδη
747 1952 938 2023 μανίαν
989 1955 1224 2026 ἐκείνην,
1253 1963 1380 2020 τοὺς
1432 1958 1629 2033 ἐναγεῖς
1681 1955 1851 2011 διανέ-

192 2061 393 2110 στησε.
428 2040 602 2095 Τόπον
660 2037 716 2094 δέ
767 2043 834 2114 τῇ
895 2043 1034 2120 ὀργῇ
1095 2043 1276 2108 διδοὺς
1331 2048 1485 2118 (πρὸς
1533 2048 1638 2122 γὰρ
1686 2048 1848 2124 φόνον

191 2131 337 2198 ἦσαν
400 2130 705 2203 ὁρμῶντες,
763 2131 853 2184 ἅτε
905 2129 968 2202 δὴ
1030 2134 1122 2189 τὸν
1179 2137 1386 2208 κόσμον
1447 2135 1622 2190 ὀπίσω
1685 2136 1850 2190 αὐτοῦ

195 2218 503 2291 βλέποντες
557 2218 930 2294 ἐφεπόμενον),
962 2220 1150 2296 ἔξεισιν
1207 2224 1361 2288 αὖθις
1418 2233 1518 2294 τῆς
1581 2227 1853 2300 Ἰερουσα-

193 2307 323 2382 λὴμ
373 2310 403 2361 ὁ
453 2309 651 2381 Σωτὴρ
683 2308 857 2382 εὐχῆς
893 2307 1068 2370 ἕνεκα.
1101 2315 1282 2388 Ἱκανῇ
1329 2311 1384 2368 δὲ
1431 2315 1633 2389 χρόνον
1686 2309 1848 2386 τριϐῇ

191 2399 490 2468 ἐπανήκων
531 2398 702 2459 αὖθις.
736 2399 918 2471 πρωΐα
968 2400 1025 2456 δὲ
1085 2405 1174 2473 ἦν,
1216 2405 1307 2458 καὶ
1365 2405 1688 2477 πρόσπεινος
1741 2401 1848 2474 ’ἤδη

190 2489 516 2563 γενόμενος,
574 2488 602 2541 '6
664 2483 802 2556 δῆτα
859 2490 1060 2547 οἰκεῖον
1126 2501 1227 2563 τῆς
1285 2494 1704 2566 ἀνΟριυπότη-τος
1761 2495 1851 2563 ἦν,

192 2579 336 2647 πρός

1411 2582 1434 2600 λ

417 2599 536 2634 τινα
614 2583 781 2646 συκῆν
853 2581 1154 2638 ἀποκλίνει.
1219 2585 1348 2639 Επεὶ
1409 2582 1463 2637 δε
1517 2586 1591 2655 μὴ
1645 2585 1852 2656 καρπὸς

189 2666 376 2739 ἐκείνῃ
413 2673 613 2740 παρῆν,
647 2663 904 2738 ἐπαρᾶται
940 2671 1036 2742 μὲν
1085 2670 1238 2733 εὐθὺς
1284 2670 1459 2741 ἐκείνῃ
1511 2674 1576 2724 τὰ
1625 2665 1851 2746 ἔσχατα,

193 2759 288 2810 οἷα
325 2753 395 2824 δὴ
431 2756 666 2833 ἂρχηγῷ
714 2757 778 2813 τὰ
809 2763 997 2830 πρῶτα
1027 2760 1295 2834 γενομένῃ
1328 2766 1426 2828 τῆς
1458 2755 1812 2834 παραϐάσεως
1838 2778 1851 2791 ·

193 2845 282 2897 καὶ
320 2843 523 2919 ἀθρόον
554 2849 655 2910 τῆς
689 2845 986 2921 ὑγρότητος
1037 2848 1250 2918 ἀπάσης
1293 2847 1638 2918 διατακείσης
1691 2848 1852 2921 αὐτῇ,

198 2935 340 3008 ξηρὰ
373 2940 491 2996 τοῖς
524 2941 652 2989 πᾶσι
681 2938 1017 3010 καθεωρᾶτο.
1050 2945 1111 2993 Ὃ
1163 2936 1228 3008 δὴ
1281 2945 1381 3007 τῆς
1433 2937 1482 2991 ἐν
1533 2939 1678 3009 αὐτῷ
1730 2939 1855 2992 θεό-

198 3045 372 3092 τητος
435 3023 592 3097 ἔργον
648 3028 864 3086 παντως
924 3023 1365 3097 ἀριδηλότατον·
1418 3028 1508 3080 καὶ
1537 3028 1638 3101 γὰρ
1669 3025 1851 3098 ὥσπερ

199 3114 406 3182 φυσικὴ
457 3113 679 3183 Gil-qui;
728 3114 1016 3188 ἀνθρώπου
1061 3115 1111 3169 ἐν
1166 3115 1310 3188 αὖτῷ
1341 3117 1427 3171 καὶ
1467 3115 1688 3184 θέλησις
1718 3117 1856 3171 κατᾶ

199 3199 364 3276 οὖσιν
424 3206 583 3273 Θεοῦ,
615 3201 757 3256 οὕτω
813 3203 902 3256 καὶ
963 3203 1249 3277 ἀνθρώπου
1305 3205 1395 3259 καὶ
1447 3209 1579 3260 θεοῦ
1613 3204 1853 3280 ἐνέργεια

201 3291 254 3344 ἐν
320 3294 403 3361 τῷ
453 3290 600 3361 αὖτῷ
659 3291 890 3365 ἑωρᾶτο.
925 3293 1092 3354 Φύσις
1149 3293 1249 3368 γὰρ
1301 3293 1519 3367 ἐκατέρα
1567 3295 1632 3348 τὰ
1683 3294 1857 3350 οῗ³κεῖα

207 3381 380 3449 ἑαυτῇ
430 3376 519 3428 καὶ
566 3377 731 3445 ἤθελε
787 3379 874 3432 καὶ
936 3377 1148 3452 ἐνήργει
1183 3381 1316 3452 μετὰ
1362 3387 1462 3449 τῆς
1496 3383 1719 3454 Οατέρου
1751 3403 1869 3435 κοι-

204 3466 424 3525 νωνίας.
460 3465 531 3519 Οὖ
583 3467 686 3539 γὰρ
738 3466 1125 3537 ἀγοινωνήτως
1173 3468 1395 3544 ἑκατέρα
1438 3471 1596 3546 φύσις
1643 3472 1707 3525 τὰ
1747 3470 1869 3525 ’ίδια

208 3553 508 3628 ἔπραττενο
547 3553 690 3609 ἀλλᾶ
719 3558 805 3610 καέ
862 3559 896 3625 ἡ
931 3556 1124 3626 θεότης
1177 3559 1312 3629 μετὰ
1359 3565 1460 3627 τῆς
1510 3560 1867 3633 ἀνθρωπότη-

207 3665 325 3714 τος,
359 3645 450 3697 καὶ
509 3647 542 3712 ἡ
599 3645 957 3719 ἀνθρωπότης
1015 3645 1169 3708 αὖθις
1230 3646 1320 3700 σὺν
1379 3653 1447 3722 τῇ
1509 3650 1747 3719 θεέττιῊν
1802 3651 1868 3703 τὰ

211 3735 566 3807 προσήκοντοὶ
620 3755 680 3808 γε
731 3735 928 3809 ἑκάστῃ
1003 3735 1289 3809 ὑπερφυῶς
1355 3734 1644 3810 ἔπραττον.
1686 3739 1865 3792 Ἔνθεν

211 3844 321 3890 τοι,
366 3820 548 3892 ὥσπερ
592 3824 660 3878 τὰ
706 3831 804 3894 τῆς
853 3828 1115 3903 Οεαρχζας
1157 3823 1276 3879 iam:
1325 3831 1405 3896 τῷ
1451 3831 1548 3880 τοῦ
1579 3827 1868 3900 ἀνθρώπου

215 3914 326 3982 ῐὶᾦ
393 3907 759 3980 {ignaviae-.11,
821 3911 994 3975 οὕτως
1054 3912 1207 3974 αὖθις
1287 3916 1353 3967 τὰ
1426 3919 1522 3968 τοῦ
1582 3915 1868 3987 ἀνθρώπου

215 4002 417 4077 cruor/.5:
467 4000 806 4074 ἀσθενήματα
853 4007 934 4072 τῷ
991 4006 1106 4074 Θεῷ
1158 4003 1315 4077 ,λόγῳ
1365 4009 1548 4079 σαφῶς
1596 4003 1868 4058 ἀντιδέδο-

1826 4091 1868 4114 ‘3!

215 4111 305 4144 ται
369 4088 456 4143 διὰ
531 4093 628 4160 τὴν
689 4093 807 4145 καθ’
866 4091 1156 4146 ὑπόστασιν
1222 4090 1433 4146 ἕνωσιν.
1492 4094 1762 4161 ’ῌνίττετο
1823 4091 1849 4148 ὃ

221 4178 351 4240 ἴσως
409 4181 444 4246 ἡ
503 4185 634 4248 συκῆ
698 4181 1013 4252 ξηρανθεῖσαι
1067 4181 1156 4235 καὶ
1209 4182 1310 4249 τὴν
1387 4189 1485 4250 τῆς
1552 4188 1869 4259 συναγωγῆς

218 4267 486 4344 ἀκαρπίαν
543 4273 651 4322 τῶν
705 4267 983 4324 Ἰουδαίων
1017 4291 1030 4303 ·
1084 4270 1172 4325 καὶ
1244 4269 1426 4325 τοίνυν
1503 4275 1644 4326 πᾶσα
1717 4275 1868 4348 ψυχσή

219 4357 424 4434 λογική
475 4363 544 4432 τῇ
595 4361 730 4432 πρὸς
782 4361 1012 4433 Χριστὸν
1069 4360 1288 4431 ἀπιστίᾳ
1336 4363 1740 4435 κεκρατηριένη,
1774 4362 1869 4416 κᾶν

214 4453 334 4510 τοῖς
380 4451 479 4501 τοῦ
541 4447 876 4522 γράμματος
935 4451 1128 4524 νόμοις
1160 4449 1252 4504 οἷά
1283 4472 1391 4506 τισι
1439 4451 1674 4529 φύλλοις
1727 4452 1876 4526 μάλα

214 4541 392 4608 κομᾷν
441 4535 816 4610 ἐκλογίζηται,
848 4543 944 4592 τοῦ
1002 4545 1100 4607 τῆς
1151 4538 1202 4592 ἐν
1242 4544 1459 4613 Χριστῷ
1508 4541 1742 4602 πίστεως
1791 4542 1876 4596 νό-

1967 1961 2138 2015 laude
2172 1969 2225 2014 et
2255 1959 2437 2030 gloria
2467 1960 2526 2014 in
2557 1959 2839 2032 templum
2867 1967 2954 2015 est
2984 1961 3304 2030 ingressus.
3331 1959 3492 2014 Unde
3523 1959 3618 2014 ille

1960 2065 2156 2104 rerum
2195 2064 2496 2103 sacrarum
2549 2049 2986 2108 nundinatores.
3021 2053 3478 2117 sanctarumque
3509 2056 3616 2102 c:e‘-

1963 2141 2356 2195 remoniarum
2389 2142 2446 2192 et
2477 2141 2886 2210 mysteriorum
2930 2140 3360 2208 depravatores,
3391 2138 3614 2208 flagello

1961 2243 2092 2282 cum
2127 2227 2391 2281 libertate
2429 2227 2683 2298 plurima
2715 2242 2780 2281 ac
2812 2231 3099 2298 potestate
3133 2226 3409 2292 maxima,
3435 2227 3504 2280 ad
3539 2228 3618 2280 in-

1962 2317 2176 2370 vidiam
2209 2332 2414 2386 usque,
2438 2321 2495 2370 et
2518 2316 2892 2371 furibundum
2919 2315 3077 2370 illam
3102 2331 3302 2370 eorum
3327 2315 3614 2370 insaniam

1961 2406 2278 2475 expellens,
2311 2405 2622 2460 sceleratos
2653 2409 2708 2458 et
2750 2405 2961 2476 impios
3009 2404 3231 2458 evertit.
3269 2404 3366 2458 Irae
3401 2403 3607 2456 deinde

1961 2495 2172 2548 cedens
2203 2496 2344 2563 (jam
2378 2493 2532 2547 enim
2566 2493 2624 2548 in
2654 2494 2864 2548 caedem
2887 2493 3016 2562 ejus
3039 2493 3306 2557 ruebant,
3331 2499 3604 2562 tanquam

1964 2584 2242 2638 mundum
2278 2584 2466 2654 ipsum
2503 2587 2632 2652 post
2663 2597 2793 2637 eum
2827 2587 3058 2637 euntem
3107 2581 3445 2650 conspicati)
3480 2581 3610 2635 Hie-

1965 2670 2272 2743 rosolymis
2301 2671 2570 2726 Servator
2599 2671 2952 2742 precationis
2984 2687 3120 2741 ergo
3151 2671 3466 2741 egreditur.
3502 2670 3616 2725 Po-

1965 2765 2086 2816 stea
2142 2776 2296 2830 vero,
2342 2759 2689 2830 interposita
2739 2759 2937 2831 aliqua
2985 2759 3264 2830 temporis
3315 2775 3500 2824 mora,
3549 2773 3616 2814 eo

1966 2854 2257 2906 revertens
2287 2850 2481 2919 (mane
2529 2853 2652 2904 tum
2703 2849 2850 2920 erat)
2880 2863 3011 2904 cum
3046 2849 3224 2904 fames
3255 2848 3305 2904 ei
3336 2847 3614 2902 incessis-

1965 2949 2069 3007 set,
2119 2941 2265 3010 quod
2320 2939 2541 2994 scilicet
2601 2938 2897 3010 proprium
2947 2938 3217 2994 humanae
3267 2936 3614 2992 conditionis

1963 3035 2104 3092 erat,
2139 3030 2206 3084 ad
2240 3029 2556 3100 quamdam
2592 3028 2826 3083 divertit
2857 3028 3029 3084 licum
3070 3043 3083 3082 :
3116 3027 3210 3084 cui
3242 3043 3375 3083 cum
3410 3025 3616 3081 nullus
3687 3071 3694 3078 .

1965 3117 2184 3172 inesset
2215 3119 2460 3182 fruetus,
2489 3115 2695 3172 ultima
2726 3117 2922 3170 statim
2956 3117 3006 3172 ei
3030 3133 3130 3186 per
3159 3117 3613 3171 exsecrationem

1973 3205 2349 3276 imprecetur,
2399 3210 2594 3275 utpote
2652 3221 2781 3275 qum
2829 3208 3029 3260 auctor
3088 3203 3342 3276 primum
3401 3207 3458 3258 et
3508 3201 3626 3257 dux

1977 3295 2453 3365 transgressionis
2499 3293 2667 3349 fuerit
2697 3294 2796 3364 (l).
2828 3295 3012 3364 Atque
3044 3293 3162 3359 illa,
3197 3292 3436 3348 humore
3488 3306 3623 3361 pro-

1976 3384 2137 3438 tinus
2183 3383 2344 3438 omni
2406 3400 2644 3453 prorsus
2695 3389 3080 3450 exarescente,
3132 3381 3294 3436 arida
3349 3381 3625 3436 omnibus

1977 3472 2302 3527 exhibetur.
2336 3471 2497 3534 Quod
2532 3486 2672 3526 sane
2721 3469 2781 3525 in
2813 3485 2878 3525 eo
2909 3469 3408 3541 spectatissimum
3441 3466 3626 3522 omni-

1977 3562 2088 3616 bus
2125 3562 2312 3616 modis
2343 3559 2668 3615 divinitatis
2701 3576 2848 3628 opus
2881 3560 3007 3613 fuit.
3044 3557 3290 3626 Etenim,
3323 3556 3493 3612 siculi
3528 3573 3630 3610 na-

1979 3650 2184 3704 turalis
2214 3649 2392 3704 simul
2423 3655 2480 3704 et
2513 3649 2768 3704 hominis
2814 3653 2870 3702 et
2901 3648 3051 3702 idem
3084 3648 3185 3702 Dei
3217 3646 3513 3714 voluntas,
3546 3644 3630 3698 ita

1977 3738 2152 3793 simul
2203 3742 2262 3794 et
2309 3737 2563 3793 hominis
2614 3743 2672 3792 et
2726 3737 2824 3792 Dei
2873 3736 3127 3791 efﬁcacia
3179 3741 3354 3806 atque
3382 3733 3532 3788 actio
3566 3733 3625 3786 in

1979 3827 2106 3898 ipso
2155 3828 2354 3882 eodem
2406 3827 2894 3897 conspiciebatur.
2931 3825 3182 3894 Utraque
3237 3838 3491 3894 namque
3523 3837 3628 3876 na-

1977 3920 2130 3979 tura,
2163 3931 2294 3986 quae
2341 3917 2573 3986 propria
2621 3915 2671 3969 ei
2725 3918 2935 3979 essent,
2969 3913 3145 3966 simul
3201 3920 3254 3968 et
3302 3911 3530 3967 volebat
3577 3918 3634 3964 et

1977 4005 2284 4070 alliciebat,
2311 4020 2438 4058 cum
2463 4004 2702 4058 alterius
2733 4008 2954 4057 naturae
2985 3999 3201 4056 scilicet
3231 4000 3632 4056 communica-

1978 4093 2156 4159 tione,
2213 4100 2455 4164 ulraque
2521 4097 2733 4147 natura
2792 4092 2984 4146 nativa
3040 4096 3096 4143 et
3146 4087 3378 4160 propria
3433 4086 3632 4142 munia

1981 4180 2272 4236 faciebat:
2306 4197 2504 4238 verum
2552 4185 2610 4236 et
2659 4179 2927 4236 divinitas
2977 4195 3109 4234 cum
3152 4177 3545 4237 humanitate.
3577 4181 3637 4231 et

1982 4287 2212 4326 rursum
2245 4270 2582 4327 humanitas
2613 4287 2744 4326 cum
2780 4270 2906 4341 ipsa
2935 4268 3255 4332 divinitate,
3280 4282 3407 4338 qua:
3439 4265 3638 4336 cujus-

1981 4376 2094 4432 que
2125 4364 2322 4415 essent
2351 4359 2546 4427 ofﬁcii,
2571 4376 2746 4430 supra
2770 4364 2987 4414 naturae
3020 4361 3248 4428 captum
3281 4354 3634 4411 efﬁciebant.

1980 4449 2268 4518 Siquidem
2321 4450 2812 4516 quemadmodum
2847 4447 3082 4519 propria
3111 4446 3324 4500 divinae
3357 4443 3638 4499 sublimi-

1983 4540 2119 4594 tatis
2153 4555 2392 4594 munera
2445 4539 2588 4594 Filio
2622 4538 2877 4593 hominis
2919 4535 3351 4592 communicata
3383 4551 3396 4588 :
3431 4532 3634 4588 itidem

220 4646 349 4697 μου,
382 4626 429 4696 ᾠ
466 4625 673 4688 ἐκεῖνος
734 4627 973 4700 μάλιστα
1029 4628 1304 4704 τρέφεται,
1337 4625 1727 4698 διαπίπτουσα,
1779 4636 1860 4699 τῆι

1987 4647 2220 4685 rursum
2255 4631 2540 4685 naturales
2571 4627 3284 4684 hominis-imbecillitates
3321 4623 3488 4678 I04
3521 4623 3637 4678 Deo

214 4717 313 4767 τοῦ
346 4717 482 4767 θεοῦ
522 4713 779 4788 εὐλογίας
809 4713 1000 4790 πόρῥω
1029 4717 1310 4789 γινομένη,
1345 4715 1666 4785 ξηραίνεται.

1972 4719 2160 4776 Verbo
2207 4720 2536 4786 manifesto,
2569 4736 2666 4788 per
2709 4718 3028 4790 quamdam
3071 4716 3239 4788 quasi
3285 4729 3627 4770 remunera-

220 4805 465 4872 tionem,
498 4806 735 4860 redditze
786 4812 942 4872 sunt,
993 4817 1226 4879 prepler
1272 4823 1396 4863 eam
1449 4825 1574 4878 quze
1626 4825 1725 4879 per
1775 4811 2220 4865 subsistentiam
2271 4815 2378 4877 est,
2432 4810 2728 4865 unionem.
2765 4811 3029 4864 Fortasse
3077 4811 3272 4862 autem
3324 4803 3470 4858 ﬁcus
3521 4801 3637 4856 ista

217 4910 581 4962 exarescens,
614 4894 912 4950 involucro
961 4897 1240 4967 quodam,
1273 4913 1578 4968 synagoga:
1627 4898 1961 4954 Judaeorum
2001 4898 2369 4954 sterilitatem
2406 4900 2892 4968 ferendorumque
2927 4897 3220 4950 fructuum
3250 4891 3505 4962 inepiam
3543 4908 3638 4945 ex-

221 4987 451 5056 pressit.
489 4986 556 5040 Et
609 4988 865 5058 profecto
916 4988 1108 5042 omnis
1155 4987 1350 5042 anima
1403 4988 1704 5052 rationalis
1753 4989 2142 5044 incredulitati
2196 4995 2251 5044 et
2299 4989 2638 5044 difﬁdentia:
2679 4989 2736 5043 in
2770 4987 3066 5042 Christum
3102 4981 3374 5048 obnoxia,
3405 4982 3633 5036 etiamsi

219 5074 448 5145 legibus
494 5076 696 5131 litterae
744 5082 1020 5148 tanquam
1075 5075 1231 5132 foliis
1282 5077 1602 5132 admodum
1657 5079 1859 5133 ﬁorere
1907 5079 2294 5147 existimetur,
2345 5084 2541 5135 tamen
2594 5079 2641 5133 si
2691 5077 2816 5146 lege
2871 5075 3002 5130 fidei
3056 5076 3113 5128 in
3162 5073 3484 5139 Christum,
3519 5087 3634 5140 qua

220 5164 321 5219 illa
353 5165 608 5221 maxima
639 5167 896 5222 nutritur
924 5173 983 5223 et
1013 5167 1253 5232 fovetur,
1290 5168 1537 5235 excidat,
1574 5168 1741 5239 longe
1775 5187 1806 5223 ιι
1839 5169 2241 5226 benedictione
2275 5169 2372 5224 Dei
2407 5171 2632 5236 dissita,
2668 5167 2968 5222 exarescit.

297 5311 344 5345 ²⁰
377 5311 584 5368 Matth.
621 5329 734 5382 xxx,
765 5315 820 5367 9.

325 5463 374 5535 1)
407 5463 489 5519 De
523 5481 690 5535 pomo
723 5465 814 5521 ﬁci
848 5466 1017 5536 primi
1050 5472 1318 5539 parentes
1352 5468 1529 5524 nostri
1562 5472 1894 5540 gustarunt.

543 5791 802 5865 ΡΑτιιοι.
849 5793 961 5852 Gn.
1009 5792 1234 5856 CXLV.

3243 5793 3315 5848 23
