4100 6218
489 373 608 437 715

1057 497 1282 557 CAPUT
1328 492 1567 552 XXVIII.

489 665 563 720 De
591 659 823 730 mystica
851 665 1026 715 caena,
1055 647 1122 703 de
1166 658 1322 771 εαεῖᾳ
1350 637 1514 710 potvi,
1546 641 1600 693 et
1642 634 1707 689 de
1752 633 1954 688 Christi
1997 645 2128 702 pre-

1189 731 1254 771 σα
1281 728 1422 770 tono.

1189 728 1422 772 σαιιοηο.

557 870 674 928 Sub
711 867 835 925 haec
865 879 1030 921 caena
1073 860 1306 933 paratur
1332 855 1393 910 in
1423 853 1618 919 domo,
1650 853 1715 905 ut
1745 847 1927 916 aiunt,
1957 845 2132 902 Joan-

489 959 579 1017 nis
606 953 982 1028 Evangelistss
1017 967 1030 1004 :
1059 962 1235 1020 quam
1275 943 1392 1010 ille,
1427 937 1796 1013 possessione
1841 952 1944 992 sua
1995 936 2131 1004 (non

489 1048 700 1122 exigua
729 1026 921 1101 autem
954 1056 1021 1096 ea
1051 1037 1184 1108 fuit)
1210 1035 1270 1090 in
1303 1031 1536 1088 Galilea
1568 1034 1767 1094 Annis,
1801 1026 1929 1095 ejus
1982 1032 2132 1078 tem-

489 1111 650 1211 poris
691 1133 902 1190 Judam
952 1123 1212 1200 pontiﬁci
1255 1120 1489 1178 vendita
1516 1117 1713 1188 (cuius
1741 1112 1927 1188 gratia
1956 1111 2129 1167 etiam

488 1203 576 1284 illi
632 1227 808 1282 notus
863 1216 1102 1284 exstitit,
1150 1211 1323 1270 sicuti
1380 1209 1506 1278 ipse
1553 1203 1764 1262 alicubi
1817 1217 1977 1258 sacro
2025 1216 2132 1257 suo

487 1311 824 1373 testimonio
870 1305 1125 1374 astruit),
1158 1303 1215 1358 in
1258 1297 1402 1356 locis
1449 1298 1669 1352 circum
1701 1294 1836 1350 Sion
1872 1295 2131 1347 montem

490 1405 622 1462 sitis
669 1401 1122 1471 comparaverat.
1155 1389 1239 1447 lbi
1285 1388 1464 1461 igitur
1514 1381 1786 1454 discipuli
1839 1380 1994 1471 apud
2027 1379 2135 1436 ho-

490 1494 711 1550 minem
769 1468 1014 1552 oertum,
1073 1481 1418 1553 priusquam
1474 1475 1824 1544 Azymorum
1888 1468 2135 1524 instaret

490 1585 636 1650 dies,
659 1584 740 1636 ita
770 1585 829 1634 ut
858 1576 974 1632 illis
1006 1572 1349 1629 mandatum
1374 1565 1895 1638 prescriptumque
1927 1559 2129 1625 fuerat,

488 1673 634 1746 legis
661 1666 884 1726 Pascha
913 1661 1232 1720 instruunt.
1260 1655 1472 1711 Verum
1503 1651 1813 1716 enimvero,
1848 1663 1981 1704 cum
2016 1661 2133 1718 per-

463 1735 636 1834 .opvus
684 1759 858 1822 esset,
909 1752 1248 1806 Parasceves
1300 1743 1393 1799 die
1439 1741 1512 1797 ad
1560 1753 1883 1811 vesperam,
1931 1739 1994 1790 ut
2043 1735 2132 1789 lex

1777 348 2198 411 NICEPHORI
2241 349 2596 414 CALLISTI

2169 489 2220 554 Δ

3759 353 3880 416 ’116

2848 486 3102 540 ΚΕΦΑΛ.
3146 485 3280 540 KH'.

2244 630 2398 702 Περὶ
2457 633 2570 683 τοῦ
2631 625 3311 716 μθυστικοῦὶδείπνου,
3349 629 3458 683 καὶ
3525 633 3643 685 τοῦ
3699 631 3878 685 θείου

2489 705 2848 776 νιπτῆρας,
2887 704 3154 769 καὶτῆς
3197 704 3616 776 προσευχῆς.

2313 848 2546 907 Δεῖπνος
2606 845 2692 899 ἐπὶ
2747 846 2962 907 τούτοις
3023 844 3376 920 ηὐτρέπισται
3409 843 3462 901 ἔν
3491 849 3562 920 τῇ
3610 845 3778 912 οῗκία,
3809 845 3880 906 ὥς

2241 955 2419 1012 φασιν,
2452 933 2705 992 Ἰωάννου
2768 937 2864 988 τοῦ
2917 933 3357 1011 Εύαγγελιστοῦ’
3410 936 3472 1004 ἣν
3533 934 3737 996 ἐκεῖνος
3785 936 3882 1003 τήν

2239 1027 2544 1100 προσοῦσαν
2615 1026 2804 1087 κτῆσιν
2879 1021 3278 1096 ἀπεμπολήσας
3345 1043 3397 1078 εν
3469 1022 3743 1094 Γαλιλαίᾳ
3802 1023 3884 1094 (ού

2241 1114 2446 1190 σμικρὰ
2489 1111 2546 1168 δέ
2591 1133 2674 1176 τις
2714 1113 2808 1185 ἦν)
2837 1117 3007 1184 "Aw;
3047 1116 3128 1184 τῷ
3164 1117 3463 1183 τηνικαῦτα
3489 1117 3595 1178 τῆς
3626 1109 3885 1175 ’ὶουδαίας

2241 1203 2510 1279 ἀρχιερεῖ,
2559 1201 2622 1256 οὗ
2675 1203 2838 1277 χάριν
2893 1200 2985 1256 vati
3040 1201 3279 1275 γνωστὸς
3338 1199 3526 1275 ἐκείνῳ
3591 1199 3888 1280 ἐτύγχανεν

2241 1291 2336 1362 ὢν,
2366 1293 2442 1354 ὡς
2489 1291 2650 1354 αὐτός
2694 1311 2799 1346 που
2839 1295 2957 1353 τοῖς
2999 1291 3168 1364 ἱεροῖς
3198 1287 3415 1365 λογίοις
3447 1291 3805 1362 παρίστησιν,
3837 1289 3888 1345 ἓν

2243 1384 2308 1455 τῇ
2354 1383 2592 1458 περιοχῇ
2639 1386 2743 1448 τῆς
2790 1385 2929 1434 Σιὼν
2979 1378 3263 1450 ἐκνήσατο.
3292 1382 3438 1435 Ἐκεῖ
3485 1377 3579 1435 οὖν
3619 1381 3672 1436 οἱ
3708 1381 3896 1452 μαθη-

2241 1489 2330 1524 ται
2359 1469 2498 1544 πρὸς
2529 1469 2620 1522 τὸν
2654 1465 2820 1540 δεῖνα,
2844 1469 2970 1540 πρὶν
3019 1471 3054 1540 ἢ
3100 1470 3199 1538 τήν
3244 1473 3352 1523 τῶν
3376 1467 3629 1542 ’Δζύμων
3671 1466 3897 1536 ἐπιστῆ-

2240 1577 2324 1612 ναι
2381 1558 2614 1632 ἡμὲραν,
2672 1557 2809 1612 καθὰ
2883 1557 3062 1636 σφίσιν
3129 1556 3354 1632 ὥριστο,
3411 1558 3472 1612 τὸ
3547 1561 3645 1612 τοῦ
3717 1557 3896 1631 νόμου

2243 1645 2436 1720 Πάσχα
2493 1646 2832 1720 ἡτοίμασανο
2894 1646 3074 1701 καίτοι
3145 1667 3208 1720 γε
3266 1643 3384 1701 δέον
3458 1646 3542 1715 ὃν,
3598 1649 3741 1701 κατὰ
3795 1648 3897 1714 τήν

2244 1737 2594 1810 Παρασκευήν
2627 1735 2785 1809 -πρὸς
2842 1735 3092 1808 ἑσπέραν,
3137 1735 3211 1796 ὡς
3270 1737 3298 1790 ὁ
3343 1735 3526 1808 δόμος
3582 1733 3894 1810 διηγόρευε,

486 1821 767 1924 praecipit,
803 1821 1011 1916 agnum
1041 1833 1335 1894 immorali
1370 1849 1383 1886 :
1421 1829 1804 1886 nihilominus
1837 1833 2032 1880 tamen
2063 1840 2128 1879 eo

2243 1824 2460 1924 θύεσθαι
2490 1824 2582 1924 τὸν
2614 1823 2778 1924 ἀμνόν
2805 1842 2818 1856 ’
2851 1821 3005 1896 ὅμως
3041 1822 3305 1896 μέλλοντι
3340 1825 3421 1896 τῷ
3456 1823 3706 1896 ἀληθινῷ
3738 1825 3899 1898 ἀμνῷ

483 1913 690 1998 verum
728 1913 964 2006 agnum,
996 1930 1097 2002 qui
1125 1928 1241 2000 jam
1271 1926 1390 1996 jam
1426 1938 1528 1992 pro
1560 1919 1730 1974 nobis
1761 1914 1985 1972 Pascha
2014 1913 2124 1968 im-

488 2005 799 2088 molandus
831 2025 957 2080 erat
984 2021 1043 2076 in
1076 2031 1263 2082 cruce,
1297 2010 1617 2085 praeveniri,
1647 2013 1706 2063 et
1733 2012 1937 2078 typum
1975 2005 2131 2060 ima-

487 2120 804 2194 ginemque
832 2109 1036 2184 legalis
1066 2103 1363 2162 Paschalis
1394 2099 1700 2171 complere,
1723 2095 1952 2151 circiter
1971 2092 2130 2165 quin-

489 2183 560 2266 ta
611 2183 725 2262 diei
771 2183 1072 2272 vesperam
1122 2193 1442 2266 oportebat.
1473 2188 1681 2260 Opinio
1713 2200 1851 2241 sane
1882 2183 2127 2248 obtinet,

489 2314 621 2354 cum
651 2292 854 2350 multis
875 2271 1034 2354 aliis,
1055 2292 1178 2341 tum
1211 2282 1262 2338 ei
1295 2279 1583 2353 precipue
1613 2273 2012 2345 comprobata,
2036 2271 2128 2326 cui

483 2403 550 2445 os
581 2397 826 2440 aureum
848 2392 1061 2434 nomen
1084 2371 1316 2439 indidit,
1339 2364 1737 2423 irrationalom
1764 2367 1890 2418 tum
1912 2376 2127 2433 agnum

485 2473 765 2550 primum,
793 2469 874 2524 ita
914 2470 974 2521 ut
1014 2479 1113 2536 par
1143 2463 1286 2528 erat,
1319 2456 1612 2514 Christum
1646 2468 1780 2508 cum
1827 2449 2129 2520 discipulis

485 2542 724 2622 omnino
771 2557 962 2614 edisse
993 2570 1006 2610 :
1041 2549 1248 2608 deinde
1295 2562 1429 2603 cum
1483 2544 1553 2600 ad
1605 2542 1910 2614 mysticam
1960 2555 2128 2595 arca-

486 2665 734 2722 namque
779 2647 943 2704 illam
991 2656 1211 2699 cmnam
1262 2635 1638 2698 consedisset,
1670 2646 1845 2702 parva
1878 2630 2130 2698 interpo-

485 2742 600 2799 sita
647 2753 812 2794 mora
859 2729 1313 2793 consurrexisse,
1345 2723 1696 2781 vestimenta
1725 2722 1952 2790 (utpote
2002 2732 2129 2788 qua;

486 2845 616 2887 eum
664 2829 910 2883 fortasse
957 2825 1277 2893 gravarent,
1310 2822 1363 2870 et
1394 2813 1453 2867 in
1505 2808 1830 2865 ministerio
1862 2805 2130 2861 obeundo

485 2915 861 2990 impedirent)
911 2911 1110 2968 statim
1161 2903 1524 2976 deposuisse,
1578 2901 1811 2955 linteum
1852 2895 1964 2951 sibi
2011 2895 2134 2950 cir-

485 2985 896 3069 cumcinxisse,
929 3005 1104 3070 atque
1151 2997 1233 3050 ita
1267 2995 1532 3064 prompte
1561 2993 1617 3044 et
1647 2986 1919 3044 alacriter
1950 2985 2131 3040 disci-

487 3097 758 3170 pulorum
789 3091 967 3165 pedes
995 3087 1230 3152 lavisse,
1255 3090 1312 3139 ut
1343 3079 1518 3138 simul
1550 3082 1607 3134 et
1637 3093 1844 3132 novam
1877 3075 2130 3130 submis-

487 3164 672 3244 sionis
701 3164 872 3254 atque
893 3173 1274 3235 humanitatis
1295 3164 2122 3263 ostenderet-sublimationem
2158 3197 2208 3263 α

486 3279 544 3332 et
571 3290 675 3346 per
698 3253 1028 3344 symbolum
1068 3267 1243 3334 atque
1272 3259 1504 3330 signum
1535 3255 1682 3346 ipsis
1713 3253 1940 3326 proprie
1970 3267 2128 3308 com-

488 3345 684 3437 petere
734 3357 942 3415 mentis
973 3353 1346 3422 corporisque
1395 3345 1782 3418 expiationem
1827 3348 1884 3398 et
1919 3357 2133 3414 purga-

489 3431 705 3510 tionem
735 3445 1061 3506 declararet.
1094 3441 1342 3512 Insuper
1389 3452 1520 3492 vero
1559 3431 1706 3489 illud
1743 3431 1828 3488 eis
1859 3431 2130 3500 innuons,

491 3541 668 3615 pedes
696 3553 896 3597 eorum
923 3535 993 3591 ad
1021 3529 1433 3604 profectionem
1457 3525 1516 3580 in
1541 3527 1744 3594 gentes
1770 3524 1935 3592 aptos
1957 3523 2133 3591 atque

488 3607 729 3688 idoneos
782 3641 932 3683 esse.
967 3619 1136 3680 I05
1184 3617 1413 3684 Adhsec,
1445 3615 1690 3671 obscure
1742 3610 1938 3676 etiam,
1981 3607 2131 3662 divi-

491 3736 696 3778 norum
749 3715 983 3790 pedum,
1019 3724 1220 3784 pacem
1277 3708 1404 3762 testa
1453 3701 1862 3776 praadicatione
1902 3715 2134 3754 annun-

491 3789 786 3870 tiantium,
846 3798 1342 3876 pulchritudinem
1411 3793 1732 3848 insinuans.
1791 3789 1934 3844 Cum
2001 3802 2132 3842 vero

490 3913 726 3957 rursum
757 3875 1169 3953 discubuisset,
1203 3885 1511 3957 mysticum
1562 3879 1872 3935 tradidisse
1902 3875 2131 3932 sacriﬁ-

488 3989 647 4046 cium
681 3982 1099 4042 horrendorum
1133 3974 1311 4032 simul
1340 3976 1396 4027 et
1425 3969 1784 4026 vivitlcorum
1808 3969 2134 4022 nostrorum

491 4076 926 4150 mysteriorum,
962 4084 1106 4143 pane
1149 4066 1490 4122 fermentata
1521 4061 1620 4131 (1),
1648 4063 1706 4115 et
1747 4057 1878 4114 vino
1917 4073 1984 4113 ex
2023 4055 2136 4110 vite

489 4148 782 4238 expresso.
817 4163 1009 4232 anue
1056 4173 1190 4213 cum
1246 4170 1346 4226 per
1393 4151 1706 4223 gratiarum
1756 4149 2039 4203 actionem
2079 4148 2137 4201 et

490 4235 1008 4312 sanctiﬁcationem
1060 4244 1468 4310 benedixisset,
1501 4237 1806 4310 discipulis
1854 4235 2084 4291 dedisse
2118 4250 2132 4288 :

489 4348 548 4401 et
575 4358 706 4400 cum
737 4355 868 4396 vere
897 4351 1108 4408 corpus
1139 4337 1197 4390 et
1226 4331 1572 4402 sanguinem
1605 4342 1777 4383 suum
1798 4340 1944 4393 esse,
1968 4323 2133 4394 quasi

490 4433 604 4489 lide
633 4447 742 4486 sua
772 4426 1139 4498 interposita,
1169 4421 1593 4484 conﬁrmasset,
1626 4415 1886 4486 accipere
1917 4417 1972 4468 et
1997 4428 2134 4483 par-

489 4520 730 4593 ticipare
759 4534 856 4576 eos
889 4515 1010 4580 illa,
1039 4512 1253 4585 quippe
1282 4507 1441 4564 nulla
1473 4523 1533 4562 re
1563 4523 1596 4562 α
1619 4503 1814 4559 divina
1835 4517 2006 4558 carne
2027 4517 2134 4556 sua

489 4591 906 4680 discrepantia,
935 4602 1189 4675 jussisse
1220 4615 1234 4654 :
1268 4601 1442 4668 atque
1474 4594 1555 4664 id,
1587 4593 1657 4649 ad
1710 4591 1975 4646 eumdem
2009 4603 2133 4644 mo-

489 4699 653 4765 dum,
685 4676 743 4752 in
776 4695 1042 4750 futurum
1083 4689 1356 4758 deinceps
1389 4683 1658 4740 fidelibus
1683 4679 2027 4744 faciendum,
2061 4676 2132 4732 ad

487 4786 776 4842 sinceram
809 4781 1254 4848 evidentemque
1283 4773 1372 4830 sui
1408 4771 1768 4838 memoriam,
1793 4783 1892 4840 per
1923 4781 2134 4822 manus

492 4873 828 4931 tradidisse.
865 4870 1064 4940 Itaque
1093 4883 1225 4922 cum
1278 4863 1487 4936 quibus
1519 4859 1774 4933 oportuit
1805 4853 2132 4912 coelestibus

488 4963 862 5036 mysticisque
892 4955 1263 5015 sermonibus
1312 4953 1578 5009 convivas
1625 4945 1968 5017 sodalesque
1996 4959 2134 4999 suos

485 5035 850 5116 instituisset,
906 5061 1188 5115 novasque
1245 5047 1302 5099 et
1357 5056 1598 5096 arcanas
1653 5052 1742 5092 res
1799 5035 2133 5107 prolocutus

487 5148 657 5211 esset,
692 5141 1114 5207 adventumque
1142 5131 1418 5206 Spiritus,
1440 5129 1534 5201 qui
1568 5145 1601 5183 a
1631 5129 1797 5184 Patre
1824 5123 2130 5196 [Filioque]

488 5229 768 5301 procedit,
799 5227 1105 5282 secretiore
1135 5239 1200 5278 ac
1233 5221 1520 5276 sanctiore
1573 5216 1738 5271 modo
1769 5213 1853 5268 eis
1883 5228 2130 5284 spepon-

486 5321 684 5380 disset,
737 5331 947 5372 novum
997 5313 1247 5385 denique
1301 5317 1590 5382 postremo
1639 5302 1905 5361 omnium
1952 5305 2127 5356 testa-

487 5413 751 5465 mentum
777 5404 1153 5476 exposuisset,
1185 5401 1244 5455 in
1295 5394 1660 5454 Gethsemani
1709 5406 1910 5463 agrum
1938 5395 2130 5446 oratu-

486 5513 588 5553 rus
614 5514 731 5553 una
750 5510 882 5551 cum
906 5493 1022 5548 illis
1043 5489 1353 5564 egreditur.
1368 5488 1558 5556 Atque
1577 5481 1657 5538 ibi
1673 5482 1990 5537 humanam
2014 5479 2125 5534 im-

2238 1913 2302 1967 τὸ
2334 1912 2466 1986 ὑπὲρ
2499 1913 2660 1984 ἡμῶν
2693 1912 2884 1986 Πάσχα
2915 1913 3132 1967 θύεσθαι
3165 1912 3252 1967 ἐπὶ
3283 1917 3381 1968 τοῦ
3430 1917 3665 1986 σταυροῦ
3718 1911 3896 1987 ἐχρῆν

2235 1999 2566 2077 προφθάσαι,
2595 1999 2686 2055 καὶ
2739 2001 2831 2055 τὸν
2879 2002 3047 2056 τύπον
3098 2000 3388 2076 πληρῶσαι
3446 2001 3642 2076 Πάσχα
3669 2007 3769 2056 τοῦ
3799 2023 3894 2057 νο-

2241 2094 2404 2163 μικοῦ
2446 2089 2582 2144 κατᾶ
2629 2091 2726 2158 τὴν
2776 2096 2878 2160 τῆς
2928 2091 3195 2164 Πεμπτης
3241 2091 3489 2166 ἑσπέραν.
3533 2090 3632 2146 Καί
3678 2111 3746 2166 γε
3797 2091 3894 2147 λό-

2237 2199 2332 2251 γος
2383 2173 2502 2252 ἔχει
2551 2177 2792 2239 πολλοῖς
2845 2179 2940 2252 μὲν
2986 2179 3076 2233 καὶ
3127 2178 3345 2248 ἄλλοις,
3400 2181 3641 2253 μάλιστα
3698 2179 3758 2236 δὲ
3812 2185 3897 2252 τῷ

2235 2270 2428 2342 χρυσῷ
2472 2267 2571 2336 τὴν
2625 2267 2873 2342 γλῶτταν
2932 2269 3318 2340 πιστούμενος,
3376 2269 3468 2324 τὸν
3527 2267 3738 2343 ἄλογον
3796 2269 3892 2321 καὶ

2234 2358 2360 2414 τότε
2389 2358 2561 2431 ἀμνὸν
2589 2360 2852 2432 επρῶτον,
2887 2357 2960 2422 ὥς
3005 2380 3068 2436 γε
3115 2361 3271 2431 θέμις
3313 2360 3404 2430 ἦν,
3441 2362 3576 2431 μετᾶ
3621 2364 3732 2415 τῶν
3789 2383 3895 2433 p.1-

2239 2449 2420 2517 θητῶν
2471 2448 2682 2509 πάντως
2729 2452 2916 2525 φαγεῖν
2965 2450 3056 2502 τὸν
3104 2449 3335 2523 Χριστόν
3363 2468 3376 2480 ·
3431 2444 3616 2504 ἔπειτα
3659 2453 3742 2521 τῷ
3791 2471 3895 2523 μυ-

2242 2541 2415 2608 στικῷ
2461 2533 2663 2609 δείπνῳ
2708 2535 3063 2591 ἆνακλιθὲντα
3113 2535 3454 2613 διεγερθῆναι
3498 2538 3656 2601 αὖθις
3713 2539 3899 2614 βραχύ

2235 2649 2290 2684 τι
2323 2625 2669 2698 διαλιπόντα,
2700 2627 2788 2680 καὶ
2819 2627 2885 2682 τὲ
2913 2628 3125 2700 ἱμάτια,
3160 2627 3353 2703 οἷάπερ
3397 2627 3529 2689 ἴσως
3581 2629 3897 2703 βαρύνοντα

2238 2718 2327 2772 καὶ
2362 2713 2620 2788 ἐμποδὼν
2661 2718 2794 2791 πρὸς
2839 2717 2939 2786 τήν
2990 2713 3258 2772 διακονίαν
3309 2718 3703 2785 καθεστηκότα,
3731 2717 3896 2780 εὐθὺς

2239 2801 2560 2873 ἂποθέσθαι,
2612 2805 3012 2881 περιζώσασθαί
3065 2827 3122 2862 τε
3179 2808 3240 2862 τὸ
3305 2805 3540 2878 λέντιον,
3591 2809 3681 2863 καὶ
3747 2809 3895 2862 οὕτω

2238 2896 2538 2968 προθύμως
2585 2895 2711 2958 τοὺς
2769 2894 2940 2958 πόδας
3008 2895 3341 2969 ἐκκαθαίρειν
3413 2902 3522 2952 τῶν
3601 2900 3893 2968 μαθητῶν,

2239 2985 2380 3058 ὁμοῦ
2432 2985 2526 3057 μὲν
2584 2985 2647 3039 τὸ
2703 2985 2888 3039 καινὸν
2938 2983 3072 3058 ὕψος
3119 2989 3222 3050 τῆς
3281 2988 3659 3048 ταπεινώσεως
3712 3008 3894 3058 παρα-

2239 3073 2515 3146 φαίνοντα,
2566 3069 2922 3146 σομὸολικῶς
2975 3095 3034 3129 τε
3092 3072 3511 3149 παιῡαδηλοῦντα
3587 3082 3690 3144 τῆς
3750 3079 3900 3131 acati

2240 3167 2367 3217 νοῦν
2417 3162 2508 3217 καὶ
2556 3167 2717 3234 σῶμα
2761 3163 2978 3226 τούτοις
3027 3165 3341 3237 καθάρσεως
3403 3166 3503 3234 τήν
3569 3164 3893 3219 οἱκείωσιν·

2240 3247 2318 3307 ἔτι
2350 3249 2408 3306 δὲ
2437 3251 2525 3306 καὶ
2565 3251 2628 3306 τό
2679 3253 2806 3315 τοὺς
2858 3258 3006 3330 σφῶν
3032 3249 3200 3314 πόδας
3230 3253 3477 3309 εύθέτους
3506 3274 3568 3328 γε
3606 3255 3746 3308 εἶναι
3797 3258 3898 3322 τῆς

2240 3342 2316 3404 εἷς
2344 3343 2410 3396 τὰ
2439 3336 2558 3412 ἔθνη
2591 3340 2812 3416 πορείας
2843 3361 2856 3375 ·
2891 3343 3025 3418 πρὸς
3057 3339 3112 3398 δὲ
3147 3343 3233 3397 καὶ
3281 3345 3342 3398 τὸ
3393 3344 3595 3417 ὡραῖον
3651 3345 3896 3399 ὑπαινισ-

2242 3432 2472 3504 σόμενον
2548 3436 2655 3484 τῶν
2731 3429 3228 3508 εὐαγγελιζομένων
3286 3434 3386 3502 τήν
3447 3431 3671 3504 ε“ρήνην
3731 3433 3896 3488 θείων

2239 3517 2463 3576 ποδῶν·
2507 3520 2605 3575 εἶτ’
2653 3519 2804 3582 αὖθις
2854 3520 3211 3590 ἆναπεσόντα,
3241 3523 3341 3591 τήν
3395 3523 3664 3596 μυστικὴν
3714 3542 3895 3595 παρα-

2241 3605 2425 3664 δοῦναι
2457 3608 2667 3676 θυσίαν,
2697 3613 2802 3662 τῶν
2853 3611 2968 3664 καθ’
3003 3611 3148 3682 ἡμᾶς
3199 3630 3438 3688 φρικτων
3486 3631 3546 3665 τε
3590 3611 3682 3665 καὶ
3733 3617 3891 3681 ζωο-

2239 3703 2414 3753 ποιῶν
2478 3699 2816 3772 μυστηρίων,
2869 3698 3083 3773 ἐνζύμῳ
3139 3700 3286 3775 ἄρτῳ
3349 3701 3440 3755 καὶ
3489 3699 3624 3772 οῖνῳ
3677 3699 3730 3770 ἐξ
3781 3701 3893 3774 ἆμ-

2239 3787 2414 3842 πὲλου
2471 3789 2842 3864 γεγενημένῳ,
2875 3790 2942 3844 ‘A
3002 3789 3090 3844 καὶ
3133 3786 3438 3864 εὐλογήσας
3497 3791 3611 3862 μετ’
3654 3787 3893 3865 εὔχαρι-

2242 3877 2391 3936 στίας
2432 3875 2523 3930 καὶ
2574 3877 2866 3950 ἁγιασμοῦ,
2912 3878 2998 3932 καὶ
3053 3875 3278 3952 χάριτος
3331 3874 3615 3950 μεταδοὺς,
3669 3879 3760 3932 καὶ
3817 3879 3894 3940 ὡς

2243 3963 2466 4036 ἀληθῶς
2533 3969 2692 4038 σῶμα
2766 3967 2852 4020 καὶ
2913 3967 3049 4040 αἷμα
3113 3967 3306 4022 ἑαυτοῦ
3361 3967 3510 4022 ταῦτ’
3562 3967 3696 4022 εἶναι
3753 3970 3896 4039 μετᾶ

2241 4054 2474 4116 πίστεως
2531 4055 3066 4130 παρεγγυησάμενος,
3129 4061 3420 4131 μετασχεῖν
3491 4055 3730 4118 ἐκείνους
3791 4077 3898 4111 πα-

2245 4143 2586 4217 ρασκευάσαι,
2618 4142 2712 4198 ἅτε
2755 4141 2821 4212 δὴ
2877 4143 2944 4198 τὰ
2989 4145 3125 4200 κατὰ
3171 4141 3342 4217 μηδὲν
3387 4151 3490 4214 τῆς
3521 4145 3687 4200 αὑτοῦ
3746 4146 3900 4209 θείας

2244 4232 2437 4306 σαρκὸς
2497 4228 2836 4308 διαφέροντα.
2868 4233 3076 4288 Οὖτωσὶ
3129 4230 3186 4288 δὲ
3232 4232 3320 4288 καὶ
3371 4233 3446 4296 εἷς
3494 4235 3557 4290 τὸ
3587 4235 3714 4305 ἑξῆς
3774 4242 3898 4299 τοῖς

2241 4325 2457 4382 πιστοῖς
2506 4321 2760 4395 πράττειν
2804 4321 2879 4384 εἷς
2931 4322 3116 4395 μνείαν
3161 4323 3329 4378 αὐτοῦ
3377 4324 3648 4402 ἀκραιφνῆ
3711 4345 3896 4400 παρα-

2242 4406 2494 4466 δέδωκεν.
2533 4411 2629 4464 Καὶ
2676 4409 2857 4465 τοίνυν
2900 4411 2998 4466 ὅσα
3043 4413 3093 4486 γ’
3123 4409 3295 4491 ἐχρῆν
3349 4409 3439 4468 διὰ
3486 4411 3669 4486 λόγων
3729 4414 3898 4488 οὖρα-

3056 4472 3068 4486 .
3154 4472 3206 4491 η.
3253 4472 3265 4482 .
3569 4472 3581 4486 .
3803 4472 3813 4488 .

2242 4499 2368 4555 νίιυν
2421 4501 2510 4554 καὶ
2565 4505 2834 4574 μυστικῶν
2889 4503 3015 4564 τοὺς
3063 4503 3331 4564 θιασώτας
3377 4503 3614 4576 μυήτας,
3667 4503 3792 4574 ξένα
3841 4525 3901 4560 τε

2240 4587 2331 4644 καὶ
2362 4586 2646 4664 ἀπόρρητα
2691 4587 2947 4660 ἐπειπών,
2980 4591 3070 4645 καὶ
3117 4592 3216 4660 τήν
3269 4595 3366 4647 τοῦ
3421 4591 3736 4666 Πνεύματος
3798 4615 3902 4648 πα-

2243 4677 2462 4752 ρουσίαν
2509 4678 2537 4731 ὃ
2570 4677 2718 4754 παρᾶ
2767 4684 2864 4735 τοῦ
2916 4681 3125 4756 Πατρὸς
3176 4679 3551 4756 ἐκπορεύεται,
3605 4685 3900 4753 μυστικώ-

2241 4785 2398 4842 τερον
2451 4767 2982 4843 κατεγγυησάμενος,
3039 4770 3130 4824 καὶ
3196 4772 3387 4840 καινήν
3442 4789 3563 4825 τινα
3620 4767 3897 4843 διαθήκην

2241 4854 2424 4918 αὐτοῖς
2482 4855 2708 4912 ὕστατον
2775 4858 2991 4913 πάντων
3059 4855 3370 4929 διεξελθὼν,
3426 4860 3502 4922 εἷς
3561 4861 3894 4934 Γεθσημανὴ

2238 4947 2330 5001 τὸν
2383 4948 2724 5023 χῶρονΙὸἰμ⁹
2785 4945 3009 5013 ἐκείνοις
3074 4947 3348 5025 ἐξέρχεται
3413 4950 3896 5026 προσευξόμενοςο

2240 5035 2327 5089 καὶ
2380 5033 2447 5105 δὴ
2506 5037 2569 5090 τὸ
2617 5035 2956 5110 ἀνθρώπινον
3008 5035 3438 5112 ἐνδεικνύμενος,
3471 5043 3540 5113 τῇ
3603 5045 3895 5115 προσευχῇ

2242 5128 2530 5200 παρῃτεῖτο
2557 5142 2570 5156 °
2605 5123 2716 5198 εἷ’γε
2748 5123 2813 5196 δὴ
2836 5130 2916 5198 τῷ
2949 5127 3116 5202 Πατρὶ
3152 5126 3423 5204 βουλητὸν
3477 5130 3539 5183 τὸ
3586 5133 3687 5184 τοῦ
3737 5101 3895 5184 θιξέιῖ

2237 5233 2334 5266 του
2384 5214 2654 5286 ποτήριον
2712 5217 2862 5288 αύτῷ
2905 5215 3307 5292 παρελθεῖν.οῖ
3367 5238 3430 5291 γε
3492 5219 3603 5290 μὴν
3657 5219 3896 5292 μαθηταὶ

2237 5306 2318 5372 τῷ
2354 5306 2451 5356 τοῦ
2482 5301 2649 5358 ὕπνου
2680 5305 2832 5379 κάρῳ
2865 5302 3305 5380 βεϐαπτισμένοι,
3339 5306 3576 5380 ῥᾴθυμοί
3628 5329 3688 5362 τε
3736 5310 3893 5378 ἦσαν,

2237 5388 2329 5444 καὶ
2380 5390 2456 5453 ὡς
2504 5391 2566 5446 τύ
2575 5413 2670 5467 χοι
2715 5389 2942 5458 ἕκαστος
2989 5393 3252 5470 ἆμηγέπη
3316 5396 3674 5454 κατέπιπτον.
3725 5399 3793 5455 Ὁ
3841 5395 3896 5452 δὲ

2240 5475 2568 5542 διδάσκαλος
2617 5481 2692 5544 είς
2741 5477 2980 5563 ἔλεγχον
3031 5484 3247 5549 τούτοις
3291 5484 3607 5554 καθίστατο,
3639 5489 3732 5542 καὶ
3788 5489 3898 5560 μά-

555 5671 640 5745 (1)
669 5665 924 5740 Ἐνζύμῳ
944 5664 1117 5742 ἄρτῳ.
1145 5665 1262 5719 Hoc
1291 5661 1442 5718 sicut
1469 5662 1537 5715 ut
1567 5657 1639 5714 ab
1670 5654 1906 5712 homine
1933 5652 2125 5709 Graeco
2155 5653 2396 5712 dictum.
