3950 6214
455 387 572 448 719

1059 517 1291 574 CAPUT
1321 516 1488 573 XXX.

465 629 536 684 De
581 626 892 700 proditio-ne
939 625 1224 700 Judeetde
1269 625 1470 680 divinis
1513 626 1844 700 cruciatibus
1896 626 2098 679 Christi

799 699 944 767 Jesu,
975 706 1028 754 et
1054 698 1295 753 salutari
1320 713 1478 754 cruce
1504 697 1761 769 ejusdem.

525 879 610 934 Ab
643 878 751 934 hoc
781 878 907 949 ipso
949 877 1166 950 Caipba
1198 881 1255 934 et
1296 878 1562 949 improbo
1611 877 1928 933 scribarum
1960 891 2098 934 con-

459 966 590 1022 silio
642 973 949 1038 corruptus
996 966 1178 1022 Judas
1228 966 1549 1031 [scariotes,
1591 971 1648 1021 et
1687 967 1854 1037 quasi
1897 967 2098 1021 morbo

455 1055 703 1113 avaritiae
742 1060 1060 1127 correptus,
1131 1057 1228 1126 qui
1278 1054 1646 1110 dicendorum
1692 1056 2100 1112 tacendorum-

459 1172 570 1228 que
600 1172 666 1213 ac
705 1172 898 1212 rerum
947 1160 1224 1229 praeterea
1267 1157 1528 1213 omnium
1560 1172 1694 1212 eum
1734 1155 1972 1226 reliquis
2003 1156 2100 1212 di-

455 1244 695 1316 scipulis
728 1245 1012 1317 particeps
1056 1263 1089 1302 a
1137 1247 1433 1304 Servatore
1478 1246 1663 1302 factus
1707 1246 1910 1313 fuerat,
1962 1261 2096 1301 cum

457 1333 708 1390 alienum
757 1333 1016 1406 seipsum
1061 1338 1119 1390 et
1166 1340 1458 1406 expertem
1506 1335 1710 1390 divinae
1748 1333 1964 1404 gratim,
1998 1350 2096 1406 per

455 1431 828 1488 excellentem
869 1432 1294 1506 malignitatem
1347 1451 1514 1490 suam
1555 1433 1924 1501 reddidisset,
1966 1437 2099 1504 post

453 1519 728 1577 lotionem
751 1521 958 1592 ipsam,
989 1527 1165 1595 atque
1195 1540 1534 1580 arcanorum
1567 1539 1871 1580 sacrorum
1902 1523 2099 1578 initia-

454 1611 670 1667 tionem
704 1611 802 1682 (1),
836 1610 998 1667 Ιθ7
1034 1612 1390 1685 vitalemque
1437 1615 1623 1684 ipsum
1674 1629 1905 1683 panem,
1939 1612 2098 1668 vivus

453 1699 774 1755 etiamdum
825 1700 884 1754 in
935 1705 1277 1772 potestatem
1311 1702 1529 1756 inimici
1579 1706 1784 1773 captus
1817 1702 2094 1773 pervenit,

453 1789 544 1844 cui
576 1805 634 1844 se
693 1795 860 1845 antea
899 1807 1128 1861 quoque
1165 1791 1478 1846 voluntatis
1519 1791 1814 1862 animique
1844 1791 2097 1846 destina-

455 1886 610 1942 tione
667 1886 984 1943 dediderat.
1069 1889 1269 1958 Itaque
1323 1891 1393 1944 ab
1461 1889 1857 1961 apostolorum
1927 1889 2100 1944 choro
2133 1881 2243 1966 ΒΪ

455 1976 774 2048 sejunctus,
837 1993 964 2049 quae
995 1994 1128 2034 cum
1183 1978 1400 2034 Scribis
1449 1984 1506 2032 et
1537 1978 1842 2034 Pbariswis
1892 1978 2102 2033 inierat

455 2071 622 2136 pacta
679 2072 962 2123 conventa
993 2067 1288 2138 adimplet.
1334 2068 1578 2124 Coborte
1627 2067 1782 2123 enim
1830 2084 1959 2122 cum
1995 2066 2102 2120 Iri-

452 2155 702 2224 bunofet
749 2156 1125 2212 multitudine
1154 2173 1219 2212 ea
1249 2174 1377 2228 quae
1416 2156 1636 2228 rapinis
1685 2162 1740 2213 et
1781 2155 2102 2212 latrociniis

455 2247 688 2318 gaudet,
718 2246 992 2314 adducta,
1044 2247 1256 2318 quibus
1297 2246 1533 2316 quidem
1592 2245 1827 2301 internae
1858 2255 1915 2302 et
1944 2246 2102 2301 faces

454 2351 704 2391 accensae
734 2338 790 2390 et
845 2336 1028 2391 fustes
1058 2335 1115 2390 in
1159 2335 1430 2391 manibus
1470 2338 1655 2402 erant,
1686 2335 1880 2390 osculo
1910 2335 2100 2390 Domi-

457 2453 599 2494 num
626 2435 836 2507 prodit,
859 2444 912 2490 et
943 2436 1083 2492 abit.
1116 2438 1184 2490 At
1215 2435 1310 2490 ille
1330 2439 1553 2506 captus,
1577 2439 1641 2490 ut
1671 2436 1792 2492 ovis
1824 2435 2102 2491 innocens

453 2527 521 2582 ad
555 2529 799 2582 mortem
822 2526 1021 2581 fertur.
1043 2525 1238 2595 Neque
1277 2523 1432 2580 enim
1464 2525 1896 2580 contentionem
1924 2522 2099 2580 ullam

452 2615 854 2682 subindicans,
913 2631 1099 2686 neque
1155 2629 1559 2686 percussorum
1617 2613 1900 2685 impetum
1953 2629 2103 2686 aegre

455 2705 664 2766 ferens,
689 2703 916 2774 placido
947 2703 1257 2775 quietoque
1305 2703 1497 2758 animo
1554 2702 1854 2758 trahentes
1895 2718 2102 2773 seque-

454 2793 648 2848 batur.
679 2792 793 2849 Nec
844 2792 902 2847 id
952 2791 1047 2846 ille
1078 2796 1304 2847 tantum
1365 2791 1648 2863 praestitit,
1680 2792 1778 2847 sed
1845 2795 1902 2846 et
1933 2791 2102 2846 fervi-

455 2890 675 2946 diorem
751 2888 1055 2960 discipulis
1112 2889 1240 2944 abis
1328 2889 1584 2956 Petrum,
1673 2891 1772 2960 qui
1846 2889 2102 2959 gladium

455 2978 789 3045 strinxerat,
820 2979 1110 3050 obiurgat,
1135 2979 1349 3034 ferrum
1402 2979 1459 3033 in
1510 2978 1778 3048 vaginam
1812 2995 1978 3033 suam
2012 2995 2104 3035 re-

457 3085 668 3140 ponere
710 3068 876 3138 jubet
924 3087 938 3136 ;
995 3073 1120 3123 tum
1173 3073 1370 3122 autem
1434 3067 1728 3138 pontificis
1775 3067 1946 3137 servi,
2006 3067 2099 3123 cui

455 3158 666 3215 Malcbi
698 3175 910 3214 nomen
939 3164 1082 3226 erat,
1117 3162 1397 3213 resectam
1424 3174 1620 3212 aurem
1651 3157 1906 3213 restituit
1945 3176 1957 3213 :
1985 3176 2099 3214 non

453 3247 650 3320 inopia
705 3255 804 3303 aut
852 3246 1243 3303 imbecillitate
1299 3245 1419 3300 haec
1464 3261 1526 3300 se
1568 3246 1709 3318 pati,
1741 3247 1957 3318 quippe
2004 3248 2094 3303 cui
2131 3261 2172 3324 ρ

452 3345 710 3417 legiones
741 3344 1185 3416 quamplurima:
1218 3344 1548 3412 auxiliares,
1589 3343 1636 3398 si
1670 3344 1859 3409 vellat,
1891 3353 2094 3414 prresto

451 3441 666 3504 essent,
727 3434 826 3490 sed
882 3433 1121 3488 arbitrio
1177 3431 1416 3488 alterius
1465 3449 1534 3487 ea
1586 3433 1918 3503 permittere
1968 3449 1981 3488 :
2040 3440 2094 3488 et

450 3523 714 3597 superari
743 3523 804 3578 in
834 3522 1152 3592 praesentia,
1187 3525 1252 3576 ut
1280 3537 1405 3593 quae
1437 3521 1495 3576 in
1549 3521 1859 3591 Scripturis
1897 3527 2095 3578 essent

448 3615 786 3676 constituta,
821 3611 1145 3683 legitimum
1179 3611 1561 3681 debitumque
1591 3616 1862 3681 caperent
1894 3611 2092 3677 finem,

447 3708 715 3761 testatus.
752 3701 846 3756 Sic
877 3701 1070 3770 itaque
1110 3700 1396 3756 abductus
1445 3699 1517 3754 ad
1549 3701 1777 3754 Annam
1813 3701 2091 3770 primum,

449 3803 656 3860 deinde
685 3805 742 3856 et
770 3800 840 3854 ad
872 3798 1175 3870 Cuipham,
1208 3798 1306 3868 qui
1339 3799 1468 3867 ejus
1517 3797 1652 3852 anni
1686 3797 2090 3868 pontificatum

447 3897 686 3951 sortitus
727 3892 931 3958 fuerat,
1016 3890 1262 3945 ducitur.
1338 3890 1522 3959 Atque
1589 3889 1665 3944 ibi
1709 3891 2093 3959 jurejurando

446 3983 852 4056 obstringitur,
905 3986 968 4036 ut
1025 3981 1392 4053 profiteretur
1457 3997 1528 4035 an
1588 3980 1712 4051 ipse
1768 3981 1864 4048 sit,
1921 3997 2092 4050 quem

445 4073 880 4146 exspectabant,
913 4071 1011 4127 ille
1039 4070 1323 4128 Christus.
1362 4069 1432 4125 Ut
1464 4073 1657 4125 autem
1691 4072 1845 4140 quod
1890 4088 2092 4126 verum

446 4173 587 4230 erat,
618 4162 873 4232 pontifex
919 4160 1135 4216 audivit
1187 4161 1325 4230 (non
1363 4163 1596 4230 gravate
1639 4160 1793 4214 enim
1827 4159 2094 4215 Christus

445 4266 508 4306 se
537 4249 635 4305 Dei
666 4249 878 4304 Filium
919 4264 1046 4305 esse
1079 4247 1500 4318 profitebatur),
1532 4247 1838 4303 confestim
1872 4254 2090 4304 vestem

443 4347 744 4415 discindit,
775 4345 1022 4417 impium
1053 4351 1226 4416 atque
1245 4345 1647 4416 blasphemum
1667 4346 2094 4416 vocat,dingum

443 4453 556 4509 que
613 4439 795 4491 morte
844 4434 1201 4504 praejudicut.
1261 4435 1364 4490 His
1411 4452 1444 4490 a
1495 4433 1766 4505 pontifice
1810 4435 2000 4498 dictis,
2035 4434 2090 4488 in

443 4524 646 4580 faciem
705 4524 884 4596 alapae
961 4524 1390 4596 impinguntur,
1459 4524 1656 4580 vultus
1722 4524 2088 4594 conspuitur,

1746 381 2166 446 NICEPHORI
2211 382 2560 446 CALLIS’I‘I

2133 515 2186 582 A

3709 393 3802 453 720

2848 524 3106 578 ΚΕΦΔΛ.
3150 522 3231 578 Λ’.

2209 625 2516 700 Περίτῆς
2545 623 2936 700 προδοσίας
2969 633 3088 683 τοῦ
3122 625 3337 682 Ἰούδα
3371 647 3384 662 ·
3412 629 3522 682 καὶ
3553 630 3804 700 περὶτῶν

2277 696 2473 775 θείων
2505 699 2725 752 παθῶν
2757 703 2872 775 τοῦ
2906 704 3198 775 Χριστοῦ
3231 723 3242 734 ·
3282 700 3392 754 καὶ
3423 701 3570 774 περί
3600 696 3698 754 τοῦ
3724 721 3806 755 σω-

2277 768 2515 841 τηρίου
2545 774 2858 844 σταυροῦ.

2278 876 2406 930 Ὑπὸ
2454 879 2636 931 τοίνυν
2698 882 2775 949 τῷ
2835 879 3050 954 Καϊάφᾳ
3106 880 3286 953 τούτῳ
3339 879 3429 934 καὶ
3489 885 3571 952 κῷ
3628 885 3807 955 πονηρῷ

2207 962 2468 1037 συνεδρίῳ
2528 971 2635 1020 τῶν
2711 967 3079 1040 γραμματέων
3149 965 3466 1046 διαφθαρεὶς
3543 967 3730 1030 Ἰούδας
3787 970 3805 1022 ὁ

2208 1055 2584 1128 Ἰσκαριώτης,
2618 1056 2711 1111 ἅτε
2753 1056 2898 1129 νόσῳ
2937 1063 3040 1126 τῆς
3085 1055 3451 1134 φιλαργυρίας
3505 1055 3686 1126 ἁλοὺς,
3729 1058 3807 1131 ῥη-

2205 1147 2314 1199 τῶν
2343 1166 2400 1198 τε
2430 1146 2520 1199 καὶ
2569 1143 2820 1219 ἀρρήτων
2851 1147 2940 1202 καὶ
2989 1146 3204 1202 πάντων
3237 1153 3354 1210 τοῖς
3406 1147 3626 1209 λοιποῖς
3651 1169 3806 1202 7.0sz-

2206 1234 2296 1294 νὸς
2354 1238 2433 1305 τῷ
2495 1240 2710 1308 Σωτῆρι
2766 1236 3083 1312 γενόμενος,
3148 1233 3444 1311 ἀλλότριον
3505 1237 3681 1291 ἑαυτὸν
3740 1235 3806 1290 καὶ

2206 1326 2412 1396 γυμνόν
2445 1325 2787 1393 καταστήσας
2831 1327 2930 1394 τῆς
2961 1325 3106 1387 θείας
3155 1325 3383 1401 χάριτος
3419 1322 3488 1379 δι’
3539 1319 3808 1399 ὑπερϐολὴν

2205 1410 2493 1485 πονηρίας,
2547 1413 2680 1484 μετὰ
2709 1411 2802 1468 τὸν
2850 1419 3105 1488 νιπτῆρα,
3161 1413 3295 1485 μετᾶ
3341 1416 3439 1482 τήν
3493 1413 3704 1487 μύησιν,
3741 1415 3808 1466 καὶ

2204 1501 2295 1555 τὸν
2345 1503 2572 1570 ζωτικὸν
2627 1500 2814 1574 ἄρτον,
2863 1501 2999 1564 ὅλος
3056 1503 3357 1578 ζωγρηθεὶς
3401 1507 3484 1574 τῷ
3541 1503 3730 1576 ἐχθρῷ,
3777 1505 3810 1575 ᾦ

2206 1589 2296 1644 καὶ
2345 1589 2514 1645 παλαι
2563 1595 2631 1664 τῇ
2691 1592 3000 1667 προαιρέσει
3061 1592 3331 1665 ᾠκείωτο,
3381 1597 3480 1648 τοῦ
3526 1597 3691 1667 χοροῦ
3730 1593 3810 1646 τῶν

2205 1679 2530 1736 ἀποστόλων
2591 1679 2889 1758 διαζυγεῖς,
2950 1683 3047 1750 τήν
3111 1684 3243 1755 μετὰ
3297 1687 3405 1737 τῶν
3479 1682 3805 1758 γραμματέων

2209 1769 2293 1824 καὶ
2354 1770 2666 1844 Φαρισαίων
2729 1772 3047 1848 συμφωνίαν
3123 1771 3394 1843 ἐπλήρου.
3448 1773 3562 1840 Τήν
3635 1776 3813 1844 σπεῖραν

2251 1861 2336 1935 ἀρ,
2368 1859 2457 1914 καὶ
2506 1861 2597 1913 τὸν
2629 1859 2952 1935 χιλίαρχον,
2987 1861 3074 1914 καὶ
3124 1861 3185 1914 τὸ
3217 1859 3492 1934 λῃστείαις
3543 1866 3720 1934 χαῖρον
3744 1857 3811 1911 καὶ

2213 1951 2480 2024 ἁρπαγαῖς
2546 1949 2759 2018 πλῆθος
2810 1951 3290 2025 προσεπαγόμενος
3328 1969 3340 1981 ⁸
3403 1949 3562 2026 ερανοῖ
3617 1948 3659 2003 δ’
3707 1949 3811 2016 ἦσαν

2210 2040 2424 2100 τούτοις
2484 2037 2777 2109 ἁπτόμενοι
2835 2039 2923 2092 καὶ
2983 2035 3289 2111 λαμπάδες,
3349 2038 3439 2092 καὶ
3509 2040 3576 2092 τὶ
3640 2036 3814 2111 ῥόπαλα

2213 2127 2262 2182 ἒν
2295 2125 2451 2201 χερσί
2477 2145 2489 2159 ⁸
2525 2125 2796 2204 φιλήματι
2828 2123 3260 2199 καταπροδιδοὺς
3291 2126 3380 2180 τὸν
3418 2127 3640 2199 Κύριον,
3669 2121 3814 2192 ἂπηλ·

2213 2214 2456 2270 λάττετο.
2497 2218 2551 2266 '0
2607 2212 2662 2268 δὲ
2712 2215 2945 2288 σχεθεῖς,
2999 2215 3072 2275 ὡς
3123 2213 3298 2288 ἀρνίον
3345 2211 3570 2282 ἄκακον,
3619 2215 3702 2281 τήν
3745 2210 3812 2264 ἐπὶ

2211 2304 2434 2358 θάνατον
2489 2303 2674 2376 ἤγετο,
2725 2298 2903 2378 ἔριδος
2967 2306 3062 2376 μὶν
3117 2301 3240 2358 οὒδέ
3294 2325 3346 2358 τι
3405 2302 3812 2382 παρυποφαίνων,

2213 2391 2335 2448 οὐδὲ
2390 2395 2488 2463 τῆν
2545 2393 2772 2470 φονικὴν
2830 2392 3170 2446 ἐπισύστασιν
3239 2389 3652 2467 δυσχεραίνὼνο
3715 2389 3814 2444 ἀλλ’

2211 2483 2408 2555 ἡσύγῳ
2440 2480 2527 2536 καὶ
2579 2481 2840 2556 ἀταραχῳ
2871 2483 3181 2560 φρονήματι
3227 2487 3342 2542 τοῖς
3382 2479 3637 2536 ἕλκουσιν
3664 2478 3815 2554 ἤγετο.

2212 2570 2283 2625 Οὐ
2332 2575 2494 2624 τοῦτο
2554 2567 2611 2624 δὲ
2670 2573 2859 2642 μόνον,
2905 2569 3053 2625 ἀλλά
3112 2571 3196 2624 καὶ
3256 2575 3334 2640 τῷ
3386 2570 3692 2644 θερμοτέρῳ
3730 2571 3814 2621 τῶν

2215 2663 2474 2734 μαθητῶν
2523 2658 2747 2732 ἐπιτιμᾷ
2801 2661 2988 2732 Πέτρῳ
3042 2657 3326 2714 ἕλκύσαντι
3387 2660 3659 2734 μάχαιραν
3693 2677 3703 2688 ·
3747 2655 3817 2710 καὶ

2209 2751 2272 2805 τὸ
2305 2749 2398 2810 οὖς
2441 2753 2536 2803 τοῖ’)
2585 2749 2885 2824 ἀρχιερέως
2920 2747 3144 2817 δούλου,
3177 2749 3220 2820 ᾧ
3267 2745 3501 2824 Μάλχος
3549 2750 3616 2818 ἦν
3659 2745 3816 2816 ὄνομα,

2211 2839 2498 2914 πεπληγος
2555 2839 2746 2893 ἰἆταιο
2825 2839 2912 2892 καὶ
2990 2839 3090 2907 τήν
3160 2839 3436 2914 μάχαιραν
3513 2835 3814 2911 ἀναστρὲξειι.

2211 2929 2335 3003 περὶ
2390 2930 2489 2998 τὴν
2549 2928 2724 2996 θήκην
2783 2926 2936 2988 αὖθις
2994 2925 3224 2982 κελεύει.
3285 2928 3376 2995 Μὴ
3432 2927 3534 3001 γαρ
3593 2924 3818 2995 αδύναμίᾳ

2211 3019 2442 3093 πάσχειν
2473 3038 2485 3050 ·
2539 3015 2810 3090 λεγεῶνας
2857 3016 2960 3091 γάρ
3001 3017 3052 3069 οἱ
3085 3017 3158 3078 ὡς
3208 3016 3465 3078 πλείστας
3520 3017 3664 3088 αὐτῷ
3706 3033 3818 3084 πσρ-

2213 3114 2366 3176 εῖναι,
2417 3104 2464 3160 έί
2510 3127 2569 3181 γε
2625 3104 2798 3176 θελοι,
2859 3111 3170 3181 συμμαχεῖν
3231 3105 3514 3179 ᾑρημένοις
3553 3127 3565 3138 ’
3618 3099 3818 3158 ἀναϐάλ-

2214 3197 2400 3252 λεσθαι
2433 3193 2480 3248 δ’
2528 3194 2644 3264 οὖν,
2677 3194 2750 3255 ὡς
2799 3192 2859 3248 ἄν
2906 3215 2966 3270 γε
3013 3196 3081 3249 τΞι
3127 3193 3179 3248 ἐν
3235 3201 3470 3270 Γραφαῖς
3521 3191 3816 3270 διωρισμένα

2211 3287 2373 3358 πέρας
2433 3283 2602 3338 αἶ’σιον
2661 3285 2850 3356 σλοίη.
2908 3282 3060 3337 Οὕτω
3134 3285 3316 3338 τοίνυν
3385 3283 3628 3360 ἠγμένος
3698 3281 3811 3353 πρὸς

2204 3377 2396 3429 ’Ἄνναν
2456 3376 2694 3446 πρῶτον,
2755 3371 2866 3424 εἶτα
2927 3371 3016 3425 καὶ
3074 3372 3208 3445 πρὸς
3285 3373 3528 3449 Καϊαῖραν
3584 3372 3672 3426 τὸν
3734 3370 3812 3421 τοῦ

2205 3463 2448 3520 ἐνιαυτοῦ
2495 3465 2770 3538 ἱεραρχεῖν
2823 3462 3066 3537 λαχόντα
3106 3463 3366 3536 ἀπάγεται
3404 3482 3414 3496 ·
3476 3463 3590 3518 εἶτα
3636 3457 3813 3535 ὁρκίζεο

2201 3575 2288 3608 ται
2335 3551 2681 3628 ὁμολογήσαι
2715 3551 2759 3604 εἰ
2811 3549 2970 3613 αὐτός
3022 3551 3160 3606 ἐστιν
3207 3552 3266 3605 ’ὸν
3310 3549 3654 3626 προσεδόκων
3703 3553 3814 3620 Χρι-

2207 3643 2345 3698 στόν.
2383 3647 2469 3702 Ὠς
2519 3639 2576 3694 δὲ
2629 3639 2861 3710 τάληθὲς
2906 3642 3136 3710 ἠκηκόει
3186 3642 3214 3696 ὁ
3263 3642 3458 3714 ἱερεὺς,
3508 3638 3702 3714 ῥᾳδίως
3737 3639 3815 3690 τοῦ

2205 3737 2440 3806 Χριστοῦ
2481 3731 2666 3784 ἑαυτὸν
2714 3729 2842 3785 Θεὸν
2873 3731 2962 3784 καὶ
3012 3734 3145 3786 Θεοῦ
3193 3731 3316 3784 Υἱὸν
3370 3732 3814 3804 ὁμολογήσαντος,

2205 3823 2433 3898 ῥήγνυσι
2484 3822 2584 3888 τὴν
2641 3817 2919 3888 ἀναϐολὴν
2981 3821 3160 3889 εὐθὺς,
3213 3819 3543 3894 βλάσφημον
3594 3816 3818 3882 καλέσας,

2205 3911 2292 3966 καὶ
2355 3910 2585 3964 θανάτου
2644 3909 2791 3980 ἄξιον
2846 3909 3148 3984 ἀποφήνας.
3199 3907 3412 3963 Τούτων
3469 3907 3549 3980 τῷ
3605 3907 3820 3980 ἆρχιερεῖ

2207 3997 2530 4074 εῗρημὲνων,
2583 3997 2670 4052 ἐπὶ
2727 3994 2933 4070 κόρρης
2987 3995 3132 4069 αὑτῷ
3192 3995 3508 4074 ῥαπίσματα
3566 3991 3820 4071 προσετρίο

2205 4085 2388 4157 ϐοντο,
2447 4087 2534 4142 καὶ
2609 4087 2744 4140 κατᾶ
2801 4087 3093 4162 πρόσωπον
3171 4085 3507 4158 eumue-p.03,
3575 4086 3663 4141 καὶ
3714 4081 3819 4137 ἀλλ’

2205 4176 2334 4232 ἄττα
2403 4176 2856 4251 ἐμπαροινοῦντες
2935 4171 3024 4230 διᾶ
3096 4176 3274 4246 πάσης
3347 4177 3561 4246 νυκτὸς,
3636 4169 3818 4247 πρωίας

2203 4264 2599 4341 διανιγαζούσης
2633 4264 2766 4337 πρὸς
2819 4267 3052 4319 Πιλᾶτον
3089 4270 3276 4340 χεῖρας
3328 4263 3657 4336 πεδήσαντες
3687 4262 3822 4338 ἆγον)-

2205 4379 2308 4414 σιν.
2343 4357 2492 4411 Ἐπεὶ
2546 4353 2599 4410 δὲ
2646 4355 2826 4430 ἡμέρα
2871 4361 3072 4429 παρῆν,
3109 4357 3198 4410 καὶ
3250 4357 3278 4410 ὁ
3323 4357 3553 4432 ἣγεμὼν
3605 4350 3817 4429 προύκὲ-

2200 4449 2334 4516 θητο
2383 4443 2470 4498 ἐπὶ
2529 4444 2797 4518 βήματος,
2849 4439 3105 4498 Ἰουδαῖοι
3165 4442 3258 4496 οἷά
3309 4462 3452 4504 τινες
3505 4441 3818 4512 λυσπτῆρες

2202 4531 2589 4609 περιεκύκλοτν
2648 4529 2947 4605 βάλλοντες
3005 4526 3222 4605 ὕϐρεσιν
3255 4552 3268 4564 ·
3330 4532 3358 4586 ὁ
3399 4529 3458 4585 δὲ
3515 4534 3694 4602 σιωπῇ
3747 4527 3816 4580 καί

443 4617 612 4684 atque
642 4629 742 4686 per
783 4622 1004 4669 noctem
1055 4621 1226 4669 totam
1275 4613 1434 4668 omni
1478 4612 1709 4668 ludibrii
1749 4627 1960 4685 genere
1997 4629 2090 4684 per

2208 4621 2476 4698 πραΰτητί
2535 4619 2854 4693 ἐπεστόμιζε
2907 4621 3007 4688 τήν
3062 4619 3412 4696 κατηγορίαν.
3478 4619 3708 4675 Πιλᾶτος
3775 4614 3820 4669 δὲ

443 4704 644 4759 vinum
682 4708 740 4760 et
777 4703 1176 4760 temulentiam
1235 4705 1702 4776 importunorum
1755 4703 2080 4770 hominum,

441 4803 786 4874 probrisque
834 4807 891 4859 et
949 4803 1324 4860 contumeliis
1356 4803 1623 4860 afficitur.
1675 4802 1846 4858 Porro
1897 4807 2088 4858 autem

441 4909 570 4948 cum
627 4893 840 4963 illuxit,
873 4893 1142 4948 manibus
1195 4909 1324 4948 eum
1359 4893 1564 4948 vinctis
1597 4893 1664 4948 ad
1699 4892 1946 4947 Pilatum
1982 4893 2082 4948 du-

440 4985 599 5037 cunt.
631 4980 703 5036 Et
742 4981 869 5050 jam
909 4982 1033 5036 dies
1082 4985 1225 5047 erat,
1278 4996 1612 5052 pressasque
1661 4997 1762 5052 pro
1809 4979 2083 5036 tribunali

440 5070 802 5128 consederat.
830 5070 913 5124 Ibi
953 5069 1136 5125 Judaei
1189 5073 1466 5141 tanquam
1501 5069 1660 5126 rabie
1691 5068 1912 5142 agitati,
1949 5085 2082 5124 eum

439 5167 896 5238 circumsistunt,
928 5167 1323 5240 conviciisque
1365 5166 1746 5238 proscindunt
1780 5182 1792 5220 :
1826 5166 1922 5222 ille
1953 5183 2087 5222 con-

439 5261 532 5312 tra
558 5256 788 5312 silentio
836 5260 892 5312 et
932 5256 1321 5328 placabilitate
1369 5272 1571 5312 eorum
1631 5256 1865 5312 obturat
1903 5259 1960 5312 et
1993 5271 2086 5312 re-

442 5343 586 5400 fellit
614 5345 1066 5400 accusationem.
1097 5343 1320 5402 Pilatus
1351 5361 1482 5402 vero
1531 5352 1647 5400 tam
1687 5344 1976 5412 acerbum,
2011 5345 2082 5400 ab

517 5489 596 5572 (1)
639 5491 1000 5572 Augustinus
1030 5489 1620 5572 apostolos_re_tiquos
1667 5489 1726 5544 in
1775 5504 1938 5544 omna
1967 5487 2083 5572 19‘0-

443 5558 661 5632 mi’nica
691 5558 900 5632 panem
945 5558 1273 5629 Dominum,
1323 5558 1530 5618 Judam
1574 5577 1706 5616 vero
1724 5575 1945 5632 panem
1981 5558 2086 5612 Do-

443 5631 587 5686 mini
619 5629 817 5704 crontra
847 5633 1159 5690 Dominum
1191 5633 1514 5704 sumpsisse
1561 5629 1784 5704 scribit,
1827 5630 1887 5704 in
1915 5629 2082 5704 Joanf

442 5706 610 5762 tract.
644 5703 735 5759 59.
771 5725 796 5758 α
823 5705 882 5762 Si
913 5705 1226 5764 Dominum
1273 5702 1385 5762 hoc
1431 5702 1898 5777 (Eucharistiam)
1929 5702 2084 5773 quod

2197 4717 2297 4784 τήν
2345 4712 2487 4767 οὕτω
2529 4710 2724 4785 πικρὰν
2773 4709 2862 4764 καὶ
2913 4711 3270 4786 ἀπάνθρωπον
3318 4707 3529 4779 ὒλακὴν
3577 4711 3738 4783 ὁρῶν,
3777 4705 3822 4759 τί

2197 4800 2256 4857 ἂν
2317 4801 2402 4872 εἷή
2460 4804 2522 4855 τὸ
2580 4798 2752 4854 αἶ’τιον
2815 4799 3157 4858 ἐπυνθάνετο.
3211 4801 3266 4853 Ὀ
3337 4801 3533 4874 Σωτὴρ
3602 4796 3661 4852 δὲ
3715 4792 3822 4850 οὐδὲ

2195 4890 2534 4965 ἀποκρίσεως
2603 4889 2801 4943 ἐκεῖνον
2880 4889 3060 4957 ἠξίου.
3130 4890 3354 4964 Κραυγῆ
3433 4885 3480 4942 δ’
3555 4886 3818 4958 ἐξηκούετο

2197 4985 2499 5056 σταυρῶσαι
2548 4982 2738 5034 τοῦτον
2794 4975 3279 5033 ἐκδυσωπούντων.
3332 4979 3571 5040 Ἐκεῖνος
3629 4973 3706 5039 δὲ,
3757 4978 3816 5039 πῆ

2199 5073 2292 5146 μὲν
2337 5068 2439 5124 ὑπὸ
2491 5066 2744 5142 Πρόκλης
2790 5072 2891 5136 τῆς
2938 5064 3102 5122 αὐτοῦ
3151 5068 3408 5144 γυναικὸς
3458 5062 3821 5138 διαπεμπομὲο

2190 5181 2288 5230 νης
2319 5155 2691 5234 ἐρεθιζόμενος
2742 5152 2911 5229 μηδὲν
2941 5175 2993 5210 τι
3045 5159 3154 5210 τῶν
3200 5155 3514 5234 ἀποφῆμων
3561 5153 3697 5208 κατὰ
3739 5151 3819 5202 τοῦ

2194 5247 2407 5304 δικαίου
2457 5244 2812 5321 ψηφίσασθαι,
2845 5248 2925 5310 πῆ
2977 5242 3034 5300 δὲ
3072 5245 3161 5300 καὶ
3213 5243 3294 5318 τῷ
3347 5244 3534 5317 οἰκείῳ
3578 5236 3821 5298 συνειδότι

2191 5336 2600 5411 πληττόμενος,
2635 5334 2785 5392 λύειν
2839 5335 2934 5409 μὲν
2983 5332 3294 5410 ἐπεχείρει·
3353 5331 3496 5409 μηδέ
3549 5331 3650 5407 γαρ
3703 5327 3819 5384 εἶναι

2193 5484 2289 5542 isti
2320 5483 2641 5540 cavendum
2667 5483 2896 5553 putant,
2925 5478 3101 5553 vellet
3137 5478 3416 5553 intelligi,
3435 5495 3548 5534 non
3582 5477 3820 5553 ipsesuo

2195 5557 2455 5626 traditori
2513 5548 2767 5610 dedisset
2829 5551 2981 5622 quod
3021 5549 3084 5626 iu
3141 5548 3456 5626 suam__'ille
3504 5548 3814 5626 perniciem.

2194 5627 2320 5684 sine
2359 5625 2530 5698 culpa
2552 5626 2793 5698 dantis,
2825 5621 2960 5678 cum
3010 5622 3173 5698 digni
3222 5621 3816 5698 indiguusaccepi‘tzg

2192 5699 2301 5771 (td.
2334 5698 2436 5754 lib.
2457 5684 2512 5768 ἰ,
2543 5697 2615 5754 De
2663 5684 2838 5753 αάιὶιι.
2894 5684 3123 5767 conjui.
3179 5693 3250 5751 ad
3278 5684 3510 5752 Ροῖισηι.
3567 5684 3700 5762 οσρῖ
3721 5684 3818 5754 27.)
