4100 6218
264 329 374 389 721

1294 322 1918 396 ECCLESIASTICIE
1963 334 2358 394 HISTOBUE
2405 331 2546 396 LIB.
2595 335 2644 395 Ι.

3555 339 3675 400 ’722

262 465 331 521 τά
384 463 705 540 ἐγκλήματα
757 467 864 522 ὐπὸ
895 464 1116 520 θάνατον
1154 463 1355 542 ἄγοντα
1386 483 1400 498 ⁶
1434 465 1496 520 οὗ
1531 467 1639 540 μὴν
1681 464 1738 522 δὲ
1769 465 1913 521 ἀλλὰ

2031 468 2300 542 omnique
2347 468 2710 526 humanitate
2742 468 2996 525 alienum
3031 472 3308 527 latratum
3335 488 3534 530 eorum
3568 491 3675 528 au-

259 554 354 608 καὶ
385 551 606 629 Ἡρώδῃ
637 552 892 625 τηνικάδε
927 559 1046 616 τοῖς
1096 552 1500 628 Ἰεροσολύμοις
1551 553 1910 628 ἐπιδημοῦντι

261 650 458 700 τοῦτον
507 646 847 719 ἀπέπεμπεν,
871 643 1000 701 ὥστ’
1050 643 1269 724 ἐλέγχῳ
1299 647 1629 720 γνωσθῆναι,
1661 647 1705 700 εἰ
1755 645 1913 700 θανά-

263 755 364 789 του
394 757 446 790 τι
479 734 622 806 ἀξιον
654 733 978 810 διεπράξατο
1013 756 1026 770 ’
1060 735 1134 795 ὡς
1168 733 1226 789 δὲ
1253 736 1340 790 καὶ
1395 734 1554 796 οὗτος
1586 733 1742 791 οὐδέν
1775 735 1916 811 εὕρι-

265 845 382 893 σκε,
419 824 640 898 Πιλατῳ
696 824 850 886 αὖθις
905 823 1222 899 παρίστατο.
1283 825 1380 879 Καὶ
1439 825 1498 888 ὃς
1551 828 1650 895 τήν
1706 827 1915 901 ἡμέραν

262 917 366 968 τσῦ
417 911 608 988 Πάσχα
649 909 997 988 προύϐφλετο
1031 933 1044 945 ·
1082 913 1134 968 οἱ
1167 911 1224 968 δὲ
1268 918 1348 985 τῷ
1397 921 1496 984 τῆς
1537 915 1916 978 καθοσιώσεως

271 1007 488 1082 ὑπῆγον
550 1003 702 1069 αὖθις
760 1005 1096 1083 ἐγκλήματι,
1152 1007 1242 1060 ἅτε
1290 1004 1356 1074 δὴ
1419 1005 1648 1081 βασιλέα
1726 1007 1912 1062 ἑαυτὸν

264 1096 598 1151 καθιστάντα
659 1113 672 1126 ·
745 1095 834 1150 καὶ
897 1095 1158 1151 ἀπολύειν
1227 1094 1561 1172 αἱρουμένῳ,
1627 1098 1914 1171 Ἀμαρτεῖν

264 1184 487 1246 πάντως
538 1184 734 1240 ἐσεῖται
791 1189 861 1258 τῇ
921 1183 1081 1257 φιλίᾳ
1154 1189 1252 1240 τοῦ
1336 1183 1620 1259 Καίσαρος,
1705 1182 1912 1261 ἔλεγον.

261 1274 421 1328 Ταῦτ’
455 1274 482 1328 ὁ
538 1271 776 1336 Πιλᾶτος
820 1272 1217 1348 ἠνωτισμένος,
1262 1273 1352 1328 καὶ
1403 1271 1580 1335 ’δείσας
1637 1276 1710 1348 μή
1744 1296 1795 1328 τι
1825 1273 1915 1330 καὶ

267 1363 473 1436 μώμου
505 1361 654 1435 αὖτῷ
705 1359 1060 1439 προστριϐείη
1109 1360 1198 1418 διὰ
1247 1363 1340 1418 τὸν
1392 1363 1648 1438 Καίσαρα,
1699 1368 1915 1419 κάντεῦ-

271 1453 362 1506 θεν
395 1452 482 1506 καὶ
517 1457 626 1506 τῶν
669 1449 869 1529 δίφρων
929 1459 1028 1521 τῆς
1087 1451 1383 1526 ἡγεμονίας
1439 1451 1805 1522 ἐκκυλισθείη,
1838 1457 1917 1525 τῷ

265 1541 564 1617 φιλαρχεῖν
613 1540 704 1595 καὶ
749 1541 1059 1614 ἀνθρώποις
1108 1541 1330 1615 ἀρεστὸς
1383 1539 1558 1596 δοκεῖν
1610 1544 1786 1610 ἥττων
1828 1563 1917 1616 γε·

263 1629 524 1702 νόμενος,
568 1629 938 1708 φραγγέλλιον
1009 1634 1106 1684 τοῦ
1166 1629 1457 1704 τραχήλου
1521 1629 1737 1704 ἐξάψας,
1801 1636 1920 1696 τοῖς

270 1717 584 1796 μιαιφόνοις
616 1719 778 1786 ἀνῆκε
813 1734 824 1746 ’
851 1717 940 1772 καὶ
973 1718 1034 1772 τὸ
1065 1717 1402 1792 πραιτώριον
1454 1717 1617 1773 πάλιν
1652 1719 1796 1793 εἶχεν
1832 1718 1921 1775 αὖ·

268 1807 388 1874 τὸν,
436 1811 532 1861 τοῦ
583 1805 799 1862 πολλοῦ
849 1803 1028 1882 ὄχλου
1077 1807 1165 1860 καὶ
1219 1807 1488 1881 σύρφακος
1541 1806 1622 1862 ἐπ’
1661 1808 1842 1878 αὐτὸν,
1871 1807 1923 1863 εἶ’
1954 1848 1998 1912 Β

421 1897 433 1912 .
476 1897 504 1912 η
557 1896 601 1912 η
823 1893 847 1912 ρ.
889 1901 915 1912 η.
1041 1894 1096 1912 ..η
1299 1895 1341 1912 ,ς
1455 1897 1466 1912 ι
1625 1905 1658 1912 ,-
1706 1897 1718 1912 ι
1786 1895 1844 1912 ρ.-

268 1897 436 1951 τικαί
475 1896 769 1970 βούλοιντο
820 1893 973 1970 δρᾷν,
1033 1894 1214 1951 ἄδειαν
1271 1895 1587 1972 εἰληφότος.
1625 1897 1722 1951 Καὶ
1782 1895 1918 1966 δῆτα

271 1986 325 2041 οἱ
359 1986 458 2058 μὲν
507 1986 574 2039 τά
613 1986 804 2058 ἱμάτια
855 1985 1015 2040 αὑτὸν
1064 1984 1465 2060 περιδύσαντες,
1512 1985 1601 2040 καί
1631 2008 1748 2042 τινα
1781 1985 1919 2065 χλα-

273 2073 420 2148 μύδα
485 2074 740 2144 κοκκίνην
801 2077 876 2136 ὡς
923 2072 1232 2151 πορφυρίδα
1294 2074 1716 2150 ἀμφιασάμενοι,
1767 2077 1920 2130 ἀκαν-

270 2164 408 2235 Θίνῳ
454 2184 514 2218 τε
562 2166 804 2242 στεφάνῳ
861 2165 958 2232 τήν
1007 2163 1248 2240 κεφαλήν
1292 2165 1364 2225 ὡς
1415 2164 1633 2238 βασιλεῖ
1673 2163 1920 2238 περιστέ-

267 2255 496 2325 ψαντες,
530 2252 780 2326 κάλαμόν
808 2274 865 2308 τε
905 2252 1176 2332 ἐχείριζον
1238 2250 1419 2327 ὥσπερ
1487 2261 1762 2328 σκῆπτρον
1821 2255 1918 2328 βας

273 2339 491 2397 σιλικόν
535 2359 548 2374 ⁸
616 2343 670 2396 οἱ
728 2339 786 2397 δέ
829 2342 961 2417 γόνυ
1030 2342 1325 2412 κλίνοντες,
1386 2345 1484 2412 τήν
1555 2345 1920 2416 προσκύνησιν

268 2429 554 2505 ἀφωσίουν
577 2432 924 2506 αὐτῷ,Χαῖρ
944 2433 1035 2499 ε,ὁ
1061 2431 1528 2508 βυσιλεὺςτῶν
1551 2430 1919 2501 Ἰουδαίων,

275 2517 726 2589 διατωθάζοντες,
760 2519 964 2578 Ἄλλοι
993 2521 1268 2594 καλάμοις
1299 2523 1390 2590 τὴι
1442 2524 1684 2594 κεφαλήν
1724 2523 1919 2577 παίον-

269 2629 360 2670 τες
395 2608 746 2686 ἐπεκρότοφν.
781 2610 901 2666 Εἰσὶ
941 2607 998 2664 δὲ
1056 2609 1107 2663 οἳ
1148 2609 1236 2664 καὶ
1286 2611 1603 2683 ῥαπίζοντες
1648 2612 1744 2672 τὰς
1802 2631 1922 2665 σια-

274 2696 467 2773 γόνας,
531 2697 737 2774 γέλωτι
817 2705 1066 2772 μυκτῆρα
1137 2700 1651 2773 παραζευγνύοντες,
1703 2700 1922 2756 ἐπυνθά-

268 2789 970 2862 νοντο,11ροφήνευσον
1006 2789 1196 2857 ἡμῖν,
1240 2789 1504 2858 Χριστὲ,
1536 2789 1643 2849 τίς
1675 2789 1860 2843 ἐστιν
1893 2790 1922 2844 ὁ

271 2876 520 2936 παίσας
555 2897 639 2934 σε.
675 2877 803 2931 Εἶτα
847 2882 963 2937 τοῖς
1021 2873 1180 2937 ἰδίοις
1220 2875 1374 2938 αὖθις
1431 2880 1624 2932 τοῦτον
1682 2879 1922 2951 ἱματίοις

273 2965 714 3041 ἀμφιασάμενοι,
743 2966 834 3020 τὸν
865 2966 1096 3040 σταυρὸν
1149 2965 1230 3021 ἐπ⁴
1291 2965 1459 3034 ὤμων
1519 2963 1689 3040 αἶ’ρειν
1749 2966 1922 3022 διεκε-

274 3054 508 3109 λεύοντο
544 3071 556 3085 ⁸
605 3053 695 3108 καὶ
746 3061 846 3121 τῆς
897 3052 1079 3123 πύλης
1125 3052 1374 3128 ἐξήγετο.
1428 3056 1578 3111 Ἑπεί
1629 3053 1685 3110 δὲ
1723 3057 1811 3112 καὶ
1846 3056 1922 3119 εἷς

269 3145 366 3199 τὸν
420 3142 647 3218 Κρανίου
695 3142 860 3198 τόπον
916 3145 968 3197 οἱ
1022 3143 1298 3222 μιαιφόνοι
1366 3143 1692 3216 κατέλαϐον,
1737 3146 1825 3202 καὶ
1895 3148 1922 3202 ὁ

2025 558 2213 626 dieue,
2247 572 2512 630 qunam
2567 558 2695 628 ejus
2743 575 2922 613 causa
2965 565 3137 628 esset,
3184 565 3370 632 rogat.
3404 563 3673 618 Servator

2023 652 2217 702 autem
2249 663 2383 702 eum
2417 663 2696 716 responso
2728 663 2840 702 non
2873 649 3168 720 dignatur.
3191 649 3430 706 Interim
3457 650 3678 708 clamor

2023 736 2094 792 ad
2127 751 2354 792 crucem
2399 752 2529 791 eum
2563 737 3074 794 condemnandum
3106 755 3254 808 esse,
3289 741 3504 797 minaci
3535 741 3677 797 hor-

2023 824 2296 897 ribilique
2344 841 2492 882 voce
2553 825 3016 898 deposcentium,
3075 828 3512 886 exaudiebatur.
3575 830 3677 886 Ille

2023 919 2240 983 autem,
2273 931 2408 972 cum
2457 933 2490 970 a
2533 917 2782 987 conjuge
2831 933 2938 972 sua
2980 917 3179 974 Procle
3223 934 3324 990 per
3370 919 3676 976 internun-

2026 1004 2194 1074 tium,
2227 1021 2299 1061 ne
2329 1005 2469 1076 quid
2503 1005 2729 1062 adversi
2754 1011 2958 1062 contra
2986 1005 3284 1064 hominem
3307 1009 3540 1078 justum
3570 1009 3676 1065 de-

2025 1097 2306 1161 cerneret,
2366 1095 2730 1164 admonitus,
2780 1093 2951 1150 108
3011 1101 3136 1151 tum
3193 1113 3299 1152 sua
3355 1098 3477 1168 ipse
3532 1114 3675 1155 con-

2025 1181 2266 1239 scientia
2296 1181 2620 1255 perculsus,
2651 1181 2947 1240 absolvere
2985 1199 3120 1239 eum
3154 1186 3491 1252 contendit;
3526 1185 3673 1241 nihil

2025 1271 2182 1328 enim
2230 1269 2496 1343 capitalis
2546 1271 2896 1328 aﬁ‘erebatur
2945 1271 3229 1329 criminis.
3265 1274 3374 1330 Sed
3408 1273 3564 1330 enim
3599 1274 3671 1330 ad

2026 1361 2331 1429 Herodem,
2365 1360 2466 1431 qui
2496 1364 2620 1416 tum
2647 1359 3065 1434 Hierosolymis
3092 1361 3517 1432 diversabatur,
3538 1379 3672 1419 eum

2029 1449 2230 1518 mittit,
2285 1455 2352 1506 ut
2399 1451 2496 1507 ille
2545 1452 2900 1522 anquireret,
2951 1453 3000 1508 si
3055 1453 3198 1524 quid
3249 1454 3479 1526 capitali
3533 1471 3674 1528 sup-

2027 1541 2198 1613 plicio
2249 1541 2494 1612 dignum
2545 1540 2959 1598 commisisset.
2997 1541 3068 1596 Ut
3115 1559 3246 1598 vero
3298 1559 3368 1598 ne
3415 1542 3512 1599 ille
3541 1548 3678 1616 qui-

2027 1631 2156 1686 dem
2189 1630 2509 1702 quidquam
2542 1630 2784 1696 invenit,
2817 1629 2972 1700 apud
3002 1630 3256 1686 Pilatum
3289 1648 3495 1689 rursus
3526 1634 3674 1688 sisti-

2030 1729 2140 1776 tur.
2172 1720 2322 1774 Tum
2356 1717 2440 1773 illi
2472 1719 2690 1774 crimen
2722 1719 2774 1773 ei
2803 1719 2949 1774 lese;
2992 1721 3314 1790 majestatis
3345 1722 3674 1790 intendunt,

2029 1815 2306 1879 tanquam
2366 1823 2561 1880 regem
2603 1807 2860 1878 seipsum
2893 1809 3260 1864 constituerit
3291 1825 3306 1865 :
3338 1815 3396 1866 et
3426 1810 3675 1867 Pilatum

2029 1898 2100 1952 ad
2143 1895 2566 1954 absolvendum
2613 1912 2993 1968 propensum,
3027 1902 3227 1954 contra
3255 1898 3497 1954 Caesaris
3528 1902 3679 1955 arni-

2028 1985 2224 2042 citiam
2275 1987 2588 2047 facturum.
2621 1985 2669 2040 si
2720 2001 2849 2041 eum
2897 1987 3232 2056 dimitteret,
3267 1989 3483 2044 dicunt.
3516 1989 3677 2053 Quod

2028 2075 2123 2132 ubi
2166 2073 2389 2132 Pilatus
2437 2074 2680 2142 audivit,
2715 2079 2980 2132 metuens
3029 2093 3102 2132 ne
3132 2077 3350 2133 malam
3381 2096 3416 2134 a
3443 2079 3675 2135 Tiberio

2027 2163 2200 2220 iniret
2255 2163 2527 2236 gratiam,
2577 2164 2932 2236 proindeque
2989 2165 3344 2237 praafecturaa
3393 2167 3675 2240 dignitate

2027 2252 2354 2312 excideret:
2380 2257 2556 2324 atque
2585 2255 2864 2310 honorem
2887 2254 3197 2324 retinendi,
3219 2255 3675 2330 hominibusque

2028 2341 2288 2412 placendi
2319 2342 2512 2397 studio
2543 2342 2750 2412 victus,
2783 2341 3078 2414 ﬂagellum
3110 2343 3180 2400 de
3209 2345 3356 2401 collo
3386 2346 3515 2416 ejus
3541 2362 3676 2402 sus-

2029 2431 2249 2503 pendit,
2301 2438 2353 2486 et
2403 2429 2797 2502 sanguinariis
2843 2432 3215 2489 carnificibus
3265 2433 3674 2506 ﬂagellandum

2031 2519 2333 2592 permittit.
2359 2520 2560 2591 Etjnm
2597 2536 2798 2576 rursus
2829 2520 2886 2575 in
2921 2523 3188 2592 preatorio
3219 2521 3487 2580 Salvator
3513 2530 3674 2580 erat:

2031 2609 2463 2680 multitudoque
2519 2614 2574 2665 et
2632 2608 2904 2665 vilissimi
2957 2611 3172 2682 quique
3230 2629 3298 2668 ex
3356 2612 3521 2682 plebe
3572 2613 3680 2670 im-

2033 2699 2353 2772 punitatem
2404 2698 2512 2754 sibi
2561 2699 2956 2771 quodcunque
2983 2699 3196 2756 vellent
3226 2703 3506 2758 adversus
3543 2718 3679 2758 eum

2032 2786 2276 2846 faciendi
2326 2795 2720 2859 sumpserant.
2752 2787 2836 2843 Ibi
2884 2803 2952 2844 ex
3000 2789 3247 2861 impuris
3294 2789 3410 2846 illis
3441 2791 3678 2864 quidam

2029 2877 2381 2934 vestimenta
2425 2876 2477 2932 ei
2509 2877 2844 2941 detrahunt,
2877 2881 3052 2950 atque
3099 2878 3446 2952 chamydem
3488 2881 3680 2937 cocci-

2031 2983 2200 3024 neam
2245 2966 2304 3022 in
2358 2982 2574 3022 morem
2638 2982 2910 3038 purpurae
2960 2965 3344 3024 circumdant.
3401 2967 3681 3024 Praeterea

2033 3073 2244 3114 corona
2272 3055 2474 3127 spinea
2504 3059 2680 3128 caput
2707 3057 2832 3126 ejus
2873 3060 3156 3128 tanquam
3191 3056 3345 3130 regis
3374 3063 3676 3126 coronant,

2031 3151 2088 3202 et
2120 3145 2471 3201 arundinem
2518 3145 2729 3217 sceptri
2775 3143 2900 3201 loco
2931 3145 2994 3202 in
3033 3146 3309 3202 manibus
3341 3152 3630 3217 reponunt
3660 3165 3674 3202 :

271 3233 505 3308 σταυρὸς
556 3235 956 3308 κατεπήγνυτο,
1024 3229 1315 3306 ἀνήρτᾶτο,
1378 3239 1494 3296 τοῖς
1547 3235 1708 3304 ἥλοις
1777 3235 1920 3291 ἐπεί-

2032 3233 2298 3292 nonnulli
2348 3233 2593 3303 genibus
2639 3233 2804 3290 ﬂexis
2833 3234 3231 3292 adorationem
3260 3242 3422 3307 gestu
3454 3237 3504 3293 ei
3536 3237 3676 3293 offe-

270 3323 418 3396 ρετὸ,
451 3321 543 3376 καὶ
595 3321 738 3396 παρά
777 3327 883 3375 τῶν
937 3321 1241 3394 παριόντων
1276 3322 1504 3378 πλεῖστα
1545 3322 1920 3394 διετωθάζετο.

269 3415 386 3467 Ἵνα
419 3409 477 3466 δὲ
507 3411 598 3464 καὶ
630 3412 702 3472 ὡς
737 3415 1036 3485 κακοῦργος
1068 3409 1371 3485 λογίζοιτο,
1408 3409 1502 3466 δύο
1545 3413 1747 3485 λῃστὰς
1798 3408 1926 3488 παρ’

275 3501 507 3575 ἑκάτερα
535 3501 627 3554 τὸν
663 3499 777 3554 ἴσον
806 3502 1011 3573 τρόπον
1051 3499 1314 3570 ἐκόλαζον
1351 3541 1364 3556 .
1415 3501 1506 3555 καὶ
1549 3501 1738 3566 τίτλος
1791 3504 1923 3578 ὑπὲρ

276 3588 523 3668 κεφαλῆς
553 3590 650 3657 τήν
686 3588 856 3643 αἰτίην
889 3597 990 3658 τῆς
1030 3587 1328 3659 καταδίκης
1377 3597 1615 3664 τριττοῖς
1669 3591 1926 3664 ἐσήμαινε

278 3679 590 3754 γράμμασι.
634 3683 748 3732 Τῶν
800 3677 1019 3744 ληστῶν
1071 3675 1119 3732 δ’
1166 3679 1194 3733 ὁ
1255 3681 1350 3752 μὲν
1399 3679 1754 3755 ὁμολογήσας
1794 3681 1924 3736 Θεὸν

275 3771 372 3826 τὸν
405 3766 704 3824 ’κατάδικον
750 3769 842 3823 τὸν
889 3767 1219 3842 παράδεισον
1275 3769 1584 3840 ἐσύλα,καί
1633 3770 1783 3826 ἔνδον
1829 3774 1927 3826 ἀνά

277 3860 482 3933 κράτος
532 3857 852 3929 εἰσήλαυνεν
886 3877 898 3890 ·
949 3855 1134 3932 ἕτερος
1189 3856 1247 3914 δὲ
1287 3860 1362 3921 ὡς
1399 3860 1730 3938 βλάσφημος
1761 3863 1924 3936 ὑπερ-

278 3948 459 4026 ώφθη.
487 3947 726 4004 Ἑπεὶδέ
775 3949 982 4004 ἅπαντα
1011 3950 1177 4022 πέρας
1227 3949 1365 4022 εἶχε,
1412 3953 1612 4022 Διψῶ,
1662 3949 1922 4028 ἐπιλέγει.

280 4039 351 4096 Οἱ
383 4034 441 4092 δὲ
469 4043 661 4114 ταγεῖς
690 4036 766 4098 εἷς
795 4035 986 4092 κακίαν
1037 4037 1158 4107 ὅξος
1187 4037 1338 4112 χολῇ
1396 4040 1690 4112 συγκραθὲν
1735 4039 1928 4095 αὐτίκα

277 4127 651 4202 προσάγουσιν
683 4145 697 4158 ⁶
735 4126 826 4196 ξοίς
857 4123 1002 4198 ὕδωρ
1055 4127 1108 4181 ἐν
1160 4125 1376 4201 ἀνύδρῳ
1421 4127 1590 4183 πάλαι
1639 4125 1928 4201 διψήσασιν

275 4213 424 4292 ἔρρει
455 4215 623 4287 πέτρα
653 4215 968 4290 πηγάζουσα
1004 4234 1015 4246 ·
1050 4217 1138 4270 καὶ
1193 4217 1245 4270 ol
1293 4217 1357 4271 τὸ
1413 4217 1537 4290 μέλι
1592 4217 1926 4288 θηλάσαντες

273 4307 375 4372 τήν
426 4301 607 4378 χολὴν
647 4311 946 4378 προσῆγον.
999 4307 1226 4360 Ἔπειτα
1277 4305 1417 4378 μέγα
1466 4306 1798 4380 ἀνακραγὼν,
1832 4306 1922 4360 καὶ

277 4395 354 4454 εἰς
408 4398 598 4472 χεῖρας
628 4393 691 4446 τὸ
737 4397 948 4464 πνεῦμα
1001 4399 1081 4466 τῷ
1137 4394 1311 4467 Πατρὶ
1359 4393 1749 4468 παραθέμενος,
1784 4396 1925 4472 ἀφίει

280 4483 347 4538 τὸ
378 4487 500 4555 ζῇν,
539 4482 625 4536 καὶ
674 4481 863 4556 νεκρὸς
912 4480 995 4554 ἐφ’
1045 4483 1236 4536 ἰκανοῦ
1283 4483 1608 4556 ἀπῃώρητο.
1652 4486 1926 4539 Ἐντεῦθεν

2031 3328 2190 3392 runt,
2230 3325 2354 3389 Ave,
2387 3339 2486 3378 rex
2529 3323 2880 3390 ludam-um,
2911 3339 3046 3380 cum
3093 3324 3211 3380 risu
3259 3324 3680 3382 contumelioso

2032 3415 2382 3488 ingerentes.
2414 3413 2607 3483 Aliqui
2659 3413 2943 3468 arundine
2973 3419 3148 3484 caput
3190 3415 3487 3486 palsantes
3519 3413 3682 3487 plau-

2029 3521 2162 3560 sum
2228 3503 2474 3559 addunt.
2521 3503 2701 3557 Erant
2761 3502 2861 3572 qui
2921 3501 3182 3574 colaphis
3241 3502 3507 3558 maxillas
3555 3503 3680 3572 ejus

2029 3598 2334 3655 caedentes,
2365 3593 2817 3664 irrisionemque
2848 3610 2994 3650 naso
3026 3610 3129 3666 per
3157 3610 3366 3650 sannas
3396 3609 3679 3664 suspenso

2024 3687 2340 3756 jungentes
2397 3687 2721 3753 quaererent
2770 3696 2784 3736 :
2844 3683 3154 3738 Vaticinare
3209 3682 3389 3750 nobis,
3449 3683 3677 3740 Christe.

2029 3775 2152 3847 quis
2181 3775 2257 3828 est
2305 3775 2399 3845 qui
2444 3776 2495 3826 te
2523 3771 2828 3842 percussit?
2860 3772 3061 3828 Postea
3091 3774 3214 3828 suis
3262 3772 3456 3844 ipsum
3504 3773 3679 3828 vesti-

2033 3864 2144 3918 bus
2197 3877 2432 3916 rursum
2482 3860 2779 3930 indutum,
2809 3877 3038 3916 crucem
3075 3861 3132 3916 in
3177 3862 3453 3918 humeros
3485 3861 3682 3918 tollere

2025 3949 2257 4022 jubent,
2309 3953 2367 4004 et
2412 3954 2569 4004 extra
2618 3957 2842 4021 portam
2895 3952 3245 4020 producunt.
3297 3950 3680 4021 Posteaquam

2033 4043 2225 4096 autem
2283 4038 2357 4094 ad
2412 4037 2682 4093 Calvarim
2740 4037 2932 4094 locum
2984 4045 3072 4094 est
3116 4044 3376 4105 ventum,
3425 4040 3503 4096 ibi
3547 4057 3685 4096 crux

2033 4126 2442 4198 compingitur.
2469 4127 2738 4182 Servatur
2766 4126 2826 4182 in
2857 4143 2986 4183 eam
3019 4127 3349 4184 sustollitur
3377 4129 3480 4202 (1),
3513 4129 3686 4184 clavis

2035 4217 2316 4286 afﬁgitur,
2367 4220 2427 4270 et
2477 4233 2509 4271 a
2558 4217 3046 4285 prastereuntibus
3093 4217 3364 4287 plurimis
3407 4218 3689 4275 conviciis

2034 4305 2382 4376 exagitetur.
2417 4303 2487 4360 Ut
2531 4321 2666 4360 vero
2711 4305 3018 4362 maleficus
3049 4306 3225 4362 etiam
3257 4308 3692 4363 existimaretur

2035 4411 2183 4462 esse,
2235 4395 2382 4449 duos
2433 4393 2688 4450 latrones
2733 4395 2801 4448 ad
2851 4398 3070 4466 partem
3120 4401 3430 4468 utramque
3487 4401 3690 4452 eodem

2033 4481 2304 4554 supplicii
2367 4497 2580 4554 genere
2637 4487 2934 4556 torquent.
2997 4484 3232 4541 Titulus
3295 4501 3463 4556 porro
3519 4501 3696 4556 supra

275 4575 388 4626 τῶν
469 4591 553 4631 τις
635 4574 978 4642 στρατια-»τὼν
1056 4575 1136 4642 τῷ
1201 4567 1476 4625 Ἰουδαίων
1563 4573 1923 4646 χαριζόμενος

2038 4575 2213 4643 caput
2259 4571 2387 4641 ejus
2446 4572 2719 4640 positus;
2755 4573 3260 4629 condemnationis
3307 4589 3543 4629 causam
3589 4572 3694 4626 tri-

275 4657 444 4726 ἔθνει,
473 4659 574 4726 τήν
613 4656 848 4730 πλευρὰν
880 4660 948 4730 τῇ
983 4655 1164 4732 λόγχῃ
1193 4654 1457 4730 διώρυττε
1491 4676 1502 4688 ·
1553 4658 1643 4711 καὶ
1682 4661 1750 4731 τῇ
1804 4659 1933 4728 θίξει

275 4749 421 4816 αἷμα
451 4747 543 4800 καί
593 4743 738 4819 ὕδωρ
789 4746 1118 4820 παραδόξως
1171 4741 1445 4818 ἒξέϐλυζε.
1497 4744 1715 4801 Πάντων
1764 4745 1810 4801 δ’
1859 4747 1940 4802 ἐκ·

279 4833 466 4890 ποδὼν
494 4833 800 4910 γενομένων
831 4838 909 4906 τῷ
939 4830 1108 4914 φόϐῳ
1137 4839 1246 4890 τῶν
1289 4839 1580 4910 φονευτῶν,
1615 4836 1754 4909 μόνη
1803 4856 1940 4909 παρ-

279 4925 348 4992 ἧν
399 4926 434 4994 ἡ
492 4925 677 4999 μήτηρ
737 4924 824 4978 καὶ
885 4924 912 4978 ὁ
973 4921 1327 4998 φιλούμανος
1382 4925 1650 4997 μαθητής.
1711 4925 1774 4979 τά
1832 4926 1938 4998 πρὸ

277 5020 382 5082 τῆς
442 5013 756 5086 νεκρώσεως
806 5011 896 5067 καὶ
945 5012 1078 5084 μετά
1129 5013 1231 5082 τήν
1292 5013 1553 5088 νέκρωσιν
1621 5011 1933 5089 ὀφθαλμοῖς

283 5101 510 5162 οἰκείοις
566 5098 763 5156 ἕκαστα
823 5103 1171 5176 θεωροῦντες.
1234 5103 1312 5159 Τό
1372 5123 1434 5177 γε
1494 5105 1601 5176 μὴν
1657 5103 1788 5175 αἷμα
1847 5103 1936 5157 καὶ

283 5189 455 5268 ὕδωρ,
485 5197 586 5260 τῆς
618 5188 857 5263 πλευρᾶς
902 5189 1083 5266 ὥσπερ
1131 5189 1206 5246 ἔτι
1260 5195 1466 5260 ζῶντος
1509 5196 1712 5253 καινῶς
1763 5191 1938 5266 ἀπορ-

283 5279 495 5360 ρέοντα,
525 5281 674 5336 ταῦτ’
727 5279 924 5335 ἐκεῖνοι
976 5279 1097 5334 λίαν
1151 5278 1398 5345 εὐλαϐῶς
1445 5303 1503 5338 τε
1552 5281 1663 5356 ἅμα
1706 5281 1796 5337 καὶ
1846 5303 1937 5360 φι-

286 5371 536 5444 λοτίμως
593 5369 767 5426 σκεύει
815 5369 1096 5444 ἀρύονται.
1179 5373 1404 5428 Ἔπειτα
1486 5373 1578 5428 καὶ
1658 5375 1842 5449 μήτηρ
1900 5375 1934 5442 ἡ

2046 4660 2180 4732 plici
2225 4659 2550 4715 litterarum
2600 4677 2810 4732 genere
2842 4662 3156 4718 indicabat.
3191 4661 3272 4716 Ex
3320 4660 3694 4732 praedonibus

2047 4765 2174 4806 vero
2207 4748 2372 4816 alter,
2397 4750 2586 4820 ipsum
2613 4749 2710 4820 qui
2737 4749 2820 4806 sic
2851 4751 3274 4806 condemnatus
3305 4753 3478 4813 esset,
3508 4747 3692 4802 Deum

2043 4837 2366 4910 professus,
2403 4839 2741 4911 paradisum
2791 4841 2962 4912 rapit,
2996 4854 3249 4910 eumque
3297 4853 3400 4910 per
3448 4836 3562 4892 vim
3611 4837 3696 4891 in-

2042 4930 2304 5000 greditur
2335 4945 2347 4985 :
2383 4930 2530 4986 alter
2583 4935 2802 4999 autem,
2836 4934 2901 4986 ut
2953 4929 3332 5002 blasphemus
3359 4927 3694 5002 despicitur.

2042 5019 2323 5074 Caeterum
2345 5033 2481 5074 cum
2504 5020 2704 5076 omnia
2732 5022 2848 5090 iam
2874 5023 3274 5076 consummata
3297 5026 3510 5084 essent,
3533 5016 3698 5083 Sitio,

2043 5109 2255 5181 inquit.
2290 5109 2376 5166 Illi
2412 5128 2579 5183 porro
2611 5113 2681 5167 ad
2717 5109 3000 5167 malitiam
3034 5109 3276 5178 celeres,
3308 5112 3536 5166 acetum
3568 5106 3702 5162 ielle

2040 5199 2282 5254 mistu‘m
2315 5199 2626 5256 confestim
2681 5200 2929 5255 afferunt
2960 5215 2974 5255 :
3017 5197 3192 5256 I09
3221 5197 3431 5269 quibus
3460 5195 3600 5252 olim
3634 5195 3695 5252 in

2042 5286 2184 5343 locis
2232 5287 2415 5344 aridis
2463 5288 2557 5344 siti
2609 5289 2851 5360 pressis,
2885 5293 3045 5360 petra
3078 5290 3298 5344 fontem
3330 5285 3694 5359 provolvens,

2037 5392 2250 5448 aquam
2296 5376 2867 5434 subministraverat.
2905 5377 2974 5434 Et
3024 5377 3097 5434 fel
3138 5377 3422 5450 praebent,
3455 5375 3553 5447 qui
3589 5373 3701 5430 mel

365 5576 446 5647 (1)
479 5597 508 5627 ‹‹
543 5576 1006 5654 Jesus__verbum
1053 5575 1568 5654 Dei_incarnatum
1619 5591 1974 5648 suspensum
2022 5583 2107 5634 est
2154 5595 2335 5652 super
2382 5577 2632 5654 lignum.
2668 5599 2696 5634 ι
2726 5579 2929 5654 (Iren.)
2962 5601 2991 5632 «
3022 5575 3354 5636 Periculum
3402 5591 3534 5633 vero
3583 5576 3696 5634 Deo

297 5646 490 5706 status
521 5649 615 5706 sui
648 5646 875 5705 nullum
906 5648 1033 5708 fuit.
1064 5670 1093 5700 »
1125 5648 1332 5723 (Tert.)
