4100 6218
227 349 349 409 725

1268 355 1890 423 ECCLESIAS'I‘ICE
1932 354 2327 422 HISTOBLE
2367 353 2518 414 LIB.
2566 350 2647 412 1.·

3524 345 3644 403 726

226 479 385 569 cui;
435 479 852 559 ἐξαγαγών,ἅτε
903 482 970 555 δή
1031 487 1324 562 συντρίψας
1376 489 1506 554 τοὺς
1563 491 1677 548 ἐκεῖ
1737 515 1860 569 πρω

1999 491 2310 551 attulisset.
2360 487 2566 545 Subito
2613 502 2766 554 vero,
2811 488 2892 553 et,
2920 489 2984 541 ut
3032 484 3112 539 ita
3150 482 3372 552 dicam,
3402 478 3642 552 fulgetri

222 567 488 631 τοστάτας
544 573 642 626 τοῦ
699 570 926 636 σκότους
984 575 1072 630 καὶ
1151 575 1441 652 ἀρχηγοὺς
1496 585 1605 635 τῶν
1679 567 1884 650 κακῶν,

223 660 351 719 ταῖς
395 661 495 723 τῆς
544 659 804 735 θεαρχίας
859 663 1075 738 αὐγαῖς,
1108 665 1196 719 καὶ
1252 669 1323 731 τῆ
1375 673 1602 742 στρατιᾷ
1646 675 1755 725 τῶν
1796 670 1888 736 άγ-

227 747 470 823 γελικῶν
546 750 917 824 παρατάξεων,
993 753 1268 829 άχρόνως,
1350 758 1594 828 ἀκόπως,
1665 761 1754 814 καὶ
1825 762 1888 816 τὸ

229 834 364 892 δλον
423 838 583 914 φάναι
638 841 979 916 θεοπρεπῶς,
1038 843 1177 918 πρὸς
1234 848 1331 910 τὰς
1387 847 1534 921 ἱερὰς
1590 849 1682 905 καὶ
1744 839 1888 921 φωτῖ

228 924 456 999 ἀπλέτῳ
508 912 1008 1004 καταλαμπομένας
1065 912 1168 988 τοῦ
1237 912 1570 1008 παραδείσου
1631 912 1888 1012 άκαέιαίᾳ

228 1014 380 1090 ῥοπῇ
459 1017 682 1092 μετάγει
754 1019 954 1090 σκηνάς
991 1039 1005 1054 ·
1083 1025 1174 1077 καὶ
1246 1025 1444 1088 ταύτας
1501 1027 1666 1082 οἱονεί
1735 1049 1884 1090 τινας

226 1099 556 1180 άῤῥαϐῶνας
611 1108 702 1162 καὶ
757 1107 1014 1184 ἀπαρχάς
1067 1115 1176 1167 τῶν
1233 1111 1284 1167 ἐν
1335 1114 1589 1189 οὐρανοῖς
1641 1118 1882 1190 ἡτοιμα-

225 1193 444 1265 σμένων
477 1193 577 1270 ὀψὲ
621 1217 755 1252 ποτε
783 1203 900 1260 τοῖς
948 1199 1123 1270 ἀξίοις
1156 1206 1334 1274 μονῶν
1381 1225 1439 1258 τε
1487 1203 1578 1260 καὶ
1629 1201 1878 1262 διαιωνι-

224 1279 435 1350 ζόντων
481 1281 730 1358 κλήρων,
760 1287 896 1360 μετὰ
926 1289 1026 1357 τήν
1079 1293 1184 1344 τῶν
1229 1291 1442 1346 πάντων
1495 1289 1712 1364 δηλαδή
1763 1313 1880 1348 κοιη

222 1371 325 1438 νῆν
377 1371 741 1444 ἐξανάστασιν,
790 1375 878 1431 καὶ
935 1384 1218 1451 προσῆκον
1276 1379 1692 1456 ἀποχαρίζεται.
1743 1384 1878 1436 ’Ὡσ-

222 1479 327 1534 περ
359 1459 451 1515 οὖν
501 1467 686 1536 γυμνῇ
735 1483 802 1539 τῃ
854 1467 1033 1540 ψυχῇ,
1080 1473 1310 1541 γυμναῖς
1339 1475 1458 1531 ταῖς
1512 1469 1564 1524 ἐν
1597 1465 1728 1540 ᾅδου
1773 1475 1880 1545 ψυ-

222 1555 358 1622 χαῖς
407 1549 686 1628 ἐπιφανεὶς
737 1553 765 1607 0'
816 1556 1035 1628 Σωτῆρ,
1086 1557 1146 1611 ’ὀν
1201 1555 1415 1630 εἷ’ρηται
1458 1560 1683 1631 τρόπον,
1739 1559 1876 1615 κατὰ

221 1638 326 1706 τήν
409 1642 511 1704 τῆς
594 1647 943 1714 Παρασκευὴς
1024 1644 1252 1717 ἓσπὲραο
1337 1645 1690 1722 προϋπὲδειξε
1770 1650 1870 1718 τήν

222 1725 563 1783 ἀνάπασιθ·
620 1729 792 1794 οὕτως
849 1731 1004 1796 αὖθις
1061 1734 1195 1806 μετᾶ
1249 1734 1435 1810 τρίτην
1493 1737 1726 1810 ἡμέραν,
1774 1733 1868 1811 ὅρ-

223 1819 361 1891 θρου
421 1818 614 1891 βαθέος
673 1825 772 1888 τῆς
831 1825 940 1875 τῶν
1001 1818 1296 1878 Σαϐϐάτων
1359 1829 1506 1896 μιᾶς,
1565 1824 1730 1895 ἡλίου
1775 1828 1868 1900 μὲν

221 1903 348 1982 ἄρτι
405 1909 542 1962 κατὰ
591 1908 684 1964 τὸν
745 1910 797 1966 ἐν
854 1909 1019 1986 Ἐδέμ
1075 1912 1398 1988 παράδεισον
1453 1914 1870 1988 ἀνατέλλοντος,

219 1998 312 2052 καὶ
369 1999 439 2052 τὰ
497 1999 744 2074 μετέωρα
793 2001 881 2056 καὶ
940 2001 1122 2076 ἄκρως
1172 2003 1491 2078 ὑψηλότατα
1541 2011 1648 2062 τῶν
1697 2007 1868 2081 ὀρέων

218 2082 748 2159 καταλαμϐάνοντος
782 2109 794 2122 ·
843 2092 962 2164 περί
1018 2089 1074 2146 δέ
1122 2113 1184 2166 γε
1236 2095 1330 2148 τὸν
1385 2096 1504 2149 καθ’
1560 2097 1706 2168 ἡμᾶς
1753 2096 1868 2170 ὁρί-

222 2181 386 2246 ζοντα
435 2173 701 2251 ἑϐδόμης,
754 2179 828 2242 ὡς
887 2181 1077 2248 εἰπεῖν,
1134 2182 1168 2252 ἢ
1225 2184 1313 2238 καὶ
1376 2181 1576 2258 ὀγδόης
1633 2183 1868 2261 ἐπεχού-

220 2286 322 2336 σης
383 2265 532 2340 ὥρας
589 2276 929 2342 νυκτερινῆσ,
985 2271 1118 2344 μετὰ
1173 2277 1270 2326 τού
1327 2278 1642 2352 ζωαρχικοῦ
1704 2273 1868 2331 αὸτοῦ

216 2354 305 2408 καὶ
367 2352 659 2425 θεοειδοῦς,
717 2355 974 2434 ἐμψύχου
1048 2381 1106 2415 τε
1172 2360 1262 2416 καὶ
1337 2368 1529 2437 νοεροῦ
1608 2365 1866 2436 σώματος

213 2439 274 2497 ἐκ
321 2447 421 2498 τοῦ
470 2443 646 2522 τάφου
705 2444 1004 2518 ἀνίσταται,
1060 2449 1134 2512 ὥς
1191 2470 1252 2523 γε
1309 2448 1447 2520 δῆτα
1499 2453 1866 2530 προεπηγγεί-

213 2529 378 2584 λατο.

252 2551 378 2588 ατο.

1999 584 2313 653 celeritate,
2345 581 2555 652 dignos
2604 581 2776 648 atque
2817 575 3058 632 idoneos
3108 572 3234 629 luce
3282 585 3512 626 summe
3541 586 3642 626 co-

1997 671 2288 730 ruscantis
2317 669 2548 726 deitatis
2594 665 2915 732 illustrans,
2965 679 3031 718 ac
3064 663 3351 718 immensa
3381 660 3640 731 potentia

1994 781 2063 822 ex
2095 758 2430 833 caliginosis
2475 757 2590 814 illis
2631 754 2868 826 soleque
2908 751 3240 809 carentibus
3270 747 3512 805 latebris
3544 764 3642 805 re-

1993 853 2212 908 ducens
2245 866 2257 904 :
2289 852 2347 904 et
2377 845 2747 920 principibus
2795 841 2874 898 ibi
2931 839 3330 906 tenebrarum,
3362 837 3638 894 ducibus-

1995 956 2106 1012 que
2165 937 2474 1002 malorum,
2547 933 2755 989 divinae
2830 931 3128 1002 potestatis
3194 925 3524 998 splendore,
3581 929 3642 982 et

1994 1027 2392 1102 angelicarum
2415 1022 2744 1082 cohortium
2779 1019 2990 1076 militia
3021 1017 3190 1090 quasi
3211 1015 3455 1081 obtritis,
3479 1015 3638 1072 nullo

1992 1122 2274 1190 tempore,
2311 1118 2370 1172 et
2417 1113 2612 1170 labore
2661 1109 2843 1180 nullo,
2887 1111 3063 1182 atque
3097 1107 3183 1179 (ut
3213 1103 3394 1162 semel
3422 1105 3635 1178 dicam)

1989 1223 2056 1264 eo
2087 1207 2185 1279 qui
2217 1203 2407 1262 solum
2438 1205 2618 1258 Deum
2652 1200 2815 1256 decet
2846 1197 3041 1264 modo,
3082 1195 3141 1251 in
3173 1200 3464 1251 momento
3495 1209 3632 1255 uno.

1989 1296 2061 1352 ad
2119 1310 2285 1351 sacra
2341 1293 2747 1362 immensaque
2817 1286 2948 1344 luce
3006 1282 3323 1342 relucentia
3377 1281 3634 1354 paradisi

1985 1383 2364 1444 tabernacula
2401 1381 2659 1439 traduxit
2686 1381 2764 1453 (1)
2798 1396 2811 1436 :
2853 1394 3036 1450 eaque
3079 1373 3478 1440 tabernacula,
3511 1388 3634 1444 per-

1985 1475 2124 1532 inde
2157 1479 2332 1546 atque
2352 1473 2639 1546 quosdam
2659 1468 3018 1526 arrhabones
3037 1469 3095 1522 et
3119 1462 3410 1538 primitias
3430 1477 3631 1517 earum

1984 1580 2111 1636 quae
2162 1563 2220 1617 in
2271 1559 2432 1618 oculis
2461 1559 2799 1630 aliquando,
2848 1558 2981 1628 post
3009 1567 3380 1611 communem
3412 1549 3634 1606 scilicet

1981 1651 2144 1708 illam
2207 1649 2690 1708 resurrectionem
2752 1644 3036 1710 omnium,
3097 1639 3401 1711 condignis
3461 1643 3633 1710 atque

1979 1741 2204 1797 idoneis
2237 1744 2450 1813 paratas
2483 1741 2642 1804 sunt,
2678 1734 3074 1799 mansionum,
3106 1730 3628 1800 sempiternorum-

1979 1848 2088 1904 que
2119 1831 2532 1897 haerediorum,
2583 1829 2664 1884 ita
2713 1831 2778 1882 ut
2834 1843 2935 1898 par
2975 1826 3118 1890 erat,
3151 1822 3236 1878 eis
3265 1819 3526 1877 donavit.
3559 1819 3630 1874 Et

1980 1920 2475 1992 quemadmodum
2523 1918 2680 1974 nuda
2723 1915 2916 1973 anima
2977 1911 3152 1969 nudis
3199 1910 3352 1983 apud
3409 1908 3625 1964 inferos

1980 2009 2310 2075 animabus,
2374 2025 2440 2064 eo
2499 2023 2616 2080 quo
2681 2006 2904 2062 dictum
2965 2005 3056 2059 est
3117 2002 3309 2068 modo,
3365 1997 3626 2054 Salvator

1979 2099 2309 2172 vespertina
2356 2099 2700 2156 Parasceves
2757 2094 2870 2152 diei
2927 2093 3074 2150 hora
3129 2105 3386 2164 praesens
3439 2087 3622 2153 ati'uit,

1979 2191 2586 2260 resurrectionemque
2617 2183 3047 2258 quodammpdo
3077 2177 3507 2238 subindicavit:
3539 2175 3624 2232 sic

1980 2295 2215 2335 rursum
2252 2277 2422 2334 tertia
2453 2281 2585 2348 post
2615 2275 2732 2342 die,
2762 2289 2896 2330 cum
2923 2271 3278 2344 profundum
3300 2267 3621 2324 etiamnum

1979 2385 2092 2422 una
2125 2367 2512 2424 Sabbatorum
2563 2367 2716 2420 esset
2761 2361 3107 2428 diluculum,
3157 2375 3222 2415 ac
3269 2355 3354 2413 sol
3386 2355 3622 2428 quidem

1976 2459 2104 2511 tum
2135 2457 2289 2512 circa
2323 2453 2656 2526 paradisum
2700 2451 2762 2507 in
2794 2452 2970 2507 Edem
3001 2449 3270 2516 oriretur,
3301 2443 3622 2515 altioraque

1973 2550 2031 2601 et
2086 2545 2435 2601 sublimiora
2499 2543 2787 2599 montium
2863 2541 3005 2612 juga
3077 2537 3409 2609 attingeret,
3468 2533 3622 2589 circa

216 2628 488 2722 nostrum
542 2630 745 2722 autem,
789 2626 1143 2722 horizontem
1193 2632 1447 2722 septima
1497 2634 1938 2704 propemodum,
1981 2639 2084 2689 aut
2130 2635 2307 2690 etiam
2355 2641 2558 2690 octava
2599 2631 2890 2687 obtineret
2936 2627 3083 2684 hora
3129 2629 3434 2694 nocturna,
3485 2637 3619 2680 cum

219 2715 348 2768 vita:
381 2715 663 2788 principe,
717 2717 827 2771 Deo
870 2718 1074 2787 simili,
1113 2719 1366 2778 animato
1405 2730 1457 2778 et
1507 2739 1650 2793 pure
1697 2721 2071 2780 iutelleetuali
2118 2737 2380 2796 corpore,
2420 2739 2491 2779 ex
2543 2719 2808 2792 sepulcro
2857 2717 3152 2790 prodiens,
3205 2715 3286 2772 ita
3331 2717 3399 2770 ut
3449 2719 3622 2770 antea

213 2803 730 2874 pronuntiaverat,
765 2809 1094 2862 resurrexit.

825 2951 1084 3006 ΚΕΦΔΛ.
1125 2948 1250 3002 ΛΒ’.

211 3049 597 3132 Ἀπόδειξις
629 3048 913 3132 ἐναργὴς
945 3050 1014 3106 ἐκ
1040 3055 1354 3132 τῶνιτότε
1392 3076 1622 3132 γε-γενη
1643 3077 1856 3132 μενων

285 3124 641 3210 ὑπερὲυῶν
681 3123 1001 3197 σημείων,
1045 3125 1128 3188 ὡς
1174 3123 1416 3198 άνέστη
1455 3123 1495 3182 δ’
1525 3123 1766 3205 Κύριος
1800 3129 1868 3185 ἐκ
1897 3126 1940 3193 C

282 3212 558 3268 νεκρων.

288 3301 390 3356 Καὶ
438 3301 620 3356 τοίνυν
680 3302 708 3355 ὁ
765 3303 992 3365 θάνατος
1049 3304 1198 3377 αὖτῷ
1245 3310 1322 3379 τῷ
1381 3308 1722 3381 Θεανθρώπῳ
1765 3307 1863 3363 οὐκ

211 3389 266 3444 ἐν
312 3387 650 3466 παραϐύστῳ
693 3392 785 3446 καὶ
841 3395 1036 3466 γωνίᾳ,
1067 3395 1103 3463 ἥ
1158 3415 1266 3449 τινι
1323 3397 1622 3476 ἀποκρύφῳ
1679 3399 1862 3473 χρόνῳ

209 3480 302 3534 καὶ
336 3479 530 3554 τρόπῳ
557 3481 936 3555 κατείργασθαι
972 3500 986 3512 ·
1019 3482 1108 3537 ἰπὶ
1146 3481 1311 3554 ξύλου
1343 3482 1400 3540 δὲ
1456 3488 1856 3560 μετεωρισθεὶς,

210 3571 382 3624 ἐθνῶν
431 3590 490 3624 τε
535 3571 626 3624 καὶ
674 3569 958 3626 Ἰουδαίων
1001 3573 1280 3643 ὁρώντων,
1326 3574 1414 3630 καὶ
1466 3575 1520 3632 ἑν
1567 3578 1722 3650 τόπῳ
1771 3576 1860 3632 καὶ

210 3660 401 3732 ἡμέρᾳ
445 3655 704 3733 ἒπισήμῳ
749 3665 849 3728 τῆς
889 3660 1080 3730 ἑορτῆς
1127 3667 1223 3718 τοῦ
1271 3663 1466 3739 Πάσχα
1513 3686 1610 3737 την
1667 3665 1862 3722 τελευ-

211 3749 314 3816 τὴν
368 3747 723 3804 ἐπεσπάσατο.
775 3750 929 3804 Οὕτω
975 3751 1065 3806 καὶ
1114 3753 1142 3807 ὁ
1199 3754 1370 3827 τάφος
1429 3754 1616 3828 ἐκείνῳ
1669 3756 1861 3826 ἐπίση-

217 3859 322 3912 μος
359 3856 372 3870 ⁸
431 3838 721 3913 ἀνθρώπου
776 3841 878 3914 γάρ
935 3839 1224 3912 πλουσίου,
1270 3845 1357 3898 καὶ
1418 3846 1601 3909 καινὸς
1656 3847 1720 3915 ἦν
1782 3844 1860 3901 ἔτι

211 3926 337 4003 ἄρτι
372 3926 728 4000 λατομηθείς.
761 3927 859 3982 θ’ία
908 3926 1081 3984 δὲκαὶ
1127 3933 1161 4001 ἡ
1203 3931 1416 4002 κηδεία,
1451 3934 1540 3988 καὶ
1584 3936 1619 4003 ἡ
1668 3937 1811 4010 ταφή
1845 3937 1856 3991 !

212 4011 356 4085 ἆλὸη
415 4017 517 4092 γὰρ
575 4016 668 4069 καὶ
725 4016 936 4091 σμύρνα
995 4017 1175 4094 ἄκρως
1235 4024 1686 4098 συμφυραθεῖσαι,
1749 4044 1858 4078 σιν-

211 4104 388 4160 δόνων
423 4106 513 4158 καὶ
566 4105 794 4160 ὀθονίων
846 4106 1330 4182 παρειλημμένων,
1379 4111 1469 4166 τὸν
1521 4113 1710 4186 νεκρὸν
1759 4133 1862 4167 πε-

211 4191 480 4268 ριείλουν,
521 4195 612 4248 καὶ
662 4193 739 4256 εἷς
787 4194 850 4248 τὸ
897 4191 1115 4268 ἀκριϐὲς
1168 4200 1420 4273 συνεῖχόν
1461 4221 1520 4254 τε
1569 4200 1656 4254 καὶ
1707 4202 1860 4256 συνέ-

207 4303 466 4357 σφιγγον,
498 4283 574 4345 ὡς
623 4287 783 4355 σῶμα
809 4282 864 4338 ἓν
909 4285 971 4338 τὸ
1023 4284 1152 4340 ὅλον
1209 4287 1339 4342 εἶναι
1393 4285 1594 4359 δοκεῖν,
1640 4288 1854 4362 κόλλης

207 4373 423 4441 ἁπάσης
481 4368 911 4448 δραστικώτερυν
984 4377 1090 4429 τῶν
1171 4375 1472 4452 εἰρημένων
1550 4378 1854 4454 ἀρωμάτων

205 4459 576 4558 ἐξισχυόντων
632 4463 900 4558 συνεχειν,
959 4462 1006 4536 ᾧ
1061 4465 1446 4540 προσγὲνοιντο
1503 4467 1856 4546 ἀλειφόμενα.
1894 4494 1938 4558 D

204 4553 416 4624 ’Ὠσπερ
445 4549 624 4605 τοίνυν
658 4550 686 4604 ὁ
737 4551 964 4614 θάνατος
1006 4557 1087 4626 τῷ
1127 4559 1350 4628 Χριστῷ
1379 4557 1466 4612 καὶ
1516 4559 1550 4627 ἡ
1601 4559 1745 4635 ταφή
1797 4559 1860 4613 τὸ

205 4641 402 4695 πιστὸν
433 4639 522 4693 καὶ
577 4638 970 4716 άναντίῤῥητον
1029 4638 1273 4718 ἔχουσιν,
1313 4645 1365 4700 ἐν
1421 4643 1715 4718 ἐπισήμοις
1762 4646 1859 4701 τό-

207 4751 334 4791 ποις
376 4729 644 4806 γενόμενα
681 4748 696 4765 ⁸
753 4731 929 4794 οὕτως
972 4731 1057 4809 ἄρ’
1118 4734 1292 4810 ἐχρῆν
1346 4735 1514 4792 αὐτοῦ
1571 4738 1858 4794 ἀνάστασιν

205 4818 531 4882 ἀκολούθως
584 4825 648 4876 τὸ
719 4817 934 4884 ἐντελὲς
983 4821 1136 4886 αὖθις
1213 4826 1288 4888 εἰς
1340 4826 1601 4882 πίστωσιν
1681 4832 1856 4906 σχεῖν,

206 4909 368 4964 παντὶ
416 4911 606 4984 τρόπῳ
650 4911 713 4964 τὸ
768 4905 986 4986 βέϐαιον
1037 4917 1154 4976 τοῖς
1206 4913 1374 4986 ἀξίοις
1420 4915 1512 4970 καὶ
1551 4905 1850 4994 ἀναμφίϐο-

207 4999 307 5056 λον
361 5006 461 5070 τῆς
513 5001 750 5065 πίστεως
805 5003 1242 5078 παριστάνουσιν.
1285 5009 1359 5062 Τά
1417 5007 1512 5079 μὶν
1565 5005 1656 5062 οὖν
1719 5013 1859 5078 ζωο-

205 5087 342 5141 ποιὰ
373 5088 522 5157 πάθη
552 5109 611 5143 τε
658 5089 748 5144 καὶ
780 5089 1046 5164 σωτήρια,
1081 5091 1156 5154 ὡς
1205 5094 1306 5162 τήν
1355 5093 1622 5169 ἡμετέραν
1669 5093 1855 5149 οὐσίαν

203 5175 355 5246 πλὴν
444 5175 712 5250 ἁμαρτίας
799 5173 1111 5250 ἀναλαϐὼν,
1199 5183 1532 5238 κατενώπιον
1637 5185 1854 5239 πάντων

205 5265 465 5341 ὑπέσχεν,
516 5263 700 5340 ὥσπερ
749 5263 885 5336 δῆτα
931 5267 1022 5322 καὶ
1075 5267 1426 5346 διελάϐομεν.
1475 5275 1585 5345 Τήν
1631 5295 1692 5350 γε
1745 5275 1854 5348 μὴν

272 5446 370 5528 (1)·
403 5462 432 5496 α
483 5446 926 5528 yropbeticu_m_
961 5464 1195 5528 quoque
1245 5452 1857 5528 (irpepnuiovtadest

197 5515 468 5602 abi-abas,
489 5517 548 5574 id
569 5515 659 5575 est
680 5534 784 5590 pro
794 5515 1118 5592 phetarunf
1134 5515 1524 5602 domicilium,
1539 5515 1854 5602 et'dignam

215 5591 951 5674 habitationem'nnaqugeq
961 5610 1030 5650 ue
1053 5596 1380 5674 gens_perci
1389 5597 1494 5674 pit,
1523 5591 1710 5654 etiaui
1728 5605 1858 5674 ante

194 5651 517 5722 iudicium.
551 5681 584 5712 η
617 5651 1014 5738 (Ιι-οιι.”ιίι›.ἰι,
1039 5651 1170 5740 ὅσοι).
1192 5651 1311 5742 ϐλ.)
1342 5651 1364 5720 ξ
1389 5651 1515 5728 δώ*
1531 5651 1860 5743 Ediluini

2453 2951 2593 3005 Ill
2641 2947 2874 3004 CAPUT
2912 2944 3138 3002 XXXII.

1971 3057 2375 3115 Demonstratt'o
2404 3057 2580 3122 clara,
2610 3071 2680 3111 ex
2709 3055 2788 3111 eis
2839 3069 2958 3126 qua
2997 3050 3313 3126 acciderunt
3350 3066 3616 3126 superna-

2050 3129 2319 3185 mralibus
2374 3129 2684 3196 miraculis,
2741 3123 2883 3198 quod
2944 3123 3205 3179 Dominus
3261 3137 3333 3179 ex
3384 3123 3619 3176 mortuis

2047 3202 2430 3258 resurrexerit.

2041 3310 2225 3380 Atque
2275 3305 2546 3380 equidem
2597 3305 2752 3360 Deus
2780 3303 2926 3377 ipse,
2973 3302 3241 3374 idemque
3269 3300 3468 3366 homo,
3501 3315 3616 3356 non

1971 3401 2030 3454 in
2077 3399 2289 3470 angulo
2337 3403 2438 3453 aut
2485 3397 2715 3454 occulto
2766 3394 3043 3468 quopiam
3094 3392 3239 3460 loco,
3291 3407 3409 3448 non
3438 3391 3616 3447 etiam

1970 3489 2218 3545 obscuro
2249 3487 2336 3542 vel
2371 3495 2626 3557 tempore
2653 3485 2742 3540 vel
2776 3483 2972 3551 modo,
3003 3485 3092 3538 est
3121 3481 3430 3536 defunctus
3463 3497 3477 3534 :
3511 3479 3610 3535 sed

1969 3577 2030 3632 in
2065 3577 2222 3648 ligno
2267 3575 2518 3632 sublime
2569 3572 2859 3639 sublatus,
2905 3570 3177 3643 gentibus
3219 3567 3390 3624 simul
3420 3572 3476 3623 et
3505 3567 3612 3622 Ju-

1971 3667 2113 3723 deis
2161 3665 2580 3737 spectantibus,
2627 3669 2683 3718 et
2730 3661 2966 3731 quidem
3017 3659 3076 3714 in
3130 3657 3254 3714 loco
3302 3663 3474 3728 atque
3518 3654 3612 3711 die

1970 3756 2179 3811 celebri
2233 3758 2290 3810 et
2341 3753 2556 3824 insigni
2598 3750 2730 3808 festi
2777 3750 3028 3816 Paschze,
3074 3746 3252 3802 vitam
3289 3745 3457 3800 ﬁniit.
3497 3744 3612 3801 Neo

1971 3847 2164 3902 minus
2221 3843 2552 3914 sepulcrum
2603 3839 2978 3912 magniﬁcum
3023 3836 3107 3891 illi
3159 3835 3306 3902 fuit;
3359 3833 3613 3890 hominis

1970 3934 2179 4007 quippe
2211 3931 2490 4006 opulenti,
2525 3936 2582 3986 et
2634 3945 2870 3996 novum,
2923 3941 3223 3997 nuperque
3261 3924 3402 3978 adeo
3432 3922 3491 3976 in
3524 3922 3611 3978 la-

1971 4023 2105 4096 pide
2133 4022 2416 4079 excisum.
2461 4019 2640 4083 Quale
2687 4021 2744 4072 et
2791 4017 2989 4082 funus,
3041 4015 3282 4086 ipsaque
3311 4011 3612 4084 sepultura

1972 4113 2092 4167 fuit.
2126 4110 2265 4166 Alne
2295 4109 2588 4182 siquidem
2613 4111 2670 4161 et
2697 4105 2927 4178 myrrha
2947 4103 3265 4160 admodum
3287 4099 3610 4158 commistzs

1969 4217 2180 4272 corpus
2213 4202 2498 4255 mortuum
2529 4195 2773 4252 sindone
2803 4199 2859 4250 et
2910 4193 3110 4250 linteis
3139 4196 3444 4262 exceptum
3478 4205 3614 4246 con-

1971 4289 2392 4362 plectebantur,
2424 4291 2598 4358 atque
2627 4283 2964 4353 ~arctissime
3003 4281 3389 4348 continentes,
3425 4295 3614 4350 usque

1969 4380 2112 4434 adeo
2161 4375 2658 4448 constringebant,
2715 4380 2774 4430 ut
2823 4371 3022 4427 omnia
3067 4387 3136 4426 ea
3179 4385 3388 4440 corpus
3429 4384 3609 4424 unum

1970 4483 2091 4523 esse
2137 4465 2604 4522 existimarenlur
2637 4479 2652 4519 :
2685 4461 2833 4533 quod
2886 4458 3090 4532 quavis
3136 4457 3358 4530 glutine
3387 4473 3455 4513 ea
3483 4474 3610 4528 qua:

1969 4557 2226 4613 diximus
2257 4561 2536 4622 aromata,
2569 4551 3242 4622 cuicunquejungantur
3271 4547 3374 4608 rei.
3398 4547 3610 4602 arctius

1971 4646 2379 4718 potentiusque
2421 4659 2548 4700 eam
2591 4639 2992 4711 constringere
3031 4637 3276 4709 possint.
3311 4635 3378 4690 Et
3407 4649 3610 4702 quem-

1969 4736 2284 4793 admodum
2318 4749 2476 4788 mors
2504 4735 2560 4788 et
2585 4730 2887 4800 sepultura
2908 4727 3120 4783 Christi
3155 4721 3608 4794 irrefragabilem

1969 4826 2025 4882 in
2059 4824 2373 4896 conspicuo
2405 4827 2645 4894 peractis
2693 4819 2820 4874 loco
2870 4817 3040 4873 ﬁdem
3073 4817 3212 4870 sunt
3238 4815 3558 4868 consecutae
3593 4825 3606 4862 :

1967 4916 2167 4972 itidem
2220 4927 2360 4970 sane
2392 4925 2758 4982 consequens
2787 4910 2928 4972 erat,
2969 4902 3326 4972 docebatque
3356 4914 3610 4956 resurre-

1968 5004 2214 5060 ctionem
2237 5002 2386 5072 ejus,
2404 4999 2474 5056 ad
2501 5000 2675 5055 ﬁdem
2698 4997 3048 5061 faciendam,
3073 4997 3293 5048 certum
3329 4986 3610 5059 quiddam

1967 5093 2421 5162 absolutumque
2470 5089 2706 5153 habere,
2755 5089 2818 5140 ut
2855 5082 3128 5139 omnibus
3159 5078 3346 5134 modis
3376 5077 3607 5132 ﬁrmam

1965 5182 2474 5252 indubitatamque
2531 5176 2721 5248 dignis
2768 5178 2822 5230 et
2876 5169 3106 5226 idoneis
3161 5167 3601 5240 persuasionem

1966 5269 2486 5340 credulitatemque
2515 5269 2816 5321 astrueret.
2842 5262 3046 5330 Itaque
3077 5257 3178 5329 qui
3211 5253 3602 5312 substantiam

1966 5448 2285 5526 (ἐνδέγεται)
2323 5449 2527 5526 sinum
2568 5443 2815 5526 Abrahm
2845 5439 2978 5525 .dici
3018 5433 3603 5526 temporale‘aliquod

1965 5506 2295 5581 animarum
2346 5517 2792 5592 receptaculum,
2843 5513 2918 5592 in_
2952 5527 3068 5584 quo
3102 5506 3241 5592 iam
3281 5506 3607 5592 delineetur

1969 5577 2738 5666 tuturiimagOJO‘candida
2755 5577 3022 5666 quasdam
3048 5577 3380 5666 Etrius‘q‘us,
3403 5577 3606 5666 indicii

1966 5649 2404 5742 bibsbidi'ata’ri
2434 5683 2463 5715 ι)
2489 5649 3011 5738 (Τει-ιυιΙῘΑάυενε.
3042 5653 3206 5711 Marc.
3237 5649 3338 5710 lib.
3369 5649 3474 5722 ιν.)
