4100 6218
433 340 548 398 727

1731 330 2148 394 NICEPHOBI
2193 332 2544 394 CALLISTI

3734 337 3863 393 728

437 475 716 537 nostram,
767 457 1005 540 excepto
1047 470 1303 540 peccato,
1354 471 1712 540 susceperat,
1743 466 1996 522 viviﬁcas
2023 468 2082 520 et

2211 466 2467 532 ζωοποιὸν
2512 467 2602 520 καὶ
2650 469 2968 544 τριήμερον
3019 469 3082 524 ἐκ
3125 474 3330 543 νεκρῶν
3377 469 3581 524 ἐκείνου
3633 467 3866 521 ἀνάστα-

442 560 733 618 salutares
765 557 1169 630 perpessiones
1215 555 1276 611 in
1320 566 1630 628 conspectu
1665 556 1934 613 omnium
1971 572 2110 611 sus-

439 651 636 718 tinuit,
687 649 767 703 ita
816 653 881 703 ut
930 645 1354 702 recensuimus.
1411 646 1694 703 Caeterum
1728 646 1959 704 vitalem
1993 645 2100 700 tri-

440 742 814 808 duanamque
843 753 913 792 ex
943 735 1188 790 mortuis
1222 739 1705 792 resurrectionem
1748 753 1947 802 suam,
1989 753 2103 790 non

441 827 718 884 omnibus
751 825 1009 896 profanis
1039 823 1215 880 simul
1247 828 1304 878 et
1334 824 1513 879 sacris
1537 826 1738 881 eodem
1773 826 1949 880 modo
1975 841 2106 896 per-

443 915 805 986 spiciendam
841 912 1103 986 permisit
1136 929 1149 966 :
1201 913 1356 983 quod
1409 929 1513 968 nec
1563 931 1815 984 aequum,
1853 931 1960 969 nec
1999 930 2111 968 su-

441 1005 662 1070 blimis,
699 1003 904 1073 divini,
931 1001 1370 1073 etjustijudicii
1395 1001 1495 1057 Dei
1516 1019 1642 1058 esse
1671 1003 1964 1059 creditum
1997 1003 2069 1058 sit
2090 1027 2105 1054 ν

447 1093 698 1167 impuris
727 1092 1088 1165 ingratisque
1110 1091 1300 1148 oculis
1323 1091 1469 1147 talia
1490 1092 1870 1156 committere,
1902 1097 1958 1148 et
1983 1105 2106 1164 per'

457 1183 716 1239 versitati
746 1182 938 1238 cordis
989 1181 1048 1236 in
1083 1181 1403 1254 periculum
1434 1187 1491 1237 et
1528 1181 1941 1252 experientiam
1977 1199 2106 1236 rur-

455 1289 589 1329 sum
622 1277 894 1328 sauctum
937 1271 1168 1328 Israelis
1219 1273 1466 1338 tradere,
1518 1275 1583 1327 ut
1631 1271 1690 1326 in
1719 1269 1957 1341 ancipiti
1991 1272 2101 1325 du-

454 1363 670 1434 biaque
695 1361 1076 1416 consistentes
1099 1360 1393 1431 opinione,
1411 1359 1901 1430 quemadmodum
1921 1359 2098 1414 etiam

461 1461 652 1520 antea,
687 1456 743 1507 et
771 1451 830 1506 in
863 1451 1314 1522 cogitationibus
1345 1451 1709 1507 variantibus
1739 1467 1856 1505 non
1879 1453 2100 1505 rectum

460 1540 1127 1610 adhibentesjudicium,
1159 1556 1291 1595 eum
1325 1540 1702 1610 reprobarent
1723 1544 1898 1610 atque
1930 1555 2099 1609 repu-

456 1631 684 1686 diarent
714 1647 727 1684 :
760 1629 876 1684 illis
907 1645 1041 1685 vero
1065 1631 1166 1700 qui
1198 1635 1449 1685 mentem
1482 1634 1697 1686 rectam
1728 1633 1784 1684 et
1812 1646 1908 1684 cor
1929 1645 2102 1700 quam

457 1719 710 1776 maxime
759 1735 966 1790 purum
998 1719 1348 1788 obtinerent,
1381 1719 1594 1775 claram
1627 1723 1684 1776 et
1713 1718 1784 1774 ab
1811 1719 1971 1775 omni
2002 1735 2101 1774 an-

454 1808 611 1880 cipiti
659 1808 1020 1864 dubitatione
1075 1807 1323 1866 alienam
1386 1809 1868 1866 resurrectionem
1931 1825 2098 1864 suam
2132 1845 2181 1910 B

456 1898 745 1964 exhibuit,
779 1899 1008 1968 ﬁdeque
1039 1910 1194 1954 certa
1227 1898 1615 1954 comsrobavit
1640 1915 1654 1952 :
1682 1898 1936 1970 primum
1970 1896 2098 1968 qui-

455 1987 590 2042 dem
645 2003 679 2041 a
729 1991 916 2042 matre
962 1989 1018 2041 et
1062 1986 1298 2057 reliquis
1345 1991 1686 2056 conSpectus
1719 1985 2099 2052 mulieribus;

457 2075 667 2132 deinde
714 2093 746 2130 ιι
795 2074 1032 2131 delectis
1081 2074 1403 2145 discipulis,
1453 2075 1598 2129 alias
1646 2073 1794 2141 aliis,
1846 2089 1948 2145 per
1979 2074 2102 2128 dies

458 2164 850 2237 quadraginta
877 2165 1075 2231 visus;
1107 2164 1262 2220 112
1294 2180 1359 2218 ac
1391 2164 1580 2220 verbis
1610 2163 1773 2220 novis
1799 2164 1986 2234 {atque
2013 2164 2102 2219 in-

458 2255 668 2322 solitis,
701 2254 997 2326 simulque
1033 2255 1213 2325 signis
1244 2260 1299 2310 et
1333 2255 1608 2326 prodigiis
1640 2258 1907 2308 naturam
1941 2271 2103 2324 supc-

461 2345 752 2412 rantihus,
783 2361 1016 2401 omnem
1064 2343 1183 2400 illis
1233 2345 1537 2417 (quantum
1593 2343 1716 2398 fieri
1747 2343 1948 2414 potuit)
1989 2343 2099 2397 sol-

456 2451 598 2491 vens
631 2439 806 2507 atque
856 2436 1122 2491 adimens
1164 2435 1602 2491 resurrectionis
1634 2433 2098 2504 ambiguitatem.

459 2525 586 2583 Non
619 2525 710 2580 his
743 2529 933 2581 autem
967 2524 1131 2594 solis,
1157 2525 1258 2581 sed
1288 2525 1417 2580 aliis
1439 2540 1668 2595 quoque
1701 2523 2000 2578 miraculis
2023 2539 2102 2578 se-

461 2616 733 2688 pulcrum
767 2615 1116 2684 consecutis,
1148 2615 1320 2670 ﬁdem
1344 2615 1778 2671 resurrectionis
1809 2631 1930 2670 suae
1960 2630 2102 2670 con-

463 2706 738 2762 ﬁrmavit.
771 2705 905 2770 Quae
935 2720 1068 2761 vero
1099 2721 1164 2760 ea
1203 2704 1337 2771 sint,
1369 2705 1619 2774 agedum
1651 2703 1938 2758 dicamus.
1974 2701 2104 2758 Pri~

461 2811 644 2864 mum,
668 2794 926 2866 sigillum
960 2793 1228 2866 sepulcro
1251 2794 1624 2864 impressum,
1643 2794 1796 2863 quod
1820 2791 2101 2847 intactum

459 2884 777 2955 permansit
819 2900 832 2940 :
889 2887 947 2938 et
993 2883 1262 2938 custodia
1300 2881 1572 2938 militaris
1627 2881 1748 2950 illa,
1785 2884 1843 2936 et
1898 2897 2103 2950 genere

457 2973 806 3042 alienigena,
841 2989 968 3043 quae
1001 2973 1056 3028 in
1093 2972 1418 3044 propinquo
1445 2971 1702 3043 sigillum
1739 2971 1794 3024 in
1828 2971 2102 3025 observa-

459 3064 577 3120 bat.
611 3064 892 3119 Praeterea
918 3062 1122 3132 ingens
1153 3061 1250 3117 ille
1281 3061 1430 3134 lapis
1463 3061 1537 3117 ad
1569 3077 1632 3116 os
1656 3059 1907 3132 sepulcri
1939 3077 2105 3132 appo-

457 3153 622 3216 situs,
657 3152 758 3223 qui
789 3150 922 3206 inde
952 3151 1236 3217 defluens,
1275 3166 1342 3205 ac
1375 3150 1566 3222 potius
1599 3167 1777 3205 manu
1809 3158 1862 3205 et
1895 3150 2099 3205 robore

2219 575 2298 607 σιν
2343 554 2404 609 οὐ
2453 562 2612 610 πᾶσιν
2665 559 2825 627 ἀνῆκε
2877 555 3137 636 βεϐήλοις
3180 580 3238 613 τε
3267 559 3354 614 καὶ
3405 559 3587 633 ἁγίοις
3633 558 3686 612 ἐν
3732 579 3863 612 ταυ-

2215 649 2294 715 τῷ
2325 643 2556 700 κατιδεῖν
2598 667 2612 681 ⁶
2669 648 2854 725 ὅτιπερ
2911 647 3037 705 οὐδὲ
3083 653 3190 704 τῶν
3239 648 3463 704 δικαίων
3517 649 3654 702 εἶναι
3701 651 3862 701 τοῦτο

2217 731 2580 808 λελόγισται·
2643 735 2767 792 οὐδὲ
2823 759 2882 814 γε
2943 740 3048 810 μὴν
3107 745 3208 808 τῆς
3266 736 3442 792 ἐνθέου
3489 739 3580 790 καὶ
3636 733 3860 808 ὑψηλῆς

2217 819 2608 893 δικαιοκρισίας
2662 831 2794 880 θεοῦ
2845 823 3112 900 βεϐήλοις
3163 825 3252 881 καί
3307 826 3598 901 βασκάνοις
3655 823 3861 898 ὀρθά).-

2220 918 2345 984 μοῖς
2406 915 2473 968 τά
2537 918 2760 970 τοιαῦτα
2832 915 3263 986 καταπιστεύειν,
3333 916 3422 969 καὶ
3497 911 3864 988 στρεϐλότητι

2215 998 2436 1075 καρδίας
2496 1002 2573 1062 εἷς
2627 1009 2812 1078 πεῖραν
2883 1004 3034 1066 αὖθις
3091 1005 3183 1060 τὸν
3258 1005 3408 1079 ἅγιον
3461 1004 3561 1058 τοῦ
3637 999 3864 1074 Ἰσραὴλ

2213 1088 2624 1164 παραδίδοσθαι,
2683 1091 2820 1148 ὥστε
2876 1095 2965 1149 καὶ
3026 1095 3077 1149 ἐν
3138 1090 3476 1170 ἀμφιϐόλοις
3534 1093 3866 1148 καθεστάναι

2211 1182 2348 1234 καθὰ
2404 1181 2490 1234 κάὶ
2554 1183 2615 1236 τὸ
2681 1185 2968 1257 πρότερον,
3043 1183 3336 1257 λογισμοῖς
3395 1204 3453 1238 τε
3527 1183 3706 1255 κρίσιν
3786 1187 3863 1256 μὴ

2213 1265 2686 1342 προϐεϐλημένοις
2719 1271 2884 1345 ὀρθην
2931 1271 3432 1344 ἀποδοκιμάζεσθαι
3469 1293 3482 1306 ·
3531 1278 3647 1332 τοῖς
3699 1270 3756 1326 δέ
3806 1294 3866 1345 γε

2211 1357 2301 1412 τον
2357 1363 2478 1411 νοῦν
2537 1359 2710 1414 εὖθὲσι
2769 1383 2856 1415 και
2910 1364 3010 1432 τὴν
3061 1360 3288 1436 καρδίαν
3344 1363 3583 1435 καθαράν
3643 1363 3718 1422 ὡς
3773 1364 3867 1414 καὶ

2214 1450 2453 1520 μάλιστα
2507 1450 2863 1523 κεκτημένοις
2921 1459 3061 1528 σαφῆ
3121 1473 3182 1506 τε
3237 1451 3326 1506 καὶ
3381 1447 3728 1527 ἀμεριῧολίας
3793 1451 3874 1513 ὡς

2211 1536 2543 1611 πορέὲωτὲρω
2607 1541 2706 1608 τὴν
2765 1539 2930 1594 αὐτοῦ
2988 1541 3272 1595 ἀνάστασιν
3341 1539 3586 1612 ὒπέὂειξὲ
3640 1562 3700 1594 τε
3773 1542 3870 1594 καὶ

2211 1625 2548 1681 ἐπιστώσατο
2583 1647 2596 1660 ⁸
2657 1633 2873 1701 πρῶτον
2940 1630 3034 1702 μὲν
3085 1634 3153 1702 τῇ
3217 1629 3385 1703 μητρὶ
3430 1629 3523 1684 καὶ
3579 1634 3702 1690 ταῖς
3749 1629 3866 1684 λοι-

2209 1719 2336 1776 παῖς
2387 1713 2572 1788 ὀφθεῖς
2618 1716 2856 1792 γυναιξίν
2890 1735 2902 1748 ⁸
2955 1718 3070 1772 εἶτα
3114 1723 3230 1778 τοῖς
3279 1715 3550 1790 ἐκκρίτοις
3599 1722 3708 1771 τῶν
3764 1738 3870 1787 μά-

2211 1805 2410 1875 θητῶν,
2443 1806 2531 1858 καὶ
2582 1803 2784 1862 ἄλλοτε
2819 1804 3009 1869 ἄλλοις
3060 1803 3129 1860 δι’
3174 1810 3398 1880 ἡμερῶν
3453 1809 3505 1877 μ’
3554 1807 3871 1878 ama-.6515-

2211 1914 2300 1955 νος
2335 1912 2348 1926 ⁸
2384 1892 2576 1968 λόγοις
2602 1915 2660 1948 τε
2709 1894 2970 1964 ξενίζουσι
3002 1897 3091 1950 καὶ
3139 1897 3429 1972 ὑπερφυέσι
3481 1897 3736 1969 σημείοις
3767 1897 3870 1949 καὶ

2210 1979 2423 2056 τέρασιν
2476 1982 2696 2058 ἐξαίρων
2727 1985 2800 2046 ὡς
2851 1983 2964 2039 ἐνόν
3018 2007 3080 2060 γε
3109 1985 3174 2054 ἦν
3225 1985 3452 2047 ἐκείνοις
3491 1987 3580 2039 καὶ
3633 1986 3698 2040 τὸ
3747 1985 3871 2055 ἀμ-

2213 2068 2445 2144 φίϐολον
2507 2070 2744 2128 διαλύων
2800 2081 2898 2142 τῆς
2966 2074 3324 2136 ἀναστάσεως.
3383 2076 3464 2132 Οὐ
3527 2075 3746 2136 τούτοις
3807 2071 3873 2128 δὲ

2216 2160 2379 2233 μόνον
2428 2163 2526 2230 τήν
2589 2161 2728 2217 ἰδίαν
2789 2163 3072 2218 ἐπιστοῦτο
3122 2163 3426 2234 ἀνάστασιν,
3475 2163 3623 2218 ἀλλὰ
3677 2185 3740 2237 γε
3789 2160 3867 2232 δή

2212 2251 2299 2305 καὶ
2365 2257 2480 2312 τοῖς
2558 2257 2637 2323 τῷ
2710 2252 2863 2330 τάσῳ
2939 2253 3458 2326 παρακολουθήσασι
3531 2253 3868 2328 τεραστίοις.

2213 2340 2338 2394 Τίνα
2372 2340 2428 2396 δὲ
2473 2347 2677 2413 ταῦτας
2729 2348 2954 2417 Πρῶτον
3014 2345 3106 2416 μὲν
3141 2347 3176 2412 ἡ
3226 2342 3314 2398 ἐπὶ
3359 2349 3436 2416 τῷ
3483 2345 3639 2420 τάφῳ
3684 2365 3874 2422 σφρα-

2215 2429 2322 2502 γὶς,
2355 2430 2548 2505 ἀθιγὴς
2600 2429 3037 2504 διαμεμενηκυῖα
3071 2452 3082 2464 ·
3221 2453 3279 2487 τε
3320 2431 3632 2487 κουστωδία
3684 2432 3874 2508 ἔγγει-

2213 2520 2378 2574 τόνων
2465 2521 2664 2590 ταύτην
2751 2521 3269 2595 παραφυλάττουσα,
3350 2525 3716 2596 στρατιωτικῆ
3803 2543 3870 2576 τε

2214 2609 2348 2664 οῦσα
2387 2609 2474 2663 καὶ
2538 2610 2715 2664 ὀθνεία
2759 2616 2836 2680 τῷ
2893 2611 3056 2684 γένει,
3087 2611 3183 2664 καὶ
3234 2613 3261 2666 ὁ
3311 2612 3607 2686 πάμμεγας
3657 2609 3869 2674 ἐκεῖνος

2215 2699 2390 2762 λίθος,
2443 2705 2520 2770 τῷ
2579 2702 2806 2770 σεὸματι
2866 2699 3128 2762 ἐπιτεθεὲς
3183 2707 3284 2770 τῆς
3345 2706 3536 2774 σοροῦ,
3608 2701 3866 2756 κάκεῖθεν

2211 2786 2519 2863 ἀπορρυεὶς,
2583 2787 2796 2860 μᾶλλον
2877 2786 2934 2842 δὲ
2989 2789 3137 2864 χειρὶ
3211 2789 3302 2844 καὶ

2213 2876 2545 2937 ἐκκυλισθεῖς
2579 2895 2590 2907 ο

3371 2790 3541 2844 σθένει
3615 2791 3868 2868 ἀγγέλου

2651 2878 2740 2930 καὶ
2789 2879 2850 2931 τὸ
2907 2875 2993 2932 ἐπὶ
3056 2884 3183 2932 πᾶσι
3233 2877 3453 2941 τούτοις
3505 2877 3644 2948 δῆτα
3681 2881 3872 2954 παρά-

2213 2963 2387 3036 δοξον,
2452 2965 2591 3038 μηδὲ
2648 2969 2746 3037 τὴν
2808 2968 2999 3023 ἑαυτοῦ
3057 2965 3329 3042 σφραγῖδα
3385 2967 3475 3022 καὶ
3530 2967 3689 3030 αὐτὸς
3765 2971 3869 3025 κᾶν

2211 3057 2348 3129 πρὸς
2396 3056 2578 3132 βραχὺ
2624 3053 3107 3128 διαλυμηνάμενος
3138 3075 3151 3086 ·
3199 3057 3284 3110 καὶ
3345 3059 3447 3131 γὰρ
3507 3056 3557 3126 ἐξ
3610 3057 3870 3132 ἀρχαίων

2212 3147 2346 3216 ἡμῖν
2374 3143 2756 3218 παραδέδοται,
2791 3147 2880 3200 τὸν
2914 3145 3005 3199 τὸν
3037 3147 3322 3224 ζωηφόρον
3355 3147 3524 3223 τάφον
3567 3146 3860 3220 ἐπιπωμα-

457 3211 644 3314 angeli
671 3211 979 3297 devolutus
1027 3211 1392 3311 (quod'sane
1437 3240 1494 3294 in
1549 3238 1642 3294 his
1674 3239 1944 3294 omnibus
1976 3239 2100 3310 epi-

2213 3232 2429 3302 τίζοντα
2477 3235 2693 3288 τουτονὶ
2745 3233 2916 3302 λίθον,
2950 3235 3085 3308 πρὸς
3132 3239 3209 3306 τῷ
3260 3233 3410 3310 ἄκρῳ
3457 3241 3555 3290 τοῦ
3605 3235 3866 3312 χείλους,

456 3331 692 3388 nionem
727 3345 958 3386 omnem
987 3329 1254 3398 excedit),
1290 3345 1361 3385 ne
1391 3328 1514 3400 ipse
1545 3328 1782 3399 quidem
1819 3329 1903 3384 vel
1939 3330 2102 3384 mini-

460 3435 622 3476 mum
655 3419 888 3491 signum
921 3434 1094 3473 suum
1119 3418 1396 3490 corrupit.
1429 3418 1726 3473 Traditum
1753 3419 1907 3472 enim
1933 3419 2101 3474 nobis

455 3515 546 3564 est
570 3508 644 3564 ab
675 3507 954 3580 antiquis,
981 3506 1214 3562 Judaaos
1246 3507 1495 3576 lapidem
1529 3524 1664 3562 eum
1699 3507 1798 3577 qui
1829 3506 1886 3562 in
1911 3507 2101 3563 saluti-

454 3597 643 3653 ferum
678 3597 823 3652 illud
875 3597 1205 3668 sepulcrum
1263 3613 1367 3668 pro
1416 3597 1688 3666 operculo
1720 3595 1944 3667 positus
1977 3598 2101 3652 fue—

453 3692 562 3758 rat,
595 3688 666 3744 ad
701 3703 1002 3744 summum
1053 3685 1418 3742 monumenti
1473 3685 1724 3754 labrum,
1760 3689 2100 3758 petramque

454 3776 678 3834 inferne
709 3775 794 3834 illi
849 3791 910 3832 se
949 3775 1418 3846 conjungentem,
1464 3776 1824 3831 ferramentis
1857 3776 2098 3846 quibus-

453 3867 584 3922 dam
634 3865 827 3922 fabrili
861 3865 1242 3935 lapicidarum
1291 3870 1412 3919 arte
1467 3865 1807 3935 perforasse,
1844 3867 2097 3920 ferrum-

452 3972 566 4030 que
611 3956 816 4028 ingens
857 3972 890 4010 a
935 3954 1096 4010 fabro
1137 3971 1204 4009 ex
1245 3954 1571 4026 propinquo
1611 3960 1934 4024 acceptum,
1969 3973 2092 4026 per-

453 4052 768 4116 utrumque
815 4047 1074 4100 foramen
1119 4044 1452 4110 immisisse,
1505 4047 1560 4097 et
1591 4044 1648 4098 in
1680 4044 1815 4098 circi
1850 4045 1966 4100 sive
1999 4061 2094 4100 an-

453 4133 578 4190 nuli
608 4134 857 4188 formam
903 4133 1317 4205 circumegisse
1350 4149 1362 4186 :
1399 4137 1572 4203 atque
1618 4134 1698 4188 ita
1737 4133 1978 4188 ﬁrmiter
2007 4152 2098 4190 ca-

453 4217 674 4290 pitibus
705 4217 1060 4278 commissis,
1111 4217 1271 4273 omni
1311 4233 1378 4271 ex
1411 4226 1570 4288 parte
1602 4219 1768 4286 quasi
1801 4219 2094 4274 vinculum

453 4306 940 4374 circumduxisse,
989 4310 1052 4362 ut
1096 4306 1264 4378 lapis,
1304 4306 1696 4378 qualicunque
1739 4308 1932 4376 modo,
1973 4308 2096 4364 loco

455 4411 562 4452 suo
595 4395 814 4464 revelli,
847 4400 947 4451 aut
993 4394 1196 4450 saltem
1231 4395 1452 4450 ratione
1483 4395 1680 4465 aliqua
1712 4396 1923 4450 moveri
1954 4397 2097 4464 (nisi

454 4490 576 4542 arte
607 4485 882 4557 quapiam
915 4490 972 4542 et
999 4489 1050 4540 vi
1079 4485 1361 4550 adhibita,
1388 4485 1714 4541 necessario
1748 4493 1850 4540 aut
1883 4487 2095 4542 ferrum

2209 3324 2298 3377 καὶ
2346 3325 2446 3391 την
2497 3326 2732 3378 κάτωθεν
2785 3325 2889 3378 απὸ
2932 3328 3029 3378 τοῦ
3075 3325 3248 3398 τάφου
3298 3323 3614 3400 ἐγγίζουσαν
3660 3327 3866 3400 πέτραν

2211 3409 2513 3486 ἐργαλείοις
2565 3412 2674 3466 τισῖ
2753 3411 2980 3483 λατὸμῳ
3033 3410 3203 3486 τέχνῃ
3283 3409 3665 3484 διατρήσαντες
3731 3415 3868 3468 Ἰου-

2211 3497 2380 3569 δαῖοι,
2413 3499 2634 3573 σίδηρόν
2663 3522 2718 3556 τε
2749 3499 2928 3574 παχὺν
2970 3500 3172 3576 χαλκεῖ
3201 3500 3260 3558 ἐκ
3303 3505 3401 3555 τοῦ
3433 3499 3630 3576 σχεδὸν
3685 3523 3864 3575 προσς

2211 3591 2502 3666 γενόμενον
2579 3589 2646 3643 δι’
2724 3589 2926 3668 ἀμφοῖν
2996 3594 3104 3644 τῶν
3179 3591 3470 3664 τρημάτων
3547 3588 3862 3662 ἐλάσαντες,

2208 3679 2298 3734 καὶ
2360 3680 2434 3740 εἷς
2492 3679 2682 3752 κρίκου
2743 3685 2938 3753 σχῆμα
2993 3679 3210 3732 τουτονὶ
3264 3681 3700 3752 περιαγαγόντες,
3769 3684 3858 3736 καὶ

2211 3766 2380 3828 οῦτως
2441 3767 2490 3820 ἐν
2547 3772 2624 3837 τῷ
2682 3765 2913 3842 ἀσφαλεῖ
2965 3768 3280 3840 ἁπανταχοῦ
3335 3765 3861 3843 συγκεφαλαιώσαν·

2207 3856 2294 3917 τές
2344 3877 2400 3910 τε
2444 3855 2532 3910 καὶ
2578 3853 2986 3931 περιδήσαντες,
3033 3855 3107 3916 ὡς
3160 3857 3235 3927 μὴ
3287 3857 3402 3909 οἷον
3453 3877 3512 3910 τε
3561 3857 3698 3910 εῖναι
3763 3858 3858 3912 τὸν

2211 3947 2362 4002 λίθον
2398 3948 2644 4001 ὁπωσοῦν
2678 3953 2778 4015 τῆς
2808 3944 2966 4021 ἕδρας
3009 3945 3286 4014 ἐκστῆναι,
3405 3951 3536 4020 γοῦν
3583 3945 3736 4008 ὅπως
3788 3945 3856 4018 δή

2208 4057 2338 4090 ποτε
2384 4037 2692 4108 κινηθῆναι,
2743 4036 2788 4090 εἰ
2837 4038 2912 4106 μή
2962 4056 3068 4089 τινι
3119 4035 3218 4108 ἄρα
3265 4035 3466 4110 τέχνῆς
3519 4035 3722 4108 ἀνάγκῃ
3767 4037 3860 4090 καὶ

2213 4127 2306 4200 βίᾳ
2344 4126 2378 4194 ἢ
2432 4127 2458 4179 ὁ
2519 4122 2740 4198 σίδηρος
2803 4122 3201 4196 διαθράυσθείη,
3409 4125 3578 4198 πέτρα
3627 4122 3862 4198 διάρῥαο

2207 4217 2328 4289 γείη
2364 4237 2376 4250 ·
2424 4214 2594 4274 οὕτως
2645 4213 2735 4266 οῦν
2789 4209 3028 4288 ἀκριῧῶς
3079 4213 3619 4288 ἐπισφραγισάμενοι,
3666 4211 3860 4288 ᾤχον-

2203 4326 2289 4372 το,
2344 4303 2592 4380 φυλακην
2654 4303 2956 4373 ἀνήκουσαν
3017 4301 3307 4374 ἐπαφέντες
3362 4302 3528 4373 αὐτῷ.
3574 4307 3679 4358 Καὶ
3739 4305 3859 4359 τοί-

2207 4417 2296 4448 νυν
2332 4399 2441 4447 τῶν
2493 4394 2736 4465 σημείων
2789 4391 3006 4447 ἐκείνων
3060 4390 3316 4465 οὐδαμῶς
3369 4394 3864 4465 μετακινηθέντων,

2207 4487 2303 4536 τοῦ
2368 4482 2520 4536 λίθου
2579 4503 2635 4535 τε
2693 4482 2933 4560 ἀφ’)φητῖ
2987 4481 3183 4536 ἐκεῖθεν
3241 4478 3626 4557 ἀποριίυέ“¹τ⁰ς’
3694 4485 3866 4558 “alti.

453 4575 939 4646 confringeretur,
989 4579 1090 4632 aut
1129 4579 1288 4646 petra
1331 4578 1821 4646 perrumperetur)
1853 4593 1964 4631 non
2001 4593 2094 4646 po-

2211 4571 2306 4626 λου
2337 4569 2540 4649 σφόδρα
2573 4573 2702 4626 εἶναι
2753 4574 3227 4646 μαρτυρουμένου,
3271 4571 3344 4632 ὡς
3394 4571 3484 4626 καὶ
3532 4578 3652 4632 ταῖς
3711 4573 3863 4646 μῦρα

453 4664 652 4720 tuerit.
703 4666 891 4736 Atque
931 4665 1004 4719 ad
1051 4663 1207 4720 hunc
1247 4663 1486 4720 modum
1528 4678 1656 4718 cum
1693 4679 1906 4736 magna
1935 4681 2095 4734 cura,

452 4758 629 4826 atque
659 4754 828 4809 etiam
863 4753 1031 4825 signo
1063 4769 1354 4824 appresso,
1381 4768 1512 4808 cum
1537 4753 1872 4824 sepulcrum
1897 4754 2099 4809 firmis-

453 4842 600 4898 sime
638 4843 1125 4909 communissent,
1169 4842 1434 4898 custodia
1479 4847 1717 4912 insuper
1745 4845 2094 4912 competenti

453 4931 732 4998 adhibita,
767 4948 866 4988 eos
899 4932 1133 4988 abiisse.
1165 4935 1550 5004 Quapropter,
1590 4948 1723 4986 cum
1761 4931 1900 4986 nihil
1935 4949 2096 5002 pror-

453 5037 556 5078 sus
581 5023 654 5077 de
685 5023 868 5093 signis
901 5022 1018 5077 illis
1052 5029 1274 5076 motum
1313 5027 1671 5076 [nutatumve
1713 5026 1887 5090 esset,
1921 5027 1978 5076 et
2007 5021 2096 5076 la-

454 5111 544 5182 pis
575 5111 796 5182 absque
826 5111 1050 5181 fragore
1098 5115 1155 5165 et
1200 5109 1393 5165 sonitu
1445 5109 1577 5164 inde
1610 5109 2098 5180 defluxisset_(qui

453 5200 686 5269 quidem
717 5216 964 5256 manuus
998 5200 1176 5256 fuisse
1211 5199 1591 5272 perhibetur),
1615 5200 1694 5255 ita
1718 5205 1780 5252 ut
1808 5205 2102 5268 unguenta

453 5289 828 5344 aiferentibus
874 5288 1240 5355 mulieribus,
1282 5293 1340 5344 et
1387 5288 1689 5358 discipulis
1740 5287 1882 5356 ipsis
1934 5305 2102 5342 acce-

454 5377 752 5444 dentibus,
787 5377 979 5432 locum
1015 5377 1126 5445 his,
1161 5377 1256 5432 ubi
1288 5393 1498 5446 corpus
1531 5376 1854 5447 depositum
1895 5376 2098 5442 fuerat,

456 5465 858 5535 magnitudine
905 5483 1013 5521 sua
1061 5471 1258 5537 aperte
1311 5465 1628 5521 indicarit:
1665 5464 1796 5534 quis
1837 5481 1950 5519 non
1986 5467 2102 5518 evi-

458 5553 687 5608 dentem
731 5553 880 5608 hanc
913 5558 969 5610 et
1001 5553 1450 5624 irrel'ragabilem
1492 5551 1936 5607 resurrectionis
1972 5570 2104 5623 pro-

462 5639 762 5698 bationem
795 5647 970 5714 atque
998 5642 1552 5698 demonstrationem
1586 5638 1992 5710 agnoscat?Et
2015 5645 2100 5697 ta-

2209 4663 2581 4733 κομιζούσαις,
2635 4661 2722 4714 καὶ
2771 4662 2959 4724 αὐτοῖς
3006 4663 3300 4733 μαθηταῖς,
3341 4660 3433 4715 τὸν
3489 4665 3678 4736 χῶρον
3737 4660 3866 4717 ἔνθα

2207 4752 2270 4804 τὸ
2322 4755 2478 4824 σῶμα
2537 4745 2733 4817 ἔκειτο,
2786 4747 2856 4804 δι’
2913 4747 3120 4804 ἐκείνου
3178 4753 3467 4826 προφανῶς
3517 4749 3870 4806 καταδείκνυ-

2209 4843 2328 4896 σθαι
2379 4845 2652 4913 προϊοῦσι,
2702 4845 2818 4901 πῶς
2869 4839 2971 4894 οὐκ
3003 4838 3234 4914 ἐναργής
3284 4840 3422 4908 αὕτη
3468 4839 3558 4892 καὶ
3609 4841 3867 4916 ἀναντίρ-

2210 4929 2374 5004 ῥητος
2433 4936 2531 4998 τῆς
2593 4929 2929 4990 ἀναστάσεως
2990 4930 3023 4997 ἠ
3087 4925 3402 4998 ἀπόδειξιςς
3461 4931 3700 4984 Τοιαῦτα
3767 4932 3863 5000 μὲν

2210 5019 2276 5088 δη
2328 5021 2414 5073 καὶ
2471 5024 2660 5089 ταῦτα,
2695 5027 2793 5088 τῆς
2857 5019 3194 5080 ἀναστάσεως
3251 5023 3348 5073 τοῦ
3408 5025 3676 5091 Σωτῆρος
3735 5042 3866 5075 τεκ-

2212 5113 2385 5183 μήρια
2415 5107 2755 5180 ἐκδηλότατα
2789 5128 2800 5140 ·
2849 5111 2910 5164 τὸ
2942 5105 2998 5162 δὲ
3041 5112 3148 5163 τῶν
3183 5109 3409 5163 ὀθονίων
3456 5107 3634 5162 εἷ’τουν
3681 5107 3864 5164 σινδὸ-

2208 5220 2335 5266 νων,
2370 5199 2411 5250 εἰ
2447 5196 2501 5252 δὲ
2549 5197 2762 5272 βούλει,
2802 5198 2890 5251 καὶ
2940 5198 2990 5251 ἐν
3040 5203 3108 5271 τῇ
3158 5197 3373 5276 κεφαλῇ
3427 5195 3725 5271 σουδαρέου
3775 5198 3866 5252 αῦ-

2210 5290 2290 5350 02;
2321 5289 2547 5356 ὁποῖον;
2595 5291 2771 5342 Ταῦτα
2801 5286 2887 5340 καὶ
2933 5289 3035 5360 γάρ
3177 5285 3386 5360 σμύρνῃ
3435 5287 3526 5339 καὶ
3575 5285 3718 5360 ἁλός,
3773 5287 3864 5341 κάὲ

2209 5383 2288 5448 τῷ
2367 5383 2661 5451 ζωαρχικῷ
2735 5378 2946 5448 σώματι
3023 5376 3206 5447 ἐκείνῳ
3279 5375 3696 5451 προσαρηρότα,
3774 5379 3866 5431 καὶ

2213 5469 2380 5521 οἱονεὶ
2427 5466 2481 5520 ἓν
2543 5472 2702 5539 σῶμα
2745 5470 2813 5540 τῇ
2871 5471 2976 5519 τῶν
3026 5465 3332 5538 ἀρωμάτων
3385 5463 3671 5536 δυναστείᾳ
3720 5487 3866 5541 γεγε-

2212 5557 2440 5628 νημένα,
2502 5555 2757 5628 οὐδαμῶς
2821 5557 2922 5609 ὑπὸ
2980 5553 3193 5624 κλοπὴν
3251 5556 3315 5609 τὸ
3364 5559 3525 5626 σῶμα
3579 5561 3870 5629 συγχωρεῖ

2214 5646 2456 5720 γενέσθαι
2516 5647 2650 5702 κατὰ
2703 5649 2804 5717 τήν
2864 5643 3170 5716 Ἰουδαϊκήν
3227 5639 3683 5725 φρενοϐλάϐειαν.
3737 5650 3866 5708 Πῶς
