4100 6218
319 379 438 438 729

1350 369 1975 448 scoeusmsricis
2018 389 2410 451 HISTORle
2452 389 2598 450 LIB.
2646 389 2693 448 1.

3603 388 3724 451 730

311 513 415 590 γὰρ
474 513 535 569 ἂν
589 515 677 571 καὶ
732 515 1026 592 ἐγύμνουν,
1080 519 1168 575 καὶ
1226 524 1393 574 ταῦτα
1448 519 1797 588 κλέπτοντες,
1856 523 1941 576 ἀθι

2080 523 2160 580 Iia
2189 523 2426 596 quidem
2460 527 2602 580 sunt
2633 522 2754 580 haec
2796 522 3247 581 resurrectionis
3275 522 3598 580 Servatoris
3628 523 3720 580 in-

315 609 430 678 γῶν
467 610 600 682 ,τῶν
661 603 920 685 ἐπιταφίων
980 609 1070 662 καὶ
1128 609 1263 663 κατά
1320 606 1506 683 χώραν
1563 609 1801 664 ἑκάστων
1861 629 1968 664 πα-

317 695 676 768 ρακειμένων,
731 697 820 750 καὶ
874 695 1263 772 εῦσχημόνων,
1309 700 1489 762 καθὼς
1537 698 1642 773 ἄρα
1683 699 1774 753 καὶ
1821 719 1969 773 περι-

1681 789 1694 807 ,
1743 787 1828 813 εἰ-μῖ
1874 787 1888 813 ζ

315 783 518 852 ἐκειτο,
552 789 650 840 τοῦ
703 807 760 839 τε
809 784 1107 856 σουδαρίου
1157 789 1232 861 μή
1289 786 1521 864 φύρδην,
1565 785 1694 842 ἀλλ’
1743 787 1828 866 ὕφ’
1874 785 1967 842 ἕνα

311 873 480 926 τύπον
539 874 836 950 σωφρόνως
903 874 1355 950 περιειλουμένου
1427 877 1564 952 πρὸς
1632 877 1723 931 τὸν
1796 876 1962 932 τόπον

313 969 414 1030 τῆς
472 962 752 1040 κεφαλῆς
817 965 1146 1039 Παρίσταται
1200 969 1489 1040 τοιγαροῦν
1554 970 1672 1028 τοῖς
1725 965 1963 1022 συνιέναι

310 1056 513 1126 γνῶαιν
557 1053 856 1122 ἐθέλουσιν,
891 1055 1076 1130 ὅτιπερ
1141 1055 1202 1110 ού
1254 1057 1420 1130 μόνον
1476 1058 1776 1129 τθιήμεοος
1829 1056 1964 1130 μετᾶ

311 1142 570 1214 σώματος
631 1142 822 1214 ἀνέστη
880 1145 906 1199 ὁ
968 1145 1190 1218 Κύριος,
1250 1145 1396 1201 ἀλλᾶ
1455 1148 1589 1220 μετᾶ
1645 1145 1847 1201 λεπτοῦ
1904 1167 1961 1201 τε

307 1229 400 1284 καὶ
461 1233 686 1306 κούφου,
744 1232 833 1287 καὶ
885 1232 1064 1288 ούκὲτι
1129 1237 1328 1304 θνητοῦ
1383 1235 1472 1290 καὶ
1551 1237 1790 1313 φθαρτοῦ
1867 1234 1958 1290 καὶ

308 1320 541 1398 παχέος,
597 1321 672 1382 ὼς
749 1321 1036 1396 πρότερον,
1095 1323 1371 1400 ἀφθάρτου
1447 1322 1505 1378 δὲ
1581 1323 1797 1397 μᾶλλον
1864 1324 1956 1379 καὶ

304 1407 593 1476 ἀθανάτου,
640 1409 729 1464 καὶ
777 1412 841 1466 τὸ
899 1411 1028 1468 ὅ),ον
1085 1413 1265 1488 φάναι,
1299 1412 1813 1486 πνευματικωτὲρῠυ
1865 1414 1954 1469 καὶ

305 1495 604 1572 θειοτέρου,
662 1499 749 1553 καὶ
829 1500 1063 1572 ὁμοθέου
1125 1500 1304 1577 λέγειν
1383 1499 1589 1576 Οαρῥω,
1650 1501 1956 1576 κατάληψίν

302 1605 361 1638 τε
445 1585 623 1655 πάσης
701 1586 1002 1658 αἰσθήσεως
1091 1585 1535 1664 ὑπερϐαίνοντος,
1594 1589 1816 1655 ἐσθῆτός
1897 1611 1954 1645 τε

302 1674 394 1727 καὶ
453 1675 684 1749 βρώσεις
744 1677 1062 1752 ὑπερτέρου,
1122 1679 1195 1740 ὡς
1253 1677 1340 1733 καὶ
1401 1677 1489 1733 διὰ
1555 1677 1952 1750 κεκλεισμένων

302 1764 440 1816 κατὰ
488 1762 642 1840 φύσιν
701 1767 876 1839 θυρῶν
934 1766 1154 1821 εἰσιέναι
1187 1786 1201 1800 ·
1263 1767 1307 1822 εί
1356 1767 1447 1822 καὶ
1497 1763 1948 1844 συγκαταϐἀσεως

302 1851 498 1926 λόγοις
558 1853 851 1931 ὑπερρυέσι
909 1861 1026 1918 τοῖς
1085 1855 1308 1918 οἰκείοις
1377 1856 1680 1931 ὁρώμενος,
1737 1859 1833 1927 τήν
1893 1877 2029 1958 τεΒ

345 1939 367 1958 η
492 1943 507 1958 .
648 1945 659 1958 .
751 1945 762 1958 .
897 1950 920 1958 -
1020 1945 1075 1958 ..ς
1307 1948 1317 1958 .
1491 1947 1536 1958 ,.
1598 1947 1616 1958 .
1713 1953 1738 1958 μ
1937 1946 1950 1958 .

301 1939 544 2017 πλευρὰν
572 1945 662 1998 καὶ
710 1945 806 2006 τὰς
855 1950 962 1999 τῶν
1013 1945 1168 2015 ἥλων
1215 1948 1434 2020 τρήσεις
1485 1947 1828 2024 ἐψηλαφᾶτο,
1861 1946 1951 2002 καί

299 2039 511 2107 τροφῆς
563 2039 806 2111 μετεῖχε,
838 2033 927 2088 καὶ
979 2034 1172 2110 ἰχθύος
1219 2037 1304 2090 καὶ
1365 2034 1586 2107 μελιτος
1636 2037 1949 2111 ἀπεγεύετο,

301 2120 362 2174 ού
422 2127 642 2194 πεινῶν,
704 2123 782 2184 είς
839 2123 1102 2179 πίστωσιν
1166 2125 1261 2198 μὲν
1317 2132 1414 2195 τῆς
1475 2130 1662 2193 καινῆς
1717 2127 1949 2183 ἀναστά-

299 2232 462 2280 σεως,
515 2219 614 2275 τῆς
665 2211 722 2269 δὲ
770 2215 1056 2289 φαντασίας
1105 2217 1398 2292 ἀναίρεσιν,
1450 2217 1638 2294 λόγοις
1685 2217 1946 2293 ἀῤῥήτοις

291 2309 396 2369 τῆς
450 2309 657 2380 τροφῆς
714 2305 794 2376 τῷ
846 2305 976 2380 πυρὶ
1030 2312 1133 2376 τῆς
1191 2307 1451 2378 θεότητος
1508 2306 1947 2381 ἀναλισκομένης

297 2391 609 2468 ὑπερφυῶς.

2078 612 2230 668 dicia
2285 612 2676 685 apertissima.
2735 611 3012 668 Sindonis
3073 629 3209 668 vero
3267 617 3325 668 et
3382 611 3720 678 linteorum,

2076 701 2376 774 ipsiusque
2405 702 2569 770 adeo,
2601 701 2649 756 si
2675 700 2886 772 placet,
2918 701 2978 757 in
3009 701 3191 771 capite
3209 701 3456 772 sudarii,
3483 717 3716 757 rursum

2077 790 2321 862 qualia?
2349 791 2482 846 Haec
2512 789 2728 848 etenim
2772 791 3036 862 myrrhae,
3078 795 3136 846 et
3179 790 3340 860 aloes,
3375 795 3431 846 et
3460 791 3602 846 item
3633 791 3724 844 vi—

2075 881 2240 936 viﬁco
2265 881 2494 953 corpori
2518 879 2609 936 illi
2637 885 2960 951 compacta,
2992 883 3050 935 et
3079 881 3244 952 quasi
3279 895 3457 936 unum
3489 896 3719 952 corpus,

2077 975 2502 1042 unguentorum
2552 969 2606 1024 vi
2656 977 2831 1041 atque
2877 968 3158 1036 efﬁcacia,
3210 970 3384 1037 facta,
3415 967 3724 1040 haudqua-

2072 1075 2246 1132 quam
2281 1076 2491 1132 corpus
2529 1059 2729 1114 furtim
2782 1059 2997 1114 auferri
3050 1058 3387 1129 permisere,
3423 1059 3591 1128 juxta
3618 1059 3724 1113 Ju-

2071 1152 2327 1208 daeorum
2361 1153 2630 1208 insanam
2663 1151 3038 1207 dementiam.
3074 1151 3228 1206 ua
3253 1151 3550 1214 Quomodo
3565 1149 3723 1206 enim

2069 1257 2283 1313 corpus
2314 1241 2510 1313 ipsum
2535 1241 2848 1306 nudantes,
2868 1239 2990 1295 hzec
3013 1239 3167 1297 fures
3185 1239 3271 1296 sic
3292 1239 3722 1296 detraxissent?

2069 1345 2206 1386 eum
2259 1329 2613 1404 sepulcralia
2645 1329 2826 1386 lintea
2877 1329 3116 1397 intacta,
3156 1333 3212 1384 et
3259 1329 3552 1396 decenter,
3597 1344 3719 1398 per-

2069 1419 2204 1476 inde
2233 1425 2402 1492 atque
2432 1419 2483 1476 ei
2510 1419 2874 1476 circumdata
2905 1419 3162 1488 fuerant,
3193 1433 3299 1474 suo
3329 1433 3572 1488 quaeque
3595 1415 3720 1472 loco

2067 1515 2300 1582 reperta
2330 1509 2498 1565 sint?
2529 1513 2586 1565 et
2615 1507 2919 1564 sudarium
2949 1525 3063 1563 non
3091 1511 3328 1575 temere,
3351 1506 3456 1562 sed
3485 1506 3543 1561 in
3577 1523 3718 1568 uno,

2063 1598 2270 1669 capitis
2299 1597 2524 1654 scilicet
2571 1597 2717 1664 Ioco,
2761 1597 2865 1652 rite
2897 1595 3386 1652 circumvolutum
3411 1595 3714 1666 jacuerit?

2061 1685 2294 1742 Certum
2327 1686 2523 1758 itaque
2555 1690 2646 1742 est
2677 1701 2741 1740 ac
2775 1701 3118 1755 persuasum
3150 1683 3450 1751 omnibus,
3483 1683 3582 1755 qui
3619 1686 3714 1738 in-

2061 1776 2316 1849 telligere
2361 1775 2876 1848 cognitionemque
2924 1775 3158 1846 assequi
3205 1778 3263 1828 et
3308 1781 3461 1829 recte
3511 1791 3714 1844 sapere

2061 1864 2284 1932 volunt,
2316 1864 2630 1920 Dominum
2666 1881 2779 1920 non
2829 1866 3020 1920 solum
3075 1863 3167 1919 die
3218 1863 3384 1919 tertio
3415 1879 3549 1920 cum
3583 1879 3709 1919 cor-

2060 1970 2197 2024 pore
2225 1953 2571 2018 surrexisse,
2622 1954 2720 2008 sed
2766 1952 2938 2008 etiam
2986 1967 3119 2007 cum
3171 1967 3410 2024 corpore
3450 1951 3611 2008 tenui
3645 1967 3711 2007 ac

2063 2042 2169 2098 levi
2195 2059 2209 2110 ;
2233 2059 2338 2100 nec
2368 2041 2624 2114 amplius
2654 2041 2880 2097 mortali
2915 2047 2972 2097 et
2999 2039 3368 2109 corruptibili
3395 2045 3453 2096 et
3482 2057 3700 2107 crasso,

2060 2137 2124 2188 ut
2153 2138 2347 2200 antea,
2381 2131 2484 2187 sed
2521 2147 2763 2202 prorsus
2796 2129 3227 2202 incorruptibili
3261 2133 3316 2185 et
3364 2129 3714 2185 immortali.

2058 2225 2232 2294 atque
2261 2221 2350 2292 (ut
2403 2219 2580 2277 semel
2629 2218 2844 2291 dicam)
2893 2217 3191 2292 spirituali
3243 2219 3428 2290 magis
3475 2226 3529 2274 et
3559 2218 3710 2274 divi-

2057 2311 2238 2378 niora,
2271 2310 2544 2382 quodque
2597 2307 2776 2364 simul
2825 2307 2976 2364 Deus
3023 2311 3179 2364 esset
3208 2308 3365 2380 (nam
3399 2308 3483 2363 sic
3515 2307 3704 2362 dicere

2053 2401 2292 2473 ausim),
2326 2406 2564 2472 captum
2612 2415 2818 2455 sensus
2861 2397 3055 2454 omnis
3087 2397 3420 2465 excellente,
3452 2396 3697 2454 vestitu-

291 2499 410 2556 que
437 2488 497 2540 et
525 2485 824 2556 alimento,
859 2504 970 2559 quo
1003 2505 1117 2545 non
1151 2490 1456 2562 indigeret,
1489 2491 1812 2563 superiore,
1861 2493 1942 2550 ita
1987 2498 2051 2550 ut
2097 2498 2152 2550 et
2200 2491 2429 2547 clausas
2481 2490 2631 2544 fores
2676 2488 3026 2545 naturaliter
3057 2487 3459 2560 pertransiret,
3491 2502 3704 2557 quam-

293 2573 382 2630 vis
423 2574 667 2632 miriiica
715 2577 935 2634 ratione
971 2580 1380 2637 submissionis
1429 2585 1602 2653 atque
1650 2583 2129 2640 conformationis
2161 2583 2256 2655 (1),
2299 2581 2383 2637 eis
2423 2596 2568 2651 quos
2608 2578 2722 2634 sibi
2768 2579 2828 2634 in
2867 2578 3173 2633 arctiorem
3224 2575 3705 2633 consuetudinem

293 2664 603 2734 acciverat,
665 2672 1008 2742 conspectus
1066 2669 1164 2740 sit,
1219 2679 1273 2726 et
1330 2670 1484 2727 latus
1542 2673 1898 2744 ﬁssurasque
1947 2674 2243 2730 clavorum
2301 2670 2644 2726 contrectari
2705 2669 2923 2738 siverit,
2981 2669 3290 2738 cibumque
3347 2667 3580 2738 ceperit,
3643 2684 3708 2722 ac
3771 2693 3776 2708 ι

300 2753 494 2823 pisces
526 2760 584 2812 et
614 2757 728 2812 mel
772 2759 1119 2828 gustaverit;
1152 2776 1271 2817 non
1319 2759 1418 2816 ille
1467 2761 1702 2833 quidem
1754 2763 1909 2834 quod
1957 2763 2224 2830 esuriret,
2270 2761 2370 2817 sed
2423 2763 2488 2815 ut
2535 2758 2708 2815 fidem
2769 2757 3213 2814 resurrectionis
3260 2772 3419 2812 novas
3467 2755 3700 2823 faceret,

299 2849 357 2900 et
391 2845 822 2916 phantasmatis
855 2847 1184 2920 Opinionem
1241 2850 1516 2918 aboleret,
1563 2850 1844 2908 ineffabili
1891 2853 2145 2924 quodam
2198 2851 2367 2907 modo
2415 2856 2620 2922 praeter
2668 2851 2934 2904 naturam
2985 2847 3260 2902 alimento
3308 2863 3341 2901 a
3381 2843 3702 2901 divinitatis

295 2936 434 3010 igne
464 2943 832 3010 consumpto.

903 3052 1163 3104 ΚΕΦΔᾹ.
1207 3050 1326 3106 Kl".

297 3136 619 3214 Hegi.-th
659 3135 864 3214 ᾁγίων
919 3143 1254 3214 γυναικῶν
1309 3139 1731 3214 μυροφόρων,
1792 3138 1938 3214 ὁσά-

319 3206 428 3268 κις
472 3206 578 3262 ἐπὶ
617 3206 725 3262 τὸν
765 3206 1115 3285 ζωηῲόρον
1155 3206 1320 3276 ἧκον
1352 3206 1558 3284 τάφον
1587 3206 1909 3284 Χριστοῦ.

362 3297 486 3373 Οὐχ
515 3299 680 3364 ἧττον
726 3294 780 3352 δὲ
824 3298 898 3360 εἰς
948 3294 1236 3372 βεϐαίωσιν
1285 3306 1384 3367 τῆς
1432 3297 1672 3367 ἀληθοῦς
1691 3301 1937 3354 ἀναστα-

290 3405 426 3447 σεως
476 3385 565 3438 καὶ
621 3388 654 3454 ἡ
701 3387 844 3460 παρὰ
887 3387 991 3440 τῶν
1049 3387 1375 3464 μοροφὸρων
1422 3393 1689 3459 γυναικῶν
1736 3409 1938 3462 μαρτυ-

291 3474 398 3548 ρία.
462 3475 648 3530 ΙΙισταὶ
710 3474 811 3549 γὰρ
873 3475 1017 3550 παρᾶ
1073 3481 1189 3548 Θεῷ
1248 3477 1336 3530 καὶ
1394 3476 1567 3534 αὗται.
1632 3479 1782 3532 Ἐπεί
1853 3477 1939 3531 τοί

289 3584 347 3636 γε
379 3562 432 3617 ἐν
478 3568 695 3637 Χριστῷ
727 3565 912 3633 Ἰησοῦ
963 3563 1062 3619 ούκ
1107 3567 1282 3639 ἄρσεν,
1315 3565 1377 3620 οὐ
1427 3567 1588 3636 θῆλυ,
1637 3564 1758 3622 οὕτε
1810 3565 1937 3622 δοῦ-

293 3651 415 3724 λος,
461 3649 585 3706 οὔτε
642 3651 971 3725 ἐλεύθερος⁹
1030 3652 1158 3708 ἀλλ’
1207 3657 1284 3715 εἷς
1341 3652 1392 3708 ἐν
1446 3661 1563 3716 τοῖς
1619 3655 1789 3728 ἀξίοις
1847 3657 1933 3710 καὶ

293 3739 380 3796 ἐπὶ
441 3745 600 3795 πᾶσιν
656 3743 684 3796 ὁ
741 3742 960 3815 Κύριοσ,
1023 3744 1123 3814 μία
1179 3764 1238 3798 τε
1293 3744 1498 3812 πίστις,
1549 3743 1605 3798 ἓν
1666 3765 1722 3800 τε
1783 3747 1934 3820 ἅγιον

298 3834 543 3903 Πνεῦμα,
571 3832 632 3886 τὸ
677 3833 852 3886 πάντα
900 3830 1164 3904 ἐνεργοῦν,
1214 3833 1288 3895 ὥς
1331 3855 1390 3906 γε
1425 3833 1744 3908 βουλομένῳ
1794 3833 1932 3888 ἐστὶν

296 3920 466 3991 αὐτῷ.
528 3921 615 3982 Ὠς
663 3924 795 3996 γοῦν
853 3921 906 3974 οἱ
963 3922 1137 3984 εὐθεῖς
1193 3926 1304 3976 τῶν
1365 3923 1663 3995 ἀνθρώπων
1714 3919 1936 3997 παραδε·

295 4008 447 4062 κτέοι
481 4007 696 4080 μᾶλλον
745 4003 930 4080 ἔδοξαν
961 4010 1049 4063 καὶ
1097 4009 1302 4075 πιστοῖ,
1335 4007 1406 4066 δι’
1435 4011 1508 4065 ῶν
1552 4011 1640 4064 καὶ
1675 4011 1702 4065 ὁ
1730 4011 1936 4082 κόσμος

293 4097 426 4157 ὅλος
485 4101 554 4170 τῇ
609 4097 931 4174 εύαγγελικῇ
1010 4097 1300 4174 ἐζωγρήθη
1376 4101 1599 4174 σαγήνῃ,
1656 4099 1746 4152 καὶ
1822 4101 1936 4171 μετ’

290 4189 487 4250 αὐτοὺς
537 4185 715 4260 ἕτεροι
744 4190 808 4243 τὰ
860 4186 1134 4262 δευτερεῖα
1179 4189 1315 4264 πρός
1363 4210 1418 4243 τε
1468 4189 1644 4243 πίστιν
1690 4191 1775 4243 καῖ
1835 4192 1934 4258 τήν

288 4277 474 4347 ἀληθῆ
532 4283 734 4352 γνῶσιν
810 4279 1057 4356 φέροντες
1094 4300 1107 4312 ·
1173 4278 1316 4334 οὕτω
1371 4280 1461 4334 καὶ
1541 4284 1791 4354 γυναῖκες
1851 4279 1934 4334 ὅτι

290 4366 542 4422 πλεῖσται
623 4366 1048 4446 παρελήφθησαν
1121 4374 1202 4440 τῷ
1285 4373 1502 4442 Χριστῷ
1583 4367 1930 4424 πιστεύσασαι

287 4457 375 4511 καὶ
416 4457 484 4510 τὰ
540 4457 676 4529 πρὸς
727 4456 914 4530 χρείαν
971 4455 1333 4514 διακονοῦσαι.
1383 4458 1572 4512 Πασῶν
1634 4456 1685 4513 δ’
1741 4457 1927 4529 ἐπιση-

291 4549 505 4618 μοτάτη
533 4544 646 4600 ἐστὶ
693 4545 894 4618 Μαρία,
925 4548 960 4615 ἣ
1011 4545 1070 4600 ἐκ
1116 4544 1424 4621 Μαγδάλων
1471 4546 1706 4622 ὥρμητο
1742 4565 1754 4579 ⁸
1807 4547 1930 4616 ἥτις

287 4635 376 4689 καὶ
435 4633 723 4709 πρότερον,
795 4635 928 4690 ἑπτά
984 4635 1253 4709 πνεύμασι
1311 4635 1549 4714 κάτοχος
1627 4635 1781 4703 ούσα,
1840 4637 1929 4690 καὶ

289 4724 394 4778 ὑπὸ
427 4728 526 4780 τοῦ
572 4724 751 4794 Ἰησοῦ
779 4729 876 4778 τοῦ
925 4720 1104 4799 ὄχλου
1144 4723 1362 4779 ἐκείνων
1413 4723 1806 4800 ἀπαλλαγεῖσα,
1832 4730 1930 4780 τοῦ

288 4813 487 4868 λοιποῦ
545 4819 778 4867 συνεῖναι
837 4814 927 4868 καὶ
1003 4809 1397 4888 συνδιατρίϐειν
1471 4819 1551 4886 τῷ
1628 4818 1928 4888 θεραπευτῇ

286 4901 392 4957 δεῖν
440 4901 599 4974 ᾤετο.
651 4904 813 4960 ’Ὅθεν
862 4903 951 4957 καὶ
1007 4908 1076 4978 τῇ
1126 4907 1224 4958 τοῦ
1273 4907 1409 4960 Θεοῦ
1458 4903 1640 4977 Μητρὶ
1688 4902 1778 4958 καὶ
1831 4910 1932 4958 Σα-

287 4991 452 5066 λώμῃ
504 4991 592 5046 καὶ
640 4995 708 5062 τῇ
758 4991 904 5065 ἄλλῃ
957 4992 1163 5068 Μαρίᾳ,
1211 4992 1433 5068 θυγατρὶ
1496 4993 1590 5066 μὲν
1644 4995 1740 5047 τοῦ
1793 4995 1926 5065 μνή-

284 5102 474 5154 στορος
526 5081 752 5160 Ἰωσήφ,
806 5081 866 5136 ἐκ
914 5081 1103 5136 Κλοπᾶ
1147 5079 1204 5136 δὲ
1247 5085 1348 5148 τῆς
1397 5085 1495 5138 τοῦ
1543 5080 1782 5161 ἀδελφοῦ
1829 5104 1926 5160 γυ·

355 5290 430 5362 (t)
463 5312 492 5341 ‹‹
528 5289 600 5346 Ut
647 5289 992 5346 resurrectio
1042 5292 1390 5359 crederetur,
1442 5291 1616 5348 talem
1667 5308 1725 5347 se
1763 5290 1932 5346 exhi-

289 5365 436 5416 nuit.
472 5362 870 5436 »‘(Cbrys_ost.)
904 5383 931 5412 «
967 5363 1044 5436 Es
1064 5364 1500 5436 dispensatione
1521 5381 1634 5420 non
1656 5364 1712 5419 in
1737 5363 1931 5419 debita

286 5432 546 5508 corporis
573 5432 882 5508 suigloria,
898 5435 996 5488 sed
1017 5434 1074 5488 in
1091 5432 1278 5508 prima
1299 5435 1490 5508 Iigura
1514 5437 1877 5492 cernebatur.
1899 5456 1926 5484 ››

287 5505 504 5578 (Cypr.)
537 5526 567 5554 ‹‹
598 5505 707 5560 Sed
743 5505 1227 5578 nequeeamdem
1262 5505 1531 5577 gloriam,
1555 5523 1725 5578 quam
1759 5511 1930 5561 antea

285 5576 541 5632 ostendit
573 5577 876 5648 apostolis,
909 5577 1065 5632 illico
1096 5576 1373 5634 ostendit.
1409 5578 1518 5634 Sed
1552 5576 1700 5648 quod
1730 5579 1928 5633 videre

285 5647 726 5716 consueverant,
757 5647 867 5705 hoc
898 5649 1166 5705 viderunt
1198 5666 1212 5705 :
1244 5653 1302 5706 et
1330 5649 1511 5705 dilata
1529 5647 1618 5705 est
1647 5649 1928 5706 claritatis

287 5719 608 5791 plenitudo,
641 5735 769 5792 qua
798 5719 859 5778 in
898 5737 962 5780 se
991 5726 1116 5780 erat
1144 5723 1417 5794 perfecta.
1450 5741 1480 5774 »
1509 5720 1643 5794 (Id.)

2603 3046 2838 3103 CAPUT
2876 3045 3131 3102 XXXIII.

2050 3141 2126 3195 De
2151 3139 2356 3194 sanctis
2383 3137 2714 3193 mulieribus
2753 3147 3096 3208 unguentum
3133 3135 3454 3206 ferentibus,
3488 3133 3696 3204 quoties

2207 3210 2278 3265 ad
2306 3209 2582 3279 vici/tcum
2613 3208 2823 3263 Christi
2849 3209 3158 3275 sepulcrum
3186 3209 3530 3263 accesserint.

2119 3299 2319 3370 Neque
2348 3315 2479 3354 vero
2512 3297 2706 3353 minus
2737 3298 2807 3352 ad
2843 3314 3036 3353 veram
3069 3302 3405 3368 certamque
3437 3311 3689 3351 resurre-

2049 3389 2302 3444 ctionem
2324 3387 2788 3443 conﬁrmandam
2814 3387 3031 3443 faciunt
3055 3386 3365 3442 mulierum
3390 3391 3690 3458 unguenta

2048 3477 2354 3534 ferentium
2405 3475 2737 3533 testimonia
2765 3477 2861 3548 (2).
2913 3475 3058 3532 Nam
3090 3481 3144 3532 et
3176 3475 3294 3531 haec
3324 3475 3498 3532 ﬁdem
3532 3475 3684 3546 apud
3721 3513 3732 3522 -

2047 3565 2228 3622 Deum
2279 3573 2592 3622 merentur.
2635 3565 2698 3620 In
2743 3564 2971 3620 Christo
3019 3580 3267 3636 namque
3317 3564 3458 3620 Jesu
3499 3579 3686 3636 neque

2048 3653 2371 3724 masculus,
2433 3671 2620 3726 neque
2678 3654 2914 3719 femina,
2975 3669 3163 3726 neque
3216 3669 3442 3721 servus,
3499 3669 3687 3724 neque

2049 3744 2237 3801 liber:
2289 3745 2391 3801 sed
2443 3761 2596 3800 unus
2643 3743 2702 3798 in
2751 3741 2944 3815 dignis
2991 3746 3164 3814 atque
3211 3742 3458 3810 idoneis,
3509 3745 3686 3814 atque

2047 3835 2190 3889 adeo
2220 3834 2278 3889 in
2311 3833 2583 3889 omnibus
2603 3831 2887 3888 Dominus
2913 3848 2925 3886 :
2951 3848 3062 3887 una
3087 3831 3251 3900 fides,
3278 3847 3428 3886 unus
3453 3837 3686 3888 sanctus

2044 3923 2320 3994 Spiritus,
2351 3922 2446 3994 qui
2477 3921 2656 3977 eiﬂcit
2701 3925 2873 3992 atque
2917 3924 3191 3992 operatur
3220 3936 3320 3991 pro
3352 3919 3590 3975 arbitrio
3629 3926 3687 3976 et

2044 4011 2342 4068 voluntate
2389 4029 2496 4068 sua
2534 4011 2752 4070 omnia.
2785 4011 2988 4082 Itaque
3018 4010 3510 4082 quemadmodum
3544 4010 3682 4066 recti

2048 4101 2374 4173 integrique
2405 4100 2690 4168 homines,
2727 4116 2826 4172 per
2857 4116 3002 4173 quos
3048 4104 3105 4155 et
3153 4101 3409 4156 mundus
3442 4099 3681 4155 univer-

2046 4207 2148 4246 sus
2195 4191 2526 4262 evangelica
2576 4206 2791 4261 sagena
2837 4194 3044 4262 captus
3103 4193 3212 4256 est,
3260 4193 3316 4246 et
3361 4190 3680 4246 secundum

2045 4278 2152 4336 hos
2181 4279 2302 4348 alii,
2334 4279 2620 4336 secundas
2666 4279 2724 4334 in
2777 4279 2888 4335 Iide
2937 4277 3314 4350 veritatisque
3357 4277 3686 4350 cognitione

2043 4369 2315 4436 ferentes,
2368 4368 2465 4438 qui
2498 4385 2610 4438 prae
2657 4367 2880 4425 caeteris
2919 4373 3154 4440 propter
3183 4368 3359 4423 ﬁdem
3390 4368 3682 4440 egregiam

2039 4458 2479 4530 susciperentur
2509 4457 2671 4530 digni
2702 4458 2810 4514 visi
2839 4463 3018 4514 sunt:
3053 4459 3135 4514 sic
3163 4461 3222 4514 et
3253 4457 3527 4515 mulieres
3561 4457 3683 4531 plu-

2040 4549 2204 4605 rima:
2242 4549 2567 4615 credentes,
2617 4553 2673 4605 et
2725 4549 3047 4605 necessaria
3093 4549 3144 4605 ei
3200 4549 3620 4616 ministrantes,
3651 4567 3682 4603 a

2038 4637 2266 4694 Christo
2298 4641 2439 4694 sunt
2467 4637 2760 4694 admissae.
2793 4639 2856 4695 In
2887 4639 3099 4710 quibus
3120 4637 3397 4695 omnibus
3427 4638 3680 4695 celeber-

2038 4726 2188 4781 rima
2225 4731 2315 4782 est
2344 4726 2526 4782 Maria
2556 4726 2840 4799 Magdalis
2867 4736 2992 4784 orta
3024 4728 3126 4800 (3),
3157 4744 3286 4798 quin
3312 4725 3542 4796 quidem
3575 4743 3677 4780 an-

2036 4820 2128 4871 tea
2178 4824 2396 4887 septem
2446 4817 2750 4887 spiritibus
2792 4817 2994 4873 aiﬂata
3042 4823 3218 4887 atque
3259 4817 3491 4872 detenta
3522 4815 3674 4870 114

2037 4904 2236 4977 eisque
2267 4907 2338 4962 ab
2369 4905 2508 4962 Jesu
2545 4906 2808 4976 liberata,
2863 4907 2934 4962 de
2981 4909 3186 4961 cietero
3217 4904 3674 4961 conversandum

2036 4995 2468 5068 vivendumque
2527 4995 2638 5052 sibi
2685 5011 2818 5051 cum
2877 4999 3141 5051 curatore
3198 5009 3302 5050 suo
3359 4999 3675 5064 putaverat.

2036 5084 2398 5157 Quapropter
2428 5101 2562 5141 cum
2595 5085 2883 5142 Genitrice
2931 5084 3049 5146 Dei.
3099 5087 3155 5139 et
3195 5081 3444 5154 Salomc,
3476 5087 3535 5139 et
3563 5083 3678 5138 alia

2106 5283 2184 5354 (2)
2215 5306 2242 5336 ‹‹
2279 5286 2574 5356 Perfectus
2605 5284 2871 5356 Christus
2911 5287 3021 5356 est,
3069 5301 3183 5340 non
3226 5287 3460 5356 propter
3489 5283 3678 5339 deita-

2035 5358 2153 5411 tem
2187 5355 2380 5425 modo,
2413 5374 2528 5427 qua
2560 5355 2700 5412 nibil
2735 5355 3066 5428 perfectius,
3109 5357 3209 5412 sed
3234 5355 3412 5412 etiam
3447 5361 3678 5428 propter

2035 5442 2269 5482 carnem
2317 5433 2700 5498 assumptam,
2740 5427 2879 5498 quae
2931 5427 3142 5482 deitate
3188 5433 3384 5495 uncta,
3433 5427 3488 5484 et
3519 5429 3672 5483 idem

2034 5499 2190 5573 quod
2224 5499 2421 5573 unctio
2455 5503 2606 5573 facta
2633 5504 2741 5573 est,
2792 5499 3055 5570 adeoque
3103 5501 3360 5556 condeus
3405 5498 3676 5573 (ὁμόθεο.)

2035 5571 2206 5625 facta.
2244 5589 2269 5621 ι
2301 5569 2497 5641 (Greg.
2530 5570 2904 5640 Then'ngus.)

2101 5641 2182 5714 (3)
2215 5641 2344 5698 Hec
2375 5657 2444 5698 ex
2475 5641 2898 5715 Hagiogtupbis
2927 5643 3221 5715 decerpta.
