3950 6214
384 354 494 414 ’731

1675 368 2095 430 NICEPHORI
2138 369 2486 432 CALLISTI

3666 373 3763 434 732

386 488 564 546 Maria
595 492 793 564 sponsi
823 493 1062 566 Josephi
1094 494 1232 564 ﬁlia,
1256 513 1324 553 ex
1355 497 1618 572 Cleophas
1650 501 1840 558 fratris
1865 503 2014 575 ejus,

2131 503 2333 571 ναικὸς,
2384 500 2611 563 ἅπαιδυς
2662 500 3004 573 τεθνηκότος,
3065 503 3215 574 αὐτῷ
3260 502 3612 578 γεννηθείσῃ,
3661 526 3764 560 συν-

386 580 487 650 qui
519 581 642 636 sine
674 581 871 639 liberis
905 585 1219 653 procreatis
1251 587 1593 659 decesserat,
1628 591 1874 663 conjuge
1893 610 2022 663 pro-

385 673 599 733 creata,
633 674 802 736 atque
833 686 962 725 cum
995 673 1123 727 aliis
1170 673 1508 732 familiarem
1541 681 2020 737 consuetudinem

386 756 632 820 habens,
666 759 903 828 obsequi
938 769 992 814 et
1018 762 1346 818 ministrare
1377 765 1605 822 Christo
1636 771 1693 823 et
1719 769 2025 842 discipulis

385 847 513 913 ejus
564 864 676 901 non
728 848 1139 905 intermiserat.
1191 851 1585 919 Magdalenam
1636 873 1806 927 porro
1850 859 2023 914 istam

385 933 719 989 Cbananazm
776 936 932 992 illius
974 938 1152 995 filiam
1194 956 1321 996 esse
1354 944 1589 1013 quidam
1622 945 2021 1016 prodiderunt.

387 1019 530 1076 Cum
563 1022 646 1078 eis
676 1028 895 1091 autem,
928 1044 1075 1097 quas
1108 1028 1389 1097 diximus,
1440 1034 1552 1088 alia
1582 1050 1813 1091 rursum
1847 1037 2024 1091 Maria

384 1111 717 1178 erat,Judaa
746 1114 979 1183 Jossphi
1033 1115 1154 1185 lilii,
1205 1119 1379 1175 unius
1427 1138 1496 1177 ex
1543 1122 1845 1180 duodecim
1878 1143 2024 1181 con-

376 1197 485 1267 jux
517 1199 591 1271 (1)
627 1215 641 1255 :
674 1217 851 1271 quam
883 1204 1055 1258 etiam
1092 1205 1333 1263 minoris
1384 1210 1579 1267 Jacobi
1627 1218 1683 1268 et
1718 1214 1868 1269 Josas
1904 1233 2018 1270 ma-

382 1291 528 1344 trem
562 1292 829 1345 nonnulli
871 1305 1188 1351 memorant
1214 1298 1313 1369 (2).
1348 1300 1487 1356 Item
1521 1302 1741 1360 Joanna
1772 1306 2021 1362 ﬁliorum

383 1377 661 1447 Zebedaei,
692 1380 893 1437 Jacobi
924 1389 981 1439 et
1008 1384 1249 1441 Joannis
1274 1395 1475 1447 mater.
1502 1392 1638 1462 Has,
1660 1396 1816 1466 quod
1852 1400 2020 1452 matri

381 1466 548 1534 Jesu,
582 1484 686 1523 nec
717 1470 913 1527 minus
945 1472 1180 1543 ipsimet
1207 1477 1496 1535 Servatori
1518 1483 1784 1539 omnibus
1815 1486 2020 1543 ofﬁciis

385 1556 727 1622 praestandis
779 1557 975 1615 fideles
1024 1572 1237 1631 essent,
1290 1566 1416 1621 aliis
1450 1570 1645 1639 plures
1675 1589 1739 1627 ex
1771 1573 2023 1629 Gallilma

387 1643 798 1713 sequebantur,
825 1648 893 1702 ad
919 1651 1390 1710 vestimentorum
1421 1673 1585 1714 usum
1612 1660 2021 1736 reliquumque

387 1729 774 1789 ministerium
803 1743 1242 1806 percommodrs.
1270 1748 1364 1797 Ha:
1389 1746 1564 1817 igitur
1594 1750 1878 1807 desiderio
1904 1770 2023 1806 ma-

387 1819 555 1890 gistri
588 1820 922 1893 ﬂagrantes,
976 1833 1129 1883 metu
1180 1836 1369 1887 autem
1422 1841 1852 1905 persecutorum
1896 1860 2021 1898 sese

388 1908 745 1978 cohibentes,
798 1913 857 1967 iu
909 1916 1158 1973 Sabbato
1207 1921 1410 1990 quietas
1457 1940 1599 1994 esse,
1649 1932 1715 1983 ut
1762 1930 2020 1998 decebat,

390 1998 767 2068 cogebantur.
800 2003 940 2059 Sero
971 2013 1163 2063 autem
1197 2009 1598 2076 Sabbatorum,
1631 2018 1738 2072 hoc
1759 2028 1863 2086 est,
1900 2027 2028 2090 post

387 2086 638 2144 Sabbata
685 2091 880 2145 omnia
945 2094 1312 2164 (consuevere
1373 2110 1565 2159 autem
1616 2106 1804 2161 Judaei
1863 2086 2024 2180 ipsos

389 2177 513 2233 dies
542 2184 762 2250 septem
797 2182 1047 2240 Sabbata
1079 2191 1318 2258 vocare),
1366 2202 1494 2263 post
1544 2197 1716 2252 totius
1760 2177 2026 2257 videlicet

387 2266 770 2325 hebdomadis
820 2278 1116 2342 peractum
1168 2279 1500 2345 circuitum.
1556 2291 1613 2341 et
1660 2294 1790 2357 post
1820 2294 2022 2348 mediae

385 2358 574 2411 noctis
607 2356 776 2413 horas
825 2360 999 2417 unius
1046 2363 1451 2438 Sabbatorum,
1492 2371 1616 2443 ipsa
1648 2356 1920 2433 nimirum
1955 2380 2020 2435 il-

383 2446 714 2502 lucescente
766 2449 1085 2518 Dominica,
1139 2454 1319 2512 Maria
1377 2459 1737 2531 Magdalena,
1795 2477 1847 2522 et
1908 2470 2019 2524 alia

380 2532 563 2589 Maria
592 2536 711 2602 (Dei
743 2553 874 2593 vero
919 2540 1268 2600 Genitricem
1305 2548 1451 2603 hanc
1479 2566 1626 2619 sese,
1675 2557 1819 2611 sacri
1853 2560 2018 2614 nobis

380 2622 683 2692 prodidere
711 2623 893 2699 libri),
931 2634 994 2685 ut
1023 2630 1261 2703 reliquis
1312 2637 1671 2709 fervidiores,
1704 2644 2019 2702 vehemen-

379 2711 646 2783 tioreque
694 2715 908 2772 affectae
970 2718 1183 2792 dolore,
1241 2733 1534 2793 unguenta
1591 2734 1855 2801 quaedam
1913 2737 2019 2792 rite

378 2807 699 2872 praeparata
758 2805 1035 2864 habentes
1089 2812 1494 2884 adveniebant,
1558 2821 1629 2875 de
1684 2822 2013 2880 Judarorum

377 2892 797 2949 consuetudine
832 2894 1032 2953 Jesum
1084 2906 1360 2971 unctum,
1411 2911 1585 2978 atque
1628 2925 1693 2965 ex
1729 2916 2016 2971 matutino

378 2981 631 3049 tempore
662 2984 1124 3059 comploraturm,
1174 2990 1561 3067 lacrymisque
1613 3000 1756 3055 adeo
1786 3003 2016 3058 animo-

378 3083 504 3123 rum
532 3084 832 3127 mmrorem
856 3077 1393 3139 exsatiaturasEcce
1406 3090 1597 3141 autem
1617 3090 1867 3159 lapidem
1885 3108 2014 3148 con-

377 3156 633 3228 spiciunt
672 3158 838 3230 longe
883 3179 916 3218 a
966 3165 1190 3223 foribus
1234 3171 1590 3239 devolutum,
1624 3156 2014 3253 angelumque

2133 596 2287 661 οῦσα,
2319 593 2406 646 καὶ
2456 597 2575 653 ταῖς
2629 590 2851 653 λοιπαῖς
2901 591 3271 666 θεραπεύουσα
3315 594 3405 647 καὶ
3456 591 3766 648 διακονοῦσα

2134 686 2357 753 Χριστῷ
2413 702 2472 736 τε
2528 680 2618 735 καὶ
2695 686 2809 742 τοῖς
2868 680 3033 735 αὐτοῦ
3114 684 3381 753 μαθηταῖς
3458 682 3560 737 οὐκ
3622 682 3763 740 ἀνίει.

2130 772 2235 837 Τήν
2285 768 2655 844 Μαγδαληνήν
2707 766 2764 825 δὲ
2810 769 3015 840 ταύτην
3061 771 3148 825 καὶ
3200 770 3466 846 θυγατέρα
3514 779 3618 839 τῆς
3665 778 3763 827 Χα-

2130 859 2347 922 ναναίας
2398 860 2527 915 εἷναί
2576 881 2719 924 τινες
2760 858 3089 915 ἐκδὲδωκασι
3124 879 3136 891 ’
3193 861 3329 934 μετά
3383 882 3446 936 γε
3508 862 3620 935 μὴν
3674 866 3764 916 τῶν

2133 946 2436 1022 εἰρημένων
2487 948 2576 1003 καὶ
2628 950 2837 1022 Μαρίαν
2881 946 3082 1018 ἄλλην,
3117 947 3289 1004 Ἰνύδα
3342 950 3437 1021 μὶν
3485 951 3610 1003 υἱοῦ
3661 950 3764 1005 Ἰω-

2133 1038 2242 1114 σήφ
2293 1038 2409 1100 ἐνὸς
2454 1042 2563 1093 τῶν
2604 1034 2812 1092 δώδεκα
2863 1040 3113 1114 σύζυγον,
3164 1039 3226 1105 ἢν
3271 1038 3361 1092 καὶ
3411 1040 3625 1112 μητερα
3671 1040 3766 1094 ἰα-

2132 1121 2317 1181 κώϐου
2347 1132 2443 1182 τοῦ
2494 1131 2694 1202 μικροῦ
2725 1127 2815 1181 καὶ
2866 1129 3023 1196 Ἰωσῆ
3078 1128 3353 1199 ἱστοροῦσι
3386 1144 3400 1159 ⁶
3451 1126 3544 1182 καὶ
3595 1127 3763 1183 Ἰωάν-

2129 1236 2223 1269 ναν
2270 1215 2476 1290 μητέρα
2530 1221 2637 1271 τῶν
2682 1217 2812 1271 υἱῶν
2860 1212 3170 1284 Ζεϐεδαίου,
3205 1212 3466 1272 Ἰακώϐου
3516 1213 3765 1287 δηλονότι

2132 1304 2221 1361 καὶ
2272 1308 2543 1364 Ἰωάννου.
2593 1309 2819 1369 Ταύταις
2867 1306 2961 1361 οὖν
3010 1307 3087 1369 ὡς
3130 1306 3198 1362 τὰ
3253 1307 3419 1361 πιστὰ
3475 1310 3546 1380 τῇ
3611 1306 3764 1381 μητρὶ

2130 1398 2227 1450 τοῦ
2277 1395 2455 1464 Ἰησοῦ
2501 1396 2589 1450 καὶ
2637 1396 2785 1462 αὑτῷ
2834 1395 2884 1472 γ’
2933 1395 3124 1468 ἐκείνῳ
3170 1395 3492 1473 φρονούσαις
3536 1394 3634 1448 καὶ
3678 1393 3765 1450 ἄλ·

2132 1482 2224 1539 λαι
2254 1483 2478 1546 πλείους
2512 1486 2616 1539 ἀπὸ
2663 1492 2763 1554 τῆς
2808 1482 3101 1547 Γαλιλαίας
3151 1483 3465 1561 ἐφείποντο,
3499 1484 3640 1549 πρὸς
3677 1484 3761 1552 τὴν

2128 1574 2236 1627 τῶν
2284 1570 2596 1639 ἐνδυμάτων
2660 1573 2845 1648 χρείαν
2896 1573 2987 1628 καὶ
3044 1572 3225 1643 ἄλλην
3284 1571 3557 1628 διακονίαν
3616 1568 3762 1641 δεξιαὶ

2128 1663 2527 1734 κκθορώμεναι.
2585 1662 2751 1717 Δῦται
2803 1665 2988 1716 τοίνυν
3042 1667 3120 1733 τῷ
3168 1664 3322 1735 πόθῳ
3367 1666 3464 1716 τοῦ
3519 1659 3764 1717 διδασκά-

2132 1751 2233 1806 λου
2263 1750 2623 1826 φλεγόμεναι,
2655 1750 2733 1824 τῷ
2785 1750 2841 1806 δὲ
2890 1746 3045 1829 φόϐῳ
3092 1757 3199 1806 τῶν
3253 1748 3496 1806 διωκτῶν
3547 1749 3762 1805 συστελ-

2055 1838 2382 1941 Βλόμεναι,
2429 1842 2491 1895 τὸ
2555 1841 2647 1912 μὲν
2712 1836 2990 1894 Σάϐϐατόν
3050 1843 3233 1915 ἠσυχῆ
3294 1839 3473 1913 μένειν
3626 1838 3764 1910 θέμις

2715 1924 3137 1941 ..μου
3326 1926 3581 1941 -..ςς
3668 1927 3682 1941 .

2132 1929 2607 2005 κατηναγκάζοντο
2640 1949 2651 1962 ·
2705 1929 2805 2003 ὀψὲ
2854 1928 2911 1984 δὲ
2958 1924 3276 1998 Σαϐϐάτων,
3326 1930 3356 1984 ’ὀ
3406 1926 3615 1999 δηλοῦν
3665 1927 3762 1983 ἐστι

2137 2019 2271 2091 μετὰ
2318 2019 2489 2073 πάντα
2543 2020 2609 2074 τὰ
2655 2014 2906 2073 Σάϐϐατα
2938 2037 2952 2051 ο
3009 2013 3130 2079 ἔθος
3184 2015 3242 2073 δὲ
3299 2012 3573 2092 Ἑϐραίοις
3636 2011 3763 2072 Σαϐ-

2132 2103 2268 2161 ϐατα
2309 2109 2405 2170 τὰς
2450 2109 2582 2162 ἐπτά
2628 2107 2836 2181 ἡμέρας
2880 2106 3090 2175 καλεῖν,
3132 2107 3295 2162 οἱονεὶ
3342 2108 3479 2179 μετᾶ
3523 2108 3630 2175 τήν
3673 2109 3761 2171 τῆς

2132 2192 2436 2269 ἑϐδομάδος
2487 2196 2626 2268 ὅλην
2685 2195 2938 2271 περίοδον
2970 2216 2982 2229 ⁸
3049 2198 3184 2269 μετὰ
3234 2196 3333 2259 τάς
3389 2196 3763 2269 μεσονυκτίους

2129 2284 2272 2360 ὥρας
2314 2292 2413 2353 τῆς
2467 2290 2592 2357 μιᾶς
2640 2280 2958 2353 Σαϐϐἀτων,
2993 2283 3168 2340 εἷ’τουν
3216 2285 3386 2349 αὐτῆς
3432 2284 3761 2358 ἐπιφωσκού-

2130 2396 2228 2445 σης
2292 2382 2585 2448 Κυριακῆς,
2634 2378 2668 2444 ἡ
2730 2372 3068 2450 Μαγδαληνὴ
3131 2376 3335 2449 Μαρία,
3382 2375 3473 2429 καὶ
3533 2377 3567 2442 ἡ
3627 2372 3759 2442 ἄλλη

2127 2465 2310 2537 Μαρία
2344 2483 2357 2496 ο
2402 2468 2499 2531 τήν
2549 2462 2811 2519 Θεοτόκον
2862 2461 2908 2517 δ’
2964 2465 3094 2519 εἶναι
3141 2465 3341 2534 ταύτην
3393 2464 3535 2537 ἱεραὶ
3589 2457 3762 2539 βίϐλοι

2127 2556 2262 2626 ἡμῖν
2313 2551 2672 2608 ἐκδεδώκασιν
2710 2573 2723 2584 ·
2773 2554 2848 2615 ὡς
2895 2558 3005 2608 τῶν
3056 2552 3242 2610 ἄλλων
3297 2552 3625 2626 θερμότεραι
3679 2553 3759 2606 καὶ

2125 2643 2598 2717 περιπαθὲστεραι,
2689 2641 2831 2716 μύρα
2913 2644 3035 2696 τινὰ
3120 2642 3520 2715 εὐτρεπίσασαι,
3605 2661 3760 2713 παρε-

2122 2732 2364 2809 γένοντο,
2425 2731 2606 2807 ὥσπερ
2675 2734 2742 2800 ἧν
2822 2730 3108 2793 Ἰουδαίοις
3174 2728 3315 2801 ἔθος,
3380 2734 3609 2807 μυρίσαι
3674 2733 3758 2786 τὸν

2126 2823 2356 2891 Ἰησοῦν,
2409 2819 2642 2876 κλαῦσαί
2698 2842 2755 2875 τε
2811 2820 2863 2894 ἐξ
2923 2821 3170 2891 ἑωθινοῦ,
3222 2820 3314 2875 καὶ
3367 2826 3488 2882 τοῖς
3544 2819 3757 2894 δάκρυσι

2120 2911 2184 2965 τὸ
2230 2912 2328 2977 τῆς
2378 2912 2565 2985 ψυχῆς
2624 2909 2789 2985 ἄλγος
2840 2909 3149 2966 ἀκέσασθαι.
3198 2909 3295 2964 Καὶ
3346 2907 3414 2978 δὴ
3467 2911 3559 2965 τὸν
3617 2908 3757 2963 λίθον

2125 3001 2295 3074 ὁρῶσι
2356 2999 2564 3072 μακρὰν
2619 3005 2720 3066 τῆς
2780 2998 2942 3071 θύρας
3003 2996 3342 3067 διαπεσόντα,
3383 3000 3474 3053 καὶ
3532 2996 3756 3074 ἄγγελον

2123 3087 2302 3160 τούτῳ
2363 3089 2828 3161 ὑπερκαθήμενον,
2887 3089 3065 3165 φωτὸς
3140 3088 3387 3163 ἀστραπῇ
3444 3089 3542 3149 τὰς
3615 3090 3756 3161 δψεις

2122 3175 2520 3245 ἐκπλήττοντα,
2589 3175 2803 3251 θαρῥεῖν
2861 3198 2920 3232 τε
2976 3175 3421 3252 ἐγκελευόμενον,
3480 3176 3571 3231 καὶ
3642 3178 3754 3229 θᾶτ-

377 3245 428 3302 ei
458 3247 835 3319 insidentem,
863 3251 1008 3311 lucis
1033 3256 1254 3329 fulgore
1275 3262 1473 3319 oculos
1498 3238 2008 3340 perstri‘ngente‘m,

2125 3287 2210 3322 τον
2258 3267 2468 3320 ἀπιέναι
2525 3271 2641 3326 τοῖς
2695 3265 2921 3338 μύσταις
2981 3264 3428 3342 εὐαγγελίσασθαι
3487 3266 3589 3334 τὴν
3641 3262 3756 3318 ἀνά-

378 3334 643 3408 bonoque
666 3341 860 3396 animo
890 3361 988 3400 eas
1019 3362 1162 3415 esse,
1187 3357 1357 3421 atque
1378 3355 1654 3428 evestigio
1676 3360 2008 3427 redeuntes,

364 3424 583 3495 mystis
601 3426 1020 3504 discipulisque
1048 3452 1178 3493 cum
1213 3439 1410 3496 laetitia
1431 3424 1905 3504 resurrectionem
1932 3469 2013 3507 re-

378 3514 646 3572 nuntiare
685 3518 1013 3588 jubentem.
1068 3524 1505 3588 Revertentibus
1545 3535 1739 3607 itaque
1767 3538 1883 3595 illis
1914 3541 2012 3595 ub-

377 3602 501 3659 vius
533 3605 597 3660 ﬁt
644 3606 930 3681 Christus,
977 3615 1193 3671 salvere
1239 3635 1336 3674 eos
1370 3622 1604 3691 jubens,
1646 3602 1928 3701 Petroque
1958 3640 2011 3686 et

375 3691 684 3763 discipulis
716 3697 925 3769 dicere,
960 3707 1021 3757 ut
1053 3707 1239 3773 primo
1270 3726 1498 3781 quoque
1529 3718 1787 3787 tempore
1817 3691 1872 3773 i'n
1906 3720 2011 3775 Ga-

378 3778 612 3848 lilasam,
637 3785 1021 3846 desideratum
1053 3794 1245 3865 ipsum
1279 3799 1481 3868 visuri,
1508 3806 1672 3857 irent.
1697 3808 1882 3877 Atque
1902 3809 2011 3863 illae

379 3872 608 3941 quidem
637 3881 870 3945 stupore
903 3881 1084 3938 multo
1135 3887 1429 3955 perculsas,
1471 3892 1549 3946 ita
1578 3894 1791 3951 abiere.
1824 3896 2013 3952 Prima

382 3958 501 4017 bsic
533 3968 660 4032 post
703 3972 1181 4029 resurrectionem
1234 3977 1459 4034 duabus
1508 3980 1703 4039 Mariis
1734 3987 2013 4057 apparitio

382 4052 555 4136 atque
612 4054 891 4113 exhibitio
950 4061 1118 4126 facta,
1178 4080 1351 4136 quam
1400 4070 1549 4128 1Ιῦ
1599 4052 1901 4131 Matth-aius
1958 4080 2017 4133 et

380 4135 601 4194 Marcus
650 4141 1060 4214 deprsedicant.
1112 4135 1230 4207 Illas
1279 4155 1473 4225 igitur,
1526 4164 1586 4212 ut
1624 4160 1814 4217 dicere
1845 4166 2010 4234 cmpi,

380 4224 596 4293 abiere,
630 4231 831 4287 timore
878 4252 911 4289 a
954 4253 1017 4292 se
1050 4239 1190 4305 ipsis
1222 4242 1592 4310 dissidentes,
1629 4266 1814 4320 neque
1845 4254 2017 4323 quid-

378 4328 547 4383 quam
580 4331 775 4375 eorum
811 4339 935 4393 qua:
968 4325 1248 4384 vidissent
1279 4334 1634 4391 nuntiantes.
1671 4337 2015 4410 Magdalena

376 4410 531 4460 certe
561 4406 822 4477 quidem,
856 4412 1025 4468 sicuti
1056 4415 1312 4474 Joannes
1344 4423 1569 4490 scribit,
1603 4406 1889 4485 desiderio
1924 4437 2012 4485 ta-

376 4493 639 4566 bescens,
672 4498 742 4554 ad
794 4511 1238 4563 monumentum
1287 4511 1473 4582 rediit,
1510 4514 1836 4589 iterumque
1870 4521 2012 4591 lapi—

2120 3377 2320 3413 στασιν.
2382 3356 2643 3411 Ὀπισθεν
2697 3355 2869 3409 τοίνυν
2943 3355 3364 3429 ἀνατρεχούσαις
3442 3354 3754 3428 προσυπήν-

2117 3465 2185 3500 τα
2238 3444 2455 3505 ταύταις
2516 3444 2772 3517 Χριστὸς,
2850 3442 3147 3517 Χαίρετε,
3224 3442 3749 3519 προσφθεγγόμενος,

2126 3537 2312 3609 Πέτρῳ
2368 3554 2427 3587 τε
2484 3532 2573 3587 καὶ
2629 3538 2746 3594 τοῖς
2807 3534 3078 3605 μαθηταῖς
3134 3531 3521 3606 ἀπαγγέλλειν,
3554 3533 3610 3585 οἷ
3654 3551 3751 3584 που

2122 3619 2229 3677 δῶν
2279 3622 2425 3697 ἔχειν
2476 3622 2627 3690 ἥκειν
2680 3620 2755 3683 είς
2805 3619 3119 3690 Γαλιλαίαν,
3151 3621 3240 3675 καὶ
3289 3622 3507 3675 θεᾶσθαι
3553 3617 3619 3687 δὴ
3664 3619 3748 3673 τὸν

2120 3712 2480 3784 ποθούμενον.
2563 3709 2664 3765 Καὶ
2747 3710 2801 3763 αἱ
2889 3710 2985 3783 μὲν
3073 3705 3269 3783 θάμϐει
3353 3711 3749 3784 περισχεθεῖσαι

2120 3800 2320 3872 πολλῷ
2363 3800 2622 3874 ἀπῄεσαν.
2676 3801 2873 3874 Πρώτη
2933 3798 3068 3869 αὕτη
3132 3799 3265 3871 μετὰ
3320 3798 3420 3865 τήν
3477 3797 3751 3899 ἄνάστασιν

2118 3894 2238 3951 ταῖς
2298 3887 2416 3943 δυσὶ
2475 3889 2706 3957 Μαρίαις
2762 3888 3042 3960 ἐμφάνεια,
3100 3888 3161 3955 ἣν
3217 3886 3493 3947 Ματθαῖός
3551 3905 3607 3940 τε
3667 3886 3751 3938 καὶ

2122 3980 2339 4053 Μάρκος
2383 3977 2811 4053 διαγορεύουσιν.
2864 3977 2928 4032 Αἱ
2981 3976 3074 4049 μὶν
3127 3974 3216 4030 οὗν
3264 3974 3436 4035 οὕτως
3487 3972 3747 4042 ἀπῆλθον,

2119 4073 2198 4139 τῷ
2245 4064 2401 4145 φόϐῳ
2444 4065 2875 4144 διαφωνήσασαι,
2933 4064 3103 4137 μηδὲν
3155 4064 3403 4120 εἰποῦσαι
3461 4066 3540 4119 ὧν
3592 4063 3756 4136 ἕωρά-

2120 4178 2319 4213 κεισαν.
2378 4157 2439 4211 Ἦ
2522 4157 2704 4229 μεντοι
2776 4153 3144 4230 Μαγδαληνὴ,
3200 4154 3336 4207 κατὰ
3410 4154 3505 4208 τὸν
3578 4152 3752 4208 Ἰωάν-

2121 4252 2243 4316 νὴν,
2301 4250 2378 4317 τῷ
2429 4245 2585 4317 πόθῳ
2644 4244 3004 4318 ἐκτηκομένη,
3062 4243 3228 4299 πάλιν
3299 4242 3387 4296 ἐπὶ
3442 4242 3506 4297 τὸ
3568 4248 3754 4313 μνῆμα

2120 4335 2245 4405 ἤκει
2278 4354 2291 4369 °
2323 4337 2416 4391 τόν
2461 4356 2519 4391 τε
2568 4334 2721 4390 λίθον
2751 4334 2975 4405 ἀρθέντα
3024 4332 3211 4388 ἰδοῦσα
3254 4330 3428 4400 αὖθις,
3480 4330 3609 4405 ὄναρ
3658 4331 3752 4405 γὰρ

2122 4425 2257 4499 ᾤετο
2313 4426 2347 4480 ἃ
2398 4425 2734 4499 προεώρακε,
2787 4419 3011 4497 δραμεῖν
3074 4422 3266 4476 αὐτίκα
3318 4421 3410 4476 καὶ
3470 4419 3658 4495 Πέτρῳ
3701 4436 3755 4471 τε

2121 4515 2209 4571 καὶ
2260 4515 2477 4586 Ἰωάννῃ
2533 4518 2648 4575 τοῖς
2708 4510 3056 4585 θερμοτέροις
3106 4508 3435 4584 ἀπαγγεῖλαι
3485 4512 3591 4562 τῶν
3656 4525 3756 4580 μα-

378 4584 508 4641 dem
540 4586 833 4645 sublatum
855 4593 1057 4650 videns
1079 4596 1391 4665 (somnium
1415 4603 1566 4658 enim
1593 4621 1691 4660 seu
1725 4608 2004 4665 visionem

2125 4605 2316 4673 θητῶν,
2379 4584 2543 4673 ἧρθαι
2605 4602 2699 4673 μὲν
2737 4604 2834 4656 τοῦ
2903 4584 3173 4673 μνημείου
3229 4600 3320 4653 τὸν
3375 4599 3611 4666 Ἰησοῦν,
3663 4594 3759 4668 ἆγ-

377 4672 490 4730 sibi
519 4676 733 4734 vidisse
781 4679 903 4737 visa
935 4683 1148 4755 fuerat)
1197 4689 1498 4746 confestim
1539 4698 1811 4764 cucurrit,
1848 4697 2011 4755 Petro

374 4772 430 4820 et
457 4764 668 4821 Joanni
698 4769 795 4840 qui
832 4772 1068 4842 reliquis
1099 4777 1349 4833 acriores
1399 4781 1818 4856 calidioresque
1848 4793 2014 4842 erant

373 4854 672 4925 apostolis,
736 4860 1032 4917 sublatum
1076 4865 1308 4936 quidem
1368 4884 1398 4923 e
1457 4880 1830 4930 monumento
1887 4894 2013 4932 esse

371 4942 595 5011 Jesum,
629 4962 690 5002 se
720 4954 907 5005 autem
962 4953 1056 5008 ubi
1090 4953 1347 5011 locorum
1382 4965 1536 5015 esset
1585 4961 1866 5033 ignorare,
1904 4982 2012 5020 an-

378 5034 737 5093 nuntiatura.
787 5038 877 5095 Illi
928 5058 1096 5111 porro
1145 5046 1379 5101 solliciti
1429 5054 1602 5120 atque
1632 5054 1786 5108 anxii
1820 5055 2013 5110 confe-

373 5122 511 5178 slim
541 5126 612 5181 ad
666 5129 995 5197 sepulcrum
1048 5150 1366 5205 accurrere,
1399 5142 1569 5210 atque
1600 5142 1755 5199 intus
1787 5146 1896 5201 rite
1927 5145 2012 5201 lo-

375 5226 559 5283 coque
588 5232 695 5271 suo
725 5220 1075 5290 sepulcralia
1110 5222 1290 5281 lintea
1319 5230 1643 5299 composita
1674 5249 1929 5301 cernere,
1961 5241 2017 5291 et

374 5304 684 5361 verborum
718 5323 845 5378 quas
894 5308 945 5365 is
983 5312 1082 5382 qui
1116 5323 1507 5374 resurrexerat
1538 5321 1871 5391 prolocutus
1902 5325 2016 5381 fue-

448 5444 528 5522 _(l_)
555 5446 747 5504 Malim
780 5448 985 5522 legere,
1034 5460 1239 5513 mater.
1290 5456 1559 5516 Sedenim
1607 5467 1665 5518 et
1703 5463 1886 5519 Judas
1913 5463 2017 5519 Ja-

378 5515 553 5603 cobi,‘
570 5534 645 5603 ac
693 5515 936 5603 proinde
970 5515 1041 5581 ὀι
1063 5526 1323 5603 Δροῐτιίηί
1374 5515 1569 5599 frater,
1616 5515 2012 5603 ibriiiiiifxii,

376 5600 499 5676 cep.
653 5588 893 5665 nepotes
932 5597 1197 5676 _ex_ﬁlio,
1248 5600 1452 5676 itaque,
1488 5588 2017 5676 “eamme;

375 5673 493 5731 qua
522 5658 686 5721 illum
716 5658 993 5738 suscepit,
1024 5658 1297 5730 habuisse
1322 5658 2015 5736 s‘cribituriveriim—e'am

2119 4697 2257 4746 νοεῖν
2322 4693 2506 4762 μέντοι
2551 4690 2659 4759 ὅπη
2718 4695 2819 4762 γῆς
2878 4686 2985 4758 ε’ίη.
3195 4690 3372 4788 ἀγῶνι.
3420 4682 3474 4788 δ’
3525 4682 3758 4788 ἐκείνου(

2121 4780 2438 4855 γεγονότας,
2500 4779 2588 4833 ἐπὶ
2633 4779 2725 4834 τὸν
2784 4778 2953 4854 τάφον
3011 4776 3166 4837 εὐθὺς
3222 4776 3527 4849 ἀφικέσθαι.
3575 4775 3759 4829 Ἐνδον

2122 4869 2180 4926 δὲ
2235 4872 2558 4945 γενομὲνους
2614 4872 2703 4925 καὶ
2774 4868 2828 4923 ἒν
2894 4868 3089 4941 κόσμῳ
3167 4866 3389 4965 κείμενα
3444 4865 3511 4920 τὰ
3542 4862 3760 4965 "(Elicius

2119 4959 2463 5029 κατιδόντας,
2520 4965 2589 5035 τῇ
2648 4962 2740 5033 μὲν
2793 4960 3072 5014 ἀναστάσει
3143 4960 3445 5020 πιστεῦσαι,
3501 4957 3756 5059 τίιίνρτου

2121 5051 2442 5112 ἀναστάντος
2500 5048 2552 5103 ἐν
2629 5050 2819 5123 μνήμῃ
2891 5047 3180 5123 γεγονότας
3252 5048 3452 5122 φωνῶν
3480 5062 3494 5076 ⁸
3553 5038 3646 5096 διό
3700 5059 3759 5113 γε

2126 5140 2233 5212 μὴν
2293 5138 2383 5193 τὸν
2441 5134 2613 5214 φόϐον
2672 5137 2822 5197 αὖθις
2878 5136 3015 5207 πρὸς
3083 5132 3307 5194 ἑαυτοὺς
3378 5127 3755 5233 συρταλῆναι;

2124 5226 2333 5301 Μαρίαν
2384 5225 2431 5283 δ’
2483 5228 2721 5283 ἑστῶσαν
2772 5226 2878 5299 πρὸ
2907 5223 3007 5280 τοῦ
3059 5225 3346 5296 μνήματος
3400 5220 3759 5325 κλαίεινκκαὶ

2123 5316 2175 5373 ἐν
2225 5319 2417 5394 ἀπόρῳ
2466 5319 2758 5387 ποιεῖσθαι,
2808 5320 2924 5378 πῶς
2970 5335 3105 5369 ποτε
3146 5313 3250 5387 ἀρα
3307 5313 3335 5366 ὁ
3391 5310 3574 5384 νεκρὸς
3633 5310 3761 5361 από-

2124 5464 2465 5547 ςοιῄυεοφ,
2490 5462 2540 5519 si
2590 5461 2772 5547 Maria
2808 5459 3111 5547 nominata
3150 5455 3481 5547 fuit,_aliam
3509 5469 3542 5508 ε
3576 5453 3759 5507 matre

2121 5534 2327 5591 Jacobi
2354 5539 2412 5591 et
2440 5534 2608 5604 Josas,
2639 5539 2774 5602 etc.,
2805 5534 2984 5589 fuisse
3013 5545 3250 5614 necesse
3280 5536 3384 5585 est.

2192 5609 2274 5680 (2)
2304 5607 2648 5677 Discrepant
2674 5604 2790 5663 ista
2812 5622 2846 5661 a
2874 5619 3002 5677 cap.
3033 5602 3067 5659 3
3104 5601 3240 5659 libri
3269 5595 3587 5673 sequentis.
