4100 6218
232 350 350 410 733

1262 356 1885 424 ECCLESIASTIC/E
1931 365 2320 429 HISTORIIE
2364 368 2514 427 LIB.
2561 368 2609 427 Ι.

3528 364 3646 425 734

235 481 437 557 δημος,
473 487 562 555 ἧν.
619 486 723 541 Δύο
770 486 826 543 δὲ
884 486 985 563 ἄρα
1035 496 1379 568 φωτοφανεῖς
1436 498 1890 568 παρακαθήμενοι

2007 505 2114 569 rat,
2175 500 2536 568 meminisse,
2594 499 3118 570 resurrectionique
3171 500 3348 556 ﬁdem
3405 498 3641 566 habere,

235 573 501 665 ἅγγελοι,Δ
540 576 613 629 ὧν
675 578 703 630 6
764 577 860 650 μὲν
916 579 1052 651 πρὸς
1108 584 1188 652 τῷ
1244 581 1399 654 τόπῳ
1466 591 1566 654 τῆς
1624 585 1891 665 κεφαλῆς,

235 664 427 739 ἅτερος
483 661 540 718 δὲ
599 665 735 739 πρὸς
799 667 862 720 τὸ
910 667 1147 723 κάτωθεν
1205 668 1456 741 ηὕλίξετο
1518 661 1710 750 μέρος,
1762 677 1891 732 ὅτου

234 752 399 827 χάριν
461 752 631 827 ἐκείνῃ
692 754 720 808 6
773 756 971 828 θρῆνος
1047 753 1497 814 διεπυνθάνοντο·
1557 764 1656 830 τήν
1716 761 1773 818 δὲ
1827 765 1889 820 τὸ

239 843 316 913 μή
371 847 617 914 παρεῖναι
675 843 766 896 τὸν
818 850 1015 918 Κυριον
1072 847 1265 920 ταύτῃ,
1309 850 1401 902 καὶ
1445 851 1509 904 τὸ
1572 855 1648 924 μή
1699 850 1888 908 εἰδέναι

235 929 378 1017 ὅπου
429 928 496 997 δὴ
538 932 801 1017 τέθειται,
842 929 1233 1007 προϐαλέσθαι.
1282 938 1499 993 Τούτων
1550 938 1887 1017 λεγομένων,

238 1016 295 1071 ἐκ
351 1023 461 1072 τῶν
517 1016 733 1073 ὄπισθεν
790 1020 957 1095 ταύτῃ
1015 1022 1287 1102 ἐφίσταται
1340 1027 1367 1081 ὁ
1428 1016 1644 1102 Σωτῆρι
1713 1031 1776 1083 Οἱ
1834 1029 1891 1086 δὲ

238 1106 466 1183 ἄγγελοι
541 1107 694 1171 εὐθὺς
758 1108 961 1165 ἐκεῖνον
1034 1109 1263 1183 ἰδόντες,
1316 1115 1615 1173 ἀνίσταντο.
1676 1119 1887 1189 Ἐκείνη

239 1193 297 1249 δὲ
353 1195 759 1270 καταπλαγεῖσα
815 1203 923 1253 τῶν
970 1198 1218 1276 ἀγγέλων
1269 1204 1369 1272 τήν
1422 1203 1622 1275 στάσιν,
1656 1207 1730 1269 εἰς
1762 1208 1892 1262 τού-

238 1285 385 1338 πίσω
444 1284 765 1364 ἐστρέφετοο
825 1288 916 1342 καὶ
975 1290 1171 1364 θεωρεῖ
1243 1294 1337 1347 τὸν
1383 1295 1597 1364 Ἰησοῦν
1658 1296 1885 1353 ἑστῶτα.

239 1376 527 1448 Κηπουρὸν
588 1373 647 1430 δὲ
702 1375 862 1432 αὐτὸν
922 1377 1175 1452 οἰομένη,
1210 1380 1293 1435 δτι
1353 1403 1416 1457 γε
1470 1383 1533 1438 τὸ
1587 1391 1777 1457 μνῆμα
1836 1384 1886 1441 ἐν

234 1463 402 1533 κήπῳ
457 1463 548 1531 ἦν,
607 1462 851 1537 ἐρομένῳ
928 1465 1106 1539 τούτῳ
1171 1469 1267 1529 τάς
1339 1476 1438 1539 τῆς
1511 1472 1890 1547 ὀλιγοπιστίας

236 1553 415 1629 ἆτρῆκε
463 1554 667 1629 φωνάς,
713 1554 782 1610 Εἰ
844 1556 947 1623 σὺ,
1001 1556 1252 1630 λέγουσα,
1303 1564 1542 1615 τοῦτον
1593 1562 1890 1618 ἐντεῦθεν

239 1641 565 1714 μεταθεὶς
605 1639 1188 1722 ἐϐάστασας,λὲγε
1254 1669 1367 1720 μοι
1423 1649 1586 1705 ὅπου
1643 1650 1719 1720 δὴ
1773 1655 1888 1721 τῆς

236 1736 361 1804 γῆς
420 1728 548 1799 ε’ίη,
588 1731 771 1804 κάγὼ
823 1731 1021 1788 αὐτὸν
1086 1736 1238 1810 ἀρῶ.
1274 1735 1430 1794 Ἀλλ’
1476 1739 1503 1793 6
1553 1739 1745 1813 Κύριος
1788 1743 1885 1811 τὴν

2001 598 2269 647 caeterum
2304 594 2538 661 propter
2566 592 2783 645 metum
2818 605 3052 644 rursum
3076 606 3138 643 se
3160 588 3319 658 ipsos
3348 587 3640 643 cohibere.

2002 679 2183 736 Maria
2213 688 2409 735 autem
2463 682 2625 733 stans
2674 677 2748 733 ad
2778 682 3223 733 monumentum
3256 677 3414 746 ﬁere,
3447 680 3504 732 et
3536 676 3641 731 du-

2002 770 2194 827 bitans
2226 770 2519 840 ambigere
2554 770 2791 824 ubinam
2826 785 3038 839 corpus
3067 773 3244 824 esset.
3262 768 3410 823 Tum
3441 768 3519 823 ibi
3545 768 3651 823 hu-

2001 875 2174 915 mana
2203 861 2392 930 specie
2438 857 2625 929 angeli
2675 859 2809 922 duo,
2859 857 3005 912 alter
3053 857 3284 926 quidem
3326 858 3398 912 ad
3438 857 3648 929 capitis

2001 947 2215 1018 locum,
2251 950 2397 1003 alter
2430 950 2623 1001 autem
2654 944 2926 1002 inferiore
2959 950 3142 1016 parte,
3175 946 3463 1016 sedentes,
3496 961 3651 1015 quae-

2001 1053 2135 1092 nam
2171 1035 2360 1091 luctus
2394 1035 2683 1106 fletusque
2714 1035 2841 1104 ejus
2872 1050 3049 1089 causa
3079 1038 3231 1090 esset
3260 1050 3387 1089 eam
3417 1037 3644 1103 rogant.

1999 1125 2223 1191 Quibus
2264 1123 2358 1179 illa
2389 1123 2699 1195 respondet
2741 1138 2755 1177 :
2801 1138 2913 1178 non
2961 1123 3165 1178 adesse
3194 1138 3260 1177 eo
3295 1122 3419 1178 loco
3445 1120 3642 1177 Domi-

2002 1230 2166 1281 num,
2226 1228 2400 1284 seque
2460 1211 2700 1267 ubinam
2748 1212 2971 1282 positus
3025 1214 3178 1266 esset
3235 1210 3477 1266 nescire.
3536 1209 3638 1266 His

1999 1302 2191 1371 dictis,
2241 1321 2273 1357 a
2322 1306 2480 1372 tergo
2525 1302 2575 1357 ei
2626 1304 2838 1372 praesto
2892 1300 3058 1356 adest
3102 1300 3389 1355 Scrvator.
3439 1298 3644 1369 Augeli

2000 1396 2213 1452 autem.
2248 1408 2314 1447 eo
2346 1392 2489 1456 viso,
2526 1389 2682 1446 illico
2713 1392 3098 1460 consurgunt.
3133 1387 3239 1445 Illa
3270 1403 3437 1459 porro
3469 1403 3648 1457 ange-

2000 1480 2188 1536 lorum
2241 1480 2677 1551 assurgentium
2730 1485 2885 1535 statu
2936 1480 3227 1546 exterrita,
3271 1474 3645 1537 convertitur,

1996 1570 2314 1639 Jesumque
2367 1573 2656 1624 astantem
2708 1567 2880 1622 videt.
2929 1566 3211 1622 Caeterum
3262 1564 3643 1620 hortulanum
3700 1634 3705 1639 ην

1999 1678 2132 1717 eum
2164 1676 2290 1715 esse
2319 1658 2658 1717 existimans
2690 1658 2770 1729 (in
2802 1658 2970 1713 horto
3001 1657 3157 1712 enim
3191 1660 3641 1712 monumentum

1998 1750 2163 1822 erat),
2207 1751 2277 1805 ad
2326 1749 2840 1821 interrogationem
2888 1747 3015 1818 ejus
3062 1747 3301 1802 modicae
3350 1745 3481 1801 iidei
3514 1762 3643 1816 pro-

238 1818 424 1875 ἅνοιαν
453 1821 541 1874 καὶ
574 1822 822 1876 ἀπιστίαν
854 1824 1055 1894 ταύτης
1076 1828 1422 1903 προσηγορίᾳ
1445 1826 1746 1903 διωρθοῦτο
1769 1839 1887 1905 μιᾷ.

238 1911 308 1929 ll“
404 1908 450 1929 θ.
542 1910 555 1929 ν
606 1909 616 1927 Ι
771 1918 797 1929 υ
996 1914 1043 1929 Ἀ
1266 1917 1278 1929 ι
1368 1914 1387 1929 λ
1507 1917 1518 1929 Ι
1616 1918 1631 1929 ι
1733 1921 1746 1929 ι
1795 1924 1811 1929 -
1847 1924 1857 1929 -

2007 1818 2382 1895 Γονίνοοοῐηε
2432 1838 2490 1893 Si
2535 1818 2617 1905 tu,
2662 1836 2956 1910 inquiens,
3009 1836 3170 1891 illum
3197 1834 3324 1890 inde
3360 1835 3640 1890 sublatum

404 1908 450 1937 ἓν

237 1911 351 1978 Τήν
402 1909 450 1963 δ’
496 1909 686 1964 αὐτίκα
730 1918 831 1978 τῆς
878 1914 1143 1983 συνήθους
1192 1917 1279 1969 καὶ
1328 1914 1585 1991 γλυκείας
1613 1918 1663 1975 ἐν
1696 1921 1891 1992 αἴσθη-

239 2019 319 2052 σει
376 2002 751 2073 γεγενημήνην
811 2010 1023 2079 φωνῆς,
1057 2002 1385 2060 διδάσκαλόν
1437 2028 1496 2062 τε
1550 2008 1609 2063 ἐκ
1655 2030 1888 2085 περιχα-

242 2088 389 2160 ρείας
454 2088 647 2153 εἰπεῖν,
705 2090 793 2144 καὶ
859 2092 1216 2148 πιστεύσασαν
1282 2099 1361 2165 τῷ
1423 2097 1730 2171 μυστηρίῳ,
1789 2099 1892 2154 αὐ-

239 2176 364 2230 τίκα
421 2181 528 2231 τῶν
592 2184 920 2254 ζωαρχικῶν
982 2182 1164 2237 ποδῶν
1232 2189 1410 2253 ζητεῖν
1473 2186 1764 2241 ἅπτεσθαιο
1798 2190 1888 2244 αὖα

240 2265 330 2320 τὸν
390 2262 448 2320 δὲ
525 2269 600 2338 μὴ
686 2263 944 2324 ἅπτεσθαί
1015 2292 1076 2345 γε
1154 2270 1296 2325 οὕτω
1368 2272 1592 2348 παχέως
1658 2270 1889 2352 ἔχουσαν

239 2354 709 2443 παρεγγυᾷν,⁹ἐως
766 2356 825 2413 ἂν
890 2359 1027 2433 πρὸς
1086 2361 1179 2416 τὸν
1239 2360 1449 2438 Πατέρα
1505 2364 1891 2443 παλινδρομή-

240 2439 534 2501 σειε.Τὸτε
589 2446 713 2522 γὰρ,
751 2448 779 2502 ὁ
838 2444 1139 2522 δυνάμενος
1188 2449 1240 2504 ἐν
1302 2451 1565 2527 πνεύματι
1622 2439 1892 2531 προσκολ-

240 2532 440 2589 λᾶσθαι
515 2538 618 2605 τῆς
686 2537 927 2608 ἐξουσίας
993 2537 1338 2611 ἀπολαυέτω,
1408 2543 1588 2616 φησίν.
1660 2548 1721 2601 Ἦ
1799 2548 1894 2620 μὲν

244 2622 337 2678 οῦν
396 2621 733 2700 Μαγδαληνή
794 2626 921 2701 πρὶς
970 2632 1050 2700 τῷ
1102 2630 1259 2705 τάφῳ
1317 2633 1756 2708 παραγενομένη,
1809 2633 1892 2697 δὶς

247 2711 456 2785 ἑώρακε
509 2712 602 2766 τὸν
661 2715 898 2788 Χριστόν
924 2733 937 2747 ⁸
974 2716 1108 2789 μετᾶ
1161 2723 1260 2787 τῆς
1314 2720 1584 2775 Θεοτόκου
1620 2723 1719 2792 τὴν
1748 2724 1891 2796 πρώ-

244 2821 374 2871 την,
403 2800 478 2860 ὡς
539 2802 568 2855 ὁ
630 2803 897 2878 μακάριος
955 2805 1162 2880 ἱστορεῖ
1216 2809 1526 2871 Ματθαῖος·
1577 2812 1674 2879 τήν
1723 2807 1898 2866 δευτέ-

252 2909 349 2961 ραν
394 2886 451 2943 δὲ
500 2890 593 2944 καὶ
635 2890 843 2964 τρίτην,
875 2894 1010 2948 κατά
1062 2895 1246 2967 μόνας,
1290 2897 1426 2950 κατά
1468 2897 1560 2951 τὸν
1613 2898 1893 2955 θεσπέσεον

259 2979 540 3047 Ἰωάννην.
575 2977 718 3050 ’Ἡδη
776 2978 832 3036 δὲ
886 2984 972 3036 καὶ
1031 2984 1286 3058 τέταρτον
1344 2983 1611 3059 πρόσεισι.
1666 2994 1899 3061 Συμπα-

256 3074 421 3142 ρῆσαν
482 3065 541 3122 δὲ
595 3069 764 3144 ταύτῃ
822 3072 857 3139 ἤ
914 3091 974 3125 τε
1003 3068 1268 3127 Ἰακώϐοὖ
1327 3075 1531 3146 Μαρία,
1575 3076 1664 3131 καὶ
1718 3078 1895 3133 Ἰωάν-

249 3178 333 3223 να,
386 3158 477 3211 καὶ
548 3157 941 3231 Σαλώμη.καὶ
998 3159 1167 3216 ἄλλαι
1225 3160 1478 3218 πλεῖσται
1534 3167 1587 3218 αἱ
1637 3165 1742 3220 ἀπὸ
1797 3175 1897 3237 τῆς

253 3244 555 3307 Γαλιλαίας
634 3244 1010 3311 συναναϐᾶσαι,
1084 3248 1250 3319 ἡλίου
1328 3250 1446 3327 ἄρτι
1518 3257 1579 3308 τὸ
1658 3225 1975 3329 πρωϊνδνρ

253 3336 669 3411 ὕπαυγάζοντυς.
720 3340 820 3399 Aie
887 3341 1023 3394 κατᾶ
1064 3342 1156 3394 τὸν
1205 3341 1344 3395 θεῖον
1394 3350 1604 3399 Λουκᾶν
1654 3347 1705 3400 οἱ
1753 3343 1901 3417 ἔξαλ-

254 3423 341 3479 λοι
381 3431 501 3481 ταῖς
554 3425 777 3489 στολαῖς
814 3427 1011 3483 ἐκεῖνοι
1062 3428 1151 3483 καὶ
1210 3430 1527 3505 φωτοειδεῖς
1559 3432 1761 3508 ἤροντο
1797 3435 1899 3510 ἅγ-

253 3512 432 3587 γελοι,
490 3515 568 3584 μή
625 3516 720 3569 τὸν
772 3519 946 3584 ζῶντα
1024 3516 1158 3590 μετᾶ
1211 3522 1319 3573 τῶν
1373 3522 1673 3576 τεθνεώτων
1734 3523 1902 3579 πολυ-

252 3610 628 3681 πραγμονεῖν·
692 3606 983 3684 ἐγηγέρθαι
1042 3612 1147 3688 γὰρ
1202 3610 1296 3666 καί
1357 3615 1432 3685 μή
1504 3620 1752 3690 παρεῖναι
1820 3621 1900 3688 τῷ

256 3697 407 3773 τάφῳ
465 3694 917 3771 διεμαρτύροντο’
951 3700 1040 3756 καὶ
1096 3706 1206 3757 τῶν
1263 3701 1468 3758 ἐκείνου
1529 3706 1789 3778 ῥημάτων
1847 3705 1899 3761 ἐν

260 3788 416 3859 μνείᾳ
460 3786 703 3861 γενέσθαι
747 3789 1101 3865 παρηγγύων,
1154 3792 1241 3846 καὶ
1305 3798 1423 3855 τοῖς
1486 3797 1753 3866 μαθηταῖς
1808 3784 1902 3851 ποξ

261 3875 533 3951 ρευθείσας
585 3878 650 3931 τὰ
702 3876 798 3933 ’ίσα
859 3876 1270 3953 διαμηνύεσθαι.
1308 3883 1404 3938 Καὶ
1464 3882 1583 3954 δῆθ’
1646 3886 1905 3961 ὑποστρέ-

261 3969 425 4039 ψασαι
513 3964 724 4037 σύναμα
821 3971 892 4042 τῇ
987 3971 1292 4046 θερμοτάτῃ
1396 3972 1781 4050 Μαγδαληνῇ,
1837 3978 1905 4030 τὰ

258 4054 514 4128 ὁραθέντα
565 4061 683 4117 τοῖς
738 4053 927 4113 ἕνδεκα
978 4061 1066 4114 καὶ
1129 4066 1255 4116 πᾶσι
1302 4068 1419 4125 τοῖς
1472 4064 1692 4128 λοιποῖς
1737 4064 1905 4140 ἀνήγ-

254 4142 472 4216 γελλον.
506 4150 687 4217 Λῆρον
735 4142 792 4200 δὲ
838 4154 1109 4220 γυναικῶν
1159 4150 1284 4211 τοὺς
1329 4152 1535 4227 λόγους
1578 4152 1906 4228 ἠγοῦμενοι,

257 4235 524 4290 πιστεύειν
583 4234 781 4303 ἥκιστα
838 4236 1015 4313 εἶχον.
1064 4245 1171 4308 Τῆς
1239 4237 1295 4294 δὲ
1349 4243 1541 4317 φήμης
1593 4245 1763 4319 πτερά
1812 4243 1906 4300 λα-

256 4320 485 4394 ϐούσης,
569 4326 659 4379 καὶ
748 4327 1065 4402 ἁπανταχοῦ
1148 4349 1208 4400 γε
1301 4327 1699 4409 διατρεχούσης
1793 4328 1906 4406 ἅμα

258 4413 440 4489 ἡμέρᾳ
496 4414 570 4475 ὼς
625 4412 685 4468 ἐκ
740 4420 847 4469 τῶν
903 4420 1102 4489 νεκρῶν
1160 4417 1349 4489 ἀνέστη
1410 4420 1695 4491 ὁἸησοῦς,
1730 4424 1781 4477 οἱ
1811 4424 1903 4498 ἆρ-

258 4508 466 4578 χιερεῖς
536 4504 627 4558 καὶ
703 4505 754 4559 οἱ
825 4510 923 4559 τοῦ
998 4504 1278 4582 συνεδρίου
1350 4508 1401 4563 ἐν
1481 4508 1668 4586 λόγοις
1743 4513 1899 4585 ἦσαν,

258 4592 471 4666 βουλὴν
521 4591 833 4670 ὑφάναντες,
892 4593 1132 4669 ἄργυρίῳ
1204 4618 1262 4651 τε
1327 4599 1422 4659 τάς
1476 4603 1584 4653 τῶν
1645 4621 1902 4673 στρατιω-

260 4685 370 4735 τῶν
429 4678 604 4752 δεξιὰς
685 4679 1110 4760 διαφθείραντες,
1170 4686 1371 4741 πείθειν
1449 4686 1763 4764 ἐπεχείρουν
1829 4692 1905 4754 ὡς

266 4770 317 4823 οἳ
379 4768 614 4841 μαθηταὶ
666 4768 959 4839 συλήσειαν
1008 4773 1099 4827 τὸν
1148 4778 1245 4827 τοῦ
1305 4772 1637 4832 διδασκάλου
1693 4781 1904 4855 νεκρὸν,

269 4859 425 4931 βαθεῖ
476 4862 556 4929 τῷ
610 4857 759 4931 ὕπνῳ
816 4863 1201 4939 κατεχομένων
1248 4864 1444 4922 αὐτῶν.
1496 4871 1557 4921 Ὃ
1606 4863 1672 4937 δὴ
1718 4869 1806 4923 καὶ
1852 4867 1907 4932 ἐς

266 4944 448 5020 δεῦρο,
481 4945 635 5022 φησὶ,
667 4950 796 5022 παρ’
827 4947 1053 5014 ἐκείνοις
1083 4947 1491 5029 διαφημίζεται.

1935 4565 1985 4629 D

1996 1928 2261 2001 quopiam
2292 1929 2615 1999 deporstati,
2656 1926 2744 1982 die
2773 1925 2924 1982 sodes
2952 1924 3048 1980 ubi
3078 1925 3318 1981 locorum
3344 1925 3433 1991 sit,
3465 1927 3515 1980 et
3543 1939 3643 1991 ego

1999 2020 2161 2076 illum
2194 2018 2405 2075 tollam.
2439 2018 2548 2073 Sed
2602 2016 2756 2071 enim
2799 2015 3083 2071 Dominus
3114 2012 3430 2070 amentiam
3464 2014 3647 2070 incre-

1999 2108 2422 2178 dulitatemque
2489 2107 2618 2177 ejus
2696 2122 2812 2161 una
2867 2103 3253 2176 appellatione
3299 2103 3536 2175 corrigit
3592 2104 3649 2159 et

1999 2197 2294 2254 emendat.
2346 2197 2428 2251 Ibi
2486 2195 2585 2250 illa
2642 2196 2840 2249 statim
2900 2196 3239 2249 consuetam
3296 2192 3651 2263 dulcemque

2001 2302 2323 2359 agnoscens
2345 2301 2567 2352 vocem,
2588 2302 2657 2341 ex
2679 2284 2886 2339 laetitiis
2915 2280 3647 2352 abundantia,magistrum

2002 2393 2135 2433 eum
2167 2380 2355 2442 vocat,
2386 2380 2445 2431 et
2478 2372 2750 2443 mysterio
2784 2372 2953 2427 [idem
2985 2369 3292 2437 adhibens,
3323 2369 3527 2425 vitales
3554 2384 3646 2439 pe-

2002 2467 2103 2521 des
2150 2463 2340 2519 subito
2386 2462 2721 2533 contingere
2776 2468 2955 2531 parat.
3009 2459 3269 2530 Eamque
3326 2456 3445 2523 ille,
3489 2458 3642 2530 quod

2004 2557 2120 2607 tam
2150 2567 2346 2607 crassa
2375 2551 2698 2605 etiamnum
2734 2551 2926 2602 mente
2957 2551 3131 2613 esset,
3168 2562 3236 2601 ne
3268 2562 3330 2601 se
3362 2549 3648 2617 tangeret,

2005 2642 2187 2697 donec
2217 2639 2289 2695 ad
2322 2640 2546 2694 Patrem
2586 2640 2982 2703 reverteretur,
3030 2634 3274 2689 inhtbet.
3308 2635 3459 2690 Tum
3492 2634 3648 2689 enim

2003 2747 2100 2786 eos
2133 2729 2232 2801 qui
2283 2728 2488 2798 spiritu
2546 2726 2837 2781 adhaerere
2887 2723 3244 2795 adjungique
3287 2723 3338 2778 ei
3389 2725 3650 2794 possent,

2005 2824 2284 2890 potestate
2315 2833 2380 2871 ea
2413 2816 2524 2869 frui
2575 2813 2784 2870 debere
2827 2813 2991 2867 dixit.
3043 2811 3244 2882 Itaque
3274 2807 3654 2880 Madgdalena

2005 2911 2094 2963 ter
2121 2906 2192 2961 ad
2227 2904 2564 2976 sepulcrum
2594 2902 2778 2970 venit,
2810 2910 2861 2956 et
2895 2902 2985 2956 bis
3007 2900 3305 2955 Christum
3337 2897 3514 2952 vidit:
3542 2895 3656 2967 pri-

2006 3011 2186 3061 mum,
2218 3010 2348 3050 cum
2384 2993 2505 3062 ipsa
2540 2991 2637 3047 Dei
2673 2990 2986 3059 Genitrice,
3036 2993 3100 3044 ut
3148 2989 3354 3044 beatus
3393 3000 3653 3043 comme-

2008 3089 2193 3140 morat
2232 3081 2577 3147 Matthasus;
2610 3079 2866 3135 secundo
2898 3082 3090 3134 autem
3115 3081 3169 3133 et
3191 3076 3384 3142 tertio,
3417 3073 3563 3140 sola,
3586 3079 3648 3128 ut

2009 3174 2240 3245 quidem
2276 3171 2508 3226 divinus
2541 3168 2744 3225 scribit
2782 3169 3051 3223 Joannes.
3095 3167 3249 3221 116
3278 3167 3403 3220 Jam
3433 3178 3568 3219 vero
3597 3164 3653 3217 et

2010 3266 2222 3335 quarto
2271 3260 2525 3316 advenit.
2580 3259 2752 3313 Erant
2797 3261 2989 3312 autem
3025 3272 3157 3310 cum
3192 3255 3316 3326 ipsa
3346 3251 3523 3308 Maria
3549 3251 3653 3306 Ja-

2010 3352 2161 3421 cobi,
2191 3354 2438 3418 Joanne,
2472 3348 2723 3417 Salome,
2776 3355 2829 3402 et
2861 3345 2985 3401 alias
3020 3345 3238 3417 plures,
3271 3359 3401 3416 quae
3432 3358 3466 3399 a
3494 3338 3650 3397 Gali-

2010 3443 2110 3499 laea
2142 3439 2318 3497 simul
2351 3439 2751 3505 ascenderant,
2786 3435 2904 3492 sole
2936 3451 3134 3490 recens
3159 3432 3472 3490 admodum
3499 3434 3646 3485 orto.

2010 3532 2250 3599 Quibus,
2275 3531 2444 3603 juxta
2476 3529 2671 3583 divum
2718 3527 2960 3592 Lucam,
3007 3522 3449 3581 coruscantibus
3479 3520 3644 3577 stolis

2011 3625 2348 3695 praestantes
2381 3619 2638 3675 humana
2668 3614 2861 3687 specie
2893 3612 3083 3685 angeli
3114 3613 3335 3672 dicunt,
3358 3611 3647 3666 viventem

2011 3729 2145 3769 cum
2180 3710 2425 3767 mortuis
2476 3705 2858 3777 quaarendum
2906 3719 3024 3759 non
3075 3718 3221 3757 esse.
3256 3698 3660 3756 Rcsurrexisse

2013 3800 2194 3866 enim,
2227 3805 2283 3854 et
2316 3815 2426 3854 non
2464 3799 2665 3850 adesse
2691 3809 2823 3849 eum
2850 3793 2906 3847 in
2932 3786 3662 3857 monumento,lestiﬁcan-

2015 3895 2112 3945 tur
2142 3908 2154 3943 :
2188 3889 2478 3959 verbaque
2507 3885 2635 3956 ejus
2683 3883 2742 3937 in
2793 3880 3135 3937 memoriam
3172 3892 3458 3944 revocare,
3489 3880 3664 3947 atque

2020 3976 2324 4049 discipulis
2354 3974 2633 4030 abeuntes
2661 3972 2865 4027 eadem
2909 3968 3165 4023 indicare
3192 3966 3415 4037 jubent.
3449 3963 3534 4020 Ita
3558 3964 3663 4020 de-

2023 4085 2187 4124 mum
2238 4065 2348 4121 illae
2394 4080 2526 4119 cum
2578 4060 2967 4118 fervidissima
3012 4055 3350 4129 Magdalena
3398 4071 3661 4122 reversa),

2023 4157 2293 4213 undecim
2331 4153 2471 4222 illis,
2505 4158 2889 4223 praetereaque
2931 4146 3060 4202 aliis
3091 4143 3389 4214 omnibus,
3421 4161 3551 4216 qua
3574 4144 3662 4198 vi-

2021 4247 2247 4313 derant,
2279 4241 2633 4299 renuntiant.
2660 4241 2733 4294 At
2756 4236 2839 4293 illi
2864 4233 3342 4292 muliercularum
3366 4235 3539 4290 verba
3563 4250 3663 4305 pro

2023 4334 2196 4407 nugis
2227 4333 2530 4397 habentes,
2582 4327 2846 4384 animum
2894 4325 2962 4381 ad
3002 4324 3355 4382 credendum
3388 4322 3665 4377 inducere

2017 4443 2129 4481 non
2163 4424 2491 4496 potuerunt.
2526 4420 2593 4474 Et
2615 4418 2742 4489 jam
2776 4416 2947 4475 fama.
2970 4413 3195 4469 viribus
3218 4410 3369 4481 magi.
3391 4428 3417 4466 s
3450 4411 3667 4480 magis-

2015 4530 2126 4586 que
2156 4510 2431 4583 sumptis.
2466 4508 2678 4579 passim
2714 4521 2826 4559 una
2856 4519 2990 4559 cum
3045 4501 3139 4557 die
3168 4501 3368 4556 ersum
3407 4517 3472 4553 rx
3606 4517 3661 4552 r-

2014 4603 2131 4660 tuis
2160 4598 2538 4657 resurrexisse
2586 4593 3046 4652 increbrescebat
3085 4607 3100 4647 :
3147 4606 3280 4647 cum
3329 4588 3565 4661 pontiﬁc
3605 4603 3656 4656 s,

2017 4697 2073 4751 et
2103 4691 2205 4763 qui
2255 4690 2309 4745 in
2358 4685 2600 4743 concilio
2653 4683 2905 4754 alicujus
2944 4683 3141 4736 essent
3174 4676 3426 4734 nominis
3457 4685 3510 4730 et
3546 4676 3663 4729 exi-

2018 4780 2395 4840 stimationis.
2428 4774 2739 4833 consilium
2768 4776 2987 4839 texunt,
3021 4778 3074 4825 et
3106 4771 3343 4839 argento
3386 4766 3515 4819 dato
3550 4763 3657 4818 mi-

2018 4872 2148 4928 lites
2181 4869 2582 4939 corrumpunt,
2617 4869 2681 4920 ut
2710 4860 3059 4935 persuadere
3090 4854 3360 4914 omnibus
3392 4868 3667 4909 conaren-

2019 4967 2134 5030 tur,
2169 4976 2296 5016 cum
2328 4956 2441 5028 ipsi
2474 4971 2676 5011 somno
2717 4948 3090 5023 profundiore
3127 4942 3412 5013 consopiti
3445 4948 3660 5009 essent,

263 5039 583 5109 discipulos
615 5056 820 5113 corpus
849 5041 1108 5098 defuncti
1141 5043 1401 5116 magistri
1432 5047 1694 5119 rapuisse
1729 5065 1742 5104 :
1775 5051 1926 5121 quod
1975 5051 2046 5108 ad
2095 5050 2253 5107 hunc
2302 5062 2487 5119 usque
2518 5046 2672 5102 diem
2712 5041 2863 5113 apud
2894 5054 2989 5097 eos
3022 5033 3376 5107 evangelista
3405 5030 3550 5089 falso
3574 5031 3664 5102 ja-

266 5129 404 5184 ctari
434 5128 593 5185 dicit.
