3950 6214
426 313 544 374 ’135

983 442 1211 500 CAPUT
1249 443 1508 499 XXXIV.

429 575 647 641 Quoties
677 581 728 630 et
766 573 965 644 quibus
1008 589 1078 628 ex
1127 571 1414 644 discipulis
1450 573 1766 644 apparuerit
1795 589 1814 626 :
1857 577 1921 625 ut
1949 572 2073 641 pri-

498 663 648 701 mum
677 643 883 701 scilicet
918 645 1070 699 Lucze
1101 647 1151 698 et
1202 643 1430 714 σισυρῶν,
1481 643 1678 699 deinde
1701 645 1930 714 uesperi
1958 660 2068 697 un-

497 717 672 772 decim
719 715 984 786 apostolis
1033 717 1230 771 clausis
1269 713 1466 786 januis
1515 713 1892 770 ividendum’re
1918 731 2070 786 pra?-

501 791 676 843 buerit
707 806 725 842 :
754 785 824 843 et
868 794 931 842 ut
968 794 1081 858 post
1128 787 1244 842 dies
1273 785 1414 842 iacto
1466 788 1534 842 ab
1582 787 1820 857 apostolo
1863 785 2070 843 Thema

499 863 569 914 sit
597 864 980 915 contrectatus.

501 983 803 1054 Deinceps,
839 983 1065 1056 quoties
1099 981 1396 1054 discipulis
1435 981 1790 1054 apparuerit,
1825 981 2068 1052 quibus-

431 1089 544 1145 que
569 1073 752 1144 signis
798 1078 856 1128 et
903 1071 1227 1141 miraculis,
1259 1071 1342 1127 eis
1367 1071 1648 1141 perculsis
1681 1073 1944 1140 cognitus
1975 1073 2069 1140 sit,

432 1179 505 1220 ne
543 1163 688 1235 ipsis
719 1161 980 1235 quidem,
1033 1161 1134 1234 qui
1190 1159 1314 1216 suis
1344 1160 1604 1230 ipsorum
1637 1160 1822 1231 oculis
1853 1178 1918 1217 ea
1949 1177 2076 1232 spe-

433 1258 684 1322 ctarunt,
736 1252 796 1307 in
847 1251 1078 1324 publico
1129 1255 1508 1306 monumenta
1558 1251 1754 1306 referri
1811 1259 2073 1324 oportere

430 1341 618 1400 visum
651 1349 760 1406 est,
790 1341 1029 1396 sublimi
1060 1341 1360 1412 Deumque
1383 1341 1621 1396 decente
1647 1347 1864 1398 terrore
1893 1341 2072 1396 simul

433 1437 491 1487 et
521 1431 904 1488 admiratione
951 1431 1138 1487 facilis
1187 1431 1746 1503 compendiariazque
1792 1431 2073 1486 orationis

437 1522 798 1578 occasionem
848 1520 965 1576 illis
1019 1521 1360 1592 praebente:
1410 1520 1619 1592 quippe
1665 1521 1881 1592 quibus
1928 1520 2070 1575 illud

439 1610 632 1667 studio
684 1610 876 1677 fuerit,
928 1615 992 1666 ut
1029 1627 1096 1665 ea
1133 1615 1360 1666 tantum
1410 1614 1780 1681 exponerent,
1829 1627 1953 1681 qua
2002 1611 2071 1664 ad

435 1700 613 1756 ﬁdem
646 1715 760 1755 non
791 1698 932 1754 satis
979 1697 1204 1754 idoneis
1248 1713 1568 1770 parumque
1597 1698 1850 1754 credulis
1885 1698 2074 1753 homi-

1721 305 2166 368 NICEPHORI-
2187 305 2538 370 CALLISTI
3715 305 3810 368 736

2101 445 2154 510 Α

2808 451 3040 501 ΚΕΦΑΛ
3081 451 3199 501 ΚΔ’.
3225 503 3238 510 ,

2177 570 2436 646 Ὁσάκις
2495 571 2600 625 καὶ
2658 572 2794 626 τίσι
2835 577 2960 626 τῶν
2993 573 3318 646 μαθητῶν
3357 569 3677 646 ἀνεφάνης
3723 570 3810 624 καὶ

2249 642 2331 716 ᾡς
2371 647 2630 716 πρῶτον
2670 643 3009 716 τοῖς-περὶ
3053 647 3306 716 Λουκᾶν
3348 643 3454 696 καὶ
3487 641 3810 716 ’Κλεόπαιη

2251 714 2388 788 εἶτα
2424 711 2797 788 δψίγαςῗτοῖς
2837 711 3068 788 ἕνδεκα
3108 718 3232 788 τῷν
3265 715 3487 788 ⁸Θυρῑίιν
3527 713 3813 788 κεκλεισέ

2253 785 2730 858 μένωπίῶφοη’
2791 788 2896 858 καὶ
2955 787 3090 858 μεθ’
3149 785 3408 858 ἡμέρας
3462 785 3641 841 ὀκτὼ
3709 787 3810 840 ὑπὸ

2248 854 2363 912 τοῦ
2403 854 2786 913 ἀποστόλου
2826 854 3240 935 ἐψηλαφηθη
3283 854 3502 930 Θωμᾶ.

2251 983 2518 1036 Ἐντεῦθεν
2580 980 2763 1044 ὁσάκις
2821 980 3064 1060 ἐμφανὴς
3122 986 3240 1044 τοῖς
3311 981 3539 1054 μύσταις
3596 978 3810 1054 ἐγένετο,

2181 1071 2327 1133 ὅσοις
2386 1093 2444 1128 τε
2492 1071 2742 1146 σημείοις
2796 1073 2888 1126 καὶ
2949 1074 3131 1146 τέρασι
3189 1071 3588 1143 καταπλήττων
3637 1070 3809 1131 αὐτούς

2180 1157 2441 1237 ἔγνωστο,
2503 1159 2625 1217 οὔτε
2687 1166 2802 1224 τοῖς
2878 1161 3174 1223 αύτόπταις
3249 1163 3658 1237 ἀναγράψασθαι
3723 1158 3812 1215 δεῖν

2181 1249 2375 1320 ἐδόκει,
2434 1259 2535 1320 τῆς
2611 1253 2944 1324 θεοπρεποῦς
3017 1250 3362 1328 γοργότητος
3434 1255 3536 1306 τοῦ
3619 1271 3814 1306 συντετ-

2185 1341 2435 1412 μημένου
2477 1340 2648 1416 λόγου
2701 1338 2950 1403 διδόντος
3001 1341 3064 1394 τὸ
3113 1340 3448 1418 πρόχειρον·
3505 1339 3740 1414 μελέτην
3770 1360 3814 1394 τε

2182 1431 2524 1504 ποιούμενοι,
2594 1432 2691 1486 ὅσα
2760 1431 2897 1504 πρὸς
2955 1431 3132 1484 πίστιν
3196 1429 3432 1503 ἐξαρκεῖν
3508 1435 3626 1492 τοῖς
3701 1429 3813 1484 ἀνα-

2181 1519 2317 1590 ξίοις
2374 1522 2464 1576 καὶ
2529 1521 2912 1598 ὀλιγοπίστοις
2970 1517 3196 1593 ἔμελλε,
3226 1523 3393 1574 ταῦτα
3450 1516 3520 1586 δὴ
3579 1521 3811 1593 παραθεῖ-

2182 1629 2304 1663 ναι·
2337 1610 2403 1663 τὰ
2455 1607 2510 1663 δὲ
2559 1608 2788 1664 πλεῖστα
2834 1613 2914 1680 τῷ
2959 1615 3058 1676 τῆς
3110 1614 3322 1676 σιωπῆς
3373 1603 3642 1679 ἀκινδύνῳ
3684 1605 3811 1660 κατέ-

2183 1701 2390 1773 κρυψαν
2429 1717 2442 1730 ·
2507 1701 2604 1754 Ἐν
2673 1699 2966 1772 ἡμέραις
3031 1696 3174 1770 γάρ,
3235 1697 3399 1775 φησὶν
3472 1697 3500 1750 ὁ
3567 1696 3810 1772 Θεηγόρος

435 1787 610 1844 nibus
641 1788 962 1846 faciendam
995 1789 1346 1855 sufﬁcerent,
1397 1789 1650 1860 plurima
1681 1793 1875 1844 autem
1905 1802 2072 1843 secu-

2192 1793 2415 1856 Ᾱουκᾶς,
2451 1789 2532 1860 μ’,
2573 1786 2640 1842 ἐκ
2686 1785 3202 1860 διαλειμμάτων
3244 1787 3476 1848 αὐτοῖς
3528 1784 3809 1858 ἐμφανὴς

437 1877 594 1934 ritati
640 1877 854 1934 silentii
905 1878 1348 1935 committerent.
1389 1878 1586 1933 Diebus
1635 1879 1802 1946 enim,
1843 1877 2074 1932 divinus

439 1966 630 2036 inquit
663 1967 870 2034 Lucas,
904 1967 1267 2038 quadraginta
1295 1983 1364 2021 ex
1391 1967 1698 2022 iutervallis
1727 1982 1782 2022 se
1829 1967 1947 2022 illis
1977 1981 2076 2020 ex-

441 2055 649 2124 hibens,
698 2064 748 2112 et
789 2056 1004 2127 qaidem
1047 2071 1156 2112 non
1203 2055 1324 2110 sine
1369 2054 1664 2112 miraculis
1700 2061 1754 2112 et
1787 2054 2077 2126 prodigiis,

435 2163 556 2218 qua
585 2147 753 2219 regni
781 2147 879 2202 Dei
907 2150 1101 2214 essent,
1126 2145 1246 2202 laeto
1267 2145 1540 2202 recensuit
1567 2144 1782 2202 nuntio.
1816 2144 2074 2200 Primum

435 2237 650 2309 itaque,
683 2237 854 2293 sicuti
887 2240 1058 2292 antea
1081 2237 1296 2292 dictum
1328 2245 1437 2304 est,
1469 2235 1838 2302 mulieribus,
1881 2239 2078 2306 utpote

439 2326 552 2381 ﬁde
585 2325 1026 2382 ferventioribus
1071 2343 1137 2380 ac
1189 2325 1478 2381 desiderio
1525 2325 1714 2382 cordis
1757 2325 1942 2393 magis
1973 2325 2080 2379 ﬂa-

440 2415 761 2488 grantibus,
817 2426 1158 2488 conspectus
1217 2421 1318 2470 est.
1374 2417 1521 2471 117
1577 2415 1794 2470 Deinde
1853 2413 2078 2470 Simoni

442 2510 634 2572 Petro,
660 2511 716 2561 et
743 2505 856 2577 ipsi
888 2505 1236 2578 singularem
1270 2507 1534 2561 ardorem
1565 2521 1703 2576 erga
1733 2504 2077 2576 magistrum

441 2591 748 2660 obtinenti,
779 2592 839 2648 in
867 2591 1190 2664 primisque
1213 2592 1424 2665 linguae
1455 2592 1676 2648 lubrico
1699 2591 1886 2662 lapso,
1911 2600 2078 2662 atque

441 2683 722 2753 majorem
756 2683 813 2736 in
847 2682 1087 2738 modum
1111 2698 1290 2753 supra
1319 2681 1468 2738 alios
1491 2696 1682 2738 rerum
1714 2697 1951 2737 suarum
1985 2698 2076 2735 sa-

443 2773 680 2844 tagenti.
733 2775 810 2827 Ac
857 2771 1058 2828 eadem
1109 2771 1258 2844 ipsa,
1309 2770 1471 2828 tertia
1520 2771 1754 2842 quidem
1807 2769 1928 2837 illa,
1979 2769 2077 2824 sed

442 2862 633 2931 prima
688 2861 1130 2917 resurrectionis
1186 2861 1299 2929 die,
1339 2877 1373 2916 a
1416 2861 1570 2916 Luca
1619 2862 1696 2930 (1)
1740 2863 1796 2914 et
1847 2858 2075 2930 Cleom,

444 2949 556 3006 iter
587 2950 982 3021 carpentibus,
1031 2965 1161 3007 cum
1201 2965 1436 3018 vespere
1475 2949 1545 3006 ad
1579 2964 1800 3004 omnem
1831 2963 1963 3002 cum
1995 2946 2079 3001 eis

445 3036 824 3104 consedisset,
855 3054 954 3109 per
975 3037 1140 3108 panis
1171 3035 1451 3092 nimirum
1486 3036 1846 3103 fractionem,
1882 3033 2078 3106 cogni-

444 3128 536 3180 tus
567 3132 652 3181 est
685 3141 698 3178 :
730 3125 849 3196 qui,
883 3141 1013 3181 cum
1045 3142 1076 3180 e
1128 3131 1438 3196 conspectu
1485 3141 1682 3180 eorum
1725 3124 2072 3188 evanuisset,

444 3213 552 3284 ipsi
601 3229 760 3270 scena
810 3214 1028 3282 relicta,
1082 3213 1357 3286 nullaque
1408 3230 1569 3270 mora
1605 3214 1966 3286 interposita,
2010 3229 2074 3267 eo

443 3303 570 3376 ipso
613 3308 875 3375 tempore
932 3321 1061 3360 cum
1122 3304 1485 3361 festinatione
1542 3303 1938 3374 Hierosolyma
1986 3319 2076 3358 re-

438 3395 590 3450 versi
619 3400 774 3462 stiut,
803 3399 974 3466 atque
1003 3393 1060 3448 in
1106 3391 1492 3461 cmnaculum,
1545 3393 1641 3448 ubi
1673 3397 1730 3449 et
1760 3409 1922 3448 creua
1943 3409 2076 3463 per—

444 3487 571 3540 acta
617 3483 826 3552 fuerat,
875 3487 932 3539 et
972 3488 1094 3539 tum
1147 3483 1417 3554 discipuli
1467 3487 1623 3538 metu
1669 3497 2075 3552 percussorum

445 3573 749 3631 confertim
798 3579 1207 3641 convenerant,
1258 3589 1436 3644 quam
1487 3572 1741 3644 primum
1799 3572 2076 3628 ascende-

445 3667 599 3719 runt.
635 3663 717 3718 Ibi
758 3661 839 3717 eis
887 3661 1168 3734 apparitio
1199 3660 1431 3729 Christi,
1466 3661 1689 3717 Simoni
1717 3662 1882 3716 Petro
1916 3661 2078 3714 exhi-

446 3751 590 3822 bita,
622 3751 850 3824 aliaque
899 3753 968 3807 de
1009 3752 1133 3820 ipsa
1163 3750 1526 3822 Magdalena,
1578 3751 1647 3805 de
1682 3750 1890 3820 lapide.
1923 3759 1973 3804 et
2007 3749 2076 3803 de

444 3841 690 3914 angelis,
707 3841 1214 3913 praestantissimis
1234 3837 2077 3902 vestimentiscoruscantibus,

442 3948 657 4004 magna
685 3947 816 3988 cum
849 3931 1142 4002 voluptate
1191 3929 1521 3986 renuntiata
1562 3934 1714 3985 sunt.
1747 3929 1816 3984 Et
1843 3929 1956 4001 ipsi
1990 3929 2078 3983 vi-

445 4020 669 4088 cissim,
701 4019 857 4092 quod
887 4019 1003 4076 illis
1055 4019 1110 4076 in
1162 4019 1366 4075 itinere
1412 4020 1721 4086 evenisset,
1772 4024 1828 4073 et
1857 4027 1917 4074 ut
1948 4034 2077 4075 eum

445 4125 655 4180 panem
679 4109 1043 4180 frangentem
1071 4109 1500 4181 cognovissent,
1525 4116 2077 4165 commemorarunt.

446 4199 552 4254 Sed
583 4199 740 4254 enim
773 4217 887 4254 non
932 4199 1142 4270 exigua
1191 4215 1422 4270 quoque
1451 4204 1576 4253 tum
1611 4198 1688 4252 ibi
1721 4197 1964 4252 excitata
1995 4201 2083 4253 est

447 4285 619 4342 turba
647 4288 717 4342 ab
749 4287 854 4354 eis,
905 4287 1002 4358 qui
1054 4288 1205 4342 inter
1253 4303 1314 4342 se
1361 4287 1644 4356 ancipites
1675 4286 1866 4340 adhuc
1897 4291 2077 4340 erant.

445 4379 724 4432 Caeterum
754 4375 872 4431 illis
902 4375 982 4430 ita
1011 4375 1468 4447 ambigentibus,
1501 4379 1734 4448 propter
1763 4391 1961 4430 earum
1997 4392 2082 4430 re-

445 4481 576 4521 rum
613 4479 744 4536 quae
771 4465 1115 4521 dicebantur
1163 4464 1500 4530 novitatem,
1551 4464 1702 4519 circa
1743 4463 1869 4536 ejus
1901 4463 2082 4534 ipsius

446 4552 560 4611 diei
589 4569 804 4622 serum,
858 4569 1099 4624 vespera
1125 4551 1606 4620 increbrescente,
1639 4569 1770 4608 cum
1805 4553 1951 4609 fores
1984 4554 2080 4607 ﬁr-

376 4703 383 4711 _
446 4645 620 4702 miter
657 4641 872 4700 clauem
900 4649 1204 4699 manerent
1247 4643 1606 4708 (metuebant
1637 4643 1817 4711 enim,
1851 4659 1920 4697 ne
1952 4642 2082 4713 quis

446 4733 594 4790 clam
625 4733 1070 4806 ingrederetur),
1104 4734 1414 4803 derepente
1443 4731 1502 4787 in
1545 4735 1796 4804 ipsorum
1829 4732 2081 4788 addubi-

444 4823 693 4880 tantium
727 4823 917 4880 medio
948 4819 1273 4877 consistens
1303 4821 1600 4890 Dominus,
1633 4837 1896 4879 serenam
1931 4824 2082 4875 tran-

441 4913 788 4986 quillitatem
835 4911 1050 4968 animis
1097 4926 1297 4966 eorum
1344 4910 1632 4976 immittit,
1675 4925 1741 4966 ac
1798 4911 1969 4965 turba
2000 4926 2087 4964 sc-

443 5002 600 5070 data,
664 5017 863 5072 pacem
924 5000 1008 5056 eis
1067 5015 1224 5056 more
1290 5015 1396 5054 suo
1454 5003 1821 5070 apprecatur,
1876 5015 2087 5054 manus

443 5106 684 5164 quoque
731 5094 786 5148 et
831 5091 1032 5164 pedes,
1073 5095 1349 5160 praeterea
1385 5093 1442 5147 et
1469 5091 1728 5146 divinum
1761 5091 1917 5146 latus
1947 5107 2084 5146 con-

450 5180 821 5237 trectandum
881 5180 1242 5252 permittens,
1298 5181 1683 5236 ﬂuctuantem
1743 5196 1944 5236 eorum
2015 5180 2086 5234 de

447 5269 866 5329 resurrectione
903 5269 1237 5342 opinionem
1274 5270 1558 5336 dissolvit,
1604 5275 1661 5326 et
1706 5270 1937 5342 plenam
1970 5268 2086 5325 illis

445 5366 790 5432 certamque
837 5359 972 5414 facit
1013 5358 1208 5428 ﬁdem,
1258 5363 1322 5414 ut
1362 5360 1608 5415 ﬁrmiter
1636 5364 2088 5429 constanterque

451 5449 768 5518 crederent,
817 5464 879 5505 se
915 5463 1050 5504 eum
1083 5447 1302 5521 ipsum,
1333 5451 1432 5520 qui
1464 5449 1641 5504 clavis
1673 5464 1858 5521 nuper
1886 5449 2083 5503 admo-

453 5537 591 5594 dum
623 5539 940 5596 transﬁxus
971 5539 1177 5606 fuerat,
1201 5555 1316 5596 non
1337 5539 1604 5610 spiritum
1622 5555 1770 5595 esse.
1790 5535 2084 5603 Quomodo

2187 1877 2572 1954 γινόμενος,
2626 1877 2735 1930 καὶ
2805 1877 2932 1934 οὐκ
2996 1874 3146 1930 ἄνευ
3213 1875 3508 1950 τεράτων
3560 1873 3672 1927 καὶ
3717 1895 3808 1942 ση-

2190 1967 2392 2039 μείων
2450 1973 2694 2021 καινῶν
2747 1968 2823 2020 τὰ
2895 1967 3048 2036 περὶ
3123 1973 3240 2034 τῆς
3293 1968 3409 2018 τοῦ
3477 1961 3808 2039 βασιλείας

2186 2048 2459 2110 τούτοις
2517 2047 3026 2122 εὐηγγελίζετο.
3073 2050 3293 2119 Πρῶτον
3349 2044 3442 2117 μὶν
3487 2041 3714 2112 οῦν,ὥς
3761 2063 3807 2118 γε

2188 2134 2422 2211 ε’ίρηται,
2454 2142 2572 2200 ταῖς
2597 2137 2834 2212 γυναιξὶν
2867 2135 3060 2206 οἷάπερ
3113 2133 3466 2208 Θερμοτέραις
3508 2133 3608 2200 τήν
3652 2131 3806 2186 πίστιν

2185 2227 2275 2280 καὶ
2311 2231 2388 2298 τῷ
2437 2226 2588 2296 πόθῳ
2629 2233 2731 2295 τῆς
2788 2223 3014 2298 καρδίας
3065 2223 3440 2296 ἐκκαιομέναις
3501 2223 3804 2277 ὀπτάνεται·

2189 2315 2304 2370 εἶτα
2361 2320 2440 2385 τῷ
2501 2314 2712 2386 Σίμωνι
2775 2315 2982 2387 Πέτρῳ,
3045 2313 3136 2367 ἅτε
3194 2309 3260 2377 δὴ
3309 2311 3400 2365 καὶ
3452 2310 3602 2382 αὐτῷ
3649 2311 3808 2378 ζέοντα

2293 2403 2306 2420 ς
2391 2405 2404 2418 .
2486 2401 2510 2422 ι,
2589 2404 2598 2420 ,
2870 2402 2892 2417 ,.
3273 2399 3288 2418 ς
3341 2400 3354 2418 ,
3411 2400 3422 2418 .
3613 2398 3630 2414 ς
3667 2399 3678 2416 ρ

2187 2424 2310 2478 περι
2353 2425 2445 2458 τον
2483 2400 2829 2464 οιδασκαλον,
2864 2401 3052 2462 αλλως
3096 2421 3154 2455 τε
3200 2421 3290 2454 και
3331 2400 3542 2471 ολισθῳ
3573 2417 3805 2475 γΑωττης

2187 2494 2552 2569 περιπεσόντι,
2587 2493 2675 2546 καὶ
2709 2487 3168 2566 ὑπερϐαλλόντως
3195 2495 3303 2544 τῶν
3345 2487 3536 2544 ἄλλων
3596 2487 3806 2560 μάλιστα

2189 2582 2620 2656 διαπονουμένῳ.
2681 2582 2785 2638 Καὶ
2843 2585 2960 2637 κατ’
3012 2581 3178 2650 αὑτήν
3245 2601 3309 2656 γε
3365 2577 3432 2648 δὴ
3493 2580 3590 2648 τὴν
3638 2577 3804 2652 τρίτην

2193 2675 2309 2747 μέν,
2342 2673 2564 2747 πρώτην
2622 2670 2679 2726 δέ
2729 2671 2936 2744 ἡμέραν
2983 2673 3084 2735 τῆς
3128 2669 3488 2737 ἀναστάσεως,
3541 2672 3652 2730 τοῖς
3697 2665 3804 2738 asp?

2190 2769 2396 2818 Λουκᾶν
2437 2761 2528 2817 καὶ
2581 2761 2824 2816 Κλεόπαν
2873 2761 2971 2829 τὴν
3030 2757 3156 2814 ὁδὸν
3196 2761 3454 2832 παριοῦσι
3485 2755 3800 2832 γνωρίζεται,

2188 2855 2323 2928 πρὸς
2382 2853 2606 2927 ἑσπέραν
2663 2851 2739 2914 εἷς
2814 2848 3026 2906 δεῖπνον
3097 2849 3278 2912 αὐτοῖς
3355 2845 3800 2926 συγκατακλιθεῖς,

2186 2942 2282 2996 κάν
2318 2945 2386 3014 τῇ
2443 2939 2632 2995 κλάσει
2688 2944 2786 2993 τοῦ
2845 2940 3009 3013 ἄρτου
3056 2939 3270 3000 τούτοις
3330 2933 3801 3012 έπιγνωσθεὶς,κιὶ

2186 3032 2394 3108 ἀφανὴς
2451 3029 2512 3085 ἐκ
2561 3031 2726 3103 μέσου
2789 3028 2998 3083 τούτων
3067 3028 3234 3082 πάλιν
3291 3027 3609 3100 γενόμενος.
3665 3021 3802 3078 Αύτοὶ

2191 3117 2247 3174 δὲ
2298 3120 2358 3174 τὸ
2398 3117 2613 3174 δεῖπνον
2666 3117 2942 3186 λιπόντες,
2979 3114 3146 3190 μηδέν
3187 3137 3246 3170 τε
3297 3113 3666 3188 μελλήσαντες
3701 3113 3802 3166 κατ’

2107 3177 2153 3240 C
2191 3207 2362 3264 ἐκεῖνο
2394 3206 2461 3277 δὴ
2492 3213 2590 3264 τοῦ
2631 3211 2822 3283 καιροῦ
2873 3203 3082 3280 σπουδῇ
3123 3205 3447 3280 ἀνέστρεφον
3481 3203 3556 3264 εἷς
3594 3199 3801 3278 Ἱεροσό-

2186 3296 2371 3372 λυμα·
2405 3298 2493 3352 καὶ
2541 3299 2604 3352 τὸ
2650 3297 2894 3370 ὑπερῷον
2953 3297 3120 3370 τάχος
3181 3295 3304 3348 ὅσον
3355 3289 3802 3361 ἀναϐάντες,δπο·)

2186 3387 2252 3456 δὴ
2311 3386 2400 3442 καὶ
2459 3387 2486 3441 ὁ
2545 3385 2760 3450 δεῖπνος
2814 3384 3116 3455 τετέλεστο,
3149 3382 3270 3438 ἔνθα
3328 3382 3418 3436 καὶ
3478 3385 3531 3436 οἱ
3593 3377 3798 3454 μαθηταὶ

2186 3477 2372 3550 ἀθρόοι
2448 3480 2527 3548 τῷ
2600 3471 2755 3554 φόϐῳ
2821 3480 2928 3530 τῶν
2990 3476 3258 3551 φονευτῶν
3321 3469 3665 3540 κατεδύοντο,
3713 3470 3796 3534 τήν

2185 3569 2319 3640 πρὸς
2375 3565 2592 3638 Σίμωνα
2644 3561 2842 3638 Πέτρον
2891 3563 3181 3642 ἐμφάνειαν
3222 3566 3318 3616 τοῦ
3367 3566 3604 3635 Χριστοῦ
3646 3557 3796 3630 ἡδέως

2185 3657 2399 3716 τούτοις
2433 3651 2814 3728 κατήγγελλον
2841 3673 2852 3684 ⁸
2888 3653 2971 3707 καὶ
3009 3649 3188 3706 τᾶλλα
3220 3653 3286 3704 τά
3316 3650 3439 3722 περὶ
3471 3651 3570 3719 τήν
3604 3646 3794 3724 Μαγδα-

2187 3745 2363 3815 ληνὴν
2393 3744 2481 3798 καὶ
2508 3743 2598 3798 τὸν
2643 3743 2817 3808 λίθον,
2848 3743 2937 3796 καὶ
2981 3740 3107 3802 τοὺς
3155 3745 3272 3801 ταῖς
3320 3738 3578 3810 ἐξάλλοις
3623 3737 3794 3809 ἀστρᾶ-

2186 3854 2414 3894 πτοντας
2465 3831 2730 3908 ἀγγέλους
2795 3831 3294 3892 στολαῖς.Ἐκεῖνοι
3354 3826 3400 3882 δ’
3447 3827 3514 3882 αὖ
3571 3826 3634 3883 ti
3685 3825 3797 3880 κατᾶ

2185 3922 2282 3990 τὴν
2318 3921 2439 3976 ὁδὸν
2472 3919 2766 3996 διεξῄεσαν,
2797 3921 2886 3976 καὶ
2938 3919 3010 3980 ὡς
3069 3918 3216 3974 κλῶν
3265 3919 3354 3972 τὸν
3411 3916 3570 3991 ἄρτον
3608 3915 3799 3990 διεγνὼ-

2188 4013 2289 4081 σθη
2320 4009 2501 4072 αὐτοῖς
2527 4004 2702 4064 ’ἔνθεν
2735 4031 2822 4064 τοι
2852 4010 2935 4062 καὶ
2970 4007 3212 4082 τάραχος
3245 4005 3343 4062 οὐκ
3374 4005 3664 4084 ἐλάχιστος
3691 4003 3799 4071 ἐπη-

2188 4100 2400 4176 γείρετο
2425 4105 2542 4160 τοῖς
2573 4099 2699 4172 παρ’
2733 4095 2996 4167 ἀλλήλων
3031 4097 3082 4152 ἐν
3136 4092 3432 4172 ἀμφιϐόλῳ
3485 4095 3552 4166 δὴ
3599 4093 3798 4168 γενομέ-

2187 4211 2317 4244 νων.
2375 4188 2588 4244 Τούτων
2649 4185 2692 4241 δ’
2755 4186 2927 4248 οὕτως
3004 4181 3498 4261 ἀμρισϐητούντων
3569 4189 3642 4256 τῷ
3707 4186 3797 4235 τῶν

2191 4277 2549 4354 διηγημάτων
2609 4275 2882 4346 ξενίζοντι,
2935 4275 2986 4329 ἐν
3063 4278 3130 4348 τῇ
3196 4281 3296 4342 τῆς
3379 4274 3546 4343 αὐτῆς
3622 4274 3801 4345 ἡμέρας

2191 4367 2408 4441 ἑσπέρᾳ,
2437 4373 2537 4435 τῆς
2571 4366 2729 4440 ὀψίας
2777 4359 2853 4418 ἔτι
2905 4359 3372 4433 ἕπιπολαζούσης,
3402 4367 3508 4416 τῶν
3550 4382 3605 4417 τε
3647 4363 3798 4432 θυρῶν

2193 4457 2242 4511 ἐν
2303 4460 2380 4528 τῷ
2455 4451 2688 4534 ἀσφαλεῖ
2766 4456 3064 4524 μενουσῶν,
3116 4448 3377 4506 ἐδεδίεσαν
3443 4450 3546 4525 γὰρ
3613 4451 3682 4521 μή
3731 4465 3801 4505 τις

2117 4548 2156 4610 [)
2189 4545 2326 4620 λάθῃ
2373 4533 2687 4618 παρεισδὺς,
2719 4541 2915 4616 ἀθρόον
2967 4542 2994 4596 ὁ
3044 4541 3238 4615 Κύριος
3285 4537 3690 4618 διαφερομένοις
3725 4533 3800 4590 ἔτί

2195 4634 2378 4708 μέσοις
2411 4635 2559 4702 στὰς,
2589 4631 2836 4708 γαλήνην
2883 4651 2942 4686 τε
2991 4629 3147 4692 εὐθὺς
3196 4627 3370 4700 ἐνίησι
3417 4634 3538 4692 ταῖς
3583 4630 3794 4702 ψυχαῖς’

2193 4725 2281 4778 καὶ
2347 4723 2438 4778 τὸν
2489 4723 2730 4796 τάραχον
2800 4717 3176 4788 καταστείλας,
3231 4718 3448 4790 εἰρήνην
3509 4719 3702 4780 αὐτοῖς,
3747 4713 3800 4764 τὸ

2193 4811 2440 4883 σύνηθες,
2520 4809 2912 4888 ἐπεφθέγγετοσ
2972 4807 3067 4870 τάς
3135 4828 3192 4862 τε
3273 4811 3488 4882 χεῖρας,
3542 4807 3626 4862 καί
3694 4802 3798 4860 τοὺς

2191 4899 2383 4968 πόδας,
2417 4901 2553 4974 πρὸς
2597 4897 2652 4954 δὲ
2699 4897 2789 4954 καὶ
2840 4899 2938 4967 τὴν
2988 4898 3130 4952 θείαν
3176 4895 3414 4970 πλευρὰν
3467 4895 3606 4957 ἀνεῖί
3643 4891 3798 4967 wh.

2194 4994 2317 5067 φᾷν,
2356 4989 2418 5042 τὸ
2487 4994 2586 5057 τῆς
2660 4985 2998 5046 ἀναστάσεως
3067 4979 3382 5059 ἀμφίϐολον
3443 4981 3708 5039 διελύετο·
3755 4977 3800 5031 ἓν

2200 5074 2405 5154 βεϐαίῳ
2466 5077 2780 5134 καθεστάναι
2857 5075 3252 5151 πληροφορῶν,
3307 5076 3472 5131 αὑτὸν
3544 5076 3668 5131 εἶναι
3726 5069 3798 5123 τὸν

2193 5169 2323 5247 χθές
2380 5165 2471 5222 καί
2527 5161 2794 5242 πρότριτα
2839 5170 2954 5226 τοῖς
3000 5163 3162 5230 ἥλοις
3213 5163 3538 5241 ἐμπαγέντα,
3567 5166 3636 5237 μή
3670 5160 3797 5214 me}-

2199 5259 2274 5331 μά
2303 5277 2377 5330 ,τε
2412 5251 2558 5312 ὄντα.
2595 5261 2664 5312 ’Ἠ
2714 5259 2830 5316 πῶς
2862 5253 2922 5310 ἂν
2968 5255 3028 5308 τὸ
3067 5257 3280 5327 πνεῦμα
3311 5256 3470 5329 σαρκὶ
3508 5253 3592 5308 καὶ
3619 5248 3796 5304 ὀστέοις

2193 5349 2640 5423 προσχρήσηται,
2687 5346 2760 5408 ὡς
2811 5344 3016 5406 ἐκεῖνος
3066 5343 3442 5417 περικείμενος
3485 5337 3797 5406 ταῦθ’έωρᾶο

2192 5458 2292 5508 to;
2330 5439 2454 5498 ΙΙῶς
2507 5433 2552 5491 δ’
2601 5432 2661 5490 ἃν
2711 5435 2801 5489 καὶ
2855 5435 2965 5512 ἀφῇ
2997 5435 3302 5509 χρήσηται,
3334 5435 3526 5511 ἀναφὲς
3555 5426 3792 5488 παντάπα-

2195 5548 2276 5582 σιν
2307 5524 2366 5582 ὄν
2392 5545 2407 5596 ;
2441 5526 2584 5603 Ἐγὼ
2611 5510 3133 5600 τοίνυν,εἰμὶ,φησὶ,
3153 5519 3283 5597 μηδ’
3313 5510 3462 5588 δλωξ
3489 5510 3793 5580 ἀλλοιωθείςι

525 5661 614 5736 (1)-
636 5663 760 5724 Non
793 5669 1010 5723 Lucam
1042 5663 1220 5736 hunc,
1251 5665 1352 5723 sed
1383 5663 1799 5723 Nathanaelem
1830 5659 2031 5730 fuisse,
2064 5655 2376 5716 arbitratur
2403 5653 2826 5728 Ephiphanius.
