4100 6218
276 394 398 455 737

1316 390 1942 454 ECCLESIASTIC/E
1990 389 2372 452 HISTORIE
2413 389 2561 450 LIB.
2607 391 2656 450 Ι.

3571 389 3690 448 738

283 528 381 582 Καί
435 547 496 602 γε
555 525 684 600 ὑμῖν
733 523 852 602 ἄρτι
902 528 1120 596 πρῶτος
1163 525 1258 587 τὰς
1304 524 1558 604 ἀπαρχὰς
1605 529 1702 580 τοῦ
1752 531 1929 600 Παρα-

2048 527 2202 582 enim
2235 525 2472 596 spiritus
2505 537 2678 578 carne
2709 527 2765 579 et
2795 523 3025 580 ossibus
3058 523 3362 579 uteretur?
3385 522 3575 594 ζείουίί
3607 523 3690 579 illi

278 616 496 686 κλήτου
543 613 808 670 ἐπιπνέων
860 619 978 676 ταῖς
1025 612 1205 688 ὄψεσι,
1239 609 1452 682 λάϐετε,
1499 613 1668 687 λέγω,
1723 618 1934 687 Πνεῦμα

280 706 476 782 ἅγιον’
513 703 584 759 δι’
615 703 679 759 οὗ
709 705 798 758 καὶ
834 705 1038 778 κράτος
1081 702 1160 757 ἔτι
1193 701 1516 777 χαρίζομαι,
1549 702 1696 758 λύειν
1737 723 1796 758 τε
1843 703 1932 757 καὶ

283 793 502 868 δεσμεῖν
549 795 704 867 ᾧτινι
750 791 1052 868 ἀνθρώπων
1100 791 1408 865 ἀμπλακεῐν
1454 791 1686 866 γένοιτο.
1723 796 1927 846 Γνῶναι

283 882 340 939 δὲ
370 881 457 938 δεῖ
483 889 784 957 προσῆκον,
817 879 892 944 ὥς
922 879 982 958 γέ
1012 903 1108 955 μοι
1147 881 1238 935 καὶ
1277 879 1552 943 πολλάκις
1600 881 1727 955 ὑμῖν
1775 882 1929 956 εἰρη-

285 977 467 1047 μένον,
502 975 575 1034 ὡς
625 971 773 1025 οὕτω
831 967 936 1026 ἔδει
997 971 1264 1046 γενέσθαι,
1319 973 1501 1025 παθεῖν
1552 972 1646 1026 τὸν
1701 973 1930 1046 Χριστὸν

280 1067 350 1136 τῇ
379 1060 678 1130 ἀκολουθίᾳ
716 1065 813 1114 τοῦ
842 1061 1192 1136 γράμματος,
1226 1062 1316 1114 καὶ
1357 1058 1483 1114 ε’ίσω
1527 1067 1626 1130 τῆς
1677 1060 1930 1138 σφετέρας

282 1149 448 1224 δόξης
497 1151 652 1214 αὖθις
703 1157 981 1225 χωρῆσαι.
1014 1150 1104 1211 Ὠς
1153 1149 1212 1204 ἂν
1257 1147 1314 1204 δὲ
1361 1151 1438 1223 μή
1487 1153 1556 1223 τῇ
1588 1146 1707 1224 ὄψει
1743 1149 1928 1222 μόνον,

281 1242 420 1316 πρὸς
448 1239 506 1296 δὲ
535 1245 604 1315 τῇ
636 1239 774 1314 ἀκοῇ
804 1261 862 1294 τε
890 1239 981 1294 καὶ
1009 1243 1077 1313 τῇ
1113 1240 1248 1312 ἁφῇ,
1281 1238 1427 1293 ἀλλὰ
1455 1239 1544 1294 καὶ
1584 1239 1722 1312 αὐτῇ
1752 1239 1928 1314 γεύσει

279 1330 350 1385 τά
400 1329 568 1385 πιστά
617 1328 868 1403 σχοίητε,
902 1328 976 1388 ὡς
1037 1327 1099 1382 ού
1153 1328 1360 1403 φάσμα,
1394 1326 1522 1382 ἀλλ’
1571 1327 1678 1400 ἐγώ
1733 1327 1870 1401 εἰμι,
1902 1329 1930 1383 6

283 1418 436 1491 ξύλῳ
490 1420 583 1490 μὲν
635 1419 827 1486 θανὼν,
874 1417 1028 1494 τάφῳ
1089 1413 1146 1470 δὲ
1199 1417 1568 1491 καθειρχθεὶς,
1619 1415 1815 1472 ἐκεῖθεν
1875 1415 1932 1472 δὲ

281 1511 353 1581 τῇ
403 1509 521 1580 θείᾳ
566 1506 844 1562 δυναστεία
889 1505 1234 1582 ἀναῤῥαγείη
1265 1509 1352 1562 καὶ
1412 1507 1458 1562 ε’ί
1506 1529 1557 1562 τι
1613 1507 1740 1580 ὑμῖν
1796 1509 1930 1582 πρὸς

282 1598 492 1674 rgo-pip
527 1595 770 1670 σχέδιον,
801 1596 1034 1672 παρίτω.
1069 1595 1168 1649 Καὶ
1201 1596 1252 1649 οἱ
1299 1597 1394 1668 μὲν
1441 1595 1608 1670 μέρος
1647 1594 1934 1670 προύτίθε-

285 1707 381 1740 σαν
437 1685 632 1760 ἰχθύος
679 1686 870 1756 ὀπτοῦ,
903 1685 1038 1759 πρὸς
1079 1681 1136 1738 δὲ
1177 1685 1267 1738 καὶ
1318 1682 1445 1756 μέλι
1495 1683 1674 1758 κηρίῳ
1724 1685 1935 1758 σύμμι-

285 1793 456 1829 κτον⁸
503 1775 590 1828 καὶ
644 1775 748 1828 ὑπὸ
787 1779 904 1835 ταῖς
953 1775 1202 1828 ἁπάντων
1249 1772 1402 1848 ὄψεσι
1443 1779 1561 1834 ταῖς
1621 1775 1778 1850 χερσὶ
1829 1780 1934 1830 τῶν

287 1865 661 1938 προκειμένων
712 1863 994 1937 ἁψάμενος
1039 1859 1215 1931 ἤσθιε,
1260 1864 1348 1916 καὶ
1401 1863 1645 1936 πόματος
1711 1865 1930 1938 ἅπτε-,νεύ-

287 1969 402 2017 ετο,
459 1949 560 2016 τήν
621 1947 681 2002 ἐκ
762 1952 967 2022 νεκρῶν
1041 1951 1138 2000 τοῦ
1213 1949 1466 2020 σώματος
1542 1949 1828 2002 ἀνάστασιν
1885 1950 1935 2004 ἐν

289 2033 495 2112 βεϐαίῳ
551 2036 739 2098 τιθείς.
773 2039 879 2106 Τὴν
927 2039 1022 2109 μὲν
1075 2034 1166 2091 οὖν
1215 2037 1472 2106 τοιαύτην
1527 2042 1624 2092 τοῦ
1676 2043 1933 2112 Σωτῆρος

285 2124 579 2204 ἐμφάνειαν
629 2127 765 2201 πρὸς
814 2127 941 2186 τοὺς
991 2125 1236 2199 μαθητὰς
1269 2124 1300 2179 6'
1327 2147 1383 2180 τε
1405 2127 1545 2188 θεῖος
1588 2131 1797 2188 Λουκᾶς
1843 2127 1934 2181 καὶ

283 2216 312 2269 ὁ
362 2217 637 2278 θεστέσιος
668 2215 927 2285 Ἰωάννης
977 2215 1214 2288 ἀρίστως
1272 2212 1720 2289 εύηγγελίσαντο.
1762 2215 1836 2270 Τά
1885 2213 1932 2270 δ’

283 2305 410 2376 ἑξῆς
463 2303 676 2358 τούτων
735 2305 763 2358 6
819 2309 920 2372 τῆς
1011 2303 1244 2378 βροντῆς
1331 2304 1444 2364 υίὸς
1520 2299 1931 2378 ἐπεϐρόνττβεν.

285 2398 487 2465 Θωμᾶς
518 2393 645 2468 γὰρ,
677 2394 723 2465 ᾦ
765 2390 1004 2465 Δίδυμος
1037 2393 1102 2461 ἦν
1137 2393 1198 2446 τὸ
1231 2391 1538 2464 ἐπώνυμον,
1571 2398 1639 2468 τῇ
1690 2393 1934 2467 actama—

284 2503 352 2557 ρᾳ
385 2484 449 2536 οὐ
481 2489 662 2558 παρῆν
715 2481 916 2553 θεωρίᾳ
947 2486 1045 2536 τοῦ
1077 2483 1262 2552 Ἰησοῦ
1290 2501 1301 2512 ·
1337 2483 1456 2536 ὅθεν
1503 2481 1591 2536 καὶ
1641 2486 1746 2537 τῶν
1810 2482 1934 2538 λοι-

281 2575 400 2626 πῶν
467 2569 796 2642 ἐπανήκοντι
851 2568 1228 2644 διηγουμένων
1281 2572 1372 2624 σὺν
1442 2577 1589 2648 χαρᾷ
1633 2573 1732 2640 τήν
1783 2571 1931 2647 ὄψιν,

283 2656 537 2714 ἐδάκνετό
595 2679 651 2712 τε
707 2659 796 2713 καὶ
857 2655 1149 2728 ἠδικῆσθαι
1210 2657 1383 2732 ᾤετο·
1435 2660 1524 2713 καὶ
1591 2660 1688 2727 τήν
1748 2663 1932 2736 ψυχήν

284 2747 590 2821 ἐμερίζετο,
625 2747 678 2802 ἐν
711 2742 1010 2823 ἀμφιϐόλῳ
1050 2747 1346 2817 καθεστὼς,
1389 2747 1456 2802 ού
1497 2753 1614 2811 τοῖς
1661 2747 1930 2822 λέγουσιν,

285 2835 416 2894 ἀλλ’
447 2837 531 2891 ὅτι
574 2833 702 2892 οὐδέ
749 2836 939 2907 ἀνέστη
971 2855 984 2870 ·
1035 2840 1152 2898 πῶς
1206 2836 1309 2912 γὰρ
1355 2836 1641 2911 ἅνθρωπος
1690 2836 1800 2908 ὤνς
1839 2841 1929 2893 καί

285 2947 349 3002 γε
403 2931 520 2987 τοῖς
577 2925 794 3000 λέγουσι
853 2923 1139 2981 διετείνετο
1198 2924 1388 3000 πύῤῥω
1435 2929 1668 2989 πίστεως
1701 2929 1853 2996 εἶναι,
1885 2928 1928 2982 εἰ

288 3016 368 3088 μή
415 3035 479 3090 γε
521 3013 610 3068 καὶ
660 3015 822 3077 αὐτὸς
877 3011 1038 3076 ἰδίαις
1068 3015 1227 3090 χερσὶ
1258 3015 1354 3076 τὰς
1385 3020 1491 3069 τῶν
1527 3015 1680 3085 ἥλων
1710 3016 1927 3093 ἐπαφώ-

289 3124 452 3176 μενος
503 3105 744 3177 τρτςσεις,
783 3105 874 3158 καί
933 3105 1068 3158 κατᾶ
1122 3111 1222 3173 τῆς
1277 3101 1511 3178 πλευρᾶς
1571 3104 1699 3159 ε”σω
1759 3107 1926 3176 θήσας

286 3193 389 3260 τήν
439 3198 622 3268 χεῖρα,
665 3193 935 3269 τάσφαλὲς
1007 3192 1176 3267 σχοίη
1233 3197 1313 3264 τῷ
1357 3192 1632 3272 ψηλαφᾷν.
1686 3195 1832 3250 Ἐπεὶ
1883 3193 1931 3250 δ’

289 3279 463 3357 ὀγδόη
521 3280 573 3351 ἐξ
632 3280 840 3352 ἐκείνης
895 3282 1075 3356 ἡμέρα
1151 3278 1425 3356 διέδραμε,
1484 3287 1592 3338 τῶν
1647 3286 1822 3359 θυρῶν
1878 3284 1928 3340 ἐν

291 3374 546 3446 σχήματι
601 3370 1060 3448 ἐπιζυγουμένων,
1109 3371 1325 3426 πάντων
1388 3391 1448 3426 τε
1502 3376 1608 3426 τῶν
1684 3376 1930 3448 Χριστοῦ

288 3457 510 3516 ὀπαδῶν
565 3459 758 3530 ἐπίσης
815 3463 895 3532 τῷ
953 3456 1057 3514 δέει
1106 3459 1596 3534 συνηθροισμένων,
1647 3465 1822 3537 παρῆν
1873 3459 1930 3518 δὲ

288 3551 389 3626 ἄρα
436 3549 653 3611 τούτοις
704 3549 792 3604 καὶ
837 3550 866 3603 ὃ
915 3555 1134 3622 Θωμᾶς,
1167 3550 1320 3612 αὖθις
1367 3552 1395 3604 ὁ
1431 3553 1642 3620 Ἰησοῦς
1685 3551 1928 3631 ἀψοφητὶ

284 3638 680 3714 παραγίνεταιο
741 3641 928 3712 ἡσυχῆ
1001 3659 1059 3694 τε
1132 3643 1210 3710 τῷ
1277 3645 1646 3712 πνευματικῷ,
1703 3642 1791 3695 καὶ
1866 3641 1928 3696 τὸ

283 3729 413 3784 ὅλον
443 3729 623 3802 φάναι,
658 3725 886 3781 θεοειδεῖ
931 3726 1116 3800 ἐκείνῳ
1155 3728 1390 3800 σώματι,
1437 3730 1510 3801 μή
1559 3749 1706 3792 τινος
1750 3728 1924 3802 ἐμπο-

282 3815 388 3873 δὼν
419 3819 731 3895 γεγονότος,
763 3817 817 3872 ἐν
870 3838 1063 3891 μυσοις
1114 3817 1329 3878 τούτοις
1379 3818 1693 3892 γενόμενος,
1725 3819 1823 3887 τήν
1873 3820 1924 3892 ἐξ

281 3906 436 3970 ἔθους
487 3910 877 3984 προσφώνησιν
911 3905 1196 3980 ἐπεφώνει.
1235 3906 1360 3961 Εἶτα
1412 3907 1498 3960 καὶ
1549 3911 1630 3980 τῷ
1679 3905 1924 3981 Διδύμῳ,

278 3998 340 4052 τὸ
388 3991 705 4074 ἀμφίϐολον
755 3993 1015 4067 διαλύων,
1042 3996 1131 4051 καὶ
1185 3995 1254 4052 δι’
1303 3996 1510 4052 ἐκείνου
1559 4001 1718 4052 πᾶσιν
1766 3995 1924 4060 ἒνιεῖς

279 4086 544 4164 ἀσφαλεῖς
591 4087 687 4148 τὰς
733 4083 1006 4162 κρηπῖδας
1051 4093 1152 4156 τῆς
1212 4087 1569 4158 ἀναστάσεως,
1625 4086 1813 4164 χεῖράς
1869 4109 1927 4143 τε

277 4176 366 4231 καὶ
426 4173 599 4237 πόδας
647 4176 736 4230 καὶ
793 4177 893 4242 τὴν
959 4175 1196 4248 πλευρὰν
1267 4173 1622 4251 παρεδείκνυο
1682 4174 1925 4250 ἀκριϐῶς

276 4288 333 4321 τε
382 4264 645 4344 ψηλαφᾷν
699 4268 996 4343 παρηγγύα
1039 4267 1166 4328 τοὺς
1211 4266 1422 4328 τύπους
1468 4267 1576 4322 τῶν
1626 4267 1802 4337 ἥλων,
1834 4267 1926 4322 καὶ

275 4359 376 4425 τήν
410 4354 462 4416 ές
492 4353 638 4410 πολύ
694 4376 747 4410 τι
810 4356 1010 4429 βάθους
1071 4354 1255 4410 ἰοῦσαν
1309 4363 1410 4426 τῆς
1462 4353 1701 4431 πλευρᾶς
1753 4357 1923 4431 ῥῆξιν.

275 4445 375 4500 Τὸν
437 4442 483 4498 δ’
543 4444 596 4507 ἐς
653 4447 910 4500 τοσοῦτον
988 4448 1057 4515 τῇ
1115 4445 1226 4520 ἁφῇ
1280 4447 1642 4514 πιστωθῆναι,
1701 4445 1775 4508 ὡς
1835 4447 1924 4501 καὶ

277 4535 472 4610 Κύριον
504 4535 593 4590 καὶ
627 4535 755 4590 Θεὸν
789 4533 1006 4610 μεγάλῃ
1031 4535 1269 4590 ἀνειπεῖν
1303 4535 1464 4590 αὑτὸν
1511 4538 1580 4609 τῇ
1613 4540 1790 4612 φωνῇ.

278 4626 440 4684 nullo
493 4627 760 4682 obstante
809 4625 1251 4696 impedimento,
1310 4626 1368 4682 in
1421 4627 1610 4682 medio
1668 4643 1864 4684 eorum
1926 4631 2144 4692 astans,
2205 4632 2541 4682 consuetam
2591 4622 2699 4678 sibi
2757 4639 2958 4680 vocem
3026 4624 3266 4696 profert.

2046 615 2210 672 illum
2271 614 2485 668 habere
2539 613 2850 680 viderent;
2908 617 3006 668 aut
3065 613 3355 684 quomodo
3414 615 3690 667 attactum

2045 703 2400 771 admitteret,
2459 700 2554 772 qui
2637 717 2876 772 prorsus
2931 699 3428 756 incontrectabilis
3486 699 3696 756 esset?

2043 792 2247 864 Itaque
2279 807 2406 864 ego,
2438 791 2648 861 inquit,
2681 806 2838 854 sum,
2871 807 2985 845 non
3037 805 3270 860 prorsus
3307 789 3585 860 omnique
3625 806 3690 846 ex

2038 884 2202 954 parte
2231 881 2510 936 mutalus.
2547 883 2734 950 Atque
2767 877 3035 948 equidem
3071 879 3300 949 primus
3351 895 3505 934 nunc
3563 878 3690 950 pri-

2039 973 2235 1027 mitias
2267 968 2545 1026 Paracleti
2591 969 2751 1024 vobis
2802 969 2859 1022 in
2891 967 3095 1024 faciem
3137 968 3380 1039 spirans.
3403 967 3689 1050 Accipite,

2037 1063 2188 1127 dico,
2251 1059 2533 1130 Spiritum
2586 1060 2876 1123 sanctum,
2939 1073 3040 1127 per
3097 1073 3272 1129 quem
3345 1061 3689 1128 potestatem

2037 1151 2212 1206 etiam
2247 1149 2437 1204 tribuo
2469 1147 2730 1203 solvendi
2764 1146 3104 1218 ligandique
3127 1148 3466 1218 quicunque
3498 1161 3688 1220 pecca-

2041 1241 2230 1295 verint
2257 1237 2546 1294 homines.
2581 1236 2862 1292 Convenit
2893 1240 3090 1291 autem
3122 1253 3224 1292 vos
3248 1236 3417 1306 scire,
3451 1237 3510 1292 id
3540 1238 3693 1308 quod

2041 1343 2441 1400 saepenumero
2473 1326 2702 1381 vobisa
2753 1341 2844 1380 me
2903 1329 2993 1379 est
3053 1325 3300 1393 dictum,
3359 1325 3444 1382 sic
3498 1327 3698 1381 omnia

2041 1415 2371 1488 oportuisse
2393 1413 2537 1479 ﬁeri,
2597 1413 3016 1484 Christumque
3073 1429 3142 1468 ex
3203 1413 3538 1484 praescripto
3595 1413 3692 1470 lit-

2045 1511 2178 1562 terae
2215 1505 2352 1574 pati,
2421 1508 2477 1557 et
2507 1504 2572 1557 ad
2617 1502 2862 1574 gloriam
2916 1501 2953 1556 I
2979 1500 3086 1556 I8
3129 1518 3297 1558 suam
3349 1503 3578 1558 reverti.
3617 1501 3693 1558 Ut

2045 1599 2237 1650 autem
2275 1611 2386 1648 non
2419 1592 2606 1648 oculis
2639 1593 2806 1648 modo
2837 1591 3003 1664 ipsis,
3039 1591 3364 1662 audituque
3401 1595 3458 1648 et
3517 1595 3692 1659 tactu,

2045 1701 2245 1740 verum
2279 1685 2451 1740 etiam
2484 1687 2745 1754 gustatu,
2781 1682 2914 1738 ﬁdei
2949 1681 3450 1737 conﬁrmationem
3485 1681 3694 1737 habea-

2046 1774 2142 1838 tis,
2173 1775 2318 1843 quod
2365 1771 2588 1826 scilicet
2617 1787 2730 1824 non
2762 1774 3082 1838 spectrum,
3115 1771 3218 1825 sed
3251 1787 3356 1842 ego
3399 1771 3522 1840 ipse
3562 1769 3686 1840 sim,

2045 1863 2143 1934 qui
2181 1863 2235 1916 in
2265 1861 2422 1932 ligno
2455 1860 2687 1930 quidem
2721 1864 3006 1926 mortuus,
3038 1864 3094 1914 et
3125 1860 3182 1914 in
3237 1859 3502 1930 sepulcro
3541 1859 3695 1914 clau-

2043 1967 2144 2006 sus
2183 1949 2414 2015 fuerim,
2440 1947 2574 2003 inde
2605 1952 2794 2001 autem
2827 1947 3020 2001 divina
3050 1948 3104 2001 vi
3138 1952 3194 2002 et
3243 1945 3498 2018 potentia
3564 1963 3692 2002 eva-

2041 2042 2246 2110 serim;
2281 2042 2330 2096 si
2363 2041 2496 2112 quid
2531 2039 2694 2096 vobis
2725 2039 2783 2093 in
2820 2042 3092 2110 promptu
3135 2045 3219 2094 est
3259 2039 3393 2109 cibi,
3435 2039 3691 2110 profera-

2041 2136 2154 2186 tur.
2190 2133 2376 2203 Atque
2406 2129 2487 2184 illi
2519 2133 2741 2200 partem
2773 2127 2950 2199 piscis
2981 2128 3113 2193 assi,
3145 2132 3202 2183 et
3241 2127 3353 2184 mei
3393 2128 3519 2183 favo
3577 2143 3683 2185 suo

2042 2221 2297 2288 mislum,
2347 2219 2398 2273 si
2455 2223 2775 2289 apponunt.
2837 2219 3036 2288 Itaque
3087 2218 3146 2272 in
3199 2223 3510 2288 conspectu
3567 2234 3690 2275 om-

2041 2310 2220 2376 nium,
2273 2308 2572 2374 manibus,
2626 2325 2756 2380 quae
2815 2308 3116 2380 proposita
3162 2311 3346 2377 erant,
3415 2324 3682 2378 carpens,

2037 2399 2204 2455 edit:
2267 2403 2324 2452 ct
2368 2402 2642 2470 presterea
2691 2401 2894 2467 potum
2955 2399 3250 2468 degustat,
3317 2411 3384 2452 ex
3441 2397 3688 2454 mortuis

2036 2487 2296 2558 corporis
2354 2485 2835 2542 resurrectionem
2896 2487 3272 2542 conﬁrmans.
3353 2485 3420 2541 Et
3508 2486 3686 2543 talem

2034 2577 2272 2649 quidem
2312 2577 2628 2632 Servatoris
2668 2576 3086 2648 apparitionem
3147 2579 3205 2631 et
3261 2575 3683 2634 exhibitionem

2034 2666 2191 2738 apud
2224 2663 2543 2737 discipulos
2569 2665 2681 2720 divi
2719 2667 2894 2721 Lucas
2937 2671 2992 2720 et
3029 2665 3286 2721 Joannes
3344 2665 3562 2736 optime
3619 2666 3680 2722 in

2033 2755 2356 2828 Evangeliis
2389 2755 2516 2810 suis
2544 2754 3002 2825 promulgarunt.
3027 2755 3108 2810 Ea
3147 2759 3335 2810 autem
3357 2771 3488 2826 quae
3518 2773 3688 2827 porro

2033 2849 2376 2916 sequuntur,
2409 2844 2660 2900 tonitrus
2693 2844 2848 2900 ﬁlius
2877 2844 3151 2900 intonuit.
3201 2843 3456 2900 Thomas
3513 2861 3680 2900 nam-

2033 2951 2168 3006 que.
2226 2935 2319 2990 cui
2375 2939 2429 2989 ct
2485 2933 2716 3006 Didymi
2775 2950 3092 3004 cognomen
3149 2941 3290 3001 erat,
3353 2934 3682 3006 vespertino

2035 3024 2365 3096 spectaculo
2411 3023 2624 3078 Christi
2683 3039 2797 3079 non
2857 3023 3078 3078 aderat.
3140 3025 3183 3088 Ο
3241 3031 3510 3096 apropter
3553 3039 3686 3078 cum

2037 3112 2240 3185 reliqui
2273 3111 2541 3184 discipuli
2575 3128 2708 3167 cum
2763 3112 2977 3184 gaudio
3035 3113 3364 3168 advenienti
3410 3112 3460 3168 ei
3515 3129 3692 3184 appa-

2037 3202 2305 3258 ritionem
2360 3202 2800 3267 annuntiarent,
2862 3201 3098 3257 moleste
3155 3217 3287 3256 cum
3351 3187 3683 3258 sermonem

2043 3290 2278 3356 ferebat,
2314 3295 2492 3362 atque
2551 3289 2768 3360 injuria
2798 3305 2860 3344 se
2945 3288 3095 3344 afﬁci
3181 3293 3415 3361 putans,
3483 3289 3680 3345 animo

2043 3385 2275 3452 propter
2323 3378 2700 3434 ﬂuctuantem
2770 3377 3061 3449 opinionis
3114 3379 3559 3450 ambiguitatem
3618 3378 3679 3434 in

2041 3474 2234 3541 partes
2273 3469 2461 3522 varias
2516 3466 2894 3536 dividebatur,
2943 3483 3057 3522 non
3107 3467 3278 3522 modo
3336 3471 3400 3522 ut
3451 3482 3682 3524 annuu-

2039 3557 2323 3613 tiantibus
2357 3573 2468 3612 non
2503 3556 2782 3623 crederet,
2807 3572 3009 3611 verum
3063 3555 3234 3612 etiam
3279 3555 3443 3610 illum
3500 3573 3686 3612 resur-

2039 3647 2251 3702 revisse
2282 3649 2534 3716 negaret.
2560 3644 2666 3708 Qui
2697 3644 2851 3698 enim
2885 3643 2964 3710 id,
3006 3645 3174 3700 homo
3214 3659 3345 3700 cum
3385 3647 3560 3713 esset,
3604 3645 3687 3700 fa-

2038 3739 2192 3791 ceret
2218 3735 2246 3788 ?
2276 3733 2421 3801 Quin
2452 3738 2507 3788 et
2538 3733 2745 3787 obnixe
2775 3735 2978 3788 contra
3001 3737 3400 3788 asseverantes
3440 3741 3680 3790 conten-

2037 3823 2230 3890 debat,
2261 3841 2321 3878 se
2353 3839 2465 3877 non
2498 3821 2876 3884 crediturum,
2915 3821 3027 3876 nisi
3070 3837 3201 3876 man
3233 3823 3345 3878 bus
3384 3823 3508 3892 ipse
3553 3823 3678 3879 suis

2036 3912 2324 3968 clavorum
2350 3912 2589 3966 ﬁssuras
2610 3909 2925 3980 attingens,
2953 3925 3310 3981 manumque
3336 3911 3490 3966 intra
3519 3909 3675 3968 latus

2037 4000 2385 4069 immittens,
2419 4014 2539 4054 rem
2573 3997 2755 4068 ipsam
2813 4013 2912 4068 per
2945 3998 3463 4054 contrectationem
3519 4005 3675 4056 certo

2037 4087 2516 4162 deprehenderet.
2540 4087 2857 4156 Postquam
2890 4091 3085 4141 autem
3143 4086 3420 4158 deinceps
3477 4093 3680 4146 octava

2039 4177 2269 4234 advenit
2298 4176 2444 4242 dies,
2479 4175 2698 4232 foribus
2731 4175 2902 4230 modo
2947 4191 3053 4230 suo
3086 4175 3192 4231 rite
3213 4177 3524 4248 occulusis,
3557 4195 3684 4234 sec-

2035 4268 2322 4326 tatoribus
2366 4265 2578 4322 Christi
2613 4264 2889 4320 omnibus
2932 4264 3109 4320 simul
3149 4265 3227 4321 ibi
3270 4270 3425 4322 metu
3453 4282 3688 4340 congre-

2039 4357 2188 4429 gatis
2216 4357 2439 4428 (aderat
2477 4359 2674 4411 autem
2710 4369 2842 4409 cum
2889 4353 2976 4410 eis
3033 4359 3090 4410 et
3117 4355 3412 4427 Thomas),
3452 4371 3684 4414 rursum

2037 4451 2203 4502 Jesus
2254 4445 2380 4502 sine
2419 4444 2666 4515 strepitu
2710 4443 2868 4498 omni
2924 4444 3108 4512 adest,
3167 4445 3454 4516 taciteque
3512 4446 3684 4519 spiri-

1957 4521 2003 4586 D
2037 4535 2205 4604 tuali,
2237 4538 2294 4591 et
2325 4539 2387 4590 ut
2413 4551 2524 4590 uno
2565 4533 2740 4590 verbo
2773 4533 2994 4603 dicam,
3025 4535 3219 4590 divino
3269 4550 3508 4608 corpore
3565 4535 3686 4604 illo,

3343 4625 3554 4680 Deinde
3625 4629 3683 4680 et

279 4714 526 4786 Didymo
551 4711 785 4767 dubiam
819 4712 1256 4785 ambiguitatem
1290 4712 1578 4782 adimens,
1628 4718 1686 4769 et
1724 4730 1826 4786 por
1872 4714 2040 4770 illum
2087 4713 2241 4784 apud
2298 4711 2444 4768 alios
2502 4727 2706 4767 omnes
2759 4716 2920 4766 certa
2973 4710 3258 4782 ﬁrmaque
3305 4711 3532 4781 jaciens
3588 4727 3687 4766 re-

278 4801 660 4858 surrectionis
719 4802 1120 4873 fundamenta,
1188 4819 1401 4859 manus
1467 4803 1645 4859 simul
1705 4811 1759 4860 et
1819 4804 1992 4874 pedes
2061 4802 2376 4875 ipsumque
2443 4801 2595 4856 latus
2662 4807 2931 4867 ostentat,
2997 4803 3378 4871 accurateque
3440 4803 3498 4854 et
3551 4799 3687 4854 dili—

277 4897 484 4964 genter
532 4895 882 4962 pertiactare
933 4892 1096 4962 jubet
1153 4892 1444 4950 clavorum
1507 4893 1774 4968 vestigia,
1825 4897 1882 4950 et
1913 4910 2039 4966 quae
2089 4891 2232 4948 satis
2291 4891 2408 4947 alta
2457 4895 2603 4957 erat,
2661 4889 2858 4947 lateris
2909 4891 3204 4947 fissuram.
3237 4889 3438 4960 Itaque
3464 4888 3524 4942 in
3555 4893 3682 4944 tan-

277 4987 407 5038 tum
441 4981 599 5038 illius
633 4981 775 5038 ﬁdes
810 4997 874 5038 ea
893 4983 1343 5040 contrectatione
1373 4992 1459 5040 est
1517 4983 1878 5054 conﬁrmata,
1929 4987 1995 5038 ut
2049 4998 2188 5039 voce
2236 4997 2446 5053 magna
2499 4985 2558 5037 et
2614 4981 2925 5037 Dominum
2957 4983 3014 5036 et
3069 4979 3251 5034 Deum
3304 4978 3499 5050 ipsum
3557 4995 3686 5050 pro-

281 5072 564 5128 fiteretur.

2514 5178 2554 5235 I
2577 5177 2690 5236 I9
2735 5177 2965 5235 CAPUT
3002 5175 3224 5236 XXXV.

2162 5287 2403 5360 posthac
2443 5285 2516 5342 ad
2595 5301 2757 5360 mare,
2816 5283 3121 5360 Tiberiadi:
3177 5284 3357 5360 Petro.
3386 5281 3600 5360 Thomas
3635 5287 3688 5360 et

2115 5354 2431 5416 Nathauwli
2461 5359 2803 5430 apparuerit,
2852 5357 2932 5430 in_
2977 5361 3208 5428 captura
3260 5355 3494 5427 piscium
3522 5369 3544 5408 .·
3587 5354 3686 5410 ubi

2110 5433 2278 5488 etiam
2309 5428 2504 5487 cibum’
2535 5428 2664 5485 cum
2693 5431 2766 5484 eis
2812 5428 2975 5500 cepit.

892 5184 1146 5237 ΚΕΦΑΛ.
1189 5182 1313 5240 ΛΕ’.

273 5291 372 5363 Ὡς
416 5282 582 5363 μ-ετᾶ
617 5286 822 5363 τοῦτο
859 5281 968 5340 ἐπὶ
1004 5292 1122 5363 τῆς
1153 5283 1554 5363 Τιϐεριάδος
1595 5287 1938 5363 θαλάσσης
2051 5291 2112 5347 Ut

348 5357 558 5435 έιράνη
608 5357 876 5435 [Ibi-pip,
909 5361 1134 5435 Coepi,
1168 5359 1278 5435 καὶ
1321 5357 1687 5435 ’Ναθαναὴλ
1740 5359 1800 5415 ἐν
1855 5357 1934 5434 τῇ

346 5425 511 5508 ἄγρα
575 5432 699 5482 τῶν
753 5425 1048 5502 ’ἰχθύων’,
1087 5425 1260 5484 ’ἔνθα
1350 5429 1417 5500 δή
1499 5425 1932 5508 καίτροφῆξ

347 5498 707 5574 μετέσχεν.

2111 5617 2314 5673 Postea
2376 5626 2610 5666 rursum
2674 5609 2863 5673 Petro,
2921 5608 3148 5664 Thomas
3209 5611 3266 5665 et
3316 5605 3683 5672 Nathanaeli,

2035 5702 2293 5760 Zebedasi
2343 5701 2564 5768 liberis,
2616 5702 2674 5756 et
2715 5697 2944 5754 duobus
3015 5701 3286 5769 praeterea
3314 5697 3462 5769 aliis,
3493 5697 3553 5752 in
3586 5697 3682 5754 Ti-

339 5605 490 5660 Μετὰ
546 5605 604 5659 τε
649 5607 811 5660 τοῦτο
870 5605 1062 5682 Πέτρῳ
1120 5605 1310 5678 πάλιν,
1347 5613 1518 5683 Θωμᾷ
1565 5631 1625 5664 τε
1678 5609 1768 5665 καὶ
1824 5618 1930 5666 Να-

273 5693 506 5763 θαναὴλ,
539 5696 658 5756 τοῖς
706 5713 764 5748 τε
812 5689 1100 5750 Ζεϐεδαίου
1148 5695 1324 5766 παισὶ,
1362 5694 1481 5750 δυσὶ
1523 5719 1582 5752 τε
1617 5696 1810 5762 ἄλλοις
1841 5699 1928 5755 ἐπὶ
