4100 6218
296 359 418 421 741

1341 362 1968 428 ECCLESIASTICIE
2009 359 2403 424 HISTORL‘E
2445 363 2590 426 LIB.
2635 364 2685 426 Ι.

3593 375 3712 436 ’ΜΞ

299 492 472 568 αὐτῷ,
523 493 709 574 φησὶν,
759 493 788 548 ὁ
836 495 1070 566 Ἰησοῦς,
1120 493 1204 550 ὅτι
1268 495 1366 551 οὐκ
1421 495 1749 568 ἀποθνήσκει
1781 513 1796 531 ο
1854 495 1943 550 καὶ

2062 513 2308 565 morum,
2367 499 2466 551 aut
2530 497 2849 552 secundum
2897 498 3208 555 adventum
3263 516 3434 558 suum
3492 502 3715 560 scilicet

297 584 404 658 γὰρ
452 585 692 639 θανεῖται
745 585 840 658 μὶν
885 581 1078 652 ἐπίσης
1124 587 1193 656 τῇ
1244 587 1553 660 Θεομήτορι
1585 605 1598 616 '
1653 585 1848 640 αὒτίκα
1893 581 1950 639 δὲ

301 671 524 744 ζήσεταί
565 693 624 728 τε
671 673 760 727 καὶ
809 673 1164 744 ἀναστήσεται
1215 673 1268 728 ἐν
1311 674 1568 749 ἀφθάρτῳ
1623 675 1788 729 οἱονεὶ
1837 675 1946 727 σώ-

303 783 456 835 ματι,
514 764 613 830 τὴν
689 759 939 836 δευτὲραν
1006 768 1104 818 τοῦ
1181 761 1509 820 διδασκάλου
1583 763 1948 840 ἐκδεχόμενος

299 853 626 926 παρουσίαν.

2059 588 2356 656 iunuens),
2389 585 2526 656 quid
2575 587 2629 640 id
2663 589 2729 640 ad
2762 591 2816 640 te
2853 587 2881 642 ‘I
2908 587 3017 655 Tu,
3067 591 3562 659 quemadmodum
3605 593 3711 648 tibi

2058 676 2435 731 constitutum
2471 685 2578 742 est,
2613 673 2808 729 itidem
2862 683 2925 731 ut
2955 693 3079 746 ego,
3111 680 3180 732 ad
3225 679 3414 736 crucis
3465 685 3712 737 mortem

2059 773 2110 818 te
2145 781 2301 836 para.
2336 763 2416 818 De
2445 767 2669 818 Joanne
2709 779 2861 832 vero,
2897 771 2998 820 aut
3055 766 3252 838 aliquo
3291 769 3562 840 aliorum,
3596 786 3713 826 non

2058 853 2181 918 tibi,
2215 851 2318 908 sed
2379 851 2521 907 mihi
2557 868 2712 906 curae
2759 854 2885 907 erit.
2937 853 3123 924 Atque
3155 857 3288 911 inde
3339 858 3490 914 fama
3529 859 3710 916 inero.

296 942 449 1009 buit,
483 943 837 1014 discipulum
899 943 1062 998 illum
1099 948 1342 1000 mortem
1392 961 1504 999 non
1554 946 1842 1001 visurum.
1875 945 2057 1008 Quam
2111 942 2347 1014 quidem
2381 940 2698 996 multorum
2732 941 3062 1011 opinionem
3111 947 3390 1016 tanquam
3425 947 3710 1016 importu-

298 1047 433 1086 nam
488 1032 795 1103 minusque
852 1049 1039 1087 veram
1085 1031 1210 1103 ipse
1257 1021 1584 1105 corrigens,
1623 1035 1747 1089 Non
1781 1035 1930 1088 dixit
1956 1033 2030 1097 ei,
2063 1031 2271 1103 inquit,
2301 1030 2494 1096 Jesus,
2546 1031 2694 1101 quod
2739 1031 3056 1088 moriturus
3085 1048 3198 1088 non
3231 1035 3345 1103 sit;
3399 1035 3714 1094 moriturus

297 1125 385 1178 est
436 1123 590 1177 enim
641 1138 726 1190 eo,
786 1139 901 1193 quo
950 1121 1048 1177 Dei
1107 1121 1385 1188 Genitrix,
1447 1125 1616 1180 modo

1677 1141 1690 1180 :
1743 1123 2055 1180 confestim
2113 1137 2245 1176 vero
2305 1119 2606 1176 reviviscet
2661 1136 2726 1176 ac
2749 1127 3031 1194 resurget,
3091 1123 3517 1197 incorruptibili
3566 1127 3717 1184 scili-

297 1215 390 1267 cet
421 1227 660 1283 corpore
685 1212 930 1268 alterum
966 1212 1230 1284 magistri
1263 1219 1705 1283 exspectaturus
1735 1215 2070 1269 adventum.

911 1323 1167 1374 ΚΕΦΑΛ.
1212 1319 1346 1392 Ας.

292 1430 396 1501 Ὦς
439 1426 835 1501 τελευταῖον
877 1427 972 1489 εἰς
1013 1428 1132 1501 τὴν
1174 1425 1546 1501 Γαλιλαίαν
1589 1422 1798 1501 ὤφθη,
1841 1426 1951 1501 καί

368 1497 437 1574 ἒν
463 1504 550 1571 τῷ
587 1495 912 1574 ὄρει-τῶν
956 1495 1670 1574 ΔἘλαιῷνΑγενόμενος,
1723 1495 1952 1574 ᾁνελή-

367 1569 647 1646 φθηήεῖς
695 1570 1046 1646 οὐρανοὺς,
1091 1571 1199 1626 καὶ
1244 1569 1546 1626 ἐκάθισεν
1590 1571 1658 1626 ἐκ
1721 1569 1951 1642 δεξιῶν

363 1645 488 1695 τοῦ
528 1647 716 1700 Θεοῦ.

369 1749 624 1813 “Erret-ra,
675 1749 810 1802 κατᾶ
855 1749 946 1803 τὸν
998 1747 1212 1823 ὑψηλὸν
1260 1751 1567 1819 Ματθαῖον,
1617 1747 1669 1803 ἒν
1716 1751 1794 1822 τῷ
1849 1755 1950 1819 τῆς

2643 1317 2872 1374 CAPUT
2899 1317 3134 1376 XXXVI.

2065 1425 2128 1480 Ut
2159 1429 2427 1492 postremo
2456 1423 2516 1479 in
2547 1423 2786 1481 Gatitaea
2823 1425 2897 1480 sit
2927 1427 3074 1482 visus
3101 1443 3122 1481 :
3151 1430 3202 1482 et
3231 1443 3355 1482 cum
3385 1429 3444 1483 in
3472 1434 3712 1486 montem

2133 1493 2434 1569 Oliuarum,
2473 1495 2894 1566 conscendisset,
2967 1503 3218 1569 nceptas
3278 1500 3334 1554 in
3389 1500 3586 1556 etclam
3644 1504 3712 1558 ad

2129 1567 2381 1622 dextram
2415 1568 2871 1638 Deileonsederit.

2134 1747 2556 1818 Deinde,juxta
2593 1748 2908 1804 sublimem
2954 1750 3310 1819 Mattbaaum,
3359 1752 3430 1807 ab
3461 1753 3544 1808 eis
3576 1769 3712 1808 con-

301 1833 613 1898 Γαλιλαίας
644 1835 757 1911 ὄρει
786 1837 1004 1899 τούτοις
1039 1839 1326 1894 ὄπτάνεται
1357 1857 1372 1872 ⁹
1403 1839 1464 1894 τό
1491 1859 1552 1894 τε
1579 1845 1680 1908 τῆς
1710 1838 1943 1908 ἐξουσίας

2059 1836 2302 1908 spicitur
2333 1836 2394 1892 in
2425 1835 2672 1892 Galilaeae
2721 1843 2940 1904 monte,
2973 1845 3025 1892 el
3055 1837 3135 1894 ibi
3187 1856 3220 1893 a
3249 1841 3417 1896 Patre
3466 1846 3716 1912 potesta-

300 1925 502 1998 κράτος
547 1926 776 2000 οὐρανοῦ
828 1927 914 1981 καὶ
950 1934 1054 2004 γῆς
1099 1923 1345 1982 δεδόσθαι
1391 1929 1526 2003 πρὸς
1571 1933 1668 1984 τοῦ
1701 1929 1934 2002 Πατρὸς,

294 2013 433 2069 κατὰ
487 2015 551 2069 τὸ
606 2014 946 2089 ἀνθρώπινον
1006 2013 1245 2086 δηλαδὴ,
1302 2016 1521 2080 τούτοις
1574 2011 1885 2072 ἐϐεϐαιοῦτο
1921 2036 1936 2050 ⁶

300 2101 378 2165 ε’ίς
426 2123 486 2158 τε
526 2103 594 2158 τὰ
640 2101 762 2174 ἔθνη
814 2109 1004 2182 φοιτᾷν
1049 2105 1416 2181 προύτρέπετο
1449 2123 1464 2138 ‘
1528 2112 1696 2180 μυοῦν
1743 2127 1798 2162 τε
1846 2110 1936 2162 καὶ

293 2191 576 2267 βαπτίζειν
637 2193 714 2255 εἰς
772 2192 949 2266 ὄνομα
1011 2195 1222 2269 [ἰατρὸς
1279 2195 1368 2248 καὶ
1435 2195 1562 2250 Υἱοῦ
1613 2197 1702 2250 καὶ
1780 2195 1937 2270 ἁγίου

291 2281 608 2354 Πνεύματος
648 2282 786 2344 τοὺς
817 2283 1190 2354 πιστεύοντας,
1223 2282 1318 2346 τὰς
1365 2283 1585 2346 ἐντολάς
1631 2305 1689 2340 τε
1731 2286 1938 2361 φυλάτ-

287 2389 402 2424 τειν
449 2369 678 2438 ἁπάσας,
734 2373 824 2424 καί
877 2371 993 2442 μετ’
1041 2369 1220 2426 αὐτῶν
1271 2367 1561 2446 διατρίϐειν
1621 2371 1795 2435 πάσας
1847 2371 1942 2435 τὰς

288 2457 505 2532 ἡμέρας
534 2457 641 2520 ἕως
693 2465 794 2528 τῆς
824 2464 923 2514 τοῦ
965 2463 1060 2514 νῦν
1105 2459 1301 2522 αἶ’ὢνος
1345 2459 1675 2524 συντελείας.
1709 2461 1854 2517 Μετὰ
1885 2458 1941 2515 δὲ

287 2551 454 2603 τοῦτο
505 2545 594 2602 διὰ
641 2555 742 2616 τῆς
795 2547 1062 2618 Βηθανίας
1109 2547 1283 2622 ἐξάγει
1337 2551 1432 2622 μὲν
1488 2549 1686 2610 αὐτοὺς
1743 2549 1830 2604 ἐπὶ
1878 2551 1940 2604 τὸ

290 2636 422 2711 ὄρος
453 2641 563 2691 τῶν
595 2636 834 2693 Ἐλαιῶν
871 2657 884 2670 ·
939 2639 1026 2692 καὶ
1075 2639 1175 2708 τὴν
1224 2636 1548 2712 ἐπαγγελίαν
1602 2640 1940 2715 ὑπισχνεῖται

287 2729 391 2780 τοῦ
442 2724 784 2798 Πνεύματος,
817 2724 869 2781 ἐν
915 2725 1281 2800 Ἰερουσαλὴμ
1329 2725 1543 2796 δηλαδή
1593 2727 1939 2800 καθημένοις,

287 2809 399 2876 ἕως
449 2813 514 2868 οῦ
573 2816 675 2884 τήν
727 2812 928 2870 ἄνωθεν
989 2815 1293 2871 πανοπλίαν
1349 2814 1695 2874 ἐνδύσωνται.
1744 2820 1851 2881 Τάς
1883 2838 1944 2890 γε

293 2904 409 2978 μὴν
466 2901 700 2976 ἐξαισίας
766 2905 1138 2980 ὑπαγορεύσας
1194 2913 1292 2968 τῆς
1349 2905 1660 2975 ἀποστολῆς
1720 2905 1942 2970 ἐντολὰς

287 2991 548 3069 εὐλογίας
584 3013 663 3058 τε,
699 2994 772 3055 ὡς
831 2994 1028 3072 ἐχρῆν,
1060 2994 1244 3056 αὐτοῖς
1297 2993 1580 3070 μεταδοὺς,
1635 2995 1946 3066 βλεπόντων

288 3081 494 3152 αὐτῶν,
553 3082 630 3146 εἷς
684 3083 948 3156 οὐρανοὺς
1003 3083 1346 3162 ἀναφέρεται,
1407 3081 1739 3161 φωτοειδοῦς
1784 3087 1943 3158 νεφὲ-

288 3170 396 3243 λης
427 3171 800 3248 περισχούσης
831 3169 991 3226 αὒτόν
1023 3190 1036 3204 ·
1069 3172 1160 3228 καὶ
1202 3172 1445 3229 ανελθὼν
1479 3175 1613 3246 μετὰ
1651 3179 1747 3228 τοῦ
1778 3195 1944 3248 προσ-

291 3261 591 3334 λήμματος
623 3260 940 3329 θεωθὲντος,
972 3260 1215 3316 ἐκάθισεν
1247 3261 1308 3317 ἐκ
1338 3261 1526 3335 δεξιῶν
1555 3265 1650 3316 τοῦ
1684 3264 1894 3337 Πατρός
1931 3283 1943 3296 ·

289 3353 410 3405 Ἵνα
442 3347 499 3404 δὲ
551 3350 628 3422 μή
675 3347 764 3406 διὰ
813 3351 992 3420 λύπης
1053 3351 1241 3412 αὐτοῖς
1289 3351 1352 3405 τὸ
1399 3355 1627 3426 πρᾶγμα
1672 3352 1942 3426 γένηται·

293 3435 494 3505 ὀδύνην
547 3438 652 3514 γὰρ
697 3439 764 3508 ἦν
811 3437 959 3501 εἷ’κὸς
1014 3433 1275 3512 ἐμϐαλεῖν
1325 3439 1511 3502 αὐτοῖς
1558 3437 1800 3512 ἄπειρον,
1849 3441 1948 3510 τήν

291 3531 390 3582 τοῦ
445 3523 780 3582 διδασκάλου
831 3528 1090 3604 στέρησιν
1125 3547 1138 3559 ·
1187 3528 1278 3582 καὶ
1325 3527 1521 3582 τούτου
1580 3527 1817 3602 ἐμέλησε
1867 3534 1948 3601 τῷ

294 3615 452 3687 καλῷ
508 3615 775 3688 ποιμένι·
839 3616 1114 3693 ἀγγέλους
1167 3617 1269 3692 γὰρ
1338 3615 1554 3678 διττοὺς
1630 3617 1946 3691 ἐπιπέμπει,

293 3707 396 3774 τήν
451 3725 511 3758 τε
567 3704 705 3780 πρὸς
765 3705 1026 3780 οὐρανοὺς
1082 3702 1269 3760 ἄνοδον
1345 3706 1796 3780 ὑπεμφαίνοντας,
1856 3707 1946 3762 καὶ

307 3796 626 3866 θαυμαστῆς
686 3814 833 3855 τινος
908 3795 998 3850 καὶ
1075 3793 1318 3872 ἀρρήτου
1391 3793 1782 3868 ἐμπιπλῶντας
1847 3803 1950 3866 τῆς

303 3889 622 3958 χαρμονῆς,
698 3888 776 3955 τῷ
850 3881 998 3944 αὖθις
1075 3882 1496 3958 ἐπαγγείλασθαι
1570 3885 1720 3953 ἥκειν
1802 3883 1946 3940 οὕτω

295 3975 490 4025 τοῦτον
554 3971 693 4042 μετά
753 3974 1084 4046 περιφανοῦς
1136 3974 1237 4036 τῆς
1296 3969 1712 4046 λαμπρότητος.
1771 3971 1945 4048 Ταύτῃ

297 4080 382 4114 τοι
435 4060 526 4112 καὶ
576 4058 1069 4134 προσκῦνήσαντες,
1103 4059 1329 4134 ἄσμενοι
1374 4057 1540 4115 πάλιν
1585 4058 1772 4116 οἳκαδε
1818 4060 1946 4116 ἐπα-

303 4149 523 4224 νῄεσαν,
554 4146 608 4202 ὲν
636 4153 717 4220 τῷ
762 4149 993 4222 ὑπερῴῳ
1025 4149 1124 4216 τήν
1164 4153 1262 4202 τοῦ
1307 4148 1668 4224 Παρακλήτου
1717 4147 1948 4224 ἐκδεχό-

300 4260 450 4314 μενοι
511 4239 832 4314 παρουσίαν.
887 4239 1041 4314 Εὖχή
1103 4237 1159 4296 δὲ
1212 4241 1278 4309 ἦν
1335 4241 1520 4303 αὐτοῖς
1575 4243 1610 4310 ἡ
1670 4237 1945 4316 διατριϐὴ,

300 4329 377 4392 ὡς
421 4329 511 4384 καὶ
564 4335 748 4400 Λουκᾷ
793 4334 874 4402 τῷ
923 4329 1052 4402 θείῳ
1101 4328 1298 4385 δοκεῖ’
1347 4331 1438 4386 τὸν
1483 4330 1588 4408 γὰρ
1642 4331 1946 4409 κατάλογον

295 4421 406 4474 τῶν
459 4415 648 4473 ἕνδεκα
707 4419 1250 4492 ἀπαριθμησάμενος,
1329 4419 1444 4476 εἶτα
1517 4418 1743 4496 ἐπάγει·
1823 4423 1944 4478 Καὶ

296 4507 488 4562 οὗτοι
520 4508 764 4570 πάντες
807 4509 972 4578 ἦσαν
1012 4512 1676 4584 προσκαρτεροῦντες
1717 4511 1948 4584 ὁμοθυ-

2057 1931 2174 1982 tem
2209 1942 2506 1981 summam
2539 1927 2664 1982 cmli
2716 1932 2772 1982 et
2810 1931 2976 1982 terra:
3008 1927 3138 1994 sibi,
3172 1929 3347 1998 juxta
3377 1929 3715 1987 humanitu-

2050 2019 2166 2070 tem
2199 2013 2422 2071 scilicet
2456 2013 2555 2086 (1),
2588 2015 2862 2070 traditam
2915 2031 3041 2071 esse
3089 2019 3400 2072 conllrmat
3443 2033 3458 2072 :
3502 2034 3710 2091 eosque

2049 2101 2412 2171 cohortatus,
2462 2103 2749 2174 proficisci
2791 2104 2859 2158 ad
2910 2111 3107 2174 gentes
3157 2108 3362 2161 omnes
3387 2107 3580 2176 jubet,
3607 2125 3704 2162 ar-

2049 2191 2208 2246 canis
2238 2193 2415 2247 sacris
2444 2178 2773 2248 initiaturos
2803 2209 2815 2248 :
2849 2191 3355 2264 baptizaturosque
3401 2195 3459 2249 in
3493 2211 3702 2254 nomen

2049 2279 2238 2334 Patris
2269 2289 2323 2334 et
2354 2279 2481 2336 Filii
2512 2289 2563 2336 et
2625 2280 2874 2352 Spiritus
2919 2283 3128 2349 sancti,
3187 2282 3510 2352 credentes,
3554 2301 3700 2356 prse-

2049 2375 2328 2440 ceplaque
2375 2373 2704 2424 servaturos
2747 2370 2988 2426 omnia:
3041 2387 3104 2426 se
3153 2387 3384 2443 quoque
3440 2373 3698 2430 futurum

2051 2472 2184 2514 cum
2215 2458 2299 2512 eis
2339 2473 2438 2528 per
2469 2457 2590 2513 dies
2631 2475 2858 2525 omnes,
2887 2460 2956 2514 ad
2989 2461 3576 2536 consummationeml
3601 2479 3700 2520 us-

2052 2562 2163 2615 que
2211 2545 2404 2600 sasculi
2463 2548 2786 2617 presentis,
2848 2548 3172 2618 pollicetur.
3217 2549 3421 2606 Postea
3461 2566 3564 2624 per
3597 2557 3699 2609 Be-

2052 2635 2315 2690 thaniam
2351 2651 2446 2690 eos
2489 2637 2546 2690 in
2581 2640 2832 2692 montem
2863 2635 3131 2693 Olearum
3165 2639 3348 2708 ducit,
3381 2645 3437 2694 et
3467 2641 3704 2712 promis-

2055 2725 2276 2780 sionem
2337 2723 2590 2796 Spiritus
2622 2725 2930 2797 promittit,
2963 2727 3022 2782 in
3081 2727 3403 2783 Jerusalem
3443 2730 3706 2789 videlicet

2053 2813 2421 2881 sedentibus,
2480 2815 3090 2886 exspectantibusque,
3131 2817 3282 2874 l2]
3325 2818 3506 2874 donec
3545 2820 3706 2876 cceli-

2054 2907 2148 2958 tus
2195 2903 2514 2958 divinorum
2567 2903 2760 2958 omnis
2805 2903 3038 2974 generis
3075 2922 3367 2961 armorum
3418 2906 3708 2977 spirituali

2055 2997 2331 3064 apparatu
2378 2990 2828 3048 instruerentur.
2877 2993 2942 3047 Et
3001 3009 3134 3048 cum
3203 2995 3493 3066 praecipua
3542 3012 3710 3052 man-

2055 3081 2194 3138 data
2223 3087 2280 3136 et
2332 3097 2569 3136 munera
2629 3081 2940 3136 functionls
2995 3082 3314 3152 apostolicae
3357 3083 3707 3140 concionans

2057 3171 2436 3242 exposuisset,
2489 3171 3073 3244 benedictionemquc
3129 3173 3234 3240 eis,
3288 3190 3391 3246 pro
3433 3190 3499 3230 eo
3538 3179 3709 3246 atque

2054 3261 2310 3326 decebat,
2350 3260 2592 3330 largitus
2639 3265 2811 3328 esset,
2866 3263 3282 3332 spectantibus
3329 3262 3434 3324 eis.
3470 3262 3711 3322 lucidis-

2056 3349 2206 3406 sima
2229 3351 2379 3404 nube
2431 3349 2848 3420 circumdatus,
2882 3351 2942 3405 in
2975 3350 3150 3406 caelos
3181 3351 3456 3408 sublatus
3487 3356 3574 3408 est
3605 3353 3706 3425 (2),

2055 3443 2274 3495 etcum
2307 3454 2394 3505 ea,
2437 3455 2613 3510 quam
2657 3445 2970 3510 receperat,
3029 3441 3360 3496 accessione
3419 3441 3708 3512 deiticata,

2057 3545 2322 3585 reversus
2374 3527 2444 3582 ad
2502 3531 2762 3583 dextram
2821 3528 3008 3583 Patris
3059 3529 3339 3584 consedit.
3400 3533 3484 3584 Ne
3513 3536 3704 3586 autem

2057 3633 2126 3674 ea
2149 3633 2241 3674 res
2299 3633 2601 3672 maerorem
2650 3616 2734 3671 eis
2783 3621 3003 3672 crearet
3032 3617 3210 3688 (quod
3259 3633 3375 3673 non
3435 3619 3706 3689 iniquum

2057 3710 2228 3773 esset,
2277 3723 2372 3762 eos
2421 3706 2696 3777 magistro
2750 3706 2986 3761 orbatos
3023 3707 3308 3762 immenso
3355 3705 3566 3777 corripi
3610 3708 3710 3763 do—

2057 3793 2214 3866 lore),
2243 3798 2298 3849 et
2329 3795 2438 3849 hoc
2470 3795 2663 3866 ipsum
2700 3793 2926 3866 paslori
2969 3795 3118 3849 bono
3177 3811 3330 3850 curas
3363 3795 3488 3851 fuit.
3521 3801 3710 3866 Ange-

2058 3883 2143 3938 los
2180 3882 2334 3938 enim
2381 3883 2525 3937 duos
2575 3881 2832 3952 demisit,
2873 3882 2967 3952 qui
3000 3882 3246 3938 reditum
3287 3884 3414 3954 ejus
3445 3883 3504 3938 in
3535 3883 3710 3940 cmlos

2056 3970 2400 4036 indicarent,
2452 3971 2914 4041 admirandaqne
2962 3976 3019 4027 et
3048 3970 3328 4026 ineffabili
3369 3986 3468 4027 eos
3500 3970 3708 4042 imple-

2056 4061 2186 4114 rent
2215 4059 2436 4130 lastitia,
2477 4061 2560 4114 sic
2607 4058 2773 4113 illum
2833 4075 2964 4115 cum
3024 4057 3236 4115 illustri
3271 4060 3710 4132 magniﬁcentia

2056 4149 2378 4205 rediturum
2432 4149 2870 4206 annuntiantes.
2922 4151 3122 4220 Itaque
3169 4149 3505 4206 adoratione
3545 4167 3708 4222 pera—

2055 4241 2168 4306 cta,
2217 4236 2464 4293 libentes
2513 4239 2750 4292 domum
2790 4237 3031 4293 redeunt
3059 4239 3160 4310 (3),
3199 4247 3250 4296 et
3301 4239 3357 4294 in
3411 4239 3706 4296 caenaculo

2055 4327 2153 4384 illo
2184 4325 2458 4383 Paracleti
2481 4329 2818 4398 exspectant
2846 4327 3178 4383 adventum.
3211 4327 3467 4384 Precatio
3507 4333 3704 4385 autem

2053 4432 2250 4472 eorum
2307 4420 2432 4472 erat
2489 4414 2852 4482 exercitium,
2901 4419 2966 4470 ut
3023 4415 3187 4471 divus
3219 4417 3403 4472 Lucas
3433 4419 3704 4474 testatur.

2053 4505 2323 4576 Catalogo
2355 4519 2604 4575 namque
2645 4505 2917 4560 undecim
2951 4504 3371 4578 discipulorum
3397 4507 3703 4575 recensita,

299 4593 510 4668 μαδὸν
536 4601 615 4670 τῇ
647 4595 994 4671 προσευχῇ
1023 4597 1134 4652 καὶ
1163 4601 1240 4670 τῇ
1273 4593 1507 4668 δεήσει
1537 4597 1645 4652 σύν
1676 4601 1940 4672 γυναιξὶ

2059 4595 2322 4664 deinceps
2377 4593 2540 4648 addit
2571 4609 2585 4648 :
2620 4593 2682 4648 Et
2709 4608 2894 4648 omnes
2923 4593 3022 4649 isti
3067 4595 3364 4650 unanimes
3391 4597 3708 4650 constanter

292 4686 402 4740 καὶ
436 4689 655 4760 Μαρίᾳ
684 4690 764 4761 τῇ
809 4686 1161 4761 μητρὶτὸῦ
1203 4687 1449 4759 Ἰησοῦ,
1491 4687 1600 4742 καὶ
1647 4687 1760 4742 σὺν
1799 4693 1945 4752 τοῖς

393 4814 416 4867 1
481 4813 550 4868 Et
578 4811 992 4869 sxinanitionis
1031 4811 1306 4872 formam.

363 4813 448 4955 ἃ)
473 4905 502 4934 κ
537 4883 606 4939 Ut
635 4900 848 4955 corpus
899 4901 1010 4940 non
1043 4889 1166 4942 tam
1218 4885 1278 4942 in

384 4883 442 4955 2)
473 4905 502 4934 κ
537 4883 606 4939 Ut
635 4900 848 4956 corpus
899 4901 1010 4956 non
1043 4889 1166 4942 tam
1218 4885 1278 4942 in
1311 4887 1577 4956 terrenis,
1621 4889 1712 4942 sed
1747 4886 1804 4943 in
1836 4903 1946 4944 cce-

291 4953 556 5023 lestibus,
588 4961 645 5010 et
671 4953 950 5012 in'Patris
980 4955 1209 5013 dextera
1257 4953 1586 5014 collocaret.
1611 4980 1640 5009 ››
1675 4958 1942 5015 Ruﬁnus.

291 5026 460 5100 «Hac
489 5025 804 5098 evangelici
824 5029 1179 5084 sacramenti
1203 5035 1260 5085 et
1290 5032 1560 5086 humanae
1579 5029 1703 5100 spei
1732 5030 1945 5088 veritas

291 5102 401 5161 est,
425 5097 1072 5173 bumanamnaturam
1106 5097 1656 5173 corruptibilemque
1685 5116 1940 5170 carnem,

293 5185 394 5240 per
425 5170 602 5240 hujus
638 5170 835 5242 glorite
891 5170 1346 5228 demutationem
1389 5173 1448 5228 in
1497 5170 1770 5229 infernam
1815 5189 1945 5229 esse

289 5242 760 5316 transformatam
789 5242 1200 5316 substantiam.
1237 5265 1264 5293 »
1312 5243 1510 5313 (Hilar.
1546 5244 1692 5300 Psat.
1725 5245 1942 5316 cxun.)

290 5311 728 5386 «_Uuigenitus
809 5313 988 5386 Filius
1046 5315 1094 5368 si
1153 5311 1452 5386 quaeritur,
1514 5319 1572 5371 in
1631 5319 1760 5370 sinu
1835 5311 1938 5372 Pa;

291 5383 394 5459 tris
463 5385 794 5459 evangelica
847 5385 1053 5454 spiritu
1118 5383 1422 5459 reperitur.
1467 5409 1495 5437 ››
1558 5389 1574 5459 (
1625 5389 1824 5442 Ambr.
1865 5389 1944 5442 De

287 5453 694 5529 incarneDAoin.
751 5453 896 5511 sacr.
929 5473 1054 5527 cap.
1123 5453 1228 5524 15.)
1263 5478 1288 5510 ιι
1323 5458 1536 5514 Revera
1565 5453 1852 5529 'magnum
1885 5464 1942 5513 et

287 5527 721 5600 admirabileet
750 5535 987 5600 stupore
1018 5529 1252 5600 plenum
1286 5538 1389 5599 est,
1412 5547 1644 5586 carnem
1677 5527 1934 5600 nostram

282 5613 522 5671 sursum
555 5599 780 5671 sedere,
803 5599 867 5654 et
889 5599 1112 5671 adorari
1145 5603 1219 5671 ab
1242 5602 1465 5670 angelis
1493 5608 1550 5658 et
1580 5599 1940 5671 archangelis

283 5673 340 5726 et
373 5667 688 5727 Cherubim
720 5676 780 5726 et
806 5670 1108 5742 Seraphin.
1151 5669 1268 5727 Hoc
1315 5667 1464 5744 saepe
1507 5674 1565 5728 in
1599 5667 1941 5728 mente'me-

2054 4683 2295 4740 orationi
2347 4687 2398 4738 et
2423 4681 2732 4754 precationi
2775 4682 3186 4750 incumbebant,
3214 4697 3327 4737 una
3353 4697 3478 4736 cum
3497 4681 3700 4736 multe-

2054 4825 2189 4866 cum
2219 4824 2786 4876 versans,excessum
2820 4809 3026 4880 patior,
3047 4812 3107 4864 et
3137 4809 3356 4880 majora
3393 4807 3465 4864 de
3493 4823 3702 4880 genere

2057 4883 2312 4953 humano
2350 4881 2655 4953 imaginor.
2704 4880 2922 4951 Majora
2955 4881 3170 4952 quippe
3220 4879 3386 4936 video
3442 4883 3500 4934 et
3545 4879 3703 4936 clara

2053 4952 2306 5018 exordia,
2340 4951 2586 5008 multam
2617 4951 3038 5022 Deosatageute
3066 4951 3170 5022 pro
3202 4959 3403 5006 natura
3433 4955 3700 5007 nostra.»

2050 5024 2539 5096 (Cbrrysostomus,
2571 5023 2726 5078 Hebr.
2763 5024 2852 5096 ιι.)

2121 5091 2210 5166 (3)
2233 5093 2305 5150 Ut
2358 5095 2589 5166 quidem
2647 5091 2982 5166 conjectura
3027 5091 3298 5166 colligere
3330 5093 3510 5166 licet,
3544 5096 3702 5166 Apost

2051 5163 2388 5238 diesduos'
2415 5165 2811 5238 Hierosolyma
2862 5168 3016 5238 sunt
3057 5163 3268 5238 reversi
3326 5165 3382 5220 in
3425 5163 3695 5238 Sabbato.

2052 5237 2240 5308 Hujus
2269 5235 2426 5293 enim
2453 5237 2636 5308 gratia
2679 5235 2744 5291 'et
2785 5235 3019 5291 Sabbati
3078 5236 3373 5308 habebant
3431 5236 3602 5300 viam,
3637 5239 3700 5291 ut

2052 5307 2220 5364 divus
2255 5308 2430 5364 Lucas
2461 5307 2651 5362 dixit.
2703 5312 2800 5360 Est
2827 5310 3020 5360 autem
3067 5307 3306 5363 Sabbati
3352 5307 3462 5361 iter
3493 5321 3696 5376 passus

2055 5380 2139 5434 bis
2169 5380 2346 5448 mille,
2396 5384 2678 5448 quantum
2729 5377 2994 5432 videlicet
3045 5385 3234 5434 caslra
3263 5397 3296 5433 ιι
3326 5378 3696 5433 tabernaculo

2054 5449 2362 5507 testimonii
2410 5451 2686 5516 aberant;
2738 5450 3234 5520 quemadmodum
3275 5450 3508 5504 divinus
3556 5464 3695 5504 con-

2049 5523 2235 5577 stituit
2264 5521 2474 5577 Moses.
2527 5521 2740 5575 Sancta
2773 5536 2940 5590 porro
2970 5521 3240 5577 etdivina
3289 5520 3554 5578 ascensio
3600 5521 3694 5577 die

2049 5594 2252 5665 quinta
2289 5598 2376 5648 est
2408 5593 2574 5646 facta.
2607 5590 2899 5662 (Nicepb.)
