4084 6208
259 283 380 345 745

1303 274 1934 340 ECCLESIASTICE
1974 274 2362 366 HISTORI/E
2403 276 2552 339 LIB.
2597 278 2645 339 Ι.

3543 279 3664 340 476

257 413 667 486 ευροτοωιεειθ
736 411 1008 484 nullaque
1076 427 1251 467 manu
1313 411 1550 476 factum,
1609 425 1830 464 necnon
1899 408 2163 464 omnium
2234 424 2532 465 sacrorum
2601 410 3062 467 sacratissimum
3131 410 3319 483 ipsius
3386 411 3665 468 Sanctum

258 507 592 560 sanctorum
627 501 930 574 splendide
961 515 1026 557 ac
1055 499 1364 573 magnifice
1392 500 1745 557 contendens
1780 497 2066 568 recipitur.

869 611 1122 662 ΚΕΦΔΛ.
1165 607 1301 664 ΛΗ’,

265 714 444 786 Ποίῳ
474 712 656 786 λόγῳ
685 715 1110 786 πεντηκοστῇ
1145 712 1257 786 μὶν
1295 710 1456 783 μετὰ
1482 710 1914 786 ῘΑνάστ-ασιν,

334 779 678 852 δεκάτηδὶ
707 779 1026 855 μετᾶτήν
1059 779 1441 856 ’λνάληψιν
1472 783 1506 850 ἡ
1531 779 1693 856 μέρᾳ
1725 783 1752 835 ὁ
1785 787 1916 834 Πα-

339 850 678 931 ράκλητος
708 850 1022 931 ⁷τὸ-θεῖ-ον
1057 850 1321 928 Πνεῦμα
1345 850 1718 913 ὀὖσιωδῶς
1763 856 1912 912 τοῖς

338 924 760 990 ἆποστόλοις
808 924 1170 999 ἐπιδημεῖ.

337 1037 446 1106 Τὴν
502 1057 566 1112 γε
629 1037 737 1112 μὴν
793 1033 1163 1105 πεντηκοστὴν
1223 1031 1479 1108 εὑρίσκω,
1539 1030 1647 1108 οὐχ
1731 1029 1917 1104 ὅτιπερ

262 1125 384 1200 ἱερὰ
443 1126 533 1180 καὶ
583 1125 634 1196 ἐξ
682 1125 832 1198 ἱερᾶς
881 1123 1040 1198 ῥίζης
1088 1117 1208 1202 ἔχει
1266 1123 1368 1192 τήν
1421 1123 1650 1196 γένεσιν,
1710 1119 1916 1189 ἐκείνης

261 1221 365 1282 τῆς
408 1215 644 1287 ἡμέρας,
694 1211 748 1266 ἐν
797 1215 874 1283 τῷ
923 1211 1061 1285 πρὸς
1109 1207 1280 1280 αὒτὴν
1328 1206 1740 1264 ἀνακυκλεῖσθαι
1785 1206 1915 1261 ταύ-

259 1323 363 1372 την
415 1303 718 1376 γεννώσης,
776 1299 813 1374 ᾗ
873 1300 980 1354 ἀπὸ
1046 1297 1262 1354 πάντων
1331 1297 1665 1353 ἀνεπαύσατο
1724 1297 1751 1351 ὁ
1811 1304 1914 1366 Δη-

261 1393 528 1466 μιουργὸς
578 1389 854 1466 ὁποτέρων
906 1387 1096 1463 βούλει
1143 1391 1250 1442 τῶν
1300 1384 1489 1464 ἔργων,
1523 1391 1630 1440 τῶν
1661 1392 1760 1454 τῆς
1795 1383 1918 1440 έπι-

259 1480 488 1553 δημίας,
550 1479 586 1548 ἢ
647 1486 744 1548 τῆς
805 1477 1216 1553 δημιουργίας·
1277 1477 1405 1532 ἀλλ’
1466 1477 1549 1531 ὅτι
1601 1477 1691 1530 καὶ
1749 1474 1918 1528 τόπον

262 1569 516 1643 ἐπλήρου
564 1576 665 1638 τῆς
715 1566 978 1645 ἀφεσίμου
1027 1567 1115 1621 καὶ
1165 1566 1455 1639 ἆνεσπέρου
1517 1565 1766 1639 ἡμέρας·
1830 1559 1918 1616 διὰ

259 1663 426 1713 τοῦτο
457 1657 547 1713 καὶ
591 1658 718 1731 παρ’
747 1659 831 1718 οἷς
873 1657 936 1711 τὸ
984 1654 1220 1710 παλαιὸν
1267 1652 1611 1711 ἐπολιτεύετο
1664 1653 1914 1728 γράμμα,

263 1747 450 1822 ὥσπερ
502 1747 553 1801 ἐν
606 1751 729 1817 σκιᾷ
774 1746 1210 1822 προφαινομένη,
1266 1740 1449 1798 ἐδίδου
1505 1741 1714 1796 πάντων
1765 1738 1916 1794 ἐλευ-

263 1837 464 1910 θερίαν,
497 1835 584 1890 ἐπὶ
621 1840 780 1891 τοῦτο
826 1836 1063 1908 ἀριθμοῦ
1110 1837 1208 1888 τοῦ
1253 1837 1362 1887 τῶν
1410 1830 1662 1886 ἐνιαυτῶν
1711 1829 1916 1884 κύκλου

265 1925 688 1998 καθισταμένου,
747 1922 1090 1995 δηλούντων,
1146 1925 1326 1996 οἶμαι,
1383 1926 1492 1976 τῶν
1552 1919 1916 1992 τελουμένων,
1950 1953 1996 2017 Β

267 2017 342 2078 ὡς
425 2017 557 2088 μετὰ
623 2017 722 2085 τὴν
789 2009 1159 2087 ἒϐδοματικὴν
1223 2011 1426 2082 ταύτην
1491 2006 1743 2085 περίοδον
1810 2015 1912 2077 τῆς

264 2105 533 2180 ἐπικήρου
601 2105 689 2159 καὶ
757 2102 1024 2173 δουλικῆς
1091 2105 1253 2175 ἡμῶν
1341 2106 1485 2170 ζωῆς
1570 2097 1913 2168 ἐπιστήσεται

269 2193 449 2264 ἐκείνη
499 2195 704 2268 ἡμέρα,
751 2194 866 2248 καθ’
917 2193 983 2263 ἢν
1029 2193 1129 2262 τήν
1183 2190 1260 2252 εἷς
1317 2191 1379 2245 τὸ
1428 2191 1658 2264 ἀρχαῖον
1716 2189 1917 2242 ἅποκαο

265 2285 524 2341 tis-tactv
595 2277 880 2338 ἀναλαϐεῖν
951 2280 1158 2352 δεήσει,
1222 2280 1313 2335 καὶ
1397 2281 1498 2348 τὴν
1564 2276 1765 2332 ἄνωθεν
1825 2275 1913 2330 καὶ

269 2374 466 2449 πρώην
527 2371 852 2445 ἐλευθερίαν.
903 2371 1054 2428 Ἐπεὶ
1110 2367 1202 2424 οὗν
1251 2369 1338 2423 καὶ
1387 2371 1478 2423 νῦν
1529 2368 1564 2436 ἡ
1621 2371 1717 2421 τοῦ
1765 2364 1915 2420 [1νεῦ-

276 2485 447 2537 ματος
509 2461 780 2536 ἐπιδημία
835 2464 952 2518 νέαν
1010 2465 1144 2535 ἡμῖν
1207 2461 1346 2530 ἦλθε
1416 2459 1538 2535 βίου
1594 2459 1914 2513 κατάστασιν

273 2550 629 2622 διαθήσουσα,
687 2553 777 2606 καὶ
825 2551 962 2626 πρὸς
1010 2549 1218 2620 ἒκείνην
1268 2551 1368 2618 τήν
1410 2549 1618 2622 ἡμέραν
1665 2547 1770 2600 ἀπὸ
1817 2549 1916 2599 τοῦ

274 2644 504 2704 σκότους
533 2649 632 2710 τῆς
665 2640 717 2696 ἐν
749 2645 826 2714 τῷ
871 2641 1099 2714 παρόντι
1149 2639 1254 2714 βίῳ
1301 2638 1490 2697 νυκτὸς
1539 2633 1874 2712 διεγείρουσα
1901 2655 1914 2668 ·

274 2729 370 2786 διὰ
401 2735 559 2786 τοῦτο
607 2728 662 2785 έν
710 2731 879 2804 ταύτῃ
929 2727 1280 2804 παραγίνεται
1312 2731 1380 2801 τῇ
1411 2729 1612 2800 ἡμέρᾳ.
1646 2726 1724 2782 Τὸ
1769 2721 1826 2778 δέ
1858 2745 1920 2801 γε

277 2821 420 2895 μετᾶ
449 2823 547 2890 τήν
579 2815 769 2874 ἄνοδον
813 2819 952 2874 εἶναι
1003 2816 1252 2886 δεκάτην,
1303 2817 1386 2870 ὅτι
1432 2813 1615 2888 ὥσπερ
1644 2817 1679 2884 ἡ
1708 2809 1917 2887 ἑϐδόμη

270 2912 357 2990 ἐφ’
417 2910 610 2978 ἑαυτήν
667 2904 1038 2980 κυκλουμένη,
1095 2909 1198 2975 τήν
1252 2912 1352 2974 τῆς
1409 2903 1647 2982 ἀφέσεως
1723 2924 1919 2972 πεντη-

271 3006 481 3067 κοστῆς
545 2998 752 3070 ἡμέραν
820 2998 1204 3070 προήνεγκεν·
1275 2993 1454 3056 οὕτως
1520 2991 1673 3055 αὖθις
1737 2993 1826 3047 καὶ

271 3088 432 3164 τρίτη
497 3087 576 3165 ἐφ’
625 3088 819 3156 ἒχυτὴν
868 3083 1342 3158 ἁνακυκλουμένη,
1389 3084 1590 3154 ταύτην
1641 3085 1776 3155 ἡμῖν
1825 3083 1924 3149 τήν

275 3178 426 3250 ἱερὰν
485 3177 694 3250 ἡμέραν
758 3173 1028 3230 ἀνέτειλεν
1092 3181 1191 3243 τῆς
1259 3171 1558 3234 οὖσιώδους
1623 3169 1924 3244 ἒπιδημίας

982 3262 1006 3281 ἢ

275 3270 375 3322 τοῦ
434 3265 766 3339 ῐινεύματος.
825 3269 921 3320 Ἦν
979 3263 1026 3318 δ’
1077 3263 1376 3318 ἆκόλουθον
1429 3263 1531 3330 ἄρα
1593 3263 1681 3317 καὶ
1739 3265 1920 3328 τοῦτο,

1935 612 1987 677 Α

2467 603 2639 660 I93
2670 605 2899 663 CAPUT
2927 606 3226 663 XXXVIII.

2025 711 2195 786 Quali
2240 713 2475 786 ratione
2497 714 2950 782 quinquagesima
2979 715 3196 784 quidem
3224 725 3341 786 post
3375 718 3669 772 Resurrec-

2096 785 2320 849 tionem,
2351 783 2566 838 decima
2597 794 2778 839 autem
2806 791 2923 854 post
2953 783 3330 843 Ascensionem
3361 788 3480 851 die,
3507 789 3670 843 Para-

2115 856 2305 928 cletus,
2327 855 2552 908 divinus
2572 855 2824 912 videlicet
2853 856 3113 928 Spiritus,
3142 859 3581 916 substantialuer
3599 859 3670 915 ad

2096 927 2365 996 apostolos
2395 929 2624 982 venerit.

2096 1033 2377 1088 Caeterum
2435 1034 2973 1106 quinquagesimum
3037 1037 3189 1093 diem
3247 1039 3494 1110 reperio,
3554 1057 3667 1096 non

2027 1121 2218 1176 solum
2251 1123 2402 1194 quod
2435 1123 2563 1194 ipsa
2593 1140 2781 1193 sacra,
2803 1141 2834 1180 e
2857 1127 3051 1182 radice
3073 1143 3233 1183 sacra
3255 1135 3447 1184 ortum
3477 1131 3668 1197 ducat,

2025 1228 2094 1268 ex
2142 1213 2244 1269 illa
2291 1215 2570 1272 nimirum
2620 1216 2734 1283 die,
2783 1235 2888 1273 sua
2936 1219 3122 1290 ipsius
3169 1219 3440 1276 circulari
3493 1223 3554 1278 in
3609 1240 3673 1278 se

2025 1302 2214 1374 ipsam
2248 1305 2603 1362 revolutioue
2633 1323 2954 1380 emergens,
2987 1327 3102 1381 qua
3145 1311 3260 1376 die,
3287 1311 3360 1367 ab
3392 1312 3672 1367 omnibus

2026 1409 2386 1465 quiscunque
2440 1394 2714 1451 voluisset
2782 1398 3074 1468 operibus,
3137 1416 3239 1456 seu
3299 1400 3359 1456 in
3417 1401 3673 1472 peregri-

2027 1482 2260 1537 natione
2311 1500 2440 1551 sua,
2471 1501 2570 1540 seu
2624 1485 2681 1541 in
2729 1489 2927 1543 mundi
2967 1489 3382 1546 constitutione
3429 1491 3670 1560 etfectis,

2026 1570 2260 1625 Creator
2302 1570 2424 1641 ipse
2475 1573 2826 1644 conquievit,
2877 1593 3076 1632 verum
3125 1580 3326 1644 etiam,
3375 1580 3526 1650 quod
3578 1581 3674 1651 ty-

2027 1675 2168 1729 pum
2218 1663 2274 1715 et
2302 1658 2614 1728 imaginem
2650 1663 2909 1734 implevit
2940 1672 3229 1737 per-petum
3259 1667 3420 1724 illius
3451 1669 3670 1724 omnis-

2027 1764 2139 1820 que
2169 1765 2418 1820 vesperae
2449 1753 2694 1822 expertis
2737 1754 3095 1811 remissionis
3143 1757 3275 1812 diei.
3311 1760 3672 1830 Quapropter

2025 1837 2201 1893 etiam
2261 1838 2343 1893 eis
2402 1840 2500 1910 qui
2552 1842 2722 1910 juxta
2777 1847 3022 1900 veterem
3075 1845 3323 1901 litteram
3377 1848 3673 1916 vivebant,

2027 1927 2304 1993 tanquam
2355 1940 2454 1994 per
2504 1927 2768 1982 umbram
2802 1928 3086 1996 exhibita,
3117 1930 3448 1987 libertatem
3481 1949 3671 1988 rerum

2029 2011 2292 2066 omnium
2345 2015 2718 2083 concedebat,
2753 2016 3020 2073 circulari
3053 2035 3340 2075 annorum
3396 2037 3570 2076 cursu
3615 2022 3671 2075 in

2029 2119 2270 2158 numero
2311 2103 2424 2160 isto
2472 2107 2820 2163 consistente
2853 2126 2865 2163 :
2903 2109 3101 2182 eisque
3149 2111 3346 2176 rebus,
3383 2128 3510 2184 quae
3547 2119 3669 2166 tum

2029 2191 2372 2262 agebantur,
2421 2193 2836 2262 indicantibus,
2888 2204 3017 2266 post
3063 2199 3459 2270 septimanum
3521 2200 3675 2255 hunc

2029 2277 2162 2334 fatis
2210 2297 2276 2336 ac
2323 2282 2582 2336 servituti
2633 2283 2892 2339 obnoxias
2934 2287 3066 2341 vitae
3097 2293 3309 2343 nostrae
3340 2289 3672 2355 circuitum,

2029 2367 2404 2424 adventuram
2436 2387 2560 2425 esse
2590 2371 2742 2428 diem
2776 2373 2957 2442 illam,
2991 2391 3108 2446 qua
3137 2376 3196 2430 in
3227 2377 3537 2448 antiquum
3570 2395 3675 2433 nos

2030 2461 2244 2512 statum
2297 2459 2494 2530 recipi,
2529 2461 2954 2533 pristinamquo
2995 2473 3049 2518 et
3097 2464 3386 2520 ccelestem
3439 2465 3675 2522 liberta-

2031 2550 2145 2600 tem
2179 2547 2404 2604 restitui
2433 2555 2738 2620 oporteret.
2764 2550 2910 2606 Cum
2933 2553 3131 2624 itaque
3153 2559 3208 2608 et
3238 2571 3393 2610 nunc
3422 2555 3674 2626 Spiritus

2031 2637 2215 2692 sancti
2241 2638 2521 2696 adventus
2550 2640 2631 2695 ita
2682 2651 3052 2714 comparatus
3099 2644 3196 2710 sit,
3231 2648 3294 2700 ut
3323 2661 3534 2702 novum
3567 2663 3674 2702 no-

2031 2731 2123 2785 bis
2170 2730 2299 2786 vite
2347 2732 2588 2788 modum
2639 2736 3055 2805 praescriberet,
3087 2741 3144 2792 et
3173 2737 3246 2793 ad
3291 2736 3448 2792 illam
3490 2738 3672 2808 ipsam

2034 2819 2208 2885 diem,
2271 2837 2338 2876 ex
2395 2823 2644 2879 obscura
2701 2829 2758 2879 et
2812 2824 3128 2896 caliginosa
3188 2827 3490 2897 pressantis
3545 2827 3675 2881 vitae

2034 2914 2222 2977 nocte,
2255 2927 2361 2966 nos
2410 2911 2687 2967 excitaret
2717 2929 2731 2968 :
2773 2914 2898 2969 ideo
2939 2915 2997 2968 in
3030 2915 3134 2970 hac
3166 2915 3290 2986 ipsa
3319 2915 3553 2970 advenit
3579 2915 3678 2971 ille

2033 3001 2143 3055 die.
2179 2999 2415 3056 Decima
2461 3006 2656 3056 autem
2707 3020 2774 3058 ea
2817 3008 2902 3058 est
2936 3009 3062 3073 post
3089 3007 3502 3081 Ascensionem
3533 3007 3678 3074 dies,

2035 3087 2211 3160 quod,
2245 3089 2419 3143 sicuti
2467 3091 2792 3161 septenaria
2834 3091 2893 3145 in
2943 3093 3194 3164 seipsam
3237 3109 3339 3164 per
3369 3095 3676 3150 circuitum

2034 3194 2284 3246 reversa,
2334 3178 2885 3250 quinquagesimum
2943 3183 3306 3239 remissionis
3335 3183 3489 3239 diem
3551 3200 3678 3254 pro-

2039 3268 2192 3320 t'ert:
2235 3265 2434 3320 itidem
2487 3270 2544 3320 et
2591 3267 2759 3321 tertia
2798 3267 2858 3322 in
2907 3269 3154 3340 seipsam
3207 3271 3481 3338 revoluta,
3528 3271 3680 3327 hanc

278 3357 343 3412 οὐ
404 3357 568 3429 μόνον
625 3353 714 3410 διὰ
759 3355 857 3424 τήν
901 3361 1000 3422 τῆς
1048 3353 1306 3428 θεαρχῖας
1361 3351 1598 3427 τριττὸν,
1665 3351 1794 3406 ἀλλ’
1841 3352 1919 3404 ὅτι

2038 3355 2218 3425 ipsam
2253 3353 2421 3409 nobis
2447 3371 2670 3410 sacram
2704 3326 3112 3412 substantialis
3132 3359 3382 3430 Spiritus
3399 3326 3678 3416 adventus

279 3451 370 3504 καὶ
412 3451 478 3502 τὸ
529 3444 668 3522 μέγα
711 3450 874 3500 τοῦτο
922 3439 1076 3517 ἔργον
1124 3450 1222 3512 τῆς
1269 3447 1366 3498 τοῦ
1413 3442 1623 3514 κόσμου
1673 3439 1928 3515 ἓγέρσεως

277 3543 524 3614 τριταῖος
583 3538 610 3590 ὁ
665 3536 843 3610 Λόγος
902 3531 1436 3606 διεπραγματεύσατο
1495 3531 1680 3607 λόγοις
1737 3551 1926 3602 μυστι-

280 3627 566 3699 κωτέροις,
627 3625 700 3686 ὡς
763 3625 954 3698 μικρὸν
1014 3620 1216 3677 ἄνωθεν
1275 3615 1622 3693 διελάϐομεν.
1694 3617 1926 3690 Ηίρηται

288 3712 475 3787 μέντοι
504 3712 637 3779 τισὶ,
669 3713 744 3774 ὼς
787 3709 984 3784 δεκάτῃ
1039 3709 1173 3781 μετᾶ
1215 3708 1313 3777 τήν
1365 3705 1555 3762 ἄνοδον
1582 3710 1645 3762 τὸ
1692 3710 1926 3778 Πνεῦμα,

290 3805 319 3857 ὁ
372 3801 538 3865 ἄλλος
599 3798 982 3874 Παράκλητος,
1038 3797 1225 3871 ὅτιπερ
1281 3795 1486 3851 ἀνιόντι
1533 3795 1665 3867 μετᾶ
1706 3798 1802 3848 τοῦ
1851 3815 1926 3848 τε·

292 3889 564 3962 θεωμένου
629 3888 1068 3962 προσλήμματος
1143 3891 1225 3958 τῷ
1287 3883 1403 3957 Θεῷ
1469 3884 1654 3958 Λόγῳ,
1727 3881 1924 3952 έκείστη

289 3982 438 4052 τάξις
499 3986 599 4048 τῆς
668 3976 1016 4050 ὲννεαρίθμου
1071 3980 1178 4030 τῶν
1235 3973 1483 4048 ἀγγέλων
1548 3972 1925 4047 τελεταρχίας,

282 4073 585 4145 προπιοῦσα
632 4067 747 4122 καθ’
806 4067 1059 4134 ἑκάστην,
1119 4064 1194 4128 ὡς
1251 4060 1467 4136 ὁμοθὲῳ
1507 4067 1588 4135 τῷ
1641 4061 1929 4136 προσλήμ-

284 4181 414 4233 ματι
497 4155 863 4234 γεγενημένῳ,
949 4155 1158 4228 σόναμα
1225 4159 1302 4227 τῳ
1385 4152 1514 4226 θείῳ
1598 4153 1761 4228 Δόγῳ
1825 4153 1924 4221 τὴν

280 4247 648 4323 προσκύνησιν
692 4245 961 4321 ἀφωσίου,
998 4247 1066 4300 τὰ
1110 4250 1210 4312 τῆς
1257 4241 1609 4316 καταλλαγῆς
1655 4245 1751 4296 τοῦ
1794 4243 1929 4313 ἡμε·

275 4338 441 4415 τέρου
492 4338 683 4414 γένους
725 4335 1014 4414 πανσόφως
1063 4329 1526 4405 οἰκοδομήσαντι·
1577 4331 1667 4386 καὶ
1697 4331 1758 4385 τὸ
1793 4331 1928 4404 μετᾶ

273 4433 448 4483 ταῦτα
488 4424 694 4498 πέμπει
743 4426 836 4478 τὸν
887 4424 1030 4478 θεῖον
1081 4419 1438 4495 Παράκλητον
1485 4419 1559 4481 ὡς
1608 4418 1922 4494 ὑπόσχεσις.

276 4518 434 4573 Οὕτω
497 4515 593 4587 μὲν
649 4512 740 4569 οὖν
791 4510 1023 4582 ἐπῆλθεν
1082 4513 1216 4584 ἡμῖν
1267 4511 1393 4585 περὶ
1447 4507 1655 4564 τούτων
1703 4510 1873 4564 εἰπεῖν
1908 4525 1922 4539 ο

275 4603 439 4660 οὐδὲν
481 4605 588 4679 γὰρ
633 4603 750 4672 εἰκῆ
804 4599 930 4656 οὐδὲ
987 4602 1295 4675 ἀθεώρητον
1345 4599 1373 4653 ὁ
1423 4597 1599 4675 Λόγος
1648 4595 1922 4668 ἐπλήρου.

2036 3445 2186 3499 diem
2223 3448 2400 3499 creat.
2427 3444 2555 3500 Erat
2585 3445 2799 3516 quippe
2834 3446 2939 3502 hoc
2961 3447 3046 3502 sic
3077 3465 3438 3519 consequens
3469 3455 3526 3504 et
3555 3467 3681 3506 cou-

2037 3538 2403 3596 sentaneum,
2455 3551 2569 3589 non
2619 3539 2846 3590 tantum
2898 3542 3129 3606 pr0pter
3177 3538 3433 3593 divinam
3485 3555 3678 3596 rerum

2038 3619 2300 3676 omnium
2351 3620 2632 3692 principis
2675 3622 3042 3690 Trinitatem,
3075 3641 3275 3680 verum
3319 3625 3492 3682 etiam
3523 3629 3676 3698 quod

2039 3709 2246 3780 ingens
2295 3708 2402 3764 hoc
2447 3709 2908 3766 resuscitationis
2955 3723 3008 3768 et
3057 3714 3439 3770 restitutionis
3471 3716 3678 3771 mundi

2037 3814 2184 3868 opus
2237 3799 2388 3868 quod
2438 3798 2672 3853 tertium
2721 3799 2778 3854 in
2827 3801 3108 3856 Trinitate
3146 3809 3235 3857 est
3263 3802 3542 3870 Verbum,
3576 3822 3673 3860 ar-

2038 3903 2182 3942 cana
2229 3887 2572 3954 admodum,
2605 3892 2670 3942 ut
2714 3888 2884 3959 paulo
2925 3895 3058 3945 ante
3092 3892 3564 3960 memoravimus,
3597 3910 3693 3948 ra-

2037 3975 2194 4030 tione
2242 3975 2473 4046 peregil.
2530 3975 2763 4031 Dictum
2813 3983 3086 4049 praterea
3135 3997 3168 4033 a
3217 3981 3518 4036 nonnullis
3574 3987 3687 4054 est,

2037 4065 2262 4120 decima
2291 4063 2362 4120 ab
2391 4066 2746 4122 Ascensione
2775 4067 2868 4122 die
2921 4067 3227 4139 Spiritum,
3259 4067 3438 4126 alium
3469 4070 3684 4142 quippe

2038 4153 2420 4222 Paracletum,
2481 4159 2781 4224 prepterea
2844 4157 3088 4224 venisse,
3149 4159 3302 4230 quod
3371 4165 3688 4218 revertente

2037 4259 2168 4298 cum
2213 4242 2479 4298 deiﬁcata
2530 4243 2917 4300 humanitatis
2964 4246 3293 4302 accessione
3325 4247 3442 4304 Deo
3470 4248 3681 4314 Verbo,

2037 4347 2106 4387 ex
2155 4331 2468 4388 novenaria
2519 4333 2854 4404 principum
2905 4335 3246 4406 angelorum
3297 4337 3503 4405 classe,
3545 4341 3686 4395 ordo

2037 4419 2282 4490 quilibet
2328 4436 2590 4476 seorsum
2639 4423 2945 4490 accedens,
2976 4425 3292 4480 accessioni
3325 4425 3376 4480 ei
3406 4427 3685 4482 deiﬁcatie

2037 4526 2154 4564 una
2183 4526 2315 4564 cum
2365 4509 2558 4564 divino
2604 4509 2792 4568 Verbo
2821 4513 2924 4583 (ι),
2956 4512 3208 4569 debitam
3241 4515 3480 4570 sacrarit
3510 4522 3682 4586 atque

2036 4599 2370 4669 praestiterit.
2421 4599 2818 4656 adorationem
2849 4617 2864 4655 :
2899 4602 3116 4674 quippe
3163 4620 3292 4674 quas
3339 4620 3432 4659 res
3481 4620 3684 4658 recon-

277 4695 343 4752 Εἷ
391 4691 449 4748 δέ
493 4713 548 4747 τι
589 4691 679 4748 καὶ
728 4689 871 4746 ἄλλο
927 4686 1302 4764 μυστηριῶδες
1351 4685 1514 4756 ἔστιν,
1559 4685 1774 4756 ἐπάξιον
1820 4691 1919 4755 τῆς

2036 4686 2383 4742 ciliationem
2433 4687 2667 4759 generis
2721 4691 2906 4744 nostri
2957 4691 3386 4762 sapientissime
3434 4691 3682 4760 Optime-

276 4785 461 4854 Ἰησοῦ
513 4783 754 4858 Χριστοῦ
809 4779 1129 4857 φιλότητος,
1186 4775 1372 4832 εἰδεῖεν
1418 4775 1478 4831 ἄν
1528 4775 1580 4830 οὶ
1629 4775 1704 4836 εἰς
1751 4775 1917 4848 βάθος

277 4874 507 4946 θεωροῖς
568 4868 876 4947 ὀφθαλμοῖς
937 4873 1053 4929 τοῖς
1119 4865 1454 4943 ἀπορρήτοις
1520 4867 1627 4921 τῶν
1697 4859 1913 4926 θεωδῶς

275 4959 624 5034 τελουμένων
653 4957 1023 5035 ἒγκῦπτοντες.

2028 4791 2139 4847 que
2181 4775 2609 4833 administrarit
2646 4794 2660 4833 :
2705 4777 2864 4835 I24
2900 4784 2957 4834 et
2998 4786 3197 4852 postea
3236 4781 3396 4849 juxta
3443 4781 3683 4850 promis.

2025 4866 2272 4934 sionem,
2325 4865 2590 4922 divinum
2663 4868 2912 4923 missum
2971 4885 3096 4924 esse
3157 4869 3540 4926 Paracletum.
3590 4872 3674 4925 Ad

2026 4953 2180 5010 hunc
2209 4953 2442 5026 quidem
2473 4956 2716 5012 modum
2750 4956 2919 5013 nobis
2963 4957 3084 5012 haec
3113 4958 3301 5013 dicere
3332 4957 3391 5012 in
3426 4962 3677 5016 mentem

281 5055 486 5123 venit;
529 5050 678 5106 nihil
726 5049 882 5106 enim
932 5055 1170 5116 temere,
1221 5052 1322 5104 aut
1367 5047 1513 5104 citra
1559 5043 1917 5116 singularem
1967 5041 2212 5114 insignis
2263 5044 2747 5102 considerationis
2805 5047 3376 5117 contemplationem,
3429 5048 3676 5104 Verbum

341 5236 422 5310 (ᾖ)
460 5234 751 5310 Descripta
781 5237 924 5310 sunt
953 5233 1068 5288 hac
1099 5247 1167 5310 ex
1197 5229 1489 5310 veteribus
1519 5227 1730 5310 (ἂι-εδοξε
1759 5226 1925 5310 theo-

276 5299 449 5384 logis.
478 5304 628 5384 Quid
657 5299 806 5360 ’νει-ο
839 5305 928 5384 “ad
951 5321 1044 5384 ,οε
1088 5305 1276 5384 dicent
1306 5306 1514 5384 nostrae
1546 5300 1732 5384 aetatis
1762 5299 1926 5384 theo-

269 5372 414 5450 logi.
437 5377 538 5449 qui
559 5392 792 5456 carnem
831 5376 1044 5456 Christi
1091 5373 1498 5456 gloriﬁcatam,
1519 5376 1654 5439 etc.,
1675 5372 1753 5456 in.
1776 5372 1925 5450 ordi-

271 5445 413 5522 ne'm
441 5445 840 5522 creaturarum
872 5447 1163 5522 redigunt,
1193 5450 1252 5502 et
1277 5445 1674 5522 adorationem
1704 5445 1832 5522 ejus
1849 5445 1924 5522 in

273 5521 537 5596 dubium
557 5525 766 5596 vocant
783 5519 871 5596 ?__«
893 5511 1108 5596 _Agi:1n_t
1134 5511 1195 5574 in
1247 5515 1599 5596 cmlestibus
1615 5511 1925 5596 paschalia

272 5591 492 5666 gaudia
521 5589 633 5663 ipsi
663 5589 911 5664 angelici
939 5583 1208 5663 svpiritus,
1227 5595 1282 5644 et
1307 5583 1663 5658 resurgentis
1692 5583 1922 5641 Domini

589 5691 850 5756 Parant.
895 5693 1002 5756 Ga.
1047 5689 1270 5754 CXLV.

2035 5224 2280 5300 gloriam
2305 5227 2704 5284 admirantur:
2733 5229 3001 5285 laetantur
3028 5234 3085 5285 et
3114 5229 3474 5286 delectantur
3499 5232 3556 5287 in
3588 5249 3674 5300 eo,

2036 5297 2191 5372 quod
2241 5299 2427 5372 forma
2471 5301 2622 5372 servi
2670 5316 2898 5372 reversa
2947 5304 3023 5356 sit
3069 5302 3127 5357 in
3178 5304 3423 5358 formam
3466 5303 3587 5372 Dei,
3621 5297 3679 5360 et

2035 5369 2361 5444 eainAanitio
2401 5370 2751 5427 humilitatis
2778 5372 2869 5444 ad
2920 5371 3192 5444 depositae
3234 5369 3679 5432 altitudinis’re-

2034 5439 2205 5514 d_i_erit
2252 5442 2637 5514 majestatem.
2690 5465 2716 5514 ι)
2763 5443 2954 5514 (Cypr.
2994 5439 3179 5500 ’δεῖ-ιη.
3211 5448 3486 5514 Paschal.)
3538 5449 3678 5505 Inde

2032 5511 2363 5590 Theologus
2412 5511 2628 5590 Pascha
2685 5511 3112 5590 Domitiigdicit
3167 5533 3295 5574 esse
3349 5511 3517 5590 τιμήν
3575 5525 3674 5589 τῆς

2031 5579 2281 5656 Τριάδοςξ
2311 5584 2415 5639 hoc
2446 5590 2556 5653 est,
2589 5586 2866 5641 honorem
2901 5588 3022 5643 sive
3051 5590 3227 5646 decus
3257 5579 3582 5648 Trinitatis.

3273 5694 3352 5752 24
