3950 6214
465 280 580 339 ’147

1757 281 2176 345 NICEPHORI
2219 279 2573 343 CALLlSTI

3730 297 3824 357 748

464 413 598 470 fecit
646 417 821 485 atque
876 396 1153 484 implevit.
1206 412 1267 468 Si
1326 413 1462 484 quid
1520 428 1653 469 vero
1711 421 1800 469 est
1847 415 2086 471 alterius
2143 415 2338 470 arcani
2401 414 2677 487 mysterii,
2732 414 3061 471 abditarum
3132 424 3602 494 secretarumque
3669 441 3821 483 rerum

458 503 595 561 Jesu
629 503 1014 576 amplitudine
1059 504 1324 575 dignum,
1373 504 1427 557 id
1461 504 1544 558 illi
1587 504 1856 570 viderint,
1907 506 2121 577 quibus
2152 507 2500 576 profundam
2551 504 2923 561 altitudinem
2972 522 3165 561 rerum
3215 510 3593 568 ineﬂ'abilium
3646 516 3822 572 divini.

460 598 676 666 tusque
706 598 1096 666 peractarum,
1129 593 1450 648 acrioribus
1482 593 1992 666 contemplationis
2023 594 2203 651 oculis
2236 595 2558 665 perspicere
2588 598 2675 648 est
2705 609 3066 650 concessum.

1020 744 1251 802 CAPUT
1289 744 1528 801 XXXIX.

459 854 611 923 Quod
658 858 710 910 et
757 855 871 924 ipse
916 855 1176 925 Iosephus
1220 853 1521 909 Servatoris
1550 854 1725 909 nostri
1747 856 1872 911 Jesu
1902 855 2099 910 Christ:

530 930 591 981 in
619 925 821 982 decimo
866 932 1049 981 octavo
1102 926 1243 981 libro
1275 928 1647 980 Historiarum
1677 942 1904 981 suarum
1934 943 2099 982 men-

524 1000 723 1054 tionem
752 1000 960 1068 fecerit,
991 1004 1045 1052 et
1074 999 1269 1068 quibus
1298 997 1364 1052 de
1392 1014 1456 1053 eo
1487 999 1662 1053 verbis
1688 1001 1757 1054 sit
1786 1015 1939 1055 usus.

518 1179 708 1250 Atque
749 1176 1020 1249 equidem
1079 1192 1201 1248 quae
1266 1177 1335 1231 de
1390 1175 1617 1232 Christo
1675 1177 1734 1233 in
1796 1193 2093 1234 sacrorum

448 1264 891 1338 Evangeliorum
947 1264 1164 1320 librum
1225 1264 1407 1321 relata
1463 1269 1622 1331 sunt,
1675 1272 1738 1321 ut
1793 1282 1861 1322 ea
1917 1282 2092 1337 quam

447 1356 780 1412 brevissime
810 1355 1015 1427 exponi
1065 1359 1401 1426 potuerunt,
1436 1356 1505 1410 ad
1537 1353 1695 1412 hunc
1725 1371 1846 1411 sese
1876 1354 2094 1410 habent

446 1446 711 1500 modum.
736 1442 1042 1516 Reliquum
1073 1461 1227 1499 nunc
1258 1459 1385 1499 esse
1418 1450 1577 1514 puto,
1599 1444 1920 1516 Josephum
1956 1460 2097 1515 quo-

446 1548 580 1605 que,
618 1533 873 1589 veritatis
915 1537 1205 1588 amantem
1237 1534 1391 1604 apud
1424 1532 1692 1588 Hebraeos
1728 1533 2090 1602 historicum,

444 1624 504 1677 in
538 1622 797 1679 medium
850 1621 1182 1692 producere,
1210 1626 1265 1677 et
1294 1639 1418 1692 quae
1454 1623 1503 1677 is
1533 1623 1592 1677 in
1634 1621 1857 1678 decimo
1890 1628 2091 1678 octavo

442 1711 847 1783 Antiquitatum
866 1710 1014 1766 libro
1036 1711 1106 1765 de
1137 1711 1434 1767 Servatore
1465 1718 1663 1766 nostro
1692 1712 1825 1767 Jesu
1859 1712 2090 1767 Christo

442 1800 659 1872 scripta
705 1801 1021 1873 reliquerit,
1078 1800 1263 1872 primo
1315 1800 1449 1856 huic
1496 1800 1867 1856 historiarum
1919 1802 2089 1867 libro,

442 1896 723 1963 tanquam
756 1890 1088 1946 coronidem
1138 1905 1446 1961 apponere.
1479 1891 1619 1945 Cum
1652 1892 1806 1945 enim
1841 1890 1910 1945 de
1944 1907 2090 1961 prae-

443 1996 680 2035 oursore
723 1979 961 2051 Joanne,
997 1995 1064 2035 ea
1113 1995 1242 2050 quis
1298 1977 1469 2050 paulo
1505 1983 1640 2034 ante
1671 1979 2094 2048 recensuimus,

443 2068 824 2139 exposuisset,
871 2068 1080 2124 deinde
1138 2068 1209 2122 de
1265 2066 1495 2123 Christo
1550 2066 1740 2123 verbis
1798 2067 1954 2124 hisce
2011 2070 2092 2124 ita

444 2158 644 2214 scribit
678 2174 692 2211 :
727 2178 755 2208 ‹‹
787 2156 1023 2213 Exstitit
1064 2173 1129 2212 eo
1180 2162 1437 2227 tempore
1484 2159 1680 2225 Jesus,
1711 2156 1797 2211 vir
1827 2157 2084 2228 sapiens,

438 2247 489 2304 si
537 2247 772 2320 quidem
821 2246 1011 2302 virum
1061 2262 1196 2302 eum
1245 2244 1435 2301 dicere
1482 2246 1570 2301 fas
1618 2250 1725 2301 est.
1761 2246 1890 2301 Erat
1929 2248 2085 2302 enim

438 2352 706 2409 operum,
727 2335 1054 2407 opinionem
1092 2334 1385 2406 fidemque
1407 2350 1641 2390 omnem
1664 2335 2084 2403 excedentium,

439 2424 691 2496 eﬁ‘ector,
724 2429 781 2482 et
828 2424 1135 2480 hominum
1188 2439 1389 2480 eorum
1436 2424 1535 2494 qui
1568 2423 1815 2479 libenter
1866 2423 2084 2479 verita—

437 2520 555 2571 tem
587 2513 1125 2585 complecterentur,
1152 2512 1448 2584 magister.
1474 2511 1689 2568 Mnltos
1715 2511 1871 2568 enim
1904 2512 2076 2567 simul

438 2608 495 2659 et
548 2620 615 2660 ex
663 2603 900 2670 Iudaeis,
950 2607 1007 2658 et
1054 2618 1122 2659 ex
1168 2602 1499 2658 Grecorum
1546 2602 1980 2674 superstitione,
2021 2601 2081 2657 in

438 2692 807 2763 disciplinam
841 2708 1006 2747 suam
1054 2692 1276 2747 ascivit.
1309 2690 1574 2745 Christus
1604 2690 1654 2745 is
1689 2691 1816 2745 luit.
1851 2690 1918 2745 Et
1948 2706 2080 2745 cum

430 2799 589 2851 eum,
619 2782 945 2854 principum
977 2781 1131 2853 apud
1167 2797 1273 2835 nos
1301 2779 1559 2834 virorum
1592 2779 1901 2846 delatione,
1937 2780 2077 2835 Pila-

431 2878 526 2927 tus
558 2873 745 2929 crucis
776 2870 1060 2944 supplicio
1091 2870 1398 2938 affecisset,
1424 2886 1537 2925 non
1573 2879 1786 2936 tamen,
1817 2871 1918 2941 qui
1947 2874 2080 2927 ante

425 2977 562 3016 eum
622 2968 786 3016 erant
853 2959 1159 3031 complexi,
1220 2959 1537 3013 consectari
1597 2958 2072 3029 supersederunt.

426 3048 707 3122 Apparuit
755 3049 972 3121 quippe
1020 3049 1136 3103 illis
1183 3048 1347 3103 tertio
1398 3052 1529 3117 post
1558 3046 1652 3101 die
1683 3051 1981 3117 superstes
2011 3063 2077 3103 ac

429 3137 739 3199 redivivus,
773 3135 1244 3207 quandoquidem
1294 3133 1477 3188 divini
1526 3133 1821 3204 propheta:
1867 3140 1924 3190 et
1968 3134 2076 3189 hoc

428 3231 486 3282 et
515 3225 630 3282 alia
677 3226 748 3280 de
796 3241 861 3281 eo
902 3224 1244 3279 admiranda
1296 3223 1592 3278 vaticinati
1625 3222 1873 3279 fuerant.
1909 3224 1974 3279 Et
2005 3229 2070 3279 ad

2126 747 2182 813 Α

2836 749 3096 805 ΚΕΦΑΛ.
3139 753 3258 805 ΛΘ’.

2205 854 2353 935 ’Ὅτι
2393 852 2571 935 ἔιαέῃὸ
2621 852 2952 935 Ἰιρσηπος
3003 858 3341 935 μέμνηται
3384 861 3499 912 τοῦ
3548 866 3823 935 Euripo:

2276 924 3056 1000 ﬁpmv_’lnooﬁ_Xptetoﬁ
3088 926 3148 1000 ἐν
3198 924 3278 1000 τῇ
3329 929 3650 997 ιηάὐτοῦ
3698 924 3825 1000 έὺγ-

2275 996 2666 1073 γραφῇίκαί
2707 996 3016 1070 οἷαπερί
3064 996 3264 1054 αὐτοῦ
3315 996 3547 1064 αὐταῖς
3598 996 3824 1073 λέξεσιν

2277 1068 2568 1140 ἱστορεῖ.

2276 1175 2415 1230 "Oc:
2467 1173 2563 1246 μὶν
2612 1176 2681 1246 τῇ
2732 1172 2847 1243 θείᾳ
2892 1178 3001 1229 τῶν
3055 1176 3211 1247 ἰερῶν
3264 1176 3608 1255 Εὐαγγελίων
3674 1178 3829 1256 βίϐλῳ

2204 1264 2328 1335 περὶ
2404 1266 2637 1338 Χριστοῦ
2721 1262 3141 1340 ἀναγέγραπται.
3226 1266 3300 1328 ὡς
3391 1270 3716 1342 σοπεμὸντα
3774 1274 3825 1342 ἦν

2205 1352 2395 1420 εἶπεῖν,
2425 1356 2620 1407 τοῦτον
2650 1345 2778 1427 ἔσχε
2807 1352 2898 1406 τὸν
2944 1353 3170 1425 τρόπον.
3222 1355 3551 1413 Ἀκόλουθον
3588 1356 3637 1413 δ’
3665 1361 3826 1433 οἶμαι,

2202 1442 2291 1495 καὶ
2344 1441 2436 1496 τὸν
2490 1437 2777 1516 φιλαλήθη
2828 1442 2956 1515 παρ’
3002 1437 3284 1516 Ἑϐραίοις
3334 1445 3610 1521 ἱστορικὸν
3658 1450 3827 1518 Ὶώση·

2201 1550 2302 1585 πον
2357 1530 2435 1591 εἱς
2497 1529 2656 1602 μέσον
2706 1530 3064 1602 προθέμενον,
3114 1533 3204 1586 οἷα
3262 1534 3387 1608 περὶ
3433 1540 3530 1589 τοῦ
3589 1544 3828 1614 Σωτῆρος

2200 1621 2360 1692 ἡμῶν
2410 1620 2592 1689 Ἰησοῦ
2638 1616 2873 1690 Χριστοῦ
2923 1616 3168 1689 διέξεισιν
3201 1619 3254 1675 ἐν
3302 1627 3383 1694 τῷ
3428 1639 3497 1695 ιη’
3545 1633 3650 1694 τῆς
3699 1628 3827 1703 Ἀρ.

2202 1706 2650 1783 χαιολογίας,
2700 1705 2883 1781 ὥσπερ
2928 1710 3048 1762 τινα
3089 1708 3383 1784 κορωνίδα,
3414 1716 3484 1786 τῇ
3513 1717 3706 1789 πρώτῃ
3747 1738 3825 1788 μοι

2198 1801 2305 1851 τῶν
2359 1797 2613 1867 ἱστοριῶν
2671 1794 2933 1851 ἐπιθεῖναι
2968 1817 2983 1829 θ
3040 1798 3163 1872 περὶ
3214 1801 3319 1873 γὰρ
3365 1805 3463 1856 τοῦ
3519 1802 3824 1877 Προδρόμου

2198 1888 2454 1942 ἰωαννου
2494 1884 2809 1957 διεξελθὼν,
2840 1885 2939 1941 ὅσα
2992 1889 3183 1961 μικρὸν
3236 1888 3437 1945 ἄνωθεν
3491 1889 3828 1965 διελάὅομεν,

2198 1977 2314 2031 εἶτα
2365 1976 2457 2030 καὶ
2525 1976 2649 2050 περί
2707 1979 2804 2030 τοῦ
2861 1981 3095 2051 Χριστοῦ
3153 1978 3343 2041 αὐταῖς
3419 1979 3625 2051 λέξεσιν
3700 1985 3826 2038 οὕτω

2198 2065 2330 2140 φησί
2357 2084 2369 2096 ·
2404 2088 2432 2117 ‹‹
2467 2064 2671 2119 Γίνεται
2709 2061 2767 2118 δὲ
2802 2065 2940 2119 κατᾶ
2975 2069 3168 2121 τοῦτον
3216 2068 3312 2121 τὸν
3360 2069 3563 2144 χρόνον
3610 2074 3827 2142 Ἰησοῦς,

2194 2154 2333 2229 ἀνὴρ
2366 2154 2554 2230 σοφὸς,
2586 2152 2638 2208 εἷ’
2663 2174 2724 2228 γε
2754 2150 2920 2228 ἄνδρα
2961 2152 3140 2229 λέγειν
3189 2156 3352 2211 αὐτὸν
3405 2161 3542 2233 χρή.
3593 2166 3686 2216 Ἦν
3737 2164 3826 2236 γὰρ

2195 2242 2512 2316 παραδόξων
2583 2240 2753 2318 ἔργων
2830 2244 3088 2313 ποιητής,
3156 2242 3483 2309 διδασκαλος
3539 2248 3822 2323 ἀνθρώπων

2195 2338 2306 2387 τῶν
2339 2330 2509 2406 ἡδονῇ
2539 2329 2760 2400 τάληθῆ
2794 2327 3132 2405 δεχομένων.
3168 2334 3267 2388 Καὶ
3302 2332 3552 2398 πολλοὺς
3600 2339 3689 2410 μὶν
3728 2343 3826 2393 τῶν

2194 2418 2497 2487 Ἰουδαίων,
2558 2417 2805 2481 πολλοὺς
2866 2417 2924 2473 δὲ
2978 2420 3069 2474 καὶ
3126 2421 3232 2476 ἀπὸ
3308 2427 3406 2477 τοῦ
3462 2422 3824 2499 Ἐλληνισμοῧ

2191 2509 2519 2584 ἐπηγάγετο.
2577 2509 2636 2563 Ὀ
2695 2508 2922 2582 Χριστὸς
2980 2505 3135 2571 οὗτος
3194 2511 3281 2578 ἦν.
3332 2511 3432 2566 Καὶ
3507 2512 3694 2583 αὐτὸν,
3749 2514 3827 2570 ἑν-

2193 2597 2353 2669 δείξει
2386 2602 2497 2652 τῶν
2540 2598 2775 2671 πρώτων
2825 2593 3035 2670 ἀνδρῶν
3084 2598 3211 2671 παρ’
3261 2601 3416 2672 ἡμῖν,
3463 2608 3686 2677 σταυρῷ
3729 2603 3828 2658 ἐπι-

2189 2688 2556 2761 τετιμηκότος
2612 2684 2874 2757 Πιλάτου,
2928 2684 3026 2740 οὖκ
3066 2685 3363 2743 ἐπαΰσαντο
3417 2692 3470 2744 οἱ
3509 2692 3573 2746 τὸ
3628 2698 3826 2767 πρῶτον

2190 2778 2348 2833 αὐτὸν
2432 2776 2832 2852 ἀγαπήσαντες.
2901 2774 3100 2852 Ἐςράνη
3185 2776 3286 2852 γὰρ
3355 2777 3564 2849 αὐτοῖς,
3654 2784 3827 2856 τρίτην

2187 2863 2331 2944 ἔχων
2366 2869 2577 2942 ἡμὲραν
2619 2865 2784 2920 πάλιν
2836 2869 2958 2934 ζῶν,
3007 2871 3116 2920 τῶν
3164 2866 3321 2922 θείων
3370 2877 3676 2948 προςρητῶν
3723 2876 3834 2928 cui.

2185 2959 2252 3013 τά
2293 2978 2352 3011 τε
2405 2956 2495 3011 καὶ
2562 2952 2714 3010 ἄλλα
2773 2955 2895 3028 περὶ
2964 2953 3126 3008 αὐτοῦ
3184 2957 3456 3024 θαυμάαια
3517 2960 3828 3033 εἰρηκότων,

2186 3045 2367 3102 Εἷσὲτι
2415 3065 2474 3099 τε
2536 3048 2627 3097 νῦν
2685 3046 2792 3097 τῶν
2855 3048 3192 3119 Χριστιανῶν
3249 3045 3355 3101 ἀπὸ
3411 3046 3574 3103 τοῦδε
3637 3049 3830 3123 iii-top:-

2187 3135 2402 3207 σμὲνων
2486 3133 2586 3189 οὐκ
2661 3130 2886 3189 ἐπέλιπε
2958 3135 3020 3187 τὸ
3096 3132 3284 3211 φῦλον.
3322 3156 3347 3188 ι
3426 3141 3611 3192 Ταῦτα
3667 3140 3830 3193 καὶὸ

2185 3225 2475 3295 Ἰώσηπος.

429 3316 773 3371 hodiernum
826 3330 1011 3385 usque
1058 3313 1238 3382 diem,
1284 3328 1412 3385 quin
1455 3312 1525 3367 ab
1573 3328 1640 3368 eo
1686 3318 1775 3368 est
1822 3315 2253 3385 cognominata,
2305 3313 2770 3369 Christianorum
2819 3329 2964 3385 gens
3013 3332 3127 3369 non
3180 3314 3405 3372 defecit.
3458 3336 3488 3364 »
3540 3321 3681 3374 Hec
3729 3317 3826 3373 Jo-

430 3406 670 3478 sephus.

960 3539 1121 3596 I95
1154 3537 1389 3595 CAPUT
1431 3538 1549 3595 XL.

430 3634 502 3689 De
520 3632 712 3689 divina
731 3632 1085 3702 humanaque
1102 3632 1212 3685 oris
1232 3631 1578 3702 corporisque
1608 3627 1784 3698 ﬁgura
1818 3635 1866 3682 et
1896 3631 2077 3697 fui-ma

792 3699 1099 3760 Servatorix
1129 3705 1305 3757 nostri
1331 3702 1455 3757 Jesu
1486 3699 1711 3755 Christi.

499 3813 672 3869 Porro
704 3811 926 3883 elﬁgies
959 3812 1154 3867 forma:
1184 3809 1414 3865 Domini
1449 3808 1628 3863 nostri
1657 3806 1797 3863 Jesn
1834 3807 2074 3875 Christi,

429 3902 598 3958 sicuti
645 3919 676 3956 a
725 3901 1015 3956 veteribus
1046 3899 1399 3969 accepimus,
1450 3896 1586 3951 talis
1629 3896 2076 3969 prepemodum,

428 3996 719 4063 quatenus
751 4006 878 4045 eam
911 3989 1165 4044 crassius
1195 3987 1383 4041 verbis
1403 3984 1897 4056 comprehendere
1920 3983 2077 4049 licet,

426 4080 553 4134 fuit.
591 4079 825 4152 Egregie
856 4080 906 4134 is
944 4077 1247 4147 vividoque
1276 4076 1439 4131 vultu
1486 4075 1613 4129 fuit.
1648 4073 1919 4145 Corporis
1952 4078 2043 4127 sta
2067 4104 2079 4112 -

430 4172 555 4222 tura
603 4169 673 4221 ad
725 4167 953 4237 palmos
985 4182 1224 4239 prorsus
1264 4170 1509 4235 septem.
1541 4162 1836 4218 Casaricm
1874 4162 2079 4217 habuit

428 4258 769 4325 subﬂavam,
801 4274 865 4313 ac
898 4275 1011 4313 non
1044 4258 1358 4313 admodum
1405 4257 1666 4313 densam.
1701 4252 1910 4306 leniter
1939 4269 2081 4323 quo-

425 4346 730 4403 dammodo
760 4348 831 4402 ad
854 4348 1078 4418 crispos
1099 4346 1483 4401 declinantem
1511 4360 1523 4397 :
1551 4340 1866 4412 supercilia
1889 4339 2078 4410 nigra,

429 4454 543 4493 non
576 4437 816 4508 perinde
840 4436 1067 4491 inﬂexa.
1092 4436 1166 4491 Ex
1191 4434 1371 4491 oculis
1392 4433 1564 4488 fulvis
1584 4440 1638 4487 et
1661 4431 2083 4488 subﬂavescen-

429 4528 583 4582 tibus
615 4526 860 4581 mirifica
892 4525 1256 4598 prominebat
1284 4524 1473 4595 gratia
1501 4524 1600 4593 (1).
1629 4524 1799 4577 Acres
1824 4521 1863 4575 ii
1894 4528 2077 4587 erant,

429 4622 486 4673 et
516 4632 689 4671 nasus
721 4615 967 4686 longior.
1003 4614 1197 4669 Barba:
1230 4613 1477 4684 capillus
1506 4611 1711 4676 ﬂavus,
1748 4626 1852 4665 nec
1884 4610 2083 4664 admo-

430 4705 567 4760 dum
603 4704 918 4760 demissus.
942 4702 1157 4774 Capitis
1184 4718 1349 4771 porro
1381 4698 1619 4771 capillos
1650 4701 1784 4753 tulit
1816 4697 2079 4768 prolixio.

430 4812 542 4851 res.
576 4795 868 4851 Novacula
899 4795 1053 4849 enim
1086 4798 1256 4863 caput
1285 4792 1407 4861 ejus
1440 4807 1550 4845 non
1576 4787 1860 4852 ascendit,
1896 4801 2081 4857 neque

432 4901 638 4941 manus
653 4884 845 4956 aliqua
868 4882 1534 4952 hominis,praaterquam
1560 4878 1784 4946 matris,
1801 4877 1858 4931 in
1881 4882 2080 4931 tenera

429 4975 712 5028 duntaxat
757 4978 921 5027 aetate
960 4974 1107 5042 ejus.
1143 4969 1365 5026 Collum
1413 4968 1521 5022 fuit
1569 4966 1786 5022 sensim
1834 4964 2074 5030 declive,

430 5066 511 5120 ita
543 5071 603 5118 ut
636 5080 749 5119 non
801 5066 979 5118 arduo
1008 5072 1059 5117 et
1092 5066 1320 5116 extento
1351 5058 1598 5114 nimium
1632 5057 1889 5128 corporis
1923 5062 2073 5111 statu

430 5158 604 5209 esset.
635 5154 810 5207 Porro
859 5151 1029 5206 tritici
1075 5151 1327 5206 referens
1372 5149 1621 5204 colorem
1676 5147 1775 5219 (2),
1826 5161 1939 5201 non
1984 5160 2077 5199 ro-

502 5383 585 5472 ςί)
614 5383 756 5471 Ceq.
789 5400 914 5472 xu}
943 5383 1012 5439 de
1038 5381 1465 5472 Juda‘dicitur',‘
1485 5379 1727 5472 χαροποὶ
1752 5373 2075 5472 Δόφξοιλ-

435 5450 530 5525 μοὶ
564 5450 746 5509 ἀὐτοῦ
793 5454 888 5509 ἀπ’
913 5474 1082 5511 οινου.
1116 5455 1274 5510 Fulvi
1320 5454 1465 5509 oculi
1489 5450 1634 5525 '2:qu
1678 5450 2077 5525 a_vino.'_Fue-

431 5520 570 5598 runt
599 5535 653 5582 et
683 5528 929 5584 Domino
959 5526 1185 5583 Christo
1217 5525 1370 5598 oculi
1400 5520 1663 5598 χαροποί,
1686 5523 1744 5577 id
1765 5520 2077 5598 _e_st,_f_ulvi,

432 5594 925 5670 splendescentes,
977 5598 1227 5671 nigroris
1275 5591 1553 5653 habentes
1599 5593 1844 5667 aliquid.
1885 5591 2077 5649 Theo-

2817 3542 3072 3595 ΚΕΦΔΛ.
3116 3542 3201 3596 Μ’.

2186 3628 2347 3704 Περί
2381 3633 2506 3704 τῆλς
2538 3630 2651 3680 τοῦ
2685 3633 3003 3702 Σωτῆρος
3050 3631 3240 3703 ⁴ἡμῶν
3267 3631 3507 3704 ⁸Ἰηιιόὔ
3539 3631 3820 3704 Χριστοῦ

2288 3698 2697 3770 θεανδρικῆς
2733 3698 2998 3777 μορφης
3026 3698 3227 3756 τεκαὶ
3262 3698 3724 3762 διαπλάσεως.

2252 3807 2314 3862 Ἦ
2386 3804 2567 3878 μέντοι
2636 3802 2931 3869 διάπλασις
2994 3814 3094 3877 τῆς
3162 3814 3378 3887 μορφῆς
3464 3811 3565 3861 τοῦ
3641 3806 3824 3881 Κυρίου

2181 3896 2342 3967 ἡμῶν
2403 3897 2586 3964 Ἰησοῦ
2640 3901 2900 3971 Χριστοῦ,
2960 3898 3033 3960 ὡς
3084 3898 3135 3967 ἐξ
3181 3897 3427 3973 ἀρχαίων
3475 3900 3830 3974 παρειλήφ-

2185 4002 2304 4055 μεν,
2370 3982 2553 4038 τοιάδε
2618 4006 2722 4053 τις,
2790 3987 2867 4048 ὼς
2952 3985 3005 4040 ἐν
3072 3986 3226 4059 τύπῳ
3310 3984 3661 4061 περιλαϐεῖν,
3747 3986 3827 4052 ἦν.

2182 4076 2396 4147 Ὡραῖος
2447 4074 2542 4145 μὲν
2574 4074 2638 4142 ἦν
2680 4076 2778 4143 τήν
2819 4071 2943 4149 ὄψιν
2983 4072 3223 4154 σφόδρα⁶
3273 4078 3374 4146 τήν
3417 4096 3480 4150 γε
3535 4080 3658 4148 μήν
3707 4075 3836 4144 ἡλι-

2181 4160 2322 4229 κίαν,
2374 4160 2547 4216 ε’ίτουν
2608 4161 2924 4236 ἀναδρομὴν
2980 4168 3077 4219 τοῦ
3127 4166 3404 4239 σώματος,
3450 4167 3595 4220 ἑπτά
3646 4166 3833 4219 σπιθα-

2186 4256 2303 4323 μῶν
2334 4253 2399 4320 ἦν
2448 4252 2697 4322 τελείων,
2747 4252 3028 4324 ἐπίξανθον
3072 4253 3216 4329 ἔχων
3260 4255 3360 4323 τὴν
3406 4256 3587 4333 τρίχα
3634 4256 3726 4310 καὶ
3779 4252 3838 4308 οὐ

2182 4343 2321 4394 πάνυ
2380 4337 2617 4409 δασεῖαν,
2681 4341 2895 4414 μᾶλλον
2957 4345 3051 4416 μὲν
3100 4342 3191 4397 οὖν
3233 4345 3323 4398 καὶ
3371 4346 3509 4417 πρὸς
3554 4347 3627 4400 τὸ
3679 4343 3834 4399 οὖλον

2186 4431 2421 4503 μετρίως
2463 4451 2581 4492 πως
2646 4429 3071 4488 ἀποκλίνουσαν.
3142 4433 3419 4494 Μελαίνας
3488 4430 3545 4487 δὲ
3621 4456 3686 4509 γε
3754 4433 3843 4494 τὰς

2187 4518 2354 4593 ὀφρῦς
2385 4520 2522 4593 εἶχε,
2552 4519 2641 4573 καὶ
2676 4520 2737 4573 οὐ
2765 4521 2904 4575 πάνυ
2933 4519 3264 4596 ἐπικαμπεῖς
3286 4538 3304 4553 ’
3353 4522 3482 4583 τοὺς
3512 4520 3577 4576 δὲ
3631 4522 3844 4602 ὀφθαλ-

2188 4608 2322 4679 μοὺς
2393 4610 2674 4682 χαροπούς
2739 4631 2889 4672 τινας
2956 4612 3047 4665 καὶ
3118 4611 3299 4685 ἠρέμα
3375 4611 3846 4683 ἐπιξανθίζοντας.

2184 4696 2551 4775 Εὐόιρθαλμος
2592 4695 2641 4751 δ’
2696 4700 2761 4767 ἦν
2817 4698 2908 4753 καὶ
2968 4699 3202 4775 ἐπίῤῥιν.
3260 4701 3368 4770 Τὴν
3422 4702 3621 4773 μέντοι
3684 4703 3850 4776 τρίχα

2181 4791 2279 4840 τοῦ
2336 4788 2608 4862 πώγωνος
2658 4789 2853 4859 ξανθήν
2896 4809 3014 4842 τινα
3069 4790 3214 4867 εἶχε,
3266 4787 3355 4843 καὶ
3408 4787 3507 4843 οὐκ
3554 4791 3644 4853 εἰς
3707 4791 3848 4844 πολὺ

2186 4875 2532 4947 καθειμένην.
2593 4875 2944 4950 Μακροτέραν
3000 4874 3056 4930 δὲ
3113 4879 3213 4945 τὴν
3279 4879 3448 4951 τρίχα
3504 4884 3614 4946 τῆς
3681 4900 3849 4957 κεφα-

2188 4962 2289 5033 λῆς
2352 4962 2684 5041 περιέφερεν.
2745 4962 2881 5019 Οὐδέ
2938 4985 3070 5020 ποτε
3126 4967 3232 5039 γὰρ
3292 4966 3447 5039 ξυρὸς
3520 4964 3704 5038 ἂνέὄη
3766 4968 3848 5023 is?

2183 5052 2279 5120 τήν
2309 5051 2554 5129 κεφαλὴν
2604 5052 2789 5121 αὐτοῦ,
2839 5051 2965 5108 οὐδὲ
3012 5055 3141 5129 χεὶρ
3192 5055 3503 5129 ἀνθρώπου,
3554 5055 3728 5127 πλὴν
3754 5061 3850 5123 τῆς

2187 5142 2398 5218 μητρὸς
2457 5140 2621 5197 αὐτοῦ
2678 5144 3060 5214 νηπιάζοντος.
3125 5144 3332 5219 Ἥρὲμα
3400 5143 3707 5217 ἑπικλινὴς
3764 5150 3849 5202 τὸν

2186 5376 2361 5455 dorus
2394 5378 2545 5455 Casa
2588 5380 2767 5455 fulvos
2812 5380 2987 5455 vertit
3033 5381 3091 5438 in
3122 5381 3443 5455 Aristotele,
3475 5383 3582 5455 qui
3618 5383 3847 5441 leonem

2186 5449 2400 5527 oculos
2413 5449 2626 5527 habere
2654 5452 2891 5527 scripsit
2918 5454 3221 5527 χαίροι-τούς.

2257 5522 2331 5592 (2)
2364 5520 2443 5578 De
2468 5522 2663 5603 colore
2694 5520 2866 5603 tritici
2898 5520 3341 5603 maturescentia
3372 5528 3481 5603 hoc
3507 5526 3851 5603 intelligen-

2186 5592 2350 5661 dum,
2381 5594 2480 5666 qui
2512 5610 2646 5651 cum
2678 5595 2907 5653 modica
2934 5596 3228 5654 luscedine
3253 5597 3527 5654 rubescit.
