4084 6208
142 25 511 63 ήτᾙ-η-..τκ
550 26 735 37 vis

203 443 321 503 749

1230 446 1851 509 ECCLESIASTICE
1892 444 2290 508 HISTORIIE
2333 445 2485 506 LIB.
2531 445 2579 505 Ι.

3487 444 3608 505 750

208 576 436 651 αὐχένα,
495 578 572 639 ὡς
634 576 775 651 μηδὲ
851 578 989 633 πάνυ
1063 578 1247 655 ὄρθιον
1323 582 1413 635 καὶ
1487 582 1840 655 ἐντεταμένην

1975 583 2199 637 .undam
2232 584 2335 635 aut
2363 583 2593 635 acutam
2626 579 2831 636 habuit
2872 579 3100 645 faciem,
3133 579 3235 634 sed
3257 578 3446 651 qualis
3478 596 3611 634 ma-

208 660 355 743 ἔχεεν
414 667 514 734 τὴν
576 665 793 734 ἡλικίαν
848 671 946 721 τοῦ
989 669 1263 742 σώματος.
1300 671 1603 744 Σιτόχροος
1655 669 1730 738 δὲ,
1763 668 1853 723 καὶ

208 754 272 807 οὐ
324 753 674 831 στρογγύλην
747 753 895 830 ἔχων
970 757 1068 825 τὴν
1145 755 1267 830 ὄψιν
1351 757 1665 836 ἐτύγχανεν,
1724 757 1852 812 ἀλλ’

208 839 390 917 ὥσπερ
420 850 520 912 τῆς
574 845 779 917 μητρὸς
829 846 1004 900 αὐτοῦ
1055 847 1249 920 μικρὸν
1296 846 1855 916 ὑποκαταϐαίνουσαν,

209 930 397 1006 ὀλίγον
479 929 524 987 δ’
603 933 1139 1009 ἐπιφοινισσομὲνην,
1215 935 1340 990 ὅσον
1411 937 1721 1012 ὑποφαίνειν
1792 937 1855 990 τὸ

209 1019 403 1092 σεμνόν
459 1042 517 1075 τε
564 1023 653 1076 καὶ
700 1025 915 1078 συνετὸν
957 1027 1051 1079 τοῦ
1100 1024 1270 1093 ἤθους
1336 1026 1427 1080 καὶ
1482 1024 1713 1098 ἥμερον,
1765 1026 1851 1079 καὶ

205 1109 270 1163 τὸ
351 1111 591 1183 καθάπαξ
676 1112 967 1186 ἀόργητον.
1028 1114 1179 1170 Κατὰ
1260 1114 1433 1169 πάντα
1510 1112 1565 1168 δὲ
1641 1116 1706 1183 ἧν
1755 1112 1858 1187 ἐμ-

208 1199 382 1275 φερὴς
450 1202 519 1272 τῇ
605 1200 722 1272 Θείᾳ
795 1200 885 1256 καὶ
966 1201 1293 1276 πανασπίλῳ
1368 1201 1576 1258 ἐκείνου
1663 1202 1854 1278 μητρί.

206 1290 387 1342 Ταῦτα
442 1288 535 1359 μὲν
592 1287 644 1343 ἐν
694 1293 933 1353 τούτοις.
967 1290 1217 1365 Περιέχει
1273 1288 1331 1345 δὲ
1379 1293 1414 1361 ἡ
1462 1291 1707 1363 παροῦσά
1765 1311 1857 1365 μοι

204 1376 405 1448 πρώτη
463 1382 569 1431 τῶν
622 1376 876 1452 ἱστοριῶν
927 1379 1128 1453 χρόνον
1174 1378 1308 1434 ἐτῶν
1354 1384 1521 1450 τριῶν
1580 1381 1716 1453 πρὸς
1789 1378 1859 1448 λ’,

208 1463 486 1540 ἀρξαμένη
551 1466 644 1539 μὲν
734 1467 840 1522 ἀπὸ
921 1472 1011 1523 τοῦ
1090 1473 1520 1545 τεσσαρακοστοῦ
1606 1466 1860 1542 δευτέρου

205 1550 363 1617 ἔτους
405 1562 505 1624 τῆς
560 1556 868 1631 μοναρχίας
919 1557 1230 1632 Αὐγούστου
1281 1559 1570 1632 Καίσαρος,
1606 1557 1712 1627 ἤδη
1755 1556 1860 1627 λή-

203 1664 415 1717 γοντος,
474 1646 563 1698 ὅτε
620 1644 710 1698 καὶ
770 1646 798 1699 ὁ
856 1646 1050 1720 Κύριος
1129 1650 1290 1721 ἡμῶν
1350 1649 1562 1718 Ἰησοῦς
1623 1648 1860 1722 Χριστὸς

211 1736 346 1806 μετὰ
408 1733 605 1807 σαρκὸς
680 1731 740 1787 ὲκ
810 1741 910 1804 τῆς
980 1736 1134 1811 ἁγίας
1216 1736 1467 1812 προῆλθε
1543 1736 1858 1810 Παρθένων

206 1821 558 1891 καταλτξξασα
610 1821 668 1876 δὲ
716 1820 845 1898 ἄχρι
892 1825 983 1879 καὶ
1038 1823 1136 1881 τοῦ
1186 1823 1656 1881 ἐννεακαιδεκάτου
1707 1824 1858 1886 ἔτους

205 1908 461 1985 Τιϐερίου
554 1911 817 1986 Καίσαρος
898 1911 1008 1983 ἤδη
1102 1914 1565 1990 καταρχομένου·

1967 673 2070 726 tris
2100 672 2224 740 ejus
2255 674 2394 739 erat,
2429 668 2653 738 paulum
2694 670 2961 725 deorsum
2993 685 3220 725 versum
3254 674 3610 741 vergentem,

1967 776 2031 813 ac
2063 759 2286 814 modice
2318 758 2700 813 rubicundam
2735 774 2749 812 :
2780 756 3116 829 gravitatem
3159 760 3332 827 atque
3364 757 3613 827 pruden-

1966 851 2106 905 tiam
2146 865 2281 903 cum
2310 848 2559 918 Llenitate
2606 849 2999 918 coniunctam,
3041 847 3613 919 placabilitatemque

1966 938 2276 993 iracundia:
2329 940 2618 1009 expertem
2660 954 2778 1008 pra)
2836 954 2897 993 se
2947 938 3245 991 ferentem.
3291 933 3611 990 Persimilis

1969 1027 2218 1098 denique
2240 1044 2337 1099 per
2367 1027 2563 1082 omnia
2612 1026 2719 1081 fuit
2748 1026 2954 1081 divinae
2985 1030 3043 1080 et
3072 1025 3461 1079 immaculata:
3491 1040 3609 1079 sure

1970 1116 2264 1172 Gcnitrici.
2320 1122 2399 1172 Ac
2448 1117 2566 1171 haec
2597 1115 2830 1187 quidem
2868 1115 3167 1171 hactenus.
3200 1112 3614 1185 Complectitur

1972 1210 2164 1259 autem
2195 1206 2415 1276 primus
2456 1205 2550 1261 hic
2581 1204 2953 1260 historiarum
2989 1202 3134 1258 liber
3164 1218 3346 1257 annos
3378 1201 3619 1274 triginta

1970 1297 2109 1359 tres,
2145 1293 2312 1349 initio
2364 1297 2598 1365 sumpto
2634 1310 2667 1348 a
2697 1292 3141 1364 quadragesimo
3191 1291 3442 1347 secundo
3496 1295 3617 1344 Au-

1971 1384 2127 1455 gusti
2159 1383 2400 1439 Caesaris
2432 1384 2553 1454 jam
2608 1383 2967 1439 senescentis
3017 1380 3244 1452 imperii
3292 1396 3467 1448 anno,
3501 1396 3619 1451 quo

1975 1473 2253 1528 Dominus
2315 1479 2509 1528 noster
2575 1472 2744 1528 Jesus
2807 1472 3073 1527 Christus
3131 1485 3264 1525 cum
3324 1485 3495 1525 carne
3554 1485 3622 1524 ex

1971 1571 2171 1618 sancta
2204 1561 2483 1634 processit
2512 1560 2748 1631 Virgine
2781 1576 2794 1617 :
2845 1560 2959 1615 ﬁne
3009 1562 3200 1615 autem
3234 1559 3292 1613 in
3326 1557 3618 1614 decimum

1971 1668 2190 1707 nonum
2223 1651 2300 1721 (l)
2333 1649 2550 1705 Tiberii
2583 1649 2825 1704 Cmsaris
2860 1647 3198 1718 imperantis
3229 1664 3448 1702 annum
3474 1646 3620 1701 desi-

1972 1745 2163 1796 nente.
2212 1740 2313 1812 qui
2351 1739 2584 1810 Quidcm
2618 1756 2651 1794 a
2685 1738 2900 1793 mundo
2930 1736 3161 1793 condito
3193 1736 3270 1807 (2)
3304 1736 3622 1807 quinquies

1972 1828 2317 1885 millesimus
2348 1827 2854 1900 quingentesimus
2880 1825 3212 1881 tricesimus
3244 1842 3491 1893 nonus,a
3521 1842 3621 1879 na-

1629 1917 1868 1985 ὁπηνίκα
1901 1903 1947 1967 Β
1980 1918 2202 1972 livitatc
2243 1922 2434 1972 autem
2472 1916 2697 1972 Domini
2731 1915 3059 1971 tricesimus
3089 1914 3289 1969 tertius
3320 1913 3425 1967 fuit
3447 1913 3549 1985 (3).

206 2001 421 2073 κόσμου
503 2002 600 2073 μὲν
659 1997 779 2066 ἔτος
842 2003 1040 2079 ,εφλθ’,
1097 2004 1204 2060 ἀπὸ
1280 2004 1336 2060 δὲ
1411 2013 1510 2076 τῆς
1589 2005 1735 2066 θείας
1811 2009 1907 2061 τοῦ
1986 2008 2186 2081 Κυρίου
2271 2007 2573 2080 γεννήσεως
2650 2004 2831 2079 τρίτον
2912 2004 3047 2077 πρὸς
3130 2007 3250 2063 τοῖς
3333 2002 3625 2075 τριάκοντα

206 2090 544 2165 ἐπεραίνετο.

278 2289 360 2359 (l)
396 2288 776 2365 Nicephorus,
809 2294 983 2365 atque
1022 2289 1119 2346 alii
1154 2290 1354 2365 itidem
1404 2296 1685 2365 unctores,
1733 2311 1866 2365 pas-

210 2359 437 2415 sicut-in
473 2361 692 2416 Christi
719 2361 858 2416 Jesu
890 2359 1208 2417 Salvatoris
1240 2364 1445 2432 nostri,
1482 2364 1540 2418 in
1572 2359 1864 2420 decimum

213 2448 435 2486 nonum
473 2433 811 2509 imperantis
848 2434 1332 2509 Tiberii‘annum
1385 2437 1645 2490 referunt
1687 2452 1699 2490 :
1751 2454 1865 2509 quo

210 2519 367 2557 anno
398 2503 672 2559 consules
707 2508 861 2558 fuere
892 2504 1022 2559 Fur.
1059 2504 1285 2560 Camill.
1319 2508 1598 2561 Aruntius
1648 2503 1867 2562 Scri‘ho-

211 2575 450 2647 nianus.
470 2585 534 2647 et
565 2575 667 2629 Cu.
694 2577 974 2629 Domitius
997 2576 1383 2631 rEnobarbus.
1402 2581 1473 2631 At
1509 2580 1862 2647 Lactantius,

209 2646 391 2721 (nuit.
445 2645 621 2721 divin.
681 2647 779 2721 lib.
834 2663 907 2721 Iv,
950 2648 1190 2721 Tiberii,
1224 2650 1433 2718 inquit,
1492 2668 1644 2704 anno
1686 2645 1866 2721 quin;

208 2719 470 2779 decimo,
502 2719 555 2770 id
589 2724 698 2783 est,
747 2720 976 2774 duobus
1020 2719 1284 2774 Geminis
1328 2719 1864 2790 consulibus,‘ante

207 2791 371 2861 diem
403 2793 709 2857 septimum
735 2790 1355 2861 Cal.Aprilium,Judtei
1387 2791 1683 2846 Christum
1707 2794 1864 2847 cruci

207 2860 543 2914 afﬁxerunt.
584 2861 813 2923 ,Eorum
863 2860 1169 2916 censulum
1230 2863 1453 2931 integra
1481 2864 1717 2917 nomina
1748 2864 1866 2918 fue-

210 2947 344 2987 runt
376 2948 390 2984 :
422 2938 481 2984 υ.
518 2932 817 2986 Rubellius
840 2934 1138 2997 Geminus,
1158 2944 1210 2987 et
1240 2934 1300 2989 C.
1325 2934 1534 2987 Fusius
1560 2934 1862 2990 Geminus.

214 3004 551 3057 Lactantius
589 3004 927 3059 Tertulliani
976 3007 1330 3059 sententiam
1362 3012 1450 3058 est
1479 3012 1736 3069 secutus,
1772 3024 1866 3061 cu-

206 3076 309 3143 jus
342 3076 465 3129 haac
498 3078 666 3129 verba
691 3083 826 3129 sunt
871 3077 926 3129 in
963 3075 1066 3130 lib.
1124 3075 1392 3131 Adversus
1419 3078 1630 3131 Iudaeos
1657 3095 1676 3131 :
1700 3100 1727 3128 «
1762 3079 1863 3131 Ti-

210 3146 358 3199 berii
376 3146 807 3216 quiutotlccimo
833 3148 1226 3216 annoimperii
1247 3164 1452 3215 passus
1477 3148 1862 3216 estChristus,

211 3233 403 3271 annos
461 3217 679 3271 habens
711 3220 879 3288 quasi
929 3219 1017 3285 30,
1049 3233 1183 3290 cum
1234 3225 1549 3290 pateretur,
1582 3225 1691 3274 etc.
1725 3221 1862 3284 Quae

212 3293 408 3360 passio
443 3292 689 3356 perfecta
720 3296 810 3343 est
857 3292 965 3343 sub
1011 3288 1251 3343 Tiberio
1288 3291 1526 3357 Caesare,
1560 3307 1711 3345 coss.
1750 3293 1863 3346 ltu-

212 3359 390 3415 bellio
423 3361 682 3424 Gemino,
737 3367 794 3414 et
845 3360 1053 3415 Rutino
1093 3360 1358 3425 Gemino,
1398 3378 1595 3417 mense
1639 3363 1859 3429 Martio,

213 3432 578 3501 temporibus
636 3431 883 3499 Paschm,
957 3434 1047 3487 die
1113 3440 1315 3487 octavo
1365 3434 1484 3487 Cal.
1533 3435 1715 3504 April.
1771 3436 1863 3489 die

212 3505 405 3571 prima
426 3505 770 3574 Azyruorum
796 3520 809 3557 :
832 3519 946 3574 quo
980 3518 1196 3573 agnum
1232 3509 1292 3558 ut
1320 3504 1649 3560 occiderent
1677 3507 1747 3560 ad
1774 3522 1865 3560 ve-

213 3589 473 3644 speram,
500 3591 534 3627 a
569 3572 724 3629 Moss
757 3572 944 3629 fuerat
967 3572 1335 3644 praeceptum.
1372 3596 1401 3624 »

283 3645 365 3716 (2)
402 3645 504 3699 Hic
539 3645 681 3718 mihi
743 3648 994 3715 ingenue
1052 3647 1343 3701 fatendum
1366 3652 1473 3712 est,
1498 3663 1633 3701 cum
1657 3646 1861 3718 ingen-

214 3720 329 3770 tem
365 3732 489 3770 esse
516 3717 767 3771 viderem
786 3720 931 3772 inter
961 3729 1176 3772 veteres
1199 3722 1256 3772 et
1278 3733 1455 3773 novos
1477 3719 1862 3788 chronologos

211 3794 269 3840 et
298 3793 629 3857 temporum
691 3788 1088 3844 observatores
1129 3789 1576 3847 dissonantium,
1610 3791 1781 3843 annis
1831 3806 1865 3843 a

215 3858 450 3911 condito
498 3860 717 3913 mundo
761 3861 1053 3923 notandis,
1115 3876 1206 3914 me
1254 3859 1311 3912 in
1345 3859 1644 3929 Nicephori
1684 3860 1863 3915 nostri

219 3929 430 3998 prioris
462 3929 731 3984 editionis
784 3933 948 3985 libris
989 3932 1204 4001 ubique
1244 3930 1402 3984 mille
1446 3948 1629 3985 annos
1658 3933 1862 3985 detra-

213 4000 392 4065 xisse,
444 4010 501 4055 ut
550 4004 767 4057 notatio
823 4008 949 4072 ejus
1016 4013 1069 4057 et
1110 4000 1470 4072 computatio
1515 4004 1754 4073 propius
1791 4005 1861 4057 ad

1976 2292 2361 2349 recentiorum
2393 2308 2543 2364 quas
2572 2308 2601 2346 e
2624 2290 2803 2347 sacris
2843 2290 3056 2364 Bibliis
3082 2292 3429 2361 acceperunt
3459 2290 3625 2364 ratio-

1979 2381 2081 2421 nes
2112 2362 2430 2421 accederet.
2464 2364 2572 2419 Sed
2608 2364 2665 2418 in
2698 2362 3014 2432 posteriore
3044 2362 3155 2417 ista
3186 2368 3243 2416 et
3271 2363 3625 2419 accuratiore

1974 2438 2249 2501 editione,
2283 2436 2549 2491 millenos
2595 2451 2691 2490 eos
2721 2450 2906 2489 annos
2936 2434 3152 2504 ubique
3184 2432 3434 2504 restitui,
3462 2434 3538 2488 ita
3560 2440 3624 2490 ut

1978 2510 2037 2562 in
2067 2508 2263 2563 Graeco
2313 2507 2627 2577 exemplari
2667 2506 2888 2575 positos
2920 2503 3127 2574 reperi.
3173 2503 3300 2577 Ij‘eci
3332 2504 3386 2556 id
3416 2520 3489 2577 ea
3524 2522 3620 2574 po-

1920 2581 2268 2633 rtissimum
2302 2575 2588 2632 adductus
2630 2579 2871 2640 ratione,
2902 2578 3056 2646 quod
3090 2582 3145 2629 et
3178 2575 3531 2630 Lactantium
3564 2584 3623 2631 et

1978 2652 2373 2721 Augustinum
2404 2650 2659 2704 viderem
2693 2649 3016 2721 scripsisse,
3049 2652 3215 2721 agtate
3244 2662 3446 2721 eorum
3487 2664 3623 2721 sex-

1976 2718 2100 2775 tum
2150 2722 2355 2776 mundi
2432 2718 2827 2776 millenariam’
2861 2718 3208 2775 cucurrisse.
3262 2718 3617 2787 Lactantius,

1975 2792 2076 2847 lib.
2111 2794 2273 2847 Instit
2301 2809 2403 2861 vn,
2436 2809 2563 2864 cap.
2598 2794 2664 2847 14
2698 2808 2711 2846 :
2745 2789 3048 2864 «Sciant,
3096 2789 3305 2860 inquit,
3334 2789 3624 2864 __p_hiloso-

1976 2864 2095 2933 phi,
2126 2865 2225 2935 qui
2252 2864 2324 2919 ab
2352 2859 2585 2919 exordio
2631 2862 2834 2917 mundi
2879 2859 3225 2935 saeculorum
3270 2859 3452 2916 millia
3480 2878 3622 2917 enu-

1976 2932 2225 3000 merant,
2257 2935 2788 2998 nondumisextum
2834 2932 3210 2988 millesimum
3245 2949 3465 2987 annum
3496 2949 3623 2988 esse

1975 3006 2342 3066 conclusum.
2376 3023 2491 3077 quo
2521 3022 2765 3062 numero
2805 3005 3029 3075 expleto
3058 3005 3622 3061 consummationem

1975 3077 2099 3132 fieri
2132 3094 2362 3134 necesse
2392 3083 2496 3138 est,
2541 3085 2598 3133 et
2628 3078 3018 3132 humanarum
3065 3090 3262 3129 rerum
3306 3080 3526 3130 statum
3559 3077 3619 3131 in

1974 3148 2185 3203 melius
2217 3150 2538 3205 reformari.
2570 3169 2601 3202 υ
2633 3151 2884 3219 August.
2928 3149 3001 3201 De
3038 3145 3187 3219 civit.
3218 3145 3321 3219 lib:
3354 3162 3448 3214 xx,
3482 3164 3529 3201 c.
3562 3149 3618 3211 7,

1973 3222 2042 3274 de
2075 3221 2230 3275 mille
2260 3221 2430 3275 annis
2462 3217 2881 3291 Apocalypseos
2922 3218 3207 3291 scribens,
3239 3239 3269 3267 «
3297 3217 3357 3271 ln
3393 3219 3620 3274 ultimis

1974 3293 2164 3362 inquit
2185 3293 2359 3347 annis
2391 3293 2568 3358 mille,
2602 3289 2836 3347 ista'res
2854 3290 3068 3359 agitur,
3108 3289 3166 3362 id
3197 3294 3305 3348 est.
3338 3296 3497 3362 sexto
3519 3308 3622 3346 an-

1975 3360 2182 3418 norum
2228 3364 2520 3429 milliario,
2567 3372 2850 3434 tanquam
2902 3367 3062 3415 sexto
3103 3360 3213 3427 die,
3260 3361 3436 3434 cujus
3468 3379 3624 3434 nunc

1975 3437 2164 3505 spatia
2197 3436 2521 3504 posteriora
2573 3432 2904 3498 volvuntur,
2937 3436 3209 3505 secuturo
3238 3432 3449 3486 deinde
3479 3433 3624 3489 Sab-

1973 3506 2126 3571 bato,
2161 3505 2317 3576 quod
2357 3523 2471 3562 non
2526 3507 2697 3562 habet
2744 3520 3065 3576 vesperam.
3120 3522 3145 3553 α
3180 3504 3224 3557 Α
3255 3520 3369 3573 qua
3400 3506 3623 3561 ratione

1973 3593 2086 3631 non
2122 3575 2368 3632 multum
2420 3582 2717 3634 annotatio
2748 3575 3052 3644 Nicephori
3085 3589 3370 3629 annorum
3416 3578 3621 3631 mundi

1974 3649 2283 3715 discrepat.

2044 3720 2121 3789 (3)
2170 3719 2451 3775 Neoterici
2499 3720 2838 3787 chronologi
2890 3716 3205 3789 admodum
3252 3733 3285 3771 a
3331 3722 3623 3777 veteribus

1975 3789 2327 3873 discrepant.
2360 3791 2615 3855 Quorum
2664 3792 2907 3873 quidam
2959 3788 3113 3873 hunc
3162 3795 3623 3873 annum_mundi

1973 3862 2491 3987 conditioptjnsent
2546 3862 2698 3921 esse’
2747 3864 2907 3919 3995.
2958 3865 3253 3920 Teodorus
3292 3864 3628 3921 Bibliander

1977 3948 2116 3987 non:
2324 3977 2338 3987 .

1977 3948 2149 4003 ponit
2176 3948 2338 3988 qun.
