4084 6208
431 334 545 399 75!

1720 338 1772 399 Ν
1776 337 2141 401 ICEPHORl
2184 337 2541 400 CALLISTI

637 489 3662 518 ,ΜΨ-..Ἠ

3723 349 3866 408 752

3663 505 3858 520 -W

703 689 2108 861 ΝΙΚΗΦΟΡΟΥ
2224 692 3578 871 ΚΑΛΛΙΣΤΟΥ

1892 957 2386 1009 ΧΔΝΘΟΠΟΥΛΟΥ

891 1119 2458 1254 ΕΚΚΑΗΣΙΑΣΤΙΚΗΣ
2521 1105 3384 1260 ἸΣΤΟΡΙΑΣ

1804 1353 2228 1452 ΤΟΜΟΣ
2317 1358 2459 1458 B’.

1092 1540 2198 1844 NICEPHORl
2277 1679 3177 1848 CALLISTI

1878 1949 2384 2013 XANTHOPULI

883 2126 2312 2258 ECCLESIASTICZE
2467 2127 3382 2253 HISTORIA]

1838 2355 2234 2446 TOMUS
2315 2357 2416 2441 ΙΙ.

1012 2707 1050 2762 Ι
1065 2706 1188 2764 30
1206 2705 1441 2764 CAPUT
1467 2707 1513 2762 Ι.

441 2817 506 2874 Ut
531 2823 652 2888 post
699 2815 1072 2888 ascensionem
1119 2814 1361 2888 Domini
1389 2810 1641 2888 Muttinis;
1688 2825 1785 2881 pro
1823 2807 1961 2864 Juda
2019 2808 2080 2862 in

505 2884 805 2944 numerum
833 2885 1119 2942 duodecim
1155 2886 1523 2957 apostolorum
1548 2884 1625 2938 sit
1651 2889 1952 2952 cooptatus.

509 3065 702 3123 Primo
731 3065 903 3133 libro,
932 3082 1059 3137 quas
1117 3081 1265 3137 opus
1297 3065 1426 3129 fuit,
1466 3066 1536 3120 de
1567 3063 1732 3118 Verbi
1759 3062 2082 3130 divinitate,

439 3159 497 3213 et
523 3155 796 3212 doctrina
846 3153 1186 3210 Christianas
1220 3153 1628 3224 antiquissima
1657 3151 1900 3222 origine,
1929 3150 2084 3222 quod

437 3243 700 3301 videlicet
761 3243 1092 3298 institutum
1149 3259 1218 3296 ex
1271 3241 1605 3312 prmscriplo
1665 3239 1958 3309 Evangelii
2008 3239 2086 3293 vi-

437 3331 632 3398 vendi,
660 3348 774 3388 una
829 3347 962 3386 cum
994 3331 1122 3402 ipso
1174 3331 1390 3386 mundo
1443 3329 1681 3394 exstitit,
1720 3346 1752 3384 a
1800 3329 2087 3385 veteribus

440 3423 558 3480 Deo
609 3423 840 3478 dilectis
883 3422 1244 3487 hominibus,
1294 3421 1462 3492 quasi
1521 3437 1622 3492 per
1650 3421 1920 3476 umbram
1975 3420 2084 3473 fre-

441 3515 783 3586 quentatum
819 3529 832 3566 :
865 3516 1140 3583 prmterea
1191 3512 1344 3583 quod
1369 3509 1799 3582 'appellationes
1833 3513 2088 3563 Servato-

441 3602 524 3659 ris
553 3601 738 3658 nostri
769 3601 828 3656 in
875 3616 1148 3671 magnum
1181 3599 1506 3671 antiquitus
1540 3597 1752 3654 fuerint
1786 3598 2084 3664 honorem,

441 3697 497 3745 et
527 3690 816 3762 quomodo
844 3690 1182 3744 Judsaorum
1224 3704 1466 3760 regnum
1491 3690 1624 3758 Ejam
1657 3687 1789 3742 inde
1821 3689 1892 3741 ab
1925 3685 2088 3740 initio

442 3779 515 3835 ad
550 3778 829 3834 Herodem
889 3794 1071 3849 usque
1101 3777 1180 3833 sit
1225 3776 1536 3832 deductum
1572 3794 1586 3832 :
1638 3780 1756 3834 tum
1791 3780 1982 3830 autem
2020 3775 2089 3828 de

440 3871 806 3942 apparitione
840 3873 897 3925 et
925 3869 1234 3940 praesentia
1263 3869 1578 3922 Servatoris
1625 3866 1837 3923 Christi
1885 3867 1943 3921 in
1974 3871 2092 3919 ter-

441 3959 540 4028 ris,
571 3958 865 4029 simulque
893 3959 966 4014 de
993 3959 1112 4014 vita
1144 3963 1200 4012 et
1221 3957 1508 4013 institutis
1539 3959 1668 4029 ejus
1703 3972 1716 4010 :
1751 3956 1990 4025 insuper
2018 3955 2090 4009 de

2099 2535 2176 2555 ﬁ

2110 2699 2170 2768 Α

2823 2706 3082 2760 ΚΕΦΔΛ.
3123 2709 3169 2762 Α
3189 2750 3202 2762 .

2191 2809 2291 2897 Ὠς
2331 2807 3488 2897 perdi-ri)!106.Kup_ioo“dv‘élnqn‘v
3541 2815 3860 2897 Ματθίας

2263 2879 2402 2932 ἂντὶ
2474 2879 2696 2954 Ἰο-ύδα
2759 2879 2849 2954 τῷ
2911 2879 3041 2938 τ’ῶν
3109 2879 3862 2942 δώδεκα’ἀποστόλων

2263 2951 2778 3031 συγκατελέχθη
2821 2951 3027 3028 χορῷ.

2263 3053 2400 3126 ’ἰδίᾳ
2459 3059 2552 3130 μὲν
2613 3056 2704 3112 οὖν
2763 3059 2860 3114 ὅσα
2914 3062 2963 3136 γ’
3020 3059 3190 3136 ἐχρῆν
3241 3063 3364 3138 περί
3419 3084 3480 3118 τε
3554 3063 3860 3140 θεολογίας

2192 3145 2282 3198 καὶ
2337 3153 2438 3212 τῆς
2496 3147 2866 3220 ἀρχαιότητος
2922 3153 3020 3204 τοῦ
3075 3153 3194 3204 καθ’
3225 3155 3373 3223 ἡμᾶς
3416 3149 3735 3226 δόγματος⁶
3771 3150 3858 3210 ἔτι

2195 3231 2252 3286 δὲ
2308 3235 2382 3294 ὡς
2433 3235 2740 3314 σ·5γχρονος
2788 3238 2855 3306 ἦν
2907 3241 2938 3306 ἡ
2985 3239 3122 3294 κατά
3168 3241 3232 3293 τὸ
3284 3239 3629 3316 Εὗαγγέλιον
3677 3243 3862 3297 πολι-

2192 3321 2308 3376 τεία
2354 3328 2434 3396 τῷ
2467 3327 2682 3398 κόσμῳ,
2714 3327 2858 3394 παρά
2897 3331 3006 3382 τῶν
3051 3326 3220 3382 πάλαι
3270 3326 3519 3392 σκιωδῶς
3567 3331 3858 3405 θεοφιλῶν

2197 3412 2553 3488 ἐνεργουμένη
2602 3413 2844 3484 ἀνδρῶν’
2877 3415 2968 3470 καὶ
3013 3417 3088 3480 ὡς
3135 3419 3190 3470 αἱ
3239 3415 3464 3488 κλήσεις
3511 3423 3608 3474 τοῦ
3649 3427 3860 3490 Σωτῆ-

2197 3521 2290 3577 ρος
2348 3505 2508 3575 ἡμῶν
2558 3500 2630 3557 δι’
2677 3501 2860 3567 αἰδοῦς
2908 3503 3113 3582 ἤγοντο
3155 3506 3386 3568 καὶτοῖς
3419 3505 3686 3571 παλαιοῖς
3711 3529 3726 3542 ·
3759 3513 3863 3564 καὶ

2194 3593 2319 3665 περί
2401 3599 2500 3660 τῆς
2577 3590 2775 3646 ἄνωθεν
2861 3592 2914 3656 ἒς
2994 3595 3158 3649 αὐτὸν
3215 3593 3471 3668 Ἡρώδην
3544 3598 3856 3668 κατιούσης

2196 3680 2417 3758 ἀρχῆς’
2477 3681 2559 3734 ναὶ
2623 3683 2730 3754 μὴν
2787 3683 2877 3736 καὶ
2934 3683 3058 3758 περὶ
3112 3690 3214 3753 τῆς
3271 3684 3348 3746 εἷς
3395 3691 3498 3760 γῆν
3529 3684 3850 3763 ἐπιφανείας

2197 3775 2292 3825 τοῦ
2351 3776 2612 3844 Σωτῆρος
2669 3776 2926 3846 Χριστοῦ,
2955 3779 3056 3841 τῆς
3111 3794 3167 3827 τε
3223 3771 3508 3837 πολιτείας
3559 3775 3650 3830 καὶ
3711 3777 3850 3851 ἀγω·

2196 3861 2320 3932 γῆς,
2364 3861 2452 3913 καὶ
2498 3867 2598 3928 τῆς
2641 3864 2751 3916 τῶν
2799 3860 3119 3916 ἀποστόλων
3165 3859 3418 3938 ἐκλογῆς,
3482 3863 3549 3917 οὗ
3621 3865 3736 3937 μὴν
3791 3860 3848 3919 δὲ

2195 3948 2342 4004 ἀλλά
2396 3949 2486 4004 καὶ
2544 3951 2666 4026 περὶ
2721 3955 2820 4006 τοῦ
2897 3953 3298 4026 βαπτίσματος,
3355 3953 3450 4008 καὶ
3518 3957 3622 4008 τοῦ
3697 3955 3840 4008 θείου

440 4047 837 4120 apostolorum
869 4049 1168 4115 electione,
1230 4048 1300 4102 de
1359 4046 1674 4118 baptismo,
1726 4044 1922 4100 divina
1953 4061 2088 4113 pas-

2203 4039 2402 4101 πάθους
2459 4040 2646 4110 αὐτοῦ,
2679 4040 2768 4094 καὶ
2825 4047 2926 4110 τῆς
2981 4043 3339 4110 ἀναστάσεως,
3389 4041 3479 4096 καί
3547 4041 3627 4105 εἷς
3683 4041 3836 4116 οὐρα-

441 4138 627 4204 sione,
658 4137 1096 4204 resurrectione,
1129 4142 1188 4194 et
1235 4136 1420 4192 reditu
1452 4137 1579 4206 ejus
1610 4135 1668 4190 in
1703 4133 1896 4201 caelos,
1929 4132 2089 4188 deni-

2203 4129 2327 4191 νοὺς
2377 4129 2529 4192 αὖθις
2585 4127 2778 4185 ἀνόδου
2824 4129 3020 4186 τούτου
3081 4133 3170 4186 καὶ
3226 4130 3730 4199 ἄποκαταστάσεως,
3781 4131 3836 4187 ὲν

441 4241 554 4298 que
591 4227 662 4281 de
709 4225 1073 4282 restitutione
1105 4226 1308 4281 mundi
1355 4224 1754 4296 eaposuimus.
1807 4222 2092 4294 Deinceps

439 4329 506 4369 ea
534 4329 658 4384 quae
691 4317 824 4384 post
852 4311 1254 4368 ascensionem
1287 4312 1606 4366 Servatoris
1635 4316 1765 4364 acta
1802 4309 1942 4377 sint,
1971 4309 2094 4365 bre-

439 4401 585 4458 viter
614 4417 1044 4473 percurramus,
1097 4400 1268 4456 rebus
1299 4399 1693 4471 apostolorum
1747 4398 1927 4469 gestis
1956 4415 2092 4452 sua-

439 4491 588 4548 viter
617 4492 1017 4558 immorantes,
1051 4491 1286 4546 ubinam
1319 4495 1375 4545 et
1398 4489 1690 4561 quomodo
1722 4487 2084 4542 salutiferam

436 4580 692 4638 Verbum
725 4596 825 4649 per
857 4578 1230 4634 habitabilem
1264 4579 1462 4634 orbem
1496 4576 1870 4641 increbuerit,
1909 4592 2092 4648 qua-

437 4669 577 4726 libet
600 4669 776 4726 etiam
801 4668 1270 4739 uniuscujusque
1299 4683 1500 4724 eorum
1525 4682 1626 4737 per
1655 4665 1938 4737 Spiritum
1965 4664 2093 4720 effe-

438 4761 660 4817 ctiones
689 4765 748 4816 et
774 4775 968 4834 opera,
1028 4763 1087 4815 et
1115 4774 1286 4830 quem
1317 4759 1563 4830 quisque
1619 4759 1746 4811 vitae
1780 4755 1951 4811 ﬁnem
1986 4755 2092 4809 ba-

435 4849 648 4920 buerit,
693 4864 910 4922 quasve
939 4865 1009 4906 ex
1039 4849 1312 4920 gentibus
1360 4847 1726 4902 constituerit
1773 4843 2089 4911 Ecclesiae;

437 4946 730 5013 postremo
753 4940 968 5012 quibus
999 4937 1317 4994 {unctionis
1339 4954 1458 4992 suae
1482 4935 1565 4991 illi
1589 4933 1930 5006 reliquerint
1957 4949 2092 4990 suc-

438 5027 752 5086 cessiones.
786 5028 976 5100 anue
1006 5027 1219 5098 partim
1253 5041 1321 5081 ex
1354 5025 1566 5080 divinis
1598 5023 1824 5080 Liileris
1855 5021 2092 5092 collige-

434 5133 588 5184 mus,
625 5116 834 5187 partim
867 5133 936 5172 ex
966 5115 1098 5171 aliis
1117 5114 1435 5182 historicis,
1469 5119 1533 5168 ut
1570 5127 1697 5168 sese
1736 5109 1897 5166 I3I
1934 5110 2094 5180 quis-

435 5223 549 5281 que
580 5206 746 5263 locus
775 5205 956 5273 dabit,
991 5205 1320 5261 aﬁ'eremus.
1373 5203 1574 5274 Itaque
1622 5201 1770 5258 sacri
1824 5205 1882 5256 et
1911 5199 2090 5255 divini

437 5295 710 5370 apostoli,
743 5311 876 5352 eum
909 5311 980 5350 ex
1025 5298 1220 5350 monte
1251 5292 1457 5349 Oliveti
1479 5292 1540 5348 in
1575 5291 1814 5347 domum
1845 5289 2092 5345 Joannis

437 5385 804 5458 evangelista
863 5384 932 5440 ad
964 5383 1101 5440 Sion
1161 5382 1332 5438 sitam
1363 5381 1488 5454 (ubi
1519 5395 1748 5452 quoque
1795 5378 1892 5435 Dei
1925 5377 2092 5434 Geni-

2197 4225 2278 4292 τῷ
2335 4223 2538 4294 πρώτῳ
2586 4219 2938 4295 διεξήλθομεν
2987 4222 3166 4294 τόμῳ.
3206 4222 3364 4292 Ἑξῆς
3416 4218 3465 4276 δ’
3513 4222 3576 4276 ἃν
3633 4220 3722 4293 εἴη
3777 4221 3849 4277 τὶ

2205 4309 2339 4382 μετά
2383 4311 2481 4378 τὴν
2543 4308 2814 4384 ἀνάληψιν
2876 4315 2974 4365 τοῦ
3033 4316 3292 4385 Σωτῆρος
3349 4311 3678 4386 γεγενημένα
3729 4332 3846 4366 συν-

2201 4399 2462 4470 τεμόντας
2520 4395 2862 4474 διαδραμεῖν,
2921 4401 3149 4474 Πράξεσι
3197 4403 3306 4454 τῶν
3365 4399 3699 4454 ἀποστόλων
3758 4399 3854 4475 ὲμο

2203 4485 2678 4563 φιλοχωροῦντας,
2711 4489 2816 4559 ὅπη
2863 4509 2921 4543 τε
2960 4487 3050 4543 καὶ
3098 4487 3248 4550 ὅπως
3288 4489 3316 4543 ὁ
3359 4491 3634 4561 σωτήριος
3682 4489 3848 4566 λόγος

2200 4579 2300 4647 τήν
2351 4576 2672 4650 οἰκουμένην
2723 4575 3002 4652 διέδραμε,
3043 4578 3140 4640 τάς
3195 4598 3251 4632 τε
3297 4579 3418 4632 καθ’
3466 4574 3697 4632 ἕκαστον
3751 4579 3847 4633 αὖα

2199 4671 2309 4720 τῶν
2365 4671 2462 4721 τοῦ
2521 4669 2826 4740 Πνεόματος
2883 4667 3178 4741 ἐνεργείαςο
3229 4666 3321 4722 καὶ
3378 4664 3484 4740 οἵῳ
3544 4667 3636 4722 καὶ
3699 4669 3846 4722 οὗτοι

2199 4754 2344 4811 τέλει
2403 4756 2766 4835 χρησάμενοι,
2795 4757 2892 4818 τὰς
2949 4755 2998 4826 ἐξ
3050 4755 3209 4810 ἐθνῶν
3267 4757 3670 4827 κατεστήσαντο
3726 4759 3848 4812 Ἐκ.

2200 4844 2452 4914 κλησίας,
2486 4845 2688 4920 ἑτέροις
2732 4848 2830 4908 τὰς
2872 4842 3051 4901 αὒτῶν
3117 4844 3506 4908 καταλιπόντες
3557 4842 3846 4923 διαδοχὰς.

2200 4934 2269 4989 τὰ
2317 4935 2412 5006 μὲν
2468 4933 2529 4990 ἔκ
2586 4939 2690 4990 τῶν
2739 4935 2897 4989 θείων
2951 4933 3292 5009 γραμμάτων
3349 4932 3849 5007 ἐρανιζόμενοι,τᾶ

2203 5022 2261 5079 δὲ
2305 5023 2398 5078 καὶ
2454 5023 2503 5094 ἐξ
2564 5021 2749 5078 ἄλλων
2809 5023 3096 5098 ἱστορικῶν
3126 5021 3507 5099 ποριζόμενοι,
3539 5022 3615 5082 ὡς
3645 5021 3702 5076 ἒν
3734 5028 3850 5087 τοῖς

2201 5117 2394 5176 τόποις
2448 5115 2730 5191 γενόμενοι
2787 5113 3050 5188 λέξομεν·
3104 5113 3194 5169 καὶ
3271 5114 3446 5169 τοίνυν
3517 5117 3629 5168 τῶν
3695 5113 3850 5168 θείων

2202 5205 2292 5260 καὶ
2346 5205 2506 5280 ἱερῶν
2565 5201 2933 5276 μυστηπόλων
2989 5202 3095 5258 ἀπὸ
3151 5205 3249 5258 τοῦ
3305 5202 3610 5264 Ἐλαιῶνος
3673 5201 3852 5256 ὀπίσω

2203 5293 2646 5370 ἀναστραφέντων
2705 5293 2780 5356 εἰς
2837 5293 2928 5348 τὸν
2987 5291 3039 5348 ἐν
3088 5296 3158 5367 τῇ
3210 5291 3356 5348 Σιὼν
3407 5291 3562 5347 οἶκον
3595 5292 3852 5348 Ἰωάννου

2201 5386 2303 5438 τοῦ
2342 5381 2763 5458 Εὐαγγελιστοῦ,
2795 5383 2934 5438 ὅπου
2989 5378 3057 5452 δὴ
3113 5381 3207 5436 καὶ
3247 5381 3348 5450 τήν
3394 5381 3688 5452 Θεοτόκον,
3719 5383 3855 5457 πρὸς

437 5473 551 5530 trix
575 5446 621 5531 ἕ
637 5473 858 5546 virgine
886 5475 1203 5544 eodemque
1232 5446 1518 5543 discipulo
1536 5446 1778 5526 servata
1803 5483 1991 5540 usque
2019 5469 2089 5523 ad

2205 5475 2302 5528 τοῦ
2354 5446 2620 5548 παρθένου
2667 5446 2760 5527 καί
2805 5446 3056 5546 μαθητοῦ⁷
3096 5446 3538 5545 φυλαττομένην,
3584 5446 3720 5545 ἄχρι
3761 5446 3848 5540 .δή

437 5561 674 5618 vitatem
713 5561 940 5618 obitum
972 5563 1123 5634 ejus,
1186 5565 1250 5615 ut
1292 5559 1620 5631 antiquitus
1663 5559 1822 5615 fama
1851 5556 2094 5624 obtinet,

2208 5562 2299 5616 καὶ
2353 5568 2455 5632 τῆς
2513 5561 2804 5638 ζωηφόρου
2863 5559 3028 5629 αὐτῆς
3082 5557 3342 5629 τελευτῆς
3398 5555 3570 5633 λόγος
3620 5559 3850 5634 ἀρχαῖος

438 5649 579 5710 vixit
635 5654 655 5722 )
706 5650 923 5706 reversi
971 5653 1194 5716 essent,
1247 5649 1613 5719 orationique
1667 5653 1727 5704 et
1777 5644 2089 5718 precationi

2204 5651 2305 5722 τήν
2342 5647 2626 5727 διατριϐὴν
2656 5648 2802 5726 ἔχειν
2833 5647 2910 5705 ἔτι
2951 5652 3177 5727 κρατεῖ*
3210 5647 3388 5720 δεήσει
3435 5667 3496 5703 τε
3538 5646 3633 5703 καὶ
3685 5667 3848 5724 προσ-
