4084 6208
287 417 411 477 ’153

1316 414 1934 477 ECCLESIASTlC/E
1977 417 2373 480 HISTORIIE
2414 420 2557 480 LIB.
2604 422 2682 482 Il.

3583 418 3701 478 ’154

289 551 435 625 ευχῇ
483 549 933 624 προσανεχόντων
992 549 1126 622 μετᾶ
1183 551 1374 623 μικρὸν
1435 570 1563 603 ωσει
1626 550 1702 623 ρκ’
1732 549 1929 623 ἠθροι-

2062 562 2351 621 Iacerent;
2402 553 2573 626 paulo
2631 558 2780 625 post,
2832 570 2960 609 cum
3011 571 3077 610 eo
3135 551 3302 626 quasi
3349 554 3585 607 centum
3642 553 3700 607 et

291 635 531 709 σμένων,
567 638 773 711 Πέτρος
827 635 1166 713 δημηγορῶν
1217 639 1455 711 πρῶτος,
1488 640 1579 692 τὸν
1631 634 1935 692 δωδέκατον

292 726 526 799 ἀριθμὸν
619 733 722 796 τῆς
815 724 1190 792 άποστολικῆς
1268 726 1505 803 ἐκλογῆς
1591 725 1940 799 ἀναπληροῦν

291 815 435 887 ᾤετο
495 813 642 871 δεῖν·
677 817 765 871 καὶ
826 815 893 885 δὴ
950 816 1077 878 τοὺς
1129 816 1283 890 λόγῳ
1338 817 1428 871 καὶ
1477 815 1618 891 ἔργῳ
1666 813 1939 893 διαφανεῖς

292 902 354 959 ἐκ
406 910 514 961 τῶν
571 901 976 977 ἑϐδομήκοντα,
1030 905 1125 961 δύο
1183 905 1240 961 δὲ
1294 908 1429 976 ἦσαν
1492 905 1664 975 οῦτοι,
1711 906 1942 980 προίστα

291 995 571 1067 ἑκάτερον,
611 994 739 1050 ὥσθ’
786 992 876 1050 ’ἑνα
922 994 1129 1049 τούτων
1189 995 1306 1050 ἀντὶ
1362 995 1557 1063 Ἰούδα,
1606 996 1663 1056 ’ὸς
1718 995 1808 1050 τὸν
1859 994 1937 1048 οἰ-

292 1089 441 1137 κεῖον
488 1081 783 1158 παρεδίδου
831 1082 1185 1153 Διδάσκαλον,
1239 1087 1329 1140 τὸν
1381 1085 1547 1140 τόπον
1601 1092 1700 1155 τῆς
1751 1082 1936 1139 διακο-

290 1170 410 1235 νίας
462 1172 814 1248 μεταλαχεῖν.
865 1171 1099 1236 Ἰοῦστος
1158 1171 1216 1228 δὲ
1274 1172 1363 1228 καὶ
1427 1173 1664 1235 Ματθίας
1719 1175 1771 1229 οἱ
1829 1172 1940 1228 ἑπι-

295 1260 543 1335 λεγέντες
596 1261 753 1331 ἦσαν.
817 1266 998 1336 Ἱερῶν
1055 1261 1111 1318 δὲ
1158 1262 1383 1335 κλήρων
1438 1263 1581 1338 εὐχῇ
1645 1267 1714 1336 τῇ
1771 1282 1945 1335 προσ-

292 1351 507 1425 ηκούσῃ
564 1351 957 1426 γεγενημένων,
1015 1349 1154 1407 ὥστε
1212 1349 1279 1419 δή
1336 1352 1428 1406 τὸν
1487 1352 1821 1429 ἀποχρῶντα
1869 1353 1941 1423 τῇ

294 1437 547 1512 διακονίᾳ
590 1445 687 1495 τοῦ
732 1440 902 1514 λόγου
960 1444 1128 1519 ψήφῳ
1172 1446 1241 1516 τῇ
1290 1439 1492 1496 ἄνωθεν
1531 1442 1815 1513 τεκμηρίῳ
1872 1437 1937 1510 δή

291 1551 405 1585 τινι
452 1528 657 1609 ἐκφανῆ
706 1551 766 1604 γε
812 1532 971 1597 εἶναι,
1030 1532 1057 1585 ὁ
1105 1529 1314 1604 κλῆρος
1375 1530 1462 1585 ἐπὶ
1509 1531 1745 1586 Ματθίαν
1793 1530 1942 1606 ἐχώ-

295 1641 377 1693 ρει
405 1640 418 1652 ο
450 1619 540 1674 καὶ
589 1618 743 1681 εὐθὺς
789 1621 882 1674 τὸν
934 1622 1081 1694 ἅγιον
1136 1618 1386 1693 ἐπλήρου
1432 1621 1624 1698 χορὸν,
1666 1622 1735 1691 τῇ
1780 1616 1945 1674 δωδε-

294 1706 420 1762 κάδι
477 1713 584 1762 τῶν
638 1708 962 1763 ἀποστόλων
1009 1708 1317 1782 ἐναρίθμιος
1362 1709 1625 1771 καταστὰς
1673 1713 1791 1770 ταῖς
1834 1714 1941 1763 τῶν

295 1801 507 1874 χειρῶν
536 1795 824 1853 ἐπιθέσεσι.

934 1928 1187 1977 ΚΕΦΔΛ.
1232 1923 1301 1979 Β’.

296 2028 459 2102 Περὶ
496 2034 614 2097 τῆς
650 2033 766 2103 τοῦ
807 2029 1134 2103 π-αναγίου
1175 2029 1561 2103 Πνεόματος
1598 2028 1658 2085 ἐν
1700 2032 1776 2100 τῇ
1809 2036 1944 2084 Πεν-

367 2098 669 2176 τήκοσᾲτῇ
723 2098 1180 2176 ἐπελεύσεωςο
1232 2098 1517 2176 καῖ’τῶν
1569 2098 1947 2176 γενομένων

368 2176 515 2233 τοῖς
573 2171 1002 2233 ἀποστόλοις
1067 2171 1397 2244 σημείων*
1450 2171 1767 2244 καῖ’περὶ
1820 2177 1948 2227 τῶν

371 2243 1011 2319 πιστῶνΔόμοῂνοίας
1065 2245 1171 2298 καὶ
1228 2243 1607 2319 διαγωγῆς’
1662 2245 1769 2299 καὶ
1829 2251 1945 2314 τῆς

371 2320 499 2370 τῶν
543 2316 582 2383 ζ’
632 2311 960 2369 διακόνων
1010 2311 1534 2390 προχειρίσεως.

377 2421 476 2475 Καὶ
528 2418 594 2489 δὴ
656 2420 850 2491 δεκάτη
914 2422 1007 2493 μὲν
1066 2422 1247 2495 ἡμέρα
1291 2430 1467 2495 παρῆν
1504 2423 1635 2495 μετᾶ
1664 2425 1762 2492 τὴν
1796 2424 1950 2480 Ἀνά-

296 2510 493 2581 ληψιν,
554 2511 896 2579 πεντηκοστὴ
958 2508 1015 2565 δὲ
1101 2512 1234 2582 μετὰ
1291 2513 1390 2578 τήν
1447 2512 1780 2579 Ἀνάστασιν,
1855 2511 1944 2566 καὶ

297 2599 495 2672 ἀθρόοι
547 2600 739 2660 πάντες
793 2603 874 2670 τῷ
934 2600 1164 2673 ὑπερῴῳ
1221 2600 1373 2667 ἦσαν.
1413 2601 1508 2655 Καὶ
1572 2600 1746 2661 εὐθὺς,
1788 2599 1944 2673 τρίτη

300 2685 363 2741 δὲ
392 2686 506 2760 ὥρα
560 2690 658 2755 τῆς
715 2688 924 2761 ἡμέρας
971 2688 1061 2755 ἦν,
1094 2688 1237 2762 ἦχός
1295 2710 1376 2750 τις
1440 2688 1615 2763 βίαιος
1671 2688 1944 2762 ἐξηχεῖτο,

300 2775 533 2848 ῥεούσης
591 2776 771 2849 ὥσπερ
829 2774 1023 2854 αἴφνης
1080 2784 1276 2845 πνοῆς,
1305 2779 1397 2831 τόν
1442 2797 1501 2831 τε
1546 2778 1691 2831 οἶκον
1743 2776 1946 2830 ἅπαντα

295 2863 635 2936 ἐμπιπλῶν·
688 2866 779 2919 καὶ
838 2866 1005 2936 πυρὸς
1084 2863 1141 2919 δὲ
1212 2864 1455 2938 γλῶσσαι
1513 2872 1628 2927 τοῖς
1684 2867 1947 2936 μαθηταῖς

301 2953 596 3027 ἰσάριθμοι
650 2951 1106 3028 διαμερισθεῖται,
1167 2953 1249 3028 ἐφ’
1305 2955 1381 3008 ὲνὶ
1457 2954 1664 3009 τούτων
1737 2954 1946 3025 ἑκάστῳ

294 3049 419 3105 ταῖς
490 3047 751 3119 κορυφαῖς
814 3044 1253 3117 προσκαθήμεναι
1319 3045 1584 3117 ἑωρῶντο.
1647 3044 1943 3101 Κάντεῦθεν

294 3132 534 3206 πλήρεις
580 3136 676 3187 τοῦ
725 3135 990 3207 παναγίου
1039 3132 1320 3206 γενόμενοι
1378 3132 1707 3205 Πνεύματος,
1756 3130 1945 3206 γλώσ-

296 3241 418 3281 σαις
480 3218 762 3298 διαφόροις
820 3219 1051 3276 ἐλάλουν
1107 3224 1205 3290 τήν
1274 3227 1372 3276 τοῦ
1431 3227 1565 3277 Θεοῦ
1617 3219 1796 3292 δόξαν,
1852 3221 1942 3275 καὶ

1977 1926 2025 1991 Β

2052 640 2255 712 viginti
2331 642 2729 697 convenissent
2790 641 3077 708 homines,
3134 644 3361 702 Petrus.
3422 638 3699 694 concione

2054 727 2272 797 habita,
2306 732 2532 803 primus
2562 732 2989 787 duodenarium
3032 729 3363 801 apostolica
3393 727 3698 784 electionis

2053 835 2358 875 numerum
2426 820 2815 891 supplendum
2884 836 3010 876 esse
3066 818 3385 875 arbitratur
3445 832 3461 872 :
3516 820 3576 872 et
3631 832 3700 872 ex

2054 909 2421 979 septuaginta
2448 909 2586 976 illis,
2617 909 2719 980 qui
2750 913 2808 963 et
2836 924 3105 964 sermone
3134 912 3191 963 et
3237 922 3408 977 opere
3437 905 3699 961 illustres

2053 1006 2267 1066 essent,
2299 999 2447 1055 duos
2495 997 2787 1070 producit,
2820 1001 2886 1053 ut
2932 1013 2998 1052 ex
3048 996 3133 1051 eis
3179 995 3326 1051 alter
3374 1010 3474 1065 pro
3519 992 3696 1063 Juda,

2053 1087 2154 1157 qui
2203 1103 2375 1142 suum
2420 1088 2545 1158 ipse
2588 1086 2923 1158 prodiderat
2970 1084 3329 1158 Magistrum,
3360 1082 3554 1140 locum
3591 1084 3703 1139 mi-

2055 1175 2276 1231 nisterii
2321 1176 2644 1231 sortiretur.
2675 1175 2884 1231 Justus
2930 1180 2987 1229 et
3036 1173 3304 1229 Matthiae
3350 1170 3556 1227 delecti
3603 1169 3700 1226 isti

2052 1270 2238 1320 erant.
2270 1265 2415 1320 Cum
2457 1269 2653 1319 autem
2702 1269 2891 1320 sortes
2938 1264 3133 1318 missas
3181 1264 3396 1329 essent,
3439 1260 3703 1316 adhibita

2053 1354 2391 1424 congruenti
2422 1354 2701 1422 oratione,
2728 1362 2812 1420 ut,
2836 1353 2936 1425 qui
2966 1352 3214 1407 idoneus
3244 1350 3407 1405 verbi
3438 1348 3703 1405 ministe-

2053 1443 2138 1498 rio
2168 1447 2341 1511 esset,
2374 1442 2586 1499 coelesti
2616 1442 2890 1514 suffragio
2932 1445 2990 1497 et
3035 1440 3249 1496 indicio
3279 1439 3703 1505 declararetur,

2053 1549 2179 1588 sors
2214 1532 2268 1586 in
2314 1531 2615 1587 Matthiam
2648 1532 2927 1603 pervenit.
2963 1533 3046 1586 Ita
3076 1532 3337 1584 sacratus
3367 1524 3466 1584 ille
3492 1542 3703 1581 nume-

2054 1637 2155 1677 rus
2211 1620 2535 1692 suppletur,
2568 1621 2962 1691 Matthiasque
3017 1617 3391 1689 impositione
3419 1630 3701 1672 manuum

2054 1709 2360 1766 duodecim
2393 1710 2666 1782 apostolis
2694 1710 3072 1765 adscribitur.

2710 1926 2939 1983 CAPUT
2981 1926 3050 1983 II.

2056 2037 2130 2092 Da
2159 2034 2399 2105 Spiritus
2428 2020 2623 2090 sancta“
2638 2036 2753 2106 ipso
2783 2034 2871 2090 die
2889 2036 3216 2106 Pentecoste;
3240 2033 3421 2106 subito
3452 2029 3707 2106 aduentu,

2126 2100 2207 2162 δι’
2232 2107 2525 2162 miraculis
2578 2100 2678 2178 per
2744 2107 3017 2178 Apostotos
3075 2104 3282 2178 editis.
3319 2104 3397 2158 De
3453 2100 3706 2170 ﬁdelium

2125 2180 2497 2234 unanimitate
2538 2176 2589 2232 et
2633 2176 2852 2246 vita,“
2899 2177 2964 2233 ds
2991 2180 3194 2249 septem
3227 2176 3582 2230 diaconomm
3612 2187 3709 2227 seu

2126 2249 2507 2305 ministrorum
2533 2250 2816 2306 electione.

2128 2429 2315 2485 Etiam
2367 2428 2594 2483 decima
2651 2427 2721 2481 ab
2778 2426 3156 2490 Ascensione,
3206 2422 3698 2495 quinquagesima

2056 2526 2248 2573 autem
2281 2518 2352 2571 ab
2386 2516 2829 2571 Resurrectione
2853 2514 3210 2581 aderatdies,
3232 2526 3553 2582 omnesque
3583 2526 3702 2565 una

2054 2607 2116 2661 in
2175 2604 2470 2661 cmnaculo
2524 2604 2856 2676 congregati
2909 2610 3071 2658 erant
3118 2618 3133 2657 :
3194 2617 3329 2656 cum
3390 2601 3701 2670 derepente

2057 2698 2224 2751 tertia
2271 2694 2386 2749 diei
2441 2693 2582 2749 hora
2644 2693 2870 2747 sonitus
2919 2692 3142 2762 ingens,
3190 2698 3470 2760 tanquam
3528 2688 3700 2742 vento

2056 2784 2248 2840 subito
2268 2788 2325 2837 et
2369 2781 2692 2838 vehementi
2725 2780 2919 2847 ﬂante,
2949 2778 3277 2844 exauditur,
3309 2783 3606 2847 totamque
3650 2775 3700 2829 is

2056 2872 2308 2944 complet
2353 2872 2613 2939 domum,
2644 2874 2703 2925 et
2735 2869 2949 2941 lingua)
2994 2867 3178 2939 ignea
3210 2865 3334 2935 pari
3363 2879 3494 2921 cum
3527 2861 3701 2918 disci-

2057 2960 2211 3033 pulis
2244 2975 2486 3015 numero
2527 2957 2860 3028 dispertita,
2884 2956 2943 3011 in
2983 2955 3452 3025 uniuscujusque
3487 2950 3701 3006 vertice

2055 3049 2358 3104 considere
2411 3046 2701 3101 videntur.
2737 3047 2934 3115 Itaque
2963 3042 3045 3098 illi
3078 3042 3450 3098 sanctissimo
3476 3038 3698 3111 Spiritu

2055 3138 2232 3209 pleni,
2263 3136 2438 3191 variis
2485 3134 2704 3206 linguis
2752 3133 2994 3203 gloriam
3044 3131 3142 3187 Dei
3178 3130 3517 3202 loquuntur,
3549 3126 3698 3182 divi-

2055 3229 2417 3296 nitatemque
2443 3223 2582 3281 Jesn
2614 3224 2699 3279 eis
2727 3224 2824 3294 qui
2855 3221 3250 3287 conﬂuebant,
3281 3217 3698 3291 depredicant.

293 3312 398 3379 τήν
447 3311 632 3379 Ἰησοῦ
697 3310 928 3379 θεότητα
998 3314 1114 3372 τοῖς
1186 3308 1539 3385 ἐνδραμοῦσιν
1624 3310 1939 3386 ἐκήρυττον.

2062 3317 2392 3372 Accurrebat
2448 3313 2629 3380 enim,
2684 3312 2898 3383 inquit,
2958 3309 3272 3366 multitudo
3329 3310 3401 3363 ad
3457 3305 3697 3362 tonitrui

297 3400 589 3475 Συνεχύθη
648 3401 770 3474 γάρ,
831 3398 987 3474 φησὶ,
1036 3399 1099 3453 τὸ
1156 3397 1368 3469 πλῆθος
1422 3405 1500 3471 τῷ
1554 3407 1652 3470 τῆς
1713 3402 1940 3475 βροντῆς

294 3491 451 3565 ἤχῳ,
507 3490 594 3543 καὶ
657 3490 782 3563 περὶ
837 3490 900 3544 τὸ
976 3487 1251 3563 δωμάτιον
1330 3488 1497 3560 ἔθεον,
1554 3492 1617 3546 τὸ
1688 3489 1943 3569 διάφορον

292 3577 681 3649 ἐνωτιζόμενοι
737 3582 843 3632 τῶν
904 3576 1190 3652 γλωσσῶν.
1252 3582 1503 3655 Παρῆσαν
1548 3580 1649 3655 γὰρ
1712 3578 1761 3649 ἐξ
1812 3579 1944 3633 άπά-

297 3687 401 3737 σης
440 3673 542 3740 γῆς
588 3663 790 3744 σχεδὸν
831 3664 920 3721 διὰ
971 3668 1033 3721 τὸ
1084 3674 1183 3736 τῆς
1233 3667 1441 3741 ἡμέρας
1486 3667 1757 3740 ἐπίσημον
1811 3666 1945 3738 Πάρ-

297 3759 408 3825 θοι,
442 3752 625 3824 Μῆδοι
675 3756 766 3809 καὶ
809 3754 1126 3829 Ἐλαμῖται,
1181 3759 1346 3833 Σύροι
1399 3780 1455 3812 τε
1504 3761 1617 3830 ἅμα
1662 3758 1751 3812 καὶ
1783 3759 1946 3832 Ἀρα-

307 3840 422 3912 ϐες,
475 3845 741 3916 Ῥωμαῖοι
811 3844 898 3897 καὶ
963 3842 1242 3914 Ἰουδαῖοι,
1302 3846 1509 3920 Φρύγες
1568 3847 1657 3901 καὶ
1718 3853 1947 3900 Καππα-

312 3932 499 3987 δόκαι¹
542 3933 633 3987 καὶ
682 3938 940 3988 τοσοῦτον
983 3934 1359 4005 κατάπληκτοι
1408 3936 1544 4003 ἦσαν
1580 3940 1659 4006 τῷ
1688 3934 1945 4007 θαύματι.

306 4026 387 4093 τῷ
451 4023 575 4082 τοὺς
623 4022 717 4095 μὶν
760 4022 1011 4088 συνιέναι,
1057 4024 1183 4084 τοὺς
1235 4021 1291 4078 δὲ
1351 4026 1449 4095 μὴ,
1502 4025 1576 4085 ὡς
1631 4026 1718 4078 καὶ
1780 4025 1945 4095 μέθην

305 4110 558 4188 ἐγκαλεῖν
616 4110 865 4179 ἐκείνοις,
923 4111 1011 4165 καὶ
1071 4108 1527 4187 διαλοιδορεῖσθαι
1591 4116 1660 4185 τῇ
1717 4111 1944 4186 ποικίλῃ

303 4202 395 4256 καὶ
465 4197 712 4277 διαφόρῳ
786 4204 894 4254 τῶν
964 4200 1376 4274 πυνθανομένων
1441 4200 1708 4274 διομιλίᾳ.
1771 4204 1863 4262 Οἷς
1921 4202 1949 4256 ὁ

306 4293 455 4352 θεῖος
514 4290 711 4365 Πέτρος
754 4289 1032 4344 θεσπέσιον
1098 4290 1305 4361 ἀνοίξας
1361 4291 1556 4363 στόμα,
1601 4292 1690 4346 καὶ
1740 4293 1802 4346 τὸ
1842 4295 1946 4345 τῶν

304 4378 578 4453 γλωσσῶν
627 4375 949 4439 ὑποδεικνὺς
1022 4378 1217 4447 αἴτιον,
1261 4383 1335 4452 μή
1404 4382 1498 4436 τὸν
1558 4382 1702 4435 οἶνον
1765 4378 1947 4457 ἔλεγεν

310 4470 468 4535 εἶναι,
509 4468 572 4521 τὸ
633 4471 851 4539 Πνεῦμα
906 4465 963 4521 δε
1017 4468 1079 4522 τὸ
1134 4470 1315 4544 ἅγιον,
1347 4471 1376 4525 ’ὀ
1435 4467 1522 4524 διὰ
1577 4475 1673 4524 τοῦ
1721 4470 1950 4525 θεόπτου

310 4556 650 4634 ἰπήγγελται
698 4555 889 4625 Ἰωήλ.
937 4563 1057 4619 ταῖς
1126 4559 1374 4621 ὑστάταις
1421 4565 1528 4615 τῶν
1587 4562 1808 4633 ἡμερῶν
1863 4557 1952 4613 ἐκ·

2050 3405 2325 3472 sonitum,
2359 3410 2414 3458 et
2461 3402 2681 3458 circum
2730 3402 2969 3457 domum
3022 3414 3152 3455 eam
3182 3398 3473 3469 currebat.
3505 3394 3694 3450 varie-

2050 3498 2227 3551 tatem
2262 3492 2512 3549 audiens
2544 3490 2892 3562 linguarum.
2921 3491 3177 3544 Aderant
3196 3486 3413 3559 quippe
3442 3483 3695 3552 tum~ibi,

2051 3592 2280 3655 pr0pter
2327 3580 2441 3635 diei
2488 3578 2905 3643 celebritatem,
2958 3594 3031 3633 ex
3075 3576 3235 3632 omni
3296 3588 3472 3645 prope
3527 3574 3686 3637 orbe,

2053 3672 2272 3735 Parthi,
2302 3669 2453 3725 Medi
2502 3678 2555 3723 et
2604 3668 2889 3735 Blamitaa,
2942 3666 3069 3737 Syri
3124 3662 3300 3719 simul
3351 3668 3408 3717 et
3449 3662 3693 3726 Arabes,

2054 3760 2294 3817 Romani
2343 3768 2392 3815 et
2441 3758 2652 3822 Judaai,
2688 3756 2939 3827 Phryges
2985 3761 3044 3809 et
3090 3752 3476 3823 Cappadoces.
3515 3750 3580 3804 Et
3610 3748 3695 3804 illi

2054 3866 2242 3921 usque
2286 3849 2429 3905 adeo
2479 3845 2757 3901 miraculo
2808 3862 2873 3898 eo
2921 3852 3061 3899 sunt
3115 3838 3492 3906 consternati,
3542 3839 3693 3907 quod

2056 3939 2292 4011 quidam
2346 3937 2649 4007 loquentes
2696 3932 3105 4002 intelligerent,
3139 3928 3378 4001 quidam
3421 3943 3553 3982 vero
3587 3926 3698 3981 mi-

2058 4045 2191 4095 nus,
2226 4032 2287 4081 ut
2315 4026 2649 4081 ebrietatem
2680 4038 2909 4093 quoque
2940 4021 3021 4075 eis
3052 4020 3328 4092 probrose
3356 4017 3695 4088 objicerent,

2058 4124 2115 4174 et
2161 4115 2317 4172 vario
2378 4113 2803 4183 multiplicique
2853 4108 3352 4181 percunctantium
3402 4103 3697 4175 colloquio

2059 4207 2542 4265 conviciarentur.
2564 4202 2648 4258 Ad
2673 4217 2815 4273 quos
2846 4202 3016 4255 divus
3047 4201 3274 4265 Petrus,
3299 4192 3471 4252 I82
3503 4193 3699 4249 divino

2061 4301 2257 4367 aperto
2305 4309 2420 4359 ore,
2454 4307 2688 4348 causam
2720 4288 3014 4345 varietatis
3044 4286 3376 4357 linguarum
3407 4281 3698 4348 indicans,

2063 4403 2176 4441 non
2206 4385 2401 4440 vinum
2427 4382 2506 4449 id,
2538 4382 2638 4435 sed
2670 4380 2949 4451 Spiritum
2983 4380 3249 4432 sanctum
3289 4389 3418 4429 esse
3448 4371 3701 4439 dicebat,

2060 4474 2153 4543 qui
2204 4489 2304 4544 per
2352 4474 2734 4542 spectatorem
2789 4468 2885 4523 Dei
2930 4466 3052 4521 Joel
3086 4464 3132 4501 ει
3168 4462 3491 4534 promissus
3530 4463 3701 4526 esset,

2059 4562 2333 4619 extremis
2361 4559 2621 4614 videlicet
2653 4557 2860 4611 diebus
2890 4571 3022 4611 eum
3055 4572 3087 4609 a
3117 4553 3233 4609 Deo
3263 4567 3438 4622 super
3465 4562 3699 4603 carnem

314 4648 462 4722 χέειν
512 4647 638 4700 θεὸν
693 4645 781 4701 ἐπὶ
835 4652 1007 4700 πᾶσαν
1060 4648 1268 4721 σάρκα’
1317 4654 1405 4703 καί
1454 4648 1683 4723 παρίστα
1729 4648 1819 4701 τὸν
1864 4646 1946 4702 λό-

2063 4667 2292 4709 omnem
2345 4649 2591 4704 effusum
2622 4647 2714 4701 iri.
2747 4645 3177 4715 Oraculumque
3206 4642 3263 4698 id
3295 4640 3576 4710 allegans,
3601 4636 3701 4733 tir-

311 4759 431 4812 γον,
476 4736 668 4810 λόγοις
716 4735 1102 4810 ἀδαμαντίνοις
1151 4741 1219 4794 τά
1260 4740 1394 4795 κατὰ
1449 4740 1543 4794 τὸν
1595 4746 1829 4811 Σωτῆρα
1878 4736 1955 4793 δι-

315 4826 493 4896 εξιών.
549 4826 643 4880 Καὶ
704 4826 1080 4901 προύτρέπετο
1142 4832 1266 4882 πᾶσι
1329 4829 1621 4902 μεταμέλῳ
1688 4828 1955 4903 χρῆσθαι,

312 4916 405 4969 καὶ
463 4912 552 4968 ἒπὶ
604 4919 683 4986 τῷ
740 4915 998 4989 σωτηρίῳ
1061 4921 1157 4972 τοῦ
1206 4920 1393 4987 Ἰησοῦ
1469 4916 1699 4989 ὀνόματι
1761 4914 1953 4990 βαπτί-

316 5004 519 5074 ζεσθαι,
569 5003 658 5057 καὶ
742 5004 805 5058 τὸ
884 5009 1104 5077 Πνεῦμα
1191 5001 1525 5079 λαμϐάνειν·
1604 5005 1790 5069 αὐτοῖς
1857 5004 1957 5079 γὰρ

318 5092 456 5147 εἶναι
511 5093 608 5160 τήν
667 5091 995 5168 ἐπαγγελίαν
1050 5094 1139 5149 καὶ
1182 5101 1300 5159 τοῖς
1349 5095 1558 5158 τέκνοις
1604 5095 1813 5149 τούτων
1858 5091 1957 5147 διε-

317 5176 565 5242 ϐεὸαίου.
619 5182 709 5236 καὶ
767 5180 865 5244 οὓς
927 5181 989 5238 ἂν
1032 5183 1059 5237 ὁ
1110 5183 1305 5259 Κύριος
1352 5184 1814 5259 προσκαλέσηται.
1864 5182 1958 5238 Καὶ

317 5267 516 5325 αὐτίκα
554 5270 682 5324 ὡσεὶ
728 5271 1034 5347 τρισχίλιοι
1076 5278 1156 5345 τῷ
1213 5273 1342 5346 θείῳ
1395 5275 1707 5347 προσῆλθον
1766 5268 1960 5345 βαπτί-

320 5380 513 5431 σματι,
544 5360 597 5413 οἳ
634 5359 722 5414 καὶ
769 5364 839 5434 τῇ
883 5363 1140 5417 κοινωνία
1184 5361 1387 5441 διδαχῆ
1418 5385 1476 5418 τε
1507 5365 1620 5437 ἅμα
1664 5364 1753 5416 καὶ
1798 5380 1965 5436 προσ-

319 5455 467 5526 ευχῇ
524 5453 610 5506 καὶ
671 5452 996 5508 συνεστιάσει
1054 5460 1161 5509 τῶν
1212 5455 1534 5512 ἀποστόλων
1611 5454 1962 5530 προσέμενον.

325 5542 453 5597 Καὶ¹
505 5538 732 5597 πολλῶν
798 5543 1041 5616 σημείων
1105 5542 1195 5600 διὰ
1259 5551 1366 5602 τῶν
1434 5545 1592 5602 θείων
1645 5542 1967 5599 ἀποστόλων

398 5723 445 5762 ¹¹
476 5722 599 5780 Joel
622 5738 686 5794 ιι,
710 5721 803 5780 28.

2065 4740 2349 4796 missimis
2382 4736 2751 4792 sermonibus
2783 4734 3104 4790 Servatoris
3136 4747 3226 4786 res
3256 4734 3452 4800 gestas
3481 4723 3719 4780 contir—

2064 4833 2284 4897 mahat,
2316 4843 2635 4897 omnesque
2687 4824 3114 4888 cohortabatur,
3162 4826 3226 4875 ut
3273 4834 3374 4890 per
3422 4812 3708 4888 poeniten-

2064 4920 2205 4974 tiam
2276 4914 2701 4986 resipiscerent,
2771 4912 2831 4966 in
2900 4909 3199 4965 salutifero
3265 4904 3404 4960 Jesu
3472 4898 3709 4955 nomine

2067 5009 2520 5076 haptizarcntur,
2554 5007 2613 5057 et
2643 5001 2925 5073 Spiritum
2966 4998 3310 5067 acciperent.
3345 4991 3492 5063 Ipsis
3520 4986 3702 5052 enim,
3750 4992 3759 5003 ‘

2067 5096 2384 5165 liberisque
2432 5108 2656 5159 eorum,
2690 5096 2748 5145 et
2788 5105 2933 5159 quos
2978 5093 3252 5158 praterea
3290 5078 3711 5165 Dominnsivo-

2068 5189 2274 5250 cesset,
2292 5164 2748 5253 promissionem
2772 5175 3120 5248 peculiarem
3152 5187 3277 5227 esse
3307 5164 3709 5227 conﬁrmabat.

2071 5276 2137 5330 Et
2184 5272 2485 5329 confestim
2536 5270 2607 5325 ad
2658 5268 2765 5322 tria
2796 5264 2978 5319 millia
3008 5263 3313 5318 hominum
3344 5259 3414 5314 ad
3447 5255 3709 5311 divinum

2070 5363 2356 5419 accedunt
2402 5358 2782 5429 baptismum,
2815 5356 2912 5423 qui
2945 5354 3122 5409 etiam
3155 5351 3289 5406 inde
3314 5364 3415 5421 per
3444 5358 3715 5400 commu-

2072 5455 2305 5511 nionem
2338 5451 2400 5505 in
2431 5449 2693 5504 doctrina
2723 5444 2899 5500 simul
2932 5448 2989 5499 et
3019 5440 3301 5508 oratione,
3334 5446 3504 5509 atque
3536 5430 3716 5488 etiam

2074 5558 2291 5599 mensa:
2323 5534 2765 5611 participatione
2790 5548 2927 5590 cum
2952 5529 3229 5603 apostolis
3253 5523 3720 5601 perseverabant.
