3950 6214
413 339 525 400 755

1701 334 2125 398 NICEPHORI
2169 338 2513 402 CALLISTI

3693 337 3798 399 756

407 471 479 528 Et
509 487 644 527 cum
677 469 863 526 multa
891 468 1174 525 miracula
1204 482 1304 538 per
1319 463 1482 524 divos
1501 467 1795 541 apostolos
1813 469 2020 525 ederen

2181 472 2556 545 νεγενημένων,
2589 466 2708 532 δέος
2765 469 2852 525 ἐπὶ
2909 491 3055 545 πασῃ
3113 473 3271 545 ψυχῇ
3329 469 3418 539 ἦν.
3473 466 3689 526 Πολλοὶ
3748 467 3797 524 δὶ

406 564 524 626 tur,
555 561 730 614 timor
758 558 1023 612 animum
1056 570 1288 610 omnem
1321 555 1658 625 occupabat.
1689 555 1851 611 Multi
1883 571 2051 626 porro

407 648 708 704 facultates
757 662 895 702 suas
943 646 1280 711 vendentes,
1313 644 1383 699 ad
1428 644 1824 716 apostolorum
1877 646 2052 716 pedes

407 746 653 812 ponunt,
711 743 770 793 et
823 753 946 809 quae
1014 737 1083 791 ad
1146 734 1542 790 necessarium
1603 751 1774 790 usum
1833 742 2050 802 essent,

405 830 684 882 duntaxat
732 827 992 898 capiunt.
1023 824 1364 880 Communia
1415 825 1630 895 quippe
1658 824 1858 880 omnia
1887 831 2053 882 erant

404 918 690 982 omnium,
724 924 775 971 et
825 931 937 969 uno
969 913 1231 968 vivebant
1262 913 1318 966 in
1356 912 1478 968 loco
1512 929 1524 967 :
1561 929 1747 984 neque
1777 914 2050 984 cuiquam

403 1008 596 1064 dicere
648 1006 881 1071 licebat,
913 1020 976 1060 se
1021 1004 1340 1074 quidquam
1376 1002 1584 1058 habere
1617 1004 1854 1075 proprii.
1887 1006 2048 1070 Quod

404 1113 546 1154 sane
575 1111 706 1150 cum
735 1094 991 1149 Ananiae
1021 1099 1080 1149 et
1108 1093 1355 1163 Saphira
1378 1091 1712 1148 audendum
1741 1093 1850 1148 sibi
1887 1099 2049 1164 puta-

403 1195 550 1252 rent,
586 1191 646 1239 ut
676 1185 776 1255 qui
827 1183 1019 1238 divino
1051 1181 1282 1238 mentiti
1325 1185 1518 1237 essent
1549 1181 1812 1252 Spiritui,
1847 1199 2052 1252 repen—

405 1274 527 1329 tina
559 1278 741 1329 morte
789 1271 1094 1328 tolluntur.
1127 1271 1188 1326 ln
1219 1269 1436 1343 templo
1479 1286 1713 1342 quoque
1745 1272 2050 1328 convenie-

403 1364 564 1428 bant,
611 1362 878 1416 laudibus
927 1361 1111 1416 Deum
1154 1360 1445 1425 vehentes,
1491 1364 1548 1414 et
1603 1360 1798 1415 cibum
1859 1361 2051 1416 cordis

402 1452 779 1524 simplicitate
843 1466 1215 1507 communem
1285 1449 1568 1504 habentes
1626 1450 2052 1520 Quamplurimi

403 1547 600 1597 autem
661 1541 733 1596 ad
793 1539 1051 1594 divinum
1108 1539 1570 1594 admittebantur
1625 1539 1939 1606 lavacrum,
1999 1549 2052 1594 et

401 1630 596 1686 divina
641 1631 727 1686 vis
777 1634 951 1700 atque
998 1629 1184 1684 virtus
1235 1628 1525 1699 apostolos
1566 1635 2044 1699 consequantur:

405 1718 550 1774 nihil
601 1735 840 1790 prorsus
887 1724 1012 1772 erat
1061 1717 1370 1782 malorum,
1403 1718 1554 1787 quod
1593 1733 1705 1772 non
1745 1717 2049 1785 praesentia

2155 562 2223 616 τὰ
2280 559 2557 637 προσόντα
2611 559 3117 636 διαπιπράσκοντες,
3166 566 3287 623 τοῖς
3337 560 3464 614 ποσὶ
3507 564 3619 615 τῶν
3675 558 3801 615 ἀπο-

2160 650 2372 705 στόλων
2434 651 2660 722 ἐτίθουν,
2691 650 2782 706 καὶ
2838 651 2902 705 τὸ
2959 650 3098 724 πρὸς
3147 650 3338 724 χρείαν
3391 650 3558 722 μόνον
3591 643 3801 722 λαμόα·

2158 760 2339 803 νοντες
2395 741 2551 809 ἦσαν.
2588 740 2751 796 Κοινᾶ
2809 737 2866 794 δὲ
2922 740 3095 795 πάντα
3149 739 3214 806 ἦν
3271 743 3388 802 τοῖς
3435 743 3618 802 πᾶσιν,
3670 739 3802 809 ὁμοῦ

2157 850 2215 884 τε
2244 831 2397 898 ἦσαν,
2431 826 2610 884 οὐδενί
2670 849 2728 884 τε
2776 827 2898 899 ἐξῆν
2956 829 3126 884 εἰπεῖν
3185 825 3328 883 ’ίδιόν
3377 850 3430 882 τι
3475 829 3801 897 κεκτῆσθαι·

2160 917 2189 972 ρό
2221 916 2342 988 ait.
2386 917 2630 982 Ἂνανίας
2678 917 2770 973 καὶ
2830 919 3108 991 Σάπφειρα
3159 917 3410 991 πράττειν
3459 918 3802 990 νομίσαντες,

2161 1005 2234 1066 ὡς
2290 1009 2370 1077 τῷ
2427 1005 2556 1078 θείῳ
2612 1003 3029 1079 διαψευσάμενοι
3063 1005 3362 1077 Πνεύματι,
3397 1004 3595 1082 αἴφνης
3652 1002 3803 1076 ἀνέρι

2161 1115 2354 1149 παστοι
2393 1096 2602 1168 θανάτῳ
2655 1093 2926 1170 ἐγένοντό.
2962 1093 3062 1150 Καὲ
3120 1098 3202 1167 τῷ
3245 1095 3375 1167 ἱερῷ
3427 1091 3486 1148 δὲ
3526 1093 3642 1166 ἅμα
3693 1114 3804 1146 συν-

2162 1185 2386 1258 ήγοντο,
2419 1185 2685 1246 αἰνοῦντες
2748 1185 2844 1256 μὲν
2897 1183 2987 1238 τὸν
3043 1183 3198 1253 Θεὸν,
3249 1179 3470 1257 καρδίας
3529 1178 3586 1236 δὲ
3637 1183 3808 1237 ἁπλό-

2160 1293 2286 1342 τητι
2340 1280 2441 1342 τῆς
2501 1275 2706 1348 τρονρῆς
2767 1279 3228 1346 συμμετέχοντες.
3283 1271 3372 1332 Ὠς
3442 1269 3702 1326 πλεῖστοι
3756 1267 3806 1325 δὲ

2160 1362 2466 1436 προσῄεσαν
2522 1365 2619 1416 τοῦ
2676 1362 2824 1416 θείου
2885 1359 3260 1434 βαπτίσματος
3319 1358 3661 1430 ἀξιοῦειενοι.
3699 1361 3806 1414 θεία

2159 1471 2217 1506 τε
2275 1449 2503 1525 δύναμις
2560 1455 2676 1511 τοῖς
2733 1449 3064 1512 ἀποστόλοις
3118 1450 3448 1522 παρείπετο’
3503 1447 3594 1502 καὶ
3659 1446 3804 1503 οὖδὶν

2159 1541 2226 1608 ἦν
2281 1545 2390 1594 τῶν
2442 1538 2650 1602 δεινῶν,
2685 1539 2714 1594 ὃ
2761 1540 2836 1611 μὴ
2879 1537 2948 1608 τῇ
2993 1537 3265 1611 παρουσίᾳ
3302 1537 3390 1592 καὶ
3443 1538 3553 1616 ἀφῇ
3585 1534 3804 1591 ἐκείνων

2159 1630 2234 1691 ὡς
2274 1631 2510 1705 τάχιστα
2558 1625 2895 1702 ἐδραπέτευε.
2959 1626 3284 1700 Προῦκειντο
3339 1626 3520 1682 τοίνυν
3571 1625 3663 1680 ἐπὶ
3723 1628 3806 1680 Ou.

2158 1723 2266 1791 ρῶν
2319 1717 2410 1772 καὶ
2469 1716 2523 1772 ἐν
2577 1717 2860 1790 ὑπαίθροις
2908 1717 2960 1770 οἱ
2990 1717 3241 1792 χρονίαις
3280 1716 3464 1774 νόσοις
3495 1713 3804 1770 ἐκδαπανώ-

399 1810 456 1862 et
486 1811 706 1861 attactu
740 1805 974 1861 illorum
1015 1804 1318 1861 celerrime
1355 1805 1680 1876 diti‘ugeret.
1715 1807 1911 1875 Itaque
1943 1822 2022 1876 pri

2181 1827 2337 1875 ιενοι,
2370 1807 2444 1868 ὡς
2495 1805 2555 1861 ἄν
2611 1827 2696 1880 γε,
2751 1811 2902 1867 σκιᾶς
2958 1809 3054 1860 τοῦ
3115 1803 3319 1876 Πέτρου
3375 1803 3803 1878 ηὐμοιρηκότες,

402 1895 622 1950 foribus
668 1899 726 1949 et
773 1895 882 1950 sub
933 1893 1026 1949 dio
1075 1895 1136 1948 in
1187 1893 1394 1964 plateis
1442 1893 1907 1964 deponebantur,
1949 1893 2052 1964 qui

405 1984 704 2039 diuturnis
754 1983 1000 2038 confecti
1033 1991 1196 2037 erant
1225 1982 1472 2046 morbis;
1499 1986 1562 2036 ut
1591 1981 1798 2037 saltem
1828 1982 2054 2038 umbrae

399 2073 553 2128 Petri
591 2071 902 2144 participes
933 2071 1095 2136 facti,
1117 2071 1187 2126 ab
1211 2086 1275 2126 ea
1297 2087 1413 2141 qua
1445 2071 1858 2141 premebantur
1887 2069 2054 2142 aegri-

399 2161 605 2216 tudine
637 2159 1040 2216 liberarentur.
1071 2161 1135 2214 In
1165 2159 1384 2232 quibus
1413 2160 1508 2214 ille
1538 2177 1771 2231 quoque
1803 2159 2050 2232 fuit,qui

398 2270 432 2307 a
462 2253 763 2308 nativitate
796 2269 901 2309 sua
951 2255 1164 2326 pedum
1209 2269 1318 2306 usu
1354 2252 1631 2321 privatus,
1665 2269 1730 2306 ac
1763 2253 2046 2322 templum

398 2344 781 2398 decumbebat
805 2359 818 2396 :
845 2347 1070 2398 attactu
1095 2341 1250 2396 enim
1275 2342 1729 2413 apostolicarum
1767 2357 2048 2398 manuum

406 2431 652 2486 artubus
699 2431 1059 2502 recuperatis
1105 2430 1336 2486 exsilire
1383 2435 1473 2484 est
1521 2431 1696 2486 visus.
1732 2431 1870 2486 Inde
1918 2447 2047 2486 vero

397 2525 599 2576 contra
629 2536 727 2575 eos
761 2521 976 2574 invidia
1002 2520 1288 2583 exoritur,
1319 2535 1445 2590 quae
1478 2536 1688 2575 nomen
1729 2519 1869 2575 Jesu
1914 2536 2016 2591 pro

396 2612 574 2668 fundo
600 2610 828 2667 silentio
869 2611 1245 2681 premendum
1286 2609 1645 2664 hortabatur.
1681 2609 1802 2664 Illis
1853 2615 2045 2665 autem

394 2701 454 2756 id
490 2701 945 2772 haudquaquam
977 2698 1344 2752 tolerandum
1378 2699 1504 2754 fuit.
1527 2697 1670 2753 Cum
1693 2713 1831 2768 ergo
1864 2701 2049 2752 multa

395 2806 530 2844 cum
573 2788 841 2844 libertate
886 2789 1122 2843 verbum
1181 2785 1500 2856 publicitus
1559 2787 1954 2857 praedicarent,
1986 2787 2043 2841 in

407 2879 708 2949 publicam
755 2877 1148 2946 conjiciuntur
1199 2876 1547 2931 custodiam.
1597 2877 1882 2932 Caeterum
1945 2892 2048 2946 per

396 2965 634 3034 angelos
679 2966 814 3021 inde
859 2966 1067 3030 educti,
1119 2969 1176 3018 et
1222 2965 1508 3032 templum
1571 2963 1841 3034 ingressi,
1890 2965 2041 3017 idem

397 3056 550 3124 quod
603 3058 775 3110 antea
824 3055 1008 3109 facere
1060 3061 1326 3124 pergunt.
1380 3053 1596 3107 Deinde
1655 3053 1728 3107 ab
1774 3055 1940 3108 Anna
1989 3056 2045 3106 et

392 3141 625 3232 Caipha
656 3142 961 3198 concilium
997 3143 1258 3232 cogitur;
1493 3146 1548 3196 et
1568 3143 1668 3212 qui
1701 3141 1869 3232 l'acile
1889 3142 2038 3232 apud
2075 3168 2117 3232 ρ

392 3247 491 3288 eos
544 3231 815 3303 princeps
865 3239 986 3286 erat
1033 3230 1314 3286 Gamaliel
1366 3229 1432 3299 ³⁸,
1465 3247 1580 3284 non
1613 3230 2040 3298 prohibendum

393 3320 786 3393 apostolorum
836 3335 984 3391 opus
1031 3336 1156 3375 esse
1211 3319 1514 3385 suadebat,
1567 3318 2044 3391 hortabaturque,

391 3410 712 3467 coalescere
751 3414 810 3470 et
857 3409 1118 3464 obtinere
1163 3408 1222 3463 id
1279 3407 1604 3463 necessario
1662 3413 1944 3478 oportere,
1994 3410 2040 3463 si

392 3500 472 3553 ita
507 3499 617 3553 Deo
647 3497 836 3554 visum
868 3505 1020 3554 esset
1051 3513 1066 3551 :
1102 3499 1390 3564 etiamque
1421 3503 1592 3565 atque
1634 3497 1804 3552 etiam
1836 3497 2042 3551 viden-

394 3587 534 3642 dum
567 3589 651 3642 eis
679 3603 808 3642 esse
839 3587 1066 3654 dicens,
1091 3604 1161 3641 nc
1183 3585 1400 3642 bellum
1425 3589 1629 3640 contra
1651 3585 1832 3640 Deum
1866 3583 2041 3641 susci-

391 3681 616 3749 perent.
649 3678 945 3734 Theudam
977 3694 1206 3748 quoque
1253 3676 1560 3746 quemdam
1592 3683 1650 3731 et
1678 3676 1892 3732 Judam
1925 3675 2038 3732 Ga-

393 3766 603 3823 Iilaeum
659 3769 718 3821 in
776 3767 1033 3822 medium
1090 3767 1384 3832 afferebat,
1437 3765 1538 3836 qui
1589 3766 1786 3820 censui
1839 3773 1896 3819 et
1938 3767 2038 3820 de-

388 3857 687 3927 scriptioni
732 3858 953 3928 primae,
979 3855 1378 3910 multitudinis
1412 3871 1586 3909 manu
1635 3865 1854 3922 coacta,
1880 3856 2042 3908 resti-

396 3945 563 4002 tisset
597 3962 609 3999 :
643 3951 720 4011 et,
753 3947 903 4014 quod
934 3951 1132 4000 contra
1160 3943 1510 3999 voluntatem
1547 3943 1641 3998 Dei
1692 3950 1905 3998 conatu
1936 3961 2040 3999 suo

394 4033 646 4090 venisset
695 4035 980 4105 periisset.
1016 4035 1166 4088 Tum
1217 4033 1299 4088 illi
1349 4032 1644 4104 apostolos
1676 4033 1859 4102 plagis
1892 4033 2042 4086 mul-

392 4123 634 4176 ctandos
667 4129 877 4178 curant
910 4138 925 4184 ;
958 4127 1015 4176 et
1053 4123 1356 4187 absolutis,
1393 4138 1462 4175 ne
1513 4121 1651 4190 quid
1710 4120 1948 4190 posthac
1981 4122 2037 4176 iu

393 4212 628 4264 nomine
655 4211 792 4265 Jesu
824 4211 910 4265 vel
945 4211 1221 4276 dicerent,
1249 4211 1333 4264 vel
1366 4212 1646 4275 fecerunt,
1672 4210 2038 4278 pra-cipiunt,

389 4299 498 4354 Sed
544 4301 697 4354 enim
749 4315 884 4354 cum
930 4299 1138 4371 ingens
1188 4301 1371 4366 magis
1423 4299 1726 4368 magisque
1758 4297 1831 4353 ad
1861 4297 2031 4352 ﬁdem

2157 1895 2220 1949 τὸ
2269 1895 2453 1965 πιέζον
2512 1894 2859 1950 ἀπόθωνται·
2919 1893 3010 1948 σὺν
3061 1895 3148 1954 οἷς
3178 1893 3265 1948 καὶ
3308 1893 3490 1954 ὁτους
3519 1889 3701 1954 πόδας
3755 1891 3808 1947 ἐκ

2157 1983 2411 2058 γενέσεως
2469 1985 2892 2057 πεπηρωμένος,
2940 1981 3030 2037 καὶ
3087 1987 3168 2054 τῷ
3225 1983 3357 2054 ἱερῷ
3405 1979 3804 2055 προσεδρεύων,

2157 2078 2228 2147 τῇ
2279 2078 2387 2127 τῶν
2445 2071 2824 2128 ἀποπολικῶν
2893 2075 3096 2146 χειρῶν
3170 2071 3280 2148 ἀφῇ
3349 2068 3663 2144 ἀρτιμλῆς
3720 2071 3802 2125 καὶ

2157 2160 2469 2235 ἀλλόμενος
2521 2160 2878 2218 ἀνεδείκνυτο.
2923 2162 3194 2217 Ἐντεῦθεν
3253 2161 3342 2214 καὶ
3401 2158 3618 2221 τούτοις
3683 2160 3802 2235 φθό-

2156 2273 2249 2314 νος
2299 2251 2508 2328 ἐφύετο,
2558 2253 2646 2306 καὶ
2692 2253 2752 2306 τὸ
2802 2256 2899 2306 τοῦ
2943 2253 3124 2320 Ἰησοῦ
3173 2245 3349 2320 ὄνομα
3410 2251 3569 2322 σιγῆς
3623 2249 3806 2322 βυθοῑς

2157 2339 2505 2413 ἐγκαταόύειν
2568 2338 2994 2415 προυτρέποντο.
3053 2345 3176 2401 Τοῖς
3250 2336 3296 2392 δ’
3376 2337 3684 2412 ἀνασχετὸν
3747 2338 3807 2405 ἦν

2160 2429 2454 2502 οὐδαμῶς
2508 2429 2636 2486 ἀλλ’
2694 2430 2849 2491 αὖθις
2891 2430 2986 2484 τὸν
3043 2427 3214 2502 λόγον
3275 2425 3558 2501 παρρησίᾳ
3597 2427 3806 2500 κηρύτ-

2156 2540 2366 2588 τοντες,
2400 2519 2452 2574 ὲν
2509 2521 2737 2593 τηρήσει
2797 2519 3039 2591 δημοσίᾳ
3092 2516 3462 2574 καθίστανται.
3507 2515 3802 2592 Ἀγγελικξ

2157 2607 2215 2664 δὲ
2284 2607 2566 2679 δυναστείᾳ
2640 2609 2963 2683 ἐξάγονταιο
3025 2608 3116 2660 καὶ
3171 2611 3251 2678 τῷ
3299 2607 3430 2679 ἰερῷ
3487 2604 3801 2680 γενόμενοι,

2153 2701 2218 2754 τὰ
2269 2698 2439 2772 ὅμοια
2489 2697 2874 2772 διεπράττοντο
2929 2695 3220 2768 Συνέὸριον
3276 2694 3364 2750 ἐπὶ
3419 2697 3643 2756 τοῦτοις
3693 2699 3799 2754 toi:

2153 2791 2274 2861 περὶ
2333 2790 2423 2842 τὸν
2456 2790 2646 2844 Ἄνναν
2704 2789 2789 2842 καὶ
2854 2786 3094 2866 Καϊάφαν
3144 2787 3419 2849 καθῆστο’
3452 2784 3545 2840 καὶ
3607 2785 3638 2840 ὁ
3681 2785 3798 2857 παρ’

2153 2877 2378 2938 ἐκείνοις
2431 2876 2498 2931 τὰ
2552 2881 2742 2950 πρῶτα
2798 2872 2968 2954 ἔχων,
3003 2873 3298 2948 Γαμαλιήλ
3355 2873 3513 2934 οὗτος
3558 2871 3794 2948 ἐλέγετο,

2155 2967 2365 3042 ἀφεῖναι
2440 2964 2652 3037 μᾶλλον
2707 2964 2770 3019 τὸ
2828 2965 2962 3018 κατά
3025 2965 3153 3024 τοὺς
3219 2961 3570 3024 ἀποστόλους
3641 2961 3794 3030 ἔργον

2153 3055 2381 3129 παρῄνει
2431 3055 2521 3109 καὶ
2572 3049 2964 3109 συνεϐούλευε*
3013 3051 3355 3108 συνίστασθαι
3401 3051 3504 3126 γὰρ
3569 3053 3792 3125 ἀνάγκη,

2155 3142 2198 3198 εἷ
2232 3147 2347 3212 Θεῷ
2377 3142 2700 3217 βουλομένῳ
2731 3139 2843 3197 ἔστι
2870 3160 2881 3172 ·
2913 3142 3002 3210 Μὴ
3055 3142 3146 3196 καὶ
3185 3143 3481 3215 θεομαχεῖν
3529 3142 3658 3213 ὑμῖν
3709 3140 3796 3212 γέ·

2155 3253 2328 3298 νοιτο,
2360 3237 2576 3286 σκοπεῖν
2636 3233 2773 3306 χρὴ,
2805 3229 3095 3306 ἐπιλέγων.
3145 3232 3241 3286 Καὶ
3293 3227 3495 3286 Θευδᾶν
3541 3252 3664 3285 τινα
3712 3228 3793 3284 καί

2149 3320 2240 3372 τὸν
2293 3318 2586 3374 Γαλιλαῖον
2628 3316 2834 3375 Ἰούδαν
2883 3323 2962 3389 τῷ
3015 3318 3162 3392 μέσῳ
3207 3325 3420 3392 παρῆγε
3477 3321 3547 3389 τῇ
3603 3319 3794 3390 πρώτῃ

2152 3411 2466 3466 ἀντιστάντα
2520 3410 2836 3486 ἀπογραφῇ,
2891 3408 2982 3464 καὶ
3040 3409 3256 3477 πλῆθος
3323 3409 3758 3486 ὲφελκυσάμενον

2149 3500 2240 3553 καὶ
2299 3497 2708 3575 διαφθαρέντας,
2753 3497 2834 3570 τῷ
2894 3499 2970 3570 μή
3031 3497 3167 3552 κατὰ
3227 3497 3494 3571 βούλησιν
3552 3497 3798 3572 ἐνηργη-

2149 3587 2292 3641 κέναι
2339 3591 2492 3642 Θεοῦ.
2543 3587 2638 3641 Καὶ
2689 3587 2743 3640 οἱ
2795 3587 2888 3659 μὲν
2939 3585 3181 3660 πληγαῖς
3248 3582 3627 3647 ὑποϐαλόντες
3674 3592 3797 3649 τοὺς

2149 3674 2516 3743 ἀποστόλους,
2575 3675 2831 3745 ἀπέλυον,
2889 3677 2964 3749 μὴ
3024 3676 3110 3729 ἐπὶ
3176 3681 3256 3748 τῷ
3316 3676 3502 3745 Ἰησοῦ
3575 3676 3790 3746 ὀνόματι

2149 3765 2400 3838 πράττειν
2455 3785 2507 3817 τι
2563 3765 2598 3834 ἢ
2675 3764 2846 3839 λέγειν
2926 3767 3398 3840 παρεγγυώμενοι,
3449 3767 3687 3842 Στίσρους
3734 3786 3790 3838 γε

2153 3856 2261 3924 μὴν
2303 3855 2378 3913 ὡς
2436 3853 2700 3909 πλείστου
2753 3859 2821 3929 τῇ
2881 3854 3057 3909 πίστει
3099 3853 3443 3929 συρρέοντος,
3475 3853 3794 3931 γογγυσμὸς

2149 3944 2284 4016 πρὸς
2318 3947 2422 3998 τῶν
2453 3942 2825 4013 Ἐλληνιστων
2854 3944 2944 4012 ἦν,
2977 3945 3052 4006 ὡς
3095 3948 3204 3998 τῶν
3260 3942 3530 4022 σφετέρων
3581 3964 3795 4018 παρεω-

2152 4031 2396 4106 ραμένων
2455 4037 2666 4105 χηρῶν.
2703 4033 2797 4086 Καὶ
2858 4032 2994 4102 δῆτα
3053 4033 3104 4087 οἱ
3157 4035 3280 4106 περί
3341 4034 3617 4104 Στέφανον
3651 4033 3795 4089 θείου

2153 4127 2384 4194 μέτοχοι
2467 4121 2798 4192 ilva-511.1104,
2858 4123 2992 4176 ἑπτα
3049 4121 3106 4177 δὲ
3164 4123 3323 4190 ἦσαν,
3384 4124 3529 4196 εὐχῇ
3589 4144 3648 4177 τε
3707 4122 3792 4176 καὶ

2148 4210 2376 4264 ἐπιθέσει
2438 4214 2639 4283 χειρῶν
2701 4207 2970 4264 διακονεῖν
3029 4216 3144 4272 τοῖς
3201 4217 3408 4271 κοινοῖς
3467 4211 3792 4282 ἐπιτρέπον-

2144 4317 2268 4352 ταιο
2312 4298 2503 4352 ἐκεῖνοι
2565 4295 2618 4352 δὲ
2669 4303 2764 4353 τοῦ
2813 4299 2962 4353 θείου
3009 4299 3184 4374 λόγου
3237 4301 3404 4373 μόνου
3462 4301 3791 4372 προεστάναι

389 4387 708 4444 conﬂueret
758 4389 1096 4457 multitudo,
1131 4389 1449 4462 indignatio
1491 4389 1551 4442 in
1583 4403 1652 4442 ea
1680 4394 1737 4443 et
1771 4405 2022 4443 murmui

2182 4393 2254 4441 εῖν
2295 4386 2522 4462 ἔκρινον.

383 4479 710 4536 Griecorum
760 4481 1038 4548 exoritur,
1088 4481 1244 4552 quod
1299 4480 1486 4534 viduas
1535 4494 1734 4532 eorum
1785 4480 2238 4548 despicerentur.

2317 4479 2398 4534 Ita
2450 4481 2810 4550 Stephanus,
2861 4487 2919 4534 et
2969 4499 3102 4538 cum
3155 4498 3222 4536 eo
3283 4500 3378 4537 sex
3433 4482 3561 4548 viri,
3611 4482 3797 4538 divini

387 4569 694 4640 participes
747 4567 1018 4638 Spiritus,
1053 4568 1385 4640 precatione
1430 4573 1486 4624 et
1537 4584 1818 4623 manuum
1874 4569 2246 4638 impositioue
2295 4570 2363 4620 ad
2403 4568 2792 4624 ministerium
2850 4571 3145 4640 publicum
3180 4571 3388 4626 delecti
3421 4571 3794 4627 ordinantur.

385 4657 496 4730 Ipsi
527 4674 657 4715 vero
688 4656 934 4729 apostoli
963 4658 1072 4714 soli
1103 4659 1216 4714 sibi
1249 4657 1420 4714 verdo
1451 4658 1773 4713 vacandum
1806 4673 1934 4713 esse
1970 4661 2260 4714 statuunt.

1020 4747 1256 4805 CAPUT
1286 4748 1385 4804 Ill.

383 4840 458 4895 De
485 4839 835 4895 ordinatione
875 4839 1059 4896 Jacobi
1095 4841 1286 4908 fratris
1319 4837 1430 4905 Dei,
1462 4842 1513 4892 et
1541 4836 1808 4908 expositio
1837 4835 1902 4908 de
1929 4851 2024 4902 go-

449 4927 580 4967 nere
623 4911 861 4981 Josephi,
893 4907 1306 4981 spousiltariz
1354 4917 1406 4964 et
1459 4907 1689 4965 Joannis
1739 4907 2023 4981 Baptista,

450 4999 547 5039 nec
591 4999 697 5038 non
747 4979 1110 5039 sanctissima?
1156 4983 1250 5036 Dei
1297 4981 1641 5036 Genitricis:
1689 4996 1759 5033 ex
1804 4979 2027 5044 scriptis

452 5055 740 5110 Clementis
811 5055 1140 5118 collectoris,
1196 5053 1394 5120 evodiz’,
1453 5061 1504 5107 et
1566 5051 1874 5122 Hippolyti,
1928 5053 2026 5120 qui

447 5127 824 5198 apostolorum
855 5142 1180 5182 successore:
1210 5129 1455 5195 fuerunt,
1489 5123 1756 5193 decerpta.

446 5272 596 5341 sane
629 5287 861 5357 quidem
895 5291 950 5340 et
978 5285 1286 5352 Jacobum,
1319 5283 1416 5356 qui
1472 5285 1644 5338 frater
1676 5281 1903 5337 Domini
1938 5282 2021 5336 di-

374 5376 629 5442 cebatur,
680 5377 830 5447 quod
879 5379 1073 5448 sponsi
1124 5375 1356 5444 Josephi
1411 5373 1566 5427 filius
1615 5375 1685 5436 is,
1735 5378 1790 5426 et
1838 5374 2021 5426 mater

370 5463 509 5519 Jesu
568 5481 784 5536 sponsa
835 5464 1074 5536 Josephi
1122 5468 1295 5529 esset,
1341 5467 1575 5534 propter
1638 5459 2017 5516 excellentem

445 5639 500 5675 ³³
523 5641 648 5698 Act.
680 5659 734 5715 ν,
765 5642 853 5697 39.

2774 4751 3028 4804 ΚΕΦΑΛ.
3071 4750 3142 4804 Γ’.

2138 4833 2293 4907 Περὶ
2334 4830 3253 4909 τῆ-ςμχειροτονίαςἸακώϐου
3281 4840 3396 4890 τοῦ
3428 4833 3796 4909 ἀδελοοθὲ-

2206 4902 2278 4958 οὐ
2316 4906 2420 4984 καὶ
2457 4902 2781 4984 δἰ’ήγἠσ.ις
2813 4908 3107 4984 περὶτοῦ
3135 4909 3370 4982 γένους
3406 4902 3644 4984 Ἰωσὴιρ
3677 4912 3793 4984 τοᾷ

2209 4979 2331 5048 μνή
2356 4977 2734 5049 στοροςκαὶ
2766 4977 3076 5034 Ἰωάννου
3106 4977 3219 5049 τοῦ
3252 4977 3649 5048 Βαπτιστοῦ,
3684 4979 3790 5033 καὶ

2202 5047 2325 5116 τῆς
2358 5047 2576 5122 ἀγν-ἤς
2619 5053 3094 5124 Θεομήτορολςῇ
3127 5047 3196 5104 ἐκ
3232 5055 3358 5104 τῶν
3395 5047 3785 5124 Κλήμεντος

2201 5124 2315 5174 τοῦ
2355 5118 3162 5192 στρωματέωςζεῦωδίου
3199 5141 3279 5192 τε
3307 5123 3413 5176 καὶ
3464 5118 3787 5178 Ἱππολῦ-

2201 5211 2337 5259 του,
2381 5187 2450 5243 οἵ
2481 5187 2804 5266 διάδοχοι
2843 5197 2970 5246 τῶν
3011 5191 3398 5248 ἀποστόλων
3453 5191 3780 5267 ἐγένοντο.

2207 5281 2305 5333 Καὶ
2340 5276 2406 5346 δὴ
2439 5278 2528 5332 καὶ
2563 5276 2844 5347 Ἰάκωϐου,
2877 5281 2934 5342 ὃς
2981 5285 3077 5336 τοῦ
3125 5280 3325 5356 Κυρίου
3374 5279 3609 5356 ἀδελφὸς
3668 5283 3783 5338 ἐλέ-

2129 5388 2274 5440 γετο,
2322 5367 2509 5440 ὅτιπερ
2559 5374 2654 5424 τοῦ
2707 5372 3013 5444 μνήστορος
3043 5369 3248 5449 Ἰωσὴφ
3297 5376 3425 5432 παῖς
3484 5373 3782 5448 ἐτύγχανεν

2129 5453 2224 5519 ὣν,
2261 5459 2476 5530 μνηστὴ
2509 5456 2564 5512 δέ
2617 5460 2667 5512 οἱ
2718 5459 2864 5530 αὐτῷ
2893 5462 2927 5528 ἡ
2985 5463 3169 5532 μήτηρ
3206 5465 3303 5514 τοῦ
3340 5463 3520 5531 Ἰησοῦ
3546 5482 3557 5493 ·
3590 5467 3782 5516 τοῦτον
