  <div class='ocr_page' id='page_1' title='image "/cluster/home/n/w/nwhite01/storage/ocr_20150623/145/hvd.32044054086921/384.png"; bbox 0 0 4084 6208; ppageno 0'>
   <div class='ocr_carea' id='block_1_1' title="bbox 203 466 330 529">
    <p class='ocr_par' dir='ltr' id='par_1_1' title="bbox 203 466 330 529">
     <span class='ocr_line' id='line_1_1' title="bbox 203 466 330 529; baseline 0 -1"><span class='ocrx_word' id='word_1_1' title='bbox 203 466 330 529; x_wconf 79' lang='lat'><strong>757</strong></span> 
     </span>
    </p>
   </div>
   <div class='ocr_carea' id='block_1_2' title="bbox 1225 466 2592 536">
    <p class='ocr_par' dir='ltr' id='par_1_2' title="bbox 1225 466 2592 536">
     <span class='ocr_line' id='line_1_2' title="bbox 1225 466 2592 536; baseline 0.004 -8"><span class='ocrx_word' id='word_1_2' title='bbox 1225 466 1842 531; x_wconf 71' lang='lat' dir='ltr'><strong>ECCLESIASTIC/E</strong></span> <span class='ocrx_word' id='word_1_3' title='bbox 1885 472 2276 535; x_wconf 78' lang='lat' dir='ltr'><strong>HISTORL‘E</strong></span> <span class='ocrx_word' id='word_1_4' title='bbox 2318 474 2464 536; x_wconf 89' lang='lat' dir='ltr'><strong>LIB.</strong></span> <span class='ocrx_word' id='word_1_5' title='bbox 2512 474 2592 534; x_wconf 87' lang='lat' dir='ltr'><strong>Il.</strong></span> 
     </span>
    </p>
   </div>
   <div class='ocr_carea' id='block_1_3' title="bbox 3499 473 3618 534">
    <p class='ocr_par' dir='ltr' id='par_1_3' title="bbox 3499 473 3618 534">
     <span class='ocr_line' id='line_1_3' title="bbox 3499 473 3618 534; baseline 0.042 -4"><span class='ocrx_word' id='word_1_6' title='bbox 3499 473 3618 534; x_wconf 77' lang='lat'><strong>758</strong></span> 
     </span>
    </p>
   </div>
   <div class='ocr_carea' id='block_1_4' title="bbox 205 597 1875 681">
    <p class='ocr_par' dir='ltr' id='par_1_4' title="bbox 205 597 1850 676">
     <span class='ocr_line' id='line_1_4' title="bbox 205 597 1850 676; baseline 0 -18"><span class='ocrx_word' id='word_1_7' title='bbox 205 603 304 658; x_wconf 79' lang='grc' dir='ltr'>οὖν</span> <span class='ocrx_word' id='word_1_8' title='bbox 337 603 432 658; x_wconf 83' lang='grc' dir='ltr'><strong>τὸν</strong></span> <span class='ocrx_word' id='word_1_9' title='bbox 465 597 749 670; x_wconf 84' lang='grc' dir='ltr'>Ἰάκωϐον,</span> <span class='ocrx_word' id='word_1_10' title='bbox 781 603 838 658; x_wconf 86' lang='grc' dir='ltr'><strong>’ὀν</strong></span> <span class='ocrx_word' id='word_1_11' title='bbox 880 606 960 675; x_wconf 80' lang='grc' dir='ltr'>τῷ</span> <span class='ocrx_word' id='word_1_12' title='bbox 987 600 1229 676; x_wconf 83' lang='grc' dir='ltr'><strong>περιόντι</strong></span> <span class='ocrx_word' id='word_1_13' title='bbox 1258 605 1358 669; x_wconf 81' lang='grc' dir='ltr'>τῆς</span> <span class='ocrx_word' id='word_1_14' title='bbox 1388 601 1585 676; x_wconf 80' lang='grc' dir='ltr'>ἀρετῆς</span> <span class='ocrx_word' id='word_1_15' title='bbox 1616 601 1703 656; x_wconf 82' lang='grc' dir='ltr'><strong>καὶ</strong></span> <span class='ocrx_word' id='word_1_16' title='bbox 1733 609 1850 666; x_wconf 91' lang='grc' dir='ltr'>τοῖς</span> 
     </span>
    </p>
   </div>
   <div class='ocr_carea' id='block_1_5' title="bbox 1985 597 3618 681">
    <p class='ocr_par' dir='ltr' id='par_1_5' title="bbox 1985 607 3618 681">
     <span class='ocr_line' id='line_1_5' title="bbox 1985 607 3618 681; baseline 0.001 -18"><span class='ocrx_word' id='word_1_17' title='bbox 1985 609 2097 677; x_wconf 70' lang='lat' dir='ltr'><strong>ajus</strong></span> <span class='ocrx_word' id='word_1_18' title='bbox 2127 609 2407 666; x_wconf 80' lang='lat' dir='ltr'><strong>virtutum</strong></span> <span class='ocrx_word' id='word_1_19' title='bbox 2437 613 2497 665; x_wconf 91' lang='lat' dir='ltr'><strong>et</strong></span> <span class='ocrx_word' id='word_1_20' title='bbox 2527 607 2816 681; x_wconf 67' lang='lat' dir='ltr'><strong>pracipua</strong></span> <span class='ocrx_word' id='word_1_21' title='bbox 2845 609 2958 665; x_wconf 85' lang='lat' dir='ltr'><strong>alia</strong></span> <span class='ocrx_word' id='word_1_22' title='bbox 2987 616 3348 674; x_wconf 89' lang='lat' dir='ltr'><strong>ornamenta,</strong></span> <span class='ocrx_word' id='word_1_23' title='bbox 3379 607 3618 664; x_wconf 85' lang='lat' dir='ltr'><strong>Justum</strong></span> 
     </span>
    </p>
   </div>
   <div class='ocr_carea' id='block_1_6' title="bbox 204 690 1862 767">
    <p class='ocr_par' dir='ltr' id='par_1_6' title="bbox 204 690 1862 767">
     <span class='ocr_line' id='line_1_6' title="bbox 204 690 1862 767; baseline 0 -20"><span class='ocrx_word' id='word_1_24' title='bbox 204 691 434 754; x_wconf 81' lang='grc' dir='ltr'><strong>λοιποῖς</strong></span> <span class='ocrx_word' id='word_1_25' title='bbox 492 693 900 767; x_wconf 78' lang='grc' dir='ltr'>προτερήμασε.</span> <span class='ocrx_word' id='word_1_26' title='bbox 960 690 1176 747; x_wconf 80' lang='grc' dir='ltr'>Δίκαιον</span> <span class='ocrx_word' id='word_1_27' title='bbox 1239 691 1468 756; x_wconf 74' lang='grc' dir='ltr'>ἅπαντες</span> <span class='ocrx_word' id='word_1_28' title='bbox 1541 690 1862 762; x_wconf 81' lang='grc' dir='ltr'><strong>ἐπεκάλουν,</strong></span> 
     </span>
    </p>
   </div>
   <div class='ocr_carea' id='block_1_7' title="bbox 204 778 1866 856">
    <p class='ocr_par' dir='ltr' id='par_1_7' title="bbox 204 778 1866 856">
     <span class='ocr_line' id='line_1_7' title="bbox 204 778 1866 856; baseline 0 -20"><span class='ocrx_word' id='word_1_29' title='bbox 204 789 311 850; x_wconf 82' lang='grc' dir='ltr'><strong>τῆς</strong></span> <span class='ocrx_word' id='word_1_30' title='bbox 353 779 406 836; x_wconf 79' lang='grc' dir='ltr'>ἐν</span> <span class='ocrx_word' id='word_1_31' title='bbox 435 781 853 856; x_wconf 83' lang='grc' dir='ltr'>Ἱεροσολύμοις</span> <span class='ocrx_word' id='word_1_32' title='bbox 884 778 1210 850; x_wconf 87' lang='grc' dir='ltr'>Ἐκκλησίας</span> <span class='ocrx_word' id='word_1_33' title='bbox 1240 781 1446 855; x_wconf 83' lang='grc' dir='ltr'><strong>πρώτῳ</strong></span> <span class='ocrx_word' id='word_1_34' title='bbox 1494 781 1594 850; x_wconf 79' lang='grc' dir='ltr'><strong>τήν</strong></span> <span class='ocrx_word' id='word_1_35' title='bbox 1640 779 1866 836; x_wconf 80' lang='grc' dir='ltr'>ἐπισκο-</span> 
     </span>
    </p>
   </div>
   <div class='ocr_carea' id='block_1_8' title="bbox 205 867 1864 946">
    <p class='ocr_par' dir='ltr' id='par_1_8' title="bbox 205 867 1864 946">
     <span class='ocr_line' id='line_1_8' title="bbox 205 867 1864 946; baseline 0 -22"><span class='ocrx_word' id='word_1_36' title='bbox 205 873 322 940; x_wconf 83' lang='grc' dir='ltr'><strong>πὴν</strong></span> <span class='ocrx_word' id='word_1_37' title='bbox 365 869 754 946; x_wconf 81' lang='grc' dir='ltr'>ἐγχειρίζουσι.</span> <span class='ocrx_word' id='word_1_38' title='bbox 809 871 908 926; x_wconf 79' lang='grc' dir='ltr'>Καὶ</span> <span class='ocrx_word' id='word_1_39' title='bbox 961 874 1222 944; x_wconf 86' lang='grc' dir='ltr'>μαρτυρεῖ</span> <span class='ocrx_word' id='word_1_40' title='bbox 1270 867 1507 943; x_wconf 78' lang='grc' dir='ltr'><strong>Κλήμης</strong></span> <span class='ocrx_word' id='word_1_41' title='bbox 1557 869 1610 924; x_wconf 82' lang='grc' dir='ltr'><strong>έν</strong></span> <span class='ocrx_word' id='word_1_42' title='bbox 1659 874 1706 933; x_wconf 88' lang='grc' dir='ltr'>ς’</span> <span class='ocrx_word' id='word_1_43' title='bbox 1755 874 1864 926; x_wconf 83' lang='grc' dir='ltr'><strong>τῶν</strong></span> 
     </span>
    </p>
   </div>
   <div class='ocr_carea' id='block_1_9' title="bbox 203 957 1864 1035">
    <p class='ocr_par' dir='ltr' id='par_1_9' title="bbox 203 957 1864 1035">
     <span class='ocr_line' id='line_1_9' title="bbox 203 957 1864 1035; baseline -0.001 -19"><span class='ocrx_word' id='word_1_44' title='bbox 203 957 644 1016; x_wconf 78' lang='grc' dir='ltr'>’Υποτυπώσεων</span> <span class='ocrx_word' id='word_1_45' title='bbox 676 960 705 1014; x_wconf 90' lang='lat'><strong>6</strong></span> <span class='ocrx_word' id='word_1_46' title='bbox 735 959 1108 1032; x_wconf 83' lang='grc' dir='ltr'>στρωματεὺς,</span> <span class='ocrx_word' id='word_1_47' title='bbox 1140 958 1347 1014; x_wconf 83' lang='grc' dir='ltr'>ούτωσὶ</span> <span class='ocrx_word' id='word_1_48' title='bbox 1393 959 1614 1035; x_wconf 75' lang='grc' dir='ltr'>γράφων</span> <span class='ocrx_word' id='word_1_49' title='bbox 1645 979 1657 991; x_wconf 91' lang='grc'><strong>·</strong></span> <span class='ocrx_word' id='word_1_50' title='bbox 1699 981 1724 1014; x_wconf 71' lang='grc' dir='ltr'><strong>ε</strong></span> <span class='ocrx_word' id='word_1_51' title='bbox 1761 959 1864 1014; x_wconf 85' lang='grc' dir='ltr'>Πέ-</span> 
     </span>
    </p>
   </div>
   <div class='ocr_carea' id='block_1_10' title="bbox 206 1042 1862 1122">
    <p class='ocr_par' dir='ltr' id='par_1_10' title="bbox 206 1042 1862 1122">
     <span class='ocr_line' id='line_1_10' title="bbox 206 1042 1862 1122; baseline 0 -20"><span class='ocrx_word' id='word_1_52' title='bbox 206 1068 342 1122; x_wconf 83' lang='grc' dir='ltr'>τρον</span> <span class='ocrx_word' id='word_1_53' title='bbox 373 1047 462 1102; x_wconf 79' lang='grc' dir='ltr'>καὶ</span> <span class='ocrx_word' id='word_1_54' title='bbox 512 1042 772 1102; x_wconf 87' lang='grc' dir='ltr'>Ἰάκωϐον</span> <span class='ocrx_word' id='word_1_55' title='bbox 812 1048 904 1102; x_wconf 85' lang='grc' dir='ltr'>καὶ</span> <span class='ocrx_word' id='word_1_56' title='bbox 953 1048 1202 1116; x_wconf 76' lang='grc' dir='ltr'>Ἰωάννην</span> <span class='ocrx_word' id='word_1_57' title='bbox 1256 1047 1392 1120; x_wconf 80' lang='grc' dir='ltr'>μετά</span> <span class='ocrx_word' id='word_1_58' title='bbox 1438 1048 1536 1115; x_wconf 74' lang='grc' dir='ltr'>τὴν</span> <span class='ocrx_word' id='word_1_59' title='bbox 1587 1047 1862 1122; x_wconf 72' lang='grc' dir='ltr'>ἀνάληψιν</span> 
     </span>
    </p>
   </div>
   <div class='ocr_carea' id='block_1_11' title="bbox 203 1134 1864 1212">
    <p class='ocr_par' dir='ltr' id='par_1_11' title="bbox 203 1134 1864 1212">
     <span class='ocr_line' id='line_1_11' title="bbox 203 1134 1864 1212; baseline 0.001 -22"><span class='ocrx_word' id='word_1_60' title='bbox 203 1141 308 1192; x_wconf 91' lang='lat'><strong>106</strong></span> <span class='ocrx_word' id='word_1_61' title='bbox 341 1143 628 1212; x_wconf 81' lang='grc' dir='ltr'><strong>Σωτῆρος,</strong></span> <span class='ocrx_word' id='word_1_62' title='bbox 659 1137 736 1198; x_wconf 84' lang='grc' dir='ltr'>ὡς</span> <span class='ocrx_word' id='word_1_63' title='bbox 765 1134 826 1192; x_wconf 85' lang='grc' dir='ltr'><strong>ἂν</strong></span> <span class='ocrx_word' id='word_1_64' title='bbox 857 1136 950 1192; x_wconf 82' lang='grc' dir='ltr'><strong>καὶ</strong></span> <span class='ocrx_word' id='word_1_65' title='bbox 982 1136 1085 1191; x_wconf 80' lang='grc' dir='ltr'>ὑπὸ</span> <span class='ocrx_word' id='word_1_66' title='bbox 1133 1141 1230 1192; x_wconf 82' lang='grc' dir='ltr'><strong>τοῦ</strong></span> <span class='ocrx_word' id='word_1_67' title='bbox 1275 1136 1472 1210; x_wconf 78' lang='grc' dir='ltr'>Κυρίου</span> <span class='ocrx_word' id='word_1_68' title='bbox 1523 1156 1864 1211; x_wconf 85' lang='grc' dir='ltr'>προτετιμη-</span> 
     </span>
    </p>
   </div>
   <div class='ocr_carea' id='block_1_12' title="bbox 209 1221 1855 1298">
    <p class='ocr_par' dir='ltr' id='par_1_12' title="bbox 209 1221 1855 1298">
     <span class='ocr_line' id='line_1_12' title="bbox 209 1221 1855 1298; baseline -0.001 -18"><span class='ocrx_word' id='word_1_69' title='bbox 209 1228 434 1298; x_wconf 79' lang='grc' dir='ltr'>μένους,</span> <span class='ocrx_word' id='word_1_70' title='bbox 471 1227 549 1298; x_wconf 78' lang='grc' dir='ltr'>μὴ</span> <span class='ocrx_word' id='word_1_71' title='bbox 582 1225 983 1296; x_wconf 81' lang='grc' dir='ltr'><strong>ἐπιδικάζεσθαι</strong></span> <span class='ocrx_word' id='word_1_72' title='bbox 1034 1222 1195 1296; x_wconf 79' lang='grc' dir='ltr'>δόξης</span> <span class='ocrx_word' id='word_1_73' title='bbox 1229 1243 1241 1256; x_wconf 83' lang='lat'>&#39;</span> <span class='ocrx_word' id='word_1_74' title='bbox 1276 1223 1423 1282; x_wconf 84' lang='grc' dir='ltr'>ἀλλὰ</span> <span class='ocrx_word' id='word_1_75' title='bbox 1467 1221 1728 1281; x_wconf 80' lang='grc' dir='ltr'>Ἰάκωϐον</span> <span class='ocrx_word' id='word_1_76' title='bbox 1763 1227 1855 1282; x_wconf 86' lang='grc' dir='ltr'><strong>τὸν</strong></span> 
     </span>
    </p>
   </div>
   <div class='ocr_carea' id='block_1_13' title="bbox 205 1313 1862 1390">
    <p class='ocr_par' dir='ltr' id='par_1_13' title="bbox 205 1313 1862 1390">
     <span class='ocr_line' id='line_1_13' title="bbox 205 1313 1862 1390; baseline 0.001 -20"><span class='ocrx_word' id='word_1_77' title='bbox 205 1315 456 1384; x_wconf 88' lang='grc' dir='ltr'>Δίκαιον,</span> <span class='ocrx_word' id='word_1_78' title='bbox 489 1313 784 1370; x_wconf 82' lang='grc' dir='ltr'>ἐπίσκοπον</span> <span class='ocrx_word' id='word_1_79' title='bbox 815 1319 924 1371; x_wconf 83' lang='grc' dir='ltr'>τῶν</span> <span class='ocrx_word' id='word_1_80' title='bbox 975 1313 1373 1390; x_wconf 86' lang='grc' dir='ltr'>Ἱεροσολύμων</span> <span class='ocrx_word' id='word_1_81' title='bbox 1423 1313 1656 1372; x_wconf 84' lang='grc' dir='ltr'>έλέσθαι.</span> <span class='ocrx_word' id='word_1_82' title='bbox 1693 1338 1720 1366; x_wconf 86' lang='grc'><strong>››</strong></span> <span class='ocrx_word' id='word_1_83' title='bbox 1774 1317 1862 1371; x_wconf 87' lang='grc' dir='ltr'>Ἐν</span> 
     </span>
    </p>
   </div>
   <div class='ocr_carea' id='block_1_14' title="bbox 205 1399 1865 1477">
    <p class='ocr_par' dir='ltr' id='par_1_14' title="bbox 205 1399 1865 1477">
     <span class='ocr_line' id='line_1_14' title="bbox 205 1399 1865 1477; baseline -0.001 -18"><span class='ocrx_word' id='word_1_84' title='bbox 205 1401 270 1460; x_wconf 72' lang='grc' dir='ltr'><strong>δὲ</strong></span> <span class='ocrx_word' id='word_1_85' title='bbox 297 1409 382 1476; x_wconf 79' lang='grc' dir='ltr'><strong>τῷ</strong></span> <span class='ocrx_word' id='word_1_86' title='bbox 427 1399 654 1477; x_wconf 74' lang='grc' dir='ltr'>ἑϐδόμῳ</span> <span class='ocrx_word' id='word_1_87' title='bbox 701 1411 802 1472; x_wconf 80' lang='grc' dir='ltr'>τῆς</span> <span class='ocrx_word' id='word_1_88' title='bbox 847 1404 1020 1473; x_wconf 78' lang='grc' dir='ltr'>αὐτῆς</span> <span class='ocrx_word' id='word_1_89' title='bbox 1074 1405 1381 1466; x_wconf 73' lang='grc' dir='ltr'><strong>ὑποθέσεως</strong></span> <span class='ocrx_word' id='word_1_90' title='bbox 1429 1400 1510 1458; x_wconf 84' lang='grc' dir='ltr'>ἔτι</span> <span class='ocrx_word' id='word_1_91' title='bbox 1557 1405 1648 1458; x_wconf 85' lang='grc' dir='ltr'><strong>καὶ</strong></span> <span class='ocrx_word' id='word_1_92' title='bbox 1696 1407 1865 1459; x_wconf 80' lang='grc' dir='ltr'>ταῦτα</span> 
     </span>
    </p>
   </div>
   <div class='ocr_carea' id='block_1_15' title="bbox 205 1488 1862 1569">
    <p class='ocr_par' dir='ltr' id='par_1_15' title="bbox 205 1488 1862 1569">
     <span class='ocr_line' id='line_1_15' title="bbox 205 1488 1862 1569; baseline -0.001 -21"><span class='ocrx_word' id='word_1_93' title='bbox 205 1493 336 1568; x_wconf 86' lang='grc' dir='ltr'>περὶ</span> <span class='ocrx_word' id='word_1_94' title='bbox 397 1493 564 1549; x_wconf 77' lang='grc' dir='ltr'>αὐτοῦ</span> <span class='ocrx_word' id='word_1_95' title='bbox 614 1490 984 1569; x_wconf 68' lang='grc' dir='ltr'>διεξέρχεται*</span> <span class='ocrx_word' id='word_1_96' title='bbox 1043 1519 1069 1545; x_wconf 82' lang='grc' dir='ltr'><strong>α</strong></span> <span class='ocrx_word' id='word_1_97' title='bbox 1105 1488 1350 1565; x_wconf 69' lang='grc' dir='ltr'>Ἰακώϐῳ</span> <span class='ocrx_word' id='word_1_98' title='bbox 1396 1498 1476 1565; x_wconf 78' lang='grc' dir='ltr'><strong>τῷ</strong></span> <span class='ocrx_word' id='word_1_99' title='bbox 1527 1492 1725 1566; x_wconf 86' lang='grc' dir='ltr'>Δικαίῳ</span> <span class='ocrx_word' id='word_1_100' title='bbox 1770 1494 1862 1548; x_wconf 77' lang='grc' dir='ltr'><strong>καὶ</strong></span> 
     </span>
    </p>
   </div>
   <div class='ocr_carea' id='block_1_16' title="bbox 206 1578 1863 1658">
    <p class='ocr_par' dir='ltr' id='par_1_16' title="bbox 206 1578 1863 1658">
     <span class='ocr_line' id='line_1_16' title="bbox 206 1578 1863 1658; baseline -0.001 -20"><span class='ocrx_word' id='word_1_101' title='bbox 206 1583 440 1654; x_wconf 77' lang='grc' dir='ltr'>Ἰωάννῃ</span> <span class='ocrx_word' id='word_1_102' title='bbox 497 1583 588 1637; x_wconf 86' lang='grc' dir='ltr'><strong>καὶ</strong></span> <span class='ocrx_word' id='word_1_103' title='bbox 648 1581 835 1658; x_wconf 81' lang='grc' dir='ltr'><strong>Πέτρῳ</strong></span> <span class='ocrx_word' id='word_1_104' title='bbox 894 1582 1027 1654; x_wconf 79' lang='grc' dir='ltr'>μετὰ</span> <span class='ocrx_word' id='word_1_105' title='bbox 1082 1583 1181 1650; x_wconf 80' lang='grc' dir='ltr'><strong>τήν</strong></span> <span class='ocrx_word' id='word_1_106' title='bbox 1241 1581 1522 1636; x_wconf 77' lang='grc' dir='ltr'>ἀνάστασιν</span> <span class='ocrx_word' id='word_1_107' title='bbox 1582 1578 1863 1656; x_wconf 81' lang='grc' dir='ltr'>παρέδωκε</span> 
     </span>
    </p>
   </div>
   <div class='ocr_carea' id='block_1_17' title="bbox 206 1667 1861 1746">
    <p class='ocr_par' dir='ltr' id='par_1_17' title="bbox 206 1667 1861 1746">
     <span class='ocr_line' id='line_1_17' title="bbox 206 1667 1861 1746; baseline -0.001 -21"><span class='ocrx_word' id='word_1_108' title='bbox 206 1672 312 1739; x_wconf 78' lang='grc' dir='ltr'><strong>τήν</strong></span> <span class='ocrx_word' id='word_1_109' title='bbox 343 1676 543 1746; x_wconf 80' lang='grc' dir='ltr'>γνῶσιν</span> <span class='ocrx_word' id='word_1_110' title='bbox 573 1672 601 1725; x_wconf 89' lang='lat'><strong>6</strong></span> <span class='ocrx_word' id='word_1_111' title='bbox 635 1671 852 1744; x_wconf 76' lang='grc' dir='ltr'>Κύριος.</span> <span class='ocrx_word' id='word_1_112' title='bbox 905 1671 1066 1725; x_wconf 77' lang='grc' dir='ltr'>Οὗτοι</span> <span class='ocrx_word' id='word_1_113' title='bbox 1111 1667 1167 1725; x_wconf 77' lang='grc' dir='ltr'><strong>δὲ</strong></span> <span class='ocrx_word' id='word_1_114' title='bbox 1197 1676 1314 1731; x_wconf 91' lang='grc' dir='ltr'>τοῖς</span> <span class='ocrx_word' id='word_1_115' title='bbox 1367 1669 1588 1733; x_wconf 76' lang='grc' dir='ltr'>λοιποῖς</span> <span class='ocrx_word' id='word_1_116' title='bbox 1633 1669 1861 1726; x_wconf 82' lang='grc' dir='ltr'>ἀποστό-</span> 
     </span>
    </p>
   </div>
   <div class='ocr_carea' id='block_1_18' title="bbox 209 1755 1862 1834">
    <p class='ocr_par' dir='ltr' id='par_1_18' title="bbox 209 1755 1862 1834">
     <span class='ocr_line' id='line_1_18' title="bbox 209 1755 1862 1834; baseline 0 -19"><span class='ocrx_word' id='word_1_117' title='bbox 209 1759 334 1821; x_wconf 91' lang='grc' dir='ltr'>λοις</span> <span class='ocrx_word' id='word_1_118' title='bbox 360 1757 678 1834; x_wconf 83' lang='grc' dir='ltr'>παρέδωκαν</span> <span class='ocrx_word' id='word_1_119' title='bbox 698 1777 714 1792; x_wconf 86' lang='grc'><em>’</em></span> <span class='ocrx_word' id='word_1_120' title='bbox 747 1761 801 1815; x_wconf 81' lang='grc' dir='ltr'>οἱ</span> <span class='ocrx_word' id='word_1_121' title='bbox 832 1757 889 1815; x_wconf 77' lang='grc' dir='ltr'><strong>δὲ</strong></span> <span class='ocrx_word' id='word_1_122' title='bbox 916 1758 1104 1816; x_wconf 85' lang='grc' dir='ltr'>λοιποὶ</span> <span class='ocrx_word' id='word_1_123' title='bbox 1137 1759 1436 1816; x_wconf 79' lang='grc' dir='ltr'>ἀπόστολοι</span> <span class='ocrx_word' id='word_1_124' title='bbox 1466 1765 1584 1822; x_wconf 90' lang='grc' dir='ltr'>τοῖς</span> <span class='ocrx_word' id='word_1_125' title='bbox 1615 1755 1862 1832; x_wconf 73' lang='grc' dir='ltr'>ἑϐδομή-</span> 
     </span>
    </p>
   </div>
   <div class='ocr_carea' id='block_1_19' title="bbox 205 1844 1860 1925">
    <p class='ocr_par' dir='ltr' id='par_1_19' title="bbox 205 1844 1860 1925">
     <span class='ocr_line' id='line_1_19' title="bbox 205 1844 1860 1925; baseline -0.002 -21"><span class='ocrx_word' id='word_1_126' title='bbox 205 1867 412 1904; x_wconf 81' lang='grc' dir='ltr'>κοντα’</span> <span class='ocrx_word' id='word_1_127' title='bbox 467 1850 542 1904; x_wconf 83' lang='grc' dir='ltr'>ὧν</span> <span class='ocrx_word' id='word_1_128' title='bbox 597 1851 676 1912; x_wconf 80' lang='grc' dir='ltr'>εἷς</span> <span class='ocrx_word' id='word_1_129' title='bbox 706 1849 774 1918; x_wconf 78' lang='grc' dir='ltr'>ἦν</span> <span class='ocrx_word' id='word_1_130' title='bbox 821 1849 910 1904; x_wconf 75' lang='grc' dir='ltr'><strong>καὶ</strong></span> <span class='ocrx_word' id='word_1_131' title='bbox 971 1844 1264 1924; x_wconf 81' lang='grc' dir='ltr'>Βαρνάϐας.</span> <span class='ocrx_word' id='word_1_132' title='bbox 1325 1848 1428 1904; x_wconf 86' lang='grc' dir='ltr'><strong>Δύο</strong></span> <span class='ocrx_word' id='word_1_133' title='bbox 1476 1847 1532 1904; x_wconf 77' lang='grc' dir='ltr'>δὲ</span> <span class='ocrx_word' id='word_1_134' title='bbox 1587 1849 1860 1925; x_wconf 87' lang='grc' dir='ltr'>γεγόνασιν</span> 
     </span>
    </p>
   </div>
   <div class='ocr_carea' id='block_1_20' title="bbox 1975 695 3615 770">
    <p class='ocr_par' dir='ltr' id='par_1_20' title="bbox 1975 695 3615 770">
     <span class='ocr_line' id='line_1_20' title="bbox 1975 695 3615 770; baseline 0 -18"><span class='ocrx_word' id='word_1_135' title='bbox 1975 697 2048 752; x_wconf 91' lang='lat' dir='ltr'><strong>ab</strong></span> <span class='ocrx_word' id='word_1_136' title='bbox 2078 697 2352 754; x_wconf 89' lang='lat' dir='ltr'><strong>omnibus</strong></span> <span class='ocrx_word' id='word_1_137' title='bbox 2391 697 2884 770; x_wconf 82' lang='lat' dir='ltr'><strong>cognominatum,</strong></span> <span class='ocrx_word' id='word_1_138' title='bbox 2917 697 3171 766; x_wconf 88' lang='lat' dir='ltr'><strong>primum</strong></span> <span class='ocrx_word' id='word_1_139' title='bbox 3203 695 3615 768; x_wconf 84' lang='lat' dir='ltr'><strong>Hierosolymi-</strong></span> 
     </span>
    </p>
   </div>
   <div class='ocr_carea' id='block_1_21' title="bbox 1973 785 3620 857">
    <p class='ocr_par' dir='ltr' id='par_1_21' title="bbox 1973 785 3620 857">
     <span class='ocr_line' id='line_1_21' title="bbox 1973 785 3620 857; baseline 0.001 -18"><span class='ocrx_word' id='word_1_140' title='bbox 1973 792 2121 842; x_wconf 64' lang='lat' dir='ltr'><strong>tane</strong></span> <span class='ocrx_word' id='word_1_141' title='bbox 2186 785 2454 842; x_wconf 72' lang='lat' dir='ltr'><strong>Ecclesiae</strong></span> <span class='ocrx_word' id='word_1_142' title='bbox 2511 786 2848 857; x_wconf 81' lang='lat' dir='ltr'><strong>episcopum</strong></span> <span class='ocrx_word' id='word_1_143' title='bbox 2907 792 3123 842; x_wconf 86' lang='lat' dir='ltr'><strong>creant.</strong></span> <span class='ocrx_word' id='word_1_144' title='bbox 3182 785 3455 842; x_wconf 80' lang='lat' dir='ltr'><strong>Testatur</strong></span> <span class='ocrx_word' id='word_1_145' title='bbox 3507 785 3620 841; x_wconf 88' lang='lat' dir='ltr'><strong>hoc</strong></span> 
     </span>
    </p>
   </div>
   <div class='ocr_carea' id='block_1_22' title="bbox 1973 873 3616 946">
    <p class='ocr_par' dir='ltr' id='par_1_22' title="bbox 1973 873 3616 946">
     <span class='ocr_line' id='line_1_22' title="bbox 1973 873 3616 946; baseline 0 -16"><span class='ocrx_word' id='word_1_146' title='bbox 1973 874 2236 932; x_wconf 80' lang='lat' dir='ltr'><strong>Clemens</strong></span> <span class='ocrx_word' id='word_1_147' title='bbox 2285 879 2586 932; x_wconf 72' lang='lat' dir='ltr'><strong>contestor</strong></span> <span class='ocrx_word' id='word_1_148' title='bbox 2627 876 2685 928; x_wconf 93' lang='lat' dir='ltr'><strong>in</strong></span> <span class='ocrx_word' id='word_1_149' title='bbox 2735 879 2894 931; x_wconf 81' lang='lat' dir='ltr'><strong>sexto</strong></span> <span class='ocrx_word' id='word_1_150' title='bbox 2955 873 3390 946; x_wconf 75' lang='lat' dir='ltr'><strong>Dispositionum</strong></span> <span class='ocrx_word' id='word_1_151' title='bbox 3444 873 3616 944; x_wconf 89' lang='lat' dir='ltr'><strong>libro,</strong></span> 
     </span>
    </p>
   </div>
   <div class='ocr_carea' id='block_1_23' title="bbox 1974 962 3619 1020">
    <p class='ocr_par' dir='ltr' id='par_1_23' title="bbox 1974 962 3619 1020">
     <span class='ocr_line' id='line_1_23' title="bbox 1974 962 3619 1020; baseline -0.001 -2"><span class='ocrx_word' id='word_1_152' title='bbox 1974 964 2042 1018; x_wconf 90' lang='lat' dir='ltr'><strong>ad</strong></span> <span class='ocrx_word' id='word_1_153' title='bbox 2077 963 2232 1019; x_wconf 91' lang='lat' dir='ltr'><strong>hunc</strong></span> <span class='ocrx_word' id='word_1_154' title='bbox 2265 964 2504 1020; x_wconf 90' lang='lat' dir='ltr'><strong>modum</strong></span> <span class='ocrx_word' id='word_1_155' title='bbox 2554 963 2852 1020; x_wconf 84' lang='lat' dir='ltr'><strong>scribens:</strong></span> <span class='ocrx_word' id='word_1_156' title='bbox 2883 986 2911 1014; x_wconf 86' lang='lat'><strong>«</strong></span> <span class='ocrx_word' id='word_1_157' title='bbox 2942 963 3151 1018; x_wconf 82' lang='lat' dir='ltr'><strong>Petrus</strong></span> <span class='ocrx_word' id='word_1_158' title='bbox 3199 968 3258 1018; x_wconf 90' lang='lat' dir='ltr'><strong>et</strong></span> <span class='ocrx_word' id='word_1_159' title='bbox 3284 962 3535 1019; x_wconf 86' lang='lat' dir='ltr'><strong>Jacobus</strong></span> <span class='ocrx_word' id='word_1_160' title='bbox 3563 970 3619 1018; x_wconf 94' lang='lat' dir='ltr'><strong>et</strong></span> 
     </span>
    </p>
   </div>
   <div class='ocr_carea' id='block_1_24' title="bbox 1971 1045 3620 1125">
    <p class='ocr_par' dir='ltr' id='par_1_24' title="bbox 1971 1045 3620 1125">
     <span class='ocr_line' id='line_1_24' title="bbox 1971 1045 3620 1125; baseline -0.002 -17"><span class='ocrx_word' id='word_1_161' title='bbox 1971 1051 2246 1121; x_wconf 80' lang='lat' dir='ltr'><strong>Joannes,</strong></span> <span class='ocrx_word' id='word_1_162' title='bbox 2279 1068 2426 1125; x_wconf 87' lang='lat' dir='ltr'><strong>quos</strong></span> <span class='ocrx_word' id='word_1_163' title='bbox 2460 1052 2740 1108; x_wconf 86' lang='lat' dir='ltr'><strong>Dominus</strong></span> <span class='ocrx_word' id='word_1_164' title='bbox 2787 1045 3076 1124; x_wconf 64' lang='lat' dir='ltr'><strong>principuo</strong></span> <span class='ocrx_word' id='word_1_165' title='bbox 3129 1051 3404 1124; x_wconf 89' lang='lat' dir='ltr'><strong>dignatus</strong></span> <span class='ocrx_word' id='word_1_166' title='bbox 3433 1051 3620 1106; x_wconf 80' lang='lat' dir='ltr'><strong>fuerat</strong></span> 
     </span>
    </p>
   </div>
   <div class='ocr_carea' id='block_1_25' title="bbox 1973 1140 3616 1214">
    <p class='ocr_par' dir='ltr' id='par_1_25' title="bbox 1973 1140 3616 1214">
     <span class='ocr_line' id='line_1_25' title="bbox 1973 1140 3616 1214; baseline -0.001 -17"><span class='ocrx_word' id='word_1_167' title='bbox 1973 1141 2212 1209; x_wconf 89' lang='lat' dir='ltr'><strong>honore,</strong></span> <span class='ocrx_word' id='word_1_168' title='bbox 2255 1147 2386 1214; x_wconf 88' lang='lat' dir='ltr'><strong>post</strong></span> <span class='ocrx_word' id='word_1_169' title='bbox 2414 1142 2815 1199; x_wconf 67' lang='lat' dir='ltr'><strong>ascensionem</strong></span> <span class='ocrx_word' id='word_1_170' title='bbox 2861 1143 3012 1212; x_wconf 83' lang='lat' dir='ltr'><strong>ejus,</strong></span> <span class='ocrx_word' id='word_1_171' title='bbox 3053 1141 3299 1213; x_wconf 80' lang='lat' dir='ltr'><strong>gloriam</strong></span> <span class='ocrx_word' id='word_1_172' title='bbox 3332 1157 3450 1196; x_wconf 91' lang='lat' dir='ltr'><strong>non</strong></span> <span class='ocrx_word' id='word_1_173' title='bbox 3479 1140 3616 1196; x_wconf 76' lang='lat' dir='ltr'><strong>aﬂ&#39;e-</strong></span> 
     </span>
    </p>
   </div>
   <div class='ocr_carea' id='block_1_26' title="bbox 1973 1229 3622 1302">
    <p class='ocr_par' dir='ltr' id='par_1_26' title="bbox 1973 1229 3622 1302">
     <span class='ocr_line' id='line_1_26' title="bbox 1973 1229 3622 1302; baseline 0 -18"><span class='ocrx_word' id='word_1_174' title='bbox 1973 1234 2224 1299; x_wconf 86' lang='lat' dir='ltr'><strong>ctarunt,</strong></span> <span class='ocrx_word' id='word_1_175' title='bbox 2258 1231 2359 1286; x_wconf 88' lang='lat' dir='ltr'><strong>sed</strong></span> <span class='ocrx_word' id='word_1_176' title='bbox 2387 1230 2671 1287; x_wconf 86' lang='lat' dir='ltr'><strong>Jacobum</strong></span> <span class='ocrx_word' id='word_1_177' title='bbox 2699 1231 2936 1288; x_wconf 85' lang='lat' dir='ltr'><strong>Justum</strong></span> <span class='ocrx_word' id='word_1_178' title='bbox 2975 1229 3318 1302; x_wconf 86' lang='lat' dir='ltr'><strong>episcopum</strong></span> <span class='ocrx_word' id='word_1_179' title='bbox 3359 1229 3622 1285; x_wconf 81' lang='lat' dir='ltr'><strong>Hieroso-</strong></span> 
     </span>
    </p>
   </div>
   <div class='ocr_carea' id='block_1_27' title="bbox 1972 1319 3617 1392">
    <p class='ocr_par' dir='ltr' id='par_1_27' title="bbox 1972 1319 3617 1392">
     <span class='ocr_line' id='line_1_27' title="bbox 1972 1319 3617 1392; baseline 0 -20"><span class='ocrx_word' id='word_1_180' title='bbox 1972 1319 2258 1391; x_wconf 84' lang='lat' dir='ltr'><strong>lymorum</strong></span> <span class='ocrx_word' id='word_1_181' title='bbox 2285 1319 2599 1392; x_wconf 86' lang='lat' dir='ltr'><strong>elegerunt.</strong></span> <span class='ocrx_word' id='word_1_182' title='bbox 2633 1321 2700 1376; x_wconf 85' lang='lat' dir='ltr'><strong>In</strong></span> <span class='ocrx_word' id='word_1_183' title='bbox 2729 1319 2976 1390; x_wconf 88' lang='lat' dir='ltr'><strong>septimo</strong></span> <span class='ocrx_word' id='word_1_184' title='bbox 3007 1323 3203 1375; x_wconf 85' lang='lat' dir='ltr'><strong>autem</strong></span> <span class='ocrx_word' id='word_1_185' title='bbox 3233 1319 3492 1389; x_wconf 83' lang='lat' dir='ltr'><strong>ejusdem</strong></span> <span class='ocrx_word' id='word_1_186' title='bbox 3525 1333 3617 1372; x_wconf 84' lang='lat' dir='ltr'><strong>ar-</strong></span> 
     </span>
    </p>
   </div>
   <div class='ocr_carea' id='block_1_28' title="bbox 1971 1408 3616 1483">
    <p class='ocr_par' dir='ltr' id='par_1_28' title="bbox 1971 1408 3616 1483">
     <span class='ocr_line' id='line_1_28' title="bbox 1971 1408 3616 1483; baseline 0 -21"><span class='ocrx_word' id='word_1_187' title='bbox 1971 1408 2224 1478; x_wconf 78' lang='lat' dir='ltr'><strong>gumenti</strong></span> <span class='ocrx_word' id='word_1_188' title='bbox 2269 1409 2418 1466; x_wconf 90' lang='lat' dir='ltr'><strong>libro</strong></span> <span class='ocrx_word' id='word_1_189' title='bbox 2467 1409 2588 1467; x_wconf 64' lang='lat' dir='ltr'><strong>hac</strong></span> <span class='ocrx_word' id='word_1_190' title='bbox 2662 1423 2894 1483; x_wconf 88' lang='lat' dir='ltr'><strong>quoque</strong></span> <span class='ocrx_word' id='word_1_191' title='bbox 2941 1410 3015 1466; x_wconf 91' lang='lat' dir='ltr'><strong>de</strong></span> <span class='ocrx_word' id='word_1_192' title='bbox 3049 1425 3117 1464; x_wconf 92' lang='lat' dir='ltr'><strong>eo</strong></span> <span class='ocrx_word' id='word_1_193' title='bbox 3164 1413 3616 1465; x_wconf 87' lang='lat' dir='ltr'><strong>commemorat:</strong></span> 
     </span>
    </p>
   </div>
   <div class='ocr_carea' id='block_1_29' title="bbox 1973 1496 3618 1570">
    <p class='ocr_par' dir='ltr' id='par_1_29' title="bbox 1973 1496 3618 1570">
     <span class='ocr_line' id='line_1_29' title="bbox 1973 1496 3618 1570; baseline -0.001 -17"><span class='ocrx_word' id='word_1_194' title='bbox 1973 1518 2002 1547; x_wconf 87' lang='grc'><em>‹‹</em></span> <span class='ocrx_word' id='word_1_195' title='bbox 2029 1496 2247 1554; x_wconf 83' lang='lat' dir='ltr'><strong>Jacobo</strong></span> <span class='ocrx_word' id='word_1_196' title='bbox 2275 1497 2469 1570; x_wconf 88' lang='lat' dir='ltr'><strong>Justo,</strong></span> <span class='ocrx_word' id='word_1_197' title='bbox 2505 1507 2562 1554; x_wconf 92' lang='lat' dir='ltr'><strong>et</strong></span> <span class='ocrx_word' id='word_1_198' title='bbox 2605 1499 2840 1566; x_wconf 85' lang='lat' dir='ltr'><strong>Joanni,</strong></span> <span class='ocrx_word' id='word_1_199' title='bbox 2889 1503 2945 1554; x_wconf 90' lang='lat' dir='ltr'><strong>et</strong></span> <span class='ocrx_word' id='word_1_200' title='bbox 2991 1501 3161 1554; x_wconf 87' lang='lat' dir='ltr'><strong>Petro</strong></span> <span class='ocrx_word' id='word_1_201' title='bbox 3193 1505 3322 1570; x_wconf 90' lang='lat' dir='ltr'><strong>post</strong></span> <span class='ocrx_word' id='word_1_202' title='bbox 3351 1511 3618 1552; x_wconf 88' lang='lat' dir='ltr'><strong>resurre-</strong></span> 
     </span>
    </p>
   </div>
   <div class='ocr_carea' id='block_1_30' title="bbox 1972 1585 3616 1659">
    <p class='ocr_par' dir='ltr' id='par_1_30' title="bbox 1972 1585 3616 1659">
     <span class='ocr_line' id='line_1_30' title="bbox 1972 1585 3616 1659; baseline -0.002 -19"><span class='ocrx_word' id='word_1_203' title='bbox 1972 1587 2222 1643; x_wconf 88' lang='lat' dir='ltr'><strong>ctionem</strong></span> <span class='ocrx_word' id='word_1_204' title='bbox 2246 1588 2519 1644; x_wconf 76' lang='lat' dir='ltr'><strong>Dominus</strong></span> <span class='ocrx_word' id='word_1_205' title='bbox 2539 1588 2927 1659; x_wconf 80' lang='lat' dir='ltr'><strong>cognitionem</strong></span> <span class='ocrx_word' id='word_1_206' title='bbox 2951 1590 3008 1642; x_wconf 91' lang='lat' dir='ltr'><strong>et</strong></span> <span class='ocrx_word' id='word_1_207' title='bbox 3026 1586 3333 1643; x_wconf 83' lang='lat' dir='ltr'><strong>scientiam</strong></span> <span class='ocrx_word' id='word_1_208' title='bbox 3356 1585 3616 1640; x_wconf 65' lang='lat' dir='ltr'><strong>tradidit&#39;</strong></span> 
     </span>
    </p>
   </div>
   <div class='ocr_carea' id='block_1_31' title="bbox 1971 1673 3620 1748">
    <p class='ocr_par' dir='ltr' id='par_1_31' title="bbox 1971 1673 3620 1748">
     <span class='ocr_line' id='line_1_31' title="bbox 1971 1673 3620 1748; baseline -0.001 -18"><span class='ocrx_word' id='word_1_209' title='bbox 1971 1675 2128 1731; x_wconf 87' lang='lat' dir='ltr'><strong>Hanc</strong></span> <span class='ocrx_word' id='word_1_210' title='bbox 2160 1673 2242 1730; x_wconf 89' lang='lat' dir='ltr'><strong>illi</strong></span> <span class='ocrx_word' id='word_1_211' title='bbox 2285 1674 2528 1748; x_wconf 83' lang='lat' dir='ltr'><strong>reliquis</strong></span> <span class='ocrx_word' id='word_1_212' title='bbox 2578 1676 2880 1748; x_wconf 84' lang='lat' dir='ltr'><strong>apostolis,</strong></span> <span class='ocrx_word' id='word_1_213' title='bbox 2926 1680 3104 1748; x_wconf 86' lang='lat' dir='ltr'><strong>atque</strong></span> <span class='ocrx_word' id='word_1_214' title='bbox 3133 1675 3175 1730; x_wconf 91' lang='lat' dir='ltr'><strong>ii</strong></span> <span class='ocrx_word' id='word_1_215' title='bbox 3223 1691 3458 1730; x_wconf 88' lang='lat' dir='ltr'><strong>rursum</strong></span> <span class='ocrx_word' id='word_1_216' title='bbox 3489 1673 3620 1730; x_wconf 89' lang='lat' dir='ltr'><strong>aliis</strong></span> 
     </span>
    </p>
   </div>
   <div class='ocr_carea' id='block_1_32' title="bbox 1969 1763 3617 1836">
    <p class='ocr_par' dir='ltr' id='par_1_32' title="bbox 1969 1763 3617 1836">
     <span class='ocr_line' id='line_1_32' title="bbox 1969 1763 3617 1836; baseline -0.001 -16"><span class='ocrx_word' id='word_1_217' title='bbox 1969 1765 2352 1836; x_wconf 86' lang='lat' dir='ltr'><strong>septuaginta,</strong></span> <span class='ocrx_word' id='word_1_218' title='bbox 2386 1782 2634 1836; x_wconf 87' lang='lat' dir='ltr'><strong>quorum</strong></span> <span class='ocrx_word' id='word_1_219' title='bbox 2685 1782 2836 1822; x_wconf 90' lang='lat' dir='ltr'><strong>unus</strong></span> <span class='ocrx_word' id='word_1_220' title='bbox 2883 1781 3117 1836; x_wconf 91' lang='lat' dir='ltr'><strong>quoque</strong></span> <span class='ocrx_word' id='word_1_221' title='bbox 3148 1765 3454 1820; x_wconf 86' lang='lat' dir='ltr'><strong>Barnabas</strong></span> <span class='ocrx_word' id='word_1_222' title='bbox 3487 1763 3617 1831; x_wconf 87' lang='lat' dir='ltr'><strong>fuit,</strong></span> 
     </span>
    </p>
   </div>
   <div class='ocr_carea' id='block_1_33' title="bbox 1970 1853 3617 1920">
    <p class='ocr_par' dir='ltr' id='par_1_33' title="bbox 1970 1853 3617 1920">
     <span class='ocr_line' id='line_1_33' title="bbox 1970 1853 3617 1920; baseline -0.001 -10"><span class='ocrx_word' id='word_1_223' title='bbox 1970 1855 2358 1910; x_wconf 86' lang='lat' dir='ltr'><strong>tradiderunt.</strong></span> <span class='ocrx_word' id='word_1_224' title='bbox 2391 1855 2518 1910; x_wconf 90' lang='lat' dir='ltr'><strong>Duo</strong></span> <span class='ocrx_word' id='word_1_225' title='bbox 2549 1859 2744 1911; x_wconf 88' lang='lat' dir='ltr'><strong>autem</strong></span> <span class='ocrx_word' id='word_1_226' title='bbox 2771 1855 2929 1910; x_wconf 81' lang='lat' dir='ltr'><strong>fuere</strong></span> <span class='ocrx_word' id='word_1_227' title='bbox 2956 1853 3196 1911; x_wconf 87' lang='lat' dir='ltr'><strong>Jacobi:</strong></span> <span class='ocrx_word' id='word_1_228' title='bbox 3230 1853 3377 1909; x_wconf 88' lang='lat' dir='ltr'><strong>alter</strong></span> <span class='ocrx_word' id='word_1_229' title='bbox 3395 1855 3617 1920; x_wconf 86' lang='lat' dir='ltr'><strong>Justus,</strong></span> 
     </span>
    </p>
   </div>
   <div class='ocr_carea' id='block_1_34' title="bbox 208 1933 1875 2040">
    <p class='ocr_par' dir='ltr' id='par_1_34' title="bbox 208 1933 1861 2014">
     <span class='ocr_line' id='line_1_34' title="bbox 208 1933 1861 2014; baseline -0.002 -19"><span class='ocrx_word' id='word_1_230' title='bbox 208 1933 470 1995; x_wconf 80' lang='grc' dir='ltr'>Ἰάκωϐοι</span> <span class='ocrx_word' id='word_1_231' title='bbox 492 1957 505 1970; x_wconf 74' lang='grc' dir='ltr'><strong>ο</strong></span> <span class='ocrx_word' id='word_1_232' title='bbox 547 1940 628 2001; x_wconf 85' lang='grc' dir='ltr'>εἷς</span> <span class='ocrx_word' id='word_1_233' title='bbox 660 1939 689 1992; x_wconf 89' lang='lat'><strong>6</strong></span> <span class='ocrx_word' id='word_1_234' title='bbox 721 1937 960 2010; x_wconf 80' lang='grc' dir='ltr'>Δίκαιος,</span> <span class='ocrx_word' id='word_1_235' title='bbox 991 1940 1020 1994; x_wconf 98' lang='lat'><strong>6</strong></span> <span class='ocrx_word' id='word_1_236' title='bbox 1049 1939 1187 1995; x_wconf 73' lang='grc' dir='ltr'>κατά</span> <span class='ocrx_word' id='word_1_237' title='bbox 1225 1942 1323 1995; x_wconf 92' lang='lat'><strong>106</strong></span> <span class='ocrx_word' id='word_1_238' title='bbox 1372 1940 1672 2014; x_wconf 86' lang='grc' dir='ltr'>πτερυγίου</span> <span class='ocrx_word' id='word_1_239' title='bbox 1715 1937 1861 2012; x_wconf 87' lang='grc' dir='ltr'>βλη-</span> 
     </span>
    </p>
   </div>
   <div class='ocr_carea' id='block_1_35' title="bbox 1985 1933 3619 2040">
    <p class='ocr_par' dir='ltr' id='par_1_35' title="bbox 1985 1941 3619 2015">
     <span class='ocr_line' id='line_1_35' title="bbox 1985 1941 3619 2015; baseline -0.001 -17"><span class='ocrx_word' id='word_1_240' title='bbox 1985 1943 2066 2014; x_wconf 58' lang='lat' dir='ltr'><strong>lui</strong></span> <span class='ocrx_word' id='word_1_241' title='bbox 2095 1959 2165 1998; x_wconf 81' lang='lat' dir='ltr'><strong>ex</strong></span> <span class='ocrx_word' id='word_1_242' title='bbox 2185 1943 2385 2014; x_wconf 88' lang='lat' dir='ltr'><strong>templi</strong></span> <span class='ocrx_word' id='word_1_243' title='bbox 2417 1943 2728 2014; x_wconf 88' lang='lat' dir='ltr'><strong>pinnaculo</strong></span> <span class='ocrx_word' id='word_1_244' title='bbox 2757 1943 3038 2015; x_wconf 90' lang='lat' dir='ltr'><strong>dejectus,</strong></span> <span class='ocrx_word' id='word_1_245' title='bbox 3071 1947 3128 1998; x_wconf 87' lang='lat' dir='ltr'><strong>et</strong></span> <span class='ocrx_word' id='word_1_246' title='bbox 3157 1959 3191 1996; x_wconf 86' lang='lat' dir='ltr'><strong>a</strong></span> <span class='ocrx_word' id='word_1_247' title='bbox 3219 1941 3436 1998; x_wconf 76' lang='lat' dir='ltr'><strong>fullone</strong></span> <span class='ocrx_word' id='word_1_248' title='bbox 3467 1942 3619 1997; x_wconf 83' lang='lat' dir='ltr'><strong>fuste</strong></span> 
     </span>
    </p>
   </div>
   <div class='ocr_carea' id='block_1_36' title="bbox 209 2025 1855 2106">
    <p class='ocr_par' dir='ltr' id='par_1_36' title="bbox 209 2025 1855 2106">
     <span class='ocr_line' id='line_1_36' title="bbox 209 2025 1855 2106; baseline -0.001 -24"><span class='ocrx_word' id='word_1_249' title='bbox 209 2027 353 2094; x_wconf 86' lang='grc' dir='ltr'>θεὶς,</span> <span class='ocrx_word' id='word_1_250' title='bbox 412 2027 502 2081; x_wconf 84' lang='grc' dir='ltr'>καὶ</span> <span class='ocrx_word' id='word_1_251' title='bbox 548 2027 652 2083; x_wconf 80' lang='grc' dir='ltr'>ὑπὸ</span> <span class='ocrx_word' id='word_1_252' title='bbox 695 2027 935 2106; x_wconf 85' lang='grc' dir='ltr'>κναφέως</span> <span class='ocrx_word' id='word_1_253' title='bbox 983 2029 1133 2098; x_wconf 80' lang='grc' dir='ltr'>ξύλῳ</span> <span class='ocrx_word' id='word_1_254' title='bbox 1175 2025 1412 2105; x_wconf 84' lang='grc' dir='ltr'>πληγεὶς</span> <span class='ocrx_word' id='word_1_255' title='bbox 1461 2027 1536 2089; x_wconf 81' lang='grc' dir='ltr'><strong>εἰς</strong></span> <span class='ocrx_word' id='word_1_256' title='bbox 1587 2025 1808 2083; x_wconf 80' lang='grc' dir='ltr'>θάνατον</span> <span class='ocrx_word' id='word_1_257' title='bbox 1842 2044 1855 2056; x_wconf 90' lang='lat'><strong>&#39;</strong></span> 
     </span>
    </p>
   </div>
   <div class='ocr_carea' id='block_1_37' title="bbox 206 2114 1861 2191">
    <p class='ocr_par' dir='ltr' id='par_1_37' title="bbox 206 2114 1861 2191">
     <span class='ocr_line' id='line_1_37' title="bbox 206 2114 1861 2191; baseline -0.001 -19"><span class='ocrx_word' id='word_1_258' title='bbox 206 2115 398 2189; x_wconf 75' lang='grc' dir='ltr'>ἕτερος</span> <span class='ocrx_word' id='word_1_259' title='bbox 451 2114 509 2172; x_wconf 75' lang='grc' dir='ltr'><strong>δέ</strong></span> <span class='ocrx_word' id='word_1_260' title='bbox 561 2117 588 2172; x_wconf 90' lang='lat'><strong>6</strong></span> <span class='ocrx_word' id='word_1_261' title='bbox 640 2117 1067 2191; x_wconf 79' lang='grc' dir='ltr'>καρατομηθείς,</span> <span class='ocrx_word' id='word_1_262' title='bbox 1101 2143 1128 2169; x_wconf 76' lang='grc' dir='ltr'><strong>υ</strong></span> <span class='ocrx_word' id='word_1_263' title='bbox 1177 2117 1357 2176; x_wconf 81' lang='lat' dir='ltr'>A6106</span> <span class='ocrx_word' id='word_1_264' title='bbox 1389 2116 1456 2185; x_wconf 81' lang='grc' dir='ltr'><strong>δὴ</strong></span> <span class='ocrx_word' id='word_1_265' title='bbox 1494 2121 1592 2173; x_wconf 80' lang='grc' dir='ltr'><strong>τοῦ</strong></span> <span class='ocrx_word' id='word_1_266' title='bbox 1640 2115 1861 2172; x_wconf 73' lang='grc' dir='ltr'>Δικαίόυ</span> 
     </span>
    </p>
   </div>
   <div class='ocr_carea' id='block_1_38' title="bbox 207 2203 1859 2284">
    <p class='ocr_par' dir='ltr' id='par_1_38' title="bbox 207 2203 1859 2284">
     <span class='ocr_line' id='line_1_38' title="bbox 207 2203 1859 2284; baseline -0.001 -23"><span class='ocrx_word' id='word_1_267' title='bbox 207 2207 304 2262; x_wconf 79' lang='grc' dir='ltr'><strong>καί</strong></span> <span class='ocrx_word' id='word_1_268' title='bbox 337 2207 370 2261; x_wconf 86' lang='lat'><strong>6</strong></span> <span class='ocrx_word' id='word_1_269' title='bbox 400 2207 617 2270; x_wconf 79' lang='grc' dir='ltr'>Παῦλος</span> <span class='ocrx_word' id='word_1_270' title='bbox 653 2208 985 2280; x_wconf 78' lang='grc' dir='ltr'>μνημονεύει</span> <span class='ocrx_word' id='word_1_271' title='bbox 1015 2208 1237 2284; x_wconf 79' lang='grc' dir='ltr'>γράφων</span> <span class='ocrx_word' id='word_1_272' title='bbox 1262 2229 1274 2240; x_wconf 66' lang='grc' dir='ltr'><strong>ι</strong></span> <span class='ocrx_word' id='word_1_273' title='bbox 1307 2209 1590 2282; x_wconf 80' lang='grc' dir='ltr'>’Ἕτερον</span> <span class='ocrx_word' id='word_1_274' title='bbox 1620 2203 1691 2262; x_wconf 75' lang='grc' dir='ltr'><strong>δὲ</strong></span> <span class='ocrx_word' id='word_1_275' title='bbox 1732 2211 1859 2261; x_wconf 80' lang='grc' dir='ltr'>τῶν</span> 
     </span>
    </p>
   </div>
   <div class='ocr_carea' id='block_1_39' title="bbox 210 2293 1859 2369">
    <p class='ocr_par' dir='ltr' id='par_1_39' title="bbox 210 2293 1859 2369">
     <span class='ocr_line' id='line_1_39' title="bbox 210 2293 1859 2369; baseline -0.002 -17"><span class='ocrx_word' id='word_1_276' title='bbox 210 2295 618 2352; x_wconf 75' lang='grc' dir='ltr'>ἆποστόλων</span> <span class='ocrx_word' id='word_1_277' title='bbox 679 2299 797 2352; x_wconf 79' lang='grc' dir='ltr'><strong>ούκ</strong></span> <span class='ocrx_word' id='word_1_278' title='bbox 863 2293 1050 2352; x_wconf 80' lang='grc' dir='ltr'>εἶδον</span> <span class='ocrx_word' id='word_1_279' title='bbox 1100 2297 1163 2352; x_wconf 88' lang='grc' dir='ltr'><strong>εἰ</strong></span> <span class='ocrx_word' id='word_1_280' title='bbox 1210 2299 1295 2369; x_wconf 79' lang='grc' dir='ltr'>μή</span> <span class='ocrx_word' id='word_1_281' title='bbox 1362 2294 1686 2351; x_wconf 68' lang='grc' dir='ltr'>Ἰάκωϐον</span> <span class='ocrx_word' id='word_1_282' title='bbox 1747 2297 1859 2352; x_wconf 87' lang='grc' dir='ltr'>τὸν</span> 
     </span>
    </p>
   </div>
   <div class='ocr_carea' id='block_1_40' title="bbox 209 2382 1862 2461">
    <p class='ocr_par' dir='ltr' id='par_1_40' title="bbox 209 2382 1862 2461">
     <span class='ocr_line' id='line_1_40' title="bbox 209 2382 1862 2461; baseline -0.001 -20"><span class='ocrx_word' id='word_1_283' title='bbox 209 2383 512 2460; x_wconf 76' lang='grc' dir='ltr'>ἀδελφὸν</span> <span class='ocrx_word' id='word_1_284' title='bbox 543 2389 658 2440; x_wconf 86' lang='lat'><strong>106</strong></span> <span class='ocrx_word' id='word_1_285' title='bbox 687 2385 966 2461; x_wconf 85' lang='grc' dir='ltr'>Κυρίου.</span> <span class='ocrx_word' id='word_1_286' title='bbox 998 2387 1055 2441; x_wconf 86' lang='lat'><strong>&#39;0</strong></span> <span class='ocrx_word' id='word_1_287' title='bbox 1077 2383 1322 2448; x_wconf 75' lang='grc' dir='ltr'>δὶπολὺς</span> <span class='ocrx_word' id='word_1_288' title='bbox 1353 2387 1420 2440; x_wconf 76' lang='grc' dir='ltr'><strong>τά</strong></span> <span class='ocrx_word' id='word_1_289' title='bbox 1451 2387 1568 2440; x_wconf 77' lang='grc' dir='ltr'>θεῖα</span> <span class='ocrx_word' id='word_1_290' title='bbox 1597 2382 1862 2456; x_wconf 82' lang='grc' dir='ltr'>Εύώδιος,</span> 
     </span>
    </p>
   </div>
   <div class='ocr_carea' id='block_1_41' title="bbox 211 2471 1861 2549">
    <p class='ocr_par' dir='ltr' id='par_1_41' title="bbox 211 2471 1861 2549">
     <span class='ocr_line' id='line_1_41' title="bbox 211 2471 1861 2549; baseline -0.002 -18"><span class='ocrx_word' id='word_1_291' title='bbox 211 2480 326 2531; x_wconf 78' lang='grc' dir='ltr'><strong>τῶν</strong></span> <span class='ocrx_word' id='word_1_292' title='bbox 359 2475 520 2549; x_wconf 81' lang='grc' dir='ltr'>ἱερῶν</span> <span class='ocrx_word' id='word_1_293' title='bbox 554 2471 601 2529; x_wconf 84' lang='grc' dir='ltr'>δ’</span> <span class='ocrx_word' id='word_1_294' title='bbox 635 2473 956 2531; x_wconf 78' lang='grc' dir='ltr'>ἀποστόλων</span> <span class='ocrx_word' id='word_1_295' title='bbox 997 2476 1088 2530; x_wconf 84' lang='grc' dir='ltr'>καὶ</span> <span class='ocrx_word' id='word_1_296' title='bbox 1137 2473 1292 2537; x_wconf 79' lang='grc' dir='ltr'>οὗτος</span> <span class='ocrx_word' id='word_1_297' title='bbox 1347 2471 1630 2549; x_wconf 79' lang='grc' dir='ltr'>διάδοχος,</span> <span class='ocrx_word' id='word_1_298' title='bbox 1661 2473 1712 2529; x_wconf 84' lang='grc' dir='ltr'><strong>έν</strong></span> <span class='ocrx_word' id='word_1_299' title='bbox 1743 2479 1861 2536; x_wconf 88' lang='grc' dir='ltr'>τοῖς</span> 
     </span>
    </p>
   </div>
   <div class='ocr_carea' id='block_1_42' title="bbox 210 2561 1864 2640">
    <p class='ocr_par' dir='ltr' id='par_1_42' title="bbox 210 2561 1864 2640">
     <span class='ocr_line' id='line_1_42' title="bbox 210 2561 1864 2640; baseline -0.002 -20"><span class='ocrx_word' id='word_1_300' title='bbox 210 2565 387 2620; x_wconf 75' lang='grc' dir='ltr'>αὐτοῦ</span> <span class='ocrx_word' id='word_1_301' title='bbox 445 2563 859 2640; x_wconf 88' lang='grc' dir='ltr'>σύγγράμμασι,</span> <span class='ocrx_word' id='word_1_302' title='bbox 914 2562 1152 2638; x_wconf 89' lang='grc' dir='ltr'>μάλιστα</span> <span class='ocrx_word' id='word_1_303' title='bbox 1181 2561 1238 2618; x_wconf 73' lang='grc' dir='ltr'>δέ</span> <span class='ocrx_word' id='word_1_304' title='bbox 1287 2563 1338 2618; x_wconf 85' lang='grc' dir='ltr'><strong>έν</strong></span> <span class='ocrx_word' id='word_1_305' title='bbox 1387 2568 1454 2629; x_wconf 72' lang='grc' dir='ltr'><strong>τῇ</strong></span> <span class='ocrx_word' id='word_1_306' title='bbox 1501 2561 1768 2636; x_wconf 73' lang='grc' dir='ltr'>ἒπιστολῇ</span> <span class='ocrx_word' id='word_1_307' title='bbox 1798 2563 1864 2633; x_wconf 74' lang='grc' dir='ltr'>ἢν</span> 
     </span>
    </p>
   </div>
   <div class='ocr_carea' id='block_1_43' title="bbox 211 2651 1864 2728">
    <p class='ocr_par' dir='ltr' id='par_1_43' title="bbox 211 2651 1864 2728">
     <span class='ocr_line' id='line_1_43' title="bbox 211 2651 1864 2728; baseline -0.002 -19"><span class='ocrx_word' id='word_1_308' title='bbox 211 2659 348 2715; x_wconf 75' lang='grc' dir='ltr'><strong>Φῶς</strong></span> <span class='ocrx_word' id='word_1_309' title='bbox 380 2651 666 2728; x_wconf 82' lang='grc' dir='ltr'>ἐπέγραψε,</span> <span class='ocrx_word' id='word_1_310' title='bbox 697 2653 788 2707; x_wconf 85' lang='grc' dir='ltr'><strong>καὶ</strong></span> <span class='ocrx_word' id='word_1_311' title='bbox 816 2657 985 2708; x_wconf 75' lang='grc' dir='ltr'>ταῦτα</span> <span class='ocrx_word' id='word_1_312' title='bbox 1013 2652 1394 2725; x_wconf 83' lang='grc' dir='ltr'>προστίθησιν,</span> <span class='ocrx_word' id='word_1_313' title='bbox 1427 2675 1455 2704; x_wconf 80' lang='grc' dir='ltr'>ι(</span> <span class='ocrx_word' id='word_1_314' title='bbox 1507 2657 1568 2709; x_wconf 86' lang='grc' dir='ltr'>Ὁ</span> <span class='ocrx_word' id='word_1_315' title='bbox 1607 2652 1864 2726; x_wconf 87' lang='grc' dir='ltr'>Χριστὸς,</span> 
     </span>
    </p>
   </div>
   <div class='ocr_carea' id='block_1_44' title="bbox 212 2735 1862 2818">
    <p class='ocr_par' dir='ltr' id='par_1_44' title="bbox 212 2735 1862 2818">
     <span class='ocr_line' id='line_1_44' title="bbox 212 2735 1862 2818; baseline -0.001 -20"><span class='ocrx_word' id='word_1_316' title='bbox 212 2741 427 2818; x_wconf 75' lang='grc' dir='ltr'>λέγων,</span> <span class='ocrx_word' id='word_1_317' title='bbox 475 2739 639 2803; x_wconf 81' lang='grc' dir='ltr'>ἰδίαις</span> <span class='ocrx_word' id='word_1_318' title='bbox 695 2741 851 2816; x_wconf 83' lang='grc' dir='ltr'>χερσέ</span> <span class='ocrx_word' id='word_1_319' title='bbox 919 2742 1012 2796; x_wconf 86' lang='grc' dir='ltr'>τὸν</span> <span class='ocrx_word' id='word_1_320' title='bbox 1075 2741 1274 2817; x_wconf 87' lang='grc' dir='ltr'>Πέτρον</span> <span class='ocrx_word' id='word_1_321' title='bbox 1351 2742 1516 2812; x_wconf 85' lang='grc' dir='ltr'>μόνον</span> <span class='ocrx_word' id='word_1_322' title='bbox 1567 2735 1862 2796; x_wconf 86' lang='grc' dir='ltr'>ἐϐάπτισε⁶</span> 
     </span>
    </p>
   </div>
   <div class='ocr_carea' id='block_1_45' title="bbox 215 2825 1862 2904">
    <p class='ocr_par' dir='ltr' id='par_1_45' title="bbox 215 2825 1862 2904">
     <span class='ocr_line' id='line_1_45' title="bbox 215 2825 1862 2904; baseline -0.003 -17"><span class='ocrx_word' id='word_1_323' title='bbox 215 2832 429 2902; x_wconf 81' lang='grc' dir='ltr'>Πέτρος</span> <span class='ocrx_word' id='word_1_324' title='bbox 495 2827 552 2884; x_wconf 73' lang='grc' dir='ltr'><strong>δὲ</strong></span> <span class='ocrx_word' id='word_1_325' title='bbox 617 2827 866 2904; x_wconf 75' lang='grc' dir='ltr'>’Δνδρέάν</span> <span class='ocrx_word' id='word_1_326' title='bbox 935 2829 1024 2884; x_wconf 76' lang='grc' dir='ltr'><strong>καὶ</strong></span> <span class='ocrx_word' id='word_1_327' title='bbox 1087 2831 1215 2891; x_wconf 85' lang='grc' dir='ltr'>τοὺς</span> <span class='ocrx_word' id='word_1_328' title='bbox 1303 2825 1588 2884; x_wconf 77' lang='grc' dir='ltr'>Ζεϐεδαίου</span> <span class='ocrx_word' id='word_1_329' title='bbox 1667 2828 1816 2891; x_wconf 78' lang='grc' dir='ltr'>υἱούς</span> <span class='ocrx_word' id='word_1_330' title='bbox 1849 2846 1862 2859; x_wconf 88' lang='grc'><strong>·</strong></span> 
     </span>
    </p>
   </div>
   <div class='ocr_carea' id='block_1_46' title="bbox 211 2915 1864 2994">
    <p class='ocr_par' dir='ltr' id='par_1_46' title="bbox 211 2915 1864 2994">
     <span class='ocr_line' id='line_1_46' title="bbox 211 2915 1864 2994; baseline -0.003 -18"><span class='ocrx_word' id='word_1_331' title='bbox 211 2917 476 2994; x_wconf 82' lang='grc' dir='ltr'>’Δνδρέας</span> <span class='ocrx_word' id='word_1_332' title='bbox 523 2917 580 2976; x_wconf 74' lang='grc' dir='ltr'><strong>δὲ</strong></span> <span class='ocrx_word' id='word_1_333' title='bbox 645 2919 736 2974; x_wconf 85' lang='grc' dir='ltr'>καὶ</span> <span class='ocrx_word' id='word_1_334' title='bbox 807 2921 859 2974; x_wconf 76' lang='grc' dir='ltr'>οἱ</span> <span class='ocrx_word' id='word_1_335' title='bbox 925 2923 1022 2974; x_wconf 85' lang='lat'><strong>106</strong></span> <span class='ocrx_word' id='word_1_336' title='bbox 1087 2915 1374 2974; x_wconf 82' lang='grc' dir='ltr'>Ζεϐεδαίου</span> <span class='ocrx_word' id='word_1_337' title='bbox 1441 2919 1568 2981; x_wconf 79' lang='grc' dir='ltr'>τοὺς</span> <span class='ocrx_word' id='word_1_338' title='bbox 1637 2917 1864 2980; x_wconf 84' lang='grc' dir='ltr'>λοιποὺς</span> 
     </span>
    </p>
   </div>
   <div class='ocr_carea' id='block_1_47' title="bbox 218 3004 1868 3083">
    <p class='ocr_par' dir='ltr' id='par_1_47' title="bbox 218 3004 1868 3083">
     <span class='ocr_line' id='line_1_47' title="bbox 218 3004 1868 3083; baseline -0.001 -19"><span class='ocrx_word' id='word_1_339' title='bbox 218 3008 568 3066; x_wconf 75' lang='grc' dir='ltr'>ἀποστόλων.</span> <span class='ocrx_word' id='word_1_340' title='bbox 599 3009 736 3074; x_wconf 74' lang='grc' dir='ltr'>Τοὺς</span> <span class='ocrx_word' id='word_1_341' title='bbox 763 3006 821 3064; x_wconf 68' lang='grc' dir='ltr'><strong>δὲ</strong></span> <span class='ocrx_word' id='word_1_342' title='bbox 868 3004 1252 3080; x_wconf 76' lang='grc' dir='ltr'>ἑϐδομήκοντα</span> <span class='ocrx_word' id='word_1_343' title='bbox 1299 3009 1502 3083; x_wconf 84' lang='grc' dir='ltr'>Πέτρος</span> <span class='ocrx_word' id='word_1_344' title='bbox 1547 3008 1637 3062; x_wconf 85' lang='grc' dir='ltr'><strong>καὶ</strong></span> <span class='ocrx_word' id='word_1_345' title='bbox 1685 3008 1868 3064; x_wconf 83' lang='grc' dir='ltr'>Ἰωάν-</span> 
     </span>
    </p>
   </div>
   <div class='ocr_carea' id='block_1_48' title="bbox 224 3095 1868 3174">
    <p class='ocr_par' dir='ltr' id='par_1_48' title="bbox 224 3095 1868 3174">
     <span class='ocr_line' id='line_1_48' title="bbox 224 3095 1868 3174; baseline -0.001 -22"><span class='ocrx_word' id='word_1_346' title='bbox 224 3120 329 3168; x_wconf 85' lang='grc' dir='ltr'><strong>νης</strong></span> <span class='ocrx_word' id='word_1_347' title='bbox 389 3099 416 3153; x_wconf 90' lang='lat'><strong>6</strong></span> <span class='ocrx_word' id='word_1_348' title='bbox 477 3097 736 3174; x_wconf 89' lang='grc' dir='ltr'>θεολόγος</span> <span class='ocrx_word' id='word_1_349' title='bbox 795 3098 1118 3174; x_wconf 79' lang='grc' dir='ltr'>βαπτίζουσι</span> <span class='ocrx_word' id='word_1_350' title='bbox 1152 3118 1165 3132; x_wconf 87' lang='grc'><strong>·</strong></span> <span class='ocrx_word' id='word_1_351' title='bbox 1219 3121 1247 3148; x_wconf 87' lang='grc'>››</span> <span class='ocrx_word' id='word_1_352' title='bbox 1305 3095 1720 3172; x_wconf 87' lang='grc' dir='ltr'>προσεπιλέγων</span> <span class='ocrx_word' id='word_1_353' title='bbox 1776 3095 1868 3151; x_wconf 87' lang='grc' dir='ltr'><strong>καὶ</strong></span> 
     </span>
    </p>
   </div>
   <div class='ocr_carea' id='block_1_49' title="bbox 218 3183 1867 3262">
    <p class='ocr_par' dir='ltr' id='par_1_49' title="bbox 218 3183 1867 3262">
     <span class='ocr_line' id='line_1_49' title="bbox 218 3183 1867 3262; baseline -0.003 -18"><span class='ocrx_word' id='word_1_354' title='bbox 218 3192 392 3244; x_wconf 78' lang='grc' dir='ltr'>ταῦτα</span> <span class='ocrx_word' id='word_1_355' title='bbox 425 3207 439 3220; x_wconf 76' lang='grc' dir='ltr'><strong>ο</strong></span> <span class='ocrx_word' id='word_1_356' title='bbox 493 3211 523 3241; x_wconf 75' lang='grc' dir='ltr'>(ι</span> <span class='ocrx_word' id='word_1_357' title='bbox 577 3189 714 3246; x_wconf 80' lang='grc' dir='ltr'><strong>Ἀπὸ</strong></span> <span class='ocrx_word' id='word_1_358' title='bbox 759 3192 856 3243; x_wconf 89' lang='lat'><strong>106</strong></span> <span class='ocrx_word' id='word_1_359' title='bbox 918 3186 1288 3262; x_wconf 80' lang='grc' dir='ltr'>βαπτίσματος</span> <span class='ocrx_word' id='word_1_360' title='bbox 1345 3183 1450 3248; x_wconf 73' lang='grc' dir='ltr'>ἓως</span> <span class='ocrx_word' id='word_1_361' title='bbox 1517 3189 1616 3241; x_wconf 83' lang='grc' dir='ltr'>τοῦ</span> <span class='ocrx_word' id='word_1_362' title='bbox 1663 3184 1867 3246; x_wconf 76' lang='grc' dir='ltr'>πάθους</span> 
     </span>
    </p>
   </div>
   <div class='ocr_carea' id='block_1_50' title="bbox 217 3272 1868 3353">
    <p class='ocr_par' dir='ltr' id='par_1_50' title="bbox 217 3272 1868 3353">
     <span class='ocr_line' id='line_1_50' title="bbox 217 3272 1868 3353; baseline -0.004 -19"><span class='ocrx_word' id='word_1_363' title='bbox 217 3281 466 3353; x_wconf 79' lang='grc' dir='ltr'>Χριστοῦ</span> <span class='ocrx_word' id='word_1_364' title='bbox 495 3272 590 3348; x_wconf 75' lang='grc' dir='ltr'>ἔτη</span> <span class='ocrx_word' id='word_1_365' title='bbox 641 3275 872 3333; x_wconf 84' lang='grc' dir='ltr'>διελθεῖν</span> <span class='ocrx_word' id='word_1_366' title='bbox 902 3275 1064 3350; x_wconf 87' lang='grc' dir='ltr'>τρία·</span> <span class='ocrx_word' id='word_1_367' title='bbox 1117 3276 1222 3331; x_wconf 82' lang='grc' dir='ltr'><strong>ἀπὸ</strong></span> <span class='ocrx_word' id='word_1_368' title='bbox 1277 3273 1334 3330; x_wconf 76' lang='grc' dir='ltr'>δε</span> <span class='ocrx_word' id='word_1_369' title='bbox 1379 3275 1476 3331; x_wconf 83' lang='grc' dir='ltr'>τόῦ</span> <span class='ocrx_word' id='word_1_370' title='bbox 1523 3277 1728 3337; x_wconf 89' lang='grc' dir='ltr'>πάθους</span> <span class='ocrx_word' id='word_1_371' title='bbox 1777 3275 1868 3330; x_wconf 82' lang='grc' dir='ltr'>καὶ</span> 
     </span>
    </p>
   </div>
   <div class='ocr_carea' id='block_1_51' title="bbox 1970 2031 3618 2104">
    <p class='ocr_par' dir='ltr' id='par_1_51' title="bbox 1970 2031 3618 2104">
     <span class='ocr_line' id='line_1_51' title="bbox 1970 2031 3618 2104; baseline 0 -18"><span class='ocrx_word' id='word_1_372' title='bbox 1970 2031 2042 2086; x_wconf 91' lang='lat' dir='ltr'><strong>ad</strong></span> <span class='ocrx_word' id='word_1_373' title='bbox 2076 2048 2274 2088; x_wconf 87' lang='lat' dir='ltr'><strong>necem</strong></span> <span class='ocrx_word' id='word_1_374' title='bbox 2310 2049 2495 2104; x_wconf 90' lang='lat' dir='ltr'><strong>usque</strong></span> <span class='ocrx_word' id='word_1_375' title='bbox 2526 2049 2711 2089; x_wconf 69' lang='lat' dir='ltr'><strong>casus</strong></span> <span class='ocrx_word' id='word_1_376' title='bbox 2742 2036 2869 2099; x_wconf 87' lang='lat' dir='ltr'><strong>est;</strong></span> <span class='ocrx_word' id='word_1_377' title='bbox 2901 2031 3046 2088; x_wconf 86' lang='lat' dir='ltr'><strong>alter</strong></span> <span class='ocrx_word' id='word_1_378' title='bbox 3073 2035 3270 2088; x_wconf 90' lang='lat' dir='ltr'><strong>autem</strong></span> <span class='ocrx_word' id='word_1_379' title='bbox 3301 2031 3403 2102; x_wconf 88' lang='lat' dir='ltr'><strong>qui</strong></span> <span class='ocrx_word' id='word_1_380' title='bbox 3429 2031 3618 2102; x_wconf 86' lang='lat' dir='ltr'><strong>capite</strong></span> 
     </span>
    </p>
   </div>
   <div class='ocr_carea' id='block_1_52' title="bbox 1968 2120 3651 2194">
    <p class='ocr_par' dir='ltr' id='par_1_52' title="bbox 1968 2120 3651 2194">
     <span class='ocr_line' id='line_1_52' title="bbox 1968 2120 3651 2194; baseline -0.001 -18"><span class='ocrx_word' id='word_1_381' title='bbox 1968 2123 2058 2177; x_wconf 89' lang='lat' dir='ltr'><strong>est</strong></span> <span class='ocrx_word' id='word_1_382' title='bbox 2085 2121 2158 2176; x_wconf 88' lang='lat' dir='ltr'><strong>ab</strong></span> <span class='ocrx_word' id='word_1_383' title='bbox 2189 2121 2410 2178; x_wconf 85' lang='lat' dir='ltr'><strong>Herode</strong></span> <span class='ocrx_word' id='word_1_384' title='bbox 2457 2123 2680 2194; x_wconf 82' lang='lat' dir='ltr'><strong>plexus.</strong></span> <span class='ocrx_word' id='word_1_385' title='bbox 2714 2145 2744 2174; x_wconf 88' lang='lat'><strong><em>»</em></strong></span> <span class='ocrx_word' id='word_1_386' title='bbox 2782 2120 2949 2178; x_wconf 70' lang='lat' dir='ltr'><strong>I84</strong></span> <span class='ocrx_word' id='word_1_387' title='bbox 2976 2121 3009 2178; x_wconf 86' lang='lat' dir='ltr'><strong>J</strong></span> <span class='ocrx_word' id='word_1_388' title='bbox 3017 2123 3129 2176; x_wconf 87' lang='lat' dir='ltr'><strong>usti</strong></span> <span class='ocrx_word' id='word_1_389' title='bbox 3162 2137 3332 2192; x_wconf 88' lang='lat' dir='ltr'><strong>porro</strong></span> <span class='ocrx_word' id='word_1_390' title='bbox 3361 2120 3534 2177; x_wconf 88' lang='lat' dir='ltr'><strong>istius</strong></span> <span class='ocrx_word' id='word_1_391' title='bbox 3563 2124 3620 2174; x_wconf 86' lang='lat' dir='ltr'><strong>et</strong></span> <span class='ocrx_word' id='word_1_392' title='bbox 3647 2131 3651 2134; x_wconf 83' lang='grc'><strong>·</strong></span> 
     </span>
    </p>
   </div>
   <div class='ocr_carea' id='block_1_53' title="bbox 1969 2209 3618 2278">
    <p class='ocr_par' dir='ltr' id='par_1_53' title="bbox 1969 2209 3618 2278">
     <span class='ocr_line' id='line_1_53' title="bbox 1969 2209 3618 2278; baseline -0.002 -11"><span class='ocrx_word' id='word_1_393' title='bbox 1969 2210 2186 2267; x_wconf 88' lang='lat' dir='ltr'><strong>Paulus</strong></span> <span class='ocrx_word' id='word_1_394' title='bbox 2240 2211 2593 2270; x_wconf 87' lang='lat' dir='ltr'><strong>mentionem</strong></span> <span class='ocrx_word' id='word_1_395' title='bbox 2649 2213 2808 2278; x_wconf 81' lang='lat' dir='ltr'><strong>facit,</strong></span> <span class='ocrx_word' id='word_1_396' title='bbox 2855 2211 3155 2269; x_wconf 87' lang='lat' dir='ltr'><strong>scribens:</strong></span> <span class='ocrx_word' id='word_1_397' title='bbox 3205 2209 3392 2266; x_wconf 80' lang='lat' dir='ltr'><strong>Alium</strong></span> <span class='ocrx_word' id='word_1_398' title='bbox 3437 2217 3618 2266; x_wconf 72' lang='lat' dir='ltr'><strong>autem</strong></span> 
     </span>
    </p>
   </div>
   <div class='ocr_carea' id='block_1_54' title="bbox 1968 2297 3618 2374">
    <p class='ocr_par' dir='ltr' id='par_1_54' title="bbox 1968 2297 3618 2374">
     <span class='ocr_line' id='line_1_54' title="bbox 1968 2297 3618 2374; baseline -0.002 -18"><span class='ocrx_word' id='word_1_399' title='bbox 1968 2314 2040 2356; x_wconf 71' lang='lat' dir='ltr'><strong>ex</strong></span> <span class='ocrx_word' id='word_1_400' title='bbox 2084 2300 2349 2370; x_wconf 75' lang='lat' dir='ltr'><strong>apostolis</strong></span> <span class='ocrx_word' id='word_1_401' title='bbox 2404 2317 2732 2374; x_wconf 71' lang='lat' dir='ltr'><strong>quamquam</strong></span> <span class='ocrx_word' id='word_1_402' title='bbox 2786 2317 2898 2358; x_wconf 83' lang='lat' dir='ltr'><strong>non</strong></span> <span class='ocrx_word' id='word_1_403' title='bbox 2938 2299 3076 2369; x_wconf 78' lang='lat' dir='ltr'><strong>vidi,</strong></span> <span class='ocrx_word' id='word_1_404' title='bbox 3116 2307 3318 2371; x_wconf 70' lang='lat' dir='ltr'><strong>praeter</strong></span> <span class='ocrx_word' id='word_1_405' title='bbox 3356 2297 3618 2356; x_wconf 71' lang='lat' dir='ltr'><strong>Iacobum</strong></span> 
     </span>
    </p>
   </div>
   <div class='ocr_carea' id='block_1_55' title="bbox 1968 2385 3620 2459">
    <p class='ocr_par' dir='ltr' id='par_1_55' title="bbox 1968 2385 3620 2459">
     <span class='ocr_line' id='line_1_55' title="bbox 1968 2385 3620 2459; baseline -0.001 -17"><span class='ocrx_word' id='word_1_406' title='bbox 1968 2389 2207 2459; x_wconf 78' lang='lat' dir='ltr'><strong>fratrem</strong></span> <span class='ocrx_word' id='word_1_407' title='bbox 2237 2388 2454 2444; x_wconf 77' lang='lat' dir='ltr'><strong>Domini</strong></span> <span class='ocrx_word' id='word_1_408' title='bbox 2485 2388 2553 2444; x_wconf 79' lang='grc'><strong>³³.</strong></span> <span class='ocrx_word' id='word_1_409' title='bbox 2613 2389 2788 2446; x_wconf 88' lang='lat' dir='ltr'><strong>Porro</strong></span> <span class='ocrx_word' id='word_1_410' title='bbox 2833 2389 3067 2445; x_wconf 84' lang='lat' dir='ltr'><strong>divinus</strong></span> <span class='ocrx_word' id='word_1_411' title='bbox 3109 2389 3382 2452; x_wconf 85' lang='lat' dir='ltr'><strong>Evodius,</strong></span> <span class='ocrx_word' id='word_1_412' title='bbox 3433 2385 3532 2458; x_wconf 88' lang='lat' dir='ltr'><strong>qui</strong></span> <span class='ocrx_word' id='word_1_413' title='bbox 3561 2390 3620 2442; x_wconf 91' lang='lat' dir='ltr'><strong>et</strong></span> 
     </span>
    </p>
   </div>
   <div class='ocr_carea' id='block_1_56' title="bbox 1971 2473 3618 2551">
    <p class='ocr_par' dir='ltr' id='par_1_56' title="bbox 1971 2473 3618 2551">
     <span class='ocr_line' id='line_1_56' title="bbox 1971 2473 3618 2551; baseline -0.001 -19"><span class='ocrx_word' id='word_1_414' title='bbox 1971 2477 2098 2550; x_wconf 84' lang='lat' dir='ltr'><strong>ipse</strong></span> <span class='ocrx_word' id='word_1_415' title='bbox 2153 2485 2483 2535; x_wconf 86' lang='lat' dir='ltr'><strong>sanctorum</strong></span> <span class='ocrx_word' id='word_1_416' title='bbox 2555 2479 2948 2551; x_wconf 84' lang='lat' dir='ltr'><strong>apostolorum</strong></span> <span class='ocrx_word' id='word_1_417' title='bbox 3017 2488 3316 2534; x_wconf 86' lang='lat' dir='ltr'><strong>successor</strong></span> <span class='ocrx_word' id='word_1_418' title='bbox 3370 2475 3502 2544; x_wconf 86' lang='lat' dir='ltr'><strong>fuit,</strong></span> <span class='ocrx_word' id='word_1_419' title='bbox 3556 2473 3618 2530; x_wconf 88' lang='lat' dir='ltr'><strong>in</strong></span> 
     </span>
    </p>
   </div>
   <div class='ocr_carea' id='block_1_57' title="bbox 1973 2565 3619 2642">
    <p class='ocr_par' dir='ltr' id='par_1_57' title="bbox 1973 2565 3619 2642">
     <span class='ocr_line' id='line_1_57' title="bbox 1973 2565 3619 2642; baseline -0.003 -18"><span class='ocrx_word' id='word_1_420' title='bbox 1973 2568 2424 2625; x_wconf 86' lang='lat' dir='ltr'><strong>Commentariis</strong></span> <span class='ocrx_word' id='word_1_421' title='bbox 2479 2569 2624 2638; x_wconf 87' lang='lat' dir='ltr'><strong>suis,</strong></span> <span class='ocrx_word' id='word_1_422' title='bbox 2679 2568 2964 2642; x_wconf 63' lang='lat' dir='ltr'><strong>praecipue</strong></span> <span class='ocrx_word' id='word_1_423' title='bbox 3018 2573 3217 2624; x_wconf 87' lang='lat' dir='ltr'><strong>autem</strong></span> <span class='ocrx_word' id='word_1_424' title='bbox 3265 2567 3327 2623; x_wconf 90' lang='lat' dir='ltr'><strong>in</strong></span> <span class='ocrx_word' id='word_1_425' title='bbox 3371 2565 3619 2638; x_wconf 85' lang='lat' dir='ltr'><strong>epistola</strong></span> 
     </span>
    </p>
   </div>
   <div class='ocr_carea' id='block_1_58' title="bbox 1975 2653 3616 2730">
    <p class='ocr_par' dir='ltr' id='par_1_58' title="bbox 1975 2653 3616 2730">
     <span class='ocr_line' id='line_1_58' title="bbox 1975 2653 3616 2730; baseline -0.002 -17"><span class='ocrx_word' id='word_1_426' title='bbox 1975 2673 2152 2730; x_wconf 87' lang='lat' dir='ltr'><strong>quam</strong></span> <span class='ocrx_word' id='word_1_427' title='bbox 2185 2658 2382 2713; x_wconf 77' lang='lat' dir='ltr'><strong>Lucem</strong></span> <span class='ocrx_word' id='word_1_428' title='bbox 2412 2657 2726 2730; x_wconf 85' lang='lat' dir='ltr'><strong>inscripsit,</strong></span> <span class='ocrx_word' id='word_1_429' title='bbox 2749 2657 2872 2714; x_wconf 70' lang='lat' dir='ltr'><strong>haec</strong></span> <span class='ocrx_word' id='word_1_430' title='bbox 2891 2673 3122 2730; x_wconf 91' lang='lat' dir='ltr'><strong>quoque</strong></span> <span class='ocrx_word' id='word_1_431' title='bbox 3143 2655 3362 2730; x_wconf 89' lang='lat' dir='ltr'><strong>posuit,</strong></span> <span class='ocrx_word' id='word_1_432' title='bbox 3397 2675 3426 2706; x_wconf 85' lang='lat'><strong><em>«</em></strong></span> <span class='ocrx_word' id='word_1_433' title='bbox 3455 2653 3616 2710; x_wconf 87' lang='lat' dir='ltr'><strong>Chri-</strong></span> 
     </span>
    </p>
   </div>
   <div class='ocr_carea' id='block_1_59' title="bbox 1976 2745 3621 2818">
    <p class='ocr_par' dir='ltr' id='par_1_59' title="bbox 1976 2745 3621 2818">
     <span class='ocr_line' id='line_1_59' title="bbox 1976 2745 3621 2818; baseline -0.001 -18"><span class='ocrx_word' id='word_1_434' title='bbox 1976 2754 2120 2813; x_wconf 82' lang='lat' dir='ltr'><strong>stus,</strong></span> <span class='ocrx_word' id='word_1_435' title='bbox 2152 2745 2447 2818; x_wconf 88' lang='lat' dir='ltr'><strong>inquiens,</strong></span> <span class='ocrx_word' id='word_1_436' title='bbox 2497 2747 2764 2802; x_wconf 89' lang='lat' dir='ltr'><strong>manibus</strong></span> <span class='ocrx_word' id='word_1_437' title='bbox 2803 2747 2923 2816; x_wconf 88' lang='lat' dir='ltr'><strong>ipse</strong></span> <span class='ocrx_word' id='word_1_438' title='bbox 2953 2747 3075 2804; x_wconf 87' lang='lat' dir='ltr'><strong>suis</strong></span> <span class='ocrx_word' id='word_1_439' title='bbox 3103 2749 3338 2802; x_wconf 88' lang='lat' dir='ltr'><strong>Petrum</strong></span> <span class='ocrx_word' id='word_1_440' title='bbox 3368 2747 3621 2800; x_wconf 88' lang='lat' dir='ltr'><strong>tantum-</strong></span> 
     </span>
    </p>
   </div>
   <div class='ocr_carea' id='block_1_60' title="bbox 1977 2830 3622 2907">
    <p class='ocr_par' dir='ltr' id='par_1_60' title="bbox 1977 2830 3622 2907">
     <span class='ocr_line' id='line_1_60' title="bbox 1977 2830 3622 2907; baseline -0.002 -19"><span class='ocrx_word' id='word_1_441' title='bbox 1977 2834 2148 2890; x_wconf 90' lang='lat' dir='ltr'><strong>modo</strong></span> <span class='ocrx_word' id='word_1_442' title='bbox 2179 2832 2515 2906; x_wconf 79' lang='lat' dir='ltr'><strong>baptisavit.</strong></span> <span class='ocrx_word' id='word_1_443' title='bbox 2566 2833 2768 2891; x_wconf 89' lang='lat' dir='ltr'><strong>Petrus</strong></span> <span class='ocrx_word' id='word_1_444' title='bbox 2817 2852 2988 2907; x_wconf 88' lang='lat' dir='ltr'><strong>porro</strong></span> <span class='ocrx_word' id='word_1_445' title='bbox 3035 2835 3350 2903; x_wconf 81' lang='lat' dir='ltr'><strong>Andream,</strong></span> <span class='ocrx_word' id='word_1_446' title='bbox 3381 2836 3442 2888; x_wconf 88' lang='lat' dir='ltr'><strong>et</strong></span> <span class='ocrx_word' id='word_1_447' title='bbox 3469 2830 3622 2888; x_wconf 80' lang='lat' dir='ltr'><strong>ﬁlios</strong></span> 
     </span>
    </p>
   </div>
   <div class='ocr_carea' id='block_1_61' title="bbox 1974 2921 3620 2996">
    <p class='ocr_par' dir='ltr' id='par_1_61' title="bbox 1974 2921 3620 2996">
     <span class='ocr_line' id='line_1_61' title="bbox 1974 2921 3620 2996; baseline -0.002 -18"><span class='ocrx_word' id='word_1_448' title='bbox 1974 2921 2254 2978; x_wconf 66' lang='lat' dir='ltr'><strong>Zebedai.</strong></span> <span class='ocrx_word' id='word_1_449' title='bbox 2307 2921 2353 2978; x_wconf 89' lang='lat' dir='ltr'><strong>Ii</strong></span> <span class='ocrx_word' id='word_1_450' title='bbox 2411 2922 2685 2994; x_wconf 87' lang='lat' dir='ltr'><strong>deinceps</strong></span> <span class='ocrx_word' id='word_1_451' title='bbox 2729 2923 2986 2996; x_wconf 90' lang='lat' dir='ltr'><strong>reliquos</strong></span> <span class='ocrx_word' id='word_1_452' title='bbox 3021 2921 3336 2996; x_wconf 87' lang='lat' dir='ltr'><strong>apostolos.</strong></span> <span class='ocrx_word' id='word_1_453' title='bbox 3365 2923 3620 2993; x_wconf 82' lang='lat' dir='ltr'><strong>Septua-</strong></span> 
     </span>
    </p>
   </div>
   <div class='ocr_carea' id='block_1_62' title="bbox 1975 3009 3623 3084">
    <p class='ocr_par' dir='ltr' id='par_1_62' title="bbox 1975 3009 3623 3084">
     <span class='ocr_line' id='line_1_62' title="bbox 1975 3009 3623 3084; baseline -0.002 -17"><span class='ocrx_word' id='word_1_454' title='bbox 1975 3011 2140 3084; x_wconf 80' lang='lat' dir='ltr'><strong>ginta</strong></span> <span class='ocrx_word' id='word_1_455' title='bbox 2198 3016 2392 3068; x_wconf 88' lang='lat' dir='ltr'><strong>autem</strong></span> <span class='ocrx_word' id='word_1_456' title='bbox 2447 3011 2583 3069; x_wconf 89' lang='lat' dir='ltr'><strong>illos</strong></span> <span class='ocrx_word' id='word_1_457' title='bbox 2639 3018 2842 3070; x_wconf 87' lang='lat' dir='ltr'><strong>Petrus</strong></span> <span class='ocrx_word' id='word_1_458' title='bbox 2899 3019 2958 3069; x_wconf 78' lang='lat' dir='ltr'><strong>et</strong></span> <span class='ocrx_word' id='word_1_459' title='bbox 3002 3014 3252 3070; x_wconf 81' lang='lat' dir='ltr'><strong>Joannes</strong></span> <span class='ocrx_word' id='word_1_460' title='bbox 3299 3009 3623 3080; x_wconf 82' lang='lat' dir='ltr'><strong>Theologus</strong></span> 
     </span>
    </p>
   </div>
   <div class='ocr_carea' id='block_1_63' title="bbox 1979 3097 3621 3174">
    <p class='ocr_par' dir='ltr' id='par_1_63' title="bbox 1979 3097 3621 3174">
     <span class='ocr_line' id='line_1_63' title="bbox 1979 3097 3621 3174; baseline -0.002 -18"><span class='ocrx_word' id='word_1_461' title='bbox 1979 3101 2170 3157; x_wconf 90' lang='lat' dir='ltr'><strong>dictus</strong></span> <span class='ocrx_word' id='word_1_462' title='bbox 2229 3101 2616 3172; x_wconf 85' lang='lat' dir='ltr'><strong>baptizarunt.</strong></span> <span class='ocrx_word' id='word_1_463' title='bbox 2680 3123 2710 3154; x_wconf 85' lang='lat'><strong>»</strong></span> <span class='ocrx_word' id='word_1_464' title='bbox 2766 3102 2981 3174; x_wconf 82' lang='lat' dir='ltr'><strong>Adjicit</strong></span> <span class='ocrx_word' id='word_1_465' title='bbox 3044 3102 3097 3159; x_wconf 90' lang='lat' dir='ltr'><strong>is</strong></span> <span class='ocrx_word' id='word_1_466' title='bbox 3153 3110 3424 3174; x_wconf 66' lang='lat' dir='ltr'><strong>praeterea</strong></span> <span class='ocrx_word' id='word_1_467' title='bbox 3472 3097 3621 3154; x_wconf 88' lang='lat' dir='ltr'><strong>illa:</strong></span> 
     </span>
    </p>
   </div>
   <div class='ocr_carea' id='block_1_64' title="bbox 1979 3187 3624 3264">
    <p class='ocr_par' dir='ltr' id='par_1_64' title="bbox 1979 3187 3624 3264">
     <span class='ocr_line' id='line_1_64' title="bbox 1979 3187 3624 3264; baseline -0.003 -18"><span class='ocrx_word' id='word_1_468' title='bbox 1979 3212 2007 3240; x_wconf 77' lang='grc' dir='ltr'><strong>ιι</strong></span> <span class='ocrx_word' id='word_1_469' title='bbox 2039 3193 2086 3246; x_wconf 80' lang='grc' dir='ltr'><strong>Α</strong></span> <span class='ocrx_word' id='word_1_470' title='bbox 2114 3189 2404 3262; x_wconf 83' lang='lat' dir='ltr'><strong>baptismo</strong></span> <span class='ocrx_word' id='word_1_471' title='bbox 2444 3207 2632 3264; x_wconf 90' lang='lat' dir='ltr'><strong>usque</strong></span> <span class='ocrx_word' id='word_1_472' title='bbox 2677 3193 2750 3248; x_wconf 87' lang='lat' dir='ltr'><strong>ad</strong></span> <span class='ocrx_word' id='word_1_473' title='bbox 2803 3193 3127 3262; x_wconf 82' lang='lat' dir='ltr'><strong>passionem</strong></span> <span class='ocrx_word' id='word_1_474' title='bbox 3179 3189 3395 3247; x_wconf 85' lang='lat' dir='ltr'><strong>Christi</strong></span> <span class='ocrx_word' id='word_1_475' title='bbox 3441 3187 3624 3243; x_wconf 88' lang='lat' dir='ltr'><strong>inter-</strong></span> 
     </span>
    </p>
   </div>
   <div class='ocr_carea' id='block_1_65' title="bbox 1978 3278 3628 3352">
    <p class='ocr_par' dir='ltr' id='par_1_65' title="bbox 1978 3278 3628 3352">
     <span class='ocr_line' id='line_1_65' title="bbox 1978 3278 3628 3352; baseline -0.002 -19"><span class='ocrx_word' id='word_1_476' title='bbox 1978 3278 2224 3335; x_wconf 83' lang='lat' dir='ltr'><strong>cessisse</strong></span> <span class='ocrx_word' id='word_1_477' title='bbox 2281 3295 2468 3336; x_wconf 85' lang='lat' dir='ltr'><strong>annos</strong></span> <span class='ocrx_word' id='word_1_478' title='bbox 2525 3288 2688 3336; x_wconf 89' lang='lat' dir='ltr'><strong>tres:</strong></span> <span class='ocrx_word' id='word_1_479' title='bbox 2735 3297 2770 3336; x_wconf 91' lang='lat' dir='ltr'><strong>a</strong></span> <span class='ocrx_word' id='word_1_480' title='bbox 2814 3279 3087 3352; x_wconf 88' lang='lat' dir='ltr'><strong>passione</strong></span> <span class='ocrx_word' id='word_1_481' title='bbox 3131 3291 3283 3346; x_wconf 83' lang='lat' dir='ltr'><strong>vero,</strong></span> <span class='ocrx_word' id='word_1_482' title='bbox 3335 3291 3628 3334; x_wconf 86' lang='lat' dir='ltr'><strong>ressurre—</strong></span> 
     </span>
    </p>
   </div>
   <div class='ocr_carea' id='block_1_66' title="bbox 219 3340 1875 3442">
    <p class='ocr_par' dir='ltr' id='par_1_66' title="bbox 219 3340 1868 3440">
     <span class='ocr_line' id='line_1_66' title="bbox 219 3340 1868 3440; baseline -0.004 -17"><span class='ocrx_word' id='word_1_483' title='bbox 219 3340 324 3436; x_wconf 57' lang='lat'><strong>13;:</strong></span> <span class='ocrx_word' id='word_1_484' title='bbox 373 3366 716 3429; x_wconf 78' lang='grc' dir='ltr'>ἀναστάσεως</span> <span class='ocrx_word' id='word_1_485' title='bbox 749 3366 838 3421; x_wconf 83' lang='grc' dir='ltr'><strong>καὶ</strong></span> <span class='ocrx_word' id='word_1_486' title='bbox 889 3365 1215 3440; x_wconf 77' lang='grc' dir='ltr'>ἀναλήψεως</span> <span class='ocrx_word' id='word_1_487' title='bbox 1261 3365 1336 3426; x_wconf 88' lang='grc' dir='ltr'><strong>εἰς</strong></span> <span class='ocrx_word' id='word_1_488' title='bbox 1384 3365 1646 3440; x_wconf 82' lang='grc' dir='ltr'>οὐρανοὺς</span> <span class='ocrx_word' id='word_1_489' title='bbox 1701 3379 1868 3439; x_wconf 87' lang='grc' dir='ltr'>μεχρι</span> 
     </span>
    </p>
   </div>
   <div class='ocr_carea' id='block_1_67' title="bbox 1985 3340 3625 3442">
    <p class='ocr_par' dir='ltr' id='par_1_67' title="bbox 1985 3340 3625 3442">
     <span class='ocr_line' id='line_1_67' title="bbox 1985 3340 3625 3442; baseline -0.003 -18"><span class='ocrx_word' id='word_1_490' title='bbox 1985 3367 2190 3432; x_wconf 89' lang='lat' dir='ltr'><strong>ctione,</strong></span> <span class='ocrx_word' id='word_1_491' title='bbox 2223 3375 2278 3424; x_wconf 92' lang='lat' dir='ltr'><strong>et</strong></span> <span class='ocrx_word' id='word_1_492' title='bbox 2305 3370 2645 3425; x_wconf 89' lang='lat' dir='ltr'><strong>ascensione</strong></span> <span class='ocrx_word' id='word_1_493' title='bbox 2675 3340 2899 3442; x_wconf 51' lang='lat' dir='ltr'><strong>ejus.in</strong></span> <span class='ocrx_word' id='word_1_494' title='bbox 2930 3368 3129 3437; x_wconf 76' lang='lat' dir='ltr'><strong>caelos,</strong></span> <span class='ocrx_word' id='word_1_495' title='bbox 3162 3340 3344 3440; x_wconf 77' lang='lat' dir='ltr'><strong>usque</strong></span> <span class='ocrx_word' id='word_1_496' title='bbox 3371 3367 3443 3422; x_wconf 91' lang='lat' dir='ltr'><strong>ad</strong></span> <span class='ocrx_word' id='word_1_497' title='bbox 3476 3364 3625 3438; x_wconf 86' lang='lat' dir='ltr'><strong>lapi-</strong></span> 
     </span>
    </p>
   </div>
   <div class='ocr_carea' id='block_1_68' title="bbox 223 3449 1876 3533">
    <p class='ocr_par' dir='ltr' id='par_1_68' title="bbox 223 3449 1876 3533">
     <span class='ocr_line' id='line_1_68' title="bbox 223 3449 1876 3533; baseline -0.004 -19"><span class='ocrx_word' id='word_1_498' title='bbox 223 3461 327 3522; x_wconf 75' lang='grc' dir='ltr'>τῆς</span> <span class='ocrx_word' id='word_1_499' title='bbox 361 3451 689 3519; x_wconf 83' lang='grc' dir='ltr'>λιθοϐολίας</span> <span class='ocrx_word' id='word_1_500' title='bbox 721 3457 992 3533; x_wconf 76' lang='grc' dir='ltr'>Στεφάνου</span> <span class='ocrx_word' id='word_1_501' title='bbox 1036 3449 1130 3525; x_wconf 84' lang='grc' dir='ltr'>ἔτη</span> <span class='ocrx_word' id='word_1_502' title='bbox 1167 3454 1303 3510; x_wconf 81' lang='grc' dir='ltr'>εἶναι</span> <span class='ocrx_word' id='word_1_503' title='bbox 1333 3455 1466 3511; x_wconf 71' lang='grc' dir='ltr'>ἑπτά</span> <span class='ocrx_word' id='word_1_504' title='bbox 1488 3473 1502 3487; x_wconf 84' lang='lat'><strong>&#39;</strong></span> <span class='ocrx_word' id='word_1_505' title='bbox 1554 3455 1660 3510; x_wconf 83' lang='grc' dir='ltr'>ἀπὸ</span> <span class='ocrx_word' id='word_1_506' title='bbox 1691 3451 1747 3509; x_wconf 74' lang='grc' dir='ltr'><strong>δέ</strong></span> <span class='ocrx_word' id='word_1_507' title='bbox 1775 3461 1876 3524; x_wconf 84' lang='grc' dir='ltr'><strong>τῆς</strong></span> 
     </span>
    </p>
   </div>
   <div class='ocr_carea' id='block_1_69' title="bbox 232 3543 1880 3624">
    <p class='ocr_par' dir='ltr' id='par_1_69' title="bbox 232 3543 1880 3624">
     <span class='ocr_line' id='line_1_69' title="bbox 232 3543 1880 3624; baseline -0.002 -20"><span class='ocrx_word' id='word_1_508' title='bbox 232 3546 536 3622; x_wconf 83' lang='grc' dir='ltr'>μαρτυρίας</span> <span class='ocrx_word' id='word_1_509' title='bbox 584 3548 862 3624; x_wconf 85' lang='grc' dir='ltr'>Στεφάνου</span> <span class='ocrx_word' id='word_1_510' title='bbox 921 3546 1087 3621; x_wconf 86' lang='grc' dir='ltr'>μέχρι</span> <span class='ocrx_word' id='word_1_511' title='bbox 1115 3551 1215 3600; x_wconf 82' lang='grc' dir='ltr'><strong>τοῦ</strong></span> <span class='ocrx_word' id='word_1_512' title='bbox 1267 3547 1524 3624; x_wconf 75' lang='grc' dir='ltr'>φανέντος</span> <span class='ocrx_word' id='word_1_513' title='bbox 1555 3551 1636 3617; x_wconf 78' lang='grc' dir='ltr'><strong>τῷ</strong></span> <span class='ocrx_word' id='word_1_514' title='bbox 1677 3543 1880 3617; x_wconf 88' lang='grc' dir='ltr'>Παύλῳ</span> 
     </span>
    </p>
   </div>
   <div class='ocr_carea' id='block_1_70' title="bbox 233 3631 1881 3716">
    <p class='ocr_par' dir='ltr' id='par_1_70' title="bbox 233 3631 1881 3716">
     <span class='ocr_line' id='line_1_70' title="bbox 233 3631 1881 3716; baseline -0.003 -23"><span class='ocrx_word' id='word_1_515' title='bbox 233 3639 417 3716; x_wconf 84' lang='grc' dir='ltr'>φωτὸς</span> <span class='ocrx_word' id='word_1_516' title='bbox 461 3643 629 3710; x_wconf 80' lang='grc' dir='ltr'>μῆνες</span> <span class='ocrx_word' id='word_1_517' title='bbox 664 3631 716 3706; x_wconf 73' lang='grc' dir='ltr'>ἓξ</span> <span class='ocrx_word' id='word_1_518' title='bbox 744 3655 757 3668; x_wconf 91' lang='grc'><strong>·</strong></span> <span class='ocrx_word' id='word_1_519' title='bbox 803 3636 909 3690; x_wconf 82' lang='grc' dir='ltr'><strong>ἀπὸ</strong></span> <span class='ocrx_word' id='word_1_520' title='bbox 944 3639 1042 3690; x_wconf 80' lang='grc' dir='ltr'>τοῦ</span> <span class='ocrx_word' id='word_1_521' title='bbox 1087 3633 1342 3712; x_wconf 81' lang='grc' dir='ltr'>φανέντος</span> <span class='ocrx_word' id='word_1_522' title='bbox 1383 3639 1466 3707; x_wconf 80' lang='grc' dir='ltr'>τῷ</span> <span class='ocrx_word' id='word_1_523' title='bbox 1515 3632 1718 3707; x_wconf 83' lang='grc' dir='ltr'>Παύλῳ</span> <span class='ocrx_word' id='word_1_524' title='bbox 1764 3655 1881 3706; x_wconf 85' lang='grc' dir='ltr'>φω-</span> 
     </span>
    </p>
   </div>
   <div class='ocr_carea' id='block_1_71' title="bbox 233 3719 1880 3804">
    <p class='ocr_par' dir='ltr' id='par_1_71' title="bbox 233 3719 1880 3804">
     <span class='ocr_line' id='line_1_71' title="bbox 233 3719 1880 3804; baseline -0.002 -22"><span class='ocrx_word' id='word_1_525' title='bbox 233 3727 327 3788; x_wconf 86' lang='grc' dir='ltr'>τὸς</span> <span class='ocrx_word' id='word_1_526' title='bbox 364 3727 535 3804; x_wconf 86' lang='grc' dir='ltr'>μέχρι</span> <span class='ocrx_word' id='word_1_527' title='bbox 564 3732 664 3794; x_wconf 82' lang='grc' dir='ltr'><strong>τῆς</strong></span> <span class='ocrx_word' id='word_1_528' title='bbox 693 3723 1029 3788; x_wconf 79' lang='grc' dir='ltr'>τελειώσεως</span> <span class='ocrx_word' id='word_1_529' title='bbox 1055 3731 1156 3793; x_wconf 77' lang='grc' dir='ltr'>τῆς</span> <span class='ocrx_word' id='word_1_530' title='bbox 1182 3723 1335 3798; x_wconf 77' lang='grc' dir='ltr'>ἁγίας</span> <span class='ocrx_word' id='word_1_531' title='bbox 1375 3724 1640 3780; x_wconf 86' lang='grc' dir='ltr'>Θεοτόκου</span> <span class='ocrx_word' id='word_1_532' title='bbox 1671 3719 1762 3788; x_wconf 77' lang='grc' dir='ltr'>ἔτη</span> <span class='ocrx_word' id='word_1_533' title='bbox 1810 3723 1880 3796; x_wconf 88' lang='grc' dir='ltr'><strong>γ’.</strong></span> 
     </span>
    </p>
   </div>
   <div class='ocr_carea' id='block_1_72' title="bbox 233 3809 1882 3888">
    <p class='ocr_par' dir='ltr' id='par_1_72' title="bbox 233 3809 1882 3888">
     <span class='ocr_line' id='line_1_72' title="bbox 233 3809 1882 3888; baseline -0.004 -17"><span class='ocrx_word' id='word_1_534' title='bbox 233 3816 312 3871; x_wconf 75' lang='grc' dir='ltr'>Τά</span> <span class='ocrx_word' id='word_1_535' title='bbox 349 3813 408 3870; x_wconf 72' lang='grc' dir='ltr'><strong>δὲ</strong></span> <span class='ocrx_word' id='word_1_536' title='bbox 445 3816 620 3870; x_wconf 86' lang='grc' dir='ltr'>πάντα</span> <span class='ocrx_word' id='word_1_537' title='bbox 657 3813 766 3868; x_wconf 84' lang='grc' dir='ltr'>ἀπὸ</span> <span class='ocrx_word' id='word_1_538' title='bbox 812 3820 913 3882; x_wconf 73' lang='grc' dir='ltr'><strong>τῆς</strong></span> <span class='ocrx_word' id='word_1_539' title='bbox 963 3815 1266 3888; x_wconf 74' lang='grc' dir='ltr'>γεννήσεως</span> <span class='ocrx_word' id='word_1_540' title='bbox 1313 3817 1410 3868; x_wconf 80' lang='grc' dir='ltr'><strong>τοῦ</strong></span> <span class='ocrx_word' id='word_1_541' title='bbox 1459 3813 1693 3886; x_wconf 73' lang='grc' dir='ltr'>Χριστοῦ</span> <span class='ocrx_word' id='word_1_542' title='bbox 1749 3809 1882 3885; x_wconf 83' lang='grc' dir='ltr'>όίχρι</span> 
     </span>
    </p>
   </div>
   <div class='ocr_carea' id='block_1_73' title="bbox 237 3896 1882 3976">
    <p class='ocr_par' dir='ltr' id='par_1_73' title="bbox 237 3896 1882 3976">
     <span class='ocr_line' id='line_1_73' title="bbox 237 3896 1882 3976; baseline -0.004 -16"><span class='ocrx_word' id='word_1_543' title='bbox 237 3911 342 3974; x_wconf 80' lang='grc' dir='ltr'>τῆς</span> <span class='ocrx_word' id='word_1_544' title='bbox 381 3903 754 3972; x_wconf 80' lang='grc' dir='ltr'>μεταστάσεως</span> <span class='ocrx_word' id='word_1_545' title='bbox 803 3909 902 3971; x_wconf 77' lang='grc' dir='ltr'>τῆς</span> <span class='ocrx_word' id='word_1_546' title='bbox 955 3903 1110 3976; x_wconf 82' lang='grc' dir='ltr'>ἁγίας</span> <span class='ocrx_word' id='word_1_547' title='bbox 1155 3903 1426 3958; x_wconf 88' lang='grc' dir='ltr'>Θεοτόκου</span> <span class='ocrx_word' id='word_1_548' title='bbox 1470 3896 1566 3972; x_wconf 78' lang='grc' dir='ltr'>ἔτη</span> <span class='ocrx_word' id='word_1_549' title='bbox 1613 3901 1764 3972; x_wconf 88' lang='grc' dir='ltr'>λέγει</span> <span class='ocrx_word' id='word_1_550' title='bbox 1813 3901 1882 3954; x_wconf 70' lang='grc' dir='ltr'><strong>εἶα</strong></span> 
     </span>
    </p>
   </div>
   <div class='ocr_carea' id='block_1_74' title="bbox 237 3985 1883 4064">
    <p class='ocr_par' dir='ltr' id='par_1_74' title="bbox 237 3985 1883 4064">
     <span class='ocr_line' id='line_1_74' title="bbox 237 3985 1883 4064; baseline -0.002 -18"><span class='ocrx_word' id='word_1_551' title='bbox 237 4013 326 4048; x_wconf 78' lang='grc' dir='ltr'><strong>ναι</strong></span> <span class='ocrx_word' id='word_1_552' title='bbox 393 3988 500 4063; x_wconf 82' lang='grc' dir='ltr'><strong>μδ’.</strong></span> <span class='ocrx_word' id='word_1_553' title='bbox 557 3991 658 4046; x_wconf 62' lang='lat' dir='ltr'><strong>Td»</strong></span> <span class='ocrx_word' id='word_1_554' title='bbox 710 3987 768 4045; x_wconf 75' lang='grc' dir='ltr'><strong>δὲ</strong></span> <span class='ocrx_word' id='word_1_555' title='bbox 811 3990 941 4045; x_wconf 87' lang='grc' dir='ltr'>’ὀλον</span> <span class='ocrx_word' id='word_1_556' title='bbox 984 3992 1081 4058; x_wconf 78' lang='grc' dir='ltr'>τῆς</span> <span class='ocrx_word' id='word_1_557' title='bbox 1131 3989 1276 4060; x_wconf 77' lang='grc' dir='ltr'>ζωῆς</span> <span class='ocrx_word' id='word_1_558' title='bbox 1327 3989 1495 4059; x_wconf 81' lang='grc' dir='ltr'>αὐτῆς</span> <span class='ocrx_word' id='word_1_559' title='bbox 1543 3990 1742 4064; x_wconf 82' lang='grc' dir='ltr'>χρόνον</span> <span class='ocrx_word' id='word_1_560' title='bbox 1791 3985 1883 4057; x_wconf 83' lang='grc' dir='ltr'>ἔτη</span> 
     </span>
    </p>
   </div>
   <div class='ocr_carea' id='block_1_75' title="bbox 239 4077 1885 4154">
    <p class='ocr_par' dir='ltr' id='par_1_75' title="bbox 239 4077 1885 4154">
     <span class='ocr_line' id='line_1_75' title="bbox 239 4077 1885 4154; baseline -0.004 -16"><span class='ocrx_word' id='word_1_561' title='bbox 239 4081 377 4138; x_wconf 77' lang='grc' dir='ltr'>εἶναι</span> <span class='ocrx_word' id='word_1_562' title='bbox 413 4082 506 4137; x_wconf 78' lang='grc' dir='ltr'><strong>νϐ’.</strong></span> <span class='ocrx_word' id='word_1_563' title='bbox 539 4081 767 4151; x_wconf 80' lang='grc' dir='ltr'>Υριετής</span> <span class='ocrx_word' id='word_1_564' title='bbox 807 4081 909 4154; x_wconf 78' lang='grc' dir='ltr'>γὰρ</span> <span class='ocrx_word' id='word_1_565' title='bbox 958 4077 1226 4154; x_wconf 81' lang='grc' dir='ltr'>γενομένη</span> <span class='ocrx_word' id='word_1_566' title='bbox 1275 4083 1353 4150; x_wconf 79' lang='grc' dir='ltr'>τῷ</span> <span class='ocrx_word' id='word_1_567' title='bbox 1399 4079 1532 4154; x_wconf 77' lang='grc' dir='ltr'><strong>ἱερῷ</strong></span> <span class='ocrx_word' id='word_1_568' title='bbox 1561 4079 1885 4152; x_wconf 77' lang='grc' dir='ltr'>προσήχθη,</span> 
     </span>
    </p>
   </div>
   <div class='ocr_carea' id='block_1_76' title="bbox 236 4161 1889 4244">
    <p class='ocr_par' dir='ltr' id='par_1_76' title="bbox 236 4161 1889 4244">
     <span class='ocr_line' id='line_1_76' title="bbox 236 4161 1889 4244; baseline -0.004 -18"><span class='ocrx_word' id='word_1_569' title='bbox 236 4171 328 4226; x_wconf 76' lang='grc' dir='ltr'><strong>καί</strong></span> <span class='ocrx_word' id='word_1_570' title='bbox 361 4170 416 4225; x_wconf 79' lang='grc' dir='ltr'><strong>έν</strong></span> <span class='ocrx_word' id='word_1_571' title='bbox 447 4175 564 4230; x_wconf 82' lang='grc' dir='ltr'>τοῖς</span> <span class='ocrx_word' id='word_1_572' title='bbox 604 4168 810 4244; x_wconf 82' lang='grc' dir='ltr'>Ἀγίοις</span> <span class='ocrx_word' id='word_1_573' title='bbox 853 4173 960 4224; x_wconf 75' lang='grc' dir='ltr'><strong>τῶν</strong></span> <span class='ocrx_word' id='word_1_574' title='bbox 998 4168 1166 4244; x_wconf 84' lang='grc' dir='ltr'>ἁγίων</span> <span class='ocrx_word' id='word_1_575' title='bbox 1212 4166 1305 4238; x_wconf 79' lang='grc' dir='ltr'>ἔτη</span> <span class='ocrx_word' id='word_1_576' title='bbox 1355 4165 1544 4222; x_wconf 80' lang='grc' dir='ltr'>’ένὸεκα</span> <span class='ocrx_word' id='word_1_577' title='bbox 1593 4161 1889 4233; x_wconf 82' lang='grc' dir='ltr'>διεϐίϐασε,</span> 
     </span>
    </p>
   </div>
   <div class='ocr_carea' id='block_1_77' title="bbox 237 4253 1888 4333">
    <p class='ocr_par' dir='ltr' id='par_1_77' title="bbox 237 4253 1888 4333">
     <span class='ocr_line' id='line_1_77' title="bbox 237 4253 1888 4333; baseline -0.004 -18"><span class='ocrx_word' id='word_1_578' title='bbox 237 4261 329 4316; x_wconf 75' lang='grc' dir='ltr'><strong>καί</strong></span> <span class='ocrx_word' id='word_1_579' title='bbox 391 4257 547 4321; x_wconf 75' lang='grc' dir='ltr'>εὒθὺς</span> <span class='ocrx_word' id='word_1_580' title='bbox 600 4256 692 4313; x_wconf 80' lang='grc' dir='ltr'>διὰ</span> <span class='ocrx_word' id='word_1_581' title='bbox 740 4259 928 4333; x_wconf 88' lang='grc' dir='ltr'>χειρὸς</span> <span class='ocrx_word' id='word_1_582' title='bbox 979 4263 1086 4312; x_wconf 80' lang='grc' dir='ltr'><strong>τῶν</strong></span> <span class='ocrx_word' id='word_1_583' title='bbox 1132 4257 1317 4332; x_wconf 77' lang='grc' dir='ltr'>ἱερέων</span> <span class='ocrx_word' id='word_1_584' title='bbox 1357 4258 1438 4328; x_wconf 82' lang='grc' dir='ltr'>τῷ</span> <span class='ocrx_word' id='word_1_585' title='bbox 1504 4257 1708 4332; x_wconf 77' lang='grc' dir='ltr'>Ἰωσὴφ</span> <span class='ocrx_word' id='word_1_586' title='bbox 1752 4253 1888 4330; x_wconf 82' lang='grc' dir='ltr'>πρὸς</span> 
     </span>
    </p>
   </div>
   <div class='ocr_carea' id='block_1_78' title="bbox 1983 3453 3627 3529">
    <p class='ocr_par' dir='ltr' id='par_1_78' title="bbox 1983 3453 3627 3529">
     <span class='ocr_line' id='line_1_78' title="bbox 1983 3453 3627 3529; baseline -0.003 -16"><span class='ocrx_word' id='word_1_587' title='bbox 1983 3457 2278 3514; x_wconf 86' lang='lat' dir='ltr'><strong>dationem</strong></span> <span class='ocrx_word' id='word_1_588' title='bbox 2341 3457 2614 3527; x_wconf 89' lang='lat' dir='ltr'><strong>Stephani</strong></span> <span class='ocrx_word' id='word_1_589' title='bbox 2679 3475 2863 3514; x_wconf 87' lang='lat' dir='ltr'><strong>annos</strong></span> <span class='ocrx_word' id='word_1_590' title='bbox 2931 3462 3204 3529; x_wconf 87' lang='lat' dir='ltr'><strong>septem:</strong></span> <span class='ocrx_word' id='word_1_591' title='bbox 3259 3473 3294 3512; x_wconf 90' lang='lat' dir='ltr'><strong>a</strong></span> <span class='ocrx_word' id='word_1_592' title='bbox 3348 3453 3627 3527; x_wconf 85' lang='lat' dir='ltr'><strong>Stephani</strong></span> 
     </span>
    </p>
   </div>
   <div class='ocr_carea' id='block_1_79' title="bbox 1986 3543 3628 3618">
    <p class='ocr_par' dir='ltr' id='par_1_79' title="bbox 1986 3543 3628 3618">
     <span class='ocr_line' id='line_1_79' title="bbox 1986 3543 3628 3618; baseline -0.001 -18"><span class='ocrx_word' id='word_1_593' title='bbox 1986 3546 2196 3603; x_wconf 91' lang='lat' dir='ltr'><strong>deinde</strong></span> <span class='ocrx_word' id='word_1_594' title='bbox 2227 3546 2525 3618; x_wconf 80' lang='lat' dir='ltr'><strong>martyrio,</strong></span> <span class='ocrx_word' id='word_1_595' title='bbox 2559 3563 2745 3618; x_wconf 91' lang='lat' dir='ltr'><strong>usque</strong></span> <span class='ocrx_word' id='word_1_596' title='bbox 2790 3547 2928 3603; x_wconf 89' lang='lat' dir='ltr'><strong>dum</strong></span> <span class='ocrx_word' id='word_1_597' title='bbox 2969 3548 3215 3603; x_wconf 91' lang='lat' dir='ltr'><strong>Paulum</strong></span> <span class='ocrx_word' id='word_1_598' title='bbox 3246 3544 3346 3601; x_wconf 85' lang='lat' dir='ltr'><strong>lux</strong></span> <span class='ocrx_word' id='word_1_599' title='bbox 3384 3543 3628 3600; x_wconf 87' lang='lat' dir='ltr'><strong>circum-</strong></span> 
     </span>
    </p>
   </div>
   <div class='ocr_carea' id='block_1_80' title="bbox 1987 3631 3628 3708">
    <p class='ocr_par' dir='ltr' id='par_1_80' title="bbox 1987 3631 3628 3708">
     <span class='ocr_line' id='line_1_80' title="bbox 1987 3631 3628 3708; baseline -0.002 -18"><span class='ocrx_word' id='word_1_600' title='bbox 1987 3635 2157 3703; x_wconf 82' lang='lat' dir='ltr'><strong>ludit,</strong></span> <span class='ocrx_word' id='word_1_601' title='bbox 2194 3651 2427 3691; x_wconf 88' lang='lat' dir='ltr'><strong>menses</strong></span> <span class='ocrx_word' id='word_1_602' title='bbox 2449 3651 2570 3691; x_wconf 85' lang='lat' dir='ltr'><strong>sex.</strong></span> <span class='ocrx_word' id='word_1_603' title='bbox 2604 3637 2742 3692; x_wconf 90' lang='lat' dir='ltr'><strong>Inde</strong></span> <span class='ocrx_word' id='word_1_604' title='bbox 2773 3652 2956 3708; x_wconf 88' lang='lat' dir='ltr'><strong>usque</strong></span> <span class='ocrx_word' id='word_1_605' title='bbox 2977 3637 3046 3692; x_wconf 89' lang='lat' dir='ltr'><strong>ad</strong></span> <span class='ocrx_word' id='word_1_606' title='bbox 3079 3642 3292 3690; x_wconf 64' lang='lat' dir='ltr'><strong>sanctas</strong></span> <span class='ocrx_word' id='word_1_607' title='bbox 3321 3632 3422 3690; x_wconf 89' lang='lat' dir='ltr'><strong>Dei</strong></span> <span class='ocrx_word' id='word_1_608' title='bbox 3453 3631 3628 3689; x_wconf 88' lang='lat' dir='ltr'><strong>Geni-</strong></span> 
     </span>
    </p>
   </div>
   <div class='ocr_carea' id='block_1_81' title="bbox 1987 3723 3627 3795">
    <p class='ocr_par' dir='ltr' id='par_1_81' title="bbox 1987 3723 3627 3795">
     <span class='ocr_line' id='line_1_81' title="bbox 1987 3723 3627 3795; baseline -0.001 -17"><span class='ocrx_word' id='word_1_609' title='bbox 1987 3723 2150 3780; x_wconf 88' lang='lat' dir='ltr'><strong>tricis</strong></span> <span class='ocrx_word' id='word_1_610' title='bbox 2180 3723 2506 3792; x_wconf 84' lang='lat' dir='ltr'><strong>decessum,</strong></span> <span class='ocrx_word' id='word_1_611' title='bbox 2532 3741 2715 3781; x_wconf 86' lang='lat' dir='ltr'><strong>annos</strong></span> <span class='ocrx_word' id='word_1_612' title='bbox 2737 3729 2872 3782; x_wconf 92' lang='lat' dir='ltr'><strong>tres.</strong></span> <span class='ocrx_word' id='word_1_613' title='bbox 2897 3724 3178 3782; x_wconf 60' lang='lat' dir='ltr'><strong>Ceterum</strong></span> <span class='ocrx_word' id='word_1_614' title='bbox 3197 3728 3429 3795; x_wconf 86' lang='lat' dir='ltr'><strong>tempus</strong></span> <span class='ocrx_word' id='word_1_615' title='bbox 3457 3737 3627 3777; x_wconf 90' lang='lat' dir='ltr'><strong>omne</strong></span> 
     </span>
    </p>
   </div>
   <div class='ocr_carea' id='block_1_82' title="bbox 1989 3811 3629 3886">
    <p class='ocr_par' dir='ltr' id='par_1_82' title="bbox 1989 3811 3629 3886">
     <span class='ocr_line' id='line_1_82' title="bbox 1989 3811 3629 3886; baseline -0.001 -19"><span class='ocrx_word' id='word_1_616' title='bbox 1989 3829 2024 3867; x_wconf 87' lang='lat' dir='ltr'><strong>a</strong></span> <span class='ocrx_word' id='word_1_617' title='bbox 2050 3811 2345 3868; x_wconf 83' lang='lat' dir='ltr'><strong>nativitate</strong></span> <span class='ocrx_word' id='word_1_618' title='bbox 2374 3812 2586 3870; x_wconf 88' lang='lat' dir='ltr'><strong>Christi</strong></span> <span class='ocrx_word' id='word_1_619' title='bbox 2618 3829 2800 3886; x_wconf 81' lang='lat' dir='ltr'><strong>usque</strong></span> <span class='ocrx_word' id='word_1_620' title='bbox 2831 3815 2903 3869; x_wconf 86' lang='lat' dir='ltr'><strong>ad</strong></span> <span class='ocrx_word' id='word_1_621' title='bbox 2935 3813 3037 3870; x_wconf 89' lang='lat' dir='ltr'><strong>Dei</strong></span> <span class='ocrx_word' id='word_1_622' title='bbox 3068 3811 3375 3870; x_wconf 88' lang='lat' dir='ltr'><strong>Genitricis</strong></span> <span class='ocrx_word' id='word_1_623' title='bbox 3405 3813 3629 3879; x_wconf 85' lang='lat' dir='ltr'><strong>migra—</strong></span> 
     </span>
    </p>
   </div>
   <div class='ocr_carea' id='block_1_83' title="bbox 1991 3901 3624 3973">
    <p class='ocr_par' dir='ltr' id='par_1_83' title="bbox 1991 3901 3624 3973">
     <span class='ocr_line' id='line_1_83' title="bbox 1991 3901 3624 3973; baseline -0.001 -18"><span class='ocrx_word' id='word_1_624' title='bbox 1991 3903 2228 3968; x_wconf 90' lang='lat' dir='ltr'><strong>tionem,</strong></span> <span class='ocrx_word' id='word_1_625' title='bbox 2285 3917 2469 3958; x_wconf 88' lang='lat' dir='ltr'><strong>annos</strong></span> <span class='ocrx_word' id='word_1_626' title='bbox 2519 3901 2698 3959; x_wconf 80' lang='lat' dir='ltr'><strong>fuisse</strong></span> <span class='ocrx_word' id='word_1_627' title='bbox 2753 3902 2894 3958; x_wconf 89' lang='lat' dir='ltr'><strong>dicit</strong></span> <span class='ocrx_word' id='word_1_628' title='bbox 2937 3902 3319 3973; x_wconf 81' lang='lat' dir='ltr'><strong>quadraginta</strong></span> <span class='ocrx_word' id='word_1_629' title='bbox 3361 3905 3624 3972; x_wconf 83' lang='lat' dir='ltr'><strong>quatuor.</strong></span> 
     </span>
    </p>
   </div>
   <div class='ocr_carea' id='block_1_84' title="bbox 1991 3990 3730 4063">
    <p class='ocr_par' dir='ltr' id='par_1_84' title="bbox 1991 3990 3730 4063">
     <span class='ocr_line' id='line_1_84' title="bbox 1991 3990 3730 4063; baseline -0.002 -16"><span class='ocrx_word' id='word_1_630' title='bbox 1991 3991 2190 4047; x_wconf 87' lang='lat' dir='ltr'><strong>Totius</strong></span> <span class='ocrx_word' id='word_1_631' title='bbox 2213 3998 2406 4046; x_wconf 87' lang='lat' dir='ltr'><strong>autem</strong></span> <span class='ocrx_word' id='word_1_632' title='bbox 2426 3991 2553 4047; x_wconf 60' lang='lat' dir='ltr'><strong>vita:</strong></span> <span class='ocrx_word' id='word_1_633' title='bbox 2571 3993 2722 4061; x_wconf 85' lang='lat' dir='ltr'><strong>ejus,</strong></span> <span class='ocrx_word' id='word_1_634' title='bbox 2743 4009 2926 4048; x_wconf 89' lang='lat' dir='ltr'><strong>annos</strong></span> <span class='ocrx_word' id='word_1_635' title='bbox 2947 3990 3381 4063; x_wconf 86' lang='lat' dir='ltr'><strong>quinquaginta</strong></span> <span class='ocrx_word' id='word_1_636' title='bbox 3401 4005 3630 4047; x_wconf 86' lang='lat' dir='ltr'><strong>novem.</strong></span> <span class='ocrx_word' id='word_1_637' title='bbox 3723 4021 3730 4028; x_wconf 64' lang='grc' dir='ltr'><strong><em>ο</em></strong></span> 
     </span>
    </p>
   </div>
   <div class='ocr_carea' id='block_1_85' title="bbox 1991 4081 3640 4153">
    <p class='ocr_par' dir='ltr' id='par_1_85' title="bbox 1991 4081 3640 4153">
     <span class='ocr_line' id='line_1_85' title="bbox 1991 4081 3640 4153; baseline -0.002 -16"><span class='ocrx_word' id='word_1_638' title='bbox 1991 4081 2296 4153; x_wconf 86' lang='lat' dir='ltr'><strong>Siquidem</strong></span> <span class='ocrx_word' id='word_1_639' title='bbox 2330 4081 2568 4136; x_wconf 84' lang='lat' dir='ltr'><strong>trimula</strong></span> <span class='ocrx_word' id='word_1_640' title='bbox 2595 4097 2728 4138; x_wconf 88' lang='lat' dir='ltr'><strong>cum</strong></span> <span class='ocrx_word' id='word_1_641' title='bbox 2761 4087 2936 4150; x_wconf 89' lang='lat' dir='ltr'><strong>esset,</strong></span> <span class='ocrx_word' id='word_1_642' title='bbox 2972 4083 3029 4137; x_wconf 92' lang='lat' dir='ltr'><strong>in</strong></span> <span class='ocrx_word' id='word_1_643' title='bbox 3061 4081 3346 4151; x_wconf 88' lang='lat' dir='ltr'><strong>templum</strong></span> <span class='ocrx_word' id='word_1_644' title='bbox 3379 4085 3467 4136; x_wconf 88' lang='lat' dir='ltr'><strong>est</strong></span> <span class='ocrx_word' id='word_1_645' title='bbox 3497 4096 3640 4149; x_wconf 69' lang='lat' dir='ltr'><strong>pra:-</strong></span> 
     </span>
    </p>
   </div>
   <div class='ocr_carea' id='block_1_86' title="bbox 1995 4168 3638 4236">
    <p class='ocr_par' dir='ltr' id='par_1_86' title="bbox 1995 4168 3638 4236">
     <span class='ocr_line' id='line_1_86' title="bbox 1995 4168 3638 4236; baseline -0.002 -9"><span class='ocrx_word' id='word_1_646' title='bbox 1995 4173 2240 4236; x_wconf 83' lang='lat' dir='ltr'><strong>sentata,</strong></span> <span class='ocrx_word' id='word_1_647' title='bbox 2273 4176 2333 4225; x_wconf 89' lang='lat' dir='ltr'><strong>et</strong></span> <span class='ocrx_word' id='word_1_648' title='bbox 2361 4169 2441 4226; x_wconf 87' lang='lat' dir='ltr'><strong>ibi</strong></span> <span class='ocrx_word' id='word_1_649' title='bbox 2472 4168 2532 4226; x_wconf 90' lang='lat' dir='ltr'><strong>in</strong></span> <span class='ocrx_word' id='word_1_650' title='bbox 2557 4171 2771 4227; x_wconf 85' lang='lat' dir='ltr'><strong>sanctis</strong></span> <span class='ocrx_word' id='word_1_651' title='bbox 2803 4175 3137 4227; x_wconf 86' lang='lat' dir='ltr'><strong>sanctorum</strong></span> <span class='ocrx_word' id='word_1_652' title='bbox 3171 4169 3427 4226; x_wconf 81' lang='lat' dir='ltr'><strong>traduxit</strong></span> <span class='ocrx_word' id='word_1_653' title='bbox 3453 4185 3638 4224; x_wconf 85' lang='lat' dir='ltr'><strong>annos</strong></span> 
     </span>
    </p>
   </div>
   <div class='ocr_carea' id='block_1_87' title="bbox 2001 4257 3642 4316">
    <p class='ocr_par' dir='ltr' id='par_1_87' title="bbox 2001 4257 3642 4316">
     <span class='ocr_line' id='line_1_87' title="bbox 2001 4257 3642 4316; baseline -0.001 -2"><span class='ocrx_word' id='word_1_654' title='bbox 2001 4258 2291 4314; x_wconf 89' lang='lat' dir='ltr'><strong>undecim.</strong></span> <span class='ocrx_word' id='word_1_655' title='bbox 2353 4257 2569 4314; x_wconf 89' lang='lat' dir='ltr'><strong>Deinde</strong></span> <span class='ocrx_word' id='word_1_656' title='bbox 2624 4275 2754 4315; x_wconf 80' lang='lat' dir='ltr'><strong>vero</strong></span> <span class='ocrx_word' id='word_1_657' title='bbox 2811 4261 3173 4316; x_wconf 85' lang='lat' dir='ltr'><strong>sacerdotum</strong></span> <span class='ocrx_word' id='word_1_658' title='bbox 3221 4257 3496 4314; x_wconf 87' lang='lat' dir='ltr'><strong>menibus</strong></span> <span class='ocrx_word' id='word_1_659' title='bbox 3537 4258 3642 4312; x_wconf 85' lang='lat' dir='ltr'><strong>J0-</strong></span> 
     </span>
    </p>
   </div>
   <div class='ocr_carea' id='block_1_88' title="bbox 241 4344 1875 4428">
    <p class='ocr_par' dir='ltr' id='par_1_88' title="bbox 241 4344 1875 4428">
     <span class='ocr_line' id='line_1_88' title="bbox 241 4344 1875 4428; baseline -0.004 -23"><span class='ocrx_word' id='word_1_660' title='bbox 241 4349 495 4428; x_wconf 80' lang='grc' dir='ltr'>φυλακὴν</span> <span class='ocrx_word' id='word_1_661' title='bbox 553 4345 852 4421; x_wconf 84' lang='grc' dir='ltr'>παρεδόθη.</span> <span class='ocrx_word' id='word_1_662' title='bbox 901 4349 1167 4422; x_wconf 85' lang='grc' dir='ltr'>Τέσσαρας</span> <span class='ocrx_word' id='word_1_663' title='bbox 1215 4344 1273 4402; x_wconf 72' lang='grc' dir='ltr'><strong>δὲ</strong></span> <span class='ocrx_word' id='word_1_664' title='bbox 1308 4354 1477 4419; x_wconf 83' lang='grc' dir='ltr'>μῆνας</span> <span class='ocrx_word' id='word_1_665' title='bbox 1523 4344 1572 4400; x_wconf 77' lang='grc' dir='ltr'><strong>έν</strong></span> <span class='ocrx_word' id='word_1_666' title='bbox 1623 4347 1693 4416; x_wconf 79' lang='grc' dir='ltr'>τῇ</span> <span class='ocrx_word' id='word_1_667' title='bbox 1745 4344 1875 4414; x_wconf 67' lang='grc' dir='ltr'>οἷκίς</span> 
     </span>
    </p>
   </div>
   <div class='ocr_carea' id='block_1_89' title="bbox 1985 4344 3636 4428">
    <p class='ocr_par' dir='ltr' id='par_1_89' title="bbox 1999 4347 3636 4418">
     <span class='ocr_line' id='line_1_89' title="bbox 1999 4347 3636 4418; baseline -0.001 -16"><span class='ocrx_word' id='word_1_668' title='bbox 1999 4347 2176 4416; x_wconf 90' lang='lat' dir='ltr'><strong>sepho</strong></span> <span class='ocrx_word' id='word_1_669' title='bbox 2208 4347 2278 4402; x_wconf 90' lang='lat' dir='ltr'><strong>ad</strong></span> <span class='ocrx_word' id='word_1_670' title='bbox 2312 4347 2636 4404; x_wconf 88' lang='lat' dir='ltr'><strong>custodiam</strong></span> <span class='ocrx_word' id='word_1_671' title='bbox 2687 4354 2778 4404; x_wconf 87' lang='lat' dir='ltr'><strong>est</strong></span> <span class='ocrx_word' id='word_1_672' title='bbox 2823 4349 3075 4404; x_wconf 88' lang='lat' dir='ltr'><strong>tradita:</strong></span> <span class='ocrx_word' id='word_1_673' title='bbox 3109 4347 3262 4418; x_wconf 87' lang='lat' dir='ltr'><strong>apud</strong></span> <span class='ocrx_word' id='word_1_674' title='bbox 3295 4363 3470 4418; x_wconf 92' lang='lat' dir='ltr'><strong>quem</strong></span> <span class='ocrx_word' id='word_1_675' title='bbox 3502 4361 3636 4402; x_wconf 91' lang='lat' dir='ltr'><strong>cum</strong></span> 
     </span>
    </p>
   </div>
   <div class='ocr_carea' id='block_1_90' title="bbox 239 4433 1890 4516">
    <p class='ocr_par' dir='ltr' id='par_1_90' title="bbox 239 4433 1890 4516">
     <span class='ocr_line' id='line_1_90' title="bbox 239 4433 1890 4516; baseline -0.005 -21"><span class='ocrx_word' id='word_1_676' title='bbox 239 4444 337 4495; x_wconf 90' lang='lat'><strong>106</strong></span> <span class='ocrx_word' id='word_1_677' title='bbox 368 4439 577 4516; x_wconf 69' lang='grc' dir='ltr'>Ἰωσὴφ</span> <span class='ocrx_word' id='word_1_678' title='bbox 609 4435 876 4493; x_wconf 82' lang='grc' dir='ltr'>διετέλεσε</span> <span class='ocrx_word' id='word_1_679' title='bbox 900 4458 914 4471; x_wconf 71' lang='grc' dir='ltr'><strong>ν</strong></span> <span class='ocrx_word' id='word_1_680' title='bbox 946 4445 1037 4491; x_wconf 77' lang='grc' dir='ltr'><strong>καί</strong></span> <span class='ocrx_word' id='word_1_681' title='bbox 1073 4437 1174 4492; x_wconf 83' lang='grc' dir='ltr'>ὑπὸ</span> <span class='ocrx_word' id='word_1_682' title='bbox 1201 4441 1300 4492; x_wconf 81' lang='grc' dir='ltr'><strong>τοῦ</strong></span> <span class='ocrx_word' id='word_1_683' title='bbox 1343 4433 1688 4511; x_wconf 79' lang='grc' dir='ltr'>ἀρχαγγέλου</span> <span class='ocrx_word' id='word_1_684' title='bbox 1738 4433 1890 4508; x_wconf 84' lang='grc' dir='ltr'>εύαγ-</span> 
     </span>
    </p>
   </div>
   <div class='ocr_carea' id='block_1_91' title="bbox 243 4520 1896 4604">
    <p class='ocr_par' dir='ltr' id='par_1_91' title="bbox 243 4520 1896 4604">
     <span class='ocr_line' id='line_1_91' title="bbox 243 4520 1896 4604; baseline -0.004 -21"><span class='ocrx_word' id='word_1_685' title='bbox 243 4529 526 4604; x_wconf 82' lang='grc' dir='ltr'>γελίζεται</span> <span class='ocrx_word' id='word_1_686' title='bbox 567 4520 815 4600; x_wconf 72' lang='grc' dir='ltr'>Γαϐριήλ</span> <span class='ocrx_word' id='word_1_687' title='bbox 851 4547 864 4558; x_wconf 94' lang='grc'><strong>·</strong></span> <span class='ocrx_word' id='word_1_688' title='bbox 912 4527 1002 4580; x_wconf 85' lang='grc' dir='ltr'><strong>καὶ</strong></span> <span class='ocrx_word' id='word_1_689' title='bbox 1042 4525 1210 4580; x_wconf 88' lang='grc' dir='ltr'>τίκτει</span> <span class='ocrx_word' id='word_1_690' title='bbox 1257 4527 1320 4581; x_wconf 85' lang='grc' dir='ltr'>τὸ</span> <span class='ocrx_word' id='word_1_691' title='bbox 1363 4529 1480 4603; x_wconf 79' lang='grc' dir='ltr'><strong>φῶς</strong></span> <span class='ocrx_word' id='word_1_692' title='bbox 1516 4528 1613 4579; x_wconf 84' lang='lat'><strong>106</strong></span> <span class='ocrx_word' id='word_1_693' title='bbox 1662 4523 1896 4596; x_wconf 77' lang='grc' dir='ltr'>κόσμου,</span> 
     </span>
    </p>
   </div>
   <div class='ocr_carea' id='block_1_92' title="bbox 245 4613 1899 4694">
    <p class='ocr_par' dir='ltr' id='par_1_92' title="bbox 245 4613 1899 4694">
     <span class='ocr_line' id='line_1_92' title="bbox 245 4613 1899 4694; baseline -0.004 -22"><span class='ocrx_word' id='word_1_694' title='bbox 245 4617 467 4694; x_wconf 81' lang='grc' dir='ltr'>χρόνων</span> <span class='ocrx_word' id='word_1_695' title='bbox 512 4613 837 4692; x_wconf 82' lang='grc' dir='ltr'>ὑπάρχουσα</span> <span class='ocrx_word' id='word_1_696' title='bbox 884 4616 963 4681; x_wconf 86' lang='grc' dir='ltr'>ιε’,</span> <span class='ocrx_word' id='word_1_697' title='bbox 1009 4617 1078 4687; x_wconf 74' lang='grc' dir='ltr'><strong>τῇ</strong></span> <span class='ocrx_word' id='word_1_698' title='bbox 1131 4614 1349 4687; x_wconf 76' lang='grc' dir='ltr'>εἰκοστῇ</span> <span class='ocrx_word' id='word_1_699' title='bbox 1397 4615 1620 4688; x_wconf 83' lang='grc' dir='ltr'>πέμπτῃ</span> <span class='ocrx_word' id='word_1_700' title='bbox 1661 4617 1760 4666; x_wconf 81' lang='grc' dir='ltr'>τοῦ</span> <span class='ocrx_word' id='word_1_701' title='bbox 1809 4621 1899 4666; x_wconf 89' lang='grc' dir='ltr'>Δε-</span> 
     </span>
    </p>
   </div>
   <div class='ocr_carea' id='block_1_93' title="bbox 2002 4435 3644 4511">
    <p class='ocr_par' dir='ltr' id='par_1_93' title="bbox 2002 4435 3644 4511">
     <span class='ocr_line' id='line_1_93' title="bbox 2002 4435 3644 4511; baseline -0.001 -18"><span class='ocrx_word' id='word_1_702' title='bbox 2002 4453 2230 4494; x_wconf 86' lang='lat' dir='ltr'><strong>menses</strong></span> <span class='ocrx_word' id='word_1_703' title='bbox 2290 4439 2604 4510; x_wconf 86' lang='lat' dir='ltr'><strong>peregisset</strong></span> <span class='ocrx_word' id='word_1_704' title='bbox 2658 4444 2928 4510; x_wconf 85' lang='lat' dir='ltr'><strong>quatuor,</strong></span> <span class='ocrx_word' id='word_1_705' title='bbox 2987 4439 3062 4495; x_wconf 88' lang='lat' dir='ltr'><strong>ab</strong></span> <span class='ocrx_word' id='word_1_706' title='bbox 3119 4439 3324 4511; x_wconf 79' lang='lat' dir='ltr'><strong>angelo</strong></span> <span class='ocrx_word' id='word_1_707' title='bbox 3379 4435 3644 4494; x_wconf 87' lang='lat' dir='ltr'><strong>Gabriele</strong></span> 
     </span>
    </p>
   </div>
   <div class='ocr_carea' id='block_1_94' title="bbox 2003 4527 3640 4601">
    <p class='ocr_par' dir='ltr' id='par_1_94' title="bbox 2003 4527 3640 4601">
     <span class='ocr_line' id='line_1_94' title="bbox 2003 4527 3640 4601; baseline -0.001 -19"><span class='ocrx_word' id='word_1_708' title='bbox 2003 4528 2199 4583; x_wconf 67' lang='lat' dir='ltr'><strong>laetum</strong></span> <span class='ocrx_word' id='word_1_709' title='bbox 2222 4527 2389 4583; x_wconf 90' lang='lat' dir='ltr'><strong>illum</strong></span> <span class='ocrx_word' id='word_1_710' title='bbox 2415 4528 2632 4599; x_wconf 90' lang='lat' dir='ltr'><strong>accepit</strong></span> <span class='ocrx_word' id='word_1_711' title='bbox 2655 4529 2948 4586; x_wconf 88' lang='lat' dir='ltr'><strong>nuntium.</strong></span> <span class='ocrx_word' id='word_1_712' title='bbox 2974 4529 3203 4601; x_wconf 87' lang='lat' dir='ltr'><strong>Peperit</strong></span> <span class='ocrx_word' id='word_1_713' title='bbox 3221 4535 3416 4584; x_wconf 86' lang='lat' dir='ltr'><strong>autem</strong></span> <span class='ocrx_word' id='word_1_714' title='bbox 3438 4527 3640 4582; x_wconf 91' lang='lat' dir='ltr'><strong>mundi</strong></span> 
     </span>
    </p>
   </div>
   <div class='ocr_carea' id='block_1_95' title="bbox 2007 4615 3647 4691">
    <p class='ocr_par' dir='ltr' id='par_1_95' title="bbox 2007 4615 3647 4691">
     <span class='ocr_line' id='line_1_95' title="bbox 2007 4615 3647 4691; baseline -0.001 -22"><span class='ocrx_word' id='word_1_715' title='bbox 2007 4615 2196 4686; x_wconf 87' lang='lat' dir='ltr'><strong>ipsius</strong></span> <span class='ocrx_word' id='word_1_716' title='bbox 2227 4616 2442 4684; x_wconf 88' lang='lat' dir='ltr'><strong>lucem,</strong></span> <span class='ocrx_word' id='word_1_717' title='bbox 2466 4633 2686 4673; x_wconf 91' lang='lat' dir='ltr'><strong>annum</strong></span> <span class='ocrx_word' id='word_1_718' title='bbox 2710 4635 2883 4688; x_wconf 79' lang='lat' dir='ltr'><strong>agens</strong></span> <span class='ocrx_word' id='word_1_719' title='bbox 2897 4618 3355 4691; x_wconf 88' lang='lat' dir='ltr'><strong>quindecimum,</strong></span> <span class='ocrx_word' id='word_1_720' title='bbox 3374 4617 3647 4672; x_wconf 84' lang='lat' dir='ltr'><strong>vicesima</strong></span> 
     </span>
    </p>
   </div>
   <div class='ocr_carea' id='block_1_96' title="bbox 245 4695 1875 4782">
    <p class='ocr_par' dir='ltr' id='par_1_96' title="bbox 245 4698 1875 4782">
     <span class='ocr_line' id='line_1_96' title="bbox 245 4698 1875 4782; baseline -0.005 -21"><span class='ocrx_word' id='word_1_721' title='bbox 245 4703 520 4782; x_wconf 86' lang='grc' dir='ltr'>κεμϐρίου</span> <span class='ocrx_word' id='word_1_722' title='bbox 553 4704 751 4776; x_wconf 89' lang='grc' dir='ltr'>μηνός.</span> <span class='ocrx_word' id='word_1_723' title='bbox 785 4703 914 4760; x_wconf 75' lang='grc' dir='ltr'>Εἶτα</span> <span class='ocrx_word' id='word_1_724' title='bbox 941 4699 1098 4778; x_wconf 74' lang='grc' dir='ltr'>’έτερα</span> <span class='ocrx_word' id='word_1_725' title='bbox 1124 4703 1211 4778; x_wconf 77' lang='grc' dir='ltr'>λγ¹</span> <span class='ocrx_word' id='word_1_726' title='bbox 1243 4698 1335 4774; x_wconf 83' lang='grc' dir='ltr'>ἔτη</span> <span class='ocrx_word' id='word_1_727' title='bbox 1373 4705 1438 4776; x_wconf 79' lang='grc' dir='ltr'><strong>ζῇ</strong></span> <span class='ocrx_word' id='word_1_728' title='bbox 1463 4721 1475 4734; x_wconf 89' lang='grc'><strong>·</strong></span> <span class='ocrx_word' id='word_1_729' title='bbox 1510 4702 1543 4757; x_wconf 77' lang='grc' dir='ltr'>ἃ</span> <span class='ocrx_word' id='word_1_730' title='bbox 1570 4701 1660 4756; x_wconf 86' lang='grc' dir='ltr'><strong>καὶ</strong></span> <span class='ocrx_word' id='word_1_731' title='bbox 1692 4702 1721 4755; x_wconf 91' lang='lat'><strong>6</strong></span> <span class='ocrx_word' id='word_1_732' title='bbox 1751 4719 1875 4770; x_wconf 68' lang='grc' dir='ltr'>προς</span> 
     </span>
    </p>
   </div>
   <div class='ocr_carea' id='block_1_97' title="bbox 1985 4695 3646 4782">
    <p class='ocr_par' dir='ltr' id='par_1_97' title="bbox 1999 4707 3646 4780">
     <span class='ocr_line' id='line_1_97' title="bbox 1999 4707 3646 4780; baseline -0.003 -18"><span class='ocrx_word' id='word_1_733' title='bbox 1999 4707 2203 4777; x_wconf 86' lang='lat' dir='ltr'><strong>quinta</strong></span> <span class='ocrx_word' id='word_1_734' title='bbox 2233 4707 2326 4762; x_wconf 91' lang='lat' dir='ltr'><strong>die</strong></span> <span class='ocrx_word' id='word_1_735' title='bbox 2357 4709 2572 4764; x_wconf 88' lang='lat' dir='ltr'><strong>mensis</strong></span> <span class='ocrx_word' id='word_1_736' title='bbox 2610 4709 2956 4766; x_wconf 88' lang='lat' dir='ltr'><strong>Decembris.</strong></span> <span class='ocrx_word' id='word_1_737' title='bbox 2980 4711 3262 4780; x_wconf 89' lang='lat' dir='ltr'><strong>Deinceps</strong></span> <span class='ocrx_word' id='word_1_738' title='bbox 3289 4707 3433 4764; x_wconf 88' lang='lat' dir='ltr'><strong>alios</strong></span> <span class='ocrx_word' id='word_1_739' title='bbox 3462 4721 3646 4760; x_wconf 89' lang='lat' dir='ltr'><strong>annos</strong></span> 
     </span>
    </p>
   </div>
   <div class='ocr_carea' id='block_1_98' title="bbox 246 4784 1894 4870">
    <p class='ocr_par' dir='ltr' id='par_1_98' title="bbox 246 4784 1894 4870">
     <span class='ocr_line' id='line_1_98' title="bbox 246 4784 1894 4870; baseline -0.004 -19"><span class='ocrx_word' id='word_1_740' title='bbox 246 4795 471 4855; x_wconf 84' lang='grc' dir='ltr'>αιώνιος</span> <span class='ocrx_word' id='word_1_741' title='bbox 503 4792 680 4870; x_wconf 78' lang='grc' dir='ltr'>Λόγος</span> <span class='ocrx_word' id='word_1_742' title='bbox 705 4792 795 4848; x_wconf 88' lang='grc' dir='ltr'>καὶ</span> <span class='ocrx_word' id='word_1_743' title='bbox 827 4793 951 4854; x_wconf 75' lang='grc' dir='ltr'><strong>Υἱὸς</strong></span> <span class='ocrx_word' id='word_1_744' title='bbox 983 4791 1152 4863; x_wconf 76' lang='grc' dir='ltr'>αὐτῆς</span> <span class='ocrx_word' id='word_1_745' title='bbox 1175 4791 1264 4848; x_wconf 85' lang='grc' dir='ltr'>ἐπὶ</span> <span class='ocrx_word' id='word_1_746' title='bbox 1292 4799 1393 4862; x_wconf 86' lang='grc' dir='ltr'>τῆς</span> <span class='ocrx_word' id='word_1_747' title='bbox 1441 4797 1542 4867; x_wconf 82' lang='grc' dir='ltr'><strong>γῆς</strong></span> <span class='ocrx_word' id='word_1_748' title='bbox 1590 4784 1894 4846; x_wconf 80' lang='grc' dir='ltr'>διεϐίϐασε·</span> 
     </span>
    </p>
   </div>
   <div class='ocr_carea' id='block_1_99' title="bbox 248 4877 1902 4956">
    <p class='ocr_par' dir='ltr' id='par_1_99' title="bbox 248 4877 1902 4956">
     <span class='ocr_line' id='line_1_99' title="bbox 248 4877 1902 4956; baseline -0.005 -16"><span class='ocrx_word' id='word_1_749' title='bbox 248 4882 341 4940; x_wconf 79' lang='grc' dir='ltr'><strong>καί</strong></span> <span class='ocrx_word' id='word_1_750' title='bbox 409 4883 542 4956; x_wconf 81' lang='grc' dir='ltr'>μετὰ</span> <span class='ocrx_word' id='word_1_751' title='bbox 599 4883 700 4952; x_wconf 80' lang='grc' dir='ltr'>τὴν</span> <span class='ocrx_word' id='word_1_752' title='bbox 753 4883 1054 4956; x_wconf 84' lang='grc' dir='ltr'>σταύρωσιν</span> <span class='ocrx_word' id='word_1_753' title='bbox 1101 4881 1154 4936; x_wconf 83' lang='grc' dir='ltr'><strong>έν</strong></span> <span class='ocrx_word' id='word_1_754' title='bbox 1193 4885 1263 4956; x_wconf 77' lang='grc' dir='ltr'><strong>τῇ</strong></span> <span class='ocrx_word' id='word_1_755' title='bbox 1311 4885 1408 4937; x_wconf 88' lang='lat'><strong>106</strong></span> <span class='ocrx_word' id='word_1_756' title='bbox 1451 4881 1701 4937; x_wconf 82' lang='grc' dir='ltr'>Ἰωάννου</span> <span class='ocrx_word' id='word_1_757' title='bbox 1755 4877 1902 4949; x_wconf 75' lang='grc' dir='ltr'>οἰκίᾳ</span> 
     </span>
    </p>
   </div>
   <div class='ocr_carea' id='block_1_100' title="bbox 248 4964 1900 5045">
    <p class='ocr_par' dir='ltr' id='par_1_100' title="bbox 248 4964 1900 5045">
     <span class='ocr_line' id='line_1_100' title="bbox 248 4964 1900 5045; baseline -0.005 -16"><span class='ocrx_word' id='word_1_758' title='bbox 248 4969 346 5041; x_wconf 81' lang='grc' dir='ltr'>ἔτη</span> <span class='ocrx_word' id='word_1_759' title='bbox 401 4969 696 5027; x_wconf 80' lang='grc' dir='ltr'>διετέλεσεν</span> <span class='ocrx_word' id='word_1_760' title='bbox 745 4972 847 5026; x_wconf 90' lang='grc' dir='ltr'>ια’·</span> <span class='ocrx_word' id='word_1_761' title='bbox 899 4971 974 5036; x_wconf 84' lang='grc' dir='ltr'><strong>ὡς</strong></span> <span class='ocrx_word' id='word_1_762' title='bbox 1018 4972 1160 5045; x_wconf 81' lang='grc' dir='ltr'>ὁμοῦ</span> <span class='ocrx_word' id='word_1_763' title='bbox 1209 4972 1277 5026; x_wconf 78' lang='grc' dir='ltr'>τὰ</span> <span class='ocrx_word' id='word_1_764' title='bbox 1336 4964 1429 5040; x_wconf 84' lang='grc' dir='ltr'>ἔτη</span> <span class='ocrx_word' id='word_1_765' title='bbox 1475 4968 1676 5040; x_wconf 87' lang='grc' dir='ltr'>ταύτης</span> <span class='ocrx_word' id='word_1_766' title='bbox 1720 4971 1766 5022; x_wconf 84' lang='grc' dir='ltr'>ν’</span> <span class='ocrx_word' id='word_1_767' title='bbox 1809 4968 1900 5022; x_wconf 81' lang='grc' dir='ltr'><strong>καὶ</strong></span> 
     </span>
    </p>
   </div>
   <div class='ocr_carea' id='block_1_101' title="bbox 248 5055 1900 5134">
    <p class='ocr_par' dir='ltr' id='par_1_101' title="bbox 248 5055 1900 5134">
     <span class='ocr_line' id='line_1_101' title="bbox 248 5055 1900 5134; baseline -0.004 -18"><span class='ocrx_word' id='word_1_768' title='bbox 248 5063 293 5116; x_wconf 88' lang='grc' dir='ltr'>θ’</span> <span class='ocrx_word' id='word_1_769' title='bbox 325 5061 663 5134; x_wconf 83' lang='grc' dir='ltr'>συνάγεσθαι.</span> <span class='ocrx_word' id='word_1_770' title='bbox 713 5061 800 5116; x_wconf 83' lang='grc' dir='ltr'>Ἐν</span> <span class='ocrx_word' id='word_1_771' title='bbox 849 5057 908 5115; x_wconf 70' lang='grc' dir='ltr'><strong>δὲ</strong></span> <span class='ocrx_word' id='word_1_772' title='bbox 950 5063 1019 5132; x_wconf 78' lang='grc' dir='ltr'><strong>τῇ</strong></span> <span class='ocrx_word' id='word_1_773' title='bbox 1068 5059 1332 5134; x_wconf 72' lang='grc' dir='ltr'>εἰρημένῃ</span> <span class='ocrx_word' id='word_1_774' title='bbox 1379 5058 1524 5130; x_wconf 82' lang='grc' dir='ltr'>οἰκίᾳ</span> <span class='ocrx_word' id='word_1_775' title='bbox 1571 5061 1665 5113; x_wconf 80' lang='grc' dir='ltr'><strong>τοῦ</strong></span> <span class='ocrx_word' id='word_1_776' title='bbox 1715 5055 1900 5112; x_wconf 83' lang='grc' dir='ltr'>Ἰωάν-</span> 
     </span>
    </p>
   </div>
   <div class='ocr_carea' id='block_1_102' title="bbox 247 5143 1901 5227">
    <p class='ocr_par' dir='ltr' id='par_1_102' title="bbox 247 5143 1901 5227">
     <span class='ocr_line' id='line_1_102' title="bbox 247 5143 1901 5227; baseline -0.002 -25"><span class='ocrx_word' id='word_1_777' title='bbox 247 5171 347 5205; x_wconf 82' lang='grc' dir='ltr'><strong>νου</strong></span> <span class='ocrx_word' id='word_1_778' title='bbox 395 5150 459 5204; x_wconf 86' lang='grc' dir='ltr'>τὸ</span> <span class='ocrx_word' id='word_1_779' title='bbox 506 5154 722 5224; x_wconf 80' lang='grc' dir='ltr'>πρῶτον</span> <span class='ocrx_word' id='word_1_780' title='bbox 769 5147 868 5205; x_wconf 78' lang='lat'><strong>106</strong></span> <span class='ocrx_word' id='word_1_781' title='bbox 934 5149 1129 5227; x_wconf 84' lang='grc' dir='ltr'>Πάσχα</span> <span class='ocrx_word' id='word_1_782' title='bbox 1180 5149 1478 5222; x_wconf 75' lang='grc' dir='ltr'>μυστήριον</span> <span class='ocrx_word' id='word_1_783' title='bbox 1508 5149 1536 5201; x_wconf 88' lang='lat'><strong>6</strong></span> <span class='ocrx_word' id='word_1_784' title='bbox 1567 5149 1767 5220; x_wconf 83' lang='grc' dir='ltr'>Κύριος</span> <span class='ocrx_word' id='word_1_785' title='bbox 1809 5143 1901 5199; x_wconf 72' lang='grc' dir='ltr'>σὺν</span> 
     </span>
    </p>
   </div>
   <div class='ocr_carea' id='block_1_103' title="bbox 247 5235 1902 5316">
    <p class='ocr_par' dir='ltr' id='par_1_103' title="bbox 247 5235 1902 5316">
     <span class='ocr_line' id='line_1_103' title="bbox 247 5235 1902 5316; baseline -0.004 -20"><span class='ocrx_word' id='word_1_786' title='bbox 247 5246 370 5300; x_wconf 86' lang='grc' dir='ltr'>τοῖς</span> <span class='ocrx_word' id='word_1_787' title='bbox 425 5242 694 5311; x_wconf 85' lang='grc' dir='ltr'>μαθηταῖς</span> <span class='ocrx_word' id='word_1_788' title='bbox 740 5239 988 5316; x_wconf 85' lang='grc' dir='ltr'>πράσσει.</span> <span class='ocrx_word' id='word_1_789' title='bbox 1055 5240 1288 5295; x_wconf 86' lang='grc' dir='ltr'>Ἐκεῖθεν</span> <span class='ocrx_word' id='word_1_790' title='bbox 1337 5239 1694 5311; x_wconf 78' lang='grc' dir='ltr'>ὑμνήσαντες,</span> <span class='ocrx_word' id='word_1_791' title='bbox 1744 5235 1902 5306; x_wconf 80' lang='grc' dir='ltr'>έξῆλ-</span> 
     </span>
    </p>
   </div>
   <div class='ocr_carea' id='block_1_104' title="bbox 250 5324 1902 5402">
    <p class='ocr_par' dir='ltr' id='par_1_104' title="bbox 250 5324 1902 5402">
     <span class='ocr_line' id='line_1_104' title="bbox 250 5324 1902 5402; baseline -0.004 -18"><span class='ocrx_word' id='word_1_792' title='bbox 250 5332 348 5385; x_wconf 89' lang='grc' dir='ltr'><strong>θον</strong></span> <span class='ocrx_word' id='word_1_793' title='bbox 379 5327 458 5392; x_wconf 82' lang='grc' dir='ltr'><strong>εἰς</strong></span> <span class='ocrx_word' id='word_1_794' title='bbox 499 5329 562 5383; x_wconf 90' lang='lat'><strong>16</strong></span> <span class='ocrx_word' id='word_1_795' title='bbox 607 5324 734 5402; x_wconf 80' lang='grc' dir='ltr'>ὄρος</span> <span class='ocrx_word' id='word_1_796' title='bbox 784 5332 890 5382; x_wconf 77' lang='grc' dir='ltr'><strong>τῶν</strong></span> <span class='ocrx_word' id='word_1_797' title='bbox 938 5326 1138 5383; x_wconf 76' lang='grc' dir='ltr'>ἐλαιῶν</span> <span class='ocrx_word' id='word_1_798' title='bbox 1189 5327 1264 5388; x_wconf 89' lang='grc' dir='ltr'><strong>εἰς</strong></span> <span class='ocrx_word' id='word_1_799' title='bbox 1315 5327 1521 5401; x_wconf 83' lang='grc' dir='ltr'>χωρίον</span> <span class='ocrx_word' id='word_1_800' title='bbox 1574 5327 1902 5398; x_wconf 77' lang='grc' dir='ltr'>Γεθσεμανή,</span> 
     </span>
    </p>
   </div>
   <div class='ocr_carea' id='block_1_105' title="bbox 247 5411 1902 5494">
    <p class='ocr_par' dir='ltr' id='par_1_105' title="bbox 247 5411 1902 5494">
     <span class='ocr_line' id='line_1_105' title="bbox 247 5411 1902 5494; baseline -0.003 -19"><span class='ocrx_word' id='word_1_801' title='bbox 247 5421 404 5475; x_wconf 80' lang='grc' dir='ltr'>Ἐκεῖ</span> <span class='ocrx_word' id='word_1_802' title='bbox 447 5413 538 5472; x_wconf 80' lang='grc' dir='ltr'><strong>διὰ</strong></span> <span class='ocrx_word' id='word_1_803' title='bbox 593 5419 681 5472; x_wconf 89' lang='grc' dir='ltr'>τὸν</span> <span class='ocrx_word' id='word_1_804' title='bbox 739 5411 910 5494; x_wconf 85' lang='grc' dir='ltr'>φόϐον</span> <span class='ocrx_word' id='word_1_805' title='bbox 967 5421 1074 5472; x_wconf 84' lang='grc' dir='ltr'>τῶν</span> <span class='ocrx_word' id='word_1_806' title='bbox 1137 5413 1418 5472; x_wconf 80' lang='grc' dir='ltr'>Ἰουδαίων</span> <span class='ocrx_word' id='word_1_807' title='bbox 1476 5412 1902 5489; x_wconf 82' lang='grc' dir='ltr'>περιεκλείοντο.</span> 
     </span>
    </p>
   </div>
   <div class='ocr_carea' id='block_1_106' title="bbox 246 5499 1902 5582">
    <p class='ocr_par' dir='ltr' id='par_1_106' title="bbox 246 5499 1902 5582">
     <span class='ocr_line' id='line_1_106' title="bbox 246 5499 1902 5582; baseline -0.005 -18"><span class='ocrx_word' id='word_1_808' title='bbox 246 5509 404 5564; x_wconf 89' lang='grc' dir='ltr'>Ἐκεῖ</span> <span class='ocrx_word' id='word_1_809' title='bbox 457 5510 564 5562; x_wconf 83' lang='grc' dir='ltr'>τῶν</span> <span class='ocrx_word' id='word_1_810' title='bbox 611 5507 788 5582; x_wconf 81' lang='grc' dir='ltr'>θυρῶν</span> <span class='ocrx_word' id='word_1_811' title='bbox 832 5505 1251 5579; x_wconf 78' lang='grc' dir='ltr'>κεκλεισμένων,</span> <span class='ocrx_word' id='word_1_812' title='bbox 1296 5503 1523 5566; x_wconf 76' lang='grc' dir='ltr'>ἀναστὰς</span> <span class='ocrx_word' id='word_1_813' title='bbox 1574 5499 1728 5580; x_wconf 82' lang='grc' dir='ltr'>ὤφθη</span> <span class='ocrx_word' id='word_1_814' title='bbox 1785 5506 1902 5564; x_wconf 90' lang='grc' dir='ltr'>τοῖς</span> 
     </span>
    </p>
   </div>
   <div class='ocr_carea' id='block_1_107' title="bbox 251 5591 1904 5672">
    <p class='ocr_par' dir='ltr' id='par_1_107' title="bbox 251 5591 1904 5672">
     <span class='ocr_line' id='line_1_107' title="bbox 251 5591 1904 5672; baseline -0.004 -20"><span class='ocrx_word' id='word_1_815' title='bbox 251 5598 527 5672; x_wconf 85' lang='grc' dir='ltr'>μαθηταῖς</span> <span class='ocrx_word' id='word_1_816' title='bbox 553 5614 567 5628; x_wconf 89' lang='grc'><strong>·</strong></span> <span class='ocrx_word' id='word_1_817' title='bbox 600 5595 688 5650; x_wconf 87' lang='grc' dir='ltr'><strong>καὶ</strong></span> <span class='ocrx_word' id='word_1_818' title='bbox 741 5594 816 5656; x_wconf 82' lang='grc' dir='ltr'><strong>εἰς</strong></span> <span class='ocrx_word' id='word_1_819' title='bbox 864 5593 1157 5669; x_wconf 88' lang='grc' dir='ltr'>πρόσωπον</span> <span class='ocrx_word' id='word_1_820' title='bbox 1203 5595 1382 5650; x_wconf 79' lang='grc' dir='ltr'>αὐτῶν</span> <span class='ocrx_word' id='word_1_821' title='bbox 1433 5593 1665 5670; x_wconf 82' lang='grc' dir='ltr'>ἐμφυσᾷ,</span> <span class='ocrx_word' id='word_1_822' title='bbox 1703 5591 1793 5646; x_wconf 86' lang='grc' dir='ltr'><strong>καὶ</strong></span> <span class='ocrx_word' id='word_1_823' title='bbox 1841 5593 1904 5646; x_wconf 88' lang='lat'><strong>16</strong></span> 
     </span>
    </p>
   </div>
   <div class='ocr_carea' id='block_1_108' title="bbox 323 5773 831 5847">
    <p class='ocr_par' dir='ltr' id='par_1_108' title="bbox 323 5773 831 5847">
     <span class='ocr_line' id='line_1_108' title="bbox 323 5773 831 5847; baseline 0 -12"><span class='ocrx_word' id='word_1_824' title='bbox 323 5775 377 5814; x_wconf 81' lang='grc'>³³</span> <span class='ocrx_word' id='word_1_825' title='bbox 413 5773 601 5834; x_wconf 79' lang='lat' dir='ltr'><strong>Galat.</strong></span> <span class='ocrx_word' id='word_1_826' title='bbox 630 5791 708 5847; x_wconf 78' lang='lat' dir='ltr'><strong>tv,</strong></span> <span class='ocrx_word' id='word_1_827' title='bbox 743 5775 831 5836; x_wconf 82' lang='grc'><strong>19.</strong></span> 
     </span>
    </p>
   </div>
   <div class='ocr_carea' id='block_1_109' title="bbox 2011 4797 3645 4870">
    <p class='ocr_par' dir='ltr' id='par_1_109' title="bbox 2011 4797 3645 4870">
     <span class='ocr_line' id='line_1_109' title="bbox 2011 4797 3645 4870; baseline -0.004 -17"><span class='ocrx_word' id='word_1_828' title='bbox 2011 4797 2234 4868; x_wconf 81' lang='lat' dir='ltr'><strong>peregit</strong></span> <span class='ocrx_word' id='word_1_829' title='bbox 2261 4797 2501 4868; x_wconf 78' lang='lat' dir='ltr'><strong>triginta</strong></span> <span class='ocrx_word' id='word_1_830' title='bbox 2530 4807 2662 4866; x_wconf 83' lang='lat' dir='ltr'><strong>tres,</strong></span> <span class='ocrx_word' id='word_1_831' title='bbox 2695 4815 2843 4870; x_wconf 90' lang='lat' dir='ltr'><strong>quos</strong></span> <span class='ocrx_word' id='word_1_832' title='bbox 2873 4799 3048 4856; x_wconf 89' lang='lat' dir='ltr'><strong>etiam</strong></span> <span class='ocrx_word' id='word_1_833' title='bbox 3089 4804 3368 4854; x_wconf 70' lang='lat' dir='ltr'><strong>aeternum</strong></span> <span class='ocrx_word' id='word_1_834' title='bbox 3403 4803 3456 4851; x_wconf 93' lang='lat' dir='ltr'><strong>et</strong></span> <span class='ocrx_word' id='word_1_835' title='bbox 3485 4804 3645 4850; x_wconf 88' lang='lat' dir='ltr'><strong>ante-</strong></span> 
     </span>
    </p>
   </div>
   <div class='ocr_carea' id='block_1_110' title="bbox 2010 4883 3648 4958">
    <p class='ocr_par' dir='ltr' id='par_1_110' title="bbox 2010 4883 3648 4958">
     <span class='ocr_line' id='line_1_110' title="bbox 2010 4883 3648 4958; baseline -0.002 -18"><span class='ocrx_word' id='word_1_836' title='bbox 2010 4885 2288 4942; x_wconf 64' lang='lat' dir='ltr'><strong>smculare</strong></span> <span class='ocrx_word' id='word_1_837' title='bbox 2331 4887 2584 4943; x_wconf 83' lang='lat' dir='ltr'><strong>Verbum</strong></span> <span class='ocrx_word' id='word_1_838' title='bbox 2641 4892 2698 4944; x_wconf 90' lang='lat' dir='ltr'><strong>et</strong></span> <span class='ocrx_word' id='word_1_839' title='bbox 2725 4887 2906 4944; x_wconf 88' lang='lat' dir='ltr'><strong>Filius</strong></span> <span class='ocrx_word' id='word_1_840' title='bbox 2951 4889 3076 4958; x_wconf 87' lang='lat' dir='ltr'><strong>ejus</strong></span> <span class='ocrx_word' id='word_1_841' title='bbox 3121 4887 3182 4943; x_wconf 88' lang='lat' dir='ltr'><strong>in</strong></span> <span class='ocrx_word' id='word_1_842' title='bbox 3225 4887 3397 4942; x_wconf 88' lang='lat' dir='ltr'><strong>terris</strong></span> <span class='ocrx_word' id='word_1_843' title='bbox 3439 4883 3648 4956; x_wconf 85' lang='lat' dir='ltr'><strong>exegit.</strong></span> 
     </span>
    </p>
   </div>
   <div class='ocr_carea' id='block_1_111' title="bbox 2012 4973 3651 5049">
    <p class='ocr_par' dir='ltr' id='par_1_111' title="bbox 2012 4973 3651 5049">
     <span class='ocr_line' id='line_1_111' title="bbox 2012 4973 3651 5049; baseline -0.002 -19"><span class='ocrx_word' id='word_1_844' title='bbox 2012 4974 2145 5030; x_wconf 88' lang='lat' dir='ltr'><strong>Post</strong></span> <span class='ocrx_word' id='word_1_845' title='bbox 2173 4975 2364 5032; x_wconf 89' lang='lat' dir='ltr'><strong>crucis</strong></span> <span class='ocrx_word' id='word_1_846' title='bbox 2392 4985 2583 5032; x_wconf 88' lang='lat' dir='ltr'><strong>autem</strong></span> <span class='ocrx_word' id='word_1_847' title='bbox 2617 4979 2968 5049; x_wconf 89' lang='lat' dir='ltr'><strong>supplicium</strong></span> <span class='ocrx_word' id='word_1_848' title='bbox 3001 4977 3144 5033; x_wconf 90' lang='lat' dir='ltr'><strong>illud</strong></span> <span class='ocrx_word' id='word_1_849' title='bbox 3171 4977 3230 5032; x_wconf 89' lang='lat' dir='ltr'><strong>in</strong></span> <span class='ocrx_word' id='word_1_850' title='bbox 3266 4975 3439 5031; x_wconf 92' lang='lat' dir='ltr'><strong>domo</strong></span> <span class='ocrx_word' id='word_1_851' title='bbox 3474 4973 3651 5029; x_wconf 84' lang='lat' dir='ltr'><strong>Joan-</strong></span> 
     </span>
    </p>
   </div>
   <div class='ocr_carea' id='block_1_112' title="bbox 2013 5061 3650 5136">
    <p class='ocr_par' dir='ltr' id='par_1_112' title="bbox 2013 5061 3650 5136">
     <span class='ocr_line' id='line_1_112' title="bbox 2013 5061 3650 5136; baseline -0.002 -19"><span class='ocrx_word' id='word_1_852' title='bbox 2013 5061 2104 5117; x_wconf 92' lang='lat' dir='ltr'><strong>nis</strong></span> <span class='ocrx_word' id='word_1_853' title='bbox 2149 5078 2336 5120; x_wconf 89' lang='lat' dir='ltr'><strong>annos</strong></span> <span class='ocrx_word' id='word_1_854' title='bbox 2381 5064 2646 5136; x_wconf 86' lang='lat' dir='ltr'><strong>implevit</strong></span> <span class='ocrx_word' id='word_1_855' title='bbox 2692 5066 2962 5121; x_wconf 88' lang='lat' dir='ltr'><strong>undecim</strong></span> <span class='ocrx_word' id='word_1_856' title='bbox 2996 5083 3010 5121; x_wconf 92' lang='lat'><strong>:</strong></span> <span class='ocrx_word' id='word_1_857' title='bbox 3045 5071 3109 5120; x_wconf 88' lang='lat' dir='ltr'><strong>ut</strong></span> <span class='ocrx_word' id='word_1_858' title='bbox 3138 5064 3324 5120; x_wconf 69' lang='lat' dir='ltr'><strong>atatis</strong></span> <span class='ocrx_word' id='word_1_859' title='bbox 3352 5063 3481 5134; x_wconf 89' lang='lat' dir='ltr'><strong>ejus</strong></span> <span class='ocrx_word' id='word_1_860' title='bbox 3514 5061 3650 5115; x_wconf 90' lang='lat' dir='ltr'><strong>anni</strong></span> 
     </span>
    </p>
   </div>
   <div class='ocr_carea' id='block_1_113' title="bbox 2013 5151 3655 5226">
    <p class='ocr_par' dir='ltr' id='par_1_113' title="bbox 2013 5151 3655 5226">
     <span class='ocr_line' id='line_1_113' title="bbox 2013 5151 3655 5226; baseline -0.001 -20"><span class='ocrx_word' id='word_1_861' title='bbox 2013 5151 2188 5206; x_wconf 88' lang='lat' dir='ltr'><strong>simul</strong></span> <span class='ocrx_word' id='word_1_862' title='bbox 2220 5152 2442 5208; x_wconf 85' lang='lat' dir='ltr'><strong>collecti</strong></span> <span class='ocrx_word' id='word_1_863' title='bbox 2491 5155 2610 5209; x_wconf 90' lang='lat' dir='ltr'><strong>sint</strong></span> <span class='ocrx_word' id='word_1_864' title='bbox 2656 5155 3080 5226; x_wconf 81' lang='lat' dir='ltr'><strong>quinquaginta</strong></span> <span class='ocrx_word' id='word_1_865' title='bbox 3126 5161 3184 5210; x_wconf 88' lang='lat' dir='ltr'><strong>et</strong></span> <span class='ocrx_word' id='word_1_866' title='bbox 3233 5168 3460 5210; x_wconf 83' lang='lat' dir='ltr'><strong>novem.</strong></span> <span class='ocrx_word' id='word_1_867' title='bbox 3496 5153 3557 5206; x_wconf 89' lang='lat' dir='ltr'><strong>In</strong></span> <span class='ocrx_word' id='word_1_868' title='bbox 3589 5166 3655 5204; x_wconf 84' lang='lat' dir='ltr'><strong>ea</strong></span> 
     </span>
    </p>
   </div>
   <div class='ocr_carea' id='block_1_114' title="bbox 2012 5239 3657 5314">
    <p class='ocr_par' dir='ltr' id='par_1_114' title="bbox 2012 5239 3657 5314">
     <span class='ocr_line' id='line_1_114' title="bbox 2012 5239 3657 5314; baseline 0 -20"><span class='ocrx_word' id='word_1_869' title='bbox 2012 5239 2136 5311; x_wconf 86' lang='lat' dir='ltr'><strong>ipsa</strong></span> <span class='ocrx_word' id='word_1_870' title='bbox 2163 5243 2405 5298; x_wconf 88' lang='lat' dir='ltr'><strong>Joannis</strong></span> <span class='ocrx_word' id='word_1_871' title='bbox 2435 5244 2606 5299; x_wconf 91' lang='lat' dir='ltr'><strong>domo</strong></span> <span class='ocrx_word' id='word_1_872' title='bbox 2639 5243 2892 5314; x_wconf 89' lang='lat' dir='ltr'><strong>primum</strong></span> <span class='ocrx_word' id='word_1_873' title='bbox 2925 5244 3144 5300; x_wconf 87' lang='lat' dir='ltr'><strong>Pascha</strong></span> <span class='ocrx_word' id='word_1_874' title='bbox 3175 5242 3489 5314; x_wconf 81' lang='lat' dir='ltr'><strong>mysticum</strong></span> <span class='ocrx_word' id='word_1_875' title='bbox 3513 5255 3657 5296; x_wconf 92' lang='lat' dir='ltr'><strong>con—</strong></span> 
     </span>
    </p>
   </div>
   <div class='ocr_carea' id='block_1_115' title="bbox 2015 5329 3658 5402">
    <p class='ocr_par' dir='ltr' id='par_1_115' title="bbox 2015 5329 3658 5402">
     <span class='ocr_line' id='line_1_115' title="bbox 2015 5329 3658 5402; baseline -0.001 -18"><span class='ocrx_word' id='word_1_876' title='bbox 2015 5329 2232 5385; x_wconf 78' lang='lat' dir='ltr'><strong>vivium</strong></span> <span class='ocrx_word' id='word_1_877' title='bbox 2286 5329 2574 5387; x_wconf 91' lang='lat' dir='ltr'><strong>Dominus</strong></span> <span class='ocrx_word' id='word_1_878' title='bbox 2629 5348 2762 5388; x_wconf 89' lang='lat' dir='ltr'><strong>cum</strong></span> <span class='ocrx_word' id='word_1_879' title='bbox 2821 5331 3127 5402; x_wconf 84' lang='lat' dir='ltr'><strong>discipulis</strong></span> <span class='ocrx_word' id='word_1_880' title='bbox 3189 5331 3466 5389; x_wconf 85' lang='lat' dir='ltr'><strong>instituit.</strong></span> <span class='ocrx_word' id='word_1_881' title='bbox 3518 5329 3658 5386; x_wconf 88' lang='lat' dir='ltr'><strong>Inde</strong></span> 
     </span>
    </p>
   </div>
   <div class='ocr_carea' id='block_1_116' title="bbox 2013 5417 3656 5488">
    <p class='ocr_par' dir='ltr' id='par_1_116' title="bbox 2013 5417 3656 5488">
     <span class='ocr_line' id='line_1_116' title="bbox 2013 5417 3656 5488; baseline 0.001 -16"><span class='ocrx_word' id='word_1_882' title='bbox 2013 5417 2232 5488; x_wconf 61' lang='lat' dir='ltr'><strong>hymno</strong></span> <span class='ocrx_word' id='word_1_883' title='bbox 2281 5419 2435 5475; x_wconf 88' lang='lat' dir='ltr'><strong>dicto</strong></span> <span class='ocrx_word' id='word_1_884' title='bbox 2492 5421 2550 5474; x_wconf 89' lang='lat' dir='ltr'><strong>in</strong></span> <span class='ocrx_word' id='word_1_885' title='bbox 2609 5425 2863 5476; x_wconf 87' lang='lat' dir='ltr'><strong>montem</strong></span> <span class='ocrx_word' id='word_1_886' title='bbox 2913 5421 3210 5478; x_wconf 84' lang='lat' dir='ltr'><strong>Olivarum</strong></span> <span class='ocrx_word' id='word_1_887' title='bbox 3262 5425 3542 5488; x_wconf 81' lang='lat' dir='ltr'><strong>exierunt,</strong></span> <span class='ocrx_word' id='word_1_888' title='bbox 3585 5417 3656 5474; x_wconf 89' lang='lat' dir='ltr'><strong>ad</strong></span> 
     </span>
    </p>
   </div>
   <div class='ocr_carea' id='block_1_117' title="bbox 2012 5505 3660 5582">
    <p class='ocr_par' dir='ltr' id='par_1_117' title="bbox 2012 5505 3660 5582">
     <span class='ocr_line' id='line_1_117' title="bbox 2012 5505 3660 5582; baseline -0.001 -20"><span class='ocrx_word' id='word_1_889' title='bbox 2012 5505 2212 5562; x_wconf 84' lang='lat' dir='ltr'><strong>villam</strong></span> <span class='ocrx_word' id='word_1_890' title='bbox 2244 5507 2594 5564; x_wconf 88' lang='lat' dir='ltr'><strong>Getsemsui.</strong></span> <span class='ocrx_word' id='word_1_891' title='bbox 2631 5509 2851 5566; x_wconf 85' lang='lat' dir='ltr'><strong>Ibidem</strong></span> <span class='ocrx_word' id='word_1_892' title='bbox 2893 5515 3127 5582; x_wconf 87' lang='lat' dir='ltr'><strong>propter</strong></span> <span class='ocrx_word' id='word_1_893' title='bbox 3165 5516 3386 5567; x_wconf 89' lang='lat' dir='ltr'><strong>metum</strong></span> <span class='ocrx_word' id='word_1_894' title='bbox 3429 5509 3660 5566; x_wconf 69' lang='lat' dir='ltr'><strong>Judteo-</strong></span> 
     </span>
    </p>
   </div>
   <div class='ocr_carea' id='block_1_118' title="bbox 2016 5596 3656 5670">
    <p class='ocr_par' dir='ltr' id='par_1_118' title="bbox 2016 5596 3656 5670">
     <span class='ocr_line' id='line_1_118' title="bbox 2016 5596 3656 5670; baseline 0.002 -20"><span class='ocrx_word' id='word_1_895' title='bbox 2016 5610 2145 5651; x_wconf 90' lang='lat' dir='ltr'><strong>rum</strong></span> <span class='ocrx_word' id='word_1_896' title='bbox 2183 5596 2454 5670; x_wconf 88' lang='lat' dir='ltr'><strong>discipuli</strong></span> <span class='ocrx_word' id='word_1_897' title='bbox 2503 5597 2943 5656; x_wconf 87' lang='lat' dir='ltr'><strong>claudebantur.</strong></span> <span class='ocrx_word' id='word_1_898' title='bbox 2977 5599 3196 5657; x_wconf 83' lang='lat' dir='ltr'><strong>Ibidem</strong></span> <span class='ocrx_word' id='word_1_899' title='bbox 3229 5600 3402 5657; x_wconf 88' lang='lat' dir='ltr'><strong>etiam</strong></span> <span class='ocrx_word' id='word_1_900' title='bbox 3433 5598 3656 5656; x_wconf 82' lang='lat' dir='ltr'><strong>toribus</strong></span> 
     </span>
    </p>
   </div>
  </div>
