4084 6208
447 448 570 511 ’159

1746 450 2166 512 NICEPHORI
2209 450 2560 515 CALLISTI

3737 452 3842 514 760

453 583 684 649 clausis,
718 599 850 639 cum
893 582 1328 653 resurrexisset,
1360 583 1433 640 ab
1462 583 1603 654 ipsis
1633 588 1719 640 est
1747 584 1930 648 visus.
1961 601 2094 640 cum
2126 644 2132 654 ,

2241 588 2425 658 Ινεῦμα
2469 586 2530 640 τὸ
2579 586 2734 662 ἅγιον
2788 582 3027 640 δίδωσιν.
3078 585 3225 642 Ἐκεῖ
3252 590 3320 660 τῇ
3355 583 3525 662 ὀγδόῃ
3578 583 3758 657 ἡμέρᾳ
3783 585 3846 639 τά

453 674 516 731 in
567 676 770 730 faciem
821 689 1052 745 quoque
1099 688 1298 729 eorum
1345 674 1666 746 inspiravit,
1718 679 1777 730 et
1824 674 2101 744 Spiritum

458 765 542 821 eis
571 768 844 820 sanctum
875 763 1053 820 dedit.
1089 763 1176 819 lbi
1191 767 1389 819 octavo
1413 768 1539 834 post
1571 764 1663 820 die
1691 763 1928 820 Thomas
1961 764 2102 820 ﬁdes

458 858 544 909 est
573 853 904 908 confirma:
960 850 1130 908 I35
1190 868 1255 908 eo
1303 852 1557 924 Spiritus
1604 857 1858 920 sanctus,
1913 855 2105 922 specie

458 942 815 1015 linguarum,
847 943 976 1014 ipsa
1004 943 1342 997 Pentecoste
1385 941 1638 997 advenit.
1681 942 1901 998 Ibidem
1935 944 2105 998 Jaco-

462 1033 605 1088 hum
635 1031 870 1087 Justum
905 1030 1152 1101 primum
1206 1032 1732 1104 Hierosolymorum
1769 1033 2102 1105 episcopum

465 1121 714 1193 apostoli
761 1119 1130 1186 ordinarunt,
1179 1128 1232 1176 et
1278 1119 1642 1192 Stephanum
1683 1136 1816 1177 cum
1863 1121 2107 1192 reliquis

465 1227 569 1268 sex
609 1209 870 1265 diaconis
901 1208 1183 1280 legerunt.
1219 1228 1246 1262 ι
1292 1209 1450 1266 Hanc
1481 1226 1648 1282 porro
1677 1213 1902 1266 domum
1931 1210 2110 1265 Joan-

469 1315 576 1355 nes
606 1299 786 1355 fertur
807 1315 1176 1370 comparasse
1206 1304 1337 1372 post
1360 1304 1601 1356 mortem
1627 1301 1802 1371 patris
1821 1302 1912 1356 sui
1933 1301 2107 1356 Zebe-

470 1389 602 1457 diei,
634 1389 734 1460 qui
765 1387 1000 1460 quidem
1036 1389 1282 1460 proprias
1315 1389 1477 1446 navis
1525 1398 1709 1446 rector
1753 1391 1932 1446 fuisse
1983 1405 2106 1460 per-

469 1479 722 1546 hibetur,
767 1478 1011 1534 celebris
1049 1479 1201 1534 inter
1246 1479 1486 1534 Galilaeaa
1535 1481 1755 1536 incolas
1800 1482 1903 1536 vir.
1946 1481 2116 1537 Dece-

473 1567 618 1624 dens
665 1575 856 1623 autem
908 1567 968 1621 in
1019 1567 1273 1634 Galilaaa,
1322 1567 1455 1624 filiis
1500 1570 1785 1627 ambobus
1813 1569 2029 1627 Jacobo
2061 1584 2112 1624 ei

473 1655 684 1711 Joanni
710 1653 1104 1711 hasreditatem
1129 1655 1380 1728 reliquit.
1403 1657 1658 1713 Joannes
1685 1658 1862 1730 igitur
1891 1662 2113 1730 patrem

476 1760 665 1812 suam,
697 1761 822 1816 qua:
853 1761 922 1799 ex
971 1743 1308 1800 haereditate
1335 1746 1387 1801 ei
1427 1752 1696 1814 cesserat,
1729 1747 1958 1818 Caiphae
1989 1747 2116 1816 ejus

477 1835 614 1890 anni
649 1833 902 1905 pontiﬁci
954 1834 1308 1890 vendiderat.
1355 1838 1732 1908 Quapropter,
1784 1855 1884 1908 per
1920 1836 2117 1892 vendi-

2211 675 2344 729 κατά
2373 676 2462 730 τὸν
2496 680 2694 745 Θωμᾶν
2724 675 3032 733 ἐπιστοῦτο.
3065 678 3213 732 Ἐκεῖ
3243 675 3305 730 τὸ
3359 679 3582 748 Πνεῦμα
3611 674 3675 728 τὸ
3705 673 3848 746 ἅγιον

2212 762 2264 818 ἐν
2299 761 2432 818 ε’ίδει
2471 763 2739 840 γλωσσῶν
2768 763 2903 818 κατά
2931 765 3031 833 τήν
3067 765 3446 834 Πεντηκοστήν
3491 760 3849 835 ἐπεδήμησεν.

2213 853 2357 908 Ἐκεῖ
2403 855 2493 908 καὶ
2550 854 2643 908 τὸν
2702 851 2909 907 δίκαιον
2964 847 3239 909 Ἰάκωὸων
3299 857 3516 927 πρῶτον
3563 851 3847 906 ἐπίσκοπον

2213 946 2322 997 τῶν
2369 941 2770 1017 Ἱεροσολύμων
2821 941 3268 1018 ἐχειροτόνησαν,
3315 941 3403 996 καὶ
3449 942 3721 1018 Στέφανον
3769 941 3849 993 καὶ

2283 1033 2292 1046 ι
2369 1029 2422 1060 σιν
2459 1029 2482 1049 κ
2596 1033 2606 1049 ρ
2886 1026 2981 1054 ,ρπ
3331 1032 3344 1049 ο
3420 1027 3444 1047 vs
3535 1030 3558 1054 ν,
3604 1029 3615 1046 ο
3807 1027 3818 1046 ι

2214 1052 2339 1093 τους
2374 1053 2422 1102 ες
2455 1047 2736 1094 οιακονους
2765 1029 3168 1106 προυοαλοντο.
3200 1056 3227 1083 ››
3276 1038 3384 1099 Την
3417 1031 3474 1085 οὶ
3501 1050 3682 1085 οικιαν
3734 1050 3850 1083 ταυο

2215 1141 2316 1190 την
2343 1122 2435 1175 τὸν
2466 1120 2718 1192 Ἰωάννην
2751 1119 3007 1196 πρίασθαι
3066 1121 3198 1194 μετᾶ
3245 1121 3490 1188 θάνατον,
3523 1118 3718 1193 λόγος,
3765 1122 3850 1172 τοῦ

2219 1211 2420 1286 πατρὸς
2458 1210 2622 1266 αὐτοῦ
2661 1205 2962 1278 Ζεϐεδαίου;
3023 1209 3082 1271 ὃς
3137 1207 3562 1282 ίδιοναυκληρος
3603 1207 3812 1284 λέγεται
3837 1225 3851 1238 '

2221 1297 2490 1372 ἐπίσημος
2522 1296 2570 1354 δ’
2597 1301 2665 1369 ἧν
2693 1304 2802 1354 τῶν
2826 1298 2876 1354 ἐν
2897 1297 3169 1370 Γαλιλαίᾳ
3193 1297 3594 1372 μετοικούντων
3627 1293 3852 1372 ἀνδρῶν.

2220 1387 2493 1443 Τελευτῶν
2539 1389 2666 1464 γὰρ,
2717 1385 2882 1465 ἄμφω
2930 1393 3044 1449 τοῖς
3094 1387 3232 1443 υἱέσι
3259 1388 3351 1442 τὸν
3385 1387 3438 1441 ἐν
3468 1389 3540 1459 τῇ
3591 1383 3853 1454 Γαλιλαίᾳ

2221 1474 2430 1550 κλῆρον
2486 1476 2680 1546 εἶάσεν,
2740 1471 2982 1548 Ἰακώϐῳ
3037 1477 3128 1530 καὶ
3188 1475 3436 1549 Ἰωάννῃ.
3491 1479 3550 1530 '0
3622 1475 3719 1546 μέν
3770 1470 3854 1527 οὖν

2223 1565 2476 1636 Ἰωάννης
2528 1569 2630 1635 την
2678 1567 2813 1621 κατά
2854 1565 3065 1638 κλῆρον
3121 1564 3269 1636 αὐτῷ
3327 1562 3691 1638 διαφέρουσαν
3733 1569 3858 1630 κτῆ-

2226 1674 2306 1708 σιν
2345 1656 2551 1730 Καιάφα
2587 1660 2665 1725 τῷ
2703 1659 2800 1710 τοῦ
2840 1653 3086 1709 ἐνιαυτοῦ
3125 1654 3328 1709 ἐκείνου
3373 1655 3624 1729 ἀρχιερεῖ
3673 1653 3858 1723 ἀπημ-

2227 1742 2406 1800 πόλει.
2459 1745 2531 1799 Οὔ
2583 1744 2744 1819 χάριν
2793 1741 2882 1798 διὰ
2931 1745 3031 1812 την
3082 1743 3436 1820 καταλλαγὴν
3489 1743 3580 1798 καὶ
3626 1745 3860 1817 γνωστὸς

2227 1833 2373 1905 αὐτῷ
2429 1833 2516 1902 ἦν,
2575 1834 2650 1895 ὡς
2710 1831 2763 1887 έν
2811 1837 2892 1904 τῷ
2940 1833 3057 1886 κατ’
3104 1831 3261 1886 αὐτὸν
3323 1829 3635 1906 Εὖαγγελίῳ
3683 1829 3861 1904 φησίν.

479 1921 659 1978 tionis
715 1921 842 1992 ejus
891 1922 1306 1993 addictionem,
1362 1930 1536 1981 notus
1593 1943 1826 1998 quoque
1872 1927 1922 1980 ei
1971 1932 2118 1993 erat,

2241 1919 2676 1997 ’Δποϐαλὸμενος
2727 1921 2783 1977 δέ
2825 1925 2923 1991 τήν
2972 1921 3024 1976 ἐν
3057 1925 3126 1996 τῇ
3161 1921 3430 1994 Γαλιλαίᾳ
3473 1928 3689 1990 κτῆσιν,
3724 1921 3861 1974 οἷκον

481 2012 654 2070 sicuti
687 2013 813 2082 ipse
855 2011 912 2066 in
944 2011 1254 2083 Evangelio
1286 2029 1390 2068 suo
1426 2014 1584 2070 dicit.
1630 2015 1888 2070 Alienata
1927 2021 2123 2070 autem

487 2105 558 2160 ad
604 2118 736 2158 eum
796 2103 1060 2166 modum,
1115 2120 1240 2174 quas
1289 2105 1338 2158 ei
1399 2105 1708 2161 obvenerat
1753 2107 1812 2161 in
1868 2105 2122 2171 Galilssa,

488 2193 880 2268 possessione,
934 2193 1107 2247 aliam
1153 2194 1395 2250 domum
1443 2194 1854 2268 Hierosolymis
1884 2197 1954 2250 ad
1985 2213 2122 2250 san-

486 2289 638 2340 ctam
671 2284 772 2352 (ita
801 2282 958 2337 enim
991 2281 1140 2338 dicta
1159 2284 1306 2354 erat)
1335 2285 1494 2352 Sion,
1527 2285 1636 2340 sibi
1662 2286 2032 2356 comparavit,
2067 2285 2124 2339 in

490 2389 605 2444 qua
643 2372 853 2427 deinde
884 2371 1198 2440 purissima
1230 2377 1414 2428 mater
1443 2371 1672 2439 Christi,
1705 2376 1771 2428 ad
1805 2381 2124 2428 extremum

491 2477 680 2534 usque
710 2460 863 2516 diem
896 2475 1065 2515 suum
1097 2463 1274 2516 vitam
1307 2463 1544 2533 peregit.
1577 2462 1970 2518 Consimiliter
2001 2476 2129 2517 vero

489 2555 547 2606 et
578 2553 752 2605 frater
779 2549 1030 2606 Jacobus
1074 2550 1245 2614 fecit;
1298 2567 1431 2606 nom
1484 2556 1541 2606 et
1584 2551 1655 2616 is,
1701 2550 1871 2607 bonis
1917 2553 2041 2606 suis
2071 2552 2128 2606 in

493 2639 729 2696 Galilaea
758 2637 1049 2704 alienatis,
1083 2638 1493 2712 Hierosolymis
1515 2640 1642 2708 fuit,
1676 2648 1848 2712 atque
1871 2641 1949 2695 ibi
1981 2642 2132 2697 salu-

493 2737 613 2785 tare
641 2727 881 2783 verbum
915 2727 1217 2783 duodecim
1251 2729 1520 2783 tribubus
1571 2729 1740 2784 Israel
1783 2730 2128 2798 praedicavit.

493 2819 619 2874 Non
678 2817 1080 2886 importunum
1121 2817 1505 2889 equidem,ut
1553 2827 1712 2889 puto,
1758 2819 1946 2887 fuerit,
1991 2836 2134 2890 prai-

495 2907 647 2964 senti
702 2908 954 2963 inserere
1001 2908 1274 2973 historiae,
1334 2925 1460 2978 quae
1510 2909 1742 2963 divinus
1792 2909 2136 2982 Hippolytus

497 2997 703 3052 Portus
725 2995 936 3052 veteris
958 2999 1150 3052 Romae
1173 2995 1503 3069 episcOpus,
1527 2999 1597 3052 de
1623 2999 1836 3054 Jacobo
1863 2998 1941 3068 (t)
1965 3001 2138 3053 fratre

500 3087 594 3142 Dei
623 3085 916 3142 memorias
934 3085 1210 3140 mandata
1227 3084 1453 3156 reliquit
1487 3103 1499 3140 :
1525 3109 1550 3135 «
1575 3085 1815 3158 Josepb,
1841 3086 2135 3158 inquiens.

497 3177 679 3242 faber,
712 3192 780 3231 ex
809 3191 985 3230 uxore
1015 3191 1123 3230 sua
1151 3174 1378 3230 Salome
1416 3176 1566 3246 (qua
1615 3176 1849 3245 quidem
1885 3175 2002 3230 tilia
2033 3177 2141 3230 fuit

494 3268 707 3337 Aggiei,
782 3265 975 3320 fratri
1036 3264 1324 3320 Zacharias
1393 3265 1706 3336 prophetae,
1757 3266 2132 3336 ejusdemque

2246 3265 2377 3332 ἦσαν
2441 3266 2708 3336 Βαρακίου
2765 3267 2863 3318 τοῦ
2921 3263 3280 3338 ἀρχιερέως,’

497 3354 739 3412 Joannis
769 3353 1038 3425 Baptistae
1069 3354 1249 3424 patris
1283 3373 1296 3410 :
1330 3354 1637 3409 Zacharias
1659 3370 1790 3408 vero
1821 3358 1877 3410 et
1900 3357 2138 3425 Aggaaus

498 3443 604 3500 ﬁlii
645 3449 813 3500 erant
867 3443 1151 3499 Barachia
1211 3445 1546 3512 sacerdotis)
1595 3449 1846 3514 quatuor
1897 3444 2141 3514 suscipit

500 3532 790 3589 masculos
840 3533 1007 3602 filios,
1066 3533 1374 3594 Jacobum.
1423 3533 1771 3600 Simeonem,
1821 3535 2053 3599 Judam,
2087 3539 2144 3588 et

497 3621 706 3680 Josen:
730 3628 786 3676 et
806 3623 944 3678 item
968 3622 1116 3677 filias
1137 3623 1302 3689 duas,
1325 3623 1531 3678 Esther
1549 3627 1606 3676 et
1633 3621 1888 3676 Thamar
1916 3622 1992 3693 (2)
2020 3639 2034 3676 :
2064 3623 2140 3676 ita

501 3719 566 3769 ut
593 3713 818 3769 Salome
852 3714 995 3784 ipsa,
1027 3717 1081 3767 et
1129 3711 1384 3768 Joannes
1429 3712 1708 3782 Baptista,
1743 3714 1989 3768 duorum
2024 3713 2142 3768 fra-

498 3811 648 3859 trum
693 3801 940 3857 marium
992 3800 1158 3856 liberi
1191 3802 1423 3857 fuerint.
1463 3802 1683 3856 Etenim
1713 3803 1959 3873 Aggaaus
1988 3801 2142 3856 ﬁlius

500 3892 734 3964 quidem
779 3897 866 3946 est
910 3891 1223 3956 Barachim,
1260 3897 1498 3961 patruus
1529 3896 1723 3945 autem
1755 3891 2016 3946 Joannis.
2048 3891 2141 3944 Si-

499 3983 714 4038 militer
741 3986 798 4036 et
823 3979 1132 4035 Zacharias
1161 3981 1339 4035 frater
1377 3981 1609 4051 quidem
1649 3981 1858 4050 Aggaei,
1902 3985 2142 4051 patruus

496 4077 687 4127 autem
719 4069 962 4125 Salomas
1011 4069 1248 4140 Josephi
1301 4069 1585 4140 conjugis.
1651 4069 1920 4125 Salomen
1975 4087 2140 4141 porro

497 4160 649 4227 dico,
698 4176 814 4214 non
865 4159 1021 4213 illam
1085 4159 1145 4213 in
1217 4157 1505 4213 Bethleem
1587 4159 1959 4213 obstetricem
2016 4158 2143 4230 (illa

500 4248 652 4303 enim
687 4247 1145 4312 Bethleemitica,
1168 4248 1518 4303 consobrina
1548 4246 1892 4302 Elizabethe
1914 4253 2056 4312 erat,
2089 4255 2144 4301 et

499 4337 636 4392 item
667 4340 882 4391 sanctas
911 4335 1149 4400 virginis
1199 4334 1412 4398 Mariae,
1449 4340 1512 4388 ut
1562 4337 1666 4389 hoc
1715 4353 1943 4390 sacrum
1978 4337 2143 4391 Lurze

503 4425 880 4496 Evangelium
942 4425 1202 4496 indicat),
1271 4422 1434 4480 I36
1491 4426 1770 4492 siquidem
1823 4431 1940 4480 tres
1987 4428 2144 4480 fuere

501 4530 727 4572 sorores
759 4513 1209 4569 Bethleemiticae
1259 4515 1386 4568 tilia:
1428 4513 1689 4568 Matthan
1724 4516 2058 4582 sacerdotis,
2089 4524 2144 4569 et

505 4602 698 4660 Marias
728 4603 997 4674 conjugis
1027 4603 1178 4672 ejus,
1229 4603 1332 4656 sub
1377 4601 1688 4672 Cleopatrae
1736 4607 1792 4656 et
1839 4604 2143 4673 Casoparis

505 4694 689 4749 Persae
722 4709 918 4760 regno,
971 4697 1103 4747 ante
1134 4691 1376 4748 Herodis
1425 4692 1708 4760 Antipatri
1745 4693 1841 4746 [ilii
1879 4709 2142 4762 regnum.

505 4783 710 4838 Primis
741 4781 932 4837 Mariis
963 4783 1232 4838 secundis
1279 4781 1464 4847 Sobie,
1503 4783 1688 4836 tertiae
1726 4783 1906 4836 Anne
1936 4798 2146 4835 nomen

504 4879 644 4927 erat.
674 4871 881 4943 Nupsit
913 4873 1099 4942 prima
1147 4871 1204 4925 in
1240 4869 1562 4926 Beethleem
1614 4870 1808 4933 Maria,
1847 4875 1904 4924 et
1934 4873 2152 4940 peperit

507 4963 780 5018 Salomon
812 4962 1203 5018 obstetricem.
1254 4961 1458 5031 Nupsit
1507 4976 1736 5032 quoque
1767 4961 2024 5014 secunda
2052 4960 2150 5014 iti-

506 5051 641 5105 dem
701 5049 760 5104 in
820 5048 1108 5104 Bethleem
1167 5049 1334 5114 Sobe,
1395 5054 1450 5102 et
1499 5048 1696 5118 genuit
1739 5045 2151 5103 Elizabetham.

505 5139 708 5212 Nupsit
739 5144 1029 5208 postremo
1063 5143 1122 5193 et
1170 5140 1340 5192 tertia
1388 5143 1553 5192 Anna
1599 5136 1655 5190 in
1707 5141 1859 5190 terra
1895 5135 2149 5201 Galilaaa,

508 5233 566 5287 et
596 5228 836 5302 protulit
867 5227 1105 5281 Mariam
1160 5227 1256 5280 Dei
1303 5227 1674 5294 Genitricem,
1726 5241 1795 5280 ex
1843 5241 1954 5294 qua
1986 5224 2153 5280 nobis

586 5409 661 5472 (1)
691 5405 1076 5476 Epiphanius,
1109 5407 1380 5459 adversus
1413 5403 1728 5476 Nazaragos,
1762 5401 1961 5476 scribit
1988 5402 2152 5456 Jaco-

516 5481 651 5533 bum
685 5474 835 5533 hunc
876 5479 1328 5548 primogenitum
1375 5476 1555 5528 filium
1605 5474 1866 5542 Josephi,
1919 5490 2031 5527 non
2088 5489 2154 5527 ex

515 5549 695 5605 Maria
724 5547 941 5618 virgine
966 5556 1170 5614 matre,
1195 5549 1292 5602 sed
1316 5563 1381 5602 ex
1408 5549 1656 5617 conjuge
1679 5547 1792 5600 alia
1814 5552 2154 5618 susceptum

515 5629 573 5676 et
622 5616 1043 5674 sanctificatum
1088 5622 1310 5673 fuisse:
1361 5616 1666 5688 eidemque
1726 5619 1928 5670 fratres
1976 5616 2154 5688 addit,

513 5693 708 5756 Josen,
733 5690 943 5745 Judam
967 5696 1023 5743 et
1044 5691 1418 5760 Symeonem;
1454 5687 1652 5742 itidem
1699 5694 1760 5760 ut
1794 5687 2154 5758 Hippolytus.

522 5763 636 5819 Hoc
688 5763 879 5832 ipsum
936 5759 1164 5833 quoque
1223 5760 1580 5832 Epiphanius
1628 5759 1821 5813 scribit
1880 5760 2159 5814 adversus

2233 2011 2284 2068 ἐν
2337 2011 2740 2088 Ἱεροσολύμοις
2787 2013 2837 2066 έν
2894 2015 2963 2086 τῇ
3024 2011 3288 2085 λεγομένη
3339 2010 3466 2086 ἁγίᾳ
3514 2011 3660 2065 Σιὼν
3713 2029 3865 2083 προσο

2231 2104 2494 2171 εκτήσατο
2538 2099 2766 2176 ἕτερον’
2820 2096 2944 2155 ἔνθα
3000 2103 3028 2170 ἦ
3079 2103 3348 2177 πάναγνος
3400 2101 3586 2173 μήτηρ
3638 2100 3865 2172 Χριστοῦ

2230 2191 2364 2270 ἄχρι
2397 2191 2487 2246 καὶ
2523 2194 2620 2260 τῆς
2643 2189 2879 2265 ἐσχάτης
2909 2189 3076 2259 αὐτῆς
3127 2187 3314 2263 διῆγεν
3361 2188 3594 2262 ἡμέρας,
3648 2187 3864 2257 Ἐπίσης

2233 2277 2290 2336 δὲ
2327 2284 2416 2336 καὶ
2465 2281 2492 2336 ὁ
2524 2280 2754 2358 ἀδελφὸς
2806 2275 3062 2340 Ἰάκωϐος
3110 2272 3374 2352 ἔπραττε⁸
3433 2278 3524 2331 καὶ
3579 2277 3739 2339 οὗτος
3773 2278 3866 2351 γὰρ

2231 2371 2331 2438 τὴν
2361 2369 2416 2422 ἐν
2457 2374 2523 2441 τῇ
2573 2368 2838 2440 Γαλιλαίᾳ
2883 2374 3077 2436 κτῆσιν
3126 2367 3541 2441 παρωσάμενος,
3589 2364 3667 2427 εἰς
3711 2366 3870 2438 Ἱερο-

2236 2457 2450 2532 σόλυμα
2491 2457 2746 2531 γεγονὼς,
2799 2458 3086 2530 κηρύσσων
3136 2457 3204 2524 ἦν
3244 2457 3334 2510 τὸν
3385 2459 3661 2530 σωτήριον
3715 2453 3870 2526 λόγον

2234 2554 2354 2612 ταῖς
2412 2545 2621 2602 δώδεκα
2679 2548 2880 2620 φυλαῖς
2935 2551 3031 2600 τοῦ
3087 2543 3332 2620 Ἰσραήλ.
3392 2545 3504 2600 Οὐκ
3557 2543 3780 2618 ἀκαιρον
3819 2540 3872 2596 δὲ

2238 2639 2396 2709 οἶμαι
2428 2636 2514 2690 καί
2546 2641 2711 2691 ταῦτα
2759 2640 3067 2709 παρενεῖραι
3106 2638 3175 2706 τῇ
3226 2634 3462 2709 ἱστορίᾳ.
3493 2634 3574 2705 τῷ
3605 2631 3737 2704 θείῳ
3764 2634 3872 2688 Ἰπ-

2238 2726 2484 2797 πολυτῳ,
2518 2727 2578 2788 ’ὀς
2607 2723 2821 2798 Πόρτου
2852 2731 2951 2791 τῆς
2984 2717 3350 2797 πρεσϐυτέρας
3379 2723 3602 2792 Ῥώμης
3655 2720 3869 2775 ἐπίσκο-

2240 2837 2339 2876 πος
2401 2815 2682 2888 ἐτύγχανεν
2739 2811 2838 2882 ὢν,
2889 2812 3170 2888 εἰρημένα,
3228 2813 3354 2884 περῖ
3404 2815 3502 2865 τοῦ
3548 2808 3874 2885 ἀδελφοθὲου

2241 2902 2520 2961 Ἰακώϐου.
2552 2930 2579 2956 ί(
2615 2906 2837 2980 Ἰωσὴφ,
2884 2901 3087 2979 λέγων,
3119 2903 3147 2956 ὁ
3176 2903 3402 2972 τέκτων,
3443 2900 3503 2956 ἐκ
3544 2908 3646 2969 τῆς
3699 2921 3876 2976 γυναι-

2241 2998 2336 3058 κὸς
2395 2997 2558 3050 αυτοῦ
2617 2997 2919 3068 Σαλώμης,
2987 2994 3110 3064 ἥτις
3172 2995 3238 3062 ἦν
3307 2993 3546 3068 θυγάτηρ
3603 2990 3879 3068 Ἀγγαίου,

2243 3084 2482 3162 ἀδελφοῦ
2541 3085 2810 3160 Ζαχαρίου
2869 3088 2970 3138 τοῦ
3028 3085 3316 3160 προφήτου
3372 3083 3462 3136 καὶ
3525 3084 3736 3156 πατρὸς
3791 3083 3882 3134 τοῦ

2250 3177 2546 3252 βαπτιστοῦ
2579 3174 2850 3243 Ἰωάννου,
2884 3174 2911 3228 ὁ
2940 3172 2996 3228 δὲ
3023 3173 3296 3248 Ζαχαρίας
3328 3173 3416 3226 καὶ
3465 3173 3728 3244 ’Δγγαῖος
3779 3169 3879 3223 υἱοὶ

3670 3257 3884 3334 ἄρρἐας

2247 3353 2402 3416 υἱοὺς
2441 3359 2621 3430 γεννᾷ,
2670 3349 2951 3420 Ἰάκωϐον,
3002 3353 3250 3423 Σίμωνα,
3303 3347 3510 3405 Ἰούδαν
3564 3351 3656 3403 καῖ
3691 3350 3883 3416 Ἰωσῆο

2245 3445 2332 3498 καί
2395 3443 2688 3516 θυγατέρας
2735 3439 2854 3509 δύο,
2905 3441 3004 3508 τήν
3048 3441 3247 3512 Ἐσθήρ
3285 3460 3341 3494 τε
3380 3438 3469 3492 καὶ
3507 3440 3608 3507 τὴν
3662 3439 3884 3510 Θάμαρ’

2247 3534 2322 3594 ὼς
2356 3533 2488 3586 εἶναι
2538 3531 2638 3598 τήν
2673 3529 2952 3601 Σαλώμην
3010 3527 3100 3582 καὶ
3148 3529 3238 3582 τὸν
3284 3527 3588 3593 Βαπτιστήν
3639 3525 3888 3594 Ἰωάννην

3331 3264 3591 3333 τέσσαρας

2249 3620 2496 3696 ἀδελφῶν
2551 3619 2646 3674 δύο
2702 3621 2860 3673 τέκνα
2909 3617 3169 3692 ἀῤῥένων,
3219 3623 3274 3672 '0
3317 3618 3421 3691 γὰρ
3470 3619 3729 3693 Ἀγγαῖος
3779 3615 3884 3675 υίὸς

2253 3713 2345 3783 μέν
2395 3709 2504 3764 ἐστι
2557 3708 2850 3784 Βαραχίου,
2902 3709 3045 3768 θεῖος
3105 3703 3160 3761 δέ
3207 3705 3494 3761 Ἰωάννου·
3542 3704 3756 3776 ὁμοίως
3804 3702 3884 3757 καὶ

2251 3799 2551 3873 Ζαχαρίας,
2584 3795 2816 3874 ἀδελφὸς
2862 3798 2956 3870 μὲν
3001 3795 3278 3871 Ἀγγαίου,
3330 3795 3615 3865 Σαλώμης
3670 3789 3727 3848 δὲ
3755 3795 3882 3850 θεῖος

2249 3894 2349 3954 τῆς
2399 3887 2653 3960 γυναικὸς
2702 3887 2926 3962 Ἰωσήφ.
2975 3883 3252 3956 Σαλώμην
3301 3880 3357 3938 δέ
3405 3904 3550 3960 φημι
3587 3882 3649 3936 οὗ
3701 3884 3797 3950 τήν
3838 3879 3884 3935 ἑν

2255 3976 2504 4049 Βηθλεὲμ
2564 3980 2724 4049 μαῖαν
2760 3994 2773 4008 ’
2839 3973 3013 4042 ἐκείνὴ
3073 3974 3178 4048 γάρ
3235 3972 3343 4027 ἀπὸ
3411 3971 3675 4044 Βηθλεὲμ
3737 3970 3875 4036 οὖσα,

2251 4066 2439 4139 ἀνεψιὰ
2494 4072 2592 4133 τῆς
2653 4059 2938 4120 Ἐλισάϐετ
2990 4065 3080 4134 ἧν,
3130 4063 3219 4117 καὶ
3267 4069 3366 4130 τῆς
3426 4059 3581 4136 ἆγίας
3632 4060 3871 4132 παρθένου

2253 4156 2482 4228 Μαρίας,
2515 4155 2590 4218 ὡς
2619 4151 2786 4222 δηλοῖ
2813 4151 2874 4207 τὸ
2902 4154 3037 4207 κατά
3073 4157 3280 4207 ⁸Λουκέιν
3333 4153 3476 4226 ἱερὸν
3531 4151 3872 4223 Εὐαγγέλιον.

2251 4249 2404 4317 Τρεῖς
2459 4245 2558 4319 γάρ
2608 4243 2746 4310 ἦσαν
2795 4241 3024 4317 ἀδελφαὶ
3102 4242 3208 4296 ἀπὸ
3261 4241 3528 4312 Βηθλεὲμ,
3611 4239 3879 4314 Θυγατέρες

2253 4334 2470 4389 Ματθαν
2503 4337 2598 4384 τοῦ
2629 4330 2842 4402 ἱερέως,
2873 4331 2961 4384 καὶ
3000 4332 3213 4401 Μαρίας
3251 4337 3349 4397 τῆς
3403 4329 3566 4382 αὐτοῦ
3618 4329 3882 4404 γυναικὸς,

2255 4421 2340 4476 ἐπὶ
2389 4427 2489 4489 τῆς
2543 4419 2823 4495 βασιλείας
2880 4418 3229 4490 Κλεοπάτρας
3279 4419 3362 4472 καὶ
3423 4419 3760 4492 Κασώτταρος
3803 4418 3886 4469 τοῦ

2258 4511 2461 4583 Πέρσου
2512 4510 2616 4577 πρὸ
2673 4516 2774 4578 τῆς
2835 4508 3110 4582 βασιλείας
3170 4505 3420 4582 Ἡρώδου
3469 4509 3595 4561 υῖοῦ
3647 4504 3886 4563 Ἀντιπά·

2251 4620 2400 4671 τρου.
2433 4601 2644 4669 ’Ὁνομα
2679 4602 2746 4670 τῇ
2781 4600 2972 4672 πρώτῃ
3008 4599 3189 4669 Μαρία
3228 4599 3313 4651 καὶ
3353 4601 3421 4670 τῇ
3455 4595 3682 4671 δευτέρᾳ
3735 4590 3887 4661 Σὸὖη,

2255 4693 2323 4760 τῇ
2371 4686 2425 4742 δέ
2471 4689 2627 4760 τρίτῃ
2676 4689 2844 4743 ’Ἀννα
2895 4682 3073 4757 ὄνομα
3122 4688 3212 4755 ἧν.
3261 4689 3504 4761 ’Ἑγημεν
3536 4689 3572 4754 ἡ
3602 4687 3800 4760 πρώτη
3841 4684 3888 4734 ἒν

2263 4777 2513 4848 Βηθλεὲμ
2569 4779 2604 4846 ἡ
2658 4779 2864 4851 Μαρία,
2905 4776 2993 4831 καὶ
3036 4773 3181 4832 ἔτεκε
3220 4775 3504 4848 Σαλώμηο
3541 4776 3644 4842 τήν
3704 4779 3886 4846 μαῖαν

2259 4863 2459 4940 ἔγημεν
2491 4869 2524 4934 ἡ
2561 4864 2784 4942 δευτέρα
2835 4865 2886 4922 ἐν
2942 4865 3196 4937 Βηθλεὲμ
3223 4868 3258 4935 ἡ
3293 4861 3464 4933 Σόδη,
3512 4867 3605 4919 καὶ
3655 4862 3893 4940 ἐγέννησε

2259 4958 2358 5023 τὴν
2415 4951 2721 5012 Ἐλισάϐετ.
2779 4959 2993 5030 Ἒγημε
3041 4955 3132 5010 καὶ
3176 4958 3211 5024 ἡ
3253 4955 3410 5029 τρίτη
3465 4957 3626 5012 Ἅννα
3683 4956 3759 5017 εἷς
3805 4960 3892 5026 γῆν

2258 5052 2358 5114 τῆς
2419 5043 2736 5112 Γαλιλαίας,
2788 5046 2877 5099 καὶ
2928 5043 3172 5120 ἐγέννησε
3211 5044 3422 5118 Μαρίαν
3470 5045 3572 5111 τήν
3621 5044 3892 5109 Θεοτόκον,

2263 5135 2312 5208 ἐξ
2370 5136 2438 5204 ἧς
2496 5133 2764 5190 ἀνέτειλεν
2816 5137 2950 5207 ἡμῖν
3007 5135 3299 5209 Χριστὸςή
3332 5133 3584 5203 ἀλήθεια.
3635 5135 3734 5196 Ὠς
3779 5135 3894 5188 εἶναι

2261 5227 2360 5295 τήν
2387 5246 2443 5280 τε
2487 5223 2763 5298 Σαλώμην
2811 5224 3020 5294 ἐκείνην
3070 5226 3169 5294 τήν
3224 5229 3410 5296 μαῖαν,
3453 5225 3553 5292 τήν
3601 5219 3894 5282 Ἐλίσάϐετ,

2267 5408 2890 5463 Antidicomarianitas.
2946 5407 3367 5476 Hieronymus:
3423 5427 3446 5455 ιι
3494 5404 3780 5472 Jacobus,
3815 5399 3897 5472 qui

2265 5480 2588 5549 appellatur
2636 5479 2809 5535 frater
2858 5481 3106 5544 Domini,
3155 5481 3536 5549 cognomento
3586 5477 3812 5539 Justus,
3849 5477 3898 5526 ut

2267 5553 2533 5606 nonnulli
2585 5552 3232 5624 existimantyjlosephi
3305 5565 3368 5624 ex
3434 5549 3547 5603 alia
3582 5551 3897 5624 ’ux_ore,_I§l

2268 5629 2459 5676 autem
2493 5625 2634 5678 mihi
2669 5626 2910 5685 videtur,
2957 5617 3146 5678 Μαι-ἰδὲ
3176 5623 3394 5677 sororis
3425 5621 3632 5675 matris
3667 5617 3896 5679 Domini.

2268 5696 2439 5760 cujus
2468 5695 2724 5753 Joannes
2758 5698 2811 5750 in
2853 5696 3000 5750 libro
3031 5712 3138 5748 suo
3175 5693 3453 5758 meminit,
3484 5691 3668 5749 (ilius.
3703 5714 3731 5741 »δ

2340 5766 2420 5837 (2)
2452 5765 2693 5828 Mariam
2726 5775 2782 5826 et
2810 5767 3102 5824 Salomon.
3139 5764 3347 5837 Epiph.
