4084 6208
330 315 473 407 ’763τ

1626 327 2050 392 NICEPHORI
2091 330 2437 395 CALLISTI

3624 326 3746 389 766

331 448 435 507 lati
466 467 815 511 sermonem.
841 453 1161 525 Manasses,
1191 456 1365 513 Onias
1417 459 1518 531 (4),
1566 459 1789 516 Simon.
1822 463 1962 528 Qua-

2111 482 2310 531 ιστησεν
2360 463 2388 516 6
2431 462 2749 535 Ἀντίοχος,
2790 461 2867 533 μή
2919 458 3049 515 ὄντα
3097 459 3157 515 ὲκ
3205 459 3385 539 φυλῆς
3436 462 3747 535 ἱερατικῆς,

334 540 698 612 dragesimus
748 561 988 601 numero
1055 547 1253 613 Onias,
1300 550 1471 603 Jesus
1544 550 1645 622 (2),
1705 558 1758 606 et
1805 549 1981 607 Onias

336 628 527 687 alius:
560 648 675 703 quo
705 639 965 704 tempore
999 635 1246 704 papulus
1273 636 1345 689 ab
1374 637 1654 693 Antiocho
1688 638 1982 709 Epiphane

334 720 581 790 graviter
610 726 698 775 est
726 722 1002 778 afﬂictus.
1037 724 1292 779 Alcimus
1321 725 1421 796 (3),
1456 742 1651 798 quem,
1702 744 1831 783 cum
1866 745 1980 789 non

334 819 490 864 esset
518 826 584 865 ex
615 813 767 866 tribu
803 814 1144 870 sacerdotali
1175 817 1423 884 genitus.
1466 817 1802 887 Antiochus,
1834 820 1982 875 Onia

336 914 499 963 casso,
530 902 867 971 pontiﬁcem
897 905 1214 962 constituit.
1248 905 1432 975 Hujus
1462 910 1625 962 astate
1649 907 1749 963 fuit
1784 908 1982 974 Onius,

338 986 499 1043 Onim
528 988 705 1056 ﬁlius,
735 992 833 1061 qui
868 991 921 1045 in
953 992 1260 1063 [Egyptum
1308 996 1662 1066 profugiens,
1697 996 1980 1066 templum

339 1075 421 1131 ibi
454 1068 971 1151 Hierosolymitano
996 1081 1185 1138 simile
1232 1082 1290 1137 in
1324 1083 1799 1155 Heliopolitarum
1833 1103 1985 1157 pra:-

341 1164 559 1220 fectura
576 1168 874 1223 exstruxit.
896 1173 1032 1225 Post
1058 1170 1214 1225 hunc
1236 1172 1719 1241 quadragesimus
1740 1182 1983 1244 quartus

336 1269 404 1308 ex
428 1255 756 1311 Asamonzei
789 1257 946 1322 ﬁliis,
986 1258 1168 1314 Judas
1213 1258 1611 1330 Machahasus;
1652 1263 1745 1317 cui
1779 1263 1983 1318 ordine

338 1346 1061 1413 successerunt,Jonathas
1085 1348 1279 1411 frater,
1318 1366 1520 1405 rursus
1564 1350 1761 1407 Simon
1809 1351 1985 1406 frater

340 1432 612 1501 Joannes,
645 1434 745 1506 qui
774 1442 831 1490 et
861 1437 1162 1509 Hyrcanus
1205 1440 1430 1494 dictus:
1463 1440 1849 1502 Aristobulus,
1884 1442 1983 1512 qui

342 1522 571 1591 primus
601 1524 869 1580 diadema
897 1526 1007 1581 sibi
1027 1525 1338 1597 imposuit:
1369 1529 1657 1598 Jannwas,
1684 1530 1775 1586 cui
1808 1529 1981 1584 etiam

341 1610 652 1667 Alexandri
683 1630 893 1670 nomen
940 1615 1063 1671 fuit.
1104 1616 1633 1688 Quinquagesimus
1680 1634 1847 1690 porro
1881 1620 1986 1674 fuit

343 1700 665 1772 Hyrcanus,
688 1703 799 1758 sub
831 1721 946 1775 quo
977 1703 1288 1777 Pompeius
1325 1706 1621 1762 Romanus
1668 1708 1809 1773 dux,
1843 1708 1983 1762 urbe

339 1796 584 1856 vastata,
618 1806 784 1847 sacra
813 1808 1046 1865 quoque
1075 1795 1277 1867 templi
1302 1796 1542 1851 donaria
1557 1813 1752 1852 secum
1782 1797 1981 1853 abstu-

345 1877 436 1935 lit.
485 1879 1021 1953 Quinquagesimus
1092 1886 1317 1955 primus
1369 1886 1695 1957 Antigonus
1742 1886 1844 1958 (4).
1890 1887 1986 1955 qui

346 1966 588 2024 Parthos
609 1980 840 2040 propter
857 1973 1107 2043 Hyrcani
1132 1973 1469 2030 inimicitias
1510 1976 1788 2030 adversus
1840 1986 1986 2029 tem-

344 2054 510 2126 plum
556 2057 819 2125 adduxit,
860 2066 916 2115 et
957 2062 1028 2116 ab
1075 2063 1296 2118 Herode
1345 2063 1676 2133 pontiﬁcatu
1735 2064 1990 2134 dejectus

348 2148 456 2201 est.
490 2145 1016 2221 Quinquagcsimus
1046 2153 1341 2207 secundus
1363 2154 1615 2208 Anaelus
1645 2155 1716 2208 ab
1748 2153 1989 2220 Herode,

345 2250 479 2291 cum
540 2252 650 2292 non
739 2245 894 2293 esset
953 2240 1330 2297 sacerdotalis
1395 2241 1645 2313 generis,
1733 2242 1990 2312 pontifex

344 2329 573 2381 creatus
605 2330 712 2382 est.
738 2325 899 2384 138
939 2330 1465 2401 Quinquagesimus
1515 2332 1718 2386 tertius
1771 2332 1960 2385 Aristo

345 2412 543 2480 huius,
574 2430 749 2486 quem
782 2415 1055 2485 Herodes,
1100 2419 1313 2474 Anaelo
1373 2420 1607 2488 rejecto,
1639 2420 1941 2476 substituit
1975 2435 1988 2472 :

344 2502 616 2575 idemque
663 2521 891 2574 rursus,
941 2506 1271 2563 Aristobulo
1329 2507 1462 2562 dolo
1519 2523 1664 2563 casso
1715 2505 1991 2563 Anaelum

347 2590 621 2647 restituit.
650 2592 863 2649 Anaelo
914 2593 1089 2650 Jesus
1134 2593 1315 2650 Phabi
1366 2594 1521 2650 ﬁlius
1550 2596 1625 2667 (5)
1675 2595 1989 2651 successit:

349 2678 557 2736 deinde
601 2681 801 2738 Simon
852 2682 1094 2739 Herodis
1154 2699 1318 2740 socer
1378 2686 1634 2756 pontifex
1696 2685 1813 2739 ﬁt:
1869 2688 1996 2753 post

349 2770 503 2827 hunc
535 2770 831 2841 Matthiae,
865 2772 1073 2829 deinde
1092 2773 1406 2845 Josephus,
1452 2774 1545 2829 cui
1592 2773 1832 2830 Jozarus
1873 2790 1997 2828 suc-

348 2861 543 2916 cessit.
566 2861 973 2932 Sexagesimus
1002 2879 1171 2933 porro
1214 2863 1323 2918 fuit
1367 2863 1697 2929 Eleazarus,
1739 2864 1849 2919 sub
1881 2878 1994 2933 quo

348 2948 603 3004 Herodes
634 2951 883 3021 pessime
916 2952 1103 3021 periit.
1145 2952 1210 3007 Et
1257 2968 1387 3008 vero
1444 2952 1644 3007 ordine
1701 2968 1997 3009 successe-

352 3043 507 3100 runt.
534 3039 710 3097 Jesus
755 3044 891 3096 Scaea
922 3041 1101 3110 ﬁlius,
1131 3044 1371 3097 Ananus
1420 3040 1649 3112 Caiphae
1706 3056 1869 3097 socer
1898 3041 1994 3110 (6‘,

352 3126 637 3185 lsmaelus
666 3128 822 3185 ﬁlius
861 3130 1041 3186 Phabi
1081 3132 1181 3202 (7).
1232 3131 1539 3187 Eleazarus
1584 3131 1771 3187 Anani
1816 3129 1994 3194 ﬁlius,

2092 549 2295 605 ἀνελὼν
2353 551 2441 604 τὸν
2497 549 2695 605 Ὀνίαν.
2739 549 2864 605 Ἐπὶ
2920 549 3118 604 τούτου
3174 548 3265 604 καὶ
3325 550 3504 611 Ὀνίας
3556 550 3587 604 6
3648 552 3748 604 τοῦ

2091 638 2267 693 Ὀνίου
2316 639 2452 706 υίὸς,
2485 637 2670 716 φυγὼν
2716 638 2791 699 εἰς
2838 636 3126 711 Α’ίγυπτον,
3158 638 3285 692 ναὸν
3324 637 3520 710 ὅμοιον
3566 641 3652 708 τῷ
3692 636 3747 692 ἐν

2088 727 2498 802 Ἱεροσολύμοις
2556 725 2842 801 οἰκοδομεῖ
2888 728 2943 781 ἐν
2990 731 3067 800 τῷ
3098 724 3498 801 Ἡλιουπολίτῃ
3550 730 3746 800 νομῷ·

2094 813 2184 888 μδ¹
2218 814 2419 879 Ἰούδας
2471 818 2499 870 6
2547 811 2918 887 Μακκαϐαῖος,
2959 815 3021 870 ἐκ
3066 819 3177 870 τῶν
3224 814 3432 871 παίδων
3479 818 3749 888 Ἀσαμω-

2088 906 2250 960 ναίου
2290 901 2386 960 ὥν.
2437 906 2565 962 Εἶτα
2606 905 2853 961 Ἰωνάθαν
2905 906 2933 960 6
2978 903 3211 981 ἀδελφός
3247 923 3259 936 ·
3312 905 3402 960 καὶ
3463 904 3659 978 Σίμων
3720 907 3749 959 6

2090 993 2360 1073 ἀδελφός·
2408 995 2685 1065 Ἰωάννης,
2735 996 2763 1050 6
2812 996 2901 1049 καὶ
2949 993 3201 1069 Ὑρκανός
3231 1014 3241 1026 ·
3294 990 3746 1068 Ἀριστόϐουλος,

2090 1086 2150 1149 ’ὸς
2187 1085 2275 1140 καὶ
2324 1083 2565 1157 διάδημα
2604 1089 2819 1159 πρῶτος
2861 1085 3036 1155 ἑαυτῷ
3076 1083 3452 1156 περιτίθησιν·
3491 1083 3746 1153 Ἰαννέας,

2092 1174 2120 1228 6
2168 1174 2257 1228 καὶ
2299 1170 2685 1246 Ἀλέξανδρος·
2735 1172 3097 1242 πεντηκοστὸς
3147 1171 3194 1226 δ’
3241 1174 3308 1241 ἦν
3349 1173 3635 1246 Ὑρκανὸς,
3667 1171 3748 1248 ἐφ’

2093 1264 2154 1317 οὗ
2187 1264 2478 1334 Πομπήϊος
2514 1263 2541 1316 6
2574 1262 2857 1334 Ῥωμαίων
2889 1263 3219 1336 στρατηγὸς,
3256 1263 3355 1330 τήν
3400 1260 3567 1316 πόλιν
3618 1283 3752 1337 πορθ

2097 1353 2289 1421 θήσεις,
2348 1352 2414 1404 τὰ
2486 1356 2583 1406 τοῦ
2655 1352 2804 1426 ἱεροῦ
2863 1348 3131 1422 κειμήλια
3187 1348 3622 1430 προσαφείλετο·
3673 1357 3753 1404 να¹

2095 1440 2430 1514 Ἀντίγονος,
2472 1440 2532 1500 ’ὸς
2580 1439 2828 1509 Πάρθους
2867 1439 3002 1492 κατά
3056 1442 3153 1494 τοῦ
3208 1439 3358 1513 ἱεροῦ
3413 1437 3750 1514 ἐπηγάγετο,

2097 1529 2236 1583 κατὰ
2265 1532 2547 1603 Ὑρκανοῦ,
2589 1528 2692 1582 ὑπὸ
2751 1524 2807 1582 δὲ
2844 1524 3092 1601 Ἡρώδου
3147 1534 3246 1593 τῆς
3304 1526 3609 1600 ἱερωσύνης
3669 1526 3753 1581 ἐκ-

2095 1613 2360 1671 ϐάλλεται
2387 1635 2400 1648 ·
2432 1617 2510 1690 νβ’
2553 1615 2843 1685 Ἀνάηλος,
2879 1616 2981 1670 ὑπὸ
3041 1612 3290 1689 Ἡρώδου
3346 1626 3644 1684 κατιστας,
3687 1616 3750 1670 o6

2091 1710 2192 1761 τοῦ
2240 1707 2630 1781 ἀρχιερατικοῦ
2668 1706 2854 1777 γένους
2886 1706 2952 1775 ἦν
2977 1724 2989 1737 ³
3029 1700 3452 1778 Ἀριστόϐουλος
3485 1705 3548 1759 ’ὸν
3582 1706 3756 1778 Ἡρώ-

2096 1794 2194 1866 δης
2224 1795 2529 1865 καθίστησι,
2559 1795 2652 1849 τὸν
2703 1792 2973 1865 Ἀνάηλον
3018 1791 3354 1867 διωσάμενος
3389 1809 3403 1823 ⁸
3444 1792 3532 1848 καὶ
3592 1792 3754 1855 αὖθις

2100 1883 2477 1964 δολοφονήσας
2506 1884 2597 1938 τὸν
2631 1879 3087 1956 Ἀριστόϐουλον,
3118 1882 3403 1954 καθίστησι
3437 1884 3531 1938 τὸν
3564 1883 3757 1952 Ἀνάη-

2099 1976 2218 2032 λον.
2250 1979 2452 2030 Τοῦτον
2482 1972 2549 2043 δὴ
2584 1975 2676 2029 τὸν
2711 1972 2982 2043 Ἀνάηλον
3012 1975 3226 2042 Ἰησοῦς
3259 1973 3287 2027 6
3324 1977 3424 2027 τοῦ
3457 1967 3604 2027 Φαὸἱ
3648 1968 3757 2027 6m-

2100 2062 2338 2139 δέχεται.
2373 2064 2499 2118 Εἶτα
2559 2062 2746 2135 Σίμων
2807 2063 2835 2117 6
2876 2060 3127 2135 Ἡρώδου
3181 2058 3456 2131 κηδεστὴς
3511 2060 3752 2136 γίνεται⁶

2103 2155 2220 2226 μεθ’
2249 2154 2307 2208 ’ὃν
2369 2151 2610 2215 Ματθίας
2635 2168 2648 2181 ’
2684 2152 2798 2206 εἶτα
2839 2152 3130 2220 Ἰώσηπος,
3162 2150 3220 2204 ’ὸν
3264 2151 3523 2222 Ἰώζαρος
3586 2147 3758 2205 διεδὲ-

2100 2244 2245 2315 ξατο.
2281 2242 2605 2312 Ἑξηκοστὸς
2666 2239 2711 2296 δ’
2767 2242 2834 2309 ἧν
2889 2238 3244 2312 Ἐλεάζαρος,
3275 2238 3356 2317 ἐφ’
3392 2241 3455 2295 οὗ
3495 2237 3755 2310 Ἡρώδης
3825 2300 3837 2312 ,

2099 2330 2347 2387 ἐτελεύτα
2395 2335 2609 2391 κακῶς’
2646 2333 2858 2399 Ἰησοῦς
2913 2330 2943 2384 6
2998 2333 3096 2383 τοῦ
3132 2328 3250 2394 Σεὲ,
3288 2329 3405 2400 μεθ’
3436 2329 3497 2383 ’ὀν
3529 2334 3761 2389 ’Ἄνανος

2101 2422 2129 2476 6
2160 2424 2256 2475 τοῦ
2290 2422 2498 2496 Καϊὰφα
2531 2418 2784 2490 πενθερός
2805 2437 2819 2451 ⁶
2847 2416 3143 2491 Ἰσμάηλος
3178 2418 3206 2472 6
3234 2422 3331 2473 τοῦ
3366 2412 3514 2473 Φαϐί
3535 2435 3550 2447 ·
3578 2417 3761 2475 Ἑλεά-

2104 2516 2261 2584 ζαρος
2322 2510 2349 2562 6
2419 2513 2516 2563 τοῦ
2575 2509 2827 2565 Ἀνάνου.
2889 2507 3075 2579 Σίμων
3135 2508 3164 2560 6
3224 2506 3494 2580 Καμίθου.
3556 2507 3631 2577 εξ
3689 2508 3756 2575 ἧν

2105 2599 2364 2674 Καϊάφας,
2399 2600 2426 2654 6
2479 2599 2568 2653 καὶ
2602 2599 2891 2667 Ἰώσηπος,
2924 2595 3005 2673 ἐφ’
3035 2598 3097 2651 οὗ
3143 2597 3205 2651 τὸ
3254 2599 3526 2671 σωτήριον
3582 2598 3757 2661 πάθος

2104 2690 2133 2743 6
2182 2687 2377 2763 Κύριος
2429 2689 2590 2759 ἡμῶν
2650 2686 2779 2759 ὑπὲρ
2831 2688 2991 2759 ἡμῶν
3052 2681 3391 2754 κατεδέξατο.
3434 2685 3670 2755 Ἰωνάθη
3728 2686 3756 2739 6

2103 2778 2355 2843 Ἀνάνου,
2387 2773 2652 2851 Θεόφιλος
2686 2776 2714 2829 6
2745 2775 2911 2829 αὐτοῦ
2942 2771 3199 2850 ἁδελφὸς,
3235 2772 3419 2845 Σίμων
3453 2774 3481 2826 6
3517 2778 3754 2842 Βοητοῦ,

2106 2861 2516 2936 ἑϐδομηκοστὸς
2578 2861 2633 2918 δὲ
2691 2861 2855 2917 πάλιν
2918 2863 3177 2931 Ἰωνάθης
3235 2864 3263 2916 6
3319 2862 3582 2919 Ἀνάνου·
3644 2862 3755 2917 εἶτα

2105 2954 2343 3016 Ματθίας
2390 2955 2418 3008 6
2476 2950 2729 3029 ἀδελφὸς,
2781 2950 3092 3011 Ἠλιναῖοςο
3148 2951 3416 3021 Ἰώσηπός
3459 2971 3521 3007 τε
3581 2953 3611 3007 ὁ
3659 2956 3754 3006 τοῦ

2104 3040 2302 3115 Καμή·
2355 3044 2585 3104 Ἀνανος
2637 3042 2887 3110 Ἀνάνου,
2933 3041 2994 3102 ὃς
3041 3034 3300 3098 Ἰάκωϐον
3352 3040 3445 3095 τὸν
3495 3044 3596 3096 τοῦ
3648 3047 3757 3095 Κυ-

2109 3132 2229 3204 ρίου
2260 3129 2494 3207 ἀδελφὸν
2526 3130 2616 3185 καὶ
2647 3134 2861 3204 πρῶτον
2911 3129 3178 3204 ἰεράρχην
3224 3133 3332 3183 τῶν
3353 3127 3755 3203 Ἱεροσολύμων

353 3215 553 3274 Simon
601 3217 845 3273 Camithi
890 3218 1069 3274 ﬁlius.
1096 3200 1519 3291 'Sexagesimus
1563 3220 1847 3291 septimus
1890 3219 1991 3274 fuit

2111 3219 2320 3276 ἀνεῖλεν
2347 3239 2360 3252 ·
2404 3221 2450 3293 ᾧ
2488 3220 2575 3274 καὶ
2623 3216 2843 3280 Παῦλος
2897 3216 3430 3292 παρρησιαζόμενος,
3478 3217 3756 3272 Τύπτειν

355 3305 626 3378 Caiphae,
658 3308 754 3379 qui
787 3308 960 3363 etiam
1009 3308 1300 3381 Josephus
1339 3308 1532 3366 dictus
1579 3314 1683 3375 est,
1716 3309 1828 3365 sub
1887 3325 2001 3379 quo

356 3410 461 3467 pro
488 3394 656 3452 nobis
686 3397 1047 3453 salutiferam
1074 3405 1315 3454 mortem
1356 3398 1638 3455 Dominus
1671 3398 1833 3454 obiit.
1867 3397 2003 3452 Post

358 3482 516 3539 hunc
543 3484 820 3541 Jonathas
867 3485 945 3557 (8)
988 3486 1173 3541 Anani
1223 3487 1397 3555 ﬁlius,
1469 3485 1826 3556 Theophilus
1874 3486 2001 3555 ejus

360 3574 555 3640 frater,
588 3574 788 3631 Simon
820 3574 1016 3631 Boethi
1044 3576 1224 3643 ﬁlius,
1255 3577 1464 3632 deinde
1491 3576 1777 3632 Jonathas
1813 3574 2000 3632 Anani

358 3661 538 3729 ﬁlius,
562 3668 693 3735 post
716 3664 872 3719 hunc
892 3665 1064 3720 frater
1084 3666 1213 3734 ejus
1235 3666 1529 3727 Matthiae,
1556 3683 1683 3721 mox
1721 3665 1996 3722 Elinams:

352 3768 588 3808 rursum
617 3752 910 3825 Josephus
942 3758 1126 3809 Came
1160 3755 1352 3811 ﬁlius:
1377 3772 1551 3827 quem
1586 3755 1882 3811 insecutus
1912 3759 2002 3810 est

350 3844 590 3898 Ananus
619 3843 812 3900 Anani
843 3843 996 3899 ﬁlius
1029 3845 1108 3917 (9)
1140 3846 1240 3916 qui
1287 3845 1567 3901 Jacobum
1629 3847 1835 3901 fratem
1896 3846 2001 3903 Do-

350 3931 517 3993 mini,
551 3932 803 4002 primum
839 3932 1367 4003 Hierosolymorum
1390 3935 1752 4006 episcopum,
1784 3935 1999 3990 interc-

352 4021 473 4074 mit.
497 4020 641 4075 Huic
658 4037 910 4092 quoque,
940 4038 1146 4092 magna
1166 4022 1389 4078 dicendi
1413 4021 1680 4079 libertate
1699 4039 1841 4078 usus
1860 4023 1999 4079 Pau-

350 4117 466 4176 lus,
496 4111 860 4167 Percussurus
890 4121 964 4165 est
998 4119 1049 4167 te
1077 4113 1236 4178 Deus,
1268 4111 1430 4177 dixit,
1451 4112 1634 4181 paries
1655 4111 1898 4167 dealbate
1927 4111 1994 4165 2‘.

2113 3331 2179 3365 σε
2221 3306 2460 3382 μέλλει
2500 3310 2528 3363 6
2568 3309 2747 3376 Θεὸς,
2778 3313 2974 3381 τοῖχε
3009 3305 3467 3379 κεκονιαμένε,
3511 3306 3752 3376 ἐξεῖπεν

2111 3399 2320 3468 Ἰησοῦς
2361 3398 2389 3451 6
2421 3394 2747 3470 Γαμαλιήλ·
2782 3392 3152 3472 ὀγδοηκοστὸς
3200 3393 3289 3449 ἐπὶ
3336 3393 3556 3456 τούτοις
3609 3402 3757 3455 Ματ-

2111 3487 2223 3548 θίας
2270 3489 2298 3542 6
2348 3485 2637 3566 Θεοφίλου,
2672 3486 2753 3559 ἐφ’
2783 3485 2845 3540 οὗ
2896 3487 2924 3540 6
2973 3485 3108 3556 πρὸς
3140 3486 3451 3558 Ῥωμαίους
3509 3483 3755 3558 πόλεμος

2110 3570 2214 3631 ἔτει
2243 3574 2421 3650 ὀγδόῳ
2452 3579 2547 3629 τοῦ
2579 3574 2850 3647 Καίσαρος
2900 3570 3178 3630 Κλαυδίου
3220 3574 3320 3641 τὴν
3374 3574 3554 3649 ἀρχὴν
3598 3572 3756 3643 εἰλή-

2110 3684 2227 3741 φει·
2262 3664 2351 3719 καὶ
2384 3663 2470 3719 ἐπὶ
2502 3669 2628 3717 πᾶσι
2660 3661 2971 3732 τελευταίος
2997 3666 3222 3723 Φιναῖος
3256 3660 3337 3738 ἐφ’
3369 3661 3431 3716 οὗ
3462 3664 3499 3731 ἡ
3544 3683 3607 3717 τε
3652 3664 3755 3717 πό-

2111 3753 2198 3816 λις
2245 3754 2336 3810 καί
2385 3755 2414 3808 6
2457 3753 2584 3815 ναὸς
2633 3754 2721 3806 καὶ
2770 3751 2831 3806 τὸ
2883 3746 3030 3813 ἔθνος
3063 3745 3204 3805 ἅπαν
3237 3751 3340 3806 ὑπὸ
3369 3752 3536 3807 Τίτου
3587 3752 3751 3816 ἑάλω,

2109 3845 2196 3898 καὶ
2246 3845 2415 3897 πάντα
2458 3842 2525 3897 τὰ
2556 3846 2669 3908 ,τοῦ
2714 3845 2843 3895 ναοῦ
2885 3841 2975 3894 καὶ
3022 3838 3119 3895 τοῦ
3177 3839 3373 3911 νόμου,
3415 3843 3752 3897 παντάπασιν

2109 3928 2317 4000 ἀπέσϐη
2369 3931 2458 3986 καὶ
2518 3929 2824 4006 διεῤῥύηκε.
2881 3930 2980 3984 Καὶ
3022 3934 3190 3983 ταῦτα
3243 3930 3338 4000 μὲν
3390 3928 3455 3984 ἐνη
3497 3938 3744 3992 τούτοιςο

2107 4023 2271 4093 ἡμεῖς
2323 4018 2379 4075 δὲ
2426 4018 2579 4081 αὖθις
2629 4018 2717 4072 ἐπὶ
2764 4020 2861 4086 τήν
2914 4018 3021 4072 τῶν
3075 4016 3459 4072 ἀποστολικῶν
3506 4017 3742 4094 Πρᾶξεων

2108 4113 2209 4180 τὴν
2239 4116 2337 4178 τῆς
2375 4108 2615 4183 ἱστορίας
2650 4107 2829 4182 ῥύμην
2862 4107 3164 4179 ἀνάγωμεν.

354 4198 419 4251 Ei
443 4214 614 4269 porro
643 4199 917 4254 successit
948 4199 1283 4255 Gamalielis
1315 4200 1471 4254 ﬁlius
1500 4202 1690 4268 Jesus,
1729 4200 1864 4255 huic
1896 4202 2140 4256 Mathias
2168 4200 2471 4269 TheOphili
2495 4198 2653 4253 ﬁlius
2687 4214 2702 4252 :
2738 4198 2845 4252 sub
2876 4214 3011 4266 quo,
3042 4203 3243 4251 octavo
3266 4196 3495 4251 Claudii
3517 4198 3758 4254 Caesaris

352 4303 528 4353 anno,
561 4285 780 4341 bellum
812 4299 1012 4343 contra
1035 4289 1325 4345 Romanos
1346 4294 1708 4358 susceptum,
1741 4289 1970 4343 initium
2008 4289 2231 4344 habuit.
2256 4288 2588 4343 Postremus
2610 4286 2874 4341 omnium
2911 4284 3181 4339 Phinaeus
3197 4283 3325 4349 fuit,
3349 4285 3460 4339 sub
3481 4302 3598 4356 quo
3625 4289 3760 4341 urbs

352 4375 661 4450 templum,
683 4383 739 4432 et
767 4393 906 4449 gens
936 4385 1147 4434 cuncta
1176 4395 1211 4434 a
1231 4378 1361 4433 Tito
1390 4383 1580 4449 capta,
1612 4394 1933 4449 omnesque
1965 4383 2021 4435 et
2051 4379 2252 4450 templi
2293 4383 2350 4432 et
2407 4377 2546 4447 legis
2605 4393 2698 4430 res
2750 4390 2983 4446 prorsus
3041 4375 3339 4429 exstincta:
3396 4381 3758 4432 corruerunt.

350 4468 536 4539 Atque
566 4467 687 4521 haec
719 4466 952 4538 quidem
977 4467 1062 4525 sic
1082 4483 1145 4523 se
1175 4468 1408 4524 habent.
1442 4467 1558 4524 Nos
1587 4484 1721 4525 vero
1752 4469 1826 4524 ad
1855 4468 2308 4540 apostolicarum
2334 4483 2524 4522 rerum
2562 4466 2862 4520 historiam
2912 4479 2979 4519 ex
3016 4463 3361 4519 diverticulo
3414 4465 3762 4523 redeamus.

420 4645 469 4682 ³⁸
490 4648 625 4704 Act.
657 4663 827 4713 xxiii,
857 4647 916 4703 3.

424 4838 499 4909 (1)
528 4837 698 4909 Apud
743 4836 889 4893 alios
936 4835 1112 4909 Onias
1164 4834 1274 4890 iste
1322 4851 1437 4890 non
1483 4836 1837 4902 reoensetur,
1897 4834 1995 4888 sed
2033 4839 2077 4902 ι)
2109 4832 2302 4909 scidit.

354 4908 635 4965 Manassw
656 4910 858 4964 Simon
890 4908 1287 4964 substituitur.

420 4980 503 5054 (2)
534 4982 641 5054 Hic
670 4981 843 5054 etiam
874 4983 1048 5054 Jason
1081 4980 1289 5054 dictus).
1342 4976 1486 5054 Huic
1543 4976 1865 5054 Antiochus
1903 4993 1998 5054 sa-

349 5048 672 5108 cerdotium
703 5052 967 5119 abstulit,
1000 5056 1057 5106 et
1077 5052 1131 5105 id
1164 5050 1346 5119 Onim,
1378 5049 1475 5118 qui
1506 5056 1562 5103 et
1592 5048 1886 5104 Menelaus
1917 5048 1998 5102 di-

353 5131 504 5191 ctus,
527 5124 832 5179 concessit.
866 5122 1027 5178 Unde
1075 5123 1281 5177 seditio
1335 5126 1511 5186 mota,
1564 5125 1804 5190 propter
1835 5120 1999 5174 laso-

354 5211 488 5251 nem
519 5203 577 5252 et
609 5195 930 5250 Menelaum
966 5197 1191 5249 fratres.

428 5268 506 5339 (3)
545 5267 804 5323 Alcimus
857 5284 889 5320 a
939 5267 1103 5338 Lysia
1145 5279 1414 5320 summus
1460 5261 1724 5317 sacerdos
1782 5261 1997 5316 consti-

350 5342 536 5395 tutus.

556 5410 803 5493 Pacorus
843 5408 1192 5490 Parthorum.
1240 5423 1350 5488 rex.
1380 5404 1592 5488 Judzris
1642 5403 1858 5486 bellum
1910 5404 2001 5459 in-

430 5498 477 5535 ιι
528 5484 890 5535 :Antiaonus
921 5497 954 5535 a
1001 5479 1253 5535 Parthis.
1302 5482 1470 5533 Victis
1518 5482 1573 5530 et
1621 5481 1803 5535 cantus
1845 5476 2001 5531 Pha-

361 5476 540 5537 diiit:
574 5481 890 5553 Antigonus
921 5497 954 5535 a
1001 5479 1253 5544 Parthis,
1302 5477 1470 5553 victis
1518 5477 1803 5553 etncaptis
1845 5476 2005 5553 Pba-f

362 5555 485 5609 selo
534 5558 590 5607 et
633 5546 917 5623 Hy'rcano,
959 5568 1055 5607 rex
1119 5551 1511 5623 constituitur.
1565 5546 1841 5603 Phaselus
1889 5547 2001 5603 sibi

362 5628 611 5681 mortem
638 5622 939 5681 conscivit.
987 5623 1313 5696 Antigonus
1358 5622 1618 5693 Hyrcano
1665 5635 1833 5676 aures
1858 5636 2003 5692 prs:-

2181 4832 2302 4887 idit.
2325 4831 2655 4958 SHegesipp.
2689 4830 2790 4885 lib.
2824 4846 2878 4897 1;
2907 4829 3142 4901 Joseph.
3195 4831 3298 4887 lib.
3329 4848 3446 4901 xxv,
3487 4848 3619 4905 cap.
3649 4833 3761 4902 24.)

2181 4905 2258 4974 (5)
2290 4908 2330 4958 A
2362 4905 2396 4957 ii
2431 4904 2670 4965 habent.
2703 4903 2913 4958 Sabelis
2933 4903 3016 4972 ﬁl.

2181 4945 2257 5046 26)
2290 4978 2567 5047 Ananum
2593 4945 2872 5047 Cyrenius
2903 4945 3198 5028 s'ummum
3231 4974 3561 5045 pontiﬁcem
3589 4991 3760 5030 cons-

2114 5047 2321 5101 stituit.
2356 5046 2613 5117 (Joseph.
2646 5046 2751 5117 lib.
2783 5061 2945 5114 xvni,
2977 5062 3100 5117 capp.
3132 5047 3211 5117 5).

2184 5118 2261 5188 (7)
2295 5116 2594 5173 [smnelem
2628 5116 2759 5172 Jabi
2802 5117 3009 5183 ﬁlium,
3044 5116 3310 5172 Valerius
3333 5116 3544 5174 Gratus
3567 5119 3762 5172 Anano

2112 5194 2304 5245 amoto
2333 5189 2661 5259 pontiﬁcem
2694 5188 2929 5259 creavit,
2965 5198 3019 5241 ut
3048 5206 3225 5259 supra
3275 5189 3373 5244 lib.
3425 5206 3462 5256 1,
3515 5205 3645 5259 cap.
3676 5188 3761 5242 29.

2185 5260 2262 5331 (8)
2303 5258 2405 5315 Sed
2460 5277 2574 5313 non
2653 5258 3042 5331 pontiﬁcatus,
3085 5260 3264 5331 hujus
3307 5258 3599 5331 tempore.
3623 5259 3762 5319 Nam

2111 5329 2208 5388 hic
2237 5333 2294 5385 in
2317 5350 2535 5387 annum
2568 5348 2602 5386 a
2630 5330 2841 5387 Christi
2870 5329 3177 5387 nativitatis
3207 5332 3280 5385 22
3326 5329 3551 5387 incidit.
3601 5335 3764 5387 Anno

2155 5420 2285 5458 orro
2316 5403 2523 5458 Christi
2556 5402 2633 5475 337
2655 5402 2809 5475 idem
2859 5402 3104 5474 Caiphae
3154 5403 3408 5475 pontifex
3449 5402 3579 5473 fuit,
3634 5419 3763 5460 cum

2155 5420 2285 5458 orro
2316 5420 2523 5458 UDI‘IStI
2556 5420 2625 5457 ea
2655 5420 2809 5457 idem
2859 5420 2877 5457 l

2114 5420 2381 5531 Christus
2406 5492 2505 5546 pro
2545 5474 2734 5541 nobis,
2765 5478 2877 5546 etc.

2187 5546 2263 5618 (9)
2296 5543 2636 5619 Pro'Anano
2695 5546 2757 5602 in
2813 5544 3027 5617 Evang.
3077 5543 3294 5618 legitur
3331 5547 3542 5619 Annus,
3594 5550 3656 5603 et
3706 5547 3765 5604 in

2117 5619 2245 5675 Act.
2279 5622 2467 5692 apost.
2505 5618 2787 5676 Απαηὶαε.
