3950 6214
182 362 277 423 765
1135 354 1757 419 ECCLESIASTlC/E
1801 353 2189 417 HISTORIAE
2234 354 2382 417 LIB.
2428 355 2503 416 Il.
3396 359 3516 421 766
3566 348 3585 391 ’ί

740 494 996 549 ΚΕΦΑΛ.
1039 491 1115 546 E'.
1780 490 1835 556 Α

1780 490 1835 556 Α
2430 488 2606 548 I89
2634 490 2868 547 CAPUT
2898 491 2960 548 ν.

178 582 302 656 Περὶ
375 580 691 657 Στεφάνου
772 584 906 657 τοῦ.
972 578 1572 657 πρωτομάρτυρος,
1643 575 1738 632 καί

2029 583 2112 634 De
2133 579 2409 653 Stephano
2438 580 2619 657 primo
2643 591 2907 654 martyre,
2939 589 2994 637 et
3022 583 3197 639 Paulo
3228 599 3351 638 vase

332 649 569 708 Παύλὸυ
607 656 719 707 τοῦ
758 649 1034 712 σκεύους
1072 649 1486 726 τῆςὲκλογῆ
1507 672 1550 713 ς.

1277 672 1303 705 κ.
1316 650 1349 706 λ
1364 670 1392 703 ο
1406 672 1441 726 γ
1454 655 1486 718 ἧ
1507 672 1550 713 ς.
2223 649 2237 653 ⁷
2439 649 2451 653 ’
2538 649 2837 709 electionis.

229 763 444 837 Στεφάνῳ
484 759 707 830 πλείστη
754 760 917 835 χάρις
969 764 1068 815 τοῦ
1116 758 1430 833 Πνεύματος
1474 758 1561 827 ἦν,
1605 754 1755 813 πολ-

1954 755 2228 827 Stephano
2260 755 2514 828 plurima
2543 757 2794 829 Spiritus
2824 758 3012 831 gratia
3039 763 3181 827 erat,
3215 759 3514 832 multaque

178 852 261 905 λῶν
302 871 348 904 τε
392 851 677 925 αὐτουργὸς
727 848 932 924 ἐγένετο
979 848 1297 923 τεραστίων.
1351 848 1499 903 Ἐπεί
1560 844 1615 901 δὲ
1662 846 1738 901 καῖ

1962 844 2230 918 prodigia
2276 846 2484 901 edebat
2534 863 2547 901 :
2603 855 2655 900 et
2709 864 2839 902 cum
2890 847 3214 918 eloquentia
3259 848 3512 904 multum

176 942 312 1015 λόγου
354 936 555 1012 δυνάμει
607 943 818 1013 κρατῶν
881 935 1220 1013 δημηγορῶν
1272 937 1370 991 οὐκ
1417 937 1578 1001 ἀνίει,
1630 935 1736 990 πεί-

1957 938 2095 1004 eret,
2128 935 2572 1007 concionarique
2602 953 2719 992 non
2763 944 3036 1007 cessaret,
3069 938 3343 994 omnibus
3376 939 3512 994 Ser-

173 1030 253 1082 θων
288 1027 463 1089 πάντας
511 1022 681 1083 σέϐειν
731 1028 823 1083 τὸν
865 1031 1098 1102 Σωτῆρα
1142 1027 1232 1081 καὶ
1272 1026 1503 1100 Κύριον·
1538 1025 1727 1096 ἐξάπτε

1951 1023 2076 1078 :oris
2125 1027 2180 1078 et
2211 1024 2448 1081 Domini
2498 1024 2723 1082 cultum
2774 1029 3051 1094 suadens,
3085 1029 3276 1084 furore
3326 1028 3511 1083 Judaei

175 1118 244 1189 μὲν
282 1115 348 1177 εἷς
404 1115 587 1189 μανίαν
637 1118 698 1172 τὸ
746 1113 1077 1172 Ἰουδαϊκόν·
1127 1115 1215 1170 καὶ
1275 1116 1526 1191 ἀφθόνοις
1575 1112 1735 1168 λίθοιι

1954 1113 2286 1169 :enduntur.
2318 1116 2362 1169 A
2411 1115 2623 1187 quibus
2672 1116 2894 1187 ingenti
2930 1116 2983 1171 vi
3027 1117 3292 1189 lapidum
3337 1118 3514 1173 obru—

176 1208 266 1278 mp‘
309 1204 503 1260 ἐκείνων
562 1206 810 1281 βληθείς,
858 1207 1076 1281 πρῶτος
1159 1205 1248 1259 τὸν
1323 1204 1455 1278 ὑπὲρ
1513 1206 1736 1277 Χριστοῐ

1953 1219 1978 1269 ι,
2011 1201 2237 1271 primus
2291 1203 2416 1275 ipse
2465 1220 2566 1276 pro
2611 1204 2840 1261 Christo
2891 1209 3175 1272 mortuus,
3230 1203 3513 1281 στέφανον,

177 1292 405 1364 ἀνεδήσατο
478 1295 756 1372 στέφανον.
820 1297 935 1351 Ἔτι
1005 1292 1052 1349 δ’
1110 1293 1203 1348 οὖν
1270 1291 1539 1366 ἐμπνέων,
1620 1289 1737 1366 δόξῃ

1949 1308 1969 1346 3
2029 1300 2111 1349 est
2165 1309 2440 1350 coronam
2490 1297 2733 1367 accepit.
2784 1297 3070 1352 Caeterum
3137 1311 3269 1352 cum
3319 1297 3509 1353 adhuc

177 1383 254 1453 Θείᾳ
308 1384 702 1460 καταυγασθεὶς,
781 1379 1146 1459 διερῥωγὸτας
1219 1383 1316 1453 μὲν
1400 1382 1541 1455 ἑώρα
1626 1379 1737 1439 τοὺς

1946 1387 2125 1452 :raret,
2156 1383 2353 1438 divina
2399 1383 2729 1441 illustratus
2773 1386 2978 1457 gloria,
3030 1385 3208 1444 cmlos
3256 1393 3506 1458 apertos,

176 1470 396 1544 οὖρανους,
452 1474 540 1528 τὸν
599 1469 656 1527 δὲ
709 1479 942 1545 Σωτῆρα
996 1471 1048 1541 ἐξ
1106 1468 1295 1541 δεξιῶν
1338 1471 1542 1525 ἑστῶτα
1592 1474 1736 1526 Θεοῦη

1953 1471 2301 1529 Servatorem
2339 1475 2408 1529 ad
2443 1476 2705 1532 dextram
2740 1476 2835 1532 Dei
2866 1481 3140 1543 stantem,
3172 1492 3353 1549 seque
3385 1494 3513 1533 con-

170 1560 505 1635 ἐπιρῥωννύντα
561 1559 724 1631 δῆθεν
774 1560 958 1621 αὐτόν.
1010 1566 1253 1623 Ἐκεῖνος
1310 1557 1387 1628 δὲ,
1437 1558 1542 1633 ὅλῃ
1592 1562 1730 1634 ψυχῇ

1951 1566 2192 1619 nantem
2223 1564 2385 1620 vidit.
2419 1564 2619 1638 Itaque
2650 1566 2775 1638 ipse
2798 1567 3000 1622 anima
3026 1570 3147 1623 tota
3176 1567 3248 1623 ad
3280 1567 3511 1623 deside—

170 1650 267 1722 πρὸς
290 1651 366 1704 τὸν
411 1651 750 1723 ποθούμενον
798 1645 1116 1718 διαϐαίνων,
1143 1649 1277 1723 ὑπὲρ
1320 1653 1426 1703 τῶν
1478 1652 1730 1725 φονευτῶι

1953 1667 2049 1706 um
2093 1651 2257 1709 illum
2309 1652 2618 1720 anhelans,
2644 1672 2747 1728 pro
2789 1656 3232 1726 percussoribus
3269 1656 3417 1723 suis,
3442 1673 3513 1712 ne

168 1735 344 1813 ηὔχετο,
376 1742 505 1810 μήτι
541 1742 643 1809 τήν
691 1736 976 1813 ἁμαρτάδα
1021 1739 1229 1793 τούτων
1264 1736 1315 1792 ἐν
1362 1736 1513 1811 λόγῳ
1559 1741 1728 1791 ποιεῖ-

1955 1757 2060 1796 υω
2112 1747 2347 1812 peccata
2381 1744 2530 1798 Deus
2558 1744 2612 1799 in
2664 1744 2948 1803 rationem
2975 1743 3236 1815 aliquam
3265 1760 3515 1817 compu—

166 1830 451 1886 σθαι-Θεόν.
491 1835 547 1887 Ὁ
609 1831 707 1902 μὲν
765 1830 857 1885 οὖν
913 1829 1058 1885 οὕτω
1116 1823 1349 1884 διέϐαινε
1406 1829 1543 1903 πρὸς
1593 1828 1720 1882 Θεόν

166 1925 198 1937 II
252 1918 263 1937 Ι
436 1917 477 1937 θ’
513 1919 526 1937 9
626 1921 689 1937 ~n
860 1919 873 1937 ἱ
1025 1918 1037 1937 Ι
1203 1916 1226 1937 ᾗ
1414 1922 1441 1933 η
1566 1918 1579 1932 \
1696 1916 1708 1934 ’

1954 1834 2026 1890 et.
2059 1846 2253 1899 orans,
2284 1830 2363 1886 ita
2410 1833 2482 1887 ad
2520 1837 2697 1888 Deum
2741 1832 3033 1904 migravit.
3082 1832 3336 1889 Maxima
3382 1849 3514 1889 vero

166 1918 382 1992 Μιγίστου
433 1917 477 1973 δ’
508 1919 746 1975 ἐντεῦθεν
788 1919 876 1975 καὶ
925 1918 1149 1995 πρώτου
1199 1916 1446 1991 διωγμοῦ
1484 1918 1619 1991 πρὸς
1650 1916 1716 1970 αὐ

1953 1919 2000 1975 le
2033 1928 2089 1976 et
2135 1922 2319 1992 prima
2351 1938 2383 1976 a
2412 1921 2632 1978 Judais
2683 1922 2950 1979 Ecclesiae
2982 1922 3513 1993 Hierosolymitanas

162 2012 240 2061 τῶν
271 2006 526 2066 Ἰουδαίων
586 2010 722 2065 κατὰ
767 2016 866 2079 τῆς
924 2007 978 2064 ἐν
1035 2007 1445 2082 Ἱεροσολύμοις
1502 2005 1722 2076 Ἐκκλη·

1959 2014 2058 2065 »ι-ῑιι
2088 2014 2177 2066 est
2205 2011 2552 2082 persecutio.
2586 2016 2757 2067 Porro
2804 2011 3074 2083 discipuli
3104 2028 3328 2081 omnes,
3358 2015 3519 2068 extra

160 2098 246 2161 σίας
285 2101 663 2178 γεγενημένου,
704 2100 793 2155 καὶ
841 2104 949 2156 τῶν
998 2102 1254 2172 μαθητῶν
1306 2099 1550 2152 ἁπάντων
1598 2096 1715 2165 πλή

1961 2099 2167 2156 κὶθοὶω
2203 2099 2361 2168 illos,
2398 2118 2506 2173 per
2531 2101 2801 2158 Judasam
2832 2106 2889 2159 et
2917 2102 3244 2158 Samariam
3275 2101 3521 2173 dispersi

160 2192 239 2241 τῶν
271 2186 461 2244 δώδεκα
492 2189 588 2244 ἀνα
615 2211 676 2245 τε
712 2190 809 2258 τὴν
845 2186 1109 2246 Ἰουδαίαν
1157 2189 1247 2243 καὶ
1292 2188 1391 2255 τὴν
1443 2186 1718 2259 Σαμάρεια

1959 2194 2018 2244 rt.
2052 2189 2297 2254 Quidam
2337 2190 2512 2247 etiam
2564 2207 2768 2248 eorum
2817 2192 2886 2248 ad
2936 2191 3290 2260 thnicem,
3326 2196 3385 2249 et
3409 2191 3519 2265 Cy:

158 2272 524 2352 διασπαρέντων,
583 2280 729 2340 τινὲς
775 2278 982 2333 τοότων
1038 2276 1128 2332 καὶ
1183 2274 1288 2337 ἕως
1345 2274 1609 2343 Φοινίκης
1657 2295 1718 2328 κα

1960 2294 2049 2346 ιη),
2081 2286 2135 2334 el
2163 2279 2530 2336 Antiochiam
2559 2297 2743 2352 usque
2773 2296 3106 2353 pervenere.
3140 2279 3401 2336 nondum
3432 2264 3520 2335 illi

159 2366 331 2437 Κύπρου
369 2367 453 2421 καὶ
495 2366 841 2441 Ἀντιοχείας
887 2368 1040 2437 ἧκον,
1091 2361 1245 2419 οὔπω
1292 2363 1385 2437 μὲν
1429 2362 1718 2435 τολμῶντε

1958 2367 2133 2423 itibus
2165 2368 2313 2439 ipsis
2346 2369 2474 2424 fidei
2509 2369 2748 2425 verbum
2780 2371 3215 2427 communicare
3244 2368 3389 2435 ausi,
3423 2387 3518 2425 so-

156 2458 242 2515 τοῖς
266 2452 420 2510 ἔθνεσι
463 2459 562 2511 τοῦ
610 2458 711 2520 τῆς
756 2454 987 2517 πίστεως
1025 2453 1193 2530 λόγου
1230 2448 1571 2527 μεταδιδόναι
1595 2467 1609 2480 ⁸
1646 2452 1716 2523 μό

1953 2471 2049 2526 lue
2070 2458 2299 2510 tantum
2321 2454 2542 2512 Judmis
2574 2457 2630 2512 id
2658 2458 3095 2514 annuntiantes.
3120 2457 3270 2513 Tum
3295 2456 3513 2513 Paulus

156 2562 240 2604 νοις
272 2564 327 2617 γε
369 2545 475 2616 μὴν
508 2541 800 2605 Ἰουδαίοις
842 2547 1033 2599 τοῦτον
1084 2539 1451 2619 κατήγγελον.
1483 2536 1716 2610 Τηνικάδ

1953 2561 2115 2618 nque,
2147 2546 2329 2601 Tarso
2373 2545 2605 2603 civitate
2649 2553 2833 2616 ortus,
2873 2565 3005 2604 cum
3057 2548 3117 2603 in
3161 2548 3288 2620 lege
3326 2547 3513 2618 patria

158 2632 224 2683 καὶ
272 2631 468 2695 Παῦλος
528 2632 589 2688 ἐκ
645 2633 853 2708 Ταρσοῦ
905 2634 1000 2707 μὲν
1026 2639 1126 2703 τῆς
1157 2629 1372 2694 ’πόλεως
1405 2627 1505 2700 ὢν,
1529 2632 1610 2700 τῷ
1638 2649 1718 2682 πα

1954 2634 2206 2690 ιατίεωυε
2264 2635 2419 2690 enim
2479 2638 2626 2711 erat)
2684 2644 2949 2693 accurate
3012 2644 3068 2693 et
3125 2638 3433 2711 diligenter
3481 2655 3514 2694 a

155 2722 258 2792 τρίῳ
297 2720 348 2777 δὲ
398 2723 578 2796 νόμῳ,
610 2728 912 2798 Φαρισαῖος
964 2722 1067 2800 γὰρ
1124 2723 1214 2792 ἦν,
1271 2722 1375 2777 ὑπὸ
1432 2718 1715 2775 διδασκάλι

1954 2729 2208 2796 eceptore
2253 2725 2569 2782 Gamaliele
2615 2727 2876 2782 eruditus
2925 2732 3100 2795 esset,
3142 2727 3514 2785 aamulatione

158 2810 397 2880 Γαμαλιήλ
453 2811 506 2873 ἐς
562 2808 842 2888 ἀκρίϐειαν
900 2810 1225 2879 παιδευθεὶς,
1274 2812 1365 2866 καὶ
1408 2814 1487 2883 τῷ
1533 2813 1718 2882 νομικί

1950 2815 2004 2870 is
2037 2814 2311 2884 flagrans,
2344 2830 2587 2886 eamque
2618 2817 2933 2888 apostolico
2976 2820 3160 2871 marte
3190 2816 3510 2871 admodum

155 2897 275 2972 ζήλῳ
317 2900 719 2976 διακαιόμενος,
755 2902 896 2977 ὁρῶν
934 2907 1129 2957 τοῦτον
1178 2898 1288 2971 ἤδη
1335 2905 1458 2962 ταῖς
1505 2900 1711 2955 ἀποστο

1951 2902 2090 2959 ιουιὶ
2116 2902 2344 2967 videns,
2371 2903 2623 2958 multum
2656 2905 2991 2961 detrimenti
3011 2903 3284 2963 Ecclesiis
3315 2903 3511 2962 affere-

156 2986 296 3050 λικαῖς
372 2992 789 3064 καταπιόμενον
871 2986 1163 3061 ἐμϐολαῖς,
1240 2990 1340 3058 τὴν
1425 2986 1716 3058 Ἐκκλησία

1951 3011 1976 3050 ι.
2008 2992 2088 3048 Ac
2135 2992 2391 3063 primum
2450 2993 2684 3063 quidem
2739 2995 2912 3050 casdis
2966 2993 3246 3066 Stephani
3302 3003 3511 3050 suasor

154 3076 355 3151 σφοδρῶς
399 3079 749 3154 ἐλυμαίνετο.
778 3080 875 3134 Καὶ
926 3077 992 3147 δὴ
1047 3084 1235 3153 πρῶτα
1287 3079 1381 3151 μὶν
1432 3083 1501 3152 τῇ
1534 3079 1714 3151 ἀναιρέ

1946 3086 2004 3147 ιι,
2036 3096 2360 3152 eorumque
2408 3086 2618 3143 vestes,
2651 3082 2749 3154 qui
2799 3082 3017 3153 lapides
3066 3082 3125 3138 in
3167 3082 3334 3139 illum
3359 3083 3506 3153 jeoe-

154 3185 212 3219 σει
253 3171 508 3246 Στεφάνου
560 3163 879 3241 σύμϐουλος
929 3164 1027 3232 ὢν,
1076 3169 1143 3224 τὰ
1189 3172 1296 3223 τῶν
1344 3166 1522 3228 λίθοις
1586 3166 1714 3221 αὐτὸ

1956 3175 2011 3237 ιι,
2041 3172 2384 3225 servaverat.
2419 3168 2639 3224 Deinde
2690 3169 2746 3225 in
2790 3170 2995 3225 domos
3034 3170 3295 3226 ﬁdelium
3328 3170 3516 3243 impc-

152 3253 387 3327 βαλόντων
416 3258 613 3331 ἱμάτια
646 3255 921 3330 διετήρει·
952 3263 1070 3319 τοῖς
1100 3256 1272 3316 οἷ’κοις
1305 3253 1361 3311 δὲ
1407 3261 1516 3312 τῶν
1545 3260 1712 3310 πιστᾶλ

1960 3276 2010 3327 n,
2043 3266 2326 3329 tanquam
2359 3259 2611 3328 agrestis
2662 3260 2952 3330 quaepiam
2983 3265 3039 3314 et
3069 3259 3347 3315 immanis
3378 3238 3520 3329 fera,

152 3342 497 3419 προσϐάλλων,
532 3348 625 3402 οἷά
685 3367 768 3407 τις
827 3347 929 3418 θὴρ
987 3346 1141 3419 ὠμός
1193 3366 1251 3400 τε
1305 3345 1394 3401 ταὶ
1424 3343 1631 3421 ἄγριος,
1664 3343 1712 3398 (ix

1968 3349 2111 3413 iens,
2141 3347 2291 3403 viros
2321 3347 2497 3403 simul
2528 3352 2586 3403 et
2627 3347 2871 3404 feminas
2900 3349 3126 3404 vinctas
3156 3348 3443 3416 trahebat,
3472 3363 3528 3413 et

152 3429 249 3506 δρας
304 3457 357 3491 τε
413 3436 500 3490 καὶ
558 3439 815 3510 γυναῖκας
881 3434 1057 3504 εἷλκε,
1115 3436 1203 3489 καὶ
1271 3433 1518 3512 φυλακῆς
1582 3433 1712 3488 οἷ’κω

1961 3452 2251 3492 carcerem
2306 3436 2674 3508 conjiciebat.
2707 3437 2814 3492 Sed
2865 3437 2918 3492 is
2950 3440 3171 3508 postea,
3202 3436 3389 3492 serius
3415 3436 3521 3492 ali-

150 3522 420 3595 παρεδίδου,
452 3525 552 3580 κᾶν
605 3525 660 3587 ἐς
704 3525 923 3602 ὕστερον
975 3525 1075 3600 ὀψέ
1120 3545 1252 3580 ποτε
1302 3521 1551 3601 σφοδρῶς
1599 3523 1710 3578 ἐπαι

1964 3528 2119 3591 anto,
2152 3524 2419 3597 ingentes
2447 3526 2763 3581 admodum
2800 3524 2987 3581 minas
3018 3525 3272 3597 spirans,
3304 3525 3524 3595 episto-

149 3612 296 3684 γίζων,
351 3614 651 3677 ἐπιστολὰς
710 3616 846 3691 πρὸς
900 3619 1006 3670 τῶν
1084 3615 1272 3689 ἱερέων
1348 3613 1514 3669 αἶ’τῶν
1580 3611 1709 3667 ἅδειι

1962 3630 2075 3685 que
2095 3630 2126 3667 a
2158 3614 2578 3675 sacerdotibus,
2603 3614 2839 3684 impune
2870 3614 2919 3668 ei
2960 3615 3079 3669 fore
3108 3614 3395 3685 quidquid
3419 3613 3520 3669 ad-

150 3702 291 3776 τούτῳ
334 3706 677 3783 ἐπαφιείσας,
723 3705 786 3759 τὸ
831 3705 967 3779 πρὸς
1021 3702 1227 3778 βουλῆς
1272 3704 1436 3757 κακὸν
1474 3708 1541 3775 τῇ
1573 3701 1625 3756 ἐν
1656 3711 1710 3756 A:

1964 3701 2040 3769 si,
2072 3702 2311 3757 arbitrio
2341 3719 2468 3768 suo,
2500 3702 2557 3756 in
2592 3702 2909 3758 Ecclesiam
2945 3702 3364 3758 Damascenam
3397 3717 3524 3757 con-

156 3797 310 3862 μασκῷ
356 3792 668 3865 Ἐκκλησία
744 3790 1202 3865 διαπράττεσθαι·
1261 3791 1494 3864 ἐκλογῆς
1571 3795 1716 3843 σκεῦι

1963 3790 2125 3855 isset,
2159 3792 2387 3860 petens,
2414 3790 2725 3845 Electionis
2757 3807 2878 3858 vas,
2913 3806 3026 3845 non
3058 3807 3125 3846 ex
3161 3789 3521 3861 hominibus,

154 3878 231 3933 οὐκ
339 3882 665 3957 ἀνθρώπων,
698 3880 825 3937 οόδέ
871 3879 942 3936 δι’
972 3882 1293 3955 ἀνθρώπων,
1324 3878 1472 3935 ἀλλὰ
1515 3877 1583 3933 δι’
1618 3880 1714 3933 ἀπε

1956 3894 2061 3950 que
2112 3895 2215 3948 per
2281 3878 2570 3946 homines,
2620 3879 2724 3935 sed
2773 3895 2874 3949 per
2920 3879 3327 3936 revelationem
3382 3879 3516 3936 Jesu

152 3966 396 4043 καλύψεως
455 3974 644 4043 Ἰησοῦ
702 3975 968 4047 Χριστοῦ,
1026 3972 1115 4026 καὶ
1184 3974 1317 4025 Θεοῦ
1377 3969 1604 4043 Πατρός,
1664 3988 1712 4021 τι

1962 3966 2083 4022 risti
2126 3965 2294 4022 I40
2322 3970 2379 4022 et
2417 3968 2516 4022 Dei
2570 3967 2779 4033 Patris,
2812 3969 2909 4039 qui
2958 3967 3124 4023 illum
3162 3985 3229 4023 ex
3277 3969 3522 4025 mortuis

150 4055 415 4134 ἐγείραντος
469 4063 638 4119 αὐτὸν
699 4062 759 4116 ἐκ
818 4067 1043 4134 νεκρῶν,
1090 4060 1178 4115 καὶ
1235 4057 1543 4121 ἀπόστολος
1604 4054 1704 4131 μέγ

1960 4055 2193 4124 scitavit,
2228 4055 2636 4126 maximusque
2664 4057 2972 4128 Apostolus
3004 4057 3364 4129 designatur,
3392 4073 3520 4114 cum

149 4166 245 4210 στος
272 4150 666 4220 ἀναδείκνυται,
701 4152 939 4227 οὐρανίῳ
979 4150 1120 4229 φωτῖ
1171 4152 1271 4219 τήν
1331 4146 1453 4221 ὄψιν
1504 4143 1709 4202 κατασῦ

1962 4146 2102 4201 idem
2154 4144 2374 4200 cmlesti
2425 4145 2645 4201 lumine
2691 4146 2840 4200 oculi
2873 4146 3001 4217 eius
3035 4147 3322 4217 perstricti
3351 4153 3522 4219 atque

146 4236 282 4308 σθεὲς,
303 4242 387 4295 καὶ
418 4245 582 4318 φωνῇ
612 4242 815 4295 ἐκεῖθεν
843 4238 1211 4308 ἀνελκυσθεὶς,
1241 4237 1483 4308 Σαοὺλ,
1519 4237 1690 4292 Σαοὺ

1962 4233 2167 4302 ςιὶοοιὶ,
2199 4237 2257 4289 et
2305 4249 2443 4289 voce
2490 4233 2717 4291 coalitus
2760 4235 2832 4290 ab
2885 4236 3154 4293 instituto
3186 4253 3291 4293 suo
3330 4242 3522 4294 retra-

147 4321 364 4402 λεγοόσῇ,
406 4330 470 4384 τί
515 4351 600 4402 με
647 4327 958 4396 διώκεις;
1006 4329 1089 4394 ὂς,
1131 4327 1378 4385 Ἀνανίου
1429 4327 1523 4389 τὰς
1576 4332 1707 4405 χεῖρη

1965 4340 2004 4378 ιε
2052 4331 2223 4391 esset,
2257 4322 2412 4391 Saul,
2444 4324 2599 4391 Saul,
2641 4322 2887 4393 dicente,
2919 4325 3052 4396 quid
3097 4344 3187 4382 me
3232 4343 3525 4399 peraeque-

144 4408 465 4481 ἐπιϐαλόντος
527 4418 608 4475 δι’
665 4416 1084 4492 ἀποκαλύψεως,
1119 4414 1253 4472 εἶδεν
1315 4416 1506 4479 αὖθις·
1549 4416 1640 4471 καὶ
1697 4438 1704 4450 ε

1984 4413 2082 4468 ²⁸ἳ
2109 4412 2235 4481 Hic,
2269 4428 2400 4468 cum
2453 4413 2505 4468 ei
2542 4412 2799 4469 Ananiae
2844 4431 2945 4485 per
2991 4432 3256 4473 arcanam
3303 4419 3523 4476 revela-

142 4498 264 4557 ἔνδον
313 4506 525 4578 μᾶλλον
599 4505 1007 4581 καταυγασθεὶς,
1041 4504 1231 4561 αὐτίκα
1291 4507 1410 4567 οἶος
1455 4507 1575 4561 καθ’
1603 4508 1702 4578 ἠμί

1961 4522 2089 4562 nem
2142 4522 2352 4562 manus
2400 4505 2794 4579 imposuisset,
2827 4508 3018 4565 visum
3066 4510 3315 4582 recipit:
3360 4517 3417 4567 et
3469 4513 3521 4564 in

142 4586 278 4662 ἔπνει,
306 4601 557 4661 τοιοῦτος
610 4597 743 4671 ὑπὲρ
801 4597 963 4670 ἡμῶν
1013 4596 1118 4665 ἦν*
1178 4596 1252 4658 ὡς
1306 4595 1540 4671 τάχιστα
1596 4616 1702 4651 παν

1962 4597 2068 4651 imo
2101 4611 2209 4651 suo
2230 4597 2401 4668 longe
2430 4596 2603 4653 etiam
2629 4596 2815 4671 magis
2846 4596 3194 4668 illustratus,
3217 4600 3522 4656 confestim

139 4684 201 4749 τῷ
246 4687 611 4763 προστυχόντι
665 4688 930 4760 παριστᾷν
1007 4680 1156 4763 ἔχειν
1223 4683 1286 4740 ἔκ
1338 4689 1450 4740 τῶν
1511 4688 1699 4761 Γραφῶ

1962 4700 2050 4740 am
2118 4689 2291 4740 antea
2349 4689 2555 4742 contra
2598 4702 2705 4743 nos
2773 4688 3039 4745 ferociter
3087 4687 3365 4761 spirabat,
3404 4693 3522 4744 tam

143 4767 291 4843 ἀληθῆ
325 4777 450 4832 Θεὸν
482 4776 623 4832 εἶναι
656 4778 889 4849 Χριστόν
915 4794 929 4808 ο
962 4774 1017 4840 ἐς
1065 4778 1326 4831 τοσοῦτον
1364 4772 1423 4830 δὲ
1457 4780 1616 4849 μῖσος
1642 4794 1703 4829 το

1963 4773 2092 4829 riter
2136 4789 2241 4845 pro
2289 4773 2458 4829 nobis
2523 4781 2672 4830 stare
2720 4775 2942 4848 incipit,
2993 4777 3071 4831 ita
3118 4780 3185 4832 ut
3231 4777 3523 4832 celerrime

143 4859 409 4941 δμοτόλοις
438 4867 649 4935 ἑλθεῖν,
682 4871 800 4928 ταῖς
847 4870 953 4921 τῶν
1008 4863 1192 4940 λόγων
1245 4863 1572 4927 πλεκτάναις
1623 4862 1703 4939 ἅφε

1961 4864 2159 4921 mibus
2179 4865 2276 4935 qui
2309 4881 2435 4920 cum
2468 4882 2534 4922 eo
2567 4882 2893 4923 sermonem
2926 4871 3199 4935 sererent,
3223 4872 3521 4935 astrueret,

144 4967 241 5004 κτον
284 4954 466 5032 ἔχουσι
518 4957 623 5024 τήν
678 4954 1001 5031 ἀπολογίαν,
1052 4954 1125 5016 ὡς
1173 4956 1263 5010 καὶ
1304 4955 1482 5033 κρύφα
1531 4954 1704 5009 θάνατ‹

1965 4971 2053 5027 [ue
2085 4971 2150 5010 ex
2185 4954 2502 5026 Scripturis
2534 4957 2820 5027 probaret,
2852 4956 3146 5013 Christum
3164 4973 3365 5012 verum
3398 4974 3525 5012 esse

139 5039 260 5113 αὐτῷ
306 5044 603 5118 βούλεσθαι
653 5049 978 5119 σκαιωρεῖν’
1024 5041 1317 5120 ἐφήδρευόν
1375 5063 1433 5097 τε
1490 5047 1611 5103 ταῖς
1651 5062 1699 5096 π⁴

1962 5060 2083 5101 um.
2120 5044 2178 5099 In
2214 5047 2439 5099 tantam
2470 5048 2665 5101 autem
2715 5045 2865 5117 apud
2898 5044 3206 5116 populares
3235 5062 3391 5114 suos,
3424 5047 3522 5117 qui

142 5124 239 5192 λαις
286 5140 380 5201 τῆς
451 5134 683 5195 πόλεως
741 5136 1069 5206 Δαμασκοῦ·
1129 5129 1227 5187 κᾶν
1289 5132 1340 5187 οἱ
1402 5130 1638 5204 μαθηταὶ
1699 5153 1702 5164 ι

1981 5131 2350 5204 perplexibili
2389 5132 2648 5188 oratione
2696 5149 2989 5189 summam
3036 5138 3096 5190 et
3138 5132 3523 5190 inevitabilem

138 5210 285 5291 δρᾶμα
326 5218 705 5300 διεγνωκότες,
738 5223 979 5291 καθῆκαν
1029 5218 1120 5276 διὰ
1165 5224 1262 5276 τοῖ.»⁹
1310 5221 1533 5295 τείχους
1580 5216 1692 5295 χαλ

1966 5221 2277 5277 Γθηεὶοηοῐη
2342 5219 2726 5287 collocabant,
2777 5222 3036 5293 pervenit
3096 5221 3394 5290 invidiam,
3465 5233 3526 5278 ut

139 5324 287 5368 παντες
332 5310 381 5364 ἐν
429 5309 695 5385 σπυρίδιο
747 5312 807 5373 ὃς
854 5310 946 5365 καὶ
994 5310 1047 5365 ἐν
1078 5309 1492 5385 Ἱεροσολύμοις
1537 5311 1699 5383 γενόμ

1966 5328 1982 5365 r
2031 5312 2230 5368 dolum
2281 5309 2507 5366 occulte
2552 5313 2760 5366 caedem
2803 5312 2849 5365 ei
2902 5316 3214 5383 struerent,
3244 5330 3425 5385 eaque
3456 5314 3526 5369 de

135 5413 225 5465 νος,
252 5402 432 5469 πεῖραν
462 5406 765 5477 ζπροσῆγεν
815 5399 869 5464 ἐς
912 5399 1078 5454 ταυτὸ
1127 5399 1359 5455 συνιέναι
1408 5403 1526 5462 ταῖς
1583 5400 1690 5473 μαθ

1968 5418 2054 5456 ιειι
2093 5403 2161 5456 ad
2199 5403 2395 5472 portas
2426 5398 2675 5454 civitatis
2705 5400 2975 5457 Damasci
3005 5402 3064 5455 in
3096 5400 3328 5458 insidiis
3355 5419 3528 5459 excu-

133 5490 242 5545 τιῖς.
274 5489 436 5547 Δόλον
501 5487 550 5545 δ’
605 5491 797 5546 ἐκεῖνοι
847 5491 914 5545 τὰ
963 5486 1182 5545 Παύλου
1232 5491 1496 5564 οἰόμενοι,
1547 5488 1693 5566 ἐξετρ

1965 5495 2094 5546 -ent.
2146 5489 2258 5545 Sed
2311 5487 2468 5543 enim
2517 5489 2814 5561 discipuli,
2859 5492 3026 5544 tecua
3075 5505 3143 5545 ea
3194 5493 3444 5561 cognita,
3494 5510 3525 5549 e

190 5677 233 5713 ³⁵
258 5680 377 5741 Aet.
408 5701 498 5757 ιι,
524 5684 582 5741 4.
