3950 6214
443 362 562 423 767

454 589 678 661 solyma
728 591 1102 660 pervenisset,
1156 592 1617 665 periculumque,
1651 597 1715 649 ut
1760 593 1809 649 ei
1844 609 1973 648 cum
2005 594 2094 648 di-

452 679 694 751 scipulis
742 682 1047 736 convenire
1113 681 1328 745 liceret,
1381 683 1631 751 fecisset,
1701 682 2096 738 fraudulenter

450 785 584 823 eum
612 768 693 822 illi
726 785 896 839 agere
944 772 1241 825 credentes
1286 772 1721 839 aversabantur,
1749 788 1932 843 neque
1964 788 2089 842 per-

450 857 682 912 suaderi
730 864 1010 927 poterant,
1050 862 1250 915 eadem
1299 876 1430 915 eum
1480 877 1612 915 cum
1662 861 1803 932 ipsis
1851 862 2084 930 sentire,

450 946 615 1002 Certo
646 946 864 1018 quippe
906 948 1186 1017 sciebant,
1220 965 1393 1020 quam
1426 950 1703 1006 adversus
1735 949 1862 1005 illos
1896 950 2084 1019 fuerit,

450 1034 548 1105 qui
583 1035 757 1089 veluti
792 1035 983 1105 ignem
1016 1053 1255 1107 prorsus
1285 1047 1489 1093 contra
1519 1038 1802 1095 Ecclesiae
1831 1039 2083 1110 spirarit.

449 1125 529 1179 Ac
574 1123 685 1179 nisi
733 1124 1044 1195 Barnabas,
1080 1126 1270 1182 clarus
1319 1128 1376 1183 in
1430 1130 1800 1200 septuaginta
1852 1128 2087 1184 illorum

450 1212 701 1283 ascripto
744 1213 946 1269 ordine
994 1213 1098 1282 vir,
1144 1216 1399 1271 oratione
1447 1234 1571 1285 sua,
1603 1233 1739 1272 vera
1783 1234 1931 1284 esse,
1966 1235 2091 1289 quas

448 1300 546 1356 ille
588 1318 702 1373 prs
732 1318 795 1357 se
843 1303 1035 1370 ferret,
1068 1305 1489 1372 conﬁrmasset,
1524 1314 1579 1361 et
1625 1324 1747 1378 quae
1793 1306 1956 1362 illum
2010 1308 2089 1363 fa-

452 1391 698 1445 cientem
730 1391 987 1458 vidisset,
1022 1394 1361 1449 testificatus
1391 1401 1563 1464 esset,
1598 1413 1656 1451 re
1685 1396 1896 1451 infecta
1925 1397 2092 1451 abiis-

452 1482 558 1532 set.
590 1478 785 1547 Itaque
818 1478 1092 1535 Barnabas
1123 1497 1295 1536 suasu
1326 1481 1657 1538 admittitur
1689 1500 1701 1536 :
1734 1483 1833 1554 qui
1862 1483 2090 1551 deinde,

454 1567 653 1620 eadem
703 1583 828 1637 quae
874 1566 971 1622 alii
1021 1568 1257 1636 faciens,
1292 1569 1707 1643 Hierosolymis
1738 1572 2090 1641 disputabat,

452 1657 933 1726 argumentisque
953 1656 1246 1713 Christum
1280 1675 1472 1714 verum
1509 1664 1688 1714 Deum
1720 1676 1849 1716 esse
1881 1660 2091 1714 contir-

454 1742 670 1799 mabat.
703 1745 981 1801 Caeterum
1033 1763 1160 1802 cum
1191 1748 1521 1804 Hellenistas
1551 1750 1600 1804 ei
1634 1752 2092 1811 adversarentur,

1737 370 2156 432 NICEPHORI
2201 367 2555 431 CALLISTI

451 514 617 555 muro
664 514 797 556 eum
831 498 886 555 in
936 505 1132 571 sporta
1163 501 1538 558 demiserunt.
1573 503 1681 568 Qui
1730 519 1860 558 cum
1893 503 2087 559 Hiero-

2218 500 2369 555 τοντό
2448 520 2504 553 τε
2583 501 2670 554 καὶ

3724 366 3825 429 768

2757 500 2953 569 ἥκιστα
3027 503 3302 555 πείθεσθαι
3387 500 3563 573 εἶχον,
3622 497 3822 558 ἐκείνοις

2203 590 2489 666 ὁμόφρονα
2535 591 2877 658 καθεστάναι,
2927 586 3165 666 ἅκριϐὧς
3213 611 3271 666 γε
3322 587 3548 657 εἰδότες,
3583 589 3657 647 ὼς
3704 589 3825 642 cim-

2203 675 2398 734 ϐαίνων
2477 679 2567 747 ἦν,
2621 679 2713 733 καὶ
2790 684 2895 754 πῦρ
2975 682 3223 753 ἄντικρυς
3303 678 3478 733 πνέων
3542 677 3678 732 κατᾶ
3743 683 3823 744 τῆς

2202 766 2529 839 Ἐκκλησίας
2558 788 2569 800 ·
2604 767 2733 823 ὥστ’
2762 769 2807 823 εἷ
2863 771 2938 841 μὴ
2985 765 3259 844 Βαρνάϐας
3287 787 3299 798 ·
3352 766 3626 839 ἐπίσημος
3667 763 3723 821 δῖε
3750 768 3825 819 οὖα

2202 879 2296 919 τος
2327 861 2403 928 τῷ
2430 861 2537 912 τῶν
2581 858 2623 911 o'
2672 855 3094 934 κατειλεγμένος
3140 862 3294 932 χορῷ
3319 876 3331 889 ⁸
3366 858 3609 924 συνίστα,
3660 854 3825 928 λόγοις

2204 945 2387 1017 ἁληθῆ
2434 967 2496 1023 γε
2544 947 2674 1001 εἶναι
2723 947 2789 1002 τα
2834 949 2949 1001 κατ’
2976 948 3134 1002 αὑτὸν
3183 947 3407 1009 πείθων,
3442 946 3529 999 καὶ
3574 944 3676 999 ὅσα
3705 945 3827 1017 ἑώρα

2204 1036 2510 1110 πράττοντα
2575 1034 3097 1110 διαμαρτυρόμενος,
3146 1035 3241 1089 κᾶν
3310 1036 3458 1097 κενὸς
3514 1032 3827 1109 ἀπηλλάγη,

2205 1126 2330 1179 Νυνὶ
2370 1121 2426 1179 δὲ
2473 1125 2560 1179 καὶ
2612 1123 2950 1200 εἰσδέχεται·
2985 1124 3075 1179 καὶ
3118 1125 3183 1179 τὰ
3233 1122 3321 1178 ἴσα
3353 1125 3606 1197 πράττων
3636 1124 3705 1191 ἦν
3733 1128 3831 1182 τοῖς

2200 1216 2251 1268 ἐν
2306 1213 2712 1287 Ἱεροσολύμοις
2798 1211 3210 1288 διαλεγόμενος,
3289 1213 3380 1268 καὶ
3465 1212 3670 1267 πείθων
3754 1212 3828 1266 τὸν

2204 1305 2433 1378 Χριστὸν
2482 1300 2663 1372 ἀληθῆ
2715 1304 2844 1358 Θεὸν
2897 1303 3054 1357 εἶναι.
3088 1307 3203 1359 Τῶν
3249 1300 3297 1357 δ’
3344 1301 3725 1371 Ἑλληνιστῶν
3762 1300 3835 1355 άν-

2200 1392 2660 1458 τικαθισταμένων
2747 1390 2914 1465 αὐτῷ,
2989 1392 3077 1446 καὶ
3161 1397 3365 1447 κτεῖναι
3455 1389 3695 1464 μελέτην
3774 1388 3831 1458 δὴ

2201 1480 2546 1554 ποιουμένων
2595 1481 2687 1535 τὸν
2735 1479 2922 1556 ἄνδρα,
2954 1488 3055 1550 τῆς
3101 1482 3206 1535 άπὸ
3252 1485 3358 1534 τῶν
3410 1481 3674 1551 μαθητῶν
3722 1499 3833 1551 προ-

2205 1569 2430 1642 μηθείας
2479 1574 2689 1649 τυχὼν,
2731 1573 3020 1645 κατάγεται
3067 1570 3143 1632 είς
3196 1572 3551 1644 Καισάρειαν⁶
3605 1569 3719 1624 εἶτα
3768 1566 3833 1628 εἷς

2203 1661 2404 1732 Ταρσὸν
2508 1660 2912 1733 ἀναπέμπεται,
2998 1661 3096 1729 τὴν
3179 1657 3507 1728 Ἐκκλησίαν
3612 1656 3833 1729 ἐπαύξων

2206 1754 2466 1823 Χριστοῦ,
2539 1750 2628 1804 καὶ
2715 1750 3030 1822 προστιθεὶς
3110 1748 3191 1803 ἀεὶ
3272 1749 3398 1810 τοὺς
3487 1747 3834 1806 πιστεύοντας.

2998 1661 3096 1729 τὴν

453 1834 785 1905 eisdemque
830 1834 1054 1890 homini
1101 1836 1465 1905 molirentur,
1507 1838 1921 1908 discipulorum
1975 1857 2087 1907 pro-

2218 1837 2384 1894 Ἀλλᾶ
2412 1842 2579 1892 ταῦτα
2613 1838 2706 1907 μὲν
2736 1837 2975 1910 ὕστερον,

451 1924 709 1979 videntis
738 1923 1057 1981 Caesaream
1108 1927 1432 1984 deducitur.
1469 1929 1605 1983 Inde
1638 1947 1804 1999 porro
1852 1930 2098 1985 Tarsum
2134 1930 2409 1999 mittitur,
2442 1929 2654 1984 Christi
2708 1929 3022 1984 Ecclesium
3077 1930 3399 2002 adaugens,
3430 1937 3485 1984 et
3517 1928 3747 1999 aliquos
3765 1926 3835 1981 illi

462 2012 762 2068 credentes
794 2030 1020 2085 semper
1052 2016 1349 2086 adjiciens.
1383 2017 1492 2073 Sed
1525 2017 1596 2074 de
1626 2018 1716 2072 his
1747 2025 1965 2089 postea.

1095 2104 1331 2161 CAPUT
1367 2106 1465 2163 Vl.

460 2190 536 2245 De
563 2189 751 2261 Philip
791 2206 820 2246 ο
866 2208 980 2246 uno
1019 2208 1088 2247 ea:
1128 2203 1328 2264 septem
1377 2196 1647 2263 diaconis,
1678 2203 1728 2250 et
1770 2195 1835 2250 de
1879 2194 2104 2250 Simone

527 2266 708 2318 Haec.
736 2206 866 2318 [fam
894 2263 959 2318 de
990 2264 1244 2318 Candace
1271 2266 1507 2318 dunasta
1536 2270 1737 2318 reainse
1764 2266 2097 2318 .Ethionum.

527 2266 708 2338 ἕσσο.
733 2263 959 2338 μισηιάε
990 2263 1244 2338 candore
1271 2266 1507 2338 dynasla
1536 2270 1737 2334 reginae
1764 2266 2097 2334 Ethioymm.

528 2334 670 2389 Item
711 2334 777 2388 de
801 2336 1089 2391 miraculis
1119 2336 1232 2391 divi
1259 2334 1434 2392 Petri.
1459 2339 1705 2394 Prwtrea
1746 2340 1809 2394 de
1848 2338 2100 2393 Cornelio

524 2407 867 2479 centurione,
896 2414 945 2461 et
994 2406 1072 2461 eis
1118 2410 1212 2477 qui
1257 2425 1327 2464 ea:
1363 2410 1588 2464 ethnicis
1635 2411 1881 2464 animum
1912 2410 2099 2479 appli-

522 2477 737 2533 cuerint
804 2478 1039 2534 Christo.
1095 2481 1157 2533 Et
1218 2491 1278 2534 ut
1345 2480 1641 2537 Antiochia:
1695 2477 1986 2536 Barnabas
2050 2490 2099 2535 et

522 2550 730 2604 Paulus
775 2552 948 2621 primi
994 2549 1179 2622 ﬁdeles
1241 2554 1382 2623 ipsos
1433 2552 1773 2608 Christianos
1815 2557 2094 2623 cognomi-

519 2624 790 2677 noverint.

523 2809 913 2865 Persecutione
961 2809 1017 2864 in
1052 2809 1258 2881 primis
1305 2814 1509 2867 contra
1547 2810 1902 2881 Stephanum
1937 2812 2093 2866 exci-

454 2902 594 2962 tata,
628 2897 933 2970 Philippus
962 2914 1027 2953 ex
1075 2898 1168 2954 his
1198 2915 1373 2968 unus,
1407 2900 1503 2969 qui
1534 2916 1661 2955 cum
1695 2900 1988 2970 Stephano
2020 2903 2091 2956 ad

452 2986 822 3041 diaconatum
854 2997 1015 3042 erant
1045 2987 1213 3043 electi
1248 3030 1263 3055 ,
1297 3005 1398 3059 per
1426 2989 1839 3058 diepersionem
1874 3006 1999 3044 eam
2034 2992 2093 3044 in

452 3074 711 3130 Samaria
760 3080 903 3141 erat,
934 3076 1291 3133 edendorum
1345 3078 1749 3133 miraculorum
1791 3081 1843 3133 vi
1882 3079 2094 3149 oppido

452 3179 625 3235 quam
669 3162 911 3235 pollens.
944 3165 1242 3236 Siquidem
1294 3173 1518 3222 tantum
1553 3168 1626 3220 ab
1656 3184 1723 3222 ea
1753 3167 1963 3223 virtute
1994 3184 2093 3221 va-

2834 2110 3089 2163 κεψΑΑ.
3133 2106 3229 2179 ς’.

2213 2195 2366 2265 Περὶ
2408 2192 2752 2248 Φιλίππου
2793 2195 2939 2256 ἑνὸς
2974 2198 3104 2265 τῶν
3139 2195 3298 2248 ἑπτά
3335 2192 3702 2265 διακόνων·
3744 2190 3834 2244 καὶ

2278 2263 2392 2337 τοῦ
2444 2267 2650 2337 μάγου
2692 2266 3031 2337 Σίμωνος·
3081 2263 3178 2321 ’ἑτι
3228 2287 3295 2321 τε
3345 2263 3691 2337 Κανδάκου
3733 2267 3834 2337 τοῦ

2281 2334 2600 2392 δυνάστου
2653 2334 2789 2410 τῆς
2829 2337 3229 2410 βασιλίσσης
3292 2336 3632 2410 Αἰθιόπων
3666 2354 3709 2410 °_
3740 2335 3830 2388 καί

2277 2414 2403 2464 τῶν
2455 2413 2569 2482 τοῦ
2627 2405 3122 2482 θείου’Πέτρου
3175 2405 3504 2482 τεράτων*
3550 2405 3709 2482 περί
3775 2425 3830 2482 τε

2281 2480 2656 2555 Κορνηλίου
2703 2484 2817 2535 τοῦ
2847 2475 3426 2555 Λέκαντοντάρχου,
3458 2478 3567 2555 καί
3618 2475 3741 2555 τξῶν

2275 2547 2488 2607 ἐθνῶν
2530 2552 3032 2626 προσελθόντων
3102 2547 3358 2626 Χρισίῖᾦ
3395 2552 3570 2626 ’-καὶ
3634 2550 3721 2610 ὡς
3776 2547 3826 2601 ἐν

2277 2618 2656 2697 Ἀντιοχείᾳ
2710 2618 3059 2697 ,Βαρνάϐας
3118 2618 3223 2697 καὶ
3276 2618 3537 2682 Παῦλος
3582 2626 3829 2697 Δπρῶτοι

2273 2696 2433 2757 τοὺς
2492 2694 2772 2755 πἰστοῦς
2818 2694 3277 2769 ’Χριστιανοὺς
3331 2694 3829 2765 κατωνόμασαν.

2273 2804 2402 2858 Τότε
2454 2800 2509 2857 δὲ
2564 2807 2660 2856 τοῦ
2715 2803 2851 2857 κατά
2909 2804 3178 2875 Στέφανον
3228 2798 3476 2872 διωγμοῦ
3524 2800 3829 2874 γενομένου,

2205 2888 2483 2953 Φίλιππος
2534 2890 2618 2953 εἷς
2669 2893 2775 2943 τῶν
2837 2889 2950 2961 ἅμα
3009 2891 3264 2964 Στεφάνῳ
3313 2888 3389 2948 εἷς
3419 2888 3535 2959 ίτήν
3570 2884 3829 2941 διακονίαν

2204 2981 2696 3054 προχειρισθέντων
2773 2976 2822 3033 έν
2902 2984 3020 3039 τοῖς
3107 2975 3444 3053 διαπαρεῖσι
3525 2976 3828 3053 γενόμενος.

2204 3070 2486 3144 Σαμαρείᾳ
2551 3067 2857 3143 προσίσχει,
2928 3067 3085 3123 θείων
3156 3069 3455 3138 τεραστίων
3528 3066 3832 3134 πεπλουτη-

2206 3157 2316 3220 κὼς
2370 3157 2619 3230 δύναμιν.
2676 3161 2939 3213 Τοσοῦτον
2995 3155 3044 3211 δ’
3097 3158 3165 3225 ἦν
3216 3155 3404 3228 ἐκείνῳ
3461 3156 3525 3210 τὸ
3593 3154 3832 3229 περισσὸν

451 3216 582 3321 fuit,
616 3216 696 3306 utr
711 3256 766 3306 et
796 3216 1162 3309 Simonijarti
1194 3271 1311 3309 sum
1344 3255 1614 3310 nuntium
1649 3257 1932 3311 remittere
1959 3272 2082 3326 per-

2218 3255 2305 3317 εῆς
2364 3244 2666 3318 δύναμεως,
2699 3247 2773 3307 ὡς
2830 3247 2917 3301 καὶ
2975 3245 3221 3318 Σίμωνος
3275 3246 3582 3310 ἀποστῆναι
3642 3248 3831 3308 πεῖσαι,

459 3342 724 3409 suaserit,
758 3342 854 3414 qui
888 3342 1128 3415 magicis
1169 3344 1474 3415 praestigiis
1505 3344 1676 3416 longo
1706 3351 1967 3414 tempore
2000 3361 2094 3415 po-

458 3429 661 3502 pulum
694 3433 1019 3488 seduxerat.
1051 3431 1241 3504 Usque
1290 3433 1431 3488 adeo
1474 3434 1626 3488 enim
1671 3434 2009 3506 imposturis
2039 3444 2093 3489 et

453 3518 903 3576 incantamentis
944 3520 1179 3576 homine
1216 3520 1391 3579 I39
1420 3527 1668 3593 ceperat,
1701 3532 1754 3577 et
1793 3528 1911 3578 tam
1944 3523 2094 3577 cele-

453 3609 609 3664 brem
640 3625 708 3664 ea
736 3613 901 3666 atate
934 3611 1156 3682 magica
1186 3618 1310 3666 arte
1342 3611 1555 3667 famam
1598 3617 1940 3667 consecutus
1972 3613 2093 3666 fue-

454 3704 565 3765 rat,
617 3704 681 3753 ut
727 3699 1014 3754 Simonem
1070 3700 1150 3755 illi
1203 3717 1467 3773 magnam
1521 3703 1790 3758 virtutem
1821 3702 1919 3756 Dei
1970 3718 2098 3755 esse

454 3788 892 3845 arbitrarentur.
923 3789 977 3846 Is
1024 3789 1202 3862 igitur
1232 3791 1435 3847 Simon
1462 3791 1596 3847 talis
1627 3808 1758 3846 cum
1791 3795 1961 3859 esset,
1998 3793 2102 3844 mi-

458 3877 638 3933 rificis
669 3882 863 3934 tamen
895 3878 1145 3952 Philippi
1179 3882 1369 3944 rebus,
1393 3897 1538 3951 quas
1562 3898 1734 3952 supra
1766 3881 2095 3950 opinionem

459 3967 749 4041 iidemque
794 3970 1096 4026 hominum
1162 3971 1388 4038 edebat,
1440 3978 1868 4038 consternatus,
1919 3973 2099 4043 baptt-

460 4072 653 4112 smum
702 4075 818 4113 una
847 4075 978 4115 cum
1014 4059 1232 4131 reliqua
1261 4061 1523 4117 Samaria
1554 4061 1731 4128 subit,
1763 4067 1818 4116 et
1847 4061 2103 4116 verbote-

462 4159 572 4199 nus
616 4147 1031 4215 professionem
1090 4153 1146 4203 et
1193 4148 1363 4203 fidem
1412 4148 1473 4204 in
1530 4148 1822 4203 Christum
1873 4152 2102 4219 egregie

458 4236 702 4292 simulat
736 4253 748 4291 :
782 4239 834 4291 id
888 4239 1041 4308 quod
1091 4243 1147 4292 et
1190 4238 1309 4307 alii,
1343 4239 1441 4309 qui
1491 4238 1937 4294 abominandam
1973 4240 2101 4307 ejus

460 4331 674 4380 sectam
735 4333 903 4381 erant
966 4327 1247 4399 complexi
1297 4328 1397 4398 (t),
1447 4328 1749 4393 faciebant,
1794 4326 1993 4382 fraude
2049 4337 2097 4381 et

460 4413 592 4469 dolo
622 4416 878 4470 auctoris
909 4417 1000 4471 sui
1046 4433 1332 4471 venenum
1371 4417 1705 4487 pestiferum
1754 4417 1811 4471 in
1844 4417 1984 4487 ipsis
2010 4433 2100 4470 oc-

459 4502 763 4574 cultatum,
796 4506 986 4576 quoad
1039 4511 1295 4577 possent,
1327 4507 1411 4561 eis
1453 4506 1550 4578 qui
1593 4506 1649 4560 id
1684 4506 2098 4577 suscipiebant,

2211 3336 2459 3409 μαγείαις
2510 3335 2569 3390 ἐκ
2609 3333 2825 3390 πολλοῦ
2870 3335 3184 3406 ἐξιστῶντος
3233 3334 3297 3389 τὸ
3328 3330 3501 3395 ἔθνος.
3533 3332 3661 3390 Ἐπὶ
3690 3331 3832 3386 τόσον

2204 3426 2305 3501 γὰρ
2353 3431 2473 3484 ταῖς
2520 3424 2796 3500 γοητείαις
2842 3422 3016 3479 έκεῖνο
3065 3424 3453 3498 χειρώσασθαι,
3487 3421 3581 3475 καὶ
3628 3415 3835 3486 διαϐόη-

2207 3536 2299 3569 τον
2350 3520 2468 3576 ταῖς
2529 3512 2815 3583 ἐξαπάταις
2871 3513 2989 3567 κατ’
3019 3511 3191 3567 ἐκεῖνο
3249 3512 3381 3565 εἶναι
3439 3514 3657 3584 καιροῦ,
3716 3509 3830 3563 ὥστι

2208 3602 2446 3666 ἐκείνους
2490 3604 2581 3656 τὸν
2632 3610 2857 3674 Σιμωνα
2904 3603 3001 3670 τήν
3056 3601 3301 3675 μεγάλην
3343 3601 3592 3675 ἡγεῖσθαι
3622 3596 3828 3666 δόναμιν

2205 3697 2302 3747 τοῦ
2333 3691 2489 3748 Θεοῦ.
2525 3693 2707 3763 Σίμων
2771 3689 2816 3745 δ’
2849 3689 2941 3745 οὖν
3000 3692 3175 3762 ὅμως,
3198 3689 3389 3763 καίπερ
3447 3687 3698 3749 τοιοῦτος
3739 3684 3826 3750 ὢν,

2205 3787 2321 3842 τοῖς
2380 3777 2704 3853 παραδόξοις
2757 3784 2864 3834 τῶν
2923 3780 3025 3835 ὑπὸ
3065 3779 3352 3834 Φιλίππου
3398 3776 3706 3851 γενομένων
3748 3793 3829 3826 κα-

2208 3870 2527 3950 ταπλαγεὶς,
2586 3872 2879 3945 ὑπέρχεται
2925 3871 3015 3925 καὶ
3069 3871 3227 3930 οὗτος
3284 3870 3347 3924 τὸ
3408 3871 3694 3943 βάπτισμα
3748 3864 3829 3919 σὺν

2207 3965 2276 4035 τῇ
2308 3961 2480 4035 λοιπῇ
2514 3961 2812 4033 Σαμαρείᾳ,
2843 3960 2930 4014 καὶ
2967 3959 3131 4038 μέχρι
3164 3957 3336 4033 λόγου
3365 3960 3469 4025 τὴν
3501 3958 3578 4020 εἰς
3611 3955 3830 4030 Χριστὸν

2210 4050 2388 4105 πίστιν
2443 4048 2898 4121 καθυπεκρίνετο·
2941 4050 2969 4103 ’ὀ
3026 4048 3117 4102 καὶ
3175 4049 3226 4102 οἱ
3280 4050 3381 4117 τὴν
3435 4047 3676 4120 μυσαρᾶν
3720 4044 3832 4099 ὲκεί-

2210 4160 2305 4193 νου
2355 4136 2725 4210 διαδεξάμενοι
2771 4136 2978 4213 α’ίρεσιν
3037 4137 3364 4211 πράττοντες
3411 4137 3574 4205 ἦσαν,
3622 4139 3694 4207 τῇ
3745 4135 3833 4186 τοῦ

2210 4232 2357 4305 σφῶν
2422 4228 2764 4297 προπάτορος
2826 4222 3038 4298 μεθόδῳ
3092 4232 3193 4293 τῆς
3250 4226 3411 4279 νόσου
3474 4221 3834 4297 μεταδιδόντες

2211 4318 2301 4373 τὸν
2361 4316 2413 4372 ἐν
2474 4314 2698 4377 ἐκείνοις
2757 4316 3194 4390 ἐγκεκρυμμένον
3252 4312 3371 4368 ἱόν⁸
3405 4315 3483 4374 ὡς
3534 4312 3594 4366 ἃν
3626 4312 3739 4367 οἷοί
3786 4329 3833 4363 τε

2210 4404 2358 4466 ὄντες
2417 4410 2533 4465 τοὶς
2593 4401 2939 4478 δεχομένοις,
2970 4403 3065 4458 κᾶν
3121 4403 3305 4457 ὁποῖοί
3361 4423 3504 4464 τινες
3554 4401 3702 4461 ὄντες
3750 4400 3833 4465 τήν

2217 4494 2547 4569 μοχθηρίαν,
2600 4491 2650 4553 ἐς
2706 4493 2922 4567 ὕστερον
2980 4491 3221 4557 ἁλόντες,
3279 4492 3605 4560 ἀπώσθησαν
3670 4492 3834 4561 ὥσπερ

461 4594 1005 4651 communicantes:
1047 4595 1147 4667 qui
1199 4605 1384 4651 tamen
1433 4603 1650 4668 postea,
1701 4610 1828 4650 cum
1881 4596 2087 4649 malitis

2218 4582 2298 4637 >ῦν
2360 4585 2446 4637 καὶ
2507 4585 2693 4657 Σίμων
2729 4582 2906 4651 αὐτὸς,
2939 4583 3072 4656 πρὸς
3119 4586 3214 4637 τοῦ
3264 4580 3412 4636 θείου
3443 4579 3831 4658 καταφωραθεὶς

461 4684 928 4758 perversitasque
983 4701 1182 4740 eorum
1241 4684 1602 4757 deprehensa
1670 4691 1841 4753 esset,
1897 4685 2099 4739 merito

459 4778 600 4831 sunt
650 4774 865 4846 rejecti.
899 4774 1391 4839 Quemadmodum
1437 4779 1493 4830 et
1534 4775 1732 4831 Simon
1765 4777 1875 4831 iste
1907 4791 1939 4828 a
1969 4774 2099 4827 divo

460 4863 646 4931 Petro,
677 4864 776 4935 qui
828 4864 1191 4935 impositione
1233 4881 1510 4920 manuum
1552 4864 1833 4936 Spiritum
1882 4864 2095 4918 contri-

460 4950 689 5019 buebat,
739 4953 1049 5009 manifesto
1098 4952 1496 5026 deprehensus
1545 4959 1630 5008 est
1679 4952 1925 5024 gratiam
1971 4966 2098 5005 eam

455 5040 718 5097 venalem
750 5058 875 5097 esse
914 5043 1191 5099 arbitrari
1227 5059 1240 5098 :
1274 5059 1456 5115 eoque
1506 5043 1762 5104 nomine,
1792 5050 1852 5095 ut
1884 5040 2102 5095 nullius

462 5132 546 5190 rei
579 5131 750 5187 homo
782 5133 1124 5204 reprobatus
1154 5140 1328 5203 atque
1359 5132 1624 5204 repulsus
1654 5141 1759 5186 est.
1786 5131 1984 5201 Itaque
2008 5126 2105 5182 ille

464 5222 832 5279 simulatione
891 5222 1140 5292 percitus
1197 5227 1395 5278 contra
1441 5220 1733 5293 apostolos
1787 5232 2106 5289 eorumque

460 5310 787 5368 doctrinam
840 5325 902 5364 se
951 5310 1213 5365 armavit.
1266 5312 1463 5374 Porro,
1494 5325 1628 5363 eum
1679 5308 1876 5361 divina
1902 5304 2104 5377 praedi-

459 5400 609 5456 catio
641 5399 828 5455 instar
855 5398 1107 5454 incendii
1145 5414 1248 5472 per
1275 5415 1507 5454 omnem
1533 5397 1659 5467 jam
1699 5400 1957 5468 serperet
1987 5399 2105 5450 ter-

463 5503 607 5553 ram,
641 5488 958 5556 Candaces,
992 5496 1224 5559 satrapa
1269 5488 1601 5559 {Ethiopum
1649 5487 1856 5558 reginas
1895 5485 2107 5556 (patrio

2212 4675 2437 4747 Πέτρου,
2468 4676 2536 4745 τῇ
2561 4675 2668 4726 τῶν
2698 4675 2902 4749 χειρῶν
2949 4669 3182 4725 ἐπιθέσει
3218 4671 3282 4725 τὸ
3329 4673 3549 4742 Πνεῦμα
3591 4670 3833 4744 κατάγσν·

2208 4783 2324 4833 τος,
2366 4757 2522 4815 ὤνιον
2581 4759 2886 4834 χρημάτων
2942 4760 3041 4827 τὴν
3101 4760 3264 4833 χάριν
3323 4758 3662 4834 ἡγούμενος,
3704 4759 3832 4824 ἀπη-

2211 4850 2414 4927 λέγχθη
2476 4846 2644 4924 μηδὲν
2705 4845 2818 4902 ὤν’
2857 4849 3137 4903 κάντεῦθεν
3196 4846 3353 4919 ζήλῳ
3406 4849 3670 4921 πρωθεὶς,
3715 4844 3829 4900 κατᾶ

2208 4961 2266 4996 τε
2319 4945 2429 4994 τῶν
2488 4936 2808 4993 ἀποστόλων
2858 4938 2945 4991 καὶ
2994 4941 3094 4991 τοῦ
3144 4934 3416 5013 δόγματος
3448 4936 3831 5006 καθωπλίζετο.

2210 5035 2313 5086 Τοῦ
2369 5028 2427 5084 δὲ
2482 5030 2629 5083 θείου
2686 5027 3037 5101 κηρύγματος
3094 5025 3265 5097 πυρὸς
3324 5023 3483 5096 δίκην
3542 5026 3637 5080 ἀνά
3683 5030 3833 5080 πᾶσαν

2212 5115 2321 5189 ἤδη
2352 5120 2452 5185 τὴν
2491 5121 2592 5193 γῆν
2640 5115 2922 5190 ἓρποντος,
2957 5112 3239 5185 Κανδάκης
3296 5115 3327 5169 ὁ
3371 5121 3476 5183 τῆς
3528 5114 3833 5188 βασιλίσσης

2217 5210 2492 5266 Αἰθιόπων
2551 5205 2818 5275 δυνάστης
2845 5224 2858 5239 ·
2890 5205 3026 5258 κατά
3078 5225 3131 5258 τι
3189 5204 3294 5279 γάρ
3334 5206 3562 5279 πάτριον
3601 5204 3721 5265 ἔθος
3747 5201 3833 5256 ὑπὸ

2212 5300 2462 5375 γυναικὸς
2521 5297 2584 5351 τὸ
2631 5291 2781 5356 ἔθνος
2832 5288 3213 5348 ἐϐασιλεύετο·
3246 5294 3365 5364 θείᾳ
3410 5294 3518 5347 τινὶ
3568 5290 3836 5364 οἰκονομίᾳ

2216 5390 2439 5462 ἀπαρχή
2480 5389 2588 5442 τῶν
2640 5383 2692 5455 ἐξ
2742 5383 2906 5439 ἐθνῶν
2953 5380 3291 5455 προσιόντων
3342 5387 3567 5455 Χριστῷ
3608 5382 3830 5455 γίνεταιο

2219 5477 2288 5533 δι’
2319 5477 2627 5556 ἐπιφανείας
2684 5475 2788 5549 γάρ
2848 5470 3114 5543 Φιλίππῳ
3169 5473 3267 5540 τήν
3315 5468 3442 5526 ὁδὸν
3477 5470 3663 5527 διιόντι
3693 5488 3832 5543 προσ·

543 5615 630 5688 (1)
652 5615 867 5672 Omnes
896 5615 997 5688 qui
1035 5631 1265 5688 quoquo
1315 5617 1486 5671 modo
1537 5615 1870 5671 adulterant
1914 5614 2237 5678 veritatem,
2266 5618 2321 5666 et
2372 5607 2723 5680 praeconium
2771 5603 3040 5661 Ecclesia
3086 5605 3307 5663 ludunt
3362 5604 3615 5663 Simonis
3643 5604 3823 5661 Sams-

464 5687 638 5748 ritaui
667 5687 821 5762 magi
852 5687 1125 5760 discipuli
1156 5687 1213 5745 et
1238 5704 1601 5749 successores
1630 5695 1787 5745 sunt.
