4084 6208
267 349 390 410 769

1280 345 1903 409 ECCLESIASTICE
1946 345 2342 409 HISTORIA?
2387 347 2526 408 LIB.
2574 349 2652 409 Il.

3551 351 3669 411 770

268 480 594 552 κολληθεὶς,
628 480 717 535 καὶ
767 479 857 536 διὰ
917 485 1041 554 μιᾶς
1101 480 1309 554 ῥήσεως
1346 480 1581 536 ίἭσαῖου
1630 483 1726 534 τοῦ
1776 499 1908 555 προσ

2037 482 2241 553 quippe
2270 497 2426 536 more
2457 497 2599 552 gens
2629 497 2695 536 ea
2726 500 2759 538 a
2806 483 3044 540 muliere
3091 483 3443 556 regebatur),
3476 484 3674 540 divina

270 572 449 645 φήτου
478 572 543 626 τὰ
583 567 743 648 ὄργια
790 575 891 625 τοῦ
938 572 1056 623 καθ’
1105 572 1250 641 ἡμᾶς
1302 568 1469 643 λόγου
1523 568 1771 643 μυηθεὶς,
1820 570 1908 623 καὶ

266 661 333 715 τὸ
378 660 659 733 βάπτισμα
717 656 1113 732 εἰσδεξάμενος,
1173 658 1287 713 ἐπεὶ
1345 659 1480 732 πρὸς
1539 661 1638 728 τὴν
1684 659 1912 732 πάτριον

270 757 377 826 γῆν
413 748 778 816 ὲπαλινόστει,
827 756 950 813 τοῖς
987 746 1039 803 ὲν
1087 748 1347 817 Αἰθιοπίᾳ
1389 751 1607 822 πρῶτος
1646 748 1744 815 τήν
1782 745 1918 800 κατά

266 839 363 894 τὸν
416 839 542 894 Θεόν
590 859 649 893 τε
693 838 782 893 καὶ
831 840 924 893 τὸν
974 844 1210 912 Σωτῆρα
1256 841 1450 911 γνῶσιν
1504 833 1917 912 εὐηγγελίζετο.

274 930 505 983 Κάκεῖνο
534 929 596 982 τὸ
625 935 724 996 τῆς
755 928 1090 1004 προφητείας
1121 924 1267 1000 ἔργῳ
1320 923 1550 1000 πληρῶν
1601 924 1670 992 ἦν
1717 922 1787 979 δι’
1820 925 1918 978 αύ-

270 1016 399 1087 τοῦ,
425 1018 511 1088 τὸ,
552 1017 872 1074 Αἰθιοπία
916 1018 1287 1093 προφθάσει
1335 1019 1532 1089 χεῖρα
1579 1012 1782 1082 αύτης
1830 1016 1921 1084 τῷ

275 1112 317 1162 Θ
333 1128 357 1162 ε
373 1112 419 1179 ᾧ
438 1126 450 1137 ’
481 1107 568 1162 ἐπὶ
597 1106 815 1168 τούτοις
835 1106 902 1160 τὰ
933 1108 1069 1160 κατά
1085 1106 1174 1160 τὸν
1200 1104 1438 1170 Παῦλον,
1470 1104 1546 1164 ὼς
1572 1103 1763 1177 μικρὸν
1784 1102 1920 1155 ἄνω-

272 1197 363 1251 θεν
395 1190 742 1268 διελάϐομεν,
772 1192 1030 1250 ἐτελεῖτο.
1058 1194 1261 1269 Πέτρος
1286 1190 1343 1247 δὲ
1364 1192 1439 1255 εἰς
1471 1188 1678 1246 Λύδδαν
1710 1190 1801 1244 καὶ
1832 1190 1923 1244 τὸν

271 1284 598 1359 Ἀσσάρωνα
651 1283 806 1353 ἥκει·
858 1283 948 1337 καὶ
996 1284 1203 1356 ῥήματι
1249 1282 1341 1336 τὸν
1382 1279 1678 1348 κλινοπετῆ
1731 1277 1921 1334 Αἰνέαν

273 1372 368 1429 ἰπὶ
428 1372 520 1442 λη’
577 1369 746 1428 ἔτεσιν
800 1372 1023 1444 έξιᾶσαι.
1085 1372 1169 1427 Ἐν
1232 1369 1288 1424 δὲ
1342 1366 1536 1443 Ἰόππῃ
1613 1367 1923 1440 γενόμενος,

272 1465 642 1536 περιστάντων
711 1461 874 1515 αὐτὸν
935 1461 1182 1530 πενήτων
1248 1479 1306 1514 τε
1371 1459 1460 1512 καὶ
1536 1456 1657 1511 ὅσαι
1725 1455 1924 1530 χηρείᾳ

276 1552 541 1621 συνέζων,
609 1551 742 1625 ὑπὲρ
806 1550 908 1618 τῆς
970 1548 1234 1617 θανούσης
1325 1547 1563 1602 ἱκέτευον
1645 1542 1923 1616 Ταϐηθᾶς,

273 1640 475 1715 ἰμάτια
521 1640 609 1694 καὶ
668 1638 795 1695 ἄλλ’
846 1637 978 1693 ἄττα
1025 1637 1125 1692 ὅσα
1170 1657 1232 1711 γε
1281 1634 1338 1690 εῦ
1390 1640 1624 1689 ποιοῦσα
1652 1638 1687 1703 ἡ
1722 1633 1926 1707 Δορκὰς

280 1729 486 1802 ἐδίδου,
526 1729 960 1802 ἐπιδεικνύμενοι
993 1749 1005 1761 ο
1038 1728 1128 1782 καὶ
1177 1728 1273 1795 τήν
1328 1728 1421 1800 μὲν
1468 1728 1658 1781 θᾶττον
1689 1724 1725 1793 ἢ
1758 1724 1925 1799 λόγος

284 1820 465 1875 ἀνιστα
492 1840 505 1854 ο
537 1820 598 1874 τὸ
623 1816 678 1872 δὲ
700 1818 912 1886 πλῆθος
938 1811 1077 1871 ἅπαν
1101 1820 1180 1888 τῷ
1204 1816 1464 1891 σωτηρίῳ
1488 1814 1660 1888 ὑπῆγε
1681 1811 1922 1887 λουτρῷ.

287 1910 516 1965 Ἐκεῖθεν
569 1908 645 1970 εἰς
687 1907 1010 1981 Καισάρειαν
1068 1906 1134 1961 τὰ
1188 1906 1321 1960 κατὰ
1377 1904 1467 1958 τὸν
1524 1901 1925 1976 ἑκατοντάρχην

280 2002 587 2076 Κορνήλιον
639 1997 888 2073 ἔπραττε,
946 1999 1045 2066 τὴν
1094 1996 1153 2051 ἐκ
1208 1997 1477 2070 τεσσάρων
1528 1994 1724 2063 ὀθόνην
1774 1991 1921 2047 ἅνω-

277 2091 370 2145 θεν
425 2089 748 2163 καθιεμένην
807 2087 1084 2162 ἑωρακώς.
1136 2085 1233 2140 Καὶ
1289 2083 1426 2154 δῆτα
1483 2081 1778 2156 Κορνηλίῳ
1832 2081 1920 2135 καὶ

274 2184 398 2240 τοῖς
464 2178 587 2247 περὶ
671 2176 871 2232 ἐκεῖνον
949 2174 1382 2249 διομιλουμένῳ,
1465 2171 1659 2246 ἀθρόον
1726 2173 1761 2240 ἡ
1825 2174 1924 2225 τοῦ

278 2267 601 2340 Πννύματος
647 2266 813 2342 χάρις
862 2265 1161 2342 ἐφίπτατο’
1211 2264 1301 2318 καὶ
1348 2267 1418 2337 τῇ
1491 2266 1599 2317 τῶν
1662 2260 1925 2336 γλωσσῶν

274 2356 535 2427 ποικιλίᾳ
583 2357 618 2425 ἡ
676 2356 843 2430 χάρις
899 2350 1182 2429 ἀριδηλως
1239 2350 1508 2431 ἐφαίνετο,
1582 2349 1803 2406 Τούτων
1879 2346 1925 2403 δ’

278 2445 431 2502 οὕτω
473 2445 620 2520 παρὰ
670 2442 826 2514 δόξαν
866 2442 1259 2520 γεγενημένων,
1307 2440 1395 2497 καὶ
1438 2442 1501 2496 τὸ
1546 2438 1635 2496 διὰ
1669 2443 1765 2495 τοῦ
1796 2438 1926 2493 ὕδα-

277 2557 379 2598 τος
422 2537 564 2590 θεῖον
595 2533 887 2603 ἠκολούθει
924 2531 1154 2607 λουτρόν
1186 2550 1199 2563 ·
1248 2530 1344 2586 κᾶν
1396 2531 1448 2585 o't
1496 2530 1554 2585 ἐκ
1598 2535 1924 2603 περιτομῆς,

287 2624 370 2697 μή
419 2625 519 2692 τὴν
571 2623 734 2698 χάριν
780 2622 1069 2692 συνιέντες,
1119 2620 1169 2675 ἐν
1247 2619 1660 2693 Ἰεροσολύμοις
1736 2618 1926 2693 Πέτρῳ

286 2712 769 2783 παλινοστήσαντι,
820 2715 1130 2786 περιοργεῖς
1205 2710 1361 2779 ἦσαν,
1420 2710 1566 2764 ἀλῶν
1640 2709 1731 2764 καὶ
1816 2730 1925 2781 μυ-

289 2801 531 2878 στηρίων
617 2800 1041 2869 κεκοινωνηκότι
1126 2797 1345 2874 ἀνδράσι
1436 2794 1931 2873 περιϐεϐλημένοις

282 2886 654 2967 ἀκροϐυστίαν
706 2912 718 2924 ·
778 2893 860 2952 οἷς
913 2891 1141 2963 μαθοῦσι
1195 2892 1294 2958 τήν
1368 2892 1579 2964 πρᾶξιν,
1637 2888 1930 2963 ἡσυχάζειν

284 2984 376 3053 ἦν,
427 2980 909 3056 ἐκπεπληγμένοις
950 2982 1024 3040 ὼς
1071 2978 1173 3052 ἄρα
1219 3000 1281 3055 γε
1332 2979 1461 3042 Θεὸς
1494 2978 1583 3033 καὶ
1615 2983 1728 3040 τοῖς
1758 2977 1930 3033 ἔθνεσι

283 3071 390 3141 τὴν
425 3071 708 3143 μετάνοιαν
758 3062 956 3123 ἔδωκεν
991 3067 1066 3128 εἱς
1122 3069 1288 3136 ζωήν.
1324 3064 1393 3123 Ο’ί
1439 3086 1501 3143 γε
1552 3067 1659 3140 μήν
1710 3063 1933 3121 διασπα-

288 3160 471 3233 ρέντες
502 3153 555 3212 ἔν
585 3177 643 3211 τε
692 3155 927 3230 Φοινίκῃ
962 3154 1052 3209 καὶ
1111 3154 1309 3227 Κύπρῳ
1339 3153 1428 3209 καὶ
1462 3154 1791 3233 Ἀντιοχείᾳ,
1828 3155 1929 3227 μό-

2023 569 2431 642 dispositione,
2465 571 2729 640 primitiae
2757 588 2823 626 ex
2848 571 3119 643 gentibus
3141 573 3199 628 in
3228 573 3521 629 Christum
3549 590 3672 630 ere-

2026 659 2300 716 dentibus
2333 659 2416 714 fit.
2452 660 2592 716 Cum
2634 661 2785 716 enim
2845 662 2901 717 in
2954 661 3284 735 Philippum
3328 664 3436 719 iter
3472 682 3541 720 ex
3583 664 3670 718 vi-

2026 746 2189 801 sione
2249 748 2547 802 facientem
2605 745 2919 811 incidisset,
2968 754 3025 803 et
3083 765 3182 818 per
3222 749 3459 806 unicum
3511 750 3670 806 Isaias

2027 834 2319 906 prophetae
2352 834 2674 901 oraculum,
2716 840 2942 892 arcanis
2987 854 3285 894 sacrorum
3338 845 3669 895 nostrorum

2030 924 2321 996 mysteriis
2365 925 2436 979 ab
2485 942 2552 979 eo
2595 925 2863 981 initiatus
2894 931 2952 981 et
2993 927 3322 997 baptizatus
3355 928 3581 994 fuisset,
3613 927 3674 982 in

2030 1013 2274 1084 patriam
2325 1012 2450 1085 ipse
2498 1029 2665 1070 suam
2717 1029 3004 1082 reversus,
3036 1018 3265 1087 primus
3296 1017 3354 1072 in
3388 1017 3680 1088 Ethiopia

2030 1102 2369 1157 hominibus
2419 1102 2517 1158 Dei
2570 1103 3000 1176 Servatorisque
3054 1106 3231 1161 nostri
3282 1108 3677 1187 cognitionem

2030 1191 2158 1247 laeto
2189 1192 2386 1247 attulit
2417 1194 2644 1253 nuntio.
2679 1193 2783 1250 Per
2812 1210 2980 1265 quem
3007 1198 3312 1268 prophetia
3344 1199 3441 1254 illa
3486 1202 3677 1271 reipsa

2030 1283 2119 1335 est
2148 1279 2509 1351 adimpleta:
2562 1282 2839 1354 lEthiopia
2880 1289 3181 1354 praeveniet
3237 1303 3467 1342 manum
3520 1304 3677 1344 suam

2036 1369 2135 1423 Deo
2165 1368 2264 1440 (1).
2295 1371 2484 1440 Atque
2512 1370 2569 1426 in
2602 1371 2674 1426 iis
2706 1373 2940 1443 quidem
2976 1391 3064 1430 res
3106 1374 3290 1445 Pauli,
3323 1391 3472 1447 quas
3504 1376 3678 1448 paulo

2033 1465 2167 1513 ante
2220 1458 2688 1528 perstrinximus,
2739 1463 3151 1519 consistebant.
3203 1465 3406 1520 Petrus
3462 1474 3677 1532 autem,

2032 1545 2291 1617 Lyddum
2326 1552 2384 1602 et
2422 1551 2769 1605 Assaronem
2825 1550 3083 1617 veniens,
3143 1557 3383 1609 .‘Eneam
3442 1555 3683 1627 triginta

2035 1640 2161 1690 octo
2191 1653 2375 1692 annos
2406 1635 2552 1693 lecto
2581 1638 2817 1695 affixum
2851 1640 3021 1696 verbo
3068 1642 3190 1697 solo
3221 1652 3385 1699 sanat
3415 1661 3481 1699 ac
3513 1645 3684 1700 resti-

2034 1726 2159 1779 tuit.
2193 1725 2392 1797 Joppze
2441 1731 2636 1783 autem
2676 1744 2810 1783 cum
2859 1736 3033 1797 esset,
3083 1746 3333 1802 cumque
3374 1733 3579 1805 inopes
3624 1739 3680 1790 et

2034 1812 2218 1867 viduas
2248 1813 2715 1883 circumstantes,
2749 1833 2850 1887 pro
2888 1818 3158 1876 defuncta
3187 1821 3456 1888 Tabitha,
3492 1827 3679 1880 vestes

2035 1901 2295 1973 aliasque
2327 1918 2439 1972 res,
2471 1919 2614 1975 quas
2666 1906 2748 1961 eis
2779 1910 3007 1976 Dorcas,
3059 1924 3161 1979 pro
3211 1925 3277 1965 eo
3308 1914 3479 1980 atque
3502 1911 3674 1967 debe-

2036 1992 2151 2058 bat,
2197 1992 2453 2060 dederat,
2496 1997 2863 2051 ostendentes
2917 1996 3355 2067 supplicarent:
3402 2000 3555 2057 dicto
3594 2001 3682 2057 ci-

2032 2081 2168 2149 tius,
2200 2079 2361 2138 illam
2400 2082 2628 2154 quidem
2671 2087 2994 2158 resuscitat,
3021 2088 3453 2146 multitudinem
3482 2094 3681 2147 autem

2034 2186 2162 2225 eam
2195 2186 2429 2228 omnem
2471 2189 2638 2229 sacro
2691 2173 2882 2231 initiat
2938 2174 3187 2233 lavacro.
3246 2177 3410 2235 149
3470 2179 3687 2236 Deinde

2034 2259 2304 2316 Cmaarea
2344 2262 2669 2317 centurioni
2713 2262 2977 2320 Cornelio
3026 2265 3281 2323 ofﬁcium
3331 2284 3505 2325 suum
3536 2285 3685 2341 pra-

2035 2350 2171 2415 stat,
2203 2363 2337 2403 cum
2368 2347 2612 2405 linteum
2643 2349 2788 2406 illud
2814 2368 2849 2407 a
2870 2357 3116 2421 quatuor
3146 2355 3407 2425 partibus
3435 2372 3686 2428 superne

2034 2438 2354 2495 demissum
2411 2438 2669 2495 vidisset.
2731 2440 2812 2496 Ita
2857 2441 3141 2506 Cornelio,
3191 2450 3248 2501 et
3292 2447 3391 2517 qui
3437 2463 3571 2503 eum
3612 2464 3681 2504 eo

2038 2533 2223 2598 erant,
2257 2543 2356 2597 per
2384 2528 2707 2585 doctrinam
2741 2528 2987 2587 initiatis
3020 2533 3313 2603 omnibus,
3346 2536 3531 2607 gratia
3560 2536 3690 2608 Spi.

2037 2618 2185 2674 ritus
2241 2619 2425 2675 sancti
2481 2619 2833 2690 supervenit,
2882 2628 2940 2677 et
3009 2622 3349 2696 linguarum
3405 2628 3682 2686 varietate

2037 2708 2225 2778 gratia
2262 2724 2328 2764 ea
2376 2709 2682 2765 manifesto
2735 2715 2973 2780 apparet
2999 2728 3012 2766 :
3044 2712 3258 2783 quibus
3287 2715 3360 2770 ab
3391 2733 3525 2773 eum
3553 2735 3683 2775 mo—

2038 2797 2177 2852 dum
2239 2797 2479 2855 miriﬁce
2536 2798 2809 2869 peractis,
2866 2800 3126 2856 divinum
3177 2804 3387 2860 deinde
3443 2804 3527 2861 illi
3589 2823 3691 2877 per

2039 2902 2253 2958 aquam
2311 2891 2748 2958 consequuntur
2804 2888 3119 2945 lavacrum.
3164 2891 3467 2950 Enimvero
3524 2895 3690 2951 Petro

2040 2975 2372 3045 revertenti,
2441 2976 2538 3047 qui
2600 2976 3017 3050 Hierosolymis
3101 2995 3169 3036 ex
3243 2981 3690 3040 circumcisione

2040 3068 2224 3133 erant,
2255 3064 2499 3136 gratiam
2523 3066 2711 3136 ipsam
2747 3083 2859 3121 non
2885 3068 3028 3123 satis
3060 3068 3473 3141 intelligentes,
3508 3072 3686 3128 maxi-

2043 3167 2276 3223 mopere
2314 3155 2753 3219 suscensebant,
2803 3156 2954 3225 quod
2989 3156 3169 3212 salem
3201 3174 3266 3212 ac
3299 3175 3554 3217 mensam
3586 3177 3687 3217 ar-

283 3270 402 3311 νοις
452 3244 743 3310 Ἰουδαίοις
793 3244 1088 3318 ἐκήρυττον
1129 3245 1195 3297 τά
1242 3247 1341 3309 τῆς
1379 3243 1610 3305 πίστεως
1643 3262 1656 3273 ’
1692 3245 1927 3318 Κύπριοι

2044 3257 2303 3313 canaque
2336 3242 2605 3313 mysteria
2642 3242 2780 3297 viris
2814 3243 3092 3315 praeputio
3124 3246 3391 3303 obductis
3421 3265 3688 3305 commu-

286 3336 347 3392 δέ
395 3357 539 3398 τινες
599 3336 689 3390 καὶ
750 3340 1046 3408 Κυρηναῖοι
1116 3332 1166 3386 ἐν
1243 3331 1553 3407 Ἀντιοχείᾳ
1629 3333 1931 3407 γενόμενοι,

288 3428 481 3503 χειρὸς
513 3424 691 3478 αὐτῶν
735 3422 878 3484 θείας
926 3414 1489 3492 ἀντιλαμϐανομένης,
1522 3418 1665 3474 πολύ
1696 3441 1744 3473 τι
1787 3418 1933 3489 πλῆ-

288 3519 385 3576 θος
434 3511 803 3582 Ἑλληνιστῶν
864 3512 955 3566 καὶ
1003 3511 1237 3583 ἀριθμοῦ
1284 3515 1525 3583 κρεῖττον
1555 3510 1823 3585 ἠγάγοντο
1857 3526 1871 3541 ⁸
1903 3509 1933 3562 ’ὁ

288 3608 360 3677 τῇ
409 3603 460 3656 ἐν
508 3599 873 3675 Ἰερουσαλὴμ
916 3597 1216 3670 Ἐκκλησία
1242 3595 1413 3667 δῆλον
1446 3598 1758 3671 γενόμενον,
1793 3600 1933 3671 Βαρ-

289 3686 457 3745 νάϐαν
518 3687 763 3743 στέλλειν
812 3686 944 3761 ἄχρι
994 3684 1060 3755 δὴ
1095 3685 1180 3740 καὶ
1226 3686 1565 3759 Ἀντιοχείας
1593 3682 1843 3760 ἤπειγεν,
1875 3685 1933 3747 ’ὀς

298 3778 366 3847 δὴ
399 3781 625 3852 χάριτος
665 3777 808 3839 θείας
850 3772 1127 3848 ἔμπλεως,
1160 3775 1246 3843 ἦν.
1276 3777 1380 3830 Καῖ
1427 3772 1492 3843 δὴ
1526 3772 1585 3827 ἐκ
1613 3778 1815 3849 Ταρσοῦ
1845 3776 1936 3828 τὸν

302 3870 511 3922 Παῦλον
564 3867 922 3935 ἀναζητήσας,
968 3866 1132 3943 ἄμφω
1181 3867 1249 3937 τῇ
1299 3863 1608 3940 Ἀντιοχείᾳ
1654 3859 1938 3934 προσϐάλ-

302 3958 484 4013 λουσιν
521 3976 532 3988 ·
570 3955 767 4027 ἄπειρά
820 3974 877 4008 τε
927 3956 1271 4029 προσήγαγον
1328 3974 1410 4024 τῳ
1467 3956 1683 4026 Χριστῷ
1720 3951 1936 4023 πλήθη,

295 4047 378 4103 ἐπ’
437 4048 684 4101 ἐνιαυτοῦ
738 4046 834 4106 τὰς
895 4041 1253 4104 διδασκαλίας
1305 4041 1625 4116 ποιούμενοι
1660 4061 1674 4075 ’
1725 4044 1940 4098 κάκεῖσε

293 4138 420 4198 τοὺς
479 4134 722 4209 μαθητὰς
781 4130 1139 4206 Χριστιανοὺς
1202 4128 1487 4185 καλεῖσθαι
1549 4131 1782 4206 πρώτως
1851 4133 1942 4187 θε-

295 4226 568 4295 σπίζουσι.
602 4225 705 4279 Καὶ
753 4216 991 4297 ’Ἄγαϐος
1041 4221 1137 4293 μὲν
1170 4221 1250 4283 εἷς
1288 4223 1395 4275 τῶν
1446 4220 1710 4275 συνόντων
1754 4220 1939 4284 αότοῖς

292 4319 597 4391 προφητῶν
653 4314 745 4366 τὸν
805 4309 1060 4383 ἐσόμενον
1120 4308 1287 4382 λιμὸν
1335 4310 1667 4381 προεμήνυε.
1724 4310 1939 4372 Παῦλος

295 4402 355 4460 δὲ
385 4403 451 4459 αὗ
481 4402 570 4458 καὶ
604 4396 862 4477 βαρνῖϐας
901 4403 970 4473 τῇ
1017 4402 1127 4454 τῶν
1166 4397 1417 4475 ἀδελφῶν
1452 4394 1693 4470 διακονίᾳ
1742 4397 1939 4471 ἐξυπη-

295 4495 658 4567 ρετησόμενοι
726 4486 814 4543 διὰ
856 4489 950 4544 τὸν
1018 4486 1428 4560 εἷσκωμάσαντα
1478 4484 1644 4561 λιμὺν
1702 4489 1937 4543 ἁπαντα-

298 4586 408 4661 χοῦ
439 4575 875 4656 παρεπέμποντο.

2043 3331 2312 3387 nicasset.
2345 3332 2451 3397 Qui
2485 3348 2619 3387 sane
2660 3347 2779 3387 rem
2812 3348 2939 3387 eam
2974 3335 3158 3391 edocti
3184 3337 3379 3392 statim
3411 3340 3695 3410 conquie-

2041 3435 2191 3485 vere,
2223 3420 2436 3475 animis
2460 3436 2661 3475 eorum
2686 3422 3067 3478 admiratione
3089 3427 3500 3493 consternatis,
3534 3428 3691 3499 quod

2042 3508 2196 3563 Deus
2218 3509 2389 3563 etiam
2415 3510 2689 3580 gentibus
2712 3511 3109 3579 paenitentiam
3134 3518 3488 3571 concesserit
3514 3519 3582 3570 ad
3608 3517 3691 3570 vi-

2043 3602 2186 3653 tam.
2218 3598 2324 3663 Qui
2357 3613 2488 3652 vero
2519 3598 2736 3667 passim
2788 3599 3027 3667 dispersi
3077 3607 3243 3656 erant
3279 3604 3337 3656 in
3368 3604 3687 3671 Phoenicia,

2042 3688 2099 3742 et
2127 3684 2332 3756 Cypro,
2363 3690 2419 3739 et
2465 3685 2792 3754 Antiochia,
2844 3686 3015 3741 tidem
3056 3688 3196 3744 solis
3224 3689 3445 3744 Judasis
3472 3691 3683 3762 pradi-

2043 3772 2275 3828 eabant.
2308 3773 2499 3845 Cyprii
2544 3779 2734 3828 tamen
2779 3776 3036 3843 quidam,
3076 3782 3131 3831 et
3174 3778 3446 3849 Cyrenaei,
3481 3780 3685 3837 Antio-

2045 3863 2208 3928 chiae,
2253 3862 2447 3916 divina
2502 3862 2585 3917 eis
2640 3861 2963 3933 opitulante
3002 3880 3203 3929 manu,
3255 3868 3691 3926 multitudinem

2045 3950 2338 4023 ingentem
2397 3967 2463 4005 ex
2523 3949 2854 4006 Hellenistis
2916 3968 3273 4025 numeroque
3330 3955 3693 4026 superiorem

2046 4040 2118 4096 ad
2153 4039 2327 4094 fidem
2361 4039 2743 4095 adduxerant.
2778 4041 2938 4105 Quod
2983 4056 3120 4097 cum
3153 4042 3404 4119 Ecclesia
3432 4043 3696 4103 Hieroso-

2049 4131 2344 4204 lymitanaa
2389 4129 2762 4197 innotuisset,
2804 4130 3126 4186 Barnabam
3160 4132 3529 4190 Antiochiam
3563 4135 3697 4193 mit-

2051 4226 2169 4275 tere
2228 4227 2531 4291 properat:
2594 4218 2690 4289 qui
2748 4235 2887 4274 sane
2950 4219 3144 4276 divina
3194 4221 3443 4279 refertus
3501 4226 3704 4295 gratia,

2051 4308 2320 4364 Tarsensi
2380 4307 2701 4379 conquisite
2751 4307 2947 4378 Paulo,
3010 4325 3141 4365 cum
3208 4327 3274 4367 eo
3335 4313 3701 4373 Antiochiam

2052 4396 2457 4470 proficiscitur.
2505 4400 2688 4468 Atque
2728 4397 2812 4453 ibi
2849 4415 3001 4454 anno
3029 4402 3149 4455 toto
3189 4400 3486 4470 docentes,
3520 4403 3704 4461 innu-

2053 4485 2389 4542 merabilem
2421 4487 2491 4541 ad
2524 4486 2819 4542 Christum
2862 4488 3209 4559 pertrahunt
3239 4490 3705 4560 multitudinem,

1979 4565 2025 4628 D
2058 4578 2254 4650 ibique
2299 4579 2554 4651 primum
2607 4578 2925 4651 discipulos
2964 4574 3323 4640 Christisn'os
3380 4584 3571 4639 vocari
3602 4584 3707 4640 de-

302 4686 440 4741 bere
462 4680 752 4738 sanciunt.
784 4679 1053 4735 Sedenim
1084 4679 1340 4750 Agabus,
1384 4694 1534 4733 unus
1573 4694 1641 4733 ex
1690 4677 1780 4734 his
1839 4678 1938 4749 qui
1992 4694 2124 4733 cum
2169 4678 2256 4734 eis
2303 4683 2471 4733 erant
2516 4677 2836 4750 prophetis,
2890 4679 3081 4736 famen
3131 4681 3386 4737 futuram
3419 4682 3701 4752 praedicit.

302 4772 523 4828 Paulus
581 4786 750 4842 porro
805 4773 863 4825 et
911 4769 1201 4826 Barnabas
1259 4769 1501 4823 t‘ratrum
1553 4768 1875 4823 ministerio
1924 4766 2332 4835 subservituri,
2384 4772 2618 4840 propter
2667 4768 2879 4824 famem
2929 4769 3320 4841 ingruentem,
3366 4770 3585 4841 passim
3644 4770 3703 4825 in

304 4864 429 4919 loca
459 4862 659 4917 omnia
685 4861 1015 4915 mittuntur.

378 5059 460 5131 (1)
488 5058 767 5131 Δειλὶορία

306 5128 887 5186 ἱηόηιὶοοοοοτεω
918 5128 1055 5184 Deo.
1088 5129 1261 5198 (Psal.
1297 5143 1467 5194 axvu,
1506 5128 1621 5196 32.)

792 5057 1087 5127 praeveniet
1115 5072 1315 5111 manus
1342 5056 1461 5127 ejus
1491 5056 1618 5119 Deo,
1650 5056 1760 5111 hoc
1808 5058 1915 5123 est,
1944 5055 2047 5111 ﬁlii
2087 5055 2387 5126 Ethiopiaa
2441 5061 2677 5113 current
2723 5059 2795 5113 ad
2843 5057 3281 5128 expandendum
3329 5074 3541 5114 manus
3571 5074 3711 5115 suae
