4084 6208
372 322 406 379 7
410 322 479 380 τι

878 452 1041 512 I48
1087 454 1322 511 CAPUT
1359 453 1479 510 VII.

372 564 449 618 Ba
480 579 597 688 plus:
626 564 702 618 ab
735 563 968 632 Abgaro,
1001 563 1056 618 in
1087 566 1307 620 civitate
1345 563 1564 631 Edessa,
1595 579 1692 634 per
1712 563 2015 634 apostolum

446 635 486 688 T
520 634 773 688 addaeum
817 639 947 688 sunt
1001 644 1121 688 acta
1145 653 1164 688 :
1210 646 1261 688 et
1308 635 1374 688 de
1427 636 1668 688 imaaine
1708 635 2014 688 Servatoris

446 634 773 690 Thaddaeum
817 639 947 690 sunt
1001 644 1121 690 acta
1145 653 1164 689 :
1210 646 1261 692 et
1308 635 1374 689 de
1427 636 1668 706 imagine
1708 635 2014 692 Servatorir

447 706 667 774 Christi,
698 706 854 761 nulla
885 724 1052 761 manu
1082 706 1499 773 interveniente,
1527 710 1690 778 picta.

440 812 634 884 Operae
667 812 915 884 pretium
950 830 1183 885 quoque
1221 814 1322 885 (ί),
1358 820 1423 870 ut
1451 816 1688 884 sciatur,
1718 814 1862 871 illud
1903 817 2012 883 est,

371 903 523 972 quod
574 902 892 958 Servatoris
942 904 1123 958 nostri
1172 904 1448 960 divinitas
1485 909 1541 960 et
1569 919 1807 976 operum
1840 920 2013 975 supra

369 991 540 1047 ﬁdem
589 999 642 1047 et
688 992 1016 1062 opinionem
1067 993 1327 1049 omnium
1374 994 1630 1050 effectrix
1674 993 1880 1061 virtus,
1912 1008 2015 1065 per

369 1082 584 1135 terram
644 1082 971 1136 universam
1042 1082 1363 1148 decantata,
1409 1082 1627 1138 multos
1674 1098 1898 1153 quoque
1946 1097 2014 1137 ex

370 1165 882 1240 longinquissimis
939 1170 1272 1241 regionibus
1343 1171 1662 1227 sanationis
1719 1171 2015 1229 incurabi-

326 1254 518 1312 .lium
570 1257 902 1314 morborum
958 1275 1062 1331 spe
1106 1262 1469 1331 permoverit.
1520 1259 1682 1316 Unde
1739 1259 2013 1331 toparcba

369 1346 636 1418 Abgarus
691 1347 967 1403 ditionem
1047 1364 1208 1404 suam
1262 1350 1412 1404 ultra
1472 1348 1817 1420 Euphratem
1877 1364 2011 1405 cum

367 1433 541 1491 laude
570 1438 1005 1505 administrans,
1056 1454 1122 1493 eo
1171 1439 1324 1509 quod
1378 1437 1681 1494 incurabili
1711 1443 2010 1508 torquere-

367 1526 465 1578 tur
494 1525 717 1592 morbo,
750 1542 881 1581 cum
916 1542 1124 1581 nomen
1147 1526 1281 1583 Jesu
1305 1526 1526 1582 celebre
1559 1543 1656 1595 per
1677 1532 1888 1582 terram
1923 1526 2014 1583 in-

371 1613 745 1669 crebrescens
776 1614 1038 1669 audisset
1058 1616 1505 1684 (testificabatur
1537 1615 1813 1670 nimirum
1848 1617 2011 1670 fama

369 1707 426 1757 et
456 1718 548 1758 res
579 1704 746 1775 ipsa),
781 1702 1020 1776 supplex
1052 1705 1101 1759 ei
1145 1722 1243 1776 per
1274 1704 1572 1773 epistolam
1610 1705 1693 1770 fit,
1724 1704 2015 1760 liberatio-

1665 316 2082 383 NICEPHORI
2126 316 2483 381 CALLISTI

2045 453 2100 519 Α

3656 320 3795 379 772

2771 450 3023 503 ΚΕΦΔΛ.
3052 450 3129 505 Ζ’.

2125 557 2217 629 Τέι
2244 556 2364 629 ὑπὸ
2395 550 2789 629 Αὐγάρουξν
2815 550 3421 629 Ἐδέσιζῃτῇπόλει⁸
3447 556 3803 629 γενόμενα

2196 623 2301 680 διὰ
2337 632 2452 682 τοῦ
2494 623 2878 699 ἀποστόλου
2927 623 3287 699 Θαδδαίου,
3319 627 3425 681 καὶ
3461 623 3625 699 περῖ
3666 629 3804 687 τῆς

2175 698 2687 773 ἀχειροποιήτου
2709 697 2968 759 εἰκόνος
2989 695 3437 772 τοῦΣωτῆρος
3457 695 3803 772 Χριστοῦ.

2204 803 2412 862 Εἶδέναι
2463 805 2557 878 μέν
2605 826 2689 859 τοι
2739 804 2828 858 καὶ
2880 808 3047 858 τοῦτο
3094 808 3203 858 τῶν
3252 805 3563 880 ἀναγκαίων
3610 805 3803 871 ἐστὶν,

2124 899 2199 962 ὡς
2232 899 2274 965 ,ἡ
2307 901 2403 952 τοῦ
2452 900 2713 969 Σωτῆρος
2760 897 2919 967 ἡμῶν
2968 893 3161 963 θεότης
3209 896 3300 948 καὶ
3337 893 3806 970 παραδοξοποιὸς

2123 985 2351 1061 δύναμις
2403 987 2718 1060 ἁπανταχοῦ
2766 991 2867 1052 τῆς
2917 989 3022 1058 γῆς
3087 979 3467 1057 διαϐοωμένη,
3525 984 3806 1046 πολλοὺς

2121 1077 2213 1133 καὶ
2261 1082 2370 1131 τῶν
2417 1074 2467 1149 ἐξ
2521 1072 2845 1142 ἀλλοδαπῆς
2891 1070 3073 1128 ἐλπίδι
3123 1073 3297 1127 νόσων
3345 1073 3582 1129 ἀνιάτων
3623 1076 3807 1149 θερα-

2127 1166 2279 1229 πείας
2308 1167 2547 1242 ἠγάγετο
2582 1183 2595 1197 ·
2630 1161 2776 1218 ἔνθεν
2826 1183 2912 1217 τοι
2959 1162 3049 1217 καὶ
3096 1162 3124 1216 ὁ
3172 1164 3463 1237 τοπάρχης
3506 1159 3804 1239 Αὕγαρος,

2118 1278 2227 1329 egw
2292 1257 2425 1330 ὑπὲρ
2480 1253 2769 1332 Εὐφράτην
2829 1251 3118 1324 ἐπισήμως
3193 1249 3559 1319 δυναστεύων,
3621 1252 3804 1306 πάθει

2123 1346 2324 1418 ἀνιάτῳ
2348 1344 2437 1399 καὶ
2488 1343 2647 1404 οὗτος
2690 1340 3093 1412 ἐκπιεζόμενος,
3146 1338 3260 1395 ἐπεὶ
3310 1341 3371 1394 τὸ
3423 1342 3610 1409 Ἰησοῦ
3661 1339 3801 1395 δια-

2121 1434 2364 1490 κούσειεν
2416 1432 2587 1506 ὄνομα
2635 1430 2780 1486 πολῦ
2808 1451 2863 1485 τι
2908 1427 3117 1483 διαθέον
3167 1431 3265 1497 τήν
3309 1437 3431 1502 γῆν,
3483 1430 3802 1504 ἐμαρτύρει

2124 1521 2181 1578 δὲ
2229 1522 2330 1597 ἄρα
2376 1522 2465 1575 καὶ
2510 1523 2579 1593 τῇ
2625 1522 2784 1598 φήμῃ
2835 1519 2900 1572 τὰ
2941 1519 3258 1593 πράγματα,
3296 1517 3476 1587 ἱκέτης
3507 1519 3681 1573 αὐτοῦ
3715 1516 3802 1572 δι’

2123 1612 2422 1690 ἐπιστονῆς
2473 1609 2706 1685 ἐγένετο,
2737 1609 2837 1675 τὴν
2887 1613 2986 1677 τῆς
3034 1609 3191 1661 νόσου
3224 1605 3557 1683 ἂπαλλαγὴν
3591 1608 3794 1677 ἀξιῶν.

2124 1708 2181 1756 '0
2243 1701 2289 1757 δ’
2364 1702 2517 1771 ἥκειν
2588 1701 2665 1773 μή
2744 1698 3076 1764 ὑπακούσας,
3126 1695 3452 1772 ἀντίγραφον
3516 1693 3563 1749 δ’
3625 1696 3797 1767 ὅμως

366 1808 498 1848 nem
532 1810 564 1848 a
595 1793 796 1848 morbo
827 1810 893 1849 eo
926 1811 1156 1862 rogans.
1208 1792 1307 1849 Ille
1336 1809 1468 1849 vero
1507 1794 1575 1847 ad
1608 1810 1741 1849 eum
1773 1794 2009 1864 quidem

2132 1791 2351 1853 οἰκείαις
2384 1789 2727 1863 διασημήνας
2758 1806 2975 1863 χερσιν,
3007 1784 3358 1853 ἀποστέλλει,
3392 1791 3510 1839 Δεῖν
3559 1786 3794 1854 ἑαυτὸν,

2132 1878 2149 1890 .
2210 1882 2229 1890 μ
2271 1880 2283 1890 .
2411 1880 2436 1890 ..
2752 1878 2766 1890 .
2934 1879 2961 1890 ..
3024 1882 3066 1890 ..
3181 1876 3195 1890 ι
3295 1873 3309 1890 .
3385 1875 3396 1890 .
3475 1872 3495 1890 ς
3663 1872 3688 1887 ιι

366 1882 562 1937 venire
610 1883 958 1953 supersedit,
1012 1890 1113 1954 per
1158 1882 1461 1955 epistolam
1508 1889 1706 1939 tamen
1740 1884 2012 1939 manibus

367 1971 488 2027 suis
521 1972 796 2043 scriptam
831 1973 879 2029 ei
943 1975 1275 2046 respondit:
1328 1979 1590 2045 oportere
1638 1990 1721 2042 se,
1762 1989 2013 2029 comme-

370 2075 630 2129 morans,
676 2077 809 2116 cum
861 2078 982 2133 quas
1014 2062 1067 2116 ei
1098 2079 1131 2116 a
1164 2062 1328 2118 Patre
1356 2065 1640 2135 imperata
1669 2066 1861 2118 essent
1892 2078 2015 2134 per-

370 2149 621 2216 fecisset,
652 2151 723 2205 ad
754 2166 889 2206 eum
930 2151 1156 2206 reverti.
1199 2152 1551 2208 Profectione
1599 2168 1731 2207 vero
1778 2168 1845 2207 ea
1876 2168 2011 2206 con-

368 2239 540 2307 facta,
570 2256 637 2295 ex
660 2241 1043 2296 sectatoribus
1065 2242 1186 2296 suis
1206 2258 1412 2309 unum,
1435 2241 1795 2297 Thaddaaum
1826 2241 2012 2295 nomi-

370 2343 464 2395 ne,
496 2329 565 2383 ad
604 2329 770 2384 illum
820 2328 1163 2397 missurum,
1207 2329 1302 2401 qui
1343 2346 1476 2384 cum
1526 2330 1795 2385 morbum
1848 2329 2012 2385 illum

368 2420 707 2486 sanaturus,
737 2420 862 2473 tum
903 2419 1029 2472 vitae
1061 2418 1172 2473 sibi
1215 2418 1449 2489 suisque
1483 2417 1737 2474 melioris
1766 2418 2017 2473 admini-

372 2508 491 2569 ster
520 2505 754 2561 futurus
781 2513 952 2562 esset.
1010 2509 1211 2578 Itaque
1264 2517 1393 2578 post
1439 2509 1954 2563 ressurrectionem
1985 2525 2018 2562 a

378 2593 644 2659 mortuis,
669 2599 724 2649 et
748 2595 1146 2650 ascensionem
1182 2596 1237 2649 in
1269 2594 1464 2660 caelos,
1497 2596 1751 2651 Thomas
1782 2612 1847 2651 ex
1879 2597 2019 2651 duo-

376 2682 563 2739 decim
611 2698 784 2752 unus,
833 2684 1029 2739 divino
1088 2686 1338 2755 quodam
1405 2691 1587 2754 motu,
1641 2686 2017 2749 Thaddaeum,

381 2770 478 2842 qui
509 2786 573 2826 ex
605 2773 974 2845 septuaginta
1006 2772 1122 2827 illis
1153 2788 1281 2827 esse
1310 2774 1580 2844 cognitus
1608 2778 1713 2840 est,
1746 2775 1815 2829 ad
1848 2774 2021 2829 Edes-

379 2877 506 2916 sam
546 2876 867 2931 pmconem
899 2868 956 2918 et
986 2862 1405 2934 Evangelistum
1440 2864 1635 2928 mittit,
1669 2867 1732 2918 ut
1762 2880 1861 2933 per
1884 2879 2017 2918 eum

384 2965 513 3022 quas
566 2949 834 3005 Christus
909 2949 1272 3021 promiserat,
1321 2953 1519 3006 omnia
1583 2952 1795 3007 exitum
1845 2968 2018 3007 suum

378 3044 891 3112 consequerentur.
948 3044 1136 3114 Atque
1174 3043 1251 3097 ibi
1303 3043 1632 3099 Thaddaeus
1680 3060 1812 3099 cum
1845 3048 2020 3098 esset.

373 3130 564 3187 Tobias
595 3133 905 3199 cujusdam
956 3130 1211 3202 hospitio
1248 3136 1543 3202 exceptus,
1577 3147 1811 3187 omnem
1843 3149 2017 3187 cura-

2122 1878 2357 1952 διεξιὼν,
2407 1880 2505 1935 ὅσα
2553 1900 2615 1952 γε
2670 1878 2807 1951 πρὸς
2865 1879 2965 1931 τοῦ
3024 1876 3235 1951 Πατρὸς
3290 1872 3616 1947 ἐντέταλμαι
3660 1872 3796 1928 δια-

2121 1973 2373 2041 νύσαντα,
2438 1969 2577 2044 πρὸς
2629 1968 2791 2024 αὐτὸν
2850 1965 3115 2023 ἀνελθεῖν.
3176 1966 3365 2022 Ἠνίκα
3412 1962 3461 2019 δ’
3511 1964 3606 2020 οὖν
3641 1967 3793 2038 πρὸς

2121 2060 2321 2117 ἐκεῖνον
2369 2057 2680 2115 στείλασθαί
2732 2078 2826 2131 μοι
2858 2056 3070 2131 γένοιτο
3116 2056 3216 2123 τήν
3258 2053 3501 2128 πορείαν,
3545 2050 3641 2109 ἕνα
3687 2074 3784 2108 τοι

2122 2155 2232 2207 τῶν
2264 2150 2429 2223 ζέμῶν
2469 2144 2692 2203 ἀπαδῶν
2748 2145 3061 2219 ἐπιπέμψω,
3114 2141 3378 2198 Θαδδαῖον
3430 2143 3605 2214 ὄνομα
3641 2160 3655 2176 ⁸
3714 2145 3783 2204 ὃς

2121 2241 2215 2296 καὶ
2252 2240 2313 2294 τὸ
2357 2239 2449 2293 σὸν
2497 2237 2785 2309 ἰασάμενος
2818 2236 3010 2299 πάθος,
3042 2233 3130 2287 καὶ
3181 2236 3328 2303 ζωῆς
3372 2232 3627 2306 μείζονος
3659 2238 3784 2295 σοῖς

2121 2349 2180 2384 τε
2236 2328 2323 2384 καὶ
2380 2337 2497 2389 τοῖς
2560 2325 2653 2380 σὺν
2698 2325 2782 2379 σοὶ
2840 2323 3062 2401 γένηται
3122 2320 3392 2401 χορηγός.
3447 2322 3548 2377 Καὶ
3594 2322 3782 2376 τοίνυν

2129 2418 2261 2489 μετὰ
2313 2418 2412 2485 τὴν
2466 2414 2525 2469 ἐκ
2580 2417 2782 2488 νεκρῶν
2850 2413 3136 2467 ἀνάστασιν
3210 2410 3299 2464 καὶ
3368 2409 3445 2471 είς
3509 2410 3782 2484 οὐρανοὺς

2125 2504 2316 2561 ἄνοδον
2366 2509 2562 2578 Θωμᾶς
2623 2505 2650 2558 ὁ
2697 2507 2805 2557 τῶν
2862 2498 3072 2555 δώδεκα
3104 2502 3200 2568 εἷς,
3232 2498 3347 2570 θείᾳ
3399 2499 3505 2553 τινὶ
3563 2501 3778 2569 κινήσει

2128 2592 2413 2663 Θαδδαῖον,
2474 2594 2546 2655 εἷς
2598 2590 2655 2647 δὲ
2703 2595 2813 2646 τῶν
2873 2591 2916 2644 ο¹
2982 2590 3140 2652 οὗτος
3221 2586 3632 2663 ἂνεγνωρίζετο,
3708 2592 3780 2661 τῇ

2128 2684 2351 2759 Ἐδέσσῃ
2407 2688 2618 2759 κήρυκα
2666 2683 2868 2755 πέμπει
2916 2681 3006 2737 καὶ
3061 2679 3470 2755 εὖαγγελιστὴν,
3504 2680 3581 2741 ὡς
3627 2676 3690 2732 ἄν
3721 2698 3783 2753 γε

2131 2774 2200 2830 δι’
2254 2777 2444 2839 αὐτοῦ,
2488 2773 2656 2846 πέρας
2708 2772 2775 2828 τὰ
2829 2772 2963 2825 κατὰ
3011 2770 3242 2845 Χριστὸν
3312 2763 3522 2823 ἅπαντα
3580 2770 3782 2842 σχοίη.

2133 2865 2229 2920 Καὶ
2290 2861 2357 2932 δὴ
2405 2861 2670 2923 Θαδδαῖος
2713 2859 2883 2915 ἐκεῖσε
2929 2860 3240 2935 γενόμενος,
3274 2859 3419 2930 παρά
3447 2878 3555 2912 τινι
3594 2854 3787 2929 Τωϐία

2130 2954 2492 3019 εἶσοικισθεὶς,
2538 2957 2708 3007 πᾶσαν
2766 2953 2919 3007 νόσον
2967 2951 3201 3021 ἰώμενος
3232 2950 3321 3018 ἦν.
3368 2951 3434 3002 Ὅ
3484 2945 3551 3019 δὴ
3586 2947 3782 3004 ἐνωτιο

2130 3044 2361 3117 σάμενος
2395 3040 2663 3117 Δῧγαρος,
2694 3041 2785 3096 καὶ
2842 3039 2895 3095 ἐν
2954 3041 3145 3113 μνήμῃ
3191 3043 3298 3094 τῶν
3348 3036 3780 3110 ἀπεσταλμένων

2128 3137 2208 3205 τῷ
2255 3135 2436 3202 Ἰησοῦ
2499 3133 2811 3205 γενόμενος,
2888 3130 3046 3190 εὐθὺς
3105 3127 3265 3182 αὐτὸν
3327 3125 3780 3201 μεταστέλλεται.

371 3221 473 3276 bat
531 3221 955 3292 egritudinem.
999 3201 1157 3288 Quod
1217 3222 1314 3276 ubi
1360 3223 1679 3278 audivisset
1726 3223 2014 3294 Abgarus,

2134 3201 2232 3276 Καὶ
2264 3201 2330 3291 δὴ
2390 3220 2485 3282 τὰς
2513 3201 2685 3294 -ὄψεις
2734 3219 2885 3288 αὐτῷ
2935 3212 3289 3292 προσϐαλὼν,
3339 3217 3427 3270 καὶ
3476 3220 3545 3287 τῇ
3579 3215 3785 3270 ἐκεῖθεν

374 3327 501 3383 qua
533 3312 584 3368 ei
621 3329 655 3368 a
696 3311 830 3369 Jesu
874 3328 974 3384 per
1027 3311 1330 3383 epistolam
1381 3314 1597 3385 scripta
1654 3314 1906 3379 fuerant,
1958 3313 2015 3368 in

375 3401 715 3458 memoriam
747 3418 1044 3468 revocans,
1097 3402 1291 3456 statim
1326 3400 1491 3457 illum
1527 3405 1772 3458 accersit
1803 3421 1816 3458 :
1852 3404 2020 3473 cujus

373 3504 506 3546 cum
537 3489 742 3545 faciem
798 3491 1214 3562 conspexisset,
1258 3500 1310 3546 et
1349 3492 1415 3545 ad
1465 3489 1833 3563 splendorem
1884 3491 2021 3547 inde

374 3578 675 3634 emicantis
709 3579 857 3634 lucis
887 3578 1307 3651 obstupuisset,
1356 3580 1415 3634 in
1466 3585 1775 3649 conspectu
1807 3581 2021 3651 prima-

375 3666 593 3722 riorum
626 3668 774 3721 circa
804 3683 866 3722 se
894 3668 1148 3721 virorum
1184 3667 1506 3736 procidens,
1541 3668 1895 3722 adorationis
1929 3683 2018 3723 re-

374 3755 693 3812 verentiam
751 3756 1038 3811 Tbaddaeo
1109 3763 1359 3828 prastat,
1437 3756 1886 3828 diligenterque,
1944 3773 2017 3812 an

372 3846 501 3917 ejus
537 3846 635 3917 qui
668 3846 971 3917 epistolam
1005 3847 1071 3901 ad
1126 3863 1188 3901 se
1220 3845 1476 3901 misisset
1502 3846 1665 3913 Jesu,
1698 3845 2021 3919 discipulus

371 3940 545 4004 esset,
580 3935 839 4006 inquirit.
875 3935 1023 3990 Tum
1072 3934 1170 3989 ille
1198 3936 1326 4005 ejus
1378 3952 1440 3989 se
1482 3951 1611 3990 csse
1655 3935 1813 3996 dicit.
1847 3952 2018 4007 prop-

370 4028 640 4096 tereaque
670 4025 884 4090 venire,
911 4032 975 4079 ut
1008 4024 1141 4079 fidei
1173 4024 1282 4080 fide
1308 4023 1481 4095 digna
1513 4028 1827 4096 praestaret.
1857 4024 2019 4089 Quod

372 4114 512 4170 siin
544 4115 735 4186 priore
776 4120 1164 4187 perseveraret
1210 4115 1505 4170 sententia
1534 4119 1591 4169 et
1633 4115 1761 4181 fids,
1800 4116 2023 4185 majora

375 4218 506 4259 eum
539 4204 825 4273 visurum,
856 4210 911 4260 et
941 4211 1139 4275 Optata
1176 4206 1365 4260 cordis
1394 4204 1523 4274 eius
1556 4204 1628 4259 ad
1660 4205 1920 4260 debitum
1954 4203 2023 4258 fi-

374 4306 507 4345 nem
541 4306 717 4346 suum
748 4298 1112 4364 perventura.
1144 4293 1409 4365 Abgarus
1438 4309 1592 4361 vero,
1627 4315 1653 4343 ι(
1687 4293 1766 4349 Ea
1795 4298 1904 4359 est,
1938 4293 2023 4348 in-

376 4380 525 4453 quit,
560 4380 702 4438 ﬁdos
731 4388 788 4438 et
816 4384 1115 4454 persuasio
1156 4400 1304 4452 mea,
1346 4388 1410 4438 ut
1439 4384 1613 4439 etiam
1645 4399 1759 4441 non
1791 4383 2024 4439 dubita—

372 4485 519 4536 rem,
549 4470 802 4525 exercitu
832 4476 1051 4538 coacto,
1095 4480 1289 4527 contra
1317 4489 1414 4527 eos
1463 4473 1565 4543 qui
1602 4472 1764 4528 illum
1805 4472 1860 4526 in
1894 4487 2023 4529 cru-

2126 3313 2503 3389 ἆστραπτοῦσῃ
2582 3311 2750 3387 αἴγλῃ
2825 3309 3218 3385 καταπλαγεὶς,
3289 3307 3465 3363 πεσὼν
3539 3306 3784 3362 ἐνώπιον

2128 3406 2235 3457 τῶν
2276 3402 2651 3477 ὑπερεχόντων
2702 3401 2873 3472 αὐτῷ,
2919 3399 3019 3469 τήν
3080 3398 3450 3473 προσκύνησιν
3492 3401 3572 3467 τῷ
3634 3393 3784 3451 Θαδ-

2129 3489 2264 3564 δαίῳ
2313 3491 2590 3565 ἀπένειμε,
2630 3489 2720 3544 καὶ
2760 3483 3003 3564 ἀκριϐῶς
3057 3488 3346 3560 ἁνηρεύνα,
3403 3487 3449 3540 εἱ
3506 3489 3607 3539 τοῦ
3653 3487 3787 3560 γράο

2127 3584 2323 3654 ψαντος
2363 3581 2545 3648 Ἰησοῦ
2599 3580 2698 3648 τήν
2747 3576 3044 3647 ἐπιστολήν
3086 3576 3194 3631 ἐστι
3259 3577 3533 3649 μαθητής.
3561 3575 3669 3630 Τὸν
3728 3572 3785 3631 δὲ

2131 3670 2315 3747 φάναι,
2371 3670 2577 3724 ἐκείνου
2633 3689 2690 3723 τε
2748 3667 2905 3738 εἶναι,
2963 3667 3052 3721 καὶ
3111 3663 3181 3720 δι’
3236 3665 3366 3719 αὐτό
3393 3684 3451 3739 γε
3506 3663 3666 3733 ἥκειν
3714 3669 3785 3739 τῇ

2129 3757 2304 3813 πίστει
2363 3759 2430 3812 τά
2480 3758 2642 3811 πιστὰ
2700 3753 2904 3811 δοῦναι.
2959 3754 3063 3811 Καὶ
3122 3753 3229 3829 εἴγε
3294 3757 3410 3814 τοῖς
3489 3754 3784 3826 προτέροις

2128 3845 2379 3921 ἐμμένοι,
2431 3846 2654 3919 μείζονά
2700 3867 2758 3900 τε
2808 3842 2966 3909 ἰδεῖν⁹
2995 3844 3084 3898 καὶ
3131 3845 3197 3897 τά
3235 3849 3334 3911 τῆς
3363 3838 3589 3916 καρδίας
3620 3839 3785 3911 αἰδή-

2134 3957 2277 4010 ματα
2332 3935 2522 4005 ἔντελῆ
2575 3936 2903 3991 καθεστῶτα.
2966 3936 3027 3991 Ὁ
3087 3930 3164 3999 δὲ,
3227 3956 3256 3985 α
3315 3930 3470 3987 Οὕτω
3521 3932 3778 4001 πιστίύω,

2131 4028 2317 4102 φησὶν,
2369 4027 2443 4089 ὡς
2505 4025 2595 4080 καὶ
2655 4022 2889 4098 δύναμιν
2943 4018 3305 4078 ἀναλαϐέσθαι
3362 4021 3654 4096 αἱρεῖσθαι,
3691 4021 3775 4075 καί

2130 4118 2266 4171 κατὰ
2321 4119 2429 4170 τῶν
2496 4114 2922 4190 σταυρωσάντων
2993 4111 3228 4177 ἐκεῖνον,
3274 4110 3526 4184 πόλεμον
3580 4110 3777 4185 ἀνεγει-

2133 4224 2265 4277 ρειν,
2291 4204 2336 4261 εί
2390 4204 2466 4277 μὴ
2500 4202 2622 4266 δέος
2652 4205 2719 4273 ἦν
2769 4203 2827 4259 ἐκ
2873 4200 3188 4276 Ῥωμαίων,
3217 4202 3378 4273 ἡμῶν
3424 4198 3651 4260 ἐκείνοις
3692 4199 3783 4253 τὸν

2134 4293 2339 4369 αὖχὲνα
2394 4293 2718 4350 κλινάντων.
2780 4317 2809 4346 ››
2867 4295 2923 4347 ’0
2978 4291 3035 4347 δὲ
3090 4288 3377 4362 Θαδδαῖος,
3417 4315 3437 4341 ι
3489 4294 3550 4347 Ὁ
3582 4289 3788 4364 Κύριος

2131 4385 2317 4455 ἡμῶν,
2351 4385 2539 4459 φησὶν,
2572 4385 2785 4454 Ἰησοῦς
2833 4383 2932 4439 οὐκ
2983 4378 3204 4452 ἐπιδεής
3254 4379 3395 4435 ἐστιν
3432 4378 3789 4455 ἀνθρωπίνης

2134 4474 2320 4548 χειρός
2354 4491 2365 4504 ·
2405 4472 2469 4527 τὸ
2520 4471 2739 4545 θέλημα
2789 4476 2886 4527 τοῦ
2947 4468 3087 4526 ἰδίου
3148 4469 3356 4543 Πατρὸς
3396 4465 3791 4542 ἐκπληρώσας,

374 4573 497 4614 cem
528 4565 791 4631 egerunt,
835 4559 1050 4615 bellum
1082 4561 1415 4632 suscipere:
1477 4560 1588 4616 nisi
1648 4578 1681 4615 a
1725 4561 2018 4631 Romanis,

2132 4562 2267 4637 πρὸς
2327 4559 2486 4616 αὑτὸν
2547 4562 2848 4639 ἀνελήφθη.
2897 4582 2928 4617 ι
2988 4558 3235 4635 Λῦγαρος
3267 4555 3397 4625 δὲ,‹‹
3446 4556 3602 4614 Ἀλλ’
3650 4556 3792 4633 ἐγὼ,

376 4648 597 4719 quibus
618 4648 764 4705 colla
785 4649 897 4722 ipsi
928 4649 1340 4706 submittimus
1361 4650 1462 4722 (‘2).
1493 4655 1682 4706 metus
1711 4654 1768 4705 et
1798 4650 2026 4722 pericu-

374 4736 499 4793 lum
523 4737 876 4794 immineret.
901 4760 931 4789 »ι
952 4739 1281 4795 Tbaddazus
1304 4755 1463 4806 vero,
1483 4761 1511 4789 «
1534 4738 1819 4795 Dominus
1836 4747 2029 4795 noster

372 4826 567 4896 Jesus,
587 4826 802 4899 inquit,
829 4826 1002 4885 444
1029 4845 1202 4884 manu
1220 4829 1502 4884 etauxilio
1520 4827 1780 4884 humano
1796 4844 1910 4884 non
1935 4829 2027 4883 in-

374 4914 550 4986 diget,
578 4916 678 4987 qui
715 4916 1012 4973 voluntate
1058 4918 1240 4974 Patris
1273 4916 1365 4973 sui
1395 4915 1697 4987 completa,
1731 4918 1802 4973 ad
1833 4918 2025 4991 ipsum

374 5008 465 5059 est
495 5019 779 5061 reversus.
814 5027 843 5057 »
884 5008 1149 5077 Abgarus
1197 5023 1455 5076 rursum,
1489 5028 1518 5057 «
1578 5006 1689 5063 Sed
1743 5022 1868 5079 ego,
1923 5008 2025 5076 ait,

373 5092 483 5162 ipsi
517 5092 792 5165 Patrique
841 5095 994 5163 ejus,
1026 5111 1150 5167 quas
1204 5094 1340 5151 fidei
1374 5099 1534 5159 sunt,
1566 5096 1961 5167 rependerem.
1995 5117 2025 5146 ››

378 5202 407 5231 ιι
440 5181 504 5237 Si
548 5182 658 5237 boc
700 5184 781 5237 ita
828 5189 939 5250 est,
991 5185 1165 5240 infert
1207 5184 1558 5251 Tbaddaus,
1593 5200 1663 5239 en
1695 5184 1801 5239 tibi
1834 5186 1890 5239 in
1921 5201 2028 5241 no-

382 5272 539 5325 mine
566 5268 702 5327 Jesu
732 5270 941 5328 Christi
975 5289 1212 5328 manum
1246 5289 1436 5329 meam
1467 5273 1724 5344 impono.
1759 5294 1791 5323 »
1821 5273 2031 5329 Simul-

386 5372 499 5428 que
547 5374 682 5414 cum
728 5363 944 5416 attactu
976 5365 1034 5417 et
1081 5361 1318 5417 morbus
1356 5361 1685 5433 profugiens
1714 5363 2027 5432 evanescit,

468 5535 545 5610 (ξ)
573 5534 1040 5610 ἓιεῇοεηρῂιιω
1074 5538 1205 5595 hoc.
1236 5539 1469 5609 (Euseb.
1493 5539 1596 5609 lib,
1636 5556 1677 5609 ι,
1707 5556 1832 5610 cap.
1866 5538 1975 5609 13).

2137 4650 2317 4727 uncia,
2374 4651 2522 4722 αὐτῷ
2574 4671 2633 4706 τε
2689 4652 2756 4706 τὰ
2807 4656 2908 4720 τῆς
2963 4649 3195 4711 πίστεως
3228 4643 3534 4720 ἀπεδόμην,
3574 4646 3667 4701 καὶ
3714 4653 3796 4720 τῷ

2135 4738 2299 4794 αὐτοῦ
2353 4741 2546 4813 Πατρί.
2589 4763 2617 4793 ››
2670 4763 2698 4791 ι(
2753 4739 2852 4795 Καὶ
2912 4738 2958 4794 εί
3013 4741 3195 4807 τοῦτο,
3255 4735 3439 4812 ἐπάγει
3495 4732 3791 4806 Θαδδαῖος,

2138 4825 2255 4882 ἰδοὺ
2286 4827 2339 4883 ἐν
2389 4833 2470 4901 τῷ
2515 4828 2743 4903 ὀνόματι
2796 4830 2980 4900 Ἰησοῦ
3028 4831 3261 4899 Χριστοῦ
3306 4826 3406 4894 τήν
3452 4824 3591 4898 ἐμὴν
3624 4827 3794 4900 χεῖρά

2139 4938 2224 4971 σοι
2280 4916 2585 4991 ἐπιτίθημι.
2624 4943 2651 4969 n
2706 4921 2862 4991 ’Ἅμα
2911 4914 2969 4971 δὶ
3015 4920 3084 4990 τῇ
3132 4917 3241 4993 άφῇ
3271 4913 3361 4969 καὶ
3401 4915 3436 4982 ἡ
3467 4911 3627 4974 νόσος
3659 4910 3792 4987 δραι

2137 5004 2433 5061 πετεύουσα
2492 5005 2585 5075 ἦν.
2620 5004 2720 5060 Καὶ
2767 5004 2928 5066 αὐτὸς
2971 5003 3158 5078 ἀκαρεὶ
3208 5002 3388 5073 ὥσπερ
3434 4999 3502 5069 ἦν
3550 5001 3659 5073 πρὸ
3686 5007 3791 5070 τῆς

2135 5094 2294 5148 νόσου
2351 5093 2762 5169 ἆνεγνωρίζετο.
2812 5092 2924 5148 Οὐκ
2981 5092 3143 5154 αὐτὸς
3185 5087 3244 5145 δὲ
3294 5088 3477 5162 μόνος,
3521 5084 3669 5142 ἀλλὰ
3698 5088 3792 5143 καὶ

2138 5180 2318 5246 Αὗδος
2377 5185 2405 5240 ὁ
2457 5190 2610 5253 παῖς,
2660 5185 2804 5257 νόσῳ
2850 5183 2941 5238 καὶ
2990 5181 3149 5244 αὐτὸς
3196 5179 3323 5242 τοὺς
3369 5174 3540 5239 πόδας
3580 5176 3792 5255 ἀλγῶν.

2141 5270 2354 5327 Πολλοὶ
2378 5270 2437 5328 δὲ
2464 5273 2556 5328 καὶ
2574 5271 2743 5329 ἄλλοι
2771 5278 2879 5329 τῶν
2909 5278 3011 5343 τῆς
3040 5269 3263 5326 πόλεωσ
3295 5267 3475 5329 νόσοις
3505 5265 3795 5330 ποικίλαις

2140 5359 2483 5433 παλαίοντες,
2540 5361 2679 5438 εὐχῇ
2736 5383 2795 5418 τε
2853 5363 2966 5437 ἅμα
3021 5359 3111 5417 καὶ
3166 5362 3236 5434 τῇ
3292 5359 3403 5436 ἁφῇ
3450 5357 3645 5411 θᾶττον
3683 5360 3797 5413 τῶν

460 5606 545 5680 (2)
573 5606 689 5663 Esf
705 5606 814 5665 hoc
844 5606 1283 5668 summissionis
1308 5606 1687 5668 Orientalium
1716 5606 2066 5682 populorum
2098 5611 2428 5673 Graecorum
2459 5622 2513 5673 et
2541 5615 2971 5674 Ruthenorum.
