4084 6208
247 314 364 374 773

1266 311 1888 376 ECCLESIASTIC/E
1931 307 2323 373 HlSTORl/E
2365 311 2512 372 LIB.
2560 313 2640 372 II.

3533 315 3653 373 774

246 447 532 523 δυσχερῶν
562 443 999 500 ἀπσλλάττοντο.
1036 445 1158 500 Ἐπὶ
1203 445 1260 500 δὲ
1307 448 1522 508 τούτοις
1569 449 1668 516 τήν
1728 447 1890 501 πόλιν

2019 451 2060 500 at
2088 447 2210 517 ipse
2235 447 2389 501 brevi
2425 448 2945 518 momento,qualis
2964 451 3099 503 ante
3143 448 3411 503 morbum
3445 449 3652 514 fuerat,

245 542 455 592 ἅπασαν
506 534 892 605 ἐκκλησιασας,
925 535 1023 602 τήν
1071 537 1205 589 κατὰ
1250 537 1339 589 τὸν
1392 544 1623 610 Σωτῆρα
1664 538 1895 609 Χριστὸν

1601 628 1665 680 τα
1697 627 1898 679 τελεώ-

242 735 379 788 τερα
439 711 494 767 δὲ
549 713 764 774 τούτοις
839 715 1076 784 μυήσας,
1121 719 1219 767 τοῦ
1265 734 1323 768 τε
1379 714 1526 768 θείου
1574 714 1904 783 καταξιώσας

246 625 565 696 οἰκονομίαν
618 621 823 677 ἅπασαν
858 626 884 678 6
936 623 1244 686 ἀπόστολος
1303 623 1548 698 διεξῄει·

249 807 509 879 γουτροῦ,
569 803 744 868 ἱερέας
802 823 860 856 τε
916 803 1390 876 καταστησάμενος
1443 804 1534 864 οὕς
1592 824 1655 880 γε
1727 806 1905 876 χρεὼν

246 893 342 961 ἦν,
407 894 493 946 καὶ
545 889 723 946 τᾶλλα
799 891 968 944 πάντα
1039 891 1224 952 καλῶς
1309 889 1644 964 διαθέμενος,
1731 898 1901 946 πᾶσαν

1670 980 1904 1035 ἐντεῦθεν

249 1068 343 1125 δια
372 1074 539 1124 ταῦτα
566 1074 646 1141 τῷ
692 1069 986 1141 ἀποστόλῳ
1019 1071 1153 1140 πρὸς
1211 1070 1458 1144 Λὺγάρου
1499 1070 1902 1143 κομιζομένων,

250 1159 524 1214 ἀπείπατο
575 1155 842 1228 δέξασθαι,
892 1180 916 1209 α
967 1156 1026 1212 Εἰ
1085 1159 1150 1212 τὰ
1202 1161 1466 1233 ἡμέτερα,
1513 1159 1702 1220 εἰπὼν,
1754 1179 1906 1212 κατε-

251 1250 544 1323 λείψαμεν,
577 1252 693 1308 πῶς
747 1245 1038 1320 ληψόμεθα
1092 1247 1158 1301 τὰ
1215 1247 1527 1324 ἀλλότρια;
1582 1250 1648 1304 Ἦ
1680 1268 1742 1322 γε
1798 1249 1905 1320 μὴν

253 1344 351 1394 τοῦ
383 1338 638 1412 Αὐγαρου
671 1335 936 1405 ἐπιςτολη
971 1338 1105 1409 πρὸς
1139 1337 1397 1411 Χρίστὸν,
1429 1338 1494 1406 ἢν
1527 1335 1597 1391 δι’
1650 1337 1902 1392 Ἀνανίου

254 1426 617 1506 ταχυδρόμου
695 1427 782 1481 καὶ
863 1425 1176 1500 κούρσωρος
1260 1423 1653 1495 ἕξαπέστειλεν,
1724 1427 1797 1487 ὠς
1854 1426 1906 1479 ἐν

251 1519 414 1589 τόπῳ
488 1511 788 1580 διαλαϐεῖν,
841 1512 969 1570 τάδε
1045 1513 1248 1582 λέξεσιν
1322 1514 1510 1576 αὐταῖς
1581 1520 1827 1589 περιεῖχε
1886 1533 1900 1547 ·

1561 979 1603 1000 Ἀ)

249 981 462 1051 ἐκείνην
522 979 790 1056 ἀφιέρωσε
846 985 925 1048 τῷ
983 985 1118 1051 Θεῷ.
1181 981 1496 1054 Χρημάτων
1558 979 1584 1035 δ

252 1631 282 1658 ι(
323 1607 452 1681 Περῖ
504 1610 600 1658 σοῦ
658 1605 747 1656 καὶ
802 1608 908 1658 τῶν
951 1607 1057 1656 σῶν
1111 1603 1300 1656 ἱάσεων
1354 1605 1626 1673 ἀκηκοὼς,
1664 1604 1738 1664 ὡς
1770 1623 1902 1679 φαρ-

252 1697 446 1767 μάκων
483 1692 604 1748 ἄνευ
634 1693 723 1747 καὶ
759 1693 1015 1767 βοτανῶν,
1048 1691 1200 1766 λόγῳ
1248 1690 1304 1746 δὲ
1355 1693 1505 1765 μόνῳ
1543 1693 1768 1770 τυφλοῖς
1807 1693 1900 1764 μὲν

2012 536 2364 604 agnoscitur.
2396 537 2474 588 Ac
2508 552 2618 589 non
2656 536 2778 606 ipse
2811 540 3209 602 modo,verum
3243 539 3415 592 etiam
3452 538 3655 592 Audus

2017 627 2170 680 [ilius
2199 627 2348 695 ejus,
2382 627 2594 696 pedum
2643 628 2842 682 morbo
2873 627 3165 692 laborans,
3206 630 3490 700 multique
3520 645 3657 700 prae-

2016 721 2168 769 terea
2198 715 2292 768 alii
2327 715 2577 768 civitatis
2598 716 2742 784 ejus,
2775 718 2946 770 variis
2987 718 3381 772 conflictantes
3414 717 3654 781 morbis,

2015 805 2273 858 oratione
2303 805 2475 858 simul
2509 809 2565 857 et
2597 811 2812 858 attactu
2844 805 3103 860 celeriter
3133 807 3467 877 gravamine
3497 808 3659 862 omni

2013 893 2354 948 liberantur.
2409 893 2542 948 Post
2582 893 2722 959 hth,
2765 901 3075 949 convocata
3107 896 3178 949 ad
3209 897 3544 951 concionem
3577 897 3657 950 ci-

2012 982 2185 1036 vitate
2216 982 2399 1046 omni,
2443 983 2740 1051 apostolus
2778 983 2995 1038 obitam
3047 983 3248 1040 salutis
3280 991 3492 1041 nostras
3533 989 3658 1042 Ser-

2014 1072 2193 1126 vatori
2224 1071 2451 1125 Christo
2513 1071 2869 1126 functionem
2911 1088 3142 1127 omnem
3166 1075 3418 1144 exponit.
3466 1075 3659 1145 perfe-

2013 1160 2293 1216 ctioribus
2326 1176 2421 1216 eos
2452 1162 2631 1214 sacris
2663 1160 2892 1229 imbuit,
2936 1162 3007 1215 ad
3036 1178 3259 1218 sacrum
3293 1163 3554 1218 admittit
3583 1163 3662 1219 1a-

2013 1267 2274 1318 vacrum,
2323 1250 2686 1319 {sacerdotes,
2749 1265 2892 1318 quos
2935 1267 3080 1320 opus
3130 1255 3269 1311 erat.
3321 1256 3494 1318 creat,
3548 1251 3662 1307 alia

2013 1345 2210 1402 omnia
2255 1345 2362 1398 rite
2391 1349 2446 1398 et
2477 1344 2678 1398 ordine
2708 1345 3030 1410 constituit,
3073 1347 3394 1415 urbemque
3425 1360 3659 1400 omnem

2017 1439 2131 1491 Deo
2163 1439 2481 1490 consecrat.
2537 1435 2678 1487 Cum
2711 1449 2844 1488 vero
2874 1437 2945 1488 ab
2971 1435 3195 1504 Abgaro
3229 1437 3296 1488 ad
3331 1435 3657 1506 apostolum

2015 1529 2221 1583 deinde
2270 1525 2528 1596 pecuniae
2561 1525 2950 1590 mitterentur,
2973 1521 3243 1594 accipere
3279 1541 3374 1580 eas
3418 1524 3610 1580 renuit
3644 1543 3658 1579 :

2012 1619 2071 1673 Si
2135 1615 2312 1673 enim.
2367 1612 2662 1682 inquiens.
2703 1621 2898 1666 nostra
2956 1611 3321 1682 reliquimus,
3369 1614 3660 1684 quomodo

2017 1705 2372 1775 accipiemus
2404 1700 2589 1754 aliena
2618 1701 2644 1754 τί
2679 1701 2850 1755 Porro
2881 1701 3091 1771 Abgari
3125 1701 3371 1771 epistola
3403 1702 3471 1756 ad
3497 1702 3661 1756 Chri-

251 1787 316 1838 τὸ
355 1783 598 1854 βλέπειν,
636 1781 848 1855 χωλοῖς
883 1778 939 1834 δὲ
987 1783 1048 1835 τὸ
1087 1787 1418 1852 περιπατεῖν,
1456 1783 1676 1855 λεπροῖς
1719 1779 1776 1835 δὲ
1803 1783 1901 1849 τὴν

2019 1805 2184 1856 stum,
2233 1806 2409 1860 quam
2459 1805 2554 1858 per
2609 1790 2893 1842 Ananiam
2943 1789 3273 1858 expeditum
3317 1795 3371 1844 et
3417 1793 3658 1846 celerem

256 1875 539 1945 κάθαρσιν,
611 1873 696 1924 καὶ
787 1875 904 1929 τοῖς
983 1875 1212 1944 μακραῖς
1297 1871 1476 1932 νόσοις
1564 1869 1904 1942 πιεζομένοις

259 1959 615 2030 κατάλληλον
647 1961 746 2027 τήν
781 1958 1014 2032 ἰατρείαν
1068 1958 1258 2031 ἀμισθὶ
1289 1961 1378 2012 καὶ
1426 1963 1591 2014 ταῦτα
1620 1959 1903 2033 παρέχεις,

256 2053 346 2106 καὶ
399 2049 546 2106 ἄλλα
595 2047 780 2103 πολλά
833 2049 1004 2121 μεὶζω
1052 2049 1141 2101 καί
1185 2048 1476 2122 ὑπερτέρας
1522 2051 1556 2118 ἢ
1607 2049 1727 2102 καθ’
1757 2050 1904 2120 ἡμᾶς

257 2140 568 2212 δυνάμεως,
616 2136 752 2212 ἔργα
800 2143 1001 2204 ποιεῖς,
1052 2137 1189 2192 κατὰ
1237 2134 1360 2190 νοῦν
1407 2134 1629 2209 ἐθέμην,
1682 2139 1904 2206 θάτερον

250 2235 363 2286 τῶν
395 2227 492 2284 δύο
526 2228 661 2281 εἶναί
695 2247 751 2280 σε
782 2225 1087 2300 λογίζεσθαι
1125 2247 1137 2260 ·
1185 2227 1218 2294 ἢ
1268 2228 1351 2280 ὅτι
1384 2227 1445 2279 σὺ
1479 2228 1527 2280 εἴ
1574 2227 1601 2280 ὁ
1635 2227 1782 2292 Θεὸς,
1815 2227 1903 2280 καὶ

253 2319 439 2375 λιπὼν
499 2315 626 2376 τοὺς
688 2313 945 2390 οὐρανοὺς
1000 2314 1374 2390 ἐπεχωρίασας
1406 2316 1541 2389 πρὸς
1594 2317 1742 2387 ἡμᾶς
1795 2336 1806 2348 ·
1867 2315 1902 2382 ἢ

252 2412 383 2470 Γιὸς
442 2409 490 2462 εἴ
529 2407 628 2462 τοῦ
687 2409 843 2473 Θεοῦ,
901 2409 1123 2460 τοιαῦτα
1186 2401 1462 2478 παράδοξα
1519 2405 1905 2479 ἐργαζόμενος,

255 2498 326 2554 δι’
362 2499 394 2552 ἃ
442 2518 526 2552 τοι
564 2497 653 2549 καὶ
691 2496 918 2570 γράψας,
963 2491 1154 2566 δέομαί
1197 2515 1293 2548 σου
1335 2494 1599 2558 σκυλῆναι
1649 2495 1784 2567 πρός
1819 2514 1906 2565 με,

255 2588 350 2642 καῖ
407 2591 504 2640 τοῦ
561 2583 733 2640 παλαι
794 2603 861 2655 με
914 2584 1194 2652 πιέζοντος
1252 2581 1615 2637 ἀπαλλάττειν
1681 2584 1904 2643 πάθους.

263 2681 567 2749 [Ιέπεισμαι
630 2673 687 2728 δὲ
745 2673 829 2727 ὅτι
884 2674 972 2727 καὶ
1029 2669 1282 2727 Ἰουδαῖοι
1333 2675 1589 2744 πονήρως
1646 2674 1781 2746 πρὸς
1853 2673 1908 2726 σε

261 2766 619 2837 διακείμενοι,
672 2763 738 2817 οὐ
787 2761 930 2817 καλά
977 2762 1101 2835 περί
1156 2766 1251 2815 σοῦ
1302 2765 1588 2838 φρονοῦσιν
1642 2780 1656 2794 ⁸
1707 2762 1830 2831 ἐμοὶ
1863 2759 1910 2814 δ’

259 2853 381 2911 ἔστι
429 2854 614 2919 πόλις,
651 2853 817 2925 μικρά
864 2871 923 2906 τε
977 2853 1066 2904 καί
1118 2850 1333 2921 ἄσημος
1367 2869 1378 2881 '
1436 2849 1582 2920 πλὴν
1611 2850 1700 2904 καὶ
1730 2850 1910 2926 ἀμφο-

258 2945 444 3018 τέροις
477 2943 709 3015 ἀρκέσει.
737 2965 765 2991 ››
801 2940 947 2994 Ἐπεὶ
981 2937 1037 2992 δὲ
1082 2939 1109 2992 6
1159 2936 1408 3013 Αὕγαρος
1459 2939 1680 3014 γράφων
1711 2938 1912 3006 ἣκιστα

262 3034 383 3110 εἶχε
423 3030 651 3097 πείθειν,
705 3028 922 3102 ἀπέγυω
968 3029 1069 3100 γὰρ
1111 3029 1209 3094 τὴν
1253 3030 1434 3095 Ἰησοῦ
1502 3029 1801 3100 παρουσίαν
1842 3030 1910 3100 τῇ

261 3120 657 3192 ἇντεπιστολῇ,
719 3120 908 3174 λοιπὸν
973 3116 1026 3170 ἐν
1103 3117 1380 3190 ἀμηχάνῳ
1455 3116 1748 3186 καθεστὼς,
1833 3121 1914 3187 τῶ

263 3211 403 3283 πρὸς
463 3209 695 3282 Χριστὸν
743 3205 788 3261 δ’
838 3206 990 3278 ὅμως
1046 3202 1390 3280 βεϐλημένος
1451 3205 1627 3276 πόθῳ,
1688 3207 1912 3282 γράφειν

264 3299 322 3354 εὖ
355 3296 540 3353 εἰδότα
595 3293 758 3371 ἄνδρα
818 3293 1081 3367 διέπεμπε
1114 3313 1127 3326 ο
1187 3293 1275 3347 καὶ
1321 3295 1412 3348 τὸν
1471 3298 1568 3349 τοῦ
1615 3294 1912 3367 προσώπου

261 3389 434 3444 τόπον
487 3380 725 3460 ἀκριϐῶς
764 3383 985 3462 γράφειν
1047 3381 1322 3452 ἐπέταττε,
1375 3382 1465 3436 καὶ
1531 3383 1680 3454 αὐτῷ
1740 3381 1914 3436 ἐκεῖνο

263 3481 327 3534 τὸ
377 3475 522 3538 εἶδος
580 3476 698 3530 ἀντὶ
742 3479 838 3530 τοῦ
885 3473 1228 3547 ποθουμένου
1275 3472 1543 3546 κομίζειν.
1591 3475 1688 3527 Καὶ
1738 3473 1765 3526 ὁ
1819 3471 1914 3545 μὲν

266 3573 388 3638 ἧκε,
421 3567 511 3621 καὶ
543 3567 669 3626 στὰς
721 3563 808 3618 ἐπὶ
865 3564 1160 3637 μετεώρου,
1210 3562 1432 3638 γράφειν
1483 3563 1558 3624 ὠς
1602 3561 1745 3621 εἰκὸς
1793 3561 1916 3616 ἐπε-

270 3658 450 3732 χείρει
484 3675 496 3687 ·
542 3654 655 3708 ἐπεῖ
716 3651 757 3708 δ’
822 3652 921 3707 οὐκ
973 3651 1236 3727 ἐφικνεῖτο
1293 3655 1389 3706 τοῦ
1438 3646 1614 3725 ἔργου.
1658 3648 1914 3723 ἐμποδὼν

268 3743 674 3816 καθισταμένης
715 3741 898 3813 ἐκείνῳ
958 3747 1056 3808 τῆς
1113 3739 1309 3795 ἐκεῖθεν
1374 3741 1784 3815 ἀστραπτούσης
1840 3744 1919 3810 τῷ

274 3836 555 3906 προσώπῳ
614 3833 760 3892 θείας
819 3829 1020 3904 αἴγλης
1079 3829 1169 3882 καὶ
1228 3827 1474 3902 χάριτος,
1529 3829 1591 3882 τὸ
1639 3826 1920 3902 δρώμενον

276 3923 456 4000 γνοὺς,
486 3924 512 3976 6
538 3923 760 3994 Σωτήρ,
793 3918 1010 3996 ὕφασμα
1045 3917 1102 3971 ἐκ
1145 3918 1298 3972 λίνου
1356 3917 1728 3988 πεποιημένον
1757 3916 1918 3969 αἰτεῖ-

274 4013 565 4087 νιψάμενος
601 4009 659 4064 δὲ
696 4010 788 4063 καὶ
817 4011 916 4076 τήν
963 4005 1099 4060 ἰδίαν
1134 4005 1255 4080 ὄψιν
1310 4011 1379 4080 τῇ
1413 4008 1572 4080 ἀθόνῃ
1600 4006 1919 4078 ἀπομορξά-

273 4123 460 4176 μενος,
519 4106 596 4169 τῷ
647 4099 876 4175 Αὐγάρῳ
918 4096 1216 4152 ἀπέστειλε.
1280 4095 1461 4169 Μόγος
1507 4117 1566 4172 γε
1623 4097 1730 4168 μὴν
1777 4094 1917 4170 ἔχει,

266 4193 483 4248 καὶτὸν
548 4195 761 4264 Περσῶν
812 4187 1058 4262 βασιλέα,
1093 4185 1258 4262 εὐφυᾶ
1315 4186 1412 4248 τὰς
1463 4191 1654 4263 χεῖρας
1706 4187 1917 4260 ζωγρα-

268 4309 369 4365 ιρον
429 4283 899 4356 διαπεμψάμενον,
930 4281 1094 4335 αὐτοῦ
1144 4301 1200 4334 τε
1257 4284 1498 4353 Χριστοῦ
1537 4282 1598 4335 τὸ
1658 4277 1797 4340 εἶδος
1829 4279 1917 4334 καὶ

267 4383 370 4444 τῆς
397 4374 558 4428 αὖοὸν
604 4372 885 4446 ὑπερφυῶς
929 4371 1208 4430 τετοκυίας
1262 4370 1434 4438 ζέοντι
1481 4369 1712 4429 πίστεως
1744 4369 1918 4440 πόθῳ,

271 4468 358 4520 δτι
421 4465 658 4536 τάχιστα
712 4461 912 4534 γράψαι
998 4459 1087 4512 καὶ
1172 4453 1472 4512 ἃπολαϐεῖν
1558 4458 1916 4531 κτησάμενον.

2014 1895 2308 1937 cursorem
2351 1878 2529 1942 misit,
2562 1879 2750 1948 quoad
2785 1879 3065 1932 crassiore
3097 1879 3264 1933 modo
3296 1880 3517 1950 concipi
3553 1895 3662 1951 po-

2015 1971 2150 2036 tuit,
2183 1969 2370 2024 verbis
2419 1968 2540 2022 suis
2590 1967 2735 2021 hanc
2794 1967 3096 2038 complexa
3140 1977 3227 2024 est
3270 1971 3656 2024 sententiam:

2015 2059 2192 2115 «Cum
2226 2059 2298 2111 de
2329 2061 2384 2112 te
2432 2057 2949 2127 curationibusque
2979 2057 3093 2112 tuis
3125 2057 3414 2123 audirem,
3453 2062 3509 2112 te
3538 2057 3662 2112 sine

2013 2149 2284 2204 remediis
2314 2152 2372 2202 et
2400 2146 2614 2214 herbis,
2641 2145 2763 2202 solo
2796 2145 2990 2215 verbo,
3009 2147 3172 2202 caecis
3201 2148 3413 2215 visum,
3446 2147 3664 2203 clausis

2017 2239 2193 2310 pedes
2224 2253 2383 2302 suos,
2417 2235 2660 2307 leprosis
2719 2252 2930 2306 corpus
2971 2237 3277 2304 mundum,
3327 2241 3384 2292 et
3414 2237 3513 2307 qui
3545 2238 3664 2291 diu-

2017 2327 2206 2383 turnis
2251 2330 2591 2398 premuntur
2649 2325 2867 2379 morbis
2915 2329 3334 2396 congruentem
3375 2325 3662 2380 valetudi-

2016 2433 2170 2484 nem,
2230 2415 2551 2486 etquidem
2611 2415 2862 2485 gratuito
2905 2415 3180 2484 praebere,
3223 2415 3450 2484 aliaque
3479 2414 3664 2469 multa

2014 2507 2236 2561 viribus
2286 2506 2499 2559 nostris
2532 2505 2752 2572 majora
2815 2503 3045 2558 efllcere
3093 2520 3286 2573 opera,
3319 2503 3378 2558 in
3412 2507 3664 2558 mentem

2018 2595 2158 2651 mihi
2192 2594 2370 2659 venit,
2405 2593 2650 2647 alterum
2711 2601 2763 2646 te
2794 2593 3038 2646 duorum
3082 2593 3321 2647 istorum
3353 2607 3481 2647 esse
3519 2590 3667 2646 arbi-

2018 2684 2159 2738 trari
2193 2698 2206 2738 :
2239 2682 2326 2736 vel
2360 2681 2561 2747 Deum,
2605 2681 2704 2751 qui
2738 2679 2897 2734 caelis
2928 2679 3146 2735 relictis
3177 2682 3243 2736 ad
3279 2697 3384 2737 nos
3415 2696 3666 2736 secesse-

2021 2774 2122 2841 ris,
2152 2773 2239 2826 vel
2280 2771 2487 2825 saltem
2520 2770 2620 2825 Dei
2657 2770 2884 2835 Filium,
2939 2786 3025 2824 res
3054 2774 3247 2825 tantas
3279 2786 3458 2841 supra
3489 2770 3662 2824 (idem

2019 2867 2076 2916 et
2120 2860 2454 2932 opinionem
2513 2874 2745 2912 omnem
2816 2862 3132 2928 gerentem.
3195 2860 3388 2929 Itaque
3444 2863 3499 2913 te
3556 2858 3663 2912 hoc

2020 2950 2238 3020 scripto
2266 2965 2385 3013 oro,
2420 2955 2480 3000 ut
2512 2947 2766 3001 laborem
2801 2946 3088 3016 suscipias
3109 2948 3179 3002 ad
3207 2963 3297 3002 me
3330 2945 3663 3011 accedendi,

2023 3053 2255 3108 meque,
2288 3037 2387 3107 qui
2441 3037 2562 3106 jam
2588 3035 2806 3090 dudum
2845 3036 3074 3106 afﬂigit,
3120 3035 3434 3090 inveterato
3463 3035 3665 3092 morbo

2023 3129 2251 3182 liberes.
2289 3125 2638 3180 Persuasum
2691 3141 2859 3196 porro
2906 3125 3110 3193 habeo,
3154 3140 3286 3179 cum
3324 3124 3512 3180 Judaei
3552 3125 3667 3180 ini-

1942 3187 1992 3250 C
2022 3233 2133 3288 quo
2181 3232 2316 3286 erga
2347 3221 2402 3270 te
2431 3216 2549 3269 sint
2581 3187 2796 3277 animo,
2838 3231 2953 3269 non
2987 3187 3210 3284 optima
3242 3230 3340 3270 eos
3370 3215 3442 3270 de
3472 3219 3529 3269 te
3574 3230 3669 3269 ca-

2019 3322 2150 3376 pere
2174 3305 2437 3360 cousilia.
2490 3303 2627 3359 Mihi
2662 3320 2796 3359 vero
2827 3304 3030 3358 civitas
3066 3307 3150 3358 est
3183 3304 3406 3359 modica
3431 3305 3664 3374 quidem

2021 3411 2124 3450 nec
2194 3395 2512 3448 admodum
2604 3393 2869 3458 celebris,
2970 3394 3201 3464 utrique
3287 3399 3481 3448 tamen
3562 3409 3667 3448 no-

2020 3489 2210 3539 strum
2265 3483 2694 3553 percommode.
2745 3504 2765 3530 ι
2815 3481 3131 3551 Postquam
3180 3485 3372 3536 autem
3410 3482 3665 3552 Abgarus

2019 3572 2235 3642 scripto
2292 3587 2398 3624 suo
2423 3570 2769 3639 persuadere
2817 3571 2866 3624 ei
2919 3570 3071 3639 quod
3113 3569 3392 3624 voluisset
3423 3585 3535 3623 non
3569 3584 3668 3639 po-

2021 3661 2152 3726 tuit,
2187 3661 2490 3730 desperato
2527 3659 2687 3723 Jesu,
2722 3664 2956 3729 propter
2988 3673 3356 3727 responsum,
3389 3657 3663 3724 adventu,

2020 3751 2168 3807 145
2214 3750 2353 3820 quid
2396 3754 2623 3817 caperet
2661 3747 2886 3802 consilii
2919 3747 3194 3812 incertus,
3227 3762 3292 3800 eo
3322 3751 3516 3801 tamen
3550 3762 3664 3816 quo

2021 3841 2078 3894 in
2111 3838 2402 3893 Christum
2457 3837 2760 3890 tenebatur
2789 3835 3071 3890 desiderio
3105 3834 3426 3905 perculsus,
3477 3835 3660 3906 picto-

2023 3943 2142 3982 rem
2173 3925 2447 3981 eximium
2499 3926 2566 3979 ad
2601 3941 2732 3980 eum
2768 3925 2948 3990 misit,
2981 3924 3150 3994 eique
3184 3929 3244 3978 ut
3275 3923 3576 3995 diligenter
3604 3928 3664 3978 et

2021 4021 2288 4072 accurate
2320 4013 2523 4068 faciem
2563 4014 2690 4084 ejus
2741 4015 2796 4067 in
2843 4014 3066 4083 pictura
3095 4013 3415 4083 efﬁngeret,
3457 4012 3666 4083 imagi-

2023 4117 2270 4174 nemque
2302 4117 2404 4173 pro
2435 4100 2758 4156 desiderato
2790 4101 2888 4156 illo
2920 4100 3032 4155 sibi
3067 4101 3316 4168 afferret,
3340 4100 3664 4171 imperavit.

2021 4196 2091 4250 Et
2133 4196 2231 4248 ille
2274 4195 2505 4265 quidem
2555 4195 2731 4263 venit,
2796 4199 2973 4265 atque
3024 4195 3082 4248 in
3145 4195 3266 4249 loco
3336 4193 3673 4250 sublimiore

2023 4290 2187 4340 stans
2220 4284 2457 4355 pingere
2501 4283 2712 4338 Christi
2744 4283 2996 4349 vultum,
3040 4288 3104 4338 ut
3133 4283 3394 4354 decebat,
3419 4283 3675 4338 conaba-

2025 4383 2137 4433 tur.
2174 4375 2316 4431 Cum
2360 4390 2489 4429 vero
2521 4379 2776 4445 coeptum
2834 4390 2984 4446 opus
3025 4390 3140 4430 non
3195 4375 3532 4430 succederet
3559 4375 3674 4444 (di-

2027 4467 2202 4519 vinus
2236 4462 2450 4534 quippe
2480 4462 2755 4532 splendor
2810 4471 2861 4517 et
2912 4463 3096 4534 gratia
3128 4463 3184 4517 in
3229 4461 3394 4518 vultu
3426 4464 3550 4530 ejus
3581 4478 3678 4517 co—

269 4557 448 4610 Ταὗτα
481 4549 528 4606 δ’
557 4549 617 4605 ἐκ
669 4554 778 4604 τῶν
835 4548 938 4602 ἀνᾶ
994 4549 1094 4616 τήν
1150 4544 1406 4602 ’Έδεσσαν
1436 4551 1732 4615 τηνικαῦοα
1777 4550 1909 4620 βασι·

2031 4569 2275 4610 ruscans
2316 4551 2734 4623 impedimento
2771 4553 2938 4624 erat),
2971 4567 3032 4607 re
3062 4567 3130 4607 ea
3159 4553 3385 4621 cognita
3419 4550 3681 4606 Salvator

274 4643 580 4713 λευομένην
629 4636 794 4693 πόλιν
853 4635 1453 4713 γραμματοῳυλακείων
1505 4634 1714 4712 ἐλήφθη
1751 4653 1764 4666 ⁶
1827 4633 1922 4705 δη-

280 4731 497 4804 μοσίοις
527 4729 631 4802 γὰρ
689 4729 824 4796 ἦσαν
887 4726 1117 4798 χάρταις
1167 4723 1686 4797 ἐυπεριειλημμένα.
1718 4724 1791 4777 Τὰ
1823 4723 1918 4798 γὰρ

277 4821 417 4875 κατὰ
471 4817 563 4872 τὸν
618 4815 871 4890 Αὕγαρον
927 4812 1235 4888 πραχθέντα
1287 4808 1475 4887 βιϐλία
1511 4813 1602 4866 καὶ
1655 4817 1822 4868 ταῦτα
1853 4810 1920 4881 δὴ

279 4912 590 4984 περιεῖχον,
622 4904 681 4960 ἐκ
708 4912 807 4974 τῆς
843 4903 1031 4976 Σύρων
1083 4900 1492 4981 μεταληφθέντα
1549 4901 1810 4977 γλώσσης
1843 4921 1856 4932 ·
1890 4901 1923 4956 ἃ

280 4998 374 5050 καὶ
405 4990 793 5070 προσηκόντως
823 4991 1046 5048 ἐνταῦθα
1079 5013 1170 5064 μοι
1201 4993 1486 5049 τέθεινται.

2030 4646 2249 4696 textum
2298 4639 2517 4694 lineum
2550 4641 2712 4711 petit,
2771 4639 2831 4695 in
2871 4656 3058 4711 eoque
3105 4641 3264 4711 prius
3317 4641 3434 4694 loto
3473 4638 3679 4692 faciem

2031 4745 2156 4784 sam
2189 4728 2484 4800 exprimit,
2515 4734 2572 4785 et
2618 4729 2688 4783 ad
2718 4730 3013 4800 Abgarum
3063 4729 3253 4784 mittit.
3296 4727 3517 4783 Dicitur
3537 4741 3684 4794 quo-

2033 4834 2146 4888 que
2203 4820 2510 4873 Persarum
2565 4834 2658 4873 rex
2715 4835 2894 4873 manu
2953 4820 3302 4890 ingenioque
3353 4823 3683 4886 promptum

2035 4907 2312 4980 pictorem
2357 4907 2603 4967 misisse.
2637 4912 2694 4962 et
2733 4924 2834 4977 per
2880 4907 3055 4975 hunc,
3089 4906 3328 4961 ferventi
3372 4903 3506 4958 ﬁdei
3537 4903 3684 4957 desi-

2037 4995 2195 5051 derio
2240 4995 2418 5050 simul
2458 5001 2516 5051 et
2563 4997 2749 5067 ipsius
2806 4996 3042 5061 Christi,
3075 4999 3133 5050 et
3162 5011 3288 5065 qua:
3327 5009 3462 5048 eum
3493 4992 3688 5047 divino

287 5089 458 5144 modo
484 5088 706 5159 genuit,
741 5085 964 5150 matris,
1024 5101 1200 5156 quam
1232 5083 1532 5140 celerrime
1588 5083 1903 5156 imaginem
1963 5085 2252 5156 depictam
2305 5086 2616 5157 accepisse.
2653 5088 2841 5156 Atque
2863 5085 2982 5139 hzec
3013 5084 3250 5156 quidem
3283 5100 3350 5138 ex
3382 5081 3688 5139 tabulariis

285 5185 345 5235 et
372 5177 624 5233 archivis
679 5175 928 5232 civitatis
961 5175 1210 5243 Edessa,
1262 5191 1392 5245 qua:
1431 5184 1554 5230 tum
1595 5177 1750 5244 regia
1808 5174 2326 5232 administrabatur
2380 5181 2838 5248 potestate,sunt
2868 5177 3202 5245 desumpta.
3250 5175 3501 5230 Fuerant
3530 5171 3689 5228 enim

287 5271 348 5323 in
389 5267 624 5339 publica
668 5267 949 5322 librorum
992 5272 1364 5320 monumenta
1412 5263 1613 5319 relata.
1648 5265 1715 5318 Et
1745 5264 1880 5318 libri
1909 5265 1979 5320 de
2016 5265 2226 5336 Abgari
2259 5267 2436 5320 rebus
2487 5265 2800 5334 conscripti
2833 5263 2953 5318 hac
2975 5280 3208 5336 quoque
3241 5263 3693 5335 complecteban-

291 5364 409 5424 tur,
442 5373 509 5412 ex
538 5361 811 5428 Syrorum
845 5354 1048 5424 linqua
1079 5353 1381 5408 translata.
1415 5355 1550 5418 Quae
1581 5371 1614 5408 a
1646 5369 1738 5409 me
1763 5354 2030 5408 rectohoc
2061 5353 2185 5410 loco
2207 5355 2416 5425 opinor
2443 5370 2570 5409 esse
2591 5354 2876 5423 exposita.
