4084 6208
451 254 569 314 775

1064 387 1296 446 CAPUT
1327 388 1475 444 VIII.

449 501 514 558 Ut
549 501 795 557 Tiberius
816 499 1016 558 Cmar,
1031 497 1189 554 rebus
1219 497 1521 552 Servatoris
1551 495 1843 554 Christian:
1875 495 2086 550 litteris

512 573 685 628 Pilati
711 570 968 643 cognitis,
999 573 1066 625 sit
1093 573 1370 643 permotus
1400 586 1419 643 τ·
1451 577 1501 624 et
1531 585 1654 639 quas
1683 569 1756 624 de
1783 583 1846 625 eo
1875 568 2082 624 Tertul-

513 645 698 700 lianus
727 641 1008 700 memoriae
1037 641 1453 698 commendarit.

509 747 574 802 Et
595 748 721 818 jam
781 746 997 817 ubique
1051 754 1336 801 terrarum
1387 743 1634 799 mirifico
1681 743 1856 800 verbo
1895 743 2081 800 disse-

437 837 680 903 minato,
719 835 1092 892 sermonibus
1145 835 1412 891 omnium
1473 833 1838 902 resurrectio,
1887 847 2083 890 ascen-

433 923 542 994 sio,
574 927 632 979 et
661 921 772 978 alia
803 923 1061 977 divinam
1115 921 1434 992 potentiam
1470 921 1745 976 testantia
1794 920 2079 977 miracula

434 1012 666 1084 publice
713 1013 1064 1069 ferebantur.
1098 1010 1472 1067 Consuetudo
1503 1017 1691 1066 autem
1736 1011 1854 1082 jam
1889 1009 2023 1066 inde
2045 1027 2079 1065 a

431 1103 702 1174 plurimis
751 1102 920 1159 annis
963 1101 1283 1170 obtinebat,
1328 1105 1392 1154 ut
1430 1100 1526 1170 qui
1581 1099 1952 1170 praefecturas
1976 1105 2078 1158 aut

432 1191 756 1263 provincias
813 1191 999 1248 sortiti
1047 1193 1266 1251 essent.
1325 1205 1417 1244 res
1463 1205 1660 1258 novas,
1701 1205 1824 1261 quis
1855 1190 1964 1244 sub
1995 1188 2078 1246 eis

431 1283 784 1338 accidissent
829 1281 1114 1354 singulas,
1147 1295 1443 1336 summum
1486 1279 1798 1352 imperium
1840 1279 2074 1336 habenti

430 1373 636 1429 Caesari
670 1371 1093 1443 signiﬁcarent,
1127 1375 1192 1426 ut
1237 1369 1404 1426 illum
1439 1369 1584 1425 nihil
1611 1385 1848 1440 prorsus
1880 1385 2070 1424 rerum

427 1462 692 1518 omnium
744 1461 965 1518 lateret.
1001 1461 1198 1531 Itaque
1227 1462 1297 1515 de
1344 1459 1765 1516 resurrectione
1797 1475 1864 1513 ex
1912 1474 2072 1513 mor-

425 1551 562 1615 tuis,
597 1550 844 1621 aliisque
895 1549 1172 1622 prodigiis
1227 1547 1363 1604 Jesu
1417 1547 1652 1614 Christi,
1695 1546 1924 1602 Tiberio
1955 1545 2073 1602 Cte-

423 1639 542 1696 sari
607 1639 870 1696 scribens
918 1639 1158 1706 Pilatus,
1208 1653 1341 1694 cum
1413 1655 1502 1692 res
1559 1637 1686 1706 ejus
1742 1635 2069 1708 plerasque,

423 1733 572 1792 tum,
606 1730 758 1801 quod
791 1745 858 1785 ex
888 1728 1134 1784 mortuis
1188 1725 1496 1795 redivivus,
1546 1725 1772 1796 sibique
1821 1723 1932 1796 ipsi
1971 1741 2070 1780 su-

423 1823 668 1890 perstes,
702 1817 856 1874 Deus
879 1819 1005 1887 jam
1055 1834 1087 1872 a
1119 1816 1337 1883 multis,
1383 1820 1440 1872 et
1471 1815 1704 1886 quidem
1740 1813 2067 1884 praecipuus

421 1907 576 1964 inter
624 1907 770 1964 alios
831 1907 982 1962 Deus
1056 1921 1184 1962 esse
1258 1905 1606 1973 crederetur,
1695 1902 2063 1958 renuntiavit.

421 1999 603 2062 Quam
641 2011 766 2052 rem
824 1993 1093 2051 Tiberius
1125 1995 1194 2050 ad
1247 1998 1514 2050 senatum
1561 1991 1885 2047 Romanum
1918 1994 2068 2046 retu-

424 2083 511 2141 lit.
543 2085 791 2142 Senatus
816 2089 1035 2152 autem,
1095 2100 1208 2138 non
1238 2098 1368 2138 esse
1416 2079 1858 2136 deliberandum
1889 2080 1960 2134 de
1999 2095 2067 2134 ea

421 2175 671 2243 censuit,
702 2177 812 2230 sub
860 2174 962 2229 illo
993 2173 1232 2245 quidem
1283 2175 1586 2244 praetextu,
1628 2171 1782 2241 quod
1818 2169 1917 2224 ille
1947 2185 2062 2224 non

416 2261 604 2333 prius,
661 2261 838 2318 veteri
888 2277 1068 2325 more,
1132 2259 1321 2332 ipsius
1368 2267 1606 2314 senatus
1648 2255 1956 2320 sententia,
2003 2254 2061 2309 in

413 2351 551 2406 deos
579 2355 734 2407 esset
764 2349 980 2406 relatus
1013 2367 1027 2406 :
1061 2349 1212 2404 146
1259 2365 1315 2404 re
1345 2353 1538 2403 autem
1592 2346 1741 2417 ipsa,
1770 2345 1923 2416 quod
1972 2342 2064 2396 di-

412 2439 556 2495 vina
583 2439 858 2496 doctrinae
889 2438 1199 2509 disciplina
1242 2439 1500 2493 humano
1540 2452 1778 2508 prorsus
1819 2451 1932 2490 non
1975 2433 2064 2488 in-

412 2529 633 2600 digeret
655 2527 890 2584 auxilio.
923 2528 1031 2584 Sed
1072 2529 1224 2582 enim
1269 2526 1494 2582 etiamsi
1544 2529 1782 2580 senatus
1813 2526 1884 2580 ad
1926 2540 2060 2579 eum

415 2619 654 2675 modum
685 2618 926 2676 verbum
959 2619 1030 2674 de
1059 2618 1356 2675 Servatore
1394 2616 1714 2687 rejecisset,
1747 2617 1935 2671 Caesar
1978 2621 2062 2669 ta-

415 2724 548 2764 men
579 2709 638 2763 in
662 2708 953 2764 sententia
1004 2723 1107 2762 sua
1138 2707 1411 2778 perstitit,
1457 2703 1820 2776 salutarique
1865 2704 2063 2774 prtedi-

415 2795 630 2853 cationi
667 2796 1089 2868 impedimento
1125 2813 1235 2851 non
1271 2795 1397 2852 fuit.
1429 2793 1727 2864 Scriptum
1757 2793 1864 2847 hoc
1893 2791 2060 2846 nobis

414 2883 652 2956 reliquit
707 2884 1127 2950 Tertullianus,
1207 2884 1295 2938 vir
1350 2882 1622 2954 insignis,
1673 2885 2062 2951 accurateque

413 2969 608 3043 legum
641 2979 694 3026 et
727 2975 987 3028 actorum
1048 2973 1439 3027 Romanorum
1479 2969 1682 3038 peritia
1711 2966 1966 3032 claurus,
2000 2966 2056 3020 in

413 3076 482 3116 ea
511 3077 632 3132 qua:
663 3062 736 3116 ab
791 3059 916 3132 ipso
962 3059 1165 3114 Latina
1203 3059 1440 3130 quidem
1487 3057 1683 3128 lingua
1728 3056 1964 3126 scripta,
1996 3055 2056 3109 in

1744 243 2160 311 NICEPHOBI
2201 198 2555 308 CALLISTi

2125 389 2176 454 Α

3727 257 3840 318 ’ΠΒ

2835 385 3092 440 ΚΕΦΑΔ.
3137 387 3215 444 H'.

2194 485 2951 574 ‘Qco‘Ka'ioqﬂTt‘S'éptoq
2979 490 3244 574 τάκατὰ
3273 495 3385 548 τὸν
3404 500 3835 574 Σωτῆραξριο

2265 560 2416 640 στᾷν
2454 560 2898 640 ῥπὸᾴΠιλάτου
2927 563 3495 640 γενόμεναλγνοὺς,
3527 560 3833 640 ἐκινήθη

2261 633 2374 686 καὶ
2423 633 2533 686 οἷα
2577 631 3520 710 Τερτυλλιοὶνὸξπερὶάὺτοῧ
3563 631 3832 716 ἱστορεῖ.

2259 733 2399 808 ’Ἡδη
2437 736 2492 793 δὲ
2519 745 2620 810 τῆς
2647 746 2751 814 γῆς
2783 738 3132 812 ὁπουδήποτε
3165 748 3262 798 τοῦ
3311 743 3623 819 παραδόξου
3675 748 3831 822 λόγου

2189 823 2602 904 διεσπαρμένου,
2653 827 2984 907 περιϐόητος
3061 834 3158 907 μὲν
3231 837 3264 904 ἡ
3343 835 3659 906 ἀνάστασις,
3725 838 3833 912 ἐξά-

2183 937 2411 980 κουστος
2441 916 2498 974 δὲ
2529 923 2563 990 ἡ
2605 918 2902 996 ἀνάληψις,
2929 924 3019 978 καὶ
3075 921 3253 980 τᾶλλα
3298 930 3406 982 τῶν
3454 929 3823 1002 θεοσημειῶν.

2184 1009 2386 1070 Ἔθους
2436 1007 2483 1096 δ’
2529 1007 2589 1064 ἐκ
2635 1007 2854 1066 πολλοῦ
2905 1013 3306 1085 κεκρατηκότος
3341 1020 3459 1077 τοῖς
3490 1017 3690 1096 ἄρχειν
3737 1015 3833 1073 λα-

2184 1097 2373 1170 χούσιν
2431 1092 2616 1160 ἔθνους
2673 1097 2740 1152 τά
2793 1099 2939 1173 παρά
2995 1099 3144 1178 σφίσι
3215 1092 3703 1178 καινοτομούμενα
3761 1110 3835 1179 τῷ

2180 1185 2372 1261 ἄρχειν
2401 1184 2636 1262 λαχόντι
2689 1185 2990 1262 βασιλικῶς
3036 1184 3235 1244 ’ἑκαστά
3265 1211 3328 1266 γε
3363 1197 3832 1268 παρασημαίνειν,

2181 1274 2256 1338 ὡς
2287 1273 2347 1330 ἃν
2384 1273 2552 1349 μηδὲν
2585 1275 2794 1332 ἐκεῖνον
2824 1275 2949 1351 ἔχοι
2980 1274 3400 1351 διαδιδράσκειν,
3431 1283 3500 1337 τὰ
3545 1285 3674 1359 περί
3737 1292 3836 1354 τῆς

2179 1361 2239 1417 ἐκ
2293 1367 2496 1438 νεκρῶν
2549 1363 2914 1427 ἀναστάσεως,
2970 1367 3060 1420 καὶ
3114 1366 3294 1423 τᾶλλα
3363 1375 3476 1424 τῶν
3533 1373 3832 1446 τεραστίων

2180 1453 2361 1522 Ἰησοῦ
2420 1455 2678 1526 Χριστοῦ,
2709 1453 2929 1530 γράφων
2984 1459 3062 1526 τῷ
3112 1457 3340 1532 Καίσαρι
3387 1455 3624 1533 Τιϐερίῳ
3656 1462 3834 1518 [hli-

2173 1561 2268 1604 τος
2324 1541 2670 1618 ἀνήγγειλεν,
2703 1543 2854 1606 ὅπως
2907 1564 2966 1598 τε
3013 1547 3078 1598 τά
3134 1548 3252 1600 κατ’
3280 1545 3442 1602 αὐτὸν
3491 1547 3581 1620 ἦν,
3613 1552 3709 1604 καὶ
3761 1553 3836 1615 ὡς

2176 1631 2235 1686 ἐκ
2288 1633 2489 1708 νεκρῶν
2545 1632 2794 1703 ἀναστὰς,
2847 1637 2975 1696 Θεὸς
3038 1634 3140 1706 ἤδη
3187 1639 3332 1712 παρὰ
3391 1639 3636 1702 πολλοῖς
3695 1643 3831 1696 εἶναι

2173 1719 2264 1775 καὶ
2311 1715 2505 1799 ἔξοχος
2551 1725 2658 1776 τῶν
2699 1718 2885 1780 ἄλλων
2938 1725 3264 1784 πιστεύεται,
3292 1729 3389 1782 Καὶ
3420 1723 3672 1803 Τιϐέριον
3738 1733 3832 1802 μὲν

2173 1811 2266 1864 τὸν
2299 1807 2468 1887 λόγον
2520 1811 2881 1866 κοινώσασθαι
2927 1817 2997 1886 τῇ
3027 1815 3317 1886 Ῥωμαίων
3368 1817 3547 1891 βουλῇ
3573 1835 3592 1853 ο
3622 1819 3833 1888 ἐκείνην

2177 1897 2235 1954 δε
2293 1907 2520 1968 μισῆσαι
2580 1900 3010 1974 ἀκούσασαν,τῷ
3067 1903 3380 1980 φαινομένῳ
3433 1909 3556 1978 μὲν,
3606 1908 3692 1964 ὅτι
3752 1913 3828 1981 μή

2173 1987 2436 2062 πρότερον
2483 1988 2694 2060 ἐκείνης
2752 1991 3103 2069 ψήφῳ,κατά
3151 2013 3212 2066 γε
3253 1995 3315 2049 τὸ
3361 1998 3637 2069 κρατῆσαν
3681 1997 3828 2060 ἔθος.

2174 2077 2304 2140 Θεὸς
2332 2077 2671 2154 ἀνηγόρευτο
2701 2097 2714 2110 ·
2749 2079 2808 2134 τὸ
2840 2076 2886 2132 δ’
2915 2079 3140 2150 ἀληθὲς,
3173 2081 3258 2137 ὅτι
3311 2081 3442 2154 μηδ’
3474 2085 3832 2161 ἀνθρωπίνης

2173 2163 2488 2240 ἐπικουρίας
2531 2167 2566 2235 ἡ
2615 2169 2714 2221 τοῦ
2761 2166 2908 2222 θείου
2952 2164 3230 2242 δόγματος
3263 2167 3440 2226 ἐδεῖτο
3473 2169 3830 2231 διδασκαλία.

2109 2251 2113 2254 ⁴
2173 2254 2328 2308 Οὕτω
2385 2251 2444 2309 δὲ
2498 2261 2601 2324 τῆς
2657 2257 2968 2332 συγκλήτου
3030 2257 3239 2332 βουλῆς
3268 2256 3706 2336 ἀποϐαλομένης
3735 2267 3828 2320 τὸν

2171 2343 2296 2416 περὶ
2351 2346 2447 2397 τοῦ
2504 2349 2766 2418 Σωτῆρος
2822 2340 3004 2421 λόγον,
3033 2347 3126 2401 τὸν
3183 2348 3427 2424 Καίσαρα
3479 2357 3665 2422 μεῖναι
3731 2355 3827 2427 μὶν

2173 2429 2254 2485 ἐπ’
2281 2431 2446 2486 αὐτοῦ
2500 2432 2588 2486 καὶ
2637 2431 2807 2502 αὖθις,
2839 2435 2929 2489 καὶ
2991 2433 3157 2508 μηδὲν
3216 2435 3474 2510 ἐμποδὼν
3506 2441 3824 2496 καθεστάναι

2171 2525 2254 2592 τῷ
2310 2523 2562 2596 σωτηρίῳ
2618 2522 2954 2597 κηρύγματι.
3018 2525 3416 2598 Τερτυλλιανὸς
3471 2532 3627 2585 ταῦθ’
3683 2535 3823 2604 ἡμῖν

2170 2611 2402 2685 ἱστορεῖ,
2435 2613 2566 2682 ἀνὴρ
2622 2611 2883 2690 ἐπιφανής
2933 2615 3021 2670 καὶ
3081 2619 3189 2670 τῶν
3239 2615 3327 2670 ἐπὶ
3385 2619 3609 2692 Ῥώμης
3669 2621 3824 2696 λαμ-

2169 2704 2322 2774 πρῶν
2365 2700 2499 2754 κατά
2544 2700 2729 2772 νόμων
2780 2698 3078 2776 ἀκρίϐειαν,
3112 2703 3164 2758 ἐν
3209 2710 3277 2774 τῇ
3327 2710 3454 2784 παρ’
3491 2709 3664 2764 αὐτοῦ
3693 2712 3821 2768 Ῥω-

2175 2790 2347 2860 μαίων
2398 2789 2624 2876 γλώσσῃ
2683 2792 2970 2868 γραφείσῃ,
3002 2793 3078 2855 εἷς
3123 2797 3226 2865 τήν
3268 2795 3512 2852 Ἑλλάδα
3545 2797 3606 2854 δὲ
3642 2801 3820 2876 γλῶσο

2169 2898 2264 2931 σαν
2317 2871 2722 2953 μεταϐληθείσῃ
2775 2881 2909 2955 ὑπὲρ
2965 2883 3297 2949 Χριστιανῶν
3347 2871 3669 2964 ἀπολογίᾳί
3702 2891 3816 2961 ἐνῇ

2167 2965 2256 3020 καὶ
2287 2970 2452 3021 ταῦτα
2481 2963 2748 3038 διέξεισιν,
2783 2971 2986 3024 οὑτωσὶ
3031 2971 3202 3049 λέγων
3232 2994 3244 3007 -
3279 2999 3306 3026 «
3340 2977 3452 3030 Ἵνα
3502 2963 3561 3032 δέ
3614 2980 3706 3034 καὶ
3761 2980 3818 3034 ἐκ

2167 3062 2267 3126 τῆς
2326 3056 2584 3131 γενέσεως
2640 3057 3025 3135 διαλεχθῶμεν
3093 3068 3196 3117 τῶν
3264 3066 3536 3122 τοιούτων
3605 3071 3820 3141 νόμων,

413 3151 668 3206 Graecam
703 3167 835 3206 vero
868 3150 1144 3206 translata
1191 3155 1300 3217 est,
1335 3165 1436 3220 pro
1479 3145 1822 3204 Christianis
1847 3145 2053 3218 Apolo-

2168 3145 2395 3202 παλαιὸν
2455 3149 2522 3217 ἦν
2584 3145 2782 3224 δόγμα,
2819 3149 3026 3222 μηδένα
3075 3153 3192 3208 θεὸν
3256 3155 3358 3209 ὑπὸ
3421 3156 3698 3230 βασιλέως
3730 3162 3818 3214 καὶ

411 3237 507 3308 gia
539 3257 554 3300 ;
587 3239 646 3294 in
696 3255 811 3311 qua
869 3238 992 3294 haec
1051 3253 1279 3309 quoque
1327 3239 1766 3300 commemorat,
1796 3234 1881 3290 ita
1921 3232 2056 3288 scri-

411 3328 556 3382 bens
593 3344 607 3381 :
639 3349 668 3378 «
719 3326 792 3382 Ut
821 3327 892 3383 de
937 3327 1157 3398 origine
1202 3325 1424 3397 aliquid
1477 3329 1858 3379 retractemus
1893 3324 2057 3392 ejus-

409 3417 565 3472 modi
624 3417 840 3490 legum,
873 3421 1038 3472 vetus
1093 3424 1209 3470 erat
1268 3418 1586 3481 decretum,
1635 3430 1705 3468 ne
1753 3414 1849 3483 qui
1904 3413 2054 3466 Deus

413 3505 486 3562 ab
519 3505 862 3576 imperatore
911 3511 1368 3571 consecraretur,
1404 3501 1514 3557 nisi
1567 3519 1600 3557 a
1638 3507 1836 3557 senatu
1889 3517 2053 3556 com-

409 3596 768 3666 probaretur.
810 3595 1078 3650 Tiberius
1126 3610 1284 3666 ergo,
1318 3595 1489 3662 cujus
1537 3597 1796 3662 tempore
1846 3606 2050 3645 nomen

411 3685 800 3743 Christianum
848 3685 908 3740 in
967 3686 1244 3740 saeculum
1313 3682 1590 3748 introivit,
1646 3681 2050 3736 nnnuntiatatn

413 3773 524 3830 sibi
573 3790 641 3829 ex
689 3772 997 3828 Palaestina
1042 3773 1337 3828 veritatem
1388 3771 1677 3842 dogmatis
1725 3769 1893 3823 istius
1945 3767 2048 3837 (ibi

411 3863 564 3920 enim
598 3863 789 3934 prima
835 3863 1002 3917 initia
1047 3863 1390 3932 sumpserat)
1420 3863 1487 3914 ad
1535 3862 1801 3913 senatum
1835 3855 2050 3920 retulit,

409 3967 544 4008 cum
575 3951 950 4024 praerogativa
989 3949 1252 4022 suffragii
1300 3950 1413 4006 sui.
1447 3949 1717 4012 Senatus,
1749 3946 1887 4017 quia
1927 3945 2051 4014 ipse

408 4056 522 4098 non
555 4041 922 4112 probaverat,
959 4041 1200 4111 respuit.
1232 4040 1426 4095 Caesar
1455 4038 1512 4092 in
1563 4036 1849 4092 sententia
1890 4052 2050 4091 man-

403 4129 501 4198 sit,
533 4130 922 4187 comminatus
955 4140 1194 4186 morlem
1245 4128 1709 4185 Christianorum
1760 4131 2048 4182 accusato-

401 4217 583 4273 ribus.
611 4239 638 4271 ι
670 4219 897 4276 Ccelesti
949 4219 1224 4276 nimirum
1259 4216 1640 4290 providentia,
1683 4233 1784 4288 per
1813 4216 2046 4272 ordina-

397 4306 616 4363 tionem
647 4315 818 4377 atque
864 4307 1300 4379 dispositionem
1341 4309 1788 4376 compotentem,
1820 4303 1928 4360 hoc
1959 4303 2043 4360 illi

396 4397 830 4468 suppeditante,
891 4401 952 4452 ut
1035 4396 1194 4452 nullo
1251 4396 1518 4451 obstante
1600 4394 2040 4466 impedimento,

393 4485 686 4557 Evangelii
720 4487 962 4542 verbum
1021 4502 1123 4558 per
1169 4491 1353 4556 terras
1395 4485 1606 4554 passim
1657 4499 1862 4540 omnes
1909 4500 2044 4540 cur-
2073 4508 2118 4572 Β

395 4592 529 4633 sum
560 4593 731 4632 suum
766 4581 1006 4632 teneret.
1050 4574 1144 4630 Sic
1194 4574 1417 4631 scilicet
1445 4575 1496 4628 vi
1544 4579 1600 4629 et
1638 4573 1894 4629 efficacia
1923 4589 2040 4629 cm-

391 4665 525 4722 lesti
555 4667 808 4722 salutare
836 4665 1072 4722 verbum
1107 4705 1122 4730 ,
1147 4664 1314 4738 quasi
1344 4663 1638 4736 quoddam
1671 4662 1810 4718 solis
1837 4661 2034 4720 lumen

391 4753 732 4810 universum
789 4754 1166 4812 habitabilem
1214 4755 1413 4810 orbem
1446 4768 1684 4825 prorsus
1724 4751 2038 4808 illustravit

388 4843 710 4902 Confestim
742 4859 1014 4916 namque,
1041 4847 1208 4916 juxta
1237 4843 1570 4900 divinarum
1591 4841 2030 4912 Scripturarum

389 4936 822 5006 praescriptum.
856 4938 920 4990 In
939 4949 1152 4992 omnem
1178 4939 1392 4990 terram
1417 4933 1593 4988 exivit
1619 4947 1782 4986 conus
1809 4931 2032 4986 divino-

389 5037 519 5079 rum
555 5023 1044 5095 evangelistarum
1107 5031 1161 5079 et
1213 5021 1609 5094 apostolorum
1667 5021 1817 5091 ejus,
1865 5025 1918 5076 et
1973 5022 2034 5075 in

385 5111 524 5181 ﬁnes
553 5111 704 5167 orbis
731 5116 900 5168 terra
935 5113 1102 5167 verba
1168 5109 1426 5168 eorum".
1460 5109 1704 5166 Proinde
1734 5123 1833 5179 per
1863 5107 2033 5164 urbes

387 5204 446 5257 et
473 5201 629 5257 vicos
684 5216 912 5268 omnes,
967 5201 1382 5272 cepiosissimze
1423 5199 1629 5255 messis
1667 5197 1870 5266 instar,
1918 5197 2029 5255 fre-

386 5289 782 5361 quentissimas
828 5291 1435 5362 numerosissiquue
1497 5287 1713 5361 passim
1762 5287 2032 5344 Ecclesiae

387 5385 526 5434 sunt
571 5378 901 5436 constituta
929 5397 944 5436 :
976 5385 1032 5436 et
1059 5380 1156 5450 qui
1203 5380 1488 5450 majorum
1521 5392 1759 5435 suorum
1791 5393 2030 5433 succes-

457 5560 510 5604 ⁸⁸
536 5562 688 5622 Psal.
721 5579 886 5635 xvnt,
914 5567 970 5623 5.

2163 3237 2488 3307 θιεροῦσθαι,
2521 3239 2645 3312 πρὲν
2711 3239 2816 3294 ὑπὸ
2883 3247 2984 3308 τῆς
3028 3241 3336 3316 συγκλήτου
3387 3242 3818 3322 δοκιμασθῆναι.

2161 3321 2406 3400 Τιϐέριος
2464 3327 2558 3380 οὗν
2613 3326 2785 3405 ἐφ’οὖ
2830 3329 2894 3383 τὸ
2949 3334 3056 3385 τῶν
3115 3334 3446 3406 Χριστιανῶν
3503 3333 3688 3410 ὄνομα
3743 3339 3818 3400 εἰς

2161 3416 2254 3468 τὸν
2300 3415 2505 3487 κόσμον
2565 3414 2943 3488 εἰσελήλυθεν,
2977 3419 3328 3496 ἀγγελθέντος
3384 3424 3534 3498 αὐτῷ
3593 3428 3655 3483 ἐκ
3719 3435 3819 3484 Πα-

2164 3501 2444 3574 λαιστίνης
2474 3507 2571 3559 τοῦ
2602 3503 2878 3580 δόγματος
2907 3509 3106 3564 τούτου
3137 3508 3261 3565 ἔνθα
3299 3515 3534 3587 πρώτως
3587 3514 3815 3587 ἤρξατο,

2160 3595 2231 3665 τῇ
2281 3591 2578 3668 συγκλήτῳ
2638 3595 3059 3666 ἀνεκοινώσατο,
3099 3597 3270 3668 δῆλος
3329 3600 3402 3655 ὢν
3446 3603 3702 3674 ἐκείνοις,
3738 3609 3811 3668 ὡς

2157 3685 2237 3752 τῷ
2294 3679 2521 3757 δόγματι
2583 3685 2886 3757 ἀρέσκεται.
2925 3690 2991 3743 Ἥ
3051 3685 3107 3742 δὲ
3165 3689 3478 3764 σύγκλητος
3531 3693 3653 3750 ἐπεὶ
3711 3699 3805 3752 οὐκ

2159 3769 2296 3839 αὐτὴ
2377 3769 2748 3846 δεδοκιμάκει,
2806 3775 3082 3834 ἀπώσατο.
3133 3779 3189 3832 Ὀ
3267 3777 3323 3835 δὲ
3397 3782 3448 3836 ἐν
3508 3787 3579 3858 τῇ
3641 3787 3806 3856 ain-{,-

2157 3859 2422 3939 ἀποφάσει
2453 3856 2681 3935 ἔμεινεν,
2711 3863 3014 3935 ἀπειλήσας
3063 3865 3284 3922 θάνατον
3343 3876 3460 3932 τοῖς
3518 3856 3632 3928 τῶν
3680 3881 3802 3950 Χρι-

2158 3953 2386 4004 στιανῶν
2443 3952 2810 4027 κατηγόροις·
2845 3977 2874 4006 ››
2933 3960 3033 4023 τῆς
3092 3956 3350 4030 υύρανίου
3399 3963 3660 4034 προνοίας
3687 3967 3796 4018 κατ’

2157 4037 2494 4112 οἰκονομίαν,
2521 4039 2668 4095 τοῦτ’
2699 4041 2832 4096 αὐτὸ
2875 4043 3011 4116 πρὸς
3067 4048 3188 4098 νοῦν
3247 4046 3562 4120 βαλομένης
3589 4071 3601 4082 ·
3629 4051 3703 4112 ὡς
3727 4052 3782 4106 ἂν

2155 4125 2615 4215 ἀπαραποδίστως
2643 4125 2789 4205 ἔχων
2823 4131 2850 4186 ὁ
2881 4135 2982 4186 τοῦ
3016 4133 3349 4211 Εὖαγγελὶου
3403 4136 3569 4215 λόγος
3605 4161 3790 4196 ravu-

2156 4215 2289 4290 χόσε
2345 4223 2449 4292 γῆς
2505 4213 2820 4293 διαδράμοι.
2865 4221 3021 4276 Οὕτω
3075 4219 3214 4288 δῆτα
3273 4213 3516 4300 οὐρανίιρ
3574 4227 3790 4304 δυνάμοι

2151 4305 2244 4358 καὶ
2303 4305 2550 4381 συνεργίᾳ
2587 4306 2826 4381 ἀθρόως,
2861 4311 2950 4364 οἴά
2995 4331 3078 4374 τις
3133 4313 3301 4382 ἡλίου
3345 4314 3520 4390 βολή,
3547 4319 3650 4388 τήν
3679 4319 3800 4392 σύμο

2152 4415 2322 4484 πασαν
2389 4393 2715 4484 οἰκουμένην
2788 4399 2816 4452 ὁ
2875 4401 3146 4475 σωτήριος
3227 4404 3540 4480 κατηύγαζε
3612 4407 3800 4484 λόγος.

2150 4481 2352 4540 Αὐτίκα
2401 4481 2458 4538 δὲ
2485 4490 2602 4548 ταῖς
2633 4487 2800 4549 θείαις
2832 4487 3112 4562 ἑπομένως
3156 4496 3390 4568 Γραφαῖς
3431 4493 3540 4550 ἐπὶ
3592 4481 3801 4568 nisi“

2147 4573 2394 4664 προῄει
2423 4575 2540 4664 τὴν
2579 4581 2702 4648 γῆν
2743 4577 2772 4630 ὁ
2811 4575 3100 4656 φθόγγος
3128 4585 3236 4635 τῶν
3267 4558 3566 4640 θεσπεσίων
3591 4558 3805 4664 εὐαγγε-

2147 4661 2442 4718 λιστῶντε
2471 4663 2634 4720 αὐτοῦ
2664 4666 2754 4720 καὶ
2778 4667 3123 4738 ἀποστόλων,
3155 4672 3265 4726 καὶ
3297 4671 3396 4735 εἷς
3435 4677 3516 4729 τὰ
3547 4661 3802 4753 πέρατα

2137 4757 2255 4820 τῆς
2287 4751 2696 4827 οἰκουμένης
2725 4756 2800 4810 τὰ
2831 4756 3102 4830 ῥήματα
3133 4761 3368 4818 αὐτῶν.
3394 4763 3496 4820 Καὶ
3531 4751 3672 4834 δῆτα
3705 4769 3802 4823 ἔινά

2139 4841 2315 4905 πάσας
2369 4843 2466 4904 τάς
2523 4841 2716 4906 πόλεις
2772 4846 2865 4901 καὶ
2920 4849 3137 4921 κώμας,
3195 4850 3523 4925 πληθούσης
3583 4856 3800 4919 ἅλωνος

2139 4927 2316 5001 δίκην,
2349 4928 2673 5008 μυρίανδροι
2703 4935 2792 4990 καὶ
2841 4935 3202 5010 παμπληθεῖς
3247 4939 3461 5016 ἀθρόως
3503 4943 3798 5017 ἐκκλησίαι

2139 5017 2458 5107 συνέστησαν
2492 5039 2506 5054 ⁸
2567 5020 2620 5077 οἵ
2675 5023 2724 5078 τ’
2779 5023 2840 5079 ὲκ
2894 5027 3183 5102 προγόνων
3241 5025 3512 5106 διαδοχῆς
3554 5037 3652 5090 καὶ
3697 5043 3796 5107 τῆς

2135 5106 2386 5164 ἀνέκαθεν
2428 5107 2647 5182 πλάνης
2691 5111 2902 5185 παλαιᾷ
2948 5114 3092 5189 νόσῳ
3149 5113 3577 5193 δεισιδαιμονίας
3639 5106 3796 5180 εἷδώ-

2136 5197 2374 5288 λωντάς
2411 5201 2594 5288 ψυχὰς
2643 5203 3040 5277 πεποιωμένοι,
3071 5205 3207 5280 πρὸς
3252 5211 3352 5274 τῆς
3400 5215 3502 5266 τοῦ
3549 5219 3791 5288 Χριστοῦ

2136 5283 2438 5362 δυνάμεως,
2473 5287 2562 5345 διὰ
2585 5297 2686 5362 τῆς
2721 5297 2829 5348 τῶν
2881 5300 3159 5368 φοιτητῶν
3211 5297 3375 5353 αὐτοῦ
3428 5283 3790 5368 διδασκαλίας

2131 5397 2192 5431 τε
2247 5377 2390 5451 ὁμοῦ
2437 5380 2526 5434 καὶ
2573 5379 3055 5457 παραδοξοποιίας,
3103 5384 3287 5462 ὥσπερ
3339 5385 3527 5448 δεινῶν
3592 5391 3785 5450 δεσπο-

4022 85 4032 218 l

3906 327 4032 630 Ἰ
