4084 6208
207 394 319 454 781

1225 399 1854 462 ECCLESIASTICIE
1896 399 2287 460 lIlSTOlll/E
2328 399 2478 458 LIB.
2527 398 2602 458 Π.

3498 403 3615 464 782

209 528 520 602 γράμματι,
555 527 602 598 ᾧ
658 523 929 603 ἐπέγραψε
985 529 1141 604 Περὶ
1206 529 1484 606 ἀρετῶν,
1540 531 1590 588 ἐν
1674 532 1851 608 εἶ’ρωνι

1981 535 2237 590 secundo
2287 532 2454 598 libro,
2503 533 2595 587 cui
2646 531 2852 588 titulus
2881 535 2970 587 est
3016 532 3091 587 De
3134 531 3454 598 virtutibus,
3499 547 3618 588 ser-

209 615 367 692 λόγῳ
426 618 649 691 ἱστορεῖ.
703 617 1008 697 Σύμτρωνος
1066 617 1113 673 δ’
1169 621 1320 692 αὐτῴ
1386 621 1476 680 καὶ
1547 623 1861 694 Ἰώσηποςο

209 704 424 778 ὁμοίως
455 705 563 760 ἀπὸ
609 709 717 761 τῶν
771 709 990 782 χρόνων
1041 707 1282 764 Πιλάτου
1330 711 1418 765 καὶ
1465 716 1572 767 τῶν
1604 713 1738 768 κατά
1769 719 1863 768 τοῦ

212 800 477 866 Σωτῆρος
531 795 962 870 τετολμημένων
1021 801 1122 868 τήν
1183 798 1390 855 εἴσοδον
1439 807 1592 876 σχεῖν
1633 824 1729 866 τας
1760 809 1866 858 τῶν

208 881 490 944 Ἰουδαίων
539 885 779 957 μάλιστα
827 889 1130 963 συμφοράς.
1183 891 1285 944 Οἴα
1333 895 1462 965 γοῦν
1538 893 1627 945 καὶ
1703 895 1862 956 αὐτὸς

207 970 262 1025 ἐν
327 970 562 1048 δευτέρῳ
617 979 714 1030 τοῦ
775 974 1158 1031 ’ἰουδαϊκοῦ
1226 977 1539 1053 Πολέμου
1597 978 1863 1052 διέξεισιν,

207 1061 426 1116 ἀκούειν
480 1065 708 1142 χρεώνσ
770 1089 796 1115 (ι
862 1066 1158 1144 Πεμφθεὶς,
1217 1069 1404 1147 φησίν,
1463 1069 1540 1131 εἰς
1598 1069 1862 1126 Ἰουδαίαν

206 1148 508 1225 ἐπίτροπος
549 1152 652 1207 ὑπὸ
711 1149 964 1228 Τιϐερίου
1017 1153 1273 1226 Πιλᾶτος,
1333 1177 1544 1232 νυκτωρ
1589 1156 1864 1234 κεκαλυμ-

209 1237 380 1311 μένας
433 1241 511 1303 είς
571 1243 937 1319 Ἱεροσόλυμα
999 1247 1411 1321 παρεισκομίζει
1487 1248 1581 1310 τάς
1654 1248 1864 1306 Καίσα-

206 1347 307 1400 ρος
358 1328 570 1392 εἰκόνας
617 1349 632 1360 ·
683 1337 919 1406 σημαῖαι
965 1333 1256 1390 καλοῦνται
1306 1355 1320 1370 ⁸
1368 1339 1530 1392 τοῦτο
1574 1339 1692 1410 μεθ’
1723 1338 1861 1412 ἡμὲ-

217 1437 320 1490 ραν
355 1418 612 1495 μεγίστην
650 1423 900 1498 ταραχὴν
943 1421 1127 1499 ἤγειρε
1165 1429 1285 1487 τοῖς
1333 1424 1619 1490 Ἰουδαίοις
1662 1443 1678 1460 °
1709 1427 1764 1483 οἷ’
1805 1449 1864 1484 τε

208 1503 318 1582 γάρ
367 1505 527 1582 ἐγγὺς
573 1507 711 1586 πρὸς
760 1512 858 1580 την
905 1509 1028 1584 ὄψιν
1075 1511 1466 1589 ἐξεπλάγησαν,
1511 1515 1584 1576 ὡς
1629 1537 1866 1588 πεπατη-

209 1593 387 1668 μένων
433 1598 622 1662 αὐτοῖς
664 1601 772 1654 τῶν
823 1601 1007 1674 νόμων
1033 1617 1048 1634 ⁶
1109 1599 1260 1657 οὐδὲν
1309 1604 1410 1680 γάρ
1443 1605 1678 1676 ἀξιοῦσιν
1713 1603 1858 1682 ἒντῇ

213 1685 380 1743 πόλει
412 1685 662 1759 δείκηλον
693 1689 952 1750 τίθεσθαι.
989 1713 1015 1746 ν
1047 1697 1220 1748 Ταῦτα
1250 1691 1296 1748 δ’
1323 1693 1375 1749 εἷ’
1413 1716 1497 1758 τις
1541 1701 1658 1758 τοῖς
1705 1698 1863 1773 εὐαγ-

205 1775 452 1852 γελικοῖς
475 1777 668 1856 λόγοις
697 1783 1024 1858 παράθοιτο,
1053 1783 1288 1856 τάληθὲς
1320 1787 1539 1862 εὕρ-τίσει
1566 1807 1578 1820 '
1619 1789 1859 1858 μετῆλθε

202 1867 308 1940 γάρ
366 1868 559 1932 αὖτοὺς
609 1871 684 1933 ὡς
742 1874 918 1950 τάχος
958 1875 992 1942 ἡ
1047 1871 1171 1944 δίκη

207 1956 377 2012 αὐτοῦ
419 1961 662 2016 Πιλάτου
691 1965 904 2040 φωνην,
941 1967 1014 2035 μή
1051 1985 1167 2018 τινα
1215 1964 1388 2020 ἄλλον
1434 1965 1580 2040 ἔχειν
1635 1968 1862 2042 βασιλέα

205 2049 553 2124 κεκραγότων
615 2050 659 2104 εἰ
713 2053 791 2124 μὴ
847 2051 1113 2127 Καίσαρα.
1177 2055 1323 2109 Μετὰ
1403 2057 1596 2130 μικρὸν
1665 2055 1722 2112 δὲ
1777 2058 1864 2114 καὶ

205 2135 390 2208 ἄλλην
445 2141 729 2218 συμφοράν
775 2141 969 2204 αὐτοὺς
1035 2143 1314 2216 μετελθεῖν
1373 2147 1402 2200 ὁ
1462 2147 1626 2212 αὐτὸς
1663 2149 1860 2220 Ἰώση-

204 2247 309 2290 πος
371 2227 583 2302 ἱστορεῖ
648 2228 823 2304 λέγων
886 2250 900 2264 ’
961 2258 988 2285 ιι
1051 2233 1197 2290 Μετὰ
1253 2231 1310 2288 δὲ
1381 2239 1548 2292 ταῦτα
1621 2241 1865 2314 ταραχὴν

205 2313 391 2388 ἑτέραν
441 2315 600 2372 ἐκίνει
653 2317 888 2382 Πιλᾶτος
935 2339 948 2353 ·
992 2323 1083 2376 τὸν
1129 2322 1274 2399 ἱερὸν
1327 2325 1624 2400 θησαυρὸν,
1673 2313 1864 2382 καλεῖ-

203 2425 298 2458 ται
352 2401 411 2460 δὲ
473 2401 765 2480 κορϐανᾶς,
825 2408 901 2472 εἰς
960 2415 1280 2488 καταγωγὴν
1339 2411 1549 2470 ὑδάτων
1617 2415 1864 2486 ἐξαναλί-

205 2515 371 2552 σκων.
428 2496 628 2571 Κατῄει
687 2495 743 2552 δὲ
817 2497 926 2554 ἀπὸ
1001 2502 1327 2576 τριακοσίων
1413 2503 1666 2563 σταδίων.
1721 2508 1862 2579 Πρὸς

203 2587 371 2640 τοῦτο
400 2589 498 2640 τοῦ
548 2585 796 2657 πλήθους
841 2587 1203 2663 ἀγανάκτησις
1247 2592 1334 2660 ἦν.
1386 2593 1482 2648 Καὶ
1529 2599 1632 2649 τοῦ
1681 2594 1864 2651 Πιλά-

203 2693 310 2728 του
366 2675 630 2750 παρόντος
681 2675 757 2738 εἰς
806 2679 1180 2753 Ἰεροσόλυμα,
1234 2681 1576 2756 περιστάντες
1614 2685 1677 2739 τὸ
1707 2687 1862 2760 βῆμα

208 2758 514 2822 κατεϐόων.
564 2770 621 2820 '0
669 2763 727 2820 δὲ
781 2767 1034 2843 (προῄδει
1082 2769 1182 2845 γάρ
1231 2770 1414 2826 αὐτῶν
1443 2773 1542 2841 τὴν
1586 2758 1862 2849 ταραχην)

207 2852 302 2907 καὶ
351 2857 434 2924 τῷ
490 2851 692 2924 πλήθει
747 2855 875 2918 τοὺς
935 2861 1266 2932 στρατιώτας
1321 2857 1554 2925 ἐὸπλους
1611 2862 1858 2934 ἐσθήσεσι

211 2948 641 3015 στρατιωτικαῖς
675 2944 1121 3019 κεκαλυμμένους
1161 2947 1538 3023 ἐγκαταμίξας,
1588 2953 1674 3006 καὶ
1723 2952 1858 3027 ξίφει

209 3032 313 3103 μὲν
350 3033 658 3105 χρησασθαι
691 3033 967 3106 κωλύσας,
1008 3036 1190 3107 ξύλοις
1223 3036 1277 3092 δὲ
1308 3040 1482 3094 παίειν
1511 3042 1637 3104 τοὺς
1667 3063 1860 3116 κεκρα-

203 3121 371 3194 γότας
422 3121 900 3198 ἐγκελευσάμενος,
950 3125 1198 3195 σύνθημα
1239 3125 1458 3182 δίδωσιν
1489 3128 1596 3184 ἀπὸ
1626 3135 1722 3184 τοῦ

207 3233 405 3284 ματος.
463 3237 493 3265 ι»
553 3215 896 3287 Τυπτὸμενοι
951 3213 1008 3271 δὲ
1065 3217 1117 3270 οἱ
1173 3215 1448 3286 Ἰουδαῖοι,
1507 3219 1708 3275 πολλοὶ
1767 3223 1862 3293 μὲν

1229 1893 1243 1906 ο
1296 1872 1366 1908 2.’
1415 1875 1479 1908 ὃ..
1524 1874 1748 1908 flint-..
1779 1879 1796 1908 2

1296 1878 1323 1928 δ
1353 1878 1366 1897 ν
1415 1878 1449 1929 ‘F
1526 1878 1632 1908 τινέ⁵
1661 1879 1682 1920 ζ
1783 1879 1796 1896 τ

1333 1899 1346 1929 ι
1439 1899 1479 1944 ιν
1523 1898 1748 1952 ερρη,αν
1779 1899 1862 1934 επ’
1897 1915 1940 1978 Β

1979 640 2150 680 mone
2196 621 2538 679 assimulato
2585 629 3042 688 commemorat;
3084 622 3176 676 cui
3221 627 3277 678 et
3324 623 3614 694 Josephus

1975 713 2264 769 consentit
2295 729 2309 768 :
2351 713 2554 768 itidem
2587 729 2620 766 a
2655 711 2839 778 Pilali,
2877 716 2934 767 et
2965 711 3022 766 in
3054 712 3411 769 Servatorem
3453 730 3615 768 com-

1976 802 2139 856 missi
2191 801 2404 872 piaculi
2457 801 2838 871 temporibus,
2880 799 3238 857 calamitates
3277 802 3616 858 Judazorum

1975 891 2203 946 initium
2240 891 2564 962 sumpsisse
2597 906 2946 946 memorans.
2971 889 3172 952 Qualia
3196 891 3372 962 igitur
3401 897 3458 948 et
3484 891 3534 947 is
3556 891 3615 948 in

1973 982 2229 1036 secundo
2285 981 2504 1036 Iudaici
2559 980 2698 1036 Belli
2763 979 2910 1035 libro
2969 979 3204 1048 scribat,
3273 981 3472 1036 audire
3529 987 3619 1038 est

1973 1086 2158 1140 operae
2189 1070 2440 1142 pretium
2479 1085 2491 1125 :
2527 1091 2555 1120 ‹‹
2590 1069 2826 1136 Pilatus,
2875 1069 3092 1142 inquit,
3143 1086 3175 1123 a
3215 1070 3444 1126 Tiberio
3485 1087 3615 1142 pro-

1973 1166 2204 1214 curator
2231 1159 2289 1215 in
2329 1159 2594 1216 Judaram
2629 1159 2870 1231 missus,
2919 1163 3092 1216 noctu
3143 1159 3362 1216 velatas
3404 1165 3617 1218 tectas-

1972 1264 2086 1320 que
2117 1249 2574 1322 Hierosolymam
2624 1248 2800 1304 infert
2850 1249 3094 1305 Caesaris
3141 1253 3405 1318 statuas;
3454 1250 3619 1320 signa

1972 1353 2048 1392 eae
2083 1342 2382 1394 vocantur.
2415 1339 2542 1406 Qua
2587 1337 2668 1394 rei
2716 1337 2969 1394 novitate
3017 1337 3272 1394 interdiu
3303 1338 3554 1394 maxima
3585 1355 3620 1394 a

1969 1425 2189 1482 Judaeis
2218 1427 2395 1484 turba
2441 1432 2532 1484 est
2569 1428 2832 1484 excitata.
2867 1427 2972 1492 Qui
3002 1428 3157 1484 enim
3191 1427 3434 1500 propius
3465 1428 3620 1484 assi-

1973 1515 2222 1584 stebant,
2269 1517 2339 1573 ad
2391 1522 2769 1589 conspectum
2815 1533 3014 1573 earum
3072 1517 3427 1574 consternati
3478 1521 3620 1574 sunt

1973 1609 2254 1677 tanquam
2286 1610 2484 1678 aperte
2511 1605 2738 1676 legibus
2759 1622 2961 1662 eorum
2985 1605 3369 1678 proculcatis:
3399 1607 3618 1680 quippe

1973 1693 2355 1750 simulacrum
2409 1694 2642 1766 aliquod
2692 1695 2753 1750 in
2795 1693 3022 1750 civitate
3066 1694 3301 1763 habere,
3335 1694 3450 1750 illis
3483 1696 3616 1752 reli-

1973 1782 2068 1855 gio
2097 1790 2238 1840 erat.
2271 1806 2300 1834 »
2333 1785 2460 1840 Haec
2511 1784 2557 1840 si
2606 1784 2740 1855 quis
2789 1783 3135 1855 evangelicis
3184 1785 3355 1840 addat
3401 1785 3617 1856 verbis,

1973 1873 2270 1929 veritatem
2303 1873 2488 1944 ipsam
2537 1873 2788 1928 inveniet
2821 1890 2834 1928 :
2879 1872 3142 1928 celeriter
3171 1873 3326 1928 enim
3359 1888 3458 1929 eos
3487 1874 3620 1930 vin-

1969 1963 2121 2018 dicta
2150 1969 2235 2018 est
2266 1967 2600 2024 consecuta,
2632 1967 2865 2035 propter
2894 1979 3046 2028 eam,
3078 1979 3251 2033 quam
3283 1965 3431 2034 apud
3465 1963 3616 2018 Pila-

1967 2057 2092 2109 tum
2125 2053 2444 2109 insolenter
2472 2053 2706 2110 edidere
2735 2070 2931 2110 vocem
2968 2069 2981 2109 :
3011 2071 3126 2109 non
3161 2052 3340 2109 alium
3375 2069 3457 2120 se,
3489 2054 3606 2110 cla-
3637 2093 3641 2098 -

1969 2146 2219 2210 mantes,
2277 2142 2492 2199 habere
2567 2159 2781 2216 regem,
2859 2146 3240 2214 praeterquam
3309 2146 3612 2198 Caesarem.

1968 2231 2146 2288 Paulo
2178 2240 2304 2303 post
2355 2233 2470 2289 alia
2512 2250 2743 2305 quoque
2790 2233 3122 2288 calamitate
3171 2249 3425 2306 pressos,
3457 2233 3612 2288 idem

1967 2321 2254 2394 Josepbus
2285 2323 2488 2378 scribit
2519 2339 2532 2377 :
2567 2345 2596 2372 «
2637 2325 2776 2378 Post
2807 2323 2950 2383 haec,
3000 2323 3224 2390 dicens,
3267 2321 3436 2378 aliam
3470 2339 3610 2394 quo-

1967 2427 2080 2482 que
2110 2413 2341 2468 turbam
2390 2411 2640 2470 concivit
2683 2411 2926 2480 Pilatus,
2971 2427 3136 2467 sacro
3175 2411 3450 2468 thesauro
3491 2411 3608 2484 (cui

1969 2516 2178 2556 nomen
2238 2501 2517 2569 Corbona)
2569 2502 2628 2557 in
2677 2501 3056 2573 aquasduclus
3112 2501 3605 2558 constructionem

1965 2595 2338 2662 consumpto,
2387 2589 2488 2662 qui
2547 2591 2778 2660 quidem
2831 2592 2902 2646 ad
2951 2595 3204 2648 trecenta
3249 2590 3610 2662 dirigebatur

1967 2678 2175 2734 stadia.
2209 2679 2364 2735 150
2394 2679 2562 2751 Egre
2596 2679 2809 2736 ferebat
2837 2696 2964 2736 eam
3007 2679 3415 2750 indignitatem
3452 2678 3610 2733 mul-

1966 2768 2173 2834 titudo,
2223 2772 2281 2824 et
2328 2772 2608 2839 praesente
2651 2769 3066 2841 Hierosolymis
3117 2769 3320 2836 Pilato,
3353 2769 3607 2823 tribunal

1965 2857 2461 2914 circumsistentes
2517 2858 3004 2915 vociferabantur.
3061 2858 3160 2913 Ille
3207 2874 3397 2928 porro,
3450 2859 3606 2928 quod

1961 2947 2300 3002 Judzeorum
2351 2947 2710 3018 praevidisset
2767 2948 3103 3016 tumultum,
3161 2946 3346 3002 turba:
3406 2960 3606 3002 eorum

1965 3035 2182 3091 milites
2212 3044 2489 3100 armatos,
2521 3035 2620 3107 qui
2673 3035 3020 3091 militaribus
3064 3036 3247 3108 operti
3279 3045 3472 3092 essent
3511 3053 3608 3092 ve-

1963 3125 2174 3192 slibus,
2209 3125 2567 3192 immiscens,
2595 3127 2740 3180 l'erro
2771 3125 3008 3197 quidem
3034 3128 3228 3196 petere
3251 3141 3606 3196 quemquam

1965 3213 2282 3284 prohibuit,
2343 3215 2598 3270 fustibus
2674 3218 2864 3270 autem
2943 3215 3320 3270 vociferantes
3380 3213 3608 3282 pulsare

203 3302 312 3358 ὑπὸ
343 3305 453 3358 τῶν
503 3301 762 3378 πληγῶν,
805 3303 1011 3359 πολλοὶ
1057 3303 1113 3360 δὲ
1163 3306 1266 3361 ὑπὸ
1305 3313 1452 3386 σφῶν
1485 3309 1657 3365 αὐτῶν
1690 3332 1851 3366 κατα-

1973 3305 2286 3375 praecepit:
2345 3305 2593 3376 ejusque
2643 3304 2723 3359 rei
2769 3321 2947 3360 causa
2992 3303 3250 3374 signum,
3304 3303 3386 3358 uti
3413 3319 3610 3359 conve-

201 3389 540 3462 πατηθέντες
586 3391 900 3452 ἀπώλοντο.
954 3395 1096 3468 Πρὸς
1147 3392 1204 3449 δὲ
1250 3397 1350 3465 τήν
1406 3399 1688 3472 συμφορὰν
1744 3405 1852 3456 τῶν

200 3479 567 3555 ἀνῃρημένων
619 3481 958 3558 καταπλαγὲν
1007 3484 1070 3538 τὸ
1119 3483 1330 3554 πλῆθος
1379 3485 1698 3558 ἐσιώπησεν.
1747 3490 1850 3545 Καὶ

199 3569 384 3634 ἄλλας
415 3567 474 3624 δὲ
503 3569 698 3645 μυρίας
725 3571 1140 3645 νεωτεροποιίας
1187 3575 1216 3628 ὁ
1261 3573 1420 3636 αὐτὸς
1468 3575 1669 3651 ἱστορεῖ
1715 3599 1850 3654 συγ-

201 3659 446 3737 γραφεύς
482 3679 496 3692 ·
557 3658 628 3714 δι’
683 3683 758 3716 ων
811 3663 1154 3736 παρίσταται,
1215 3665 1289 3726 ὡς
1340 3663 1599 3738 οὐδαμῶς
1647 3667 1708 3724 ἐκ
1751 3677 1853 3740 τῆς

199 3749 342 3803 κατὰ
373 3750 468 3804 τὸν
519 3757 753 3825 Σωτῆρα
793 3749 1012 3824 τόλμης
1061 3749 1307 3809 διέλιπον
1347 3757 1446 3826 την
1473 3774 1532 3808 τε
1563 3753 1718 3810 πόλιν
1751 3757 1850 3812 αὖ·

197 3839 304 3908 τήν
360 3837 450 3892 καὶ
506 3839 606 3909 τὴν
657 3837 836 3911 ἄλλην
892 3842 1100 3896 ἅπασαν
1159 3840 1420 3899 Ἰουδαίαν
1491 3845 1700 3907 στάσεις
1757 3846 1846 3900 καὶ

201 3930 411 4004 μάχαι,
449 3927 540 3984 καὶ
586 3933 766 3984 κακῶν
817 3933 1106 4008 ἄφορτςτων
1149 3931 1463 4002 ἐπάλληλοι
1513 3929 1844 4006 προσϐολαί,

195 4017 366 4093 ἄχρις
395 4017 460 4072 οὗ
494 4021 528 4087 ἡ
575 4019 791 4074 πάντων
841 4019 1037 4092 ὑστάτη
1081 4021 1372 4096 πολιορκία
1416 4025 1550 4078 κατὰ
1599 4022 1844 4080 Ούεσπα·

194 4109 386 4164 σιανὸν
443 4107 668 4170 τούτους
717 4107 972 4182 μετῆλθε,
1027 4112 1116 4166 καὶ
1165 4124 1390 4184 πάμπαν
1437 4115 1716 4190 ἠφάνισεν.
1749 4118 1845 4170 Ὧν

195 4195 420 4270 μὲνοῦν
467 4197 542 4259 εἰς
595 4199 825 4272 Χριστὸν
885 4197 1186 4274 ἐξήμαρτον
1245 4198 1520 4270 Ἰουδαῖοι,
1582 4203 1722 4259 οὕτω
1782 4206 1847 4260 τά

188 4290 294 4352 τῆς
349 4285 496 4349 θείας
545 4285 841 4362 ἐπειρῶντο
892 4286 1074 4360 δίκης,
1123 4290 1306 4363 ἡρέμα
1352 4288 1719 4367 ἒπαγομένης,
1770 4293 1842 4348 Ού

191 4377 308 4448 μὴν
343 4373 400 4430 δὲ
431 4373 578 4430 ἀλλά
607 4377 694 4430 καὶ
744 4375 906 4438 αὐτὸς
957 4378 985 4431 ὁ
1017 4377 1104 4432 ἐπὶ
1148 4382 1246 4434 τοῦ
1302 4387 1558 4456 Σωτῆρος
1610 4381 1844 4442 Πιλᾶτος

187 4464 284 4520 ἐπί
312 4485 374 4520 τε
431 4459 700 4540 Τιϐερίου,
730 4471 830 4535 τῆς
882 4465 942 4522 ἐκ
989 4465 1300 4543 Μαγδάλων
1331 4469 1538 4544 Μαρίας
1566 4470 1752 4546 Ῥώμῃ
1785 4493 1843 4527 τε

185 4548 624 4627 προσϐαλούσης
671 4553 761 4610 καὶ
809 4556 876 4610 τά
919 4555 1056 4611 κατά
1093 4557 1182 4611 τὸν
1233 4563 1468 4632 Σωτῆρα
1523 4557 1840 4635 ἀνενεγκού-

1971 3399 2154 3464 uerat,
2187 3393 2271 3449 eis
2299 3410 2398 3466 pro
2432 3393 2710 3450 tribunali
2759 3393 2936 3449 dedit.
2973 3416 3000 3442 »
3033 3395 3391 3464 Quapropter
3418 3393 3606 3448 Judaei

1966 3484 2036 3540 ad
2069 3500 2199 3541 eum
2233 3483 2472 3539 modum
2505 3483 2719 3541 ictibus
2749 3483 2902 3542 caesi.
2939 3483 3103 3538 multi
3136 3481 3323 3553 plagis
3354 3489 3490 3538 sunt
3522 3481 3604 3536 in-

1964 3574 2254 3644 terempti,
2289 3572 2459 3629 multi
2488 3572 2664 3629 etiam
2713 3589 2747 3628 a
2787 3573 2904 3627 suis
2935 3571 3085 3626 inter
3117 3570 3436 3627 tumultum
3470 3587 3603 3642 pro-

1965 3661 2086 3716 triti
2118 3662 2482 3717 interierunt.
2520 3661 2824 3719 Multitudo
2856 3677 3024 3732 porro
3067 3660 3216 3731 ipsa,
3247 3663 3410 3716 tanta
3439 3659 3602 3717 clade

1963 3752 2248 3822 perculsa,
2306 3751 2650 3824 conquievit.
2711 3751 2868 3807 Alias
2924 3749 3062 3806 item
3119 3749 3597 3816 innumerabiles,

1963 3842 2244 3898 novandis
2297 3843 2494 3912 rebu,
2545 3844 2822 3898 excitatas
2871 3840 3253 3910 calamitates,
3301 3843 3455 3899 idem
3508 3843 3599 3898 hi-

1959 3933 2211 3989 storicus
2259 3933 2648 4004 persequitur,
2698 3948 2798 4004 per
2841 3949 2986 4003 quas
3019 3932 3226 3988 astruit
3268 3935 3438 4004 atque
3478 3950 3596 4003 pro-

1961 4025 2079 4092 bat,
2136 4022 2292 4093 quod
2351 4039 2385 4078 a
2441 4026 2771 4094 perpetrato
2828 4024 2886 4075 in
2943 4021 3296 4078 Salvatorem
3345 4023 3596 4095 piaculo,

1958 4127 2261 4182 nunquam
2297 4115 2353 4166 et
2382 4113 2441 4165 in
2475 4111 2616 4166 urbe
2644 4109 2792 4180 ipsa,
2837 4114 2895 4165 et
2937 4111 2992 4166 in
3023 4111 3227 4166 Judaea
3256 4113 3440 4177 omni,
3471 4129 3598 4170 esse

1957 4200 2258 4255 desierunt
2277 4198 2613 4267 seditiones,
2637 4197 2945 4266 tumultus,
2975 4215 3202 4270 pugnae,
3225 4199 3597 4272 aliarumque

1958 4288 2409 4345 inlolerabilium
2459 4287 2711 4344 cladium
2746 4288 2868 4343 alia:
2917 4303 3096 4360 super
3139 4287 3284 4344 alias
3316 4289 3596 4346 incursio-

1957 4394 2080 4445 nes,
2113 4377 2296 4434 donec
2318 4381 2608 4449 postrema
2627 4379 2892 4433 omnium
2920 4377 3080 4432 urbis
3102 4379 3212 4434 sub
3236 4379 3594 4451 Vespasiano

1955 4466 2177 4522 obsidio
2227 4483 2324 4522 eos
2376 4465 2602 4532 invasit,
2657 4482 2721 4521 ac
2779 4483 3020 4538 prorsus
3070 4467 3363 4524 exstinxit.
3405 4471 3593 4542 Atque

1952 4569 2151 4610 eorum
2184 4572 2308 4627 qua:
2354 4555 2538 4610 Judrei
2587 4555 2646 4609 in
2695 4555 2993 4610 Christum
3035 4557 3472 4623 commiserunt,
3502 4561 3592 4613 ta-

185 4665 319 4716 σηςς
379 4641 608 4698 πλεῖστα
643 4643 738 4718 μὲν
795 4640 1241 4720 περιυϐρισθῆναι
1274 4645 1486 4723 λέγεται
1519 4667 1531 4682 ο
1589 4651 1671 4705 ναὶ
1731 4652 1843 4723 μὴν

1961 4645 2065 4701 lem
2100 4646 2182 4702 illi
2211 4645 2488 4702 divinitus
2535 4649 2674 4701 sunt
2715 4646 2933 4717 experti
2985 4646 3318 4711 vindictam,
3369 4647 3585 4703 sensim

181 4732 282 4801 καὶ
313 4733 452 4786 κατά
497 4733 656 4788 Γάϊον
707 4730 926 4808 ὕστερον
973 4733 1259 4800 τοσαύταις
1314 4743 1621 4814 συμφοραῖς
1669 4739 1837 4816 λόγος

181 4817 309 4896 ἔχει
340 4823 533 4876 τοῦτον
577 4818 1007 4902 περιληφθῆναι,
1057 4823 1129 4889 ὥς
1175 4847 1330 4904 φασιν
1380 4827 1430 4880 οἶ
1475 4826 1568 4887 τὰς
1629 4827 1836 4900 Ἐλλή-

180 4931 297 4966 νων
358 4908 735 4984 Ὀλυμπιάδας
787 4913 878 4967 καὶ
933 4913 998 4968 τά
1055 4913 1137 4969 ἐπ’
1212 4915 1398 4978 αὐταῖς
1484 4917 1836 4993 πεπραγμένα

179 4999 604 5075 συντεταχότες,
636 4998 688 5064 ἐς
723 5002 878 5057 τόσον
907 5003 1059 5072 ἥκειν
1112 5004 1348 5080 ἀνάγκης
1399 5005 1635 5062 Πιλᾶτον
1679 5027 1833 5082 περι-

179 5089 376 5161 πετείᾳ
422 5094 528 5144 τῶν
589 5095 903 5170 συμφορῶν,
951 5091 1028 5155 ὡς
1085 5093 1380 5172 αὐτόχειρα
1443 5095 1531 5150 καὶ
1587 5098 1833 5169 τιμωρὸν

178 5178 350 5235 αὺτὸν
410 5179 583 5252 ἑαυτῷ
624 5188 999 5250 καταστῆναι·
1058 5188 1158 5252 τῆς
1226 5183 1370 5247 θείας
1425 5182 1602 5256 δίκης,
1663 5184 1738 5249 ὥς
1768 5207 1831 5264 γε

177 5267 418 5336 εἶκάζειν
467 5268 670 5341 χρεὼν,
721 5269 820 5324 οὐκ
867 5269 944 5334 εἰς
999 5270 1205 5346 μακράν
1245 5272 1614 5346 μενελθούσης
1643 5273 1826 5345 αὐτὸν,

173 5357 325 5413 καθά
383 5354 562 5426 δήπου
608 5357 698 5413 καὶ
747 5361 960 5430 Ἀνναν,
992 5360 1082 5416 καὶ
1124 5363 1393 5440 Καϊάφαν,
1433 5365 1521 5419 καὶ
1573 5363 1688 5420 ὅσοι
1722 5369 1830 5420 τῶν

170 5446 550 5525 γραμματέων
581 5445 714 5514 ἦσαν
781 5449 872 5504 καὶ
930 5448 1238 5526 Φαρισαίων
1271 5472 1284 5484 ⁸
1316 5453 1406 5508 καὶ
1464 5453 1638 5510 αὐτῶν
1680 5454 1826 5525 ἀξίαν

243 5666 323 5746 (_t)
359 5661 420 5720 L.
451 5663 718 5723 Vitellius
747 5666 924 5746 Syriae
965 5670 1261 5746 prrsl'ectus
1289 5670 1556 5746 Pilatum
1589 5677 1825 5746 propter

169 5736 517 5793 Judaorum
580 5736 1008 5799 accusationem
1071 5743 1314 5801 Romam
1381 5743 1464 5801 ire
1513 5736 1717 5817 jussit;
1764 5749 1822 5802 et

1948 4753 2047 4792 eos
2089 4736 2453 4808 Carpentem.
2489 4734 2699 4790 Verum
2750 4733 3042 4792 enimvero
3081 4739 3135 4790 et
3167 4735 3291 4806 ipse
3322 4736 3585 4792 Servato-

1949 4825 2030 4882 ris
2059 4826 2236 4898 judex
2265 4825 2480 4881 Pilatus
2509 4824 2610 4897 (l),
2642 4841 2775 4882 cum
2805 4825 2916 4880 sub
2945 4823 3171 4879 Tiberio
3202 4824 3376 4896 (quod
3409 4826 3588 4881 Maria

1947 4914 2290 4984 Magdalcna
2331 4915 2574 4972 Romam
2625 4914 2860 4976 adierat.
2915 4917 2971 4969 et
3017 4913 3338 4968 Servatoris
3383 4931 3475 4971 res
3503 4915 3585 4970 ibi

1945 5004 2240 5074 retulerat)
2271 5004 2540 5060 maximis
2590 5005 2827 5059 allectus
2871 5019 2998 5058 esse
3046 5001 3258 5058 dicitur
3287 5009 3588 5059 contume-

1943 5093 2034 5150 liis
2069 5111 2081 5148 :
2117 5099 2242 5150 tum
2289 5094 2406 5150 Caii
2441 5093 2799 5166 temporibus
2833 5096 3030 5164 postea
3060 5096 3314 5148 extrema
3348 5094 3581 5150 calami-

1942 5187 2060 5238 tate
2095 5200 2406 5256 oppressus
2438 5199 2564 5238 esse
2596 5184 2814 5237 fertur:
2849 5182 3342 5253 quemadmodum
3378 5183 3434 5238 id
3467 5188 3578 5241 tra-

1941 5271 2106 5338 dunt,
2154 5272 2254 5343 qui
2299 5274 2625 5328 Graecorum
2676 5270 3067 5342 Olympiadas,
3119 5287 3366 5342 quaeque
3406 5272 3462 5328 in
3497 5273 3582 5328 eis

1939 5365 2067 5416 acta
2097 5366 2258 5428 sunt,
2289 5375 2686 5433 composuere.
2735 5361 2822 5415 Ad
2872 5375 2971 5414 eas
3013 5359 3168 5415 cnim
3220 5361 3580 5418 necessitatis

1886 5441 1893 5448 “
1939 5451 2236 5522 angustias
2267 5451 2441 5508 variis
2473 5449 2844 5520 adversisque
2888 5449 3119 5505 casibus
3167 5451 3254 5504 est
3285 5450 3576 5522 redactus,

1931 5669 2270 5818 (Ιζξὶι-οῗιέιίιη
2318 5669 2538 5727 Ιιιὰωἰε
2596 5670 2866 5744 praefecit.
2909 5667 3198 5745 (Joseph.,
3250 5663 3352 5722 lib.
3413 5683 3573 5733 xvm,
