4084 6208
260 357 375 418 785

1263 359 1878 424 ΕΟΟΒΕΞΙΑΞΤΙΟᾸΞ
1919 363 2312 425 HISTORIIE
2355 367 2500 425 LIB.
2552 365 2625 425 Il.

3549 376 3670 435 786

263 491 535 566 μαχαίρᾳ.
570 516 597 542 ‹‹
634 491 764 564 Περὶ
796 491 858 545 οῦ
890 492 978 546 καί
1029 492 1273 568 Κλήμης
1302 495 1330 548 ὁ
1362 494 1712 569 στρωματεὺς
1742 492 1797 549 ἒν
1840 498 1909 568 τῇ

2029 497 2138 552 dio.
2181 520 2210 547 »
2260 498 2342 554 De
2384 514 2499 569 quo
2547 498 2812 556 Clemens
2857 517 3092 574 quoque
3144 505 3522 579 στρωματεῦς,
3563 524 3668 565 seu

263 576 480 656 ἑϐδόμῃ
504 585 612 636 τῶν
643 583 1176 639 ’Υποτυπώσεων
1227 587 1454 659 μνήμης
1505 583 1651 656 ἄξιον
1691 585 1916 660 ἱστορεῖ,

261 671 322 728 ἐκ
351 679 451 742 τῆς
499 670 697 728 ἀνωθεν
744 670 1100 746 παραδόσεως
1133 673 1412 754 εἰληφέναι
1444 676 1660 752 φάσκων
1706 673 1873 746 αὒτήν
1902 694 1915 708 °

271 787 292 814 ι
316 765 542 838 ’Ὁτιπερ
573 763 601 817 ὁ
634 763 710 827 εἰς
741 762 804 818 τὸ
839 763 1135 839 μαρτύριον
1169 763 1386 842 ἀγαγὼν
1418 764 1600 837 αὐτὸν,
1657 762 1786 820 ἰδὼν
1819 764 1914 820 αύ-

267 853 363 906 τὸν
431 851 662 926 γενναίῳ
731 853 917 926 ψυχῆς
985 854 1371 927 παραστήματι
1439 851 1916 931 διαγωνιζόμενον,

269 939 588 1015 Χριστιανὸν
621 941 708 995 καὶ
751 940 915 1004 αὐτός
959 942 1149 998 ἑαυτὸν
1202 944 1340 998 εἶναι
1384 943 1732 1020 ἀνωμολόγει
1761 961 1774 974 '
1823 943 1913 998 καὶ

265 1030 439 1104 ἄμφω
499 1029 612 1102 οὖν,
672 1031 830 1108 φησὶ,
890 1034 1361 1108 συναπήχθησαψ
1400 1056 1425 1086 ι
1477 1035 1567 1088 καί
1623 1035 1759 1088 κατά
1813 1035 1914 1102 τήν

265 1119 394 1175 ὁδὸν
452 1120 680 1191 ἠξίωσεν
739 1120 887 1194 αὐτῷ
944 1122 1207 1198 ἀφεθῆναι
1266 1121 1371 1178 ὗπὸ
1432 1119 1718 1180 Ἰακώϐου.
1768 1123 1825 1177 Ὀ
1867 1119 1913 1176 δ’

265 1209 457 1284 ὀλίγον
529 1209 887 1285 σκεψάμενος,
941 1210 1144 1285 Εἰρήνη
1194 1232 1301 1281 σοι,
1353 1211 1508 1266 εἴπεο
1559 1212 1647 1266 καί
1695 1213 1912 1291 κατεφί-

264 1297 432 1368 λησεν
466 1297 624 1354 αὐτόν
651 1319 663 1330 ·
698 1297 788 1353 καὶ
821 1297 996 1362 οὕτως
1046 1298 1350 1375 ἀμφότεροι
1395 1299 1910 1376 έκαρατομήθησαν.

264 1384 420 1444 Ἰδών
455 1409 516 1464 γε
558 1389 667 1462 μὴν
713 1384 992 1462 Ἡρώδης,
1043 1385 1116 1448 ὥς
1169 1408 1330 1464 φησιν
1361 1389 1396 1457 ἡ
1427 1389 1545 1442 θεία
1595 1389 1803 1464 Γραφὴ,
1835 1388 1912 1451 ὡς

261 1475 404 1550 πρὸς
460 1473 667 1546 ἡδονῆς
717 1479 783 1545 ἦν
840 1473 1124 1539 Ἰουδαίοις
1175 1479 1210 1546 ἡ
1260 1481 1357 1531 τοῦ
1405 1471 1670 1534 Ἰακώϐου
1715 1474 1913 1552 ἀνείρε-

263 1587 372 1629 σις,
398 1567 486 1622 καὶ
525 1565 723 1640 Πέτρον
753 1567 994 1641 συσχὼν,
1042 1566 1146 1621 ὑπὸ
1198 1569 1436 1642 φρουρὰν
1479 1565 1664 1635 ἐτίθει,
1721 1566 1911 1622 ἁλύσει

265 1657 464 1730 βαρείᾳ
520 1649 861 1728 περιϐαλὼν,
918 1655 1008 1709 καὶ
1077 1655 1178 1724 τὴν
1245 1655 1455 1711 ἐκείνου
1521 1654 1789 1730 ἀναίρεσιν
1855 1653 1908 1710 ἒν

269 1742 471 1818 μελέτῃ
528 1741 596 1814 δὴ
657 1743 794 1819 εἶχε.
859 1743 965 1800 Κᾶίν
1021 1738 1214 1818 ἔπραξε
1269 1745 1333 1800 τὸ
1414 1742 1654 1814 ἀνόσιον,
1715 1744 1761 1798 εί
1831 1745 1906 1816 μή

2025 594 2346 658 contextor,
2400 589 2679 646 memoria
2725 592 3004 662 quiddam
3053 594 3298 668 dignum
3330 597 3388 654 in
3419 599 3668 672 septimo

2028 679 2451 751 Diapositionum
2490 679 2642 736 libro
2689 696 2758 736 ex
2806 683 3092 752 majorum
3141 686 3452 744 traditione
3501 705 3670 747 acce-

2028 774 2186 838 ptum
2220 767 2496 840 scripsit:
2531 790 2558 819 «
2591 768 2758 832 Quod
2779 769 2851 839 is,
2883 771 2982 842 qui
3015 771 3179 828 illum
3213 775 3284 831 ad
3322 779 3665 850 martyrium

2025 856 2296 926 ducebat,
2342 874 2475 912 cum
2525 873 2655 913 eum
2688 873 2960 930 generose
2990 862 3334 934 admodum,
3370 877 3423 924 et
3455 886 3669 942 magna

2025 963 2155 1003 cum
2187 947 2517 1002 constantia
2549 947 2620 1002 ad
2654 947 3005 1018 supplicium
3038 950 3120 1008 ire
3159 952 3397 1027 videret,
3429 975 3492 1015 se
3521 977 3667 1032 quo-

2023 1051 2139 1106 que
2170 1035 2570 1092 Christianum
2602 1050 2726 1092 esse
2756 1037 3050 1108 professus
3071 1041 3167 1097 sit.
3197 1042 3448 1117 Uterque
3468 1046 3664 1120 igitur,

2023 1124 2236 1196 inquit,
2273 1125 2451 1182 simul
2474 1126 2707 1184 abducti
2737 1133 2894 1185 sunt.
2931 1152 2959 1180 ››
2990 1133 3175 1203 Atque
3203 1133 3354 1192 inter
3382 1140 3663 1209 eundum,

2024 1231 2234 1270 noxam
2267 1215 2380 1271 sibi
2412 1213 2507 1272 ille
2551 1235 2584 1272 a
2612 1217 2828 1274 Jacobo
2859 1219 3074 1276 remitti
3106 1224 3348 1294 rogavit.
3379 1227 3664 1286 Jacobum

2024 1321 2193 1376 porro
2223 1304 2528 1376 paululum
2555 1305 2908 1364 deliberasse
2935 1327 2947 1364 :
2973 1327 3218 1383 moxque
3243 1314 3314 1369 ad
3339 1314 3528 1386 illum,
3551 1318 3667 1375 Pax

2022 1393 2148 1464 tibi,
2181 1394 2398 1451 dixisse
2422 1411 2435 1449 :
2463 1395 2848 1469 osculumque
2870 1400 2941 1454 ad
2967 1416 3163 1456 vocem
3194 1419 3322 1459 eam
3350 1405 3664 1476 addidisse,

2021 1487 2080 1540 et
2114 1483 2200 1540 sic
2251 1487 2562 1556 utrumque
2610 1486 2800 1558 capite
2847 1492 3180 1546 truncatum
3230 1507 3372 1549 esse.
3415 1497 3668 1554 Herodes

2021 1577 2242 1642 autem,
2277 1577 2337 1628 ut
2367 1589 2534 1630 sacra
2565 1574 2754 1645 inquit
2782 1575 3096 1648 Scriptura,
3128 1595 3262 1636 cum
3288 1588 3511 1652 gratam
3541 1602 3668 1644 esse

2017 1660 2245 1717 Judmis
2276 1661 2475 1718 Jacobi
2507 1664 2720 1720 eadem
2753 1664 2996 1735 videret,
3027 1667 3260 1725 Petrum
3281 1670 3479 1728 itidem
3512 1689 3668 1732 com-

2021 1749 2396 1820 prehensum,
2447 1751 2720 1824 gravique
2773 1755 2977 1809 catena
3023 1755 3304 1829 vinctum,
3351 1758 3412 1815 in
3469 1767 3666 1820 συείο-

264 1833 483 1908 νύκτωρ
531 1832 770 1911 ἅγγελος
819 1833 1061 1902 ἐπιστὰς,
1111 1839 1218 1889 τῶν
1265 1833 1360 1907 μὲν
1409 1831 1624 1908 δεσμῶν
1669 1832 1859 1903 ἀνῆκεν
1891 1854 1905 1870 ’

300 1923 322 1936 .
383 1921 423 1936 ο..
507 1925 520 1936 .
659 1928 684 1936 -
842 1922 855 1936 .
1140 1921 1200 1936 ν..
1307 1920 1369 1936 ..ι
1489 1923 1500 1936 ,
1613 1919 1637 1936 ι.
1809 1923 1821 1936 ,

2029 1837 2180 1894 diam
2213 1840 2480 1910 conjecit,
2532 1840 2840 1912 eidemque
2877 1843 3230 1916 supplicium
3272 1847 3474 1906 itidem
3506 1853 3666 1922 capi-

268 1923 350 1988 εἷς
379 1921 436 1979 δὲ
463 1925 562 1993 τὴν
589 1928 688 1978 τοῦ
718 1922 1072 1998 κηρύγματος
1102 1921 1256 1986 αὖθις
1291 1920 1549 1978 ὡδοποίει
1609 1919 1908 1980 διακονίαν.

269 2013 369 2069 Καὶ
420 2014 484 2068 τὰ
536 2015 630 2087 μὲν
678 2019 780 2082 τῆς
828 2013 963 2068 κατά
1017 2012 1218 2088 Πέτρον
1277 2014 1424 2074 θείας
1485 2011 1803 2086 οἰκονομίας
1861 2014 1913 2068 ἐν

261 2102 517 2163 τούτοις’
552 2103 618 2157 τὰ
666 2098 723 2156 δὲ
766 2107 865 2171 τῆς
915 2102 1050 2156 κατᾶ
1096 2105 1206 2156 τῶν
1256 2100 1578 2156 ἀποστόλων
1631 2101 1914 2176 ἐπιχειρή-

264 2213 408 2255 στως
448 2188 700 2264 Ἡρώδου
768 2189 946 2246 οὐκέτ’
1005 2189 1058 2244 ἐν
1113 2185 1410 2252 ἀναϐολαῖς
1459 2190 1592 2258 ἦσαν
1637 2193 1705 2264 τῇ
1763 2187 1909 2264 δίκῃ,

263 2279 396 2336 ἀλλ’
427 2279 480 2351 ἐξ
528 2281 698 2350 αὐτῆς
752 2279 962 2354 μετῄει,
1010 2278 1204 2354 καίπερ
1253 2278 1474 2335 εἰωθυῖα
1525 2275 1806 2355 βραδύνειν
1835 2279 1908 2342 ὡς

260 2370 333 2426 τά
361 2369 570 2426 πολλά.

2022 1925 2136 1983 tale
2173 1928 2416 1984 molitus
2461 1933 2565 1985 est.
2612 1930 2680 1986 Et
2726 1931 3061 2002 perfecisset
3106 1933 3203 1990 ille
3235 1935 3474 2008 impiam
3505 1939 3666 1997 illam

2021 2017 2264 2084 caedem,
2287 2018 2394 2073 nisi
2419 2019 2663 2092 angelus
2682 2023 2852 2078 noctu
2873 2023 3210 2091 adveniens,
3234 2025 3479 2085 vinculis
3497 2028 3666 2088 illum

2024 2107 2350 2176 liberasset,
2399 2113 2456 2164 et
2506 2111 2560 2164 in
2609 2109 2923 2181 pristinum
2959 2113 3314 2185 praedicandi
3361 2118 3519 2174 verbi
3551 2121 3669 2176 mi-

2021 2195 2334 2252 nisterium
2386 2198 2731 2256 reduxisset.
2777 2201 2969 2273 Atque
3011 2203 3281 2276 equidem
3331 2222 3422 2264 res
3459 2209 3670 2267 divinas

2020 2282 2432 2355 dispositionis
2479 2288 2552 2343 de
2599 2291 2790 2357 Petro,
2821 2289 2906 2346 sic
2947 2307 3007 2348 se
3038 2299 3160 2348 tum
3192 2294 3464 2354 habuere.
3495 2299 3668 2355 Ceste-

2020 2388 2152 2428 rum
2186 2373 2446 2431 vindicta
2493 2383 2766 2432 conatum
2799 2379 3046 2436 Herodis
3094 2383 3154 2438 in
3191 2383 3480 2454 apostolos
3519 2387 3666 2442 nefa-

261 2461 388 2519 ium
422 2464 814 2533 persecutum,
847 2460 1090 2518 minime
1137 2461 1444 2530 cessabat;
1491 2461 1589 2517 sed
1641 2477 1768 2533 qua;
1814 2459 1959 2518 alias
2007 2466 2070 2518 ut
2123 2461 2440 2534 plurimum
2496 2467 2717 2524 tardior
2763 2484 2888 2525 esse
2918 2470 3240 2541 consuevit,
3280 2476 3404 2529 tum
3456 2480 3666 2545 praesto

262 2551 469 2608 statim
499 2549 680 2606 aﬂuit.

893 2661 1152 2714 ΚΕΦΑΛ.
1197 2658 1298 2714 ΙΓ’.

265 2749 376 2808 ⁸Ως
411 2747 814 2838 ’Λγρπίππαω
849 2747 881 2800 ἁ
909 2747 1016 2838 καὶ
1044 2743 1386 2838 ’ἓρώδηςρ
1414 2744 1574 2838 τοὺς
1624 2743 1908 2838 ἀπόρτό-

342 2818 364 2838 Χ
833 2819 860 2838 Λ
1004 2837 1011 2838 κ
1484 2837 1488 2838 ,
1614 2837 1655 2838 κέ
1734 2837 1741 2838 κ
1808 2837 1814 2838 ,

341 2815 800 2886 λουςέλάσας,
832 2819 1014 2878 θείας
1056 2815 1247 2888 δίκης
1293 2815 1538 2874 αὐτίκα
1588 2815 1908 2892 πεπείρα-

339 2911 478 2946 ται.

344 2997 494 3053 Ἐπεί
553 2998 654 3073 γὰρ
711 2997 847 3070 μετά
899 2997 1000 3066 τήν
1058 2995 1194 3052 κατά
1243 3000 1352 3050 τῶν
1410 2993 1735 3051 ἀποστόλων
1790 2994 1910 3051 ἐπι-

2621 2664 2860 2722 CAPUT
2898 2666 3046 2722 XIII.

2023 2751 2109 2828 Ut_
2137 2751 2396 2828 Agrippa,
2438 2753 2535 2825 qui
2581 2759 2632 2809 et
2672 2754 2907 2828 Herodes
2943 2755 3120 2812 dictus
3168 2767 3268 2824 est,
3295 2761 3668 2828 persecutione

2090 2825 2151 2876 in
2177 2824 2444 2950 apctistotos
2491 2829 2684 2897 cwpta,
2733 2825 2981 2883 divinam
3021 2830 3208 2885 statim
3246 2824 3548 2888 vindictam
3591 2835 3666 2890 sit

2092 2909 2258 2950 execr
2282 2911 2366 2950 us.

2092 2909 2366 2965 expertus.

2093 3000 2236 3056 Cum
2293 3003 2506 3060 etenim
2557 3007 2690 3075 post
2730 3020 2886 3074 eum,
2940 3006 3040 3078 qui
3071 3007 3264 3065 dictus
3293 3013 3400 3076 est,
3436 3011 3493 3066 in
3527 3027 3666 3082 apo-

267 3087 524 3164 χείρησιν
581 3086 656 3149 είς
732 3087 1048 3162 Καισάρειαν
1122 3085 1398 3163 ὥρμησεν.
1458 3084 1511 3140 ἐν
1567 3086 1749 3160 ἡμέρᾳ
1803 3088 1910 3140 τῶν

2029 3089 2204 3146 stolos
2261 3093 2602 3159 susceptum
2660 3096 2962 3162 conatum,
3019 3097 3338 3152 Caesaream
3387 3097 3663 3167 venisset,

267 3179 560 3251 ἐπισήμων
616 3179 802 3246 ἐσθῆτι
859 3181 1140 3253 περιφανεῖ
1212 3179 1660 3252 κοσμησάμενον,
1727 3174 1909 3232 διάτο-

268 3272 364 3344 ρόν
418 3289 478 3323 τε
534 3266 625 3322 καὶ
677 3265 932 3341 λαμπρὸν
980 3268 1086 3342 πρὸ
1146 3271 1245 3323 τοῦ
1295 3265 1610 3322 δικαστικοῦ
1661 3267 1911 3342 βήματος

269 3356 720 3433 δημηγοροῦντα,
774 3356 866 3411 καὶ
916 3355 1089 3431 ταύτῃ
1139 3353 1206 3426 δὴ
1263 3360 1359 3412 τοῦ
1423 3353 1605 3430 δήμου
1646 3351 1908 3412 ἐπιϐοῶν-

266 3469 387 3515 τος,
420 3451 582 3503 Θεοῦ
612 3447 789 3524 φωνή
843 3447 950 3502 καὶ
999 3447 1117 3502 οὐκ
1159 3446 1549 3520 ἀνθρώπουο
1599 3446 1812 3519 αὐτίκα,
1848 3445 1914 3501 τὸ

272 3539 422 3612 ίερόν
477 3559 611 3610 φησι
659 3535 871 3611 λόγιον,
914 3537 1146 3612 ἄγγελον
1197 3541 1389 3592 τοῦτον
1438 3537 1656 3610 ἀοράτῳ
1715 3534 1912 3611 πληγῇ

274 3628 510 3698 πατάξαι
545 3646 558 3660 ⁸
619 3626 900 3682 κάντεῦθεν
955 3625 1233 3701 ἀποψύξαι
1286 3627 1573 3701 γενόμενον
1625 3624 1913 3697 σκωληκόο

272 3715 515 3795 ϐριυτον.
569 3718 664 3772 Καὶ
723 3714 790 3788 δή
849 3715 942 3771 σὺν
1000 3715 1197 3779 ἄλλοις
1257 3717 1349 3772 καὶ
1405 3721 1567 3772 τοῦτο
1625 3717 1916 3790 θαυμάζειν

275 3831 375 3881 μοι
413 3801 638 3874 ἔπεισιν,
687 3805 837 3869 ὅπως
871 3807 898 3862 ὁ
931 3808 1054 3881 παρ’
1101 3801 1381 3881 Ἑϐραίοις
1435 3807 1703 3874 Ἰώσηπος
1742 3805 1914 3860 καθά-

271 3920 380 3952 παν
448 3894 690 3968 συνᾴδειν
747 3896 888 3952 ἔοικε
942 3901 1012 3971 τῇ
1062 3897 1180 3968 θείᾳ
1241 3901 1426 3973 Γραφῇ
1460 3915 1474 3929 °
1543 3897 1628 3952 οἶα
1674 3895 1776 3970 γάρ
1827 3893 1916 3948 καὶ

271 3989 398 4064 περὶ
429 3994 529 4056 τῆς
556 3984 816 4056 τελευτῆς
845 3983 1097 4062 Ἡρώδου
1135 3984 1188 4040 ἒν
1237 3984 1316 4059 τῷ
1349 3987 1416 4040 ιθ¹
1449 3988 1546 4054 τῆς
1593 3988 1913 4060 Ἀρχαιο-

271 4077 524 4153 λογίας
619 4071 886 4146 διέξεισιν,
969 4076 1158 4138 αὐταῖς
1240 4075 1415 4148 λέξεσι
1506 4076 1913 4149 παραθήσομαι.

271 4191 302 4219 ι(
334 4165 550 4240 Τρίτον,
582 4165 766 4242 φησὶν,
815 4160 934 4226 ἔτος
983 4165 1128 4236 αύτῷ
1174 4171 1274 4234 τῆς
1321 4162 1460 4234 ὅλης
1505 4161 1765 4225 Ἰουδαίας
1809 4165 1918 4236 βα-

270 4255 554 4312 σιλεύοντι
600 4253 972 4328 πεπλήρωτοο
1025 4257 1114 4310 καὶ
1164 4262 1343 4330 παρῆν
1397 4255 1474 4320 εἰς
1521 4253 1682 4310 πόλιν
1728 4254 1918 4308 lintei-

272 4367 450 4421 ρειαν,
509 4343 544 4414 ἢ
601 4345 664 4398 τὸ
708 4343 969 4420 πρότερον
1022 4347 1341 4419 Στράτωνος
1395 4346 1596 4420 πύργος
1643 4343 1914 4399 ἐκαλεῖτο.

273 4433 557 4491 Συνετὲλει
602 4431 650 4489 δ’
696 4433 923 4488 ἐνταῦθα
973 4433 1203 4510 θεωρίας
1249 4433 1326 4496 εἷς
1375 4435 1473 4503 τήν
1519 4432 1788 4507 Καίσαρος
1837 4454 1917 4486 τι·
1955 4471 1996 4535 D

273 4527 412 4598 μὴν,
476 4525 610 4596 ὑπὲρ
659 4530 758 4593 τῆς
808 4521 1013 4578 ἐκείνου
1063 4523 1336 4596 σωτηρίας
1384 4525 1577 4599 ἑορτήν
1628 4544 1744 4578 τινα
1787 4521 1917 4577 ταύο

268 4633 376 4683 την
407 4611 762 4685 ἐπιστάμενος
786 4628 801 4642 °
835 4611 927 4666 καὶ
960 4611 1087 4686 παρ’
1128 4609 1296 4680 αὒτήν
1343 4611 1606 4686 ἤθροιστο
1654 4611 1788 4666 κατὰ
1818 4612 1916 4679 τὴν

270 4699 545 4776 ἒπαρχίαν
577 4697 629 4754 ἓν
672 4697 818 4755 τέλει
869 4698 958 4754 καὶ
1008 4694 1436 4774 προϐεϐηκότων
1487 4698 1562 4760 εἷς
1592 4699 1743 4769 ἀξίαν
1774 4698 1920 4768 πλῆ-

272 4791 392 4852 θος.
439 4786 668 4864 Δευτέρᾳ
715 4786 773 4843 δὲ
821 4792 929 4842 τῶν
976 4790 1222 4864 θεωριῶν
1273 4789 1455 4864 ἡμέρᾳ
1507 4789 1712 4857 στολήν
1776 4785 1926 4842 ἔνδυ-

273 4879 509 4952 σᾶμενος
564 4875 616 4948 ἒξ
673 4877 914 4953 ἀργύρου
971 4880 1350 4952 πεποιημένην
1409 4883 1606 4937 πᾶσαν.
1659 4879 1734 4939 ὼς
1791 4878 1924 4931 θαυ-

277 4968 474 5042 μάσιον
516 4965 656 5044 ὗφήν
705 4968 870 5038 εἶναι,
918 4967 1195 5042 παρῆλθεν
1246 4967 1323 5032 εἰς
1375 4967 1438 5023 τὸ
1489 4969 1712 5042 θέατρον
1759 4967 1927 5042 ἀρχο-

277 5057 448 5131 μένης
481 5057 714 5132 ἡμέρας.
745 5057 907 5112 Ἔνθα
939 5062 1058 5120 ταῖς
1090 5057 1333 5134 πρώταις
1363 5060 1470 5112 τῶν
1505 5055 1752 5126 ἡλιακῶν
1772 5055 1924 5111 ἀκτί-

274 5166 385 5202 νων
433 5140 720 5209 ἕπιϐολαῖς
773 5147 802 5202 ὁ
852 5145 1090 5221 ἄργυρος
1153 5147 1560 5222 καταυγασθεὶς,
1611 5145 1922 5220 θαυμασίως

275 5229 577 5290 ἀπέστιλϐε
598 5253 613 5267 °
649 5234 977 5312 μαρμαίρων
1007 5257 1060 5290 τι
1105 5231 1339 5315 φοϐερὸν
1369 5235 1458 5290 καὶ
1491 5239 1608 5297 τοῖς
1641 5235 1716 5297 είς
1765 5233 1924 5291 αὺτὸν

273 5321 582 5392 ἀτενίζουσι
631 5323 926 5401 φρικῶδες.
977 5325 1145 5388 Εὐθὺς
1189 5323 1247 5380 δὲ
1290 5325 1342 5379 οἱ
1391 5323 1623 5387 κόλακες
1671 5326 1766 5388 τὰς
1812 5322 1927 5380 οὐδ’

275 5412 468 5488 ἕκείνῳ
508 5414 644 5489 πρὸς
672 5415 873 5491 ἀγαθοῦ
923 5415 1094 5478 ἄλλος
1145 5413 1382 5470 ἄλλοθεν
1430 5416 1613 5490 φωνὰς
1662 5410 1924 5486 ἀνεϐόών,

277 5505 413 5559 Θεὸν
461 5505 990 5580 προσαγορεύοντες’
1049 5504 1298 5578 Εὐμενὴς
1351 5501 1492 5574 εἴης,
1542 5500 1922 5580 ἐπιλέγοντες.

349 5693 434 5766 (1)
461 5692 597 5767 Cap.
628 5695 702 5768 8;
733 5697 791 5753 et
818 5694 893 5752 De
922 5694 1046 5755 bell.
1078 5693 1298 5753 Judaic.
1320 5693 1421 5752 lib.
1453 5709 1516 5767 ιι,
1547 5709 1672 5766 cap.
1705 5693 1760 5762 4,
1803 5691 1890 5748 10.

2024 3177 2234 3234 celebri
2265 3181 2516 3251 quodam
2547 3181 2660 3250 die,
2708 3181 3017 3254 splendida
3061 3188 3301 3242 ornatus
3332 3190 3508 3255 veste,
3545 3204 3663 3244 ma-

2023 3285 2140 3340 gna
2185 3269 2342 3325 vocis
2381 3271 2748 3328 contentione
2794 3271 3197 3330 vehementius
3255 3276 3668 3349 cepiosiusque

2026 3373 2130 3429 pro
2179 3358 2454 3414 tribunali
2507 3360 2575 3416 ad
2626 3361 2910 3434 populum
2961 3363 3133 3419 verba
3181 3364 3335 3422 fecit.
3369 3366 3457 3421 Ad
3496 3367 3665 3437 cujus

2025 3447 2345 3504 orationem
2395 3465 2529 3504 cum
2582 3449 2747 3521 plebs
2792 3452 3176 3510 acclamasset
3207 3470 3221 3509 :
3257 3456 3356 3510 Dei
3391 3471 3514 3525 vox,
3556 3473 3666 3512 non

2025 3537 2282 3604 hominis,
2341 3539 2670 3608 confestim,
2731 3545 2798 3595 ut
2853 3557 3029 3597 sacres
3091 3542 3317 3599 Litterae
3367 3543 3662 3616 inquiunt,

2025 3626 2265 3699 angelus
2294 3627 2522 3682 occulta
2551 3628 2722 3700 plaga
2749 3645 2880 3685 eum
2929 3629 3227 3687 muletavit
3257 3647 3271 3688 :
3306 3634 3458 3689 unde
3486 3633 3660 3689 etiam

2025 3733 2059 3771 a
2087 3716 2380 3773 vermibus
2425 3732 2694 3774 corrosus
2741 3722 2914 3790 atque
2959 3728 3362 3793 consumptus,
3403 3721 3662 3779 animam

2023 3805 2158 3877 egit.
2211 3805 2514 3862 Enimvero
2563 3811 2770 3879 praeter
2816 3809 2953 3876 alia,
3003 3809 3148 3867 illud
3193 3827 3423 3883 quoque
3463 3811 3662 3869 mirari

2028 3893 2171 3950 mihi
2213 3893 2272 3948 in
2305 3899 2556 3950 mentem
2608 3896 2784 3966 venit,
2833 3899 2982 3969 quod
3017 3898 3388 3957 Hebreorum
3421 3899 3660 3956 histori-

2025 3999 2132 4040 cus
2159 3983 2475 4055 Josepbus,
2508 3984 2567 4040 in
2601 3985 2938 4043 universum
2961 3987 3170 4044 divinae
3191 3989 3506 4061 Scriptura:
3536 4005 3665 4046 con-

2027 4088 2170 4129 sona
2210 4073 2462 4129 scribere
2491 4073 2738 4130 videtur.
2790 4075 2993 4141 Qualia
3039 4093 3291 4150 namque
3319 4079 3393 4135 de
3423 4079 3668 4136 Herodis

2031 4163 2181 4219 153
2215 4161 2375 4219 obitu
2405 4161 2465 4217 in
2497 4162 2720 4220 decimo
2751 4179 2905 4220 nono
2934 4165 3343 4239 Antiquitatum
3372 4167 3520 4224 libro
3541 4185 3670 4226 me—

2030 4255 2217 4307 moret
2244 4254 2346 4323 (t),
2393 4251 2586 4308 verbis
2634 4251 2820 4324 ipsius
2867 4254 3078 4311 referre
3131 4256 3318 4314 libet:
3351 4281 3379 4309 α
3412 4258 3668 4325 Tertius,

2027 4342 2241 4413 inquit,
2272 4358 2485 4410 annus,
2515 4358 2582 4397 ex
2613 4358 2722 4412 quo
2746 4346 2925 4400 totam
2945 4345 3208 4402 Judaeam
3231 4348 3488 4420 regebat,
3511 4365 3674 4421 pera-

2029 4439 2155 4486 ctus
2189 4432 2398 4500 fuerat,
2429 4446 2563 4486 cum
2597 4430 2646 4486 is
2676 4435 2967 4496 Crassi-eae.
3019 4451 3147 4506 qua:
3187 4447 3360 4493 antea
3387 4438 3674 4494 Stratonis

2029 4519 2211 4576 turris
2241 4523 2445 4576 vocata
2493 4521 2699 4586 fuerat,
2750 4525 2922 4588 esset,
2953 4523 3163 4580 edebat
3191 4523 3271 4580 ibi
3302 4525 3361 4581 in
3394 4525 3672 4583 honorem

2029 4609 2293 4679 Caesaris,
2324 4625 2432 4681 pro
2463 4609 2634 4680 cujus
2651 4609 2861 4679 salute,
2897 4613 3071 4669 festos
3102 4616 3395 4687 quosdam
3419 4616 3677 4673 institue-

2031 4703 2120 4755 rat
2169 4698 2312 4765 dies,
2370 4698 2724 4770 spectacula.
2769 4700 3105 4759 Conﬂuebat
3153 4711 3274 4760 tum
3325 4719 3394 4760 ex
3433 4721 3502 4760 ea
3532 4721 3675 4776 pro-

2032 4786 2242 4857 vincia,
2293 4802 2494 4842 eorum
2545 4787 2642 4859 qui
2694 4789 3076 4861 magistratus
3123 4794 3179 4847 et
3225 4791 3472 4848 honores
3514 4805 3676 4863 gere-

2037 4877 2196 4944 bant,
2231 4876 2301 4932 ad
2335 4890 2471 4931 eum
2503 4875 2844 4934 multitudo.
2889 4878 3062 4936 Porro
3092 4879 3346 4938 secundo
3375 4884 3676 4952 spectacu-

2033 4965 2224 5022 lorum
2257 4965 2352 5021 die
2399 4967 2619 5022 vestem
2667 4982 2736 5022 ex
2779 4971 3014 5038 argento
3065 4967 3208 5023 miro
3259 4968 3504 5025 artiﬁcio
3534 4986 3675 5026 con—

2035 5058 2250 5111 textam
2280 5053 2492 5120 induit,
2523 5058 2581 5110 et
2628 5054 2687 5110 in
2719 5055 3010 5111 theatrum
3041 5071 3176 5111 cum
3205 5055 3396 5128 prima
3425 5057 3549 5114 luce
3580 5075 3676 5112 ve-

2035 5143 2140 5200 nit.
2166 5143 2251 5200 Ibi
2275 5143 2484 5217 primis
2507 5142 2784 5200 solarium
2810 5143 3104 5201 radiorum
3131 5143 3345 5202 ictibus
3367 5153 3675 5218 argentum

2034 5233 2395 5292 illustratum
2429 5233 2766 5290 mirandum
2799 5233 2858 5289 in
2891 5235 3132 5291 modum
3164 5235 3529 5302 coruscabat,
3564 5253 3678 5293 me-

2034 5327 2317 5384 tuendum
2351 5328 2528 5396 atque
2548 5324 2908 5381 horrendum
2937 5325 3216 5396 quiddam
3239 5325 3676 5399 inspicientium

2035 5414 2219 5475 oculis
2249 5413 2559 5486 splendore
2603 5430 2710 5472 suo
2752 5414 3028 5473 inferens.
3062 5415 3262 5488 Itaque
3290 5419 3679 5474 assentatores

2041 5506 2176 5562 hinc
2201 5508 2258 5562 et
2289 5504 2447 5570 inde,
2477 5503 2714 5559 vocibus
2746 5517 2816 5560 ne
2845 5503 2956 5576 ipsi
2987 5504 3228 5578 quidem
3258 5505 3411 5562 bono
3443 5505 3678 5564 futuris.
