4084 6208
429 293 548 352 787

1727 295 2152 356 NICEPHORI
2195 297 2542 360 CALLISTI

3717 301 3840 363 788

431 427 871 486 acclamabant:
907 430 1085 485 Deum
1117 429 1272 484 enim
1303 429 1692 502 appellabant,
1725 434 1782 486 et
1812 434 1874 486 ut
1902 431 2074 484 benc-

2210 427 2239 482 τί
2283 429 2373 484 καὶ
2434 429 2600 506 μέχρι
2651 435 2741 486 νῦν
2789 433 2864 493 ὡς
2912 431 3196 507 ἄνθρωπον
3247 427 3637 511 ἐφοϐήθημεν*
3692 430 3842 486 ἀλλά

432 513 600 573 volus
632 516 1034 588 propitiusque
1085 515 1168 572 eis
1209 526 1378 586 esset,
1410 518 1698 588 rogabant
1729 534 1743 572 :
1778 519 1825 573 si
1864 516 2076 574 hucus-

433 620 548 676 que
584 621 718 661 eum
750 608 816 659 ut
846 603 1144 661 hominem
1177 607 1345 662 veriti
1379 610 1598 675 essent,
1621 607 1692 663 de
1718 611 1925 664 caetero
1959 608 2073 663 liu-

435 713 610 752 mana
655 698 870 751 natura
911 693 1273 765 superiorem
1315 695 1892 768 prtestantioremque
1932 715 2073 769 pro-

434 784 690 841 t'essuros
727 786 877 850 esse,
926 783 1288 855 pollicentes.
1329 785 1452 841 Non
1503 787 1795 858 increpuit
1825 803 1923 843 eos
1955 805 2072 854 rer,

434 889 627 945 neque
677 877 798 929 tam
847 873 1092 945 impiam
1142 874 1598 931 assentationem
1645 881 1734 933 est
1777 877 2072 934 amolitus.

434 963 544 1018 Sed
581 960 756 1034 paulo
796 967 929 1033 post
974 966 1146 1034 caput
1192 978 1365 1018 suum
1398 963 1656 1034 sustulit,
1697 970 1755 1021 et
1784 967 2074 1022 bubonem

435 1051 695 1108 funiculo
743 1051 974 1107 cuidam
1021 1051 1374 1108 insidentem
1423 1055 1748 1126 conSpexit,
1790 1060 1846 1110 et
1876 1059 2074 1111 statim

436 1142 727 1199 malorum
778 1140 934 1198 hunc
979 1157 1103 1198 esse
1153 1143 1442 1209 nuntium,
1487 1143 1592 1214 qui
1619 1145 1904 1200 bonorum
1936 1146 2073 1200 olim

435 1231 646 1302 fuerat,
669 1231 1099 1287 animadvertit.
1128 1231 1331 1302 Itaque
1353 1232 1678 1289 immensus
1695 1234 1854 1290 illius
1877 1242 2080 1306 pectus

435 1322 617 1393 dolor,
685 1325 1064 1392 ventremque
1129 1323 1440 1384 cruciatus.
1507 1341 1640 1379 cum
1717 1326 2081 1382 vehementia

437 1427 669 1468 summa
699 1411 956 1479 invasit;
1007 1417 1061 1466 et
1091 1411 1163 1466 ad
1196 1410 1412 1467 amicos
1444 1429 1759 1472 conversus
1791 1432 1804 1471 :
1839 1417 1920 1472 En
1954 1432 2080 1486 ego,

438 1501 652 1572 inquit,
682 1500 836 1557 Deus
885 1509 1092 1568 vester,
1141 1501 1316 1558 vitam
1366 1502 1693 1574 relinquere
1721 1509 1910 1578 coget,
1943 1523 2075 1561 eum

432 1590 560 1660 jam
593 1589 782 1646 fatalis
813 1593 870 1645 et
901 1591 1094 1645 divina
1127 1592 1214 1648 vis
1245 1593 1557 1649 ementitus
1587 1594 1645 1648 in
1680 1611 1770 1650 me
1798 1611 1966 1651 voces
1999 1612 2080 1650 ve-

441 1687 592 1736 stras
623 1683 937 1748 coarguat:
990 1683 1048 1735 et
1093 1680 1190 1751 qui
1234 1682 1404 1738 modo
1447 1699 1481 1737 a
1527 1683 1689 1738 vobis
1733 1684 2082 1742 immortalis

2180 518 2497 574 τούντεῦθεν
2549 522 2748 590 θνητῆς
2804 525 3016 597 φύσεως
3067 521 3346 596 κρείσσονά
3401 544 3460 597 γε
3509 520 3843 597 ὁμολογού-

2187 628 2304 679 μεν.
2349 609 2461 664 Ούκ
2515 609 2787 680 ἐπέπληξε
2841 611 3055 672 τούτοις
3117 612 3146 666 ὁ
3209 610 3488 686 βασιλεὺς,
3551 609 3682 666 οὐδὲ
3740 613 3843 677 τήν

2180 693 2470 753 κολακείαν
2559 694 2852 754 ἂσεὸοὖσαν

3797 698 3842 722 90

3389 705 3479 756 'Av
3490 699 3705 772 ακύψας
3795 699 3823 752 δ

2183 785 2277 840 οὖν
2333 789 2451 860 μετ’
2506 787 2696 865 ὀλίγον
2745 790 2836 844 τὸν
2887 785 3140 865 βουϐῶνα
3188 797 3290 859 τῆς
3344 791 3536 845 ἑαυτοῦ
3588 789 3845 864 κειραλῆς

2185 875 2684 950 ὑπερκαθεζόμενον
2753 877 2888 934 εἶδεν
2940 879 3030 935 ἐπὶ
3082 877 3330 953 σχοινίου
3378 879 3549 948 τινὸς,
3607 877 3840 954 ἄγγελον

2943 699 3276 774 ἀπετρίψατο
3287 743 3298 756 .

2185 971 2380 1022 τοῦτον
2437 967 2586 1028 εὐθὺς
2625 967 2814 1040 ἐνόησε
2851 975 3031 1025 κακῶν
3075 969 3236 1038 εἶναι,
3275 970 3364 1024 τὸν
3403 971 3496 1025 καί
3551 991 3686 1025 ποτε
3731 975 3838 1024 τῶν

2187 1055 2400 1129 ἀγαθῶν
2455 1057 2763 1130 γενόμενον.
2826 1059 2928 1114 Καὶ
3001 1057 3314 1133 διακάρδιον
3363 1054 3523 1135 ἔσχεν
3598 1058 3838 1130 ὀδύνην·

2187 1145 2384 1220 ἀθρόον
2447 1143 2491 1200 δ’
2551 1147 2695 1218 αύτῷ
2751 1155 2850 1217 τῆς
2905 1147 3121 1212 κοιλίας
3187 1151 3524 1224 προσέφυσεν
3605 1147 3844 1225 ἄλγημα

2191 1237 2324 1308 μετά
2373 1233 2745 1312 αἶροδρῦτητος
2805 1238 3122 1312 ἀρξάμενον.
3168 1240 3520 1313 ’Δναθεωρῶν
3573 1237 3670 1293 οὖν
3701 1240 3842 1312 πρὸς

2188 1325 2314 1386 τοὺς
2361 1325 2575 1404 φίλους.
2626 1328 2685 1382 Ὀ
2735 1329 2854 1390 θεὸς
2905 1330 3030 1401 ὑμῖν
3079 1327 3202 1405 ἐγὼ,
3260 1330 3446 1408 φησὶν,
3498 1326 3610 1400 ἤδη
3667 1351 3843 1384 κατα-

2190 1414 2429 1493 στρέφειν
2487 1415 2844 1489 ἐπιτάττομαι
2874 1419 2963 1472 τὸν
3017 1417 3158 1493 βίον,
3210 1421 3557 1494 παραχρῆμα
3609 1421 3710 1488 τῆς
3767 1421 3844 1474 εἱ-

2193 1504 2442 1580 μαρμένη
2455 1527 2477 1567 ς
2561 1507 2657 1568 τας

2188 1592 2529 1672 ἐλεγχούσης
2555 1615 2566 1628 °

2743 1508 2862 1580 ἄρτι
2937 1529 3040 1580 μου
3123 1507 3563 1582 κατεψευσμένας
3653 1509 3841 1586 φωνὰς

2619 1597 2708 1650 καὶ
2741 1597 2770 1650 ὁ
2810 1596 3038 1666 κληθεὶς
3091 1597 3349 1658 ἀθάνατος
3402 1599 3490 1672 ὑφ’
3526 1599 3682 1670 ὑμῶν
3729 1595 3842 1666 ἤδη

3091 1685 3132 1703 αι

2191 1685 2360 1738 θανεῖν
2419 1685 2726 1762 ἀπάγομαι,
2807 1687 3026 1741 Δεκτέον
3087 1685 3143 1742 δὲ
3199 1689 3298 1756 τήν
3350 1687 3751 1761 πεπρωμένην,

441 1783 573 1825 sum
605 1767 820 1834 dictus,
872 1783 1026 1825 nunc
1071 1769 1146 1825 ad
1193 1775 1439 1828 mortem
1479 1773 1754 1830 abducor.
1787 1774 1898 1830 Sed
1931 1775 2083 1830 acci-

2210 1774 2318 1834 ὶεὸς
2355 1769 2688 1847 βεϐούληται
2713 1792 2726 1805 ·
2767 1775 2856 1829 καὶ
2887 1777 2990 1852 γάρ
3049 1771 3391 1851 βεϐιώκαμεν
3443 1774 3668 1848 οὖδαμῆ
3701 1777 3841 1853 ⁶φαύ-

441 1856 722 1926 piendum
770 1857 947 1919 venit,
999 1861 1152 1931 quod
1208 1864 1318 1917 Deo
1365 1869 1451 1918 est
1479 1862 1688 1930 visum,
1721 1864 1925 1919 fatum.
1955 1864 2078 1920 Non

442 1948 752 2006 obscuram
801 1951 996 2006 tamen
1047 1967 1175 2018 nos,
1221 1951 1321 2007 sed
1354 1950 1626 2008 felicioris
1655 1953 2084 2024 splendidioris-

443 2053 555 2111 que
586 2037 755 2095 sortis
802 2039 1104 2111 exegimus
1152 2039 1348 2097 vitam.
1395 2041 1527 2096 Haec
1553 2041 1653 2096 ubi
1684 2042 1947 2113 dixisset,
1981 2044 2082 2101 do—

444 2129 594 2184 lores
664 2143 799 2184 eum
870 2129 1216 2186 intensiores
1293 2130 1652 2186 cruciabant.
1730 2135 2087 2206 Quapropter

445 2233 660 2290 magna
689 2218 990 2275 celeritate
1017 2219 1076 2274 in
1100 2218 1315 2292 regiam
1339 2225 1428 2278 est
1447 2222 1808 2292 deportatus.
1833 2223 1902 2277 Et
1935 2225 2088 2280 fama

447 2309 600 2379 apud
633 2325 838 2364 omnes
870 2307 1083 2380 passim
1116 2309 1422 2371 increbuit.
1457 2311 1627 2382 paulo
1650 2315 1781 2383 post
1801 2327 1929 2366 eum
1963 2329 2086 2368 om-

449 2399 590 2455 nino
623 2398 974 2454 moriturum
1021 2414 1175 2454 esse.
1225 2400 1374 2455 Tum
1407 2400 1720 2456 multitudo
1750 2401 1943 2458 omnis
1977 2418 2090 2457 una

453 2506 588 2547 cum
639 2489 988 2562 eonjugibus
1035 2493 1093 2544 et
1137 2488 1356 2557 liberis,
1407 2491 1656 2562 sumptis
1700 2490 1885 2562 patrio
1933 2509 2092 2548 more

451 2580 661 2646 saccis,
709 2579 966 2650 locisque
1013 2578 1287 2635 omnibus
1336 2579 1471 2634 ﬂetu
1522 2583 1580 2636 et
1626 2580 1786 2636 luctu
1836 2581 2090 2652 repletis,

449 2672 565 2726 Deo
596 2687 697 2740 pro
723 2667 913 2726 salute
943 2667 1094 2740 regis
1122 2669 1546 2741 supplicarunt.
1596 2670 1666 2724 Et
1695 2687 1826 2724 eum
1862 2671 1919 2726 in
1949 2671 2092 2726 sub-

449 2760 680 2816 limiore
737 2756 1006 2815 cubiculo
1065 2757 1117 2813 is
1185 2757 1580 2826 decumberet,
1639 2760 1795 2816 154
1849 2763 1907 2815 et
1960 2759 2096 2816 inde

451 2849 718 2905 homines
775 2846 1017 2918 supinos
1074 2846 1524 2918 procumbentes
1591 2848 1966 2920 prospiceret,
2027 2865 2097 2904 nc

454 2941 578 3011 ipse
608 2937 844 3009 quidem
889 2935 1174 3006 laerymas
1221 2937 1516 2993 continere
1555 2938 1744 3008 potuit
1777 2953 1790 2992 :
1834 2955 1900 2993 ac
1931 2938 2100 3010 quin-

456 3044 570 3100 que
595 3025 904 3084 continuos
933 3025 1059 3082 dies
1088 3025 1302 3082 ventris
1332 3025 1630 3082 doloribus
1662 3027 1976 3096 confectus,
2019 3029 2098 3082 vi-

457 3123 576 3172 tam
610 3115 800 3172 ﬁnivit
825 3115 948 3188 (l);
993 3115 1179 3172 aetatis
1209 3114 1769 3188 quinquagesimum
1803 3121 2094 3187 quartum,

2199 1860 2334 1931 λως,
2393 1859 2518 1916 ἀλλ’
2570 1861 2657 1917 ἐπὶ
2715 1871 2814 1932 τῆς
2895 1867 3338 1938 μακαριζομένης
3417 1863 3843 1939 λαμπρότητος.

2195 1953 2352 2006 Ταῦθ’
2383 1955 2494 2025 ἅμα
2537 1951 2733 2028 λέγων,
2783 1951 3020 2010 ἐπιτάσει
3068 1961 3168 2024 τῆς
3213 1952 3410 2026 ὀδύνης
3459 1960 3842 2014 κατεπονεῖτο.

2198 2041 2344 2095 Μετὰ
2400 2038 2641 2111 σπουδῆς
2687 2041 2780 2096 οὖν
2830 2043 2906 2106 εἰς
2952 2045 3015 2098 τὸ
3068 2043 3343 2118 βασίλειον
3395 2043 3690 2116 ἐκομίσθη.
3745 2047 3841 2100 Ea?

2198 2126 2347 2201 διῇξε
2389 2129 2558 2205 λόγος
2613 2129 2687 2193 εἷς
2735 2134 2958 2204 πάντας,
2999 2133 3074 2196 ὡς
3111 2129 3237 2208 ἔχοι
3274 2137 3370 2188 τοῦ
3411 2135 3660 2190 τεθνάναι
3701 2156 3844 2189 παν-

2199 2219 2395 2274 τάπασι
2432 2221 2548 2292 μετ’
2579 2219 2787 2295 ὀλίγον.
2840 2226 2900 2277 'll
2953 2221 3169 2290 πληθὺς
3219 2221 3266 2278 δ’
3313 2223 3504 2278 αὐτίκα
3553 2228 3702 2279 πᾶσα
3752 2226 3844 2280 σὺν

2201 2309 2408 2382 γυναιξὶ
2468 2308 2559 2364 καὶ
2604 2309 2786 2365 παισὶν
2846 2309 2933 2366 ἐπὶ
2994 2311 3194 2366 σάκκου
3242 2314 3560 2368 καθεσθεῖσα
3608 2320 3690 2386 τῷ
3739 2337 3848 2370 πα-

2201 2396 2339 2471 τρίῳ
2385 2399 2560 2472 νόμῳ,
2615 2399 2708 2452 τὸν
2759 2401 2886 2454 Θεὸν
2947 2400 3181 2456 ἱκέτευον
3219 2401 3352 2476 ὑπὲρ
3397 2405 3494 2456 τοῦ
3549 2403 3845 2476 βασιλέως.

2201 2487 2470 2562 Οἱμωγῆς
2526 2508 2584 2542 τε
2639 2489 2810 2543 πάντα
2868 2490 2932 2558 ἦν
2986 2487 3238 2544 ἀνάπλεω
3310 2491 3400 2544 καὶ
3457 2493 3698 2567 θρήνων.
3763 2498 3846 2548 Ἐν

2205 2575 2405 2649 ὑψηλῷ
2436 2573 2493 2630 δὲ
2536 2577 2789 2651 βασιλεὺς
2824 2575 3088 2652 δωματίῳ
3119 2580 3525 2654 κατακείμενος,
3566 2583 3662 2637 καὶ
3694 2584 3846 2637 κάτω

2207 2663 2428 2739 βλέπων
2479 2665 2672 2728 αὐτοὺς
2759 2674 2984 2742 πρηνεῖς
3061 2670 3525 2743 προσπίπτοντας,
3613 2669 3852 2746 ἄδακρυς

2208 2752 2324 2809 οὐδ’
2356 2755 2514 2818 αὐτὸς
2565 2754 2738 2829 ἔμενε.
2791 2762 3045 2832 Συνεχῶς
3087 2755 3134 2812 δ’
3183 2757 3263 2829 ἔφ’
3319 2762 3528 2835 ἡμέρας
3585 2761 3750 2817 πέντε
3779 2767 3856 2833 τῷ

2203 2853 2305 2914 τῆς
2353 2846 2584 2920 γαστρὸς
2633 2847 2918 2922 ἀλγήματι
2968 2845 3326 2924 διεργασθεὶς,
3373 2851 3464 2905 τὸν
3521 2851 3644 2925 βίον
3698 2853 3854 2908 κατέ·

2209 2940 2450 3011 στρεψεν,
2495 2936 2600 2991 ἀπὸ
2653 2938 2910 3012 γενέσεως
2969 2937 3115 3014 ἄγων
3174 2942 3533 3010 πεντηκοστὸν
3590 2940 3714 3004 ἔτος
3767 2943 3854 2997 καὶ

2207 3027 2488 3099 τέταρτον,
2543 3034 2643 3096 τῆς
2691 3025 2747 3081 δέ
2799 3026 3077 3101 βασιλείας
3128 3024 3386 3102 ἕϐδομον.
3437 3031 3708 3108 Τέσσαρας
3761 3034 3856 3106 μὲν

2213 3115 2302 3170 οὖν
2337 3115 2423 3171 ἐπὶ
2479 3116 2647 3172 Γαίου
2699 3118 2962 3193 Καίσαρος
3013 3119 3353 3176 ἐκασίλευσεν
3405 3121 3707 3192 ἐνιαυτοὺς,
3758 3125 3855 3192 τῆς

459 3206 619 3277 regni
651 3185 968 3278 septimum
1001 3221 1180 3277 agens
1203 3185 1444 3260 annum.
1465 3185 1724 3270 Quatuor
1744 3185 1979 3278 quidem
2010 3207 2094 3262 ille

2213 3207 2500 3262 Φιλίππου
2564 3208 2660 3281 μέν
2715 3209 3042 3285 τετραρχίας
3099 3211 3174 3274 εἰς
3231 3211 3462 3286 τριετίαν
3523 3209 3684 3285 ἔρξας
3723 3232 3735 3244 ·
3777 3221 3857 3285 τῷ

461 3295 572 3352 sub
619 3295 754 3351 Caio
804 3294 1062 3364 regnavit
1101 3310 1284 3350 annos
1333 3295 1435 3366 (2),
1484 3295 1794 3352 tetrarchia
1849 3294 2100 3366 Philippi

462 3383 652 3440 tribus
683 3381 855 3439 annis
903 3381 1330 3451 administrata,
1384 3382 1628 3439 Herodis
1675 3390 1864 3440 autem
1905 3393 2102 3455 quarto

465 3490 620 3529 anno
655 3478 902 3544 recepta.
936 3473 1080 3528 Tres
1110 3489 1278 3543 porro
1303 3471 1559 3545 reliquos
1579 3489 1764 3528 annos
1795 3474 1905 3529 sub
1935 3474 2105 3529 Glau-

465 3562 548 3620 dii
577 3561 819 3634 imperio
851 3561 1238 3632 consumpsit.
1263 3585 1292 3611 »
1327 3561 1550 3635 Dignus
1581 3567 1732 3618 certe
1754 3563 1983 3635 quidem
2017 3569 2107 3618 est

463 3652 755 3724 Josephus
787 3652 898 3709 iste
927 3652 1332 3720 admirotione,
1364 3652 1466 3724 qui
1496 3651 1578 3709 sic
1609 3652 1820 3710 divinis
1850 3669 2106 3710 consona

468 3741 698 3800 Litteris
727 3740 964 3799 scribat.

1081 3850 1314 3907 CAPUT
1353 3851 1491 3907 XIV.

471 3945 546 4000 De
573 3942 794 3998 Simone
822 3940 994 4011 Mago,
1043 3941 1268 4011 ejusque
1314 3939 1530 4004 haeresi,
1574 3950 1628 3996 et
1678 3949 1737 3997 ut
1773 3943 1827 3997 ei
1856 3945 2110 3998 restiterit

662 4014 726 4070 in
751 4012 952 4085 primis
985 4014 1160 4068 Roma
1182 4011 1345 4068 divus
1384 4017 1655 4085 apostolus
1682 4019 1902 4070 Petrus.

541 4196 687 4252 Cum
718 4196 788 4250 ad
820 4210 953 4250 eum
1005 4195 1240 4251 modum
1283 4194 1583 4266 persuasio
1615 4201 1668 4250 et
1698 4195 1842 4252 ﬁdos
1874 4195 1930 4250 in
1973 4197 2110 4250 Ser-

472 4288 728 4342 vatorem
779 4301 882 4356 per
929 4301 1160 4341 omnem
1215 4289 1622 4356 propagaretur
1674 4289 1912 4352 terram,
1965 4286 2110 4339 anti-

474 4390 624 4446 quus
676 4373 776 4430 ille
823 4374 1050 4445 generis
1099 4373 1418 4446 salutisque
1464 4377 1670 4430 nostrae
1711 4374 1919 4442 hostis,
1953 4376 2108 4430 omni

474 4468 684 4521 conatu
710 4466 768 4519 et
799 4463 1000 4518 fraude
1030 4465 1230 4519 urbem
1249 4480 1398 4532 eam,
1429 4463 1485 4519 in
1519 4481 1632 4536 qua
1661 4468 1785 4520 tum
1814 4480 2108 4520 summum

2211 3297 2452 3370 τετάρτῳ
2511 3293 2568 3351 δὲ
2624 3297 2712 3352 καὶ
2774 3300 2874 3368 τὴν
2922 3296 3168 3369 Ἡρώδου
3221 3300 3614 3374 προσειληφώς
3647 3318 3663 3332 ⁸
3712 3309 3858 3378 τρεῖς

2213 3383 2257 3440 δ’
2318 3382 2596 3440 ἐπιλαϐὼν
2653 3393 2751 3456 τῆς
2823 3385 3096 3443 Κλαυδίου
3175 3391 3438 3464 Καίσαρος
3520 3391 3856 3466 αὐτοκρατο-

2216 3473 2354 3549 ρίας.
2391 3497 2419 3525 n
2479 3473 2761 3546 Θαύματος
2818 3474 2909 3530 οὖν
2979 3475 3126 3546 ἄξιος
3185 3477 3273 3532 καὶ

2213 3570 2329 3626 ταῖς
2362 3562 2526 3626 θείαις
2558 3561 2799 3635 συνᾴδων
2833 3571 3091 3643 Γραφαῖς.

3359 3479 3656 3551 Ἰώσηπος,
3714 3480 3858 3534 οὕτω

2837 3855 3100 3907 ΚΕΦΑΛ.
3153 3853 3248 3906 IA'.

2219 3937 2374 4011 Περὲ
2413 3939 2526 3990 τοῦ
2555 3936 2800 4011 γόητος
2837 3935 3176 4011 Σίμωνος.
3207 3937 3470 4007 καὶτῆς
3501 3941 3748 3995 τούτου
3776 3943 3860 3994 αὶ-

2290 4006 2533 4083 ρέσεως
2559 4006 2579 4040 θ’
2605 4009 2718 4083 καί
2753 4009 2835 4070 ὡς
2879 4006 3287 4083 ἀντέπραττε
3315 4006 3563 4083 τούτῳ,
3597 4014 3706 4065 καὶ
3743 4013 3856 4082 μά-

2291 4081 2484 4135 λιστα
2515 4078 2577 4135 έν
2607 4080 2832 4154 Ῥώμῃ
2867 4078 3113 4156 Πέτρος
3147 4084 3331 4144 θεῖος
3360 4078 3776 4146 ἀπόστολος.

2291 4184 2444 4241 Οὕτω
2501 4190 2633 4260 γοῦν
2691 4193 2791 4256 τῆς
2849 4186 2984 4242 κατᾶ
3034 4187 3125 4242 τὸν
3179 4193 3415 4263 Σωτῆρα
3469 4189 3708 4253 πίστεως
3767 4191 3859 4244 ἀνά

2221 4280 2392 4330 πᾶσαν
2443 4273 2834 4346 διαδεδομένης
2883 4277 2985 4344 τήν
3031 4282 3160 4351 γῆν,
3193 4277 3220 4330 ὁ
3257 4275 3490 4352 ἀρχαῖος
3530 4283 3632 4333 τοῦ
3676 4283 3858 4356 γένους

2221 4365 2310 4418 καὶ
2341 4372 2440 4434 τῆς
2474 4363 2749 4440 σωτηρίας
2797 4367 2958 4437 ἡμῶν
3007 4365 3301 4439 πολέμιος,
3355 4374 3585 4444 μηχανῇ
3617 4374 3688 4444 τῇ
3719 4371 3861 4444 πάσῃ

2220 4455 2320 4522 τὴν
2386 4453 2642 4524 τηνικάδε
2729 4453 3122 4528 βασιλεύουσαν
3203 4459 3547 4531 προαρπάσαι
3619 4459 3863 4514 σπεύδων

471 4561 623 4612 esset
668 4551 1004 4626 imperium,
1059 4545 1364 4625 praeripere
1415 4556 1590 4625 atque
1641 4569 1926 4624 occupare
1977 4569 2094 4608 cont

2221 4542 2405 4611 πόλιν,
2437 4540 2548 4597 ἐκεῖ
2579 4541 2644 4612 δὴ
2695 4543 2787 4598 τὸν
2833 4542 3053 4615 Σίμωνα
3099 4545 3190 4598 τὸν
3240 4544 3348 4600 ἀπὸ
3395 4547 3586 4618 κώμης
3641 4550 3865 4616 Γιτθῶν,

471 4644 738 4710 tendens,
788 4641 1087 4698 Simonem
1128 4641 1250 4698 vico
1289 4641 1524 4698 Gitthon
1558 4647 1770 4710 ortum,
1813 4643 1913 4715 qui
1943 4647 2114 4698 antea

469 4734 768 4792 Orientem
802 4747 1138 4804 peragrans,
1164 4731 1613 4788 incantamentis
1643 4749 1777 4788 eum
1811 4736 1985 4804 atque
2015 4733 2116 4788 im-

468 4822 734 4896 pnstut‘is
781 4820 1192 4892 compleverat,
1241 4837 1308 4877 eo
1361 4820 1559 4890 mittit,
1602 4821 1798 4893 ibique
1829 4821 1926 4878 ille
1955 4821 2108 4878 brevi

473 4915 624 4966 cives
667 4912 957 4969 Romanos
1002 4911 1226 4984 (paucis
1258 4912 1534 4984 exceptis)
1584 4911 1810 4982 magica
1857 4928 1960 4967 sua
1991 4916 2112 4968 arto

472 5000 717 5057 seducit.
777 5003 855 5057 Eo
907 5004 1100 5057 autem
1157 4999 1472 5072 impietatis
1527 5001 1802 5072 pervenit,
1859 5008 1920 5056 ut
1977 5017 2110 5056 cum

471 5089 617 5144 deus
648 5104 776 5144 esse
805 5089 1152 5156 crederetur,
1189 5098 1309 5144 tum
1345 5093 1538 5145 statua
1572 5091 1881 5162 magnifica
1919 5090 1978 5145 in
2010 5094 2112 5144 ﬂu-

472 5177 631 5232 mine
677 5175 874 5232 Tiberi
926 5177 1075 5233 inter
1121 5178 1269 5234 duos
1313 5183 1515 5248 pontes
1547 5177 1952 5248 honorarctur,
1983 5193 2110 5232 cum

471 5265 845 5337 inscriptione
892 5267 1037 5322 tali:
1081 5269 1290 5325 Simoni
1334 5269 1432 5323 deo
1478 5273 1682 5324 sancto.
1734 5269 1924 5339 Atque
1983 5265 2118 5322 inde

473 5357 620 5414 deus
649 5371 768 5414 non
799 5360 1022 5412 tantum
1052 5359 1206 5430 apud
1235 5357 1650 5415 Samaritanos.
1685 5373 1878 5413 verum
1906 5355 1963 5410 in
1985 5355 2116 5410 aliis

547 5557 627 5626 (1)
656 5557 774 5613 Sub
816 5558 1057 5614 Herodis
1089 5558 1326 5615 nomine
1365 5561 1545 5612 Lucas
1577 5557 1838 5627 Agrippae
1870 5551 2118 5610 senioris

478 5642 683 5683 nocem
714 5630 1038 5687 describere
1068 5630 1319 5697 videtur,
1350 5631 1476 5685 Aet.
1505 5645 1606 5685 xu.

2220 4635 2312 4689 τὸν
2343 4635 2442 4702 τὴν
2493 4634 2606 4690 Ἕω
2651 4631 2931 4688 διελθόντα
2978 4634 3242 4709 πρότερον
3291 4635 3383 4689 καὶ
3429 4639 3542 4690 τῶν
3595 4643 3867 4712 γοητειῶν

2221 4720 2598 4795 ἐμπλήσαντα,
2661 4720 3015 4778 συνελαύνει·
3067 4722 3126 4785 ’ὃς
3181 4723 3234 4778 έν
3285 4724 3348 4779 οὐ
3403 4729 3596 4800 μακρῷ
3657 4729 3867 4802 χρόνῳ,

2218 4809 2368 4880 πλὴν
2425 4809 2658 4888 altrm,
2714 4809 2843 4874 τοὺς
2899 4810 3214 4884 Ῥωμαίους
3283 4815 3352 4886 τῇ
3412 4811 3648 4893 σφετέρᾳ
3707 4837 3868 4872 συν⁹”

2218 4900 2448 4975 πάγεται
2497 4900 2740 4977 γοητεία.
2795 4901 2883 4962 Ἐς
2930 4905 3189 4956 τοσοῦτον
3237 4897 3294 4956 δὲ
3344 4901 3551 4972 ἤλασεν
3596 4901 3865 4974 ἀσεϐείας,

2221 4991 2294 5051 ὡς
2351 4989 2441 5044 καί
2502 4990 2619 5052 θεὸς
2695 4991 3044 5062 νομισθῆναι,
3118 4989 3359 5045 ἀναθέσει
3429 5012 3488 5046 τε
3545 4991 3867 5068 ἀνδριάντος

2219 5082 2530 5157 περιφανῶς
2578 5080 2878 5151 τιμηθῆναι
2911 5077 2962 5132 ἐν
2993 5082 3074 5150 τῷ
3115 5074 3324 5153 Τιϐέρει
3375 5087 3622 5154 ποταμῷ
3675 5085 3868 5156 μεταξὺ

2220 5173 2326 5222 τῶν
2381 5165 2475 5222 δύο
2532 5172 2822 5244 γεφυρῶν·
2871 5167 2922 5221 ἐν
2970 5167 3016 5239 ᾧ
3058 5166 3147 5221 καὶ
3197 5165 3471 5244 ἐπιγραφή
3523 5171 3666 5241 αὕτη
3718 5171 3864 5228 ἐστί·

2223 5257 2477 5330 Σίμωνι
2510 5255 2632 5310 δέω
2663 5257 2924 5330 σάγκτω
2949 5275 2962 5286 ⁸
3003 5257 3249 5310 τουτέστι
3300 5257 3516 5329 Σίμωνι
3551 5262 3666 5332 θεῷ
3715 5263 3864 5337 ἁγίῳ.

2223 5347 2494 5402 Ἐντεῦθεν
2527 5346 2648 5408 θεὸς
2680 5343 2742 5400 ού
2777 5346 2940 5418 μόνον
2975 5347 3120 5418 παρά
3163 5345 3550 5421 Σαμαρείταις,
3588 5347 3740 5406 ἀλλά
3786 5351 3867 5405 καὶ

2296 5549 2678 5624 (2)ΑΟιιιυάίιιε
2709 5551 2908 5624 postea
2928 5548 3206 5624 Agrippae
3241 5549 3466 5624 juniori
3499 5548 3760 5624 Philippi
3789 5559 3867 5608 te-

2225 5619 2541 5678 trarchiam
2571 5619 3044 5678 Trachonitidem
3076 5621 3386 5676 concessit.
