4084 6208
246 362 368 426 789

1259 363 1890 430 ECCLESIASTlC/E
1936 373 2331 439 HlSTOBI/E
2374 375 2523 435 LIB.
2573 371 2647 432 ll.

3538 365 3662 426 790

244 497 302 554 ἒν
361 497 556 561 ἄλλοις
618 497 788 554 ἔθνεσι
850 498 942 552 καὶ
997 502 1217 572 πρῶτος
1295 501 1414 562 θεὸς
1491 507 1880 576 προσκυνεῖται

2023 527 2251 582 quoque
2299 507 2634 566 nationibus
2679 504 2918 579 primus
2965 504 3118 560 deus
3167 501 3396 557 colitur.
3453 499 3609 565 Quin
3639 515 3670 556 ο

245 591 352 647 Καῖ
410 589 602 660 Ἐλένη
663 585 720 644 δέ
775 609 858 651 τις
913 590 1458 663 συμπερινοστνξσασα
1509 593 1708 666 τούτῳ,
1771 593 1904 668 πρόο

240 700 400 755 τερον
431 677 476 734 δ’
509 678 596 734 ἐπὶ
651 683 748 734 τοῦ
805 676 994 754 τέγους
1041 681 1296 736 σταθεῖσα
1343 678 1395 735 ἐν
1443 681 1598 757 Τύρῳ
1625 689 1727 752 τῆς
1761 689 1898 740 Φοι-

230 769 286 822 il.
320 791 408 839 ης,
443 773 552 824 τῶν
622 765 756 823 ἴσων
807 765 958 839 αὐτῷ
1011 767 1252 836 ἀξιοῦται
1306 773 1482 846 γερῶν
1512 789 1527 803 ο
1576 771 1640 839 ἢν
1684 792 1785 841 την
1831 747 1922 828 ιΞιπ³

267 855 436 912 αὑτοῦ
486 854 710 932 πρώτην
766 853 974 912 ἔννοιαν
1029 854 1274 932 λέγουσι.
1317 863 1498 918 Ταῦτα
1551 858 1603 914 ἐν
1657 865 1727 934 τῇ
1783 861 1921 936 πρὸς

271 947 598 1004 Ἀντωνῖνον
650 946 782 1020 ὑπὲρ
827 949 926 1000 τοῦ
974 947 1090 1000 καθ’
1133 948 1280 1020 ἡμᾶς
1325 945 1601 1024 δόγματος
1649 948 1921 1024 ἀπολογίᾳ

275 1038 305 1092 6
365 1037 416 1090 ἐν
473 1037 704 1110 μάρτυσι
761 1033 1063 1114 φιλόσοφος
1095 1035 1384 1100 Ἰουστῖνος
1443 1035 1794 1111 διέξεισιοτά
1832 1037 1918 1096 ἴσα

273 1128 300 1182 ὲ
357 1126 445 1182 καὶ
508 1127 799 1202 Εἰρηναῖος
855 1126 884 1180 ὁ
944 1124 1300 1203 Λουγδούνων
1350 1127 1404 1184 ἐν
1447 1133 1526 1202 τῷ
1553 1130 1731 1205 Πρὸς
1775 1131 1889 1193 τὰς

273 1215 564 1290 αἱρέσεις
607 1216 811 1291 πρώτω
855 1213 1006 1291 λόγῳ
1035 1217 1224 1288 αὐτοῦ,
1259 1216 1320 1271 οὑ
1351 1215 1494 1273 πολὺ
1524 1221 1632 1273 τῶν
1661 1216 1904 1274 ἀποστό-

262 1302 379 1358 λων
431 1303 644 1378 ὕστεροι
691 1303 1011 1381 γεγονότες⁴
1043 1305 1168 1380 περὶ
1227 1306 1300 1361 ὧν
1349 1305 1402 1361 ἐν
1455 1310 1536 1379 τῷ
1565 1309 1908 1382 προσήκοντι

239 1393 398 1466 τόπῳ
446 1393 512 1448 τὰ
561 1393 746 1448 εἰκότα
797 1390 1124 1467 διέλθωμεν.
1158 1394 1343 1465 Πάσης
1374 1396 1468 1467 μὲν
1497 1393 1592 1450 οὑν
1625 1396 1780 1471 αἱρέσ
1805 1417 1910 1460 εως

235 1483 488 1558 ἀρχηγὸς
547 1483 636 1536 καὶ
693 1488 908 1558 πρῶτος
970 1484 998 1538 ὁ
1073 1482 1256 1558 Σίμων
1337 1484 1471 1539 εἶναι
1543 1484 1850 1541 πιστεύεται
1887 1515 1901 1530 ο

238 1571 292 1642 ἐξ
325 1571 389 1626 οὗ
448 1571 538 1627 καὶ
599 1571 651 1626 οἱ
709 1571 762 1634 ἐς
821 1568 978 1648 δεῦρο
1029 1573 1130 1642 τήν
1181 1571 1347 1628 αὐτοῦ
1408 1575 1679 1647 μετιόντες
1707 1572 1884 1646 δόξαν,

235 1662 340 1729 τήν
391 1662 645 1739 σώφρονα
693 1661 784 1716 καὶ
833 1655 1136 1732 ἀκίϐδηλον
1167 1668 1267 1732 τῆς
1297 1663 1433 1718 κατά
1462 1665 1698 1738 Χριστὸν
1727 1663 1882 1741 φιλο-

238 1750 432 1826 σοφίας
493 1747 778 1805 πολιτείαν
847 1751 1292 1826 ὑποκρινόμενοι,
1354 1750 1714 1827 ἀπηλλάχθαι
1786 1754 1880 1826 μὲν

2035 599 2243 656 Helena
2276 601 2352 673 (l)
2385 598 2648 671 quaedam
2679 612 2874 654 comes
2920 593 3070 665 ejus,
3121 606 3249 664 quae
3279 588 3416 660 Tyri
3447 587 3674 645 Phoeni-

2033 707 2187 758 cum,
2221 694 2356 748 ante
2385 690 2495 747 hac
2527 689 2586 744 in
2619 686 2883 760 lupanari
2913 697 3150 756 corpore
3181 680 3493 752 prostituto
3521 694 3674 750 qum-

2031 784 2189 835 stum
2221 781 2451 846 fecerat,
2497 793 2692 851 parem
2737 790 2869 833 cum
2917 789 2982 830 eo
3024 771 3303 828 honorem
3335 769 3668 834 consecuta,

2031 871 2230 942 primae
2262 869 2475 928 mentis
2492 884 2703 924 nomen
2725 864 2967 922 obtinet.
2989 861 3120 916 Haec
3141 859 3225 916 sic
3247 857 3306 913 in
3335 855 3672 914 defensione

2028 958 2406 1032 professionis
2420 961 2629 1014 nostra:
2645 956 2714 1012 ad
2729 953 3086 1010 Antoninum
3104 945 3488 1018 philosophus
3501 945 3670 1002 idem-

2025 1065 2138 1121 que
2169 1051 2382 1121 martyr
2427 1046 2696 1103 Justinus
2728 1040 3167 1100 commemorat.
3199 1035 3422 1100 Quibus
3451 1033 3668 1090 similia

2024 1157 2256 1213 quoque
2306 1139 2506 1195 scribit
2551 1137 2610 1193 in
2662 1135 2850 1208 primo
2893 1149 3000 1190 suo
3033 1130 3232 1186 Contra
3265 1127 3490 1184 hazreses
3521 1124 3666 1184 libro

2022 1229 2267 1285 [renisus
2320 1225 2729 1300 Lugdunensis
2777 1221 3110 1295 episcOpus.
3163 1215 3421 1286 Uterque
3468 1217 3664 1270 autem

2021 1335 2134 1374 non
2169 1317 2338 1390 longe
2369 1319 2502 1390 post
2528 1311 2926 1387 apostolorum
2949 1312 3213 1379 tempora
3235 1301 3416 1360 vixit:
3447 1301 3520 1357 de
3540 1302 3664 1373 qui-

2017 1408 2126 1464 bus
2158 1423 2263 1463 suo
2297 1407 2444 1474 loco,
2493 1421 2621 1477 quis
2653 1419 2758 1476 par
2787 1403 2896 1468 est,
2939 1410 3308 1469 exponemus.
3341 1391 3659 1448 Haeresium

2015 1513 2182 1568 porro
2212 1497 2479 1552 omnium
2503 1495 2618 1549 dux
2647 1500 2702 1549 et
2733 1491 3006 1562 princeps
3027 1485 3230 1542 Simon
3253 1482 3368 1538 iste
3391 1481 3657 1536 habetur.

2015 1585 2174 1642 Unde
2206 1585 2264 1641 in
2295 1583 2640 1640 hodiernum
2677 1595 2864 1650 usque
2894 1576 3070 1646 diem,
3111 1573 3204 1644 qui
3237 1572 3366 1642 ejus
3393 1573 3536 1628 sunt
3565 1585 3659 1626 se-

2009 1681 2112 1733 ctae
2159 1681 2217 1733 et
2264 1674 2556 1748 epinionis
2587 1673 2684 1744 (2),
2737 1669 3022 1738 sobrium,
3053 1665 3206 1722 155
3257 1666 3316 1719 et
3357 1662 3654 1720 sincerum

2006 1765 2349 1823 Christianae
2397 1762 2778 1836 philosophiae
2838 1758 3177 1816 institutum
3225 1752 3453 1824 egregie
3501 1752 3652 1808 assi-

236 1845 339 1908 τῆς
397 1838 520 1914 περὶ
573 1836 640 1894 τά
697 1836 906 1894 εἴδωλα
978 1837 1193 1910 πλάνης
1271 1837 1522 1896 δοκοῦσιν
1555 1859 1568 1873 ’
1621 1839 1776 1897 οὐδὲν
1827 1839 1884 1897 δὲ

2007 1855 2321 1924 mulantes,
2373 1851 2742 1910 renuntiasse
2771 1849 3005 1921 quidem
3037 1843 3324 1901 idolorum
3358 1841 3538 1898 errori
3569 1842 3649 1896 vi-

234 1929 402 1997 ἦττον
461 1927 661 1998 ταύτης
726 1926 1066 2002 ἀντέχονται,
1113 1926 1316 1986 εἷ’δωλα
1379 1931 1473 1986 καὶ
1525 1929 1732 1995 εἰκόνας
1787 1930 1880 1986 αὖ·

233 2021 331 2072 τοῦ
376 2038 436 2073 τε
477 2018 726 2091 Σίμωνος
771 2017 863 2072 καὶ
909 2015 1140 2090 Ἓλένης
1191 2025 1292 2090 τῆς
1337 2016 1682 2092 δηλωθείσης
1715 2042 1882 2076 σπον-

234 2103 352 2169 δαῖς
409 2105 498 2158 καί
553 2103 861 2178 θρησκείαις
921 2104 1235 2179 θρησκεύειν
1306 2106 1714 2183 ἐπιχειροῦντες
1784 2107 1880 2162 αὐ-

231 2193 382 2256 τούς.
419 2193 494 2250 Τὰ
523 2191 580 2249 δὲ
607 2195 815 2250 τούτων
863 2193 1278 2270 ἀπορῥητότερα
1326 2191 1570 2271 θάμϐους
1613 2197 1688 2260 ὡς
1735 2195 1881 2269 ἀλη-

229 2286 336 2345 θῶς
378 2282 470 2338 καὶ
512 2281 825 2355 ἐκπλήξεως
874 2281 1053 2358 γέμει,
1102 2287 1328 2341 τοιαῦτά
1373 2307 1433 2361 γε
1478 2280 1627 2354 ὄντα,
1672 2285 1746 2349 ὡς
1799 2288 1875 2358 μὴ

231 2377 466 2450 γραφαῖς
523 2371 682 2428 ἱκανά
738 2369 982 2428 δίδοσθαι
1036 2373 1208 2429 εἶναι’
1241 2373 1440 2448 πολλῷ
1481 2396 1544 2450 γε
1577 2377 1687 2450 μὴν
1738 2373 1880 2431 ἐνδεῖ

229 2461 528 2538 σωφρόνων
571 2462 784 2536 χείλεσι
829 2459 899 2517 δι’
950 2459 1260 2535 ὑπερϐολὴν
1325 2463 1720 2540 ἀῤῥητοποιίας
1772 2461 1878 2519 λα-

228 2551 466 2609 λεῖσθαι.
495 2553 560 2606 Ὅ
604 2573 659 2606 τι
707 2551 839 2606 ποτε
886 2550 990 2627 γὶρ
1039 2550 1098 2606 ἂν
1147 2551 1204 2626 ᾗ,
1237 2553 1272 2624 ἢ
1313 2550 1649 2624 ἐπινοηθείη,
1681 2555 1877 2616 παντὸς

229 2639 466 2714 αἰσχροῦ
498 2640 863 2716 μιαρώτερον,
893 2645 1056 2696 τοῦτο
1087 2647 1188 2696 πᾶν
1219 2641 1639 2716 ὑπερηκόντισεν
1673 2644 1708 2712 ἡ
1740 2647 1874 2698 τῶν·

227 2727 287 2785 δε
350 2731 708 2805 μυσαρωτάτη
767 2729 992 2806 αἵρεσις,
1049 2736 1168 2793 ταῖς
1243 2731 1456 2796 ἀθλίαις
1530 2732 1620 2786 καὶ
1695 2733 1880 2808 ἁμαρ-

226 2820 370 2882 τίαις
431 2816 859 2892 σεσωρευμένους
925 2821 1164 2897 γυναιξὶν
1222 2821 1620 2896 ἐμπαιζόντων.
1681 2825 1874 2877 Tomi}-

228 2929 319 2964 τον
379 2909 582 2985 πατέρα
634 2907 726 2962 καὶ
783 2908 1034 2986 ἀρχηγὸν
1091 2914 1200 2965 τῶν
1263 2909 1519 2986 μεγάλων
1578 2909 1877 2966 ἀντίπαλον

227 3002 470 3074 Χριστοῦ
532 3000 788 3070 μαθητῶν
840 2999 997 3062 εὐθὺς
1054 2999 1143 3054 καὶ
1200 2999 1261 3056 ἐκ
1316 3001 1626 3075 προοιμίων
1676 3003 1712 3070 ἡ
1769 3007 1873 3069 τῆς

224 3093 334 3144 τῶν
386 3086 682 3161 ἀνθρώπων
733 3087 1006 3164 σωτηρίας
1053 3085 1350 3152 ἐπίϐουλος
1401 3090 1490 3144 καὶ
1529 3089 1750 3163 πονηρά
1781 3085 1873 3142 δύ-

226 3199 396 3250 ναμις
451 3171 810 3251 προεϐάλετο.
846 3175 1010 3234 Ἀλλ’
1057 3179 1092 3248 ἡ
1135 3177 1248 3232 θεία
1307 3180 1472 3258 χάρις
1522 3178 1612 3234 καὶ
1657 3175 1876 3254 ἄμαχος

225 3266 460 3340 δύναμις
505 3271 621 3328 τοῖς
671 3264 885 3338 ἐκείνης
931 3264 1204 3331 διακόνοις
1269 3271 1338 3342 τῇ
1399 3271 1546 3344 σφῶν
1606 3267 1878 3343 παρουσίᾳ

219 3359 324 3426 τὴν
365 3359 472 3410 τῶν
520 3361 700 3412 κακῶν
755 3354 936 3434 φλόγα
995 3362 1277 3434 πανταχοῦ
1351 3355 1702 3435 ῥιπιζομὲνην
1753 3355 1877 3411 ὅσον

219 3446 398 3522 τάχος
457 3439 720 3516 ἐσϐέννυε,
757 3449 858 3500 πᾶν
914 3445 1118 3521 ὕψωμα
1175 3447 1534 3522 ἐπαιρόμενον
1587 3446 1726 3502 κατά
1780 3451 1878 3514 τῆς

219 3536 478 3612 γνώσεως
533 3539 632 3590 τοῦ
687 3539 822 3591 Θεοῦ
898 3541 1222 3592 ταπεινοῦσα
1272 3535 1361 3592 καὶ
1418 3536 1877 3613 καταρῥίπτουσα.

224 3625 324 3682 Διὸ
397 3623 488 3680 καὶ
565 3621 722 3680 οὐδὲν
781 3646 835 3680 τι
893 3630 1002 3680 τῶν
1079 3627 1195 3681 κατ’
1245 3625 1480 3690 ἐκείνους
1547 3623 1876 3702 ἐπιφυέντων

224 3715 360 3779 τοὺς
389 3714 622 3790 χρόνους
673 3713 748 3776 εἷς
807 3715 1098 3770 ὑπόστασιν
1146 3712 1333 3792 ἤγετο.
1365 3717 1435 3771 Τὸ
1465 3717 1566 3791 γὰρ
1605 3718 1705 3781 τῆς
1735 3713 1880 3785 ἀλη-

228 3804 378 3866 θείας
471 3801 674 3880 φέγγος
761 3804 1051 3880 ὑπερφυῶς
1143 3804 1364 3877 λάμπον
1455 3802 1816 3878 ἐξήστραπτεν
1859 3819 1876 3836 ⁸

227 3895 522 3968 οὐρανόθεν
554 3891 613 3949 τέ
641 3889 762 3969 ἄρτι
796 3895 1073 3970 αὐγάζων,
1104 3893 1338 3968 ἀκμαῖός
1373 3915 1456 3956 τις
1498 3893 1563 3963 ἦν
1613 3895 1700 3947 καὶ
1753 3891 1876 3947 ἀκαο

223 3985 566 4059 ταγώνιστος
624 3984 653 4038 ὁ
713 3981 901 4060 λόγος,
957 3987 1026 4058 τῇ
1082 3987 1188 4040 τῶν
1222 3983 1572 4044 ,ἀποστόλων
1627 3979 1880 4052 πολιτείᾳ

225 4070 676 4150 διαφαινόμενος’
735 4071 852 4128 ὅθεν
911 4075 998 4128 καὶ
1051 4075 1078 4128 ὁ
1127 4071 1415 4148 εἷ’ρημένος
1470 4074 1631 4148 γόης,
1663 4075 1877 4146 πρῶτον

223 4161 316 4217 ἐπὶ
351 4159 616 4224 Ἰουδαίας
675 4163 812 4236 πρὸς
869 4167 967 4217 τοῦ
1024 4162 1168 4218 θείου
1229 4163 1435 4236 Πέτρου
1495 4163 1570 4223 ὡς
1627 4155 1687 4216 ἔκ
1732 4181 1874 4221 τινος

224 4251 540 4326 κρείττονος
583 4251 786 4330 αἴγλης
841 4253 938 4314 τάς
996 4260 1094 4322 τῆς
1145 4251 1386 4314 διανοίας
1426 4253 1591 4326 κόρας
1622 4250 1876 4326 πληγεὶς,

223 4342 482 4415 πρίασθαι
513 4343 613 4410 τήν
643 4343 805 4417 χάριν
856 4343 884 4398 6
931 4339 1172 4405 δείλαιος
1223 4341 1450 4413 οἰηθεὶς,
1487 4341 1740 4416 μεγίστην
1787 4342 1876 4395 καὶ

229 4429 590 4506 ὑπερπόντιον
639 4433 863 4507 πορείαν
917 4431 1150 4508 ἀπάρας,
1183 4433 1242 4486 ἐκ
1285 4438 1384 4500 τῆς
1415 4433 1534 4489 "Eu;
1585 4431 1718 4506 πρὸς
1767 4439 1876 4485 Δυ-

227 4521 374 4595 σμάς
423 4519 644 4596 ἐχώρει.
679 4523 1089 4600 Προκατασχὼν
1135 4520 1191 4576 δὲ
1242 4522 1340 4590 τήν
1370 4519 1662 4594 Ῥωμαίων
1691 4520 1878 4590 πόλιν,

2003 1949 2214 2004 dentur
2245 1960 2259 2001 ε
2314 1941 2698 2000 nihilominus
2745 1943 2944 1995 tamen
2975 1949 3102 1992 eam
3131 1931 3382 1988 retinere
3411 1937 3652 1987 conten-

2004 2037 2174 2106 dunt,
2223 2032 2540 2090 simulacra
2587 2034 2646 2086 et
2688 2026 2978 2100 imagines
3025 2020 3282 2079 Simonis
3323 2023 3382 2076 et
3419 2019 3647 2076 Helenae

1987 2111 2160 2178 istius
2201 2119 2512 2192 erigentes,
2541 2111 3041 2184 libationibusque
3069 2111 3127 2165 et
3155 2105 3517 2164 caeremoniis
3545 2122 3647 2162 eos

1987 2207 2172 2265 colere
2202 2207 2529 2263 studentes.
2561 2201 2780 2258 Horum
2825 2213 2918 2255 res
2948 2193 3304 2268 turpissimae
3335 2196 3634 2265 stuporem

1985 2303 2044 2356 et
2099 2293 2627 2354 consternationem
2686 2289 2900 2347 mentis
2971 2284 3309 2344 hominibus
3365 2283 3643 2338 atterunt.

1985 2387 2208 2460 Quippe
2257 2403 2384 2458 qua:
2438 2381 2588 2439 tales
2639 2379 2776 2448 sint,
2819 2384 2880 2434 ut
2928 2380 3155 2432 tantum
3202 2372 3356 2429 absit
3388 2375 3453 2427 ut
3483 2369 3638 2442 style

1985 2476 2222 2547 scriptis
2251 2477 2405 2530 recte
2432 2469 2700 2528 mandari
2731 2466 2976 2542 possint,
3008 2468 3072 2520 ut
3101 2468 3341 2536 propter
3369 2460 3646 2516 obscenae

1987 2564 2263 2623 foeditatis
2293 2560 2752 2625 exuberantiam,
2804 2555 3033 2613 nullum
3078 2570 3174 2611 eas
3215 2553 3540 2610 modestum
3569 2565 3625 2614 οι

1985 2655 2262 2729 pudicum
2292 2669 2359 2709 os
2397 2650 2726 2722 eloquetur.
2757 2643 3050 2718 Quidquid
3083 2642 3238 2699 enim
3274 2645 3501 2699 exstare
3531 2647 3637 2698 aut

1985 2743 2334 2816 cogitatione
2363 2738 2589 2810 concipi
2621 2739 2828 2810 potest,
2850 2735 3000 2806 quod
3037 2729 3398 2803 turpitudine
3429 2731 3630 2800 quavis

1986 2835 2064 2890 sit
2094 2831 2410 2906 impurius,
2460 2830 2517 2886 id
2572 2842 2746 2884 omne
2785 2823 3021 2882 haeresis
3062 2823 3176 2880 ista
3204 2821 3467 2878 omnium
3499 2837 3632 2878 see-

1984 2923 2302 2980 leslissima
2331 2924 2510 2992 atque
2558 2914 2984 2974 nefandissima
3035 2910 3362 2980 hominum,
3392 2909 3496 2982 qui
3520 2911 3635 2966 mi-

1983 3016 2134 3074 seris
2185 3018 2244 3071 et
2303 3011 2556 3086 peccatis
2615 3007 2871 3066 oneratis
2931 3003 3298 3062 mulierculis
3355 3001 3636 3071 illudunt,

1983 3107 2155 3178 longe
2185 3101 2498 3177 superavit.
2549 3101 2804 3156 Tantum
2855 3099 3181 3170 parentem,
3228 3099 3548 3158 auctorem,
3580 3095 3638 3148 et

1990 3196 2223 3263 ducem,
2242 3191 2641 3251 adversarium
2667 3187 2890 3260 magnis
2909 3185 3151 3252 Christi,
3172 3181 3632 3254 discipulis,jam

1989 3286 2126 3342 inde
2154 3285 2224 3341 ab
2256 3283 2423 3340 initio
2473 3282 2740 3337 humanm
2789 3276 2998 3333 salutis
3045 3273 3374 3330 insidiatrix
3401 3276 3635 3329 versuta

1989 3374 2094 3432 illa
2123 3373 2208 3430 vis
2238 3371 2470 3444 obiecit.
2510 3371 2584 3425 At
2615 3368 2811 3424 divina
2840 3381 2870 3422 ο
2910 3364 3140 3421 diverso
3169 3363 3356 3436 gratia
3385 3365 3444 3418 et
3475 3362 3638 3418 inex—

1992 3463 2324 3538 pugnabilis
2355 3462 2563 3530 virtus,
2596 3455 2880 3514 ministris
2927 3455 3057 3527 ipsa
3103 3453 3222 3510 suis
3259 3451 3464 3509 sedulo
3497 3450 3638 3508 assi-

1989 3557 2172 3619 stens,
2204 3554 2500 3607 tantorum
2527 3546 2810 3605 malorum
2841 3544 3025 3600 facem
3060 3541 3276 3614 ubique
3298 3540 3634 3598 incendium

1990 3645 2378 3716 spargentem,
2410 3655 2584 3712 quam
2634 3634 2932 3692 celerrime
2970 3632 3267 3701 exstinxit,
3299 3627 3628 3686 sublimita~

1989 3736 2106 3790 tem
2139 3746 2373 3788 omnem
2410 3745 2538 3801 quae
2585 3742 2645 3783 se
2685 3725 2960 3780 adversus
2989 3719 3384 3794 cognitionem
3413 3717 3514 3775 Dei
3544 3717 3631 3774 ef-

1990 3823 2184 3891 ferret,
2227 3818 2525 3890 disjiciens
2573 3819 2749 3886 atque
2808 3811 3222 3884 pessumdans.
3277 3809 3635 3880 Quapropter

1989 3911 2137 3968 nihil
2168 3923 2368 3967 eorum
2401 3923 2526 3978 qua:
2563 3912 2687 3962 tum
2729 3901 3010 3974 temporis
3041 3914 3408 3956 succrescere
3447 3911 3634 3967 cespe-

1990 4003 2127 4057 runt
2159 3997 2464 4064 malorum,
2498 3995 2568 4050 ad
2593 3996 2813 4049 statum
2845 3994 2903 4046 et
2930 3989 3187 4060 vigorem
3220 4002 3396 4044 suum
3429 4001 3636 4058 perve-

1991 4093 2096 4146 nit.
2116 4085 2390 4144 Veritatis
2408 4083 2566 4140 enim
2588 4081 2780 4154 ipsius
2806 4078 2926 4146 lux,
2959 4077 3204 4134 miriﬁce
3225 4074 3634 4148 resplendens,

1991 4177 2352 4244 coruscabat,
2386 4177 2442 4230 et
2473 4188 2673 4228 recens
2702 4169 2932 4226 ccelitus
2961 4167 3230 4224 relucens
3260 4164 3634 4222 ineluctabile

1993 4269 2214 4342 vigebat
2243 4264 2508 4332 verbum,
2539 4260 2936 4332 apostolorum
2969 4255 3347 4314 eoncionibus
3377 4259 3436 4311 et
3465 4255 3632 4310 insti-

1991 4357 2132 4415 tutis
2165 4353 2350 4426 magis
2393 4351 2694 4424 magisque
2733 4347 3113 4404 invalescens.
3147 4343 3396 4400 Proinde
3425 4347 3484 4400 et
3516 4361 3634 4400 ma-

1991 4463 2100 4521 gus
2137 4446 2266 4515 iste,
2299 4440 2547 4515 gratiam
2596 4439 2773 4496 miser
2813 4435 3076 4494 venalem
3115 4451 3241 4492 esse
3269 4434 3636 4501 existimans,

1993 4536 2248 4610 primum
2281 4533 2341 4587 iu
2366 4531 2570 4588 Judaea
2601 4546 2635 4585 a
2664 4528 2794 4584 divo
2827 4531 3020 4595 Petro,
3058 4529 3340 4597 tanquam
3372 4524 3500 4580 luce
3528 4523 3638 4580 cla-

229 4611 496 4687 συνῆργει
545 4607 604 4665 δὲ
645 4609 750 4684 ἄρα
789 4611 936 4683 αὖτῷ
979 4613 1046 4666 τὰ
1097 4612 1320 4687 μέγιστά
1371 4609 1461 4664 καὶ
1492 4611 1526 4678 ἡ
1585 4609 1754 4664 ἐκεῖσε
1788 4629 1877 4664 κα-

1998 4607 2159 4693 riore,
2211 4622 2427 4678 mentis
2489 4617 2691 4675 oculos
2741 4615 3104 4689 perstrictus,
3157 4614 3411 4669 maxima
3455 4628 3639 4683 eaque

227 4698 513 4774 τάρχουσα
543 4698 774 4770 ἐξουσία,
804 4698 857 4754 ἐν
909 4701 1106 4776 βραχεῖ
1135 4703 1394 4754 τοσοῦτον
1441 4699 1592 4770 αὑτῷ
1638 4699 1706 4752 τὰ
1743 4697 1878 4771 πρὸς

232 4787 448 4864 βουλῆς
506 4787 836 4864 ἐπεραίνετο,
871 4790 946 4852 ὡς
998 4793 1168 4844 πᾶσαν
1216 4788 1366 4860 αὑτῷ
1411 4789 1510 4858 τήν
1561 4785 1724 4842 πόλιν
1775 4785 1879 4841 ὑπὸ

229 4881 400 4953 χεῖρα
467 4877 650 4932 θέσθαι
721 4883 842 4941 ταῖς
903 4875 1280 4955 μαγγανείαις,
1336 4875 1425 4932 καὶ
1485 4874 1748 4947 ἀναθέσει,
1807 4872 1881 4936 ὥς

224 4987 293 5042 γε
348 4965 582 5039 εἴρηται,
623 4964 958 5043 ἀνδριάντος,
991 4969 1080 5022 οἷα
1138 4970 1254 5038 Θεῷ
1309 4965 1402 5020 καὶ
1455 4963 1601 5037 αὐτῷ
1657 4966 1725 5019 τᾶι
1777 4970 1874 5034 τῆς

223 5053 478 5129 λατρείας
535 5053 826 5132 ἀφοσιοῦν.
879 5053 1034 5112 Ἀλλ’
1085 5055 1184 5109 οὐκ
1233 5054 1308 5118 εἷς
1370 5053 1579 5128 μακρὰν
1630 5053 1883 5107 ἀπώνατο

223 5149 329 5214 τῆς
377 5142 610 5214 ἀπάτης.
641 5144 766 5201 Ἐπὶ
824 5145 928 5220 γάρ
981 5149 1080 5212 τῆς
1131 5141 1300 5213 αὐτῆς
1353 5141 1652 5218 βασιλείας,
1702 5139 1880 5196 Κλαόο

231 5230 356 5295 διος
399 5229 459 5287 δὲ
504 5232 608 5308 ἄρα
653 5233 738 5307 ἦν,
781 5235 814 5303 ἡ
867 5235 934 5288 τὰ
981 5231 1153 5288 πάντα
1199 5236 1380 5308 σοφῶς
1429 5229 1518 5286 καὶ
1574 5229 1883 5308 φιλανθρώ-

227 5341 356 5384 πως
418 5317 734 5397 διεξάγουσα
789 5321 1020 5397 πρόνοια
1065 5322 1156 5376 τὸν
1223 5319 1518 5400 πρόμαχον
1569 5318 1657 5374 καὶ
1717 5317 1887 5374 οἷονεί

231 5409 448 5486 ἀρῥαγῆ
513 5417 612 5480 τῆς
669 5409 906 5476 πίστεως
957 5406 1261 5486 πρόϐολον,
1310 5409 1402 5466 τὸν
1474 5408 1672 5485 ἀρετῆς
1731 5405 1888 5463 ἓνεκα

311 5535 392 5608 (t)
423 5535 698 5594 Nonnulli
729 5538 880 5595 hanc
909 5538 1064 5594 Salen
1096 5544 1318 5596 vocant.

314 5611 388 5680 (2)
419 5610 674 5668 Heresis
713 5610 972 5666 Simonis
1020 5608 1408 5680 spurcissima
1453 5611 1510 5664 et
1549 5608 1888 5674 foedissima,

236 5696 374 5754 qua
407 5680 620 5740 Christi
651 5682 892 5740 nomine
932 5685 1213 5756 tanquam
1255 5680 1494 5738 obtentu
1525 5685 1582 5738 et
1611 5682 1890 5754 pretextu

1991 4711 2289 4770 maritima
2335 4709 2692 4780 profectione
2739 4708 3031 4776 suscepta,
3077 4718 3146 4758 ex
3194 4701 3426 4756 Oriente
3473 4701 3634 4755 Occi-

1990 4803 2224 4860 dentem
2254 4814 2458 4855 versus
2488 4796 2714 4866 migrat,
2740 4795 3176 4863 Romanamque
3193 4789 3398 4846 urbem
3421 4803 3635 4860 praeoc-

1989 4894 2184 4963 cupat.
2215 4891 2403 4961 Atque
2432 4887 2511 4944 ibi
2543 4903 2672 4942 cum
2705 4883 2902 4956 emptis
2941 4883 3068 4953 ejus
3087 4880 3338 4938 maxime
3359 4894 3636 4950 suprema

1988 4977 2301 5037 inserviret
2332 4978 2614 5049 potestas,
2637 4973 2798 5032 brevi
2817 4971 3134 5028 admodum
3163 4973 3416 5040 tempore
3449 4984 3638 5040 usque

1992 5069 2135 5126 adeo
2164 5082 2256 5124 res
2285 5081 2358 5121 ex
2400 5064 2693 5122 sententia
2740 5061 3087 5127 succedunt,
3131 5063 3200 5115 ut
3228 5073 3362 5115 cum
3393 5057 3503 5114 sibi
3545 5057 3635 5112 in-

1992 5155 2420 5216 cantationibus
2436 5157 2494 5210 et
2511 5151 2824 5226 praestigiis
2846 5152 3026 5207 totam
3042 5147 3377 5206 conciliaret
3399 5164 3456 5202 ur
3472 5146 3633 5202 bern:

1990 5252 2118 5305 tum
2149 5249 2344 5302 statua
2394 5244 2599 5314 posita,
2652 5245 2716 5296 ut
2765 5241 2981 5296 dictum
3031 5241 3142 5306 est,
3183 5237 3362 5296 divini
3408 5237 3456 5290 ei
3505 5242 3639 5292 tan-

1991 5352 2166 5410 quam
2211 5335 2327 5392 Dco
2378 5332 2789 5390 exhiberentur
2844 5327 3036 5384 cultus
3092 5335 3147 5384 et
3202 5326 3470 5382 honores.
3521 5325 3634 5380 Sed

1991 5425 2150 5484 enim
2209 5441 2323 5481 non
2375 5423 2474 5479 diu
2521 5421 2606 5476 ilii
2655 5419 2851 5476 fraude
2901 5434 2968 5475 ea
3007 5416 3091 5474 uti
3120 5431 3463 5475 concessum
3495 5417 3630 5470 est:

1996 5552 2249 5682 3:313:11.)
2273 5551 2346 5608 ad
2387 5547 2608 5622 ﬂagitia
2638 5549 2698 5605 et
2743 5545 2955 5618 probra
2982 5542 3180 5603 omnia
3213 5541 3462 5614 tegenda
3488 5539 3638 5598 abu-

2099 5642 2132 5682 a
2241 5663 2256 5679 .

2099 5642 2256 5682 atur.
