3950 6214
195 375 313 434 ’193

192 509 528 585 γεγονότων,
611 505 757 563 ἀλλᾶ
839 508 929 560 καὶ

191 595 428 653 πλεῖστα
481 598 591 652 τῶν
651 595 901 651 παλαιῶν

193 686 630 761 ἐπισυρομένων.
687 687 1134 762 ’Λπισχυρίζεται
1185 685 1242 742 δὲ
1286 692 1364 759 τῷ
1412 687 1590 763 λόγῳ,

191 798 245 831 τι
276 784 376 846 τῆς
414 775 676 847 ἀληθείας
729 775 1122 852 προτιμότερον
1177 778 1380 846 θέσθαι,
1433 774 1566 851 μηδ’
1612 777 1663 848 ἐξ
1713 778 1842 832 έαυ-

191 871 290 921 τοῦ
319 887 374 922 τι
407 865 748 938 προστιθέναι
799 867 1087 942 αἱρεῖσθαι.
1135 867 1308 936 Σώζει
1349 887 1412 942 γε
1463 867 1570 939 μὴν
1616 867 1678 922 τὸ
1710 866 1840 942 σύγ-

191 975 432 1031 γραμμα
489 956 798 1035 ἀκραιφνεῖς
855 954 983 1016 τοῦς
1039 952 1200 1010 εἰσέτι
1260 959 1352 1009 νῦν
1403 958 1473 1028 τῇ
1541 953 1841 1026 Ἐκκλησία

194 1043 652 1121 πεφυλαγμένους
706 1045 955 1104 κανόνας.
1005 1043 1068 1103 Ἣ
1125 1041 1170 1098 δ’
1213 1041 1488 1120 ἐπιγραφή
1549 1044 1699 1116 αὐτῷ
1742 1047 1838 1098 τοῦ

196 1133 395 1210 λόγου,
450 1134 605 1206 Περὶ
657 1132 809 1209 βίου
859 1133 1308 1209 θεωρητικοῦ,
1339 1133 1374 1202 ἢ
1407 1133 1556 1208 περὶ
1600 1135 1837 1188 ἱκετῶν

197 1223 331 1294 ἐστι,
363 1224 696 1297 θεραπευτὰς
725 1221 910 1278 καλῶν
937 1223 1065 1285 τοὺς
1105 1225 1204 1294 τὴν
1249 1221 1508 1294 τοιαύτην
1555 1221 1836 1279 πολιτείαν

198 1315 687 1392 μετερχομένους·
741 1315 776 1384 ἢ
831 1317 912 1384 τῷ
969 1311 1140 1375 οὕτως
1197 1311 1456 1384 τηνικάδε
1531 1315 1835 1382 καλεῖσθαι,

196 1405 368 1476 μήπω
399 1409 501 1472 τῆς
534 1405 867 1476 Χριστιανῶν
920 1401 1176 1474 κλήσεως
1221 1399 1301 1458 ἔτι
1332 1402 1793 1477 πεπλατυσμένης
1819 1423 1832 1436 σ

195 1491 227 1560 ἢ
289 1493 374 1546 ὅτι
431 1498 536 1562 τῆς
583 1491 705 1567 περῖ
753 1491 816 1547 τὰ
868 1495 1010 1549 θεῖον
1059 1495 1298 1568 καθαρᾶς
1363 1492 1456 1548 καὶ
1503 1493 1836 1569 εἰλικρινοῦς

193 1581 482 1656 θεραπείας
529 1579 700 1650 ἕνεκα,
739 1583 776 1654 ἢ
817 1587 919 1655 τῷ,
967 1583 1063 1647 τὰς
1111 1587 1219 1638 τῶν
1269 1585 1610 1658 προσιόντων
1655 1584 1836 1659 ψυχὰς

191 1669 648 1734 ἀπαλλάττοντας
705 1676 813 1727 τῶν
871 1673 979 1728 ἀπὸ
1025 1672 1212 1735 κακίας
1257 1675 1468 1742 παθῶν,
1514 1674 1702 1747 οἷάπερ
1752 1672 1834 1728 ἴα-

190 1763 354 1835 τροὺς
431 1760 680 1816 ἀκεῖσθαι
762 1761 850 1818 καὶ
935 1763 1246 1838 θεραπεύειν
1292 1781 1306 1795 ⁶
1375 1764 1411 1834 ἢ
1479 1761 1838 1833 ὁπωσδήποτε

192 1847 379 1912 ἄλλως
443 1848 588 1924 ἔχει,
645 1846 760 1906 οὔτι
809 1872 898 1906 πω
955 1848 1310 1916 διατείνεσθαι
1367 1852 1674 1927 ἀναγκαῖον.
1735 1850 1839 1915 Οὓς

191 1939 476 2014 καταρχὰς
528 1944 634 1994 τῶν
695 1940 910 1996 οἰκείων
985 1941 1285 2012 ἐξίστασθαι
1357 1939 1509 2018 λέγει
1584 1941 1673 1996 καὶ
1728 1945 1834 1996 τῶν

190 2031 510 2105 προσόντων
567 2030 754 2095 αὐτοῖς
808 2032 1126 2108 φιλοσοφεῖν
1173 2032 1506 2108 ἀρχομένοις
1541 2049 1553 2062 ·
1615 2033 1731 2086 εἶτα
1777 2028 1834 2086 δὲ

189 2119 276 2175 καὶ
307 2121 510 2183 πάσαις
553 2119 796 2198 φροντίσι
852 2122 1140 2196 βιωτικαῖς
1187 2121 1471 2200 ἀποταγὴν
1523 2121 1837 2194 ποιησαμέ-

190 2229 338 2280 νους,
387 2205 493 2282 ἔξω
541 2231 594 2265 τε
641 2215 844 2286 τειχῶν
903 2213 1170 2286 γενέσθαι,
1227 2211 1320 2266 καὶ
1377 2210 1434 2267 ἒν
1501 2232 1608 2266 τισι
1671 2233 1838 2284 μονα-

188 2297 363 2372 γρίοις
423 2298 515 2352 καί
571 2299 794 2370 κήποις,
843 2298 879 2369 ἢ
925 2301 1014 2354 καὶ
1061 2295 1208 2376 ὅρεσί
1249 2321 1360 2354 τισι
1412 2299 1506 2362 τὰς
1556 2297 1835 2374 διατριϐὰς

188 2389 489 2453 ποιεῖσθαι,
546 2388 640 2451 τὰς
695 2392 802 2443 τῶν
851 2385 1129 2462 ἀνομοίων
1175 2387 1452 2462 ἐπιμιξίας
1503 2390 1578 2452 ὡς
1640 2383 1835 2462 βλαϐε-

191 2479 287 2552 ράς
385 2474 552 2540 οὔσας
627 2477 1080 2552 ἐκτρεπομένους,
1143 2479 1236 2534 τὸν
1301 2479 1639 2556 προφητικὸν
1717 2479 1837 2552 βίον

189 2564 416 2622 ἂσκοῦσί
459 2588 517 2622 τε
562 2568 652 2622 καὶ
687 2566 921 2638 ζηλοῦσι
970 2565 1150 2622 πίστει
1191 2568 1407 2643 ζεούσῃ.
1459 2565 1532 2623 Οὐ
1579 2565 1744 2641 μόνον
1777 2564 1836 2622 δὲ

190 2655 321 2724 ἐκεῖ,
383 2655 534 2712 ἀλλὰ
581 2657 671 2712 καὶ
727 2655 984 2731 ἀλλαχοῦ
1039 2663 1139 2726 τῆς
1193 2664 1298 2732 γῆς
1351 2661 1513 2713 τοῦτο
1565 2658 1628 2712 τὸ
1678 2659 1834 2734 γένας

191 2745 322 2800 εἶναί
369 2766 539 2823 φησιν
565 2765 576 2778 ·
629 2743 736 2801 ἔδει
779 2746 884 2820 γὰρ
929 2748 1132 2822 ἀγαθοῦ
1175 2743 1388 2800 τελείου
1431 2745 1519 2800 καὶ
1567 2747 1665 2816 τὴν
1696 2744 1832 2801 Ἑλ-

190 2832 330 2890 λάδα
361 2835 454 2890 καὶ
485 2836 585 2903 τὴν
640 2830 914 2911 Βάρϐαρον
965 2840 1273 2910 μετασχεῖν.
1333 2836 1420 2890 Ἐν
1469 2834 1736 2908 Αἰγύπτῳ
1779 2831 1836 2890 δὲ

188 2927 276 2979 καῖ
338 2923 582 2997 μάλιστα
631 2923 933 2996 πλεονάζον
994 2927 1184 3000 ὁρᾶται
1231 2924 1355 2998 περὶ
1421 2926 1520 2994 τήν
1577 2923 1828 2993 Ἀλεξάν-

189 3011 398 3084 δρειαν.
436 3015 535 3067 Καὶ
581 3015 633 3067 έν
680 3013 878 3088 ἑκάστῃ
928 3011 986 3068 δε
1029 3019 1192 3087 μονιᾷ
1240 3012 1451 3086 οἷ’κημα
1500 3013 1644 3084 ἱερὸν
1691 3009 1831 3068 ἔστιν

189 3100 322 3156 ἰδεῖν
356 3122 369 3133 ⁸
427 3102 456 3156 ὃ
517 3105 764 3175 σεμνεῖον
823 3099 1054 3157 καλοῦσι
1113 3101 1203 3157 καὶ
1265 3104 1656 3176 μοναστήριον,
1707 3099 1757 3154 ἐν
1789 3103 1835 3173 ᾦ

188 3191 534 3264 μονούμενοι
559 3192 625 3245 τὰ
649 3195 748 3246 τοῦ
779 3195 978 3264 σεμνοῦ
1031 3191 1153 3267 βίου
1203 3194 1474 3265 μυστήρια
1525 3195 1779 3264 μυοῦνται
1816 3209 1829 3222 ·

994 594 1304 654 Ἰουδαϊκῶν
1377 597 1513 652 ἐθῶν
1591 594 1838 668 τηνικάδ¹

1669 684 1838 760 μηδέν

1225 372 1844 436 ΕΟΟιΕδΙΑδΤιΟίΕ
1884 373 2278 436 HlS'l‘Olil/E
2323 373 2464 434 LIB.
2513 373 2590 433 Il.

1015 505 1591 582 προσαποδεχὸμενος,
1645 506 1832 582 καίπερ

1950 508 2191 577 Iudaeis,
2246 517 2307 564 ut
2362 509 2606 576 videtur,
2660 508 3091 580 progenitorum
3147 509 3453 566 virorum:
3499 513 3596 568 sed

3485 379 3602 438 794

1945 598 2004 654 id
2039 598 2508 670 quoquejudicio
2551 613 2656 653 suo
2687 598 3044 668 comprobat,
3106 600 3366 670 quamvis
3421 601 3596 656 etiam

1945 693 2072 743 tum
2113 688 2400 760 plurimas
2446 696 2706 742 veterum
2753 686 3088 744 Judreorum
3141 689 3597 744 consuetudines

1946 777 2339 834 observarent.
2373 778 2678 834 Asseverat
2707 793 2938 848 quoque
2977 777 3168 834 verbis
3217 777 3472 846 disertis,
3509 780 3596 834 ni-

1945 865 2028 922 hil
2059 882 2122 922 se
2161 866 2401 924 veritate
2439 867 2650 922 ducere
2697 867 2860 938 prius
2894 871 2995 922 aut
3049 867 3371 938 antiquius,
3408 885 3596 940 neque

1947 954 2272 1026 quidquam
2306 969 2372 1011 ex
2394 971 2457 1012 se
2485 954 2612 1027 ipso
2673 953 2751 1010 rei
2787 954 2896 1026 ipsi
2945 955 3150 1012 addere
3199 959 3589 1014 constituisse.

1947 1047 2305 1116 Quapropter
2327 1045 2610 1117 scriptum
2641 1045 2720 1112 id,
2757 1061 3006 1100 canones
3053 1049 3109 1101 et
3155 1048 3407 1118 regulas,
3463 1065 3592 1119 quae

1948 1132 2122 1190 etiam
2156 1149 2310 1188 nunc
2343 1133 2399 1188 in
2431 1133 2684 1189 Ecclesia
2711 1138 3041 1202 servantur,
3067 1135 3287 1206 liquido
3311 1138 3586 1194 continet.

1951 1221 2256 1292 Inscriptio
2286 1225 2473 1278 autem
2506 1221 2636 1276 libri
2690 1226 2799 1289 est,
2833 1225 2890 1277 et
2948 1222 3170 1278 titulus.
3213 1226 3286 1279 De
3319 1227 3430 1280 vita
3454 1242 3589 1282 con-

1949 1312 2310 1383 temptati-ica,
2359 1311 2478 1367 sive
2523 1310 2589 1366 de
2647 1311 3008 1383 supplicibus.
3073 1317 3179 1368 Eos
3235 1317 3431 1368 autem
3489 1316 3591 1386 qui

1947 1402 2124 1458 vitam
2164 1401 2512 1472 ejuscemodi
2564 1400 2813 1472 amplexi
2867 1407 3085 1470 essent,
3117 1402 3444 1475 θεραπευτὰς
3489 1405 3586 1476 (1),

1947 1491 2055 1548 hoc
2093 1499 2200 1562 est,
2247 1491 2501 1547 cultores
2540 1507 2640 1546 seu
2692 1495 2985 1548 curatores
3033 1497 3248 1549 vocat:
3301 1493 3389 1548 vel
3435 1494 3586 1566 quod

1945 1580 2028 1637 ita
2053 1585 2173 1636 tum
2207 1580 2660 1653 appellarentur,
2695 1582 2954 1637 nondum
2993 1581 3459 1638 Christianorum
3492 1599 3591 1638 no-

1945 1671 2105 1726 mine
2145 1671 2258 1727 late
2297 1670 2507 1726 ditl‘uso
2541 1687 2556 1726 :
2590 1671 2676 1726 vel
2718 1675 2956 1743 propter
3001 1688 3216 1742 purum
3262 1673 3586 1728 sincerum-

1945 1775 2059 1832 que
2081 1760 2180 1816 Dei
2212 1759 2474 1816 cultum:
2508 1758 2594 1816 vel
2623 1760 2778 1832 quod
2825 1763 3103 1834 tanquam
3156 1761 3388 1827 medici,
3428 1778 3587 1818 exer-

1946 1852 2166 1920 cerent,
2196 1851 2484 1916 curarent,
2517 1851 2690 1920 atque
2719 1847 2973 1906 colerent
3003 1865 3202 1904 eorum
3235 1849 3334 1921 qui
3382 1851 3448 1904 ad
3490 1866 3586 1905 eos

1944 1939 2262 2006 venissent,
2313 1939 2566 2010 animos,
2611 1939 2773 1994 omni
2817 1956 2914 1995 eos
2959 1939 3227 1995 vitiorum
3282 1939 3587 2011 perturba-

1945 2029 2103 2085 tione
2131 2027 2444 2084 liberantes
2478 2045 2492 2084 :
2524 2028 2610 2083 vel
2643 2028 2817 2084 aliam
2857 2043 3268 2099 quamcunque
3323 2028 3395 2084 ob
3441 2045 3587 2084 cau—

1945 2133 2072 2174 sam
2107 2134 2330 2190 :neque
2368 2116 2522 2173 enim
2573 2118 2644 2174 de
2680 2133 2746 2173 eo
2791 2117 3140 2174 contendere
3189 2117 3585 2175 necessarium

1945 2215 2050 2264 est.
2083 2209 2198 2264 Hos
2229 2225 2263 2264 a
2305 2207 2612 2280 principio,
2653 2225 2787 2264 cum
2836 2207 3162 2264 Christiana
3217 2207 3588 2280 philosOphia

1945 2297 2330 2368 initiarentur,
2380 2295 2542 2364 dicit,
2604 2313 2723 2353 rem
2775 2293 3116 2352 familiarem
3167 2295 3587 2368 facultatesque

1945 2403 2085 2442 suas
2125 2385 2450 2456 relinquere
2500 2384 2705 2441 solitos
2749 2400 2878 2439 esse
2931 2401 2946 2438 :
2999 2399 3066 2441 ac
3123 2384 3331 2440 deinde
3383 2385 3585 2440 nuntio

1944 2477 2221 2534 omnibus
2267 2475 2395 2531 vitae
2434 2474 2610 2545 hujus
2651 2474 2807 2530 curis
2856 2477 2912 2530 et
2943 2473 3439 2530 sollicitudinibus
3497 2491 3586 2529 re-

1946 2565 2140 2633 misso,
2175 2569 2336 2621 extra
2364 2580 2565 2620 muros
2608 2563 2666 2618 in
2697 2563 2936 2619 semotis
2984 2562 3279 2636 aliquibus
3337 2564 3494 2635 agris
3528 2567 3586 2619 et

1943 2655 2146 2724 hertis,
2179 2653 2486 2710 autetiam
2537 2654 2837 2712 montibus
2882 2651 3096 2708 versari
3147 2655 3326 2725 atque
3370 2652 3582 2720 vivere,

1943 2743 2435 2816 dissimiliumque
2491 2744 2756 2800 omnium
2788 2743 3268 2800 consuetudinem
3308 2747 3583 2814 tanquam

1942 2837 2331 2910 perniciosam
2345 2840 2700 2903 aversantes,
2717 2837 2892 2891 vitam
2907 2833 3298 2908 prophetieam
3315 2833 3582 2906 ﬂagranti

1943 2930 2118 2998 atque
2150 2924 2391 2982 ferventi
2437 2925 2550 2981 fide
2589 2925 2856 2982 meditari
2907 2929 3082 2996 atque
3125 2922 3408 2979 aemulari.
3457 2923 3582 2978 Non

1943 3017 2130 3074 solum
2163 3019 2358 3072 autem
2391 3031 2457 3071 eo
2487 3013 2718 3085 inloco,
2739 3030 2939 3070 verum
2971 3013 3143 3071 etiam
3187 3013 3327 3069 alibi
3351 3013 3407 3068 in
3447 3015 3584 3070 orbe

1943 3111 2232 3164 terrarum
2255 3107 2364 3164 hoc
2395 3123 2580 3179 genus
2615 3107 2792 3162 fuisse
2816 3107 3041 3164 scribit.
3095 3105 3336 3162 Decebat
3367 3107 3584 3178 quippe

1943 3199 2159 3254 summi
2193 3197 2330 3253 boui
2361 3200 2418 3252 et
2450 3196 2730 3252 Graeciam
2780 3201 2836 3252 et
2885 3195 3221 3252 Barbariem
3274 3195 3582 3267 participes

185 3278 235 3332 ἐν
268 3280 315 3350 ᾦ
355 3277 522 3334 οὐδὲν
573 3279 863 3354 εἷσάγεται,
912 3278 974 3335 οῦ
1024 3279 1221 3350 σιτίον,
1271 3282 1336 3335 οὐ
1387 3281 1572 3346 ποτὸν,
1625 3277 1750 3335 οὐδέ
1777 3301 1829 3334 τι

1949 3288 2090 3359 ﬁeri,
2123 3289 2179 3343 in
2211 3289 2453 3361 [Egypto
2505 3291 2698 3344 tamen
2747 3298 2800 3343 et
2845 3287 3094 3343 maxime
3141 3255 3298 3344 circa
3336 3255 3584 3342 Alexan-

185 3365 328 3423 ἄλλο
380 3373 492 3423 τῶν
539 3369 675 3442 πρὸς
721 3369 815 3430 τὰς
863 3370 1178 3442 σωματικὰς
1227 3367 1418 3445 χρείας
1468 3367 1828 3439 ἐπιτηδείων·

185 3455 332 3513 ἀλλά
362 3459 570 3534 λόγους
596 3480 654 3513 τε
682 3459 772 3513 καὶ
803 3465 1030 3532 νόμους,
1073 3461 1257 3533 ῥήσεις
1289 3481 1346 3514 τε
1395 3464 1693 3538 προφητῶν
1743 3459 1832 3514 καὶ

184 3545 386 3621 ὕμνους
445 3547 854 3618 θεοπνεύστους,
914 3548 1003 3602 καὶ
1057 3547 1202 3604 ἄλλα
1261 3550 1348 3612 οῖς
1405 3547 1683 3620 ἐπιστήμη
1741 3549 1830 3603 καὶ

183 3633 434 3692 εὐσέϐεια
475 3637 551 3697 εἰς
600 3634 820 3708 αὔξησιν
870 3635 1126 3709 ἥκουσαι,
1183 3637 1340 3700 τέλος
1389 3635 1607 3711 ἄριστον
1655 3642 1833 3694 κτῶν-

181 3748 286 3786 ται.
341 3728 419 3782 Τὸ
469 3725 518 3781 δ’
566 3728 614 3796 EE
660 3724 734 3782 ἕω
785 3727 950 3804 μέχρι
1001 3726 1067 3797 δή
1128 3729 1215 3783 καὶ
1267 3726 1494 3802 ἑσπέρας
1554 3725 1830 3800 διάστημα

180 3815 413 3886 ἄσκησίς
473 3815 616 3871 ἐστιν
670 3815 871 3878 αὐτοῖς.
931 3822 1058 3879 Ταῖς
1116 3819 1222 3894 γὰρ
1291 3818 1459 3892 ἱεραῖς
1529 3815 1825 3894 ἐμφιλοσο-

183 3910 413 3982 φοῦ-,ντες
473 3910 710 3979 Γραφαῖς
757 3906 856 3974 τήν
916 3907 1146 3981 πάτριον
1187 3906 1549 3986 φιλοσοφοῦσι
1601 3905 1832 3983 φιλοσο-

179 3994 322 4070 φίαν.
380 3997 592 4070 ’Ὠσπερ
646 3995 745 4068 γάρ
805 4016 926 4050 τινα
979 3993 1223 4070 κρηπῖδα
1280 3997 1505 4071 πρώτην
1553 4015 1829 4070 προκατα-

179 4078 528 4156 εαλλὸμενοι
571 4085 670 4152 τὴν
713 4081 1042 4157 ἐγκράτειαν,
1087 4087 1180 4146 τὰς
1229 4084 1425 4147 λοιπάς
1471 4089 1578 4140 τῶν
1626 4085 1829 4160 ἀρετῶν

178 4169 647 4246 ἐποικοδομοῦσιν
701 4172 856 4245 αὐτῆ.
893 4173 990 4228 Καὶ
1031 4174 1133 4248 γὰρ
1171 4173 1351 4229 οὐδενὶ
1401 4174 1576 4228 αὐτῶν
1629 4174 1827 4246 ἐξέσται

178 4263 280 4334 πρὸ
323 4261 501 4331 ἡλὶου
551 4259 810 4325 δύνοντος
855 4263 1029 4318 σιτίον
1137 4263 1303 4318 ποτὸν
1351 4263 1826 4338 προσενέγκασθαι.

176 4352 249 4406 Τὸ
279 4353 392 4426 γαρ
426 4352 548 4424 περὶ
577 4353 772 4425 ἀρετὴν
825 4351 1144 4429 φιλοσοφεῖν
1200 4352 1382 4432 φωτὸς
1411 4352 1558 4422 ἀξιον
1607 4351 1830 4414 ἐκείνοις

177 4441 250 4501 ὡς
281 4441 434 4500 εἰκὸς
465 4441 724 4515 κρίνεται.
777 4446 1012 4504 Σκότους
1063 4441 1118 4497 δὲ
1146 4444 1208 4497 τὸ
1255 4442 1380 4512 περὶ
1423 4443 1518 4503 τὰς
1567 4446 1662 4498 τοῦ
1719 4443 1824 4495 σώ-

177 4551 346 4601 ματος
410 4529 649 4605 ἀνάγκας
699 4529 1011 4606 ἐστράφθαι.
1070 4531 1186 4587 Εἰσὶ
1237 4529 1292 4586 δέ
1324 4529 1376 4585 οἵ
1406 4531 1496 4585 καὶ
1529 4529 1616 4586 διὰ
1657 4536 1824 4606 τριῶν

1937 3379 2125 3435 driam
2167 3379 2504 3435 institutum
2538 3378 2646 3434 hoc
2699 3377 3064 3449 frequentari.
3106 3378 3170 3432 In
3232 3393 3583 3450 unaquaque

1937 3474 2130 3525 autem
2154 3468 2434 3536 solitaria,
2466 3467 2677 3539 inquit,
2720 3466 3022 3523 mansione
3061 3483 3288 3523 sacram
3341 3465 3580 3521 domum

1937 3558 2210 3630 reperias,
2259 3575 2438 3629 quam
2502 3559 2748 3629 σεμνεῖον
2801 3556 2899 3627 (2),
2963 3555 3070 3610 hoc
3128 3559 3214 3610 est
3264 3554 3581 3610 honestatis

1935 3648 2350 3719 gravitatisque
2389 3647 2584 3701 locum
2633 3650 2688 3700 et
2737 3645 3159 3701 monasterium
3205 3647 3458 3698 vocant:
3518 3643 3578 3698 in

1936 3754 2051 3809 quo
2083 3736 2302 3791 scilicet
2341 3735 2416 3791 ab
2446 3733 2578 3791 aliis
2627 3733 2877 3805 sejuncti
2925 3737 2980 3790 et
3009 3731 3274 3796 solitarii,
3327 3731 3577 3787 honestas

1935 3829 2269 3896 sanctasque
2290 3825 2419 3880 vitae
2451 3823 2748 3896 mysteriis
2777 3821 3145 3878 imbuuntur.
3183 3822 3260 3877 Eo
3309 3820 3452 3876 nihil
3486 3819 3581 3874 in—

1938 3917 2122 3972 fertur
2151 3914 2234 3970 vel
2266 3914 2562 3982 frumenti,
2597 3912 2683 3968 vel
2727 3915 2925 3985 potus,
2973 3911 3060 3968 vel
3109 3911 3287 3967 etiam
3334 3910 3577 3965 alterius

1935 4004 2014 4061 rei
2063 4005 2133 4060 ad
2194 4003 2584 4059 necessarium
2671 4001 2930 4074 corporis
2979 4017 3150 4056 usum
3207 3997 3576 4071 pertinentis.

1946 4092 2107 4148 I58
2154 4093 2462 4148 Sermones
2519 4094 2746 4145 tantum
2797 4093 2852 4144 et
2909 4090 3081 4162 leges,
3130 4089 3400 4160 dictaque
3449 4104 3582 4160 pro-

1940 4183 2246 4254 phetarum
2298 4185 2470 4252 atque
2513 4180 2764 4252 hymnos
2813 4179 3088 4236 divinitus
3141 4179 3455 4250 iuspiratos
3506 4177 3584 4234 ibi

1940 4271 2314 4338 meditantur,
2365 4272 2540 4340 atque
2596 4269 2770 4324 etiam
2831 4268 2964 4332 alia,
3036 4268 3251 4340 quibus
3317 4268 3588 4326 doctrina

1939 4370 1992 4417 et
2022 4363 2207 4433 pietas
2238 4375 2576 4429 augescens,
2603 4375 2904 4415 summum
2929 4357 3310 4430 consequitur
3341 4358 3577 4414 bonum.

1939 4449 2318 4508 Intervallum
2366 4465 2532 4520 porro
2595 4448 2872 4520 temporis
2916 4448 2986 4503 ab
3035 4448 3161 4519 ipso
3203 4447 3462 4505 diluculo
3510 4449 3582 4503 ad

1942 4555 2242 4612 vesperam
2278 4554 2486 4610 usque,
2525 4537 2584 4594 in
2635 4538 2907 4595 exercitio
2947 4553 3045 4594 eos
3085 4537 3362 4594 continet.
3393 4537 3583 4593 Sacris

175 4619 264 4673 atii
319 4617 603 4673 πλειόνων
657 4620 1178 4693 ὑπομιμνήσκονται
1231 4627 1463 4697 τροφῆς,
1497 4623 1580 4682 οἷς
1625 4618 1826 4675 πλείων

1949 4631 2096 4686 enim
2132 4628 2539 4684 incumbentes
2571 4630 2820 4698 Litteris,
2851 4628 2908 4684 in
2943 4629 3128 4700 patria
3175 4625 3378 4683 scdulo
3408 4628 3584 4681 desu-

174 4707 204 4760 ὁ
245 4706 429 4769 πᾶθος
477 4714 580 4776 τῆς
638 4707 950 4781 ἐπιστήμης
1009 4707 1296 4782 ἐνίδρυται.
1357 4710 1505 4772 Τινὲς
1555 4708 1602 4764 δ’
1653 4708 1826 4771 οὕτως

175 4793 620 4874 ἐνευφραίνονται
673 4797 764 4852 καὶ
819 4801 1092 4875 τρυφῶσιν
1157 4798 1260 4854 ὑπὸ
1321 4801 1511 4877 σοφίας
1565 4799 1827 4871 ἑστιώμε-

172 4905 280 4958 νοι,
330 4883 542 4963 ἄφθονα
593 4887 948 4962 χορηγούσης
993 4887 1062 4942 τά
1109 4883 1377 4964 δόγματα,
1429 4889 1502 4951 ὡς
1553 4888 1641 4942 καὶ
1691 4889 1826 4962 πρὸς

173 4970 503 5029 διπλασίονα
535 4974 737 5050 χρόνον
769 4973 1033 5052 ἀντέχειν,
1076 4976 1166 5031 καὶ
1203 4975 1366 5050 μόλις
1398 4973 1470 5032 δι’
1512 4973 1566 5050 ἓξ
1598 4978 1821 5051 ἡμερῶν

170 5067 379 5141 τροφῆς
448 5063 748 5142 ἀναγκαίας
815 5065 1066 5140 μετέχειν
1144 5067 1582 5142 προσεθισθῆναι.
1645 5064 1714 5122 A’i
1762 5087 1826 5144 γε

238 5198 316 5266 (l)
345 5197 523 5253 Jesus
556 5197 833 5254 Hebraico
875 5213 1146 5253 sermone
1169 5202 1398 5254 curator
1445 5198 1678 5266 dicitur,
1707 5198 1827 5253 sive

170 5271 438 5324 medicus
467 5273 524 5324 et
564 5269 864 5324 salvator:
913 5273 970 5324 et
999 5269 1072 5323 ab
1122 5270 1231 5326 hoc
1293 5273 1531 5326 fortasse
1593 5269 1826 5326 nomine

168 5338 369 5395 εἰοεεωί
409 5343 572 5412 prius
603 5341 738 5412 dicti
773 5345 933 5404 sunt,
986 5357 1156 5410 quam
1207 5341 1668 5397 Christianorum
1723 5358 1826 5395 co—

169 5411 646 5482 gnomentideles
677 5411 1075 5467 obtinuerunt.
1104 5411 1186 5466 Ab
1209 5413 1508 5466 Antiochia
1547 5428 1823 5482 namque,

170 5482 344 5538 sicuti
415 5483 679 5538 veritatis
725 5488 1140 5554 argumentum
1196 5484 1390 5550 habet,
1443 5484 1713 5553 dlSClpUlI
1773 5493 1826 5538 et

169 5554 428 5610 Ecclesia
485 5554 586 5610 Dei
648 5555 916 5610 universa
969 5554 1284 5610 Christiani
1338 5557 1450 5609 dici
1507 5559 1822 5624 coeperunt.

169 5625 448 5697 Reperias
478 5627 609 5754 eius
640 5625 722 5682 rei
747 5631 1186 5698 argumentum,
1247 5629 1297 5682 si
1355 5626 1616 5682 Philonis
1671 5643 1828 5681 com-

169 5699 493 5754 mentarios
536 5698 728 5754 easris
758 5697 820 5754 in
848 5696 996 5754 libro
1027 5695 1155 5754 eius
1185 5713 1358 5754 ouem
1389 5699 1464 5754 De
1492 5696 1710 5754 lauacri:
1739 5697 1827 5753 in-

169 5695 493 5755 me'ntarios
509 5695 728 5770 legeris
758 5695 996 5755 in'libro
1027 5695 1155 5771 eius
1185 5713 1358 5770 quem
1389 5699 1464 5756 De
1492 5696 1710 5756 lauacri:
1739 5697 1827 5753 in-

1942 4721 2081 4776 dant
2108 4717 2496 4791 phiIOSOphia.
2531 4721 2609 4775 Ac
2639 4719 2810 4793 quasi
2854 4719 3299 4774 fundamentum
3331 4714 3580 4784 primum

1929 4808 2214 4882 jacienles
2245 4808 2432 4878 ipsam
2473 4808 2914 4874 continentiam,
2966 4806 3222 4876 reliquas
3267 4803 3319 4860 ei
3375 4818 3584 4874 snper-

1935 4903 2175 4956 struunt
2203 4896 2482 4966 virtutes;
2517 4915 2702 4970 neque
2731 4901 2864 4954 ante
2889 4895 3030 4952 solis
3078 4908 3347 4949 occasum
3406 4891 3582 4948 alicui

1935 5005 2002 5045 ex
2046 4987 2130 5044 eis
2171 5003 2380 5059 panem
2420 4991 2523 5044 aut
2578 4995 2777 5060 potum
2837 4999 3066 5042 sumere
3127 4981 3280 5038 licet.
3330 4979 3582 5038 Virtutis

1938 5077 2096 5133 enim
2129 5076 2389 5132 studium
2409 5075 2536 5134 luce
2568 5077 2830 5148 dignum,
2863 5074 2944 5129 ita
2977 5077 3041 5128 ut
3073 5089 3176 5144 par
3213 5075 3298 5127 est
3329 5087 3342 5125 :
3377 5077 3580 5126 contra

1935 5201 2188 5273 scripsit.
2224 5202 2332 5266 Qui
2373 5203 2579 5258 horum
2613 5202 2742 5258 vita:
2763 5198 3242 5273 consuetudinem
3275 5201 3332 5273 et
3375 5196 3580 5273 laudes

1934 5269 2250 5350 exponens,
2283 5278 2340 5350 et
2367 5273 2720 5350 monasteria
2751 5289 2872 5343 quae
2897 5271 2951 5325 in
2986 5270 3220 5342 regione
3257 5269 3409 5350 circa
3453 5271 3580 5350 bia-

1937 5339 2032 5400 me
2078 5339 2268 5400 lacum
2321 5346 2570 5400 habuere
2648 5339 3138 5408 eum—memorans,
3201 5356 3314 5396 non
3348 5340 3418 5395 de
3443 5339 3578 5394 aliis

1937 5434 2111 5489 quam
2139 5417 2505 5489 Christianis,
2529 5414 3070 5489 primis,historiam
3093 5411 3301 5489 texuit,
3333 5411 3474 5466 locis
3495 5409 3578 5466 eis

1936 5486 2274 5560 peragratis.
2307 5486 2544 5558 (Epiphi
2573 5504 2650 5560 rx,
2685 5489 2755 5542 Dc
2793 5486 3118 5560 Nummis.)

2005 5553 2346 5630 (2)’Σεμνεῖα
2381 5553 2494 5614 non
2525 5553 2716 5614 solum
2751 5553 3191 5628 monachorum,
3223 5556 3323 5612 sed
3383 5553 3578 5612 homi-

1935 5647 2077 5688 num
2110 5631 2567 5688 Uhristianorum
2601 5631 2864 5687 omnium
2895 5631 3167 5687 oratoria.
