4016 6206
407 305 524 365 795

1681 322 2108 388 NIGEPHORI
2149 327 2520 390 CALLISTI.

3685 324 3806 387 ’196

405 446 597 496 autem
630 441 700 498 ad
732 445 1001 503 tenebras
1032 449 1317 520 pertinere
1337 467 1459 524 eas,
1489 470 1612 526 quas
1642 459 1710 514 ad
1771 475 2046 516 necessa-

2161 461 2268 533 μὴν
2300 464 2408 516 τῶν
2445 461 2606 536 ἱερῶν
2640 459 2922 536 ἐξηγήσεις
2955 457 3158 534 λογίων
3209 458 3260 513 ἐν
3291 455 3654 532 ἀλληγορίαις
3708 457 3805 510 αὖε

405 528 556 586 rium
588 533 842 602 corporis
871 551 1045 592 usum
1095 550 1492 606 summuntur,
1541 561 1709 604 curas
1753 549 2041 620 judicant.

405 619 550 674 Sunt
577 623 770 677 autem
792 624 890 694 qui
922 630 1054 694 post
1082 630 1198 684 tres
1242 637 1344 688 aut
1400 633 1597 704 plures
1636 619 1767 694 dies
1809 639 2043 696 demum

399 707 512 764 cibi
543 709 1021 782 reminiscuntur,
1049 718 1260 788 quibus
1293 720 1558 781 videlicet
1606 727 1786 800 major
1829 729 2043 788 doctri-

397 815 489 854 nae
527 798 677 854 inest
724 802 1036 874 cupiditas.
1082 807 1361 866 Nonnulli
1411 813 1586 870 etiam
1626 798 1708 872 ita
1751 817 2042 888 laetantur,

397 885 728 959 deliciisque
759 891 1011 950 afﬂuunt
1042 895 1196 954 circa
1236 900 1536 972 sapientiae
1582 905 1809 978 epulas,
1853 885 2042 980 pluri;

400 992 524 1031 mas
554 979 998 1048 auppeditantes
1016 983 1334 1048 doctrinas,
1351 993 1414 1044 ut
1435 991 1836 1064 dupplicatum
1858 979 2038 1056 etiam

395 1063 452 1118 id
480 1069 713 1137 tempus
744 1084 808 1124 se
833 1069 1190 1145 abstineant,
1220 1079 1278 1131 et
1307 1081 1467 1136 sexto
1491 1081 1578 1136 vix
1609 1083 1701 1140 die
1731 1085 1802 1142 de
1843 1103 2041 1144 neces-

395 1152 547 1209 sario
591 1154 866 1213 alimento
923 1161 1272 1234 participare
1326 1173 1752 1230 consueverint.
1803 1176 2041 1248 Exposi-

395 1243 586 1300 tiones
614 1262 786 1316 porro
816 1263 1117 1308 sacrorum
1163 1255 1531 1316 oraculorum
1581 1278 1685 1334 per
1729 1264 2040 1338 allegorias

395 1349 636 1388 arcanas
665 1334 1040 1410 occultasque
1070 1345 1414 1416 sententias,
1465 1352 1523 1404 et
1569 1368 1860 1426 anagogas
1917 1357 2038 1414 sive

397 1422 897 1494 contemplatrices
943 1431 1002 1484 et
1055 1431 1327 1502 mysticae
1403 1422 1816 1512 intelligentiae
1867 1447 2038 1502 insti—

397 1515 588 1568 tuunt.
621 1513 885 1572 Studium
911 1516 1222 1593 siquidem,
1247 1527 1302 1580 et
1331 1528 1496 1596 quasi
1528 1528 1616 1585 lex
1665 1531 2038 1608 philosopho-

397 1616 526 1655 rum
562 1600 810 1658 istorum
841 1605 1120 1664 animanti
1153 1614 1442 1682 persimile
1466 1621 1576 1688 est,
1616 1622 1787 1693 cujus
1824 1641 2036 1698 corpus

397 1690 552 1745 nuda
589 1693 763 1748 verba
790 1694 929 1765 sint,
961 1697 1161 1756 anima
1191 1705 1383 1760 autem
1406 1690 1712 1768 abstrusus
1753 1714 1950 1772 inillis
1980 1721 2038 1774 et

395 1778 705 1838 invisibilis
738 1799 960 1841 sensus.
997 1787 1148 1846 Sunt
1174 1808 1405 1866 quoque
1436 1800 1592 1869 apud
1623 1817 1722 1859 eos
1753 1807 1809 1860 et
1837 1805 2036 1864 mulie-

396 1885 488 1924 res
519 1871 808 1940 eolitariae,
841 1874 1238 1952 θεράπευτίδες,
1284 1883 1388 1940 hoc
1417 1891 1506 1943 est
1538 1889 1810 1950 cultrices
1856 1895 2040 1968 dictae,

397 1973 520 2028 quae
548 1974 771 2016 sacram
802 1960 952 2020 hanc
982 1966 1162 2024 vitam
1203 1974 1262 2027 et
1307 1972 1641 2034 institutum
1699 1987 1994 2042 sectantur
2025 2002 2040 2044 :

399 2063 645 2116 quarum
720 2049 1010 2124 pleraeque
1063 2059 1327 2116 modesta
1392 2067 1450 2120 et
1503 2067 1693 2124 sobria
1748 2077 2044 2132 senectute

401 2140 640 2208 ornatas,
673 2141 988 2211 puritatem
1019 2150 1076 2202 et
1105 2147 1494 2222 virginitatem
1527 2173 1642 2214 non
1675 2163 2042 2236 necessitate,

401 2225 502 2280 sed
526 2235 847 2298 spontanea
876 2233 1054 2290 animi
1096 2237 1484 2301 destinatione
1504 2246 1762 2320 collunt;
1797 2225 2046 2311 nullam:

401 2330 512 2385 que
540 2318 800 2389 corporis
832 2320 1192 2394 voluptatum
1217 2345 1414 2388 curam
1465 2339 1568 2390 aut
1595 2318 1882 2399 rationem
1929 2343 2043 2402 ha-

401 2405 627 2476 bentes,
643 2423 760 2464 non
777 2413 1138 2484 mortalium,
1163 2420 1263 2474 sed
1283 2421 1705 2486 immortalium
1730 2430 2044 2492 liberorum

400 2495 830 2568 gignendorum
861 2503 1240 2574 cupiditatem
1263 2511 1556 2587 obtinent,
1588 2521 1794 2592 quales
1835 2524 2046 2584 liberos

399 2583 524 2640 sola
553 2603 622 2642 ex
649 2588 843 2661 seipsa
864 2591 964 2648 Dei
998 2611 1202 2654 amans
1241 2601 1436 2658 anima
1480 2623 1782 2678 procreare
1837 2620 2044 2686 potest.

399 2675 612 2732 Verum
631 2680 926 2739 enimvero
957 2701 1090 2741 cum
1123 2689 1239 2746 duo
1284 2692 1404 2750 sint
1427 2695 1734 2758 hominum
1783 2704 1910 2762 vitae
1959 2707 2048 2762 in-

409 2763 597 2820 stituti
626 2783 839 2838 genera
869 2789 883 2826 :
920 2773 1096 2832 unius
1127 2777 1428 2851 nimirum,
1477 2787 1718 2862 ejusque
1759 2793 2050 2854 inferioris

411 2854 736 2926 conjugalis
785 2866 1275 2927 consuetudinis:
1317 2854 1558 2932 alterius
1605 2854 1799 2938 autem
1849 2901 2052 2957 super-

415 2943 722 2999 mundanaa
753 2950 809 3002 et
841 2951 1132 3021 angelicas.
1168 2958 1278 3015 Deo
1309 2961 1576 3021 videlicet
1612 2968 1834 3026 dilectae
1877 2943 2050 3046 virgi-

415 3030 630 3099 uitatis,
690 3050 756 3090 ac
811 3039 1082 3098 solitaria;
1141 3048 1503 3123 puriorisque
1533 3061 1986 3120 conversationis
2034 3083 2048 3120 :

413 3118 460 3174 si
493 3119 627 3216 quis
675 3121 1002 3216 legitimum
1035 3147 1100 3188 ac
1131 3118 1505 3207 impollutam
1537 3151 1822 3216 sequatur
1851 3118 2042 3208 matri;

411 3207 694 3278 monium,
727 3211 900 3286 longe
931 3216 1026 3275 ille
1055 3222 1290 3293 quidem
1321 3245 1355 3283 a
1385 3207 1834 3303 reprehensione
1863 3241 2048 3306 abest,

409 3297 510 3351 sed
561 3300 833 3369 pauciora
881 3305 932 3361 ei
972 3310 1315 3382 contingunt
1371 3297 1723 3381 charismata
1771 3332 1828 3385 et
1873 3331 2047 3388 dona.

409 3385 608 3444 Sobrie
637 3392 792 3448 enim
826 3397 1152 3473 pudiceque
1198 3413 1252 3460 et
1281 3406 1332 3463 is
1361 3408 1550 3468 vivere
1593 3415 1822 3489 dicitur,
1867 3425 1925 3478 et
1954 3423 2053 3478 tri-

406 3478 714 3550 gecuplum
756 3484 989 3546 virtutis
1019 3490 1130 3548 {ert
1185 3493 1460 3568 fructum,
1520 3478 1838 3565 difficulter
1901 3518 2054 3570 certe

406 3567 642 3638 quidem
675 3579 1148 3652 sexagecuplum.
1183 3585 1339 3642 159
1370 3589 1473 3646 Cui
1515 3609 1648 3652 vero
1695 3597 1916 3657 sincere
1955 3619 2056 3658 an-

405 3655 654 3726 gelicam
686 3663 868 3723 vitam
898 3667 1109 3742 degere
1137 3674 1217 3730 sit
1239 3677 1464 3749 datum,
1491 3681 1665 3740 etiam
1689 3685 1738 3742 si
1760 3655 2055 3762 eaaspera

405 3745 484 3802 sit
511 3752 568 3806 et
590 3753 790 3823 ardua,
829 3757 996 3815 facile
1028 3767 1225 3822 tamen
1262 3769 1313 3823 ei
1359 3745 1533 3829 fuerit
1586 3745 2056 3852 sexagecuplu'mv;

407 3842 582 3912 atque
612 3842 786 3900 etiam
810 3850 1150 3922 centuplum
1168 3855 1313 3914 ferre
1339 3859 1622 3934 fructum,
1648 3842 1806 3924 certo
1835 3842 2060 3942 scilicet

405 3931 476 3986 ad
507 3933 924 4003 perfectionem
973 3947 1026 3996 et
1073 3959 1382 4004 summum
1431 3931 1648 4010 bonum
1706 3931 2056 4019 collimanti:

409 4019 633 4092 Scripta
662 4028 857 4082 autem
893 4027 965 4085 iis
994 4046 1121 4090 esse
1149 4034 1289 4093 dicit
1327 4043 1609 4110 veterum,
1645 4047 1745 4117 qui
1795 4055 2060 4109 auctores

410 4111 470 4162 et
516 4109 695 4166 duces
746 4115 1126 4182 professionis
1195 4139 1394 4181 eorum
1444 4109 1730 4202 exstitere,
1779 4139 1836 4190 et
1875 4139 2060 4196 multa

408 4207 782 4259 monumenta
819 4203 961 4261 ideae
992 4213 1050 4264 et
1081 4210 1280 4269 formae
1327 4216 1452 4286 ejus
1483 4234 1611 4289 qua:
1642 4223 1930 4294 allegoriis
1957 4231 2054 4284 de-

409 4283 654 4344 lectatur
682 4300 812 4361 post
839 4311 903 4350 se
932 4297 1318 4373 reliquerunt,
1350 4306 1602 4364 virorum
1630 4327 1643 4366 :
1672 4313 1744 4368 iis
1781 4313 1863 4370 illi
1887 4308 2056 4388 quasi

409 4375 765 4452 archetypis,
813 4385 1140 4460 primisque
1179 4395 1606 4468 exemplaribus
1653 4375 1920 4476 utentes;
1944 4417 2064 4466 mo"

411 4480 536 4523 rem
570 4470 928 4544 modumque
959 4493 1095 4534 eum
1145 4480 1471 4542 imitantur.
1508 4488 1588 4546 Ea
1630 4509 1800 4564 porro
1849 4514 2058 4555 monu-

2150 553 2266 612 τοῖς
2300 547 2368 605 δι’
2409 551 2678 605 ὑπονοιῶν
2717 549 2809 605 καὶ
2851 549 3160 626 ἀναγωγαῖς
3201 547 3422 604 ἐννοιῶν
3471 547 3807 603 κατασκευά-

2153 644 2360 709 ζονται.
2417 641 2484 696 Ἡ
2543 638 2646 715 γὰρ
2693 639 2989 713 νομοθεσία
3045 641 3164 702 τοῖς
3213 636 3540 714 φιλοσόφοις
3586 635 3808 698 τούτοις

2154 727 2280 801 ζώῳ
2337 731 2770 803 προσείκασται·
2817 729 2909 782 καὶ
2958 731 3116 801 σῶμα
3160 726 3307 800 αὐτῷ
3349 730 3385 796 ἡ
3419 725 3562 804 ῥητὴ
3614 724 3804 796 λέξις’

2151 819 2304 892 ψυχή
2339 817 2398 874 δέ
2435 818 2578 876 ἐστιν
2627 821 2655 874 6
2698 817 3109 891 ἐναποκείμενος
3148 817 3318 892 ταύτῃ
3371 817 3600 892 ἀόρατος
3649 821 3802 878 νοῦς.

2151 907 2210 922 --.
2254 908 2266 922 .
2324 905 2364 922 κ.
2548 911 2560 922 .
2622 908 2637 922 .
2713 907 2725 922 ,
2962 908 2977 922 ι
3167 911 3191 922 ..
3457 905 3468 922 ο
3785 907 3801 922 ς

2150 907 2270 963 Εἰσὶ
2319 905 2376 963 δὲ
2432 911 2560 983 παρ’
2619 907 2843 971 ἐκείνοις
2891 908 2978 964 καὶ
3029 911 3280 983 γυναῖκες
3336 905 3658 981 μονάστριαι
3707 907 3804 962 καὶ

2149 995 2526 1071 θεραπευτίδες
2582 995 2940 1072 καλούμεναι,
3016 999 3117 1067 τὴν
3175 995 3340 1067 αὐτὴν
3420 997 3567 1072 ἱερὰν
3629 997 3805 1052 πολι-

2145 1086 2292 1143 τείαν
2331 1089 2419 1142 καὶ
2469 1090 2794 1143 κάταστασιν
2847 1087 3281 1162 μετερχόμεναι·
3331 1087 3406 1140 ὢν
3455 1087 3512 1141 αἱ
3567 1087 3799 1148 πλείους

2146 1178 2291 1253 γήρᾳ
2380 1181 2716 1250 κοσμοῦνται
2807 1177 3066 1254 σώφρονι,
3147 1176 3237 1230 καὶ
3321 1176 3611 1283 παρθενίαν

2153 1267 2164 1277 ⁵
2275 1265 2286 1283 ρ
2466 1267 2480 1283 1
2585 1266 2598 1283 Ἰ
2655 1269 2664 1283 ι
2865 1264 2982 1283 9“!
3027 1263 3041 1283 9
3337 1265 3348 1283 1

2145 1265 2373 1341 ἁγνείαν,
2424 1267 2526 1322 οὐκ
2573 1266 2804 1343 ἀνάγκῃ,
2855 1264 2982 1321 ἀλλ’
3023 1263 3084 1320 ἐκ
3126 1265 3494 1340 προαιρέσεως
3545 1264 3797 1322 ἑκουσίου

2145 1353 2388 1424 ἀσκοῦσι,
2421 1354 2510 1410 καὶ
2541 1360 2652 1410 τῶν
2703 1356 2824 1426 περὶ
2860 1355 2922 1410 τὸ
2963 1361 3122 1428 σῶμα
3171 1351 3382 1424 ἡδονῶν
3427 1353 3794 1432 ἀλογήσασαι,

2189 1443 2428 1458 ,η..
2565 1442 2906 1458 un.-.
3079 1443 3206 1458 ..
3381 1443 3548 1458 ..Α
3762 1444 3784 1458 ..

2144 1443 2210 1498 οὐ
2263 1445 2495 1514 θνητῶν,
2553 1442 2684 1499 ἀλλ’
2740 1443 3018 1499 ἀθανάτων
3079 1443 3314 1518 ἐκγόνων
3363 1443 3728 1523 ὠρέχθησαν’
3762 1444 3794 1497 ’ἀ

2145 1533 2282 1606 μόνα
2334 1533 2537 1588 τίκτειν
2597 1534 2688 1612 ἀφ’
2747 1535 2940 1603 ἑαυτῆς
2998 1532 3096 1588 ο⁰ία
3148 1535 3208 1588 τὲ
3263 1543 3405 1589 εστιν
3446 1537 3481 1604 ἡ
3529 1533 3793 1610 θεοφιλής

2142 1623 2322 1702 ψυχή.
2359 1622 2458 1678 Καὶ
2495 1623 2676 1679 τοίνυν
2712 1621 2808 1678 δύο
2847 1621 3142 1680 πολιτειῶν
3169 1629 3248 1697 τῷ
3281 1624 3385 1700 βίῳ
3420 1629 3528 1678 τῶν
3581 1626 3791 1701 ἀνθρώ-

2141 1733 2258 1767 πων
2301 1712 2504 1782 οὐσῶν,
2550 1717 2677 1786 μιᾶς
2729 1715 2822 1786 μὶν
2872 1713 2964 1768 καὶ
3017 1711 3382 1788 μετριωτέρας
3411 1720 3512 1783 τῆς
3545 1713 3596 1768 ἐν
3635 1715 3789 1789 γάμῳ

2075 1833 2120 1898 Β
2151 1799 2451 1878 διαγωγῆς,
2511 1803 2694 1878 ἑτέρας
2754 1801 2812 1858 δὲ
2865 1805 2964 1898 τῆς
3016 1803 3383 1898 ὑπερκοσμίου
3430 1805 3522 1860 καὶ
3571 1804 3790 1898 ἀγγελι-

2150 1897 2276 1964 κῆς,
2305 1897 2404 1960 τῆς
2457 1889 2745 1970 θεοφιλοῦς
2789 1889 3005 1962 δηλαδή
3051 1891 3372 2002 παρθενίας·
3411 1900 3513 1962 τῆς
3563 1891 3789 2002 μογαδι-

2191 1986 2251 2002 ~,
2303 1977 2328 2002 β
2375 1979 2395 2002 Ἴ
2452 1979 2506 2002 9‘
2621 1980 2635 2000 \
2757 1984 2782 2002 Λ
2859 1988 2886 1999 ιι-
2973 1984 3002 2002 r.
3053 1983 3065 2002 Ι
3535 1985 3551 2001 η

2149 1986 2252 2051 κῆς
2300 1977 2516 2052 δηλαδὴ
2547 1980 2637 2037 καὶ
2685 1984 2920 2058 καθαρᾶς
2972 1983 3252 2058 βιώσεως·
3289 1979 3336 2039 εἳ
3364 2005 3448 2045 τις
3495 1985 3592 2040 τὸν
3641 1979 3786 2040 ἕννυσ-

2155 2092 2254 2144 μον
2284 2070 2375 2126 καὶ
2405 2071 2670 2145 ἀμίαντον
2699 2068 2886 2128 ἕλοιτο
2917 2075 3118 2148 γάμον,
3154 2073 3414 2148 μέμψεως
3447 2074 3544 2148 μὲν
3578 2071 3785 2150 πόρῥω,

2151 2159 2296 2230 πλὴν
2355 2161 2598 2230 ἡττόνων
2657 2161 3016 2240 χαρισμάτων
3063 2161 3330 2238 ἐπιτυχὴς
3378 2162 3626 2239 γίνεται·
3680 2185 3780 2219 σω·

2151 2251 2365 2327 φρόνως
2412 2251 2515 2326 γὰρ
2565 2251 2654 2306 καὶ
2703 2253 2861 2315 οὗτος
2915 2253 3068 2326 βιοῦν
3120 2252 3354 2328 λέγεται,
3403 2255 3493 2310 καὶ
3549 2251 3602 2309 ἓν
3648 2255 3790 2327 τριά-

2153 2360 2314 2394 νοντα
2362 2341 2455 2396 τὸν
2492 2344 2590 2411 τῆς
2639 2341 2836 2416 ἀρετῆς
2887 2347 3226 2419 καρποφορεῖ
3295 2344 3536 2423 ἄσταχυν
3567 2365 3579 2379 ·
3635 2343 3787 2418 μόλις

2154 2430 2258 2504 γὰρ
2315 2428 2366 2484 ἐν
2427 2431 2691 2501 ἓξήκαντα
2724 2451 2738 2464 ο
2798 2433 2844 2504 ᾧ
2905 2429 2962 2486 δὲ
3030 2431 3265 2505 μετιέναι
3324 2432 3641 2512 ἀκραιφνῶς
3697 2436 3788 2503 τήν

2153 2517 2450 2596 ἀγγελικὴν
2495 2521 2642 2590 ζωὴν
2681 2519 2914 2596 γένοιτο,
2968 2520 3014 2575 εἰ
3061 2521 3152 2576 καὶ
3197 2520 3430 2597 τραχεῖά
3470 2543 3555 2584 τις
3585 2524 3675 2578 καὶ
3704 2524 3790 2578 ἆν-

2157 2608 2339 2681 ἀντης,
2400 2606 2586 2685 ῥᾴδιόν
2645 2631 2707 2685 γε
2762 2607 2908 2666 ἔσται
2957 2611 3047 2666 καὶ
3108 2609 3158 2665 ἐν
3217 2612 3477 2682 ἑξήκοντα
3527 2632 3788 2692 καρποφο-

2159 2705 2320 2773 ρῆσαι
2351 2699 2438 2754 καὶ
2491 2699 2703 2770 ἑκατὸν,
2755 2697 2812 2754 εὖ
2871 2697 3022 2774 μάλα
3065 2703 3166 2766 τῆς
3213 2699 3563 2771 τελειότητος
3617 2701 3785 2757 εὐστο·

2160 2789 2416 2862 γήσαντι.
2491 2789 2902 2865 Συγγροὶμματα
2959 2787 3017 2844 δὲ
3075 2791 3260 2854 αὐτοῖς
3335 2791 3470 2846 εἶναι
3545 2791 3782 2847 παλαιῶν

2159 2847 2370 2953 ἀνδρῶν
2415 2847 2676 2954 “vagum:
2705 2847 2948 2954 ἀρχηγοὶ
2993 2885 3094 2948 τῆς
3145 2879 3321 2934 αὐτῶν
3371 2877 3527 2950 δόξης
3571 2883 3784 2958 γενόμεο

2157 2988 2263 3037 νοι,
2294 2965 2479 3022 πολλά
2521 2972 2764 3042 μνημεῖα
2807 2974 2905 3038 τῆς
2953 2968 3081 3044 παρ’
3127 2968 3312 3031 αὐτοῖς
3364 2966 3780 3046 ἀλληγορουμέ-

2159 3079 2254 3129 νης
2289 3055 2432 3119 ἷδέας
2475 3056 2777 3113 ἀπέλιπον·
2819 3059 2905 3120 οἷς
2958 3059 3047 3114 οἴά
3093 3080 3230 3115 τισιν
3278 3058 3614 3135 ἀρχετύποις
3639 3062 3784 3136 χρώ-

2163 3167 2340 3220 μενοι,
2396 3148 2487 3202 τὸν
2542 3142 2744 3222 τρόπον
2805 3151 3120 3221 μιμοῦνται.
3182 3146 3392 3222 Οῗομαι
3458 3147 3506 3204 δ’
3559 3151 3686 3206 εἶναι
3727 3149 3786 3204 τὶ

2159 3238 2276 3291 θεῖα
2328 3241 2436 3291 τῶν
2491 3235 2811 3292 ἀποστόλων
2869 3237 3202 3314 Εὐαγγὲλια,
3257 3239 3347 3292 καὶ
3417 3239 3511 3302 τάς
3581 3239 3785 3296 Παύλου

2159 3325 2448 3391 ἐπιστολὰς
2505 3326 2794 3402 ἑρμηνείαν
2871 3331 3094 3406 γραφῶν
3168 3327 3548 3406 παλαιοτέρων
3607 3329 3786 3434 (biei-

2201 3417 2214 3433 κ
2291 3414 2315 3434 θ
2462 3417 2476 3434 ι
2684 3416 2752 3434 η,
2850 3417 2862 3434 .
3005 3415 3048 3434 ..κ
3099 3419 3124 3434 ,ι
3275 3422 3300 3433 ..
3536 3421 3550 3434 ι
3663 3420 3678 3434 .
3761 3419 3772 3434 ς

2159 3417 2255 3478 κὸς
2287 3414 2638 3492 διηγούμενα.
2682 3416 2758 3474 Οὐ
2794 3417 2966 3489 μόνον⁴
3001 3415 3059 3472 δὲ
3098 3419 3383 3492 θεωροῦσι,
3417 3421 3609 3499 φησὶν,
3653 3417 3784 3474 ἀλλὰ

2160 3505 2251 3562 καὶ
2302 3505 2510 3579 ὕμνους
2566 3505 2716 3570 νέους
2771 3512 3043 3576 ποιοῦσιν,
3102 3509 3316 3582 ἄσματα
3371 3511 3464 3564 καὶ
3523 3507 3664 3583 ᾠδάς
3715 3507 3782 3570 εἷς

2163 3598 2291 3652 Θεὸν
2334 3595 2423 3652 δια
2465 3597 2736 3653 παντοίων
2791 3597 3001 3673 μέτρων
3053 3599 3144 3654 καὶ
3194 3600 3418 3674 ῥυθμῶν
3465 3601 3785 3674 σεμνοτέρων

2167 3689 2550 3763 χαράσσοντες.
2604 3687 2665 3743 Εἰ
2719 3686 2777 3743 δὲ
2821 3709 2901 3760 τῳ
2951 3686 3090 3762 δόξει
3143 3689 3221 3763 μή
3265 3688 3356 3744 τὸν
3404 3688 3634 3746 Φίλωνα
3675 3690 3782 3762 περὶ

2163 3784 2262 3848 τῆς
2302 3778 2436 3833 κατὰ
2482 3779 2544 3833 τὸ
2595 3776 2934 3855 Εὐαγγέλιον
2992 3776 3280 3843 πολιτείας
3332 3784 3500 3836 ταῦτα
3558 3779 3784 3852 διεξιέναι

2165 3866 2454 3943 ἁρμόττειν
2510 3865 2567 3922 δὲ
2624 3870 2713 3923 καί
2776 3866 2974 3930 ἄλλοις
3027 3865 3323 3924 δύνασθαι·
3375 3869 3528 3926 ἀλλά
3581 3891 3644 3946 γε
3689 3871 3783 3944 μὴν

2166 3957 2397 4013 πειθέτω
2452 3958 2862 4032 ἀναμφήριστον
2915 3959 3068 4028 εἶναι,
3111 3960 3185 4022 ὡς
3216 3961 3314 4030 τήν
3365 3961 3528 4033 ἡμῶν
3579 3958 3784 4038 διαγράο

2167 4067 2320 4126 φεται
2372 4046 2689 4103 πολιτείαν’
2741 4048 2815 4110 ὡς
2860 4048 2950 4103 καὶ
2995 4046 3046 4110 ἐς
3098 4046 3255 4123 δεῦρο
3306 4051 3383 4122 μὴ
3435 4051 3562 4125 παρ’
3612 4047 3783 4111 ἄλλοις

2167 4136 2314 4192 ἀλλά
2362 4137 2488 4212 παρ’
2541 4139 2702 4208 ἡμῶν
2761 4135 2950 4210 μόνοις
3007 4136 3200 4193 τούσδε
3256 4138 3384 4202 τοὺς
3437 4140 3656 4202 κανόνας
3707 4139 3783 4194 καὶ

2168 4225 2294 4290 τοὺς
2353 4227 2585 4300 τρόπους
2639 4233 2740 4296 τῆς
2796 4224 3077 4290 πολιτείας
3145 4225 3542 4303 διατηρεῖσθαι,
3597 4233 3688 4291 τας
3736 4249 3784 4282 τε

2171 4316 2258 4372 ἐπὶ
2315 4317 2506 4372 ταυτὸν
2565 4314 2844 4383 συνόδους,
2902 4317 2992 4371 καὶ
3034 4318 3129 4381 τας
3197 4315 3305 4390 ἰδία
3357 4319 3451 4390 μὲν
3509 4325 3782 4392 γυναικῶν,

2172 4403 2280 4476 ἰδίᾳ
2313 4403 2370 4460 δὲ
2416 4403 2626 4480 ἀνδρῶν
2674 4401 2992 4480 διατριϐάς·
3044 4406 3134 4461 καὶ
3181 4406 3275 4467 τὰς
3319 4405 3370 4476 ἐξ
3419 4405 3574 4470 ἔθους
3625 4409 3780 4476 ἀσκή-

2330 4491 2354 4511 ’θ
2484 4499 2508 4510 υ
2702 4497 2714 4511 I
2763 4497 2776 4511 ο
2839 4501 2863 4511 υ
2992 4497 3002 4511 Ι
3246 4497 3265 4511 \
3403 4500 3413 4511 ι
3609 4495 3634 4511 Ἀ
3766 4494 3778 4511 1

2169 4517 2278 4558 σεις
2328 4491 2405 4550 ἔτι
2449 4499 2540 4550 νῦν
2589 4497 2714 4572 παρ’
2753 4497 2888 4570 ἡμῖν
2935 4497 3120 4569 μόνοις
3184 4497 3551 4571 τελουμένας
3606 4495 3664 4560 ἃς
3704 4494 3778 4551 καὶ

411 4560 611 4615 menta
671 4559 866 4620 divina
922 4567 1318 4638 apostolorum
1390 4559 1719 4654 Evangelia,
1777 4589 1835 4641 et
1891 4586 2048 4644 Pauli

2165 4582 2380 4658 μᾶλλον
2431 4584 2667 4656 ἀσιτίας,
2697 4587 2784 4640 καὶ
2835 4583 3070 4657 δεήσεις,
3119 4587 3208 4640 καὶ
3256 4588 3382 4663 περὶ
3427 4586 3492 4643 τά
3539 4589 3653 4642 θεῖα
3692 4583 3779 4640 λό-

411 4645 696 4718 Epistolas
728 4667 859 4710 esse
899 4659 1058 4726 puto.
1111 4645 1640 4733 interpretationem
1683 4645 2052 4746 antiquarum

410 4735 845 4811 Scripturarum
877 4749 1093 4804 rectam
1143 4751 1520 4814 continentes.
1560 4759 1682 4818 Non
1735 4762 1924 4820 solum
1957 4783 2056 4822 au-

410 4829 552 4898 tem,
583 4828 792 4902 inquit,
807 4837 1520 4916 contemplationivacant,
1544 4851 1643 4906 sed
1677 4869 1854 4911 novos
1875 4854 2048 4912 etiam

409 4915 680 4991 hymnos,
712 4923 990 4998 carmina,
1021 4931 1078 4983 et
1106 4927 1306 4989 laudes
1345 4933 1406 4991 in
1438 4936 1622 4995 Deum
1655 4943 1813 5000 omni
1843 4959 2054 5016 genere

410 5007 740 5078 graviorum
789 5029 1167 5075 numerorum
1227 5026 1398 5094 atque
1441 5027 1846 5101 rhythmorum
1891 5049 2050 5092 com-

411 5103 662 5168 ponunt.
693 5100 998 5164 Videbitur
1025 5108 1270 5168 fortasse
1295 5100 1571 5189 cuipiam,
1602 5121 1902 5180 Philonem
1937 5141 2051 5183 non

410 5184 534 5242 haec
580 5189 652 5246 de
680 5193 1017 5266 evangelicae
1073 5197 1198 5256 vita)
1237 5184 1520 5264 institutis
1551 5184 1789 5283 dixisse,
1823 5216 1888 5268 ut
1928 5231 2052 5286 quae

413 5274 544 5334 aliis
583 5294 817 5354 quoque
863 5289 1286 5348 accommodari
1317 5300 1536 5366 queant
1567 5314 1579 5354 :
1613 5301 1715 5356 sed
1747 5297 1795 5357 is
1835 5307 2051 5361 certum

410 5365 924 5446 indubitatumque
936 5393 1064 5435 esse
1083 5377 1193 5434 sibi
1207 5365 1576 5457 persuadeat,
1595 5393 1854 5449 nostram
1876 5392 2054 5464 illum

413 5457 748 5526 depinxisse
779 5463 1528 5532 vivendiconsuetudinem.
1554 5476 1698 5535 Cum
1732 5481 1804 5538 ad
1837 5457 2058 5540 hodier-

415 5561 552 5601 num
578 5565 763 5621 usque
792 5555 948 5612 diem
999 5575 1114 5614 non
1156 5562 1310 5632 apud
1341 5564 1486 5621 alios
1528 5584 1704 5639 quam
1765 5572 1920 5642 apud
1955 5589 2058 5628 no—

343 5624 348 5632 ’
415 5639 568 5696 atros
618 5639 882 5706 homines
954 5651 1182 5722 regulas
1254 5655 1399 5713 tales
1465 5660 1810 5734 vivendique
1870 5679 2060 5722 mores

2165 4695 2258 4749 για
2289 4673 2502 4749 σχολὴν
2537 4673 2590 4729 ἐν
2619 4674 2961 4738 ὁλονυκτίοις
2995 4681 3352 4752 προσευχαῖς,
3383 4678 3539 4777 ,κατά
3567 4681 3660 4777 τήν
3677 4677 3778 4777 ,τοῦ

2167 4763 2444 4837 σωτηρίου
2494 4761 2696 4826 πάθους
2743 4763 2934 4837 ἑορτὴν
2985 4763 3076 4818 καὶ
3107 4763 3211 4840 πρό
3248 4785 3309 4840 γε
3339 4763 3515 4820 αὐτῶν
3564 4763 3774 4820 ἐκτελεῖν

2161 4850 2454 4925 εἰώθαμεν.
2517 4853 2601 4907 Ἐν
2661 4855 2744 4914 οἷς
2801 4857 3150 4928 προσιστορεῖ
3208 4853 3236 4908 ὁ
3293 4850 3567 4924 δηλωθεὶς
3631 4849 3776 4956 σοφὸς

2156 4942 2284 5004 τούς
2311 4963 2370 4997 τε
2422 4941 2676 5017 λέγεσθαι
2727 4941 2985 5006 εἷωθότας
3036 4943 3164 5018 παρ’
3209 4945 3372 5018 ἡμῶν
3419 4943 3657 5018 ὕμνους·
3699 4941 3775 4994 καὶ

2165 5032 2239 5096 ὼς
2269 5032 2381 5094 ἑνὸς
2435 5031 2573 5106 μετά
2620 5031 2828 5109 ῥυθμοῦ
2875 5031 3118 5106 κοσμίως
3163 5030 3570 5107 ἐπιψάλλοντος
3599 5034 3648 5088 οἱ
3678 5029 3774 5086 λοι·

2157 5122 2249 5176 ποὶ
2279 5122 2398 5176 καθ’
2449 5120 2684 5197 ἡσυχίαν
2735 5119 3074 5196 ἀκροώμενοι
3119 5127 3226 5178 τῶν
3273 5121 3462 5195 ὕμνων
3491 5124 3558 5179 τὰ
3594 5123 3776 5225 ἀκροτι·

2162 5209 2352 5266 λεύτια
2382 5211 2737 5287 συνεξηχοῦσι
2765 5230 2779 5244 ·
2811 5213 2899 5267 καὶ
2935 5213 3010 5276 ὡς
3049 5213 3166 5268 κατ’
3214 5211 3374 5268 αὐτόν
3405 5214 3456 5288 γ’
3487 5213 3676 5269 ἐκεῖνον
3697 5209 3773 5312 τὸν

2160 5301 2368 5374 καιρὸν,
2425 5299 2516 5356 ἐπὶ
2574 5297 2841 5356 στιϐάδων
2901 5305 3318 5381 χαμευνοῦντες,
3379 5299 3528 5358 οἴνου
3591 5302 3675 5376 μὲν
3721 5316 3772 5404 το

2160 5391 2436 5465 παράπαν,
2480 5391 2556 5453 ὡς
2603 5390 2764 5454 αὐτὸς
2815 5390 3002 5454 αὐτοῖς
3053 5393 3294 5466 ῥήμασιν
3339 5391 3770 5494 ἐπέγραψενιρυ·

2163 5479 2220 5536 δὲ
2249 5480 2608 5557 ἀπογεύονται
2634 5499 2646 5513 ⁸
2681 5479 2810 5536 ἀλλ’
2851 5479 2973 5537 οὐδὲ
3003 5485 3110 5537 τῶν
3144 5480 3376 5556 ἐναίμων
3416 5481 3567 5545 τινός
3589 5501 3605 5515 ·
3647 5479 3768 5582 ὕδωρ

2171 5569 2213 5582 ,η
2343 5571 2353 5582 .
2499 5565 2522 5582 ,ι
2736 5570 2749 5582 .
2824 5577 2846 5582 _
3046 5571 3057 5582 .
3239 5571 3252 5582 .
3465 5571 3504 5582 ..

2168 5569 2226 5625 δὲ
2285 5571 2453 5643 μόνον
2496 5565 2640 5626 ἔστιν
2692 5570 2874 5632 αὐτοῖς
2925 5571 3116 5626 ποτόν⁶
3167 5571 3255 5627 καὶ
3309 5571 3634 5648 προσέψημα
3675 5586 3754 5640 μετ

2164 5660 2332 5738 ἄρτου
2381 5657 2507 5725 ἅλες
2557 5660 2645 5716 καὶ
2697 5660 2970 5721 ὕσσωπον.
3021 5661 3144 5719 Ἐπὶ
3197 5662 3414 5724 τούτοις
3466 5662 3554 5719 τὸν
3605 5657 3770 5734 τρόπον
