4016 6206
1081 211 1096 234 ι

200 323 312 386 797

1209 331 1821 396 ECCLESIASTICIE
1863 331 2254 396 HISTORLE
2293 333 2440 393 LIB.
2487 331 2568 393 II.

3486 325 3606 384 798

201 461 388 540 γράφει
434 468 536 531 τῆς
584 461 934 538 προστασίας,
984 467 1091 518 τῶν
1149 461 1243 527 τὰς
1300 465 1624 538 Ἐκκλησίας
1679 467 1834 546 ἐγκε-

1951 467 2282 527 conservari
2331 469 2688 539 compertum
2739 465 2851 522 sit:
2904 465 3228 520 conventus
3285 461 3504 517 scilicet
3543 462 3602 516 in

203 552 600 626 χειρισμένωνο
635 553 730 614 τάς
787 573 845 608 τε
904 551 1079 616 ἄλλοις
1135 551 1429 624 διακονίας,
1459 555 1550 610 καὶ
1606 559 1700 619 τάς
1753 557 1839 616 ἐπὶ

199 647 354 696 πᾶσιν
410 641 671 700 ἀνωτάτω
719 650 822 713 τῆς
879 643 1183 714 ἐπισκοπῆς
1240 643 1554 720 προεδρίας.
1615 650 1734 701 Ὅτι
1782 669 1843 724 γε

203 732 302 805 μὴν
352 733 476 807 περί
523 737 634 788 τῶν
686 732 920 808 πρώτων
965 733 1218 806 κηρύκων
1271 741 1373 804 τῆς
1423 731 1720 806 εὗσεϐείας,
1746 739 1837 793 καὶ

200 824 298 875 τῶν
359 823 484 895 παρ’
542 819 769 883 ἐκείνοις
827 821 1066 898 ἀρχῆθεν
1124 819 1574 897 παραδεδομένων
1621 823 1776 895 ἐθῶν,
1813 827 1842 880 6

200 907 383 964 Φίλων
425 914 576 965 ταῦτ’
605 904 632 943 1'
915 907 974 927 ”“
1021 909 1054 966 λ
1092 933 1104 950 κ
1143 931 1156 944 ·
1241 909 1266 930 ’⁸
1479 935 1497 946 ⁸
1537 915 1550 934 ³
1619 937 1626 944 ε
1781 919 1806 930 ⁸

604 930 853 988 εγραφεν,
884 929 1014 980 ευοη
1060 932 1116 966 οι
1211 932 1255 966 ει
1301 933 1382 986 τῳ
1433 934 1530 985 μετ
1579 909 1840 989 ὰιριϐους

200 997 510 1061 ἐπιστασίας
552 1001 652 1071 τὴν
711 996 1049 1072 δηλωθεῖσαν
1105 999 1348 1078 ἱστορίαν
1395 1001 1622 1080 τάνδρὸς
1671 1003 1840 1060 ἐπελ-

200 1090 302 1143 θεῖν
335 1089 574 1164 γένοιτο.

1953 574 2158 626 unum,
2181 561 2240 614 et
2261 556 2502 614 seorsim
2527 555 2762 629 quidem
2795 552 3132 613 mulierum,
3157 551 3395 608 seorsim
3430 549 3600 606 etiam

1950 647 2210 704 virorum
2235 647 2630 718 frequentatae
2661 642 3158 710 conversationes,
3207 640 3496 710 solitaque
3551 642 3608 693 et

1951 741 2103 795 stata
2131 738 2426 805 exercitia,
2458 753 2582 808 quae
2634 735 2808 792 etiam
2859 751 3018 790 nunc
3071 749 3178 788 nos
3211 733 3340 802 soli,
3374 735 3430 786 et
3471 746 3602 784 ma-

1949 826 2104 884 xime
2150 844 2266 884 una
2323 843 2454 884 cum
2503 825 2697 882 inedia
2759 823 2990 896 cibique
3047 820 3417 886 abstinentia,
3470 835 3602 874 cum

1951 917 2244 990 precibus,
2303 921 2360 973 et
2416 932 2546 972 cum
2579 914 2911 971 divinorum
2961 909 3328 968 oraculorum
3361 908 3608 964 medita-

1950 1009 2128 1074 tione,
2159 1010 2214 1063 el
2241 1005 2562 1079 pervigiliis
2591 1009 2648 1062 et
2685 1002 3071 1068 orationibus,
3121 999 3426 1056 salutiferae
3459 997 3602 1052 Pas-

1948 1096 2128 1153 sionis
2155 1096 2336 1164 feriis,
2371 1099 2548 1167 atque
2581 1093 2756 1152 etiam
2807 1095 2939 1147 ante
2983 1107 3080 1146 eas
3111 1089 3282 1144 ferias
3312 1087 3604 1144 celebrare

197 1179 618 1237 consuevimus.
643 1180 1085 1252 Additinsuper
1117 1181 1278 1238 Philo
1309 1186 1366 1240 et
1397 1183 1579 1240 illud:
1629 1183 1824 1241 Solere
1875 1186 2032 1258 apud
2083 1203 2190 1242 nos
2245 1187 2329 1242 ita
2376 1185 2600 1241 cantari
2649 1183 2918 1254 hymnos,
2971 1184 3034 1236 ut
3080 1193 3214 1234 cum
3249 1194 3402 1232 unus
3431 1175 3601 1231 certis

196 1271 540 1327 conservatis
588 1271 871 1341 numeris,
940 1271 1048 1327 rite
1112 1275 1284 1342 atque
1331 1274 1602 1329 decenter
1651 1278 1883 1346 present,
1935 1275 2144 1348 reliqui
2193 1277 2363 1333 tacite
2407 1275 2571 1331 illum
2624 1274 2950 1340 audientes,
2984 1271 3333 1342 hymnorum
3367 1267 3600 1322 tandem

193 1363 474 1416 extremas
532 1367 722 1430 partes
777 1360 1109 1418 concinant.
1174 1362 1456 1418 Praeterea
1499 1365 1860 1436 temporibus
1935 1365 2060 1421 suis
2109 1365 2240 1422 illos
2290 1366 2449 1422 humi
2513 1365 2572 1420 in
2633 1363 2904 1420 stibadiis
2964 1361 3216 1432 lorisque
3263 1355 3605 1412 strumineis

184 1449 368 1519 jacere
397 1447 626 1517 solitos,
656 1449 856 1506 vinum
891 1467 1152 1523 prorsus,
1185 1455 1248 1507 ut
1279 1452 1472 1524 ipsius
1522 1452 1712 1508 verbis
1756 1457 1906 1522 utar,
1941 1471 2055 1511 non
2105 1461 2396 1527 gustasse,
2433 1471 2620 1527 neque
2653 1453 2971 1526 quidquam
3009 1447 3314 1520 sanguinei
3345 1443 3602 1516 attigisse

191 1536 372 1594 reteri.
404 1539 612 1593 Polum
654 1538 867 1610 quippe
896 1537 1013 1594 illis
1047 1539 1226 1595 fuisse
1255 1556 1467 1612 aquam
1524 1545 1778 1610 tantum,
1837 1542 2028 1599 cibum
2080 1549 2276 1600 autem
2310 1560 2444 1600 cum
2495 1560 2643 1616 pane
2673 1542 2852 1598 salem
2889 1545 2948 1594 et
2977 1538 3313 1610 hyssopum.
3349 1534 3433 1588 Ad
3477 1532 3605 1586 haec

191 1641 402 1682 morem
435 1643 660 1698 quoque
709 1626 979 1684 Ecclesiis
1041 1627 1474 1700 praesidentium
1529 1630 1846 1702 praesulum
1897 1631 2212 1688 describit:
2268 1637 2443 1704 atque
2503 1633 2560 1687 in
2615 1631 2709 1701 iis,
2741 1646 2876 1686 cum
2929 1631 3271 1686 casterorum
3307 1620 3602 1678 ministro-

193 1732 308 1772 rum
371 1718 598 1788 munia,
659 1722 781 1774 tum
839 1735 1088 1774 summae
1145 1720 1413 1776 omnium
1471 1720 1824 1793 episcopalis
1882 1722 2183 1794 dignitatis
2234 1722 2680 1779 sublimitatem.
2740 1720 2904 1785 Quod
2959 1733 3094 1775 vero
3147 1715 3266 1770 haec
3323 1711 3484 1767 Philo
3534 1711 3606 1765 de

193 1806 388 1874 primis
449 1806 680 1878 pietatis
741 1808 1098 1878 prisconibus
1152 1816 1206 1865 et
1269 1809 1501 1866 traditis
1553 1810 1626 1865 ab
1693 1811 1776 1866 eis
1850 1811 2168 1882 antiquitus
2247 1811 2504 1868 moribus
2557 1810 2874 1882 scripserit,
2943 1807 3080 1866 satis
3146 1805 3194 1862 ei
3253 1816 3600 1876 persuasum

199 1894 380 1965 fuerit,
411 1897 513 1968 qui
544 1897 855 1969 diligenter
881 1901 938 1954 et
965 1903 1250 1965 accurate,
1283 1916 1460 1970 quam
1496 1899 1776 1967 diximus,
1811 1901 2113 1958 historiam
2159 1903 2286 1973 ejus
2317 1902 2422 1957 viri
2456 1901 2646 1974 legere
2677 1899 2938 1957 voluerit.

815 2009 1068 2060 ΚΕΦΔΛ.
1110 2008 1210 2062 lZ'.

198 2094 346 2169 Περὶ
393 2099 522 2150 τῶν
573 2095 1110 2169 συγγραμμάτων
1158 2098 1282 2169 τοῦ
1333 2093 1683 2157 Φίλωνος·
1728 2094 1836 2150 καὶ

635 2117 821 2169 ιγγρα
891 2117 1110 2167 ματων
1158 2117 1282 2150 του
1333 2117 1380 2151 ιιι

635 2169 776 2227 οἷος
822 2117 901 2236 ἵν
945 2165 1056 2221 τὸν
1107 2167 1380 2240 τρόπον.

259 2257 318 2314 Ὁ
348 2253 410 2310 δέ
442 2255 631 2311 Φίλων
665 2254 840 2320 πολύς
867 2255 980 2312 ἐστι
1009 2260 1088 2328 τῷ
1117 2255 1268 2333 λόγῳ
1315 2257 1403 2313 καὶ
1453 2256 1662 2321 πλατὺς
1703 2257 1838 2333 ῥέων

188 2350 298 2406 ταῖς
338 2343 642 2407 διανοίαις·
677 2345 951 2421 μετέωρος
1002 2343 1058 2402 δέ
1103 2367 1187 2408 τις
1237 2347 1327 2402 καὶ
1379 2345 1594 2420 ὑψηλὸς
1632 2347 1684 2402 ἐν
1715 2351 1834 2410 ταῖς

189 2440 282 2502 τῆς
327 2436 478 2496 θείας
532 2437 745 2512 Γραφῆς
793 2435 1073 2511 θεωρίαις,
1106 2435 1368 2507 ποικίλην
1417 2442 1538 2492 τινα
1595 2435 1684 2491 καὶ
1733 2458 1835 2492 πο-

187 2521 460 2598 λύτροπον
489 2528 596 2578 τῶν
657 2525 817 2600 ἱερῶν
853 2525 1047 2600 Λόγων
1093 2523 1424 2599 ποιούμενος
1470 2528 1570 2596 τὴν
1625 2527 1838 2604 ὑφήγη-

186 2633 264 2666 σιν
287 2633 301 2646 ·
332 2613 430 2668 καί
479 2610 714 2668 δείκνυσι
759 2617 926 2669 τοῦτο
989 2613 1084 2688 μὲν
1135 2615 1188 2670 ἐν
1229 2623 1352 2678 ταῖς
1384 2615 1461 2678 εἰς
1493 2616 1593 2684 τὴν
1630 2617 1836 2671 Γένεσιν

184 2701 584 2776 πραγματείαις
625 2701 813 2769 αὐτοῦ,
844 2702 905 2765 ἃς
958 2704 1184 2778 Ἱερῶν
1231 2703 1455 2777 νόμων
1509 2701 1842 2779 Ἀλληγο-

184 2791 324 2862 ρίας
372 2791 645 2868 ἐπέγραψε
685 2797 850 2847 τοῦτο
895 2789 953 2847 δὲ
999 2793 1090 2848 καὶ
1143 2792 1197 2848 ἐν
1248 2795 1334 2858 οἷς
1382 2791 1674 2856 διαστολὰς
1709 2778 1836 2850 ’τῶν

183 2878 232 2934 ἐν
278 2886 400 2944 ταῖς
453 2886 693 2958 Γραφαῖς
747 2881 1100 2956 ζητουμένων
1153 2881 1332 2946 λύσεις
1378 2905 1436 2939 τε
1487 2884 1577 2938 καὶ
1608 2883 1838 2958 ἀπορίας

182 2967 577 3048 ηφαλαιωδὼς
626 2968 852 3045 εἰσάγει.
887 2971 1006 3026 Εἰσὶ
1057 2969 1114 3026 δὲ
1164 2972 1313 3046 αὐτῷ
1347 2973 1434 3028 καὶ
1486 2969 1645 3046 ἕτερα
1686 2971 1840 3038 ἰδίως

182 3058 530 3132 πεποιημένα
565 3057 978 3132 σπουδάσματα.
1009 3061 1085 3116 Τά
1124 3068 1168 3116 [Ι
1185 3062 1284 3138 ερί
1333 3084 1403 3138 γε
1417 3085 1461 3118 ω
1475 3084 1548 3138 ργ
1565 3061 1622 3118 id
1637 3086 1661 3128 ς
1699 3060 1796 3118 δύο
1819 3080 1832 3094 ·

180 3150 266 3204 καὶ
310 3152 381 3205 si
443 3149 592 3222 Περὶ
646 3151 852 3222 μέθης
898 3155 1170 3207 τοσαῦτα·
1220 3150 1310 3207 καί
1359 3150 1508 3207 ἄλλα
1555 3149 1831 3230 διαφόρων

179 3237 492 3316 ἐπιγραφῶν
537 3238 851 3313 ἠξιωμέναί
885 3241 1027 3309 οἷον,
1081 3245 1138 3296 '0
1188 3242 1344 3315 Περὶ
1393 3243 1478 3296 ὡν
1547 3244 1758 3316 νήψας
1808 3243 1837 3298 6

174 3332 345 3398 νοῦς,
379 3325 661 3403 εὔχεται
691 3329 799 3384 καί
830 3334 1222 3404 καταρᾶται·
1257 3329 1289 3385 ὅ
1317 3351 1375 3386 τε
1405 3333 1560 3404 Περί
1593 3333 1830 3406 συγχό-

176 3437 334 3478 σεως
363 3421 500 3472 τῶν
535 3413 935 3472 διαλέκτων·
968 3418 1058 3473 καὶ
1089 3419 1118 3473 ὁ
1152 3419 1306 3492 Περὶ
1338 3426 1553 3496 φυγῆς
1583 3421 1691 3476 καὶ
1734 3421 1826 3475 αἱ·

174 3503 455 3580 ρέσεως·
487 3504 568 3562 ἔτι
593 3528 654 3562 τε
683 3507 713 3561 6
748 3507 900 3582 Περὶ
930 3506 1183 3584 φύσεως
1217 3508 1322 3564 οιαὶ
1353 3509 1710 3585 εὑρέσεως·
1739 3510 1829 3565 καὶ

177 3598 394 3672 ὀΠερί
441 3603 566 3666 τῆς
606 3596 872 3671 περὶτά
910 3595 1334 3672 παιδεύματα
1381 3597 1692 3655 συνόδου·
1740 3601 1830 3656 καὶ

173 3684 348 3752 ἄλλος
380 3687 542 3760 αὖτῷ
573 3687 896 3759 πεπόνηται,
927 3688 1037 3752 Τίς
1069 3689 1098 3744 6
1127 3694 1256 3745 τῶν
1289 3689 1478 3746 θείων
1508 3687 1647 3745 ἐστὶ
1677 3689 1833 3760 κλη-

172 3779 501 3851 ρονόμος,
535 3777 571 3847 ἢ
601 3779 852 3854 περὶτῆς
884 3778 961 3844 είς
985 3779 1055 3834 τὰ
1093 3775 1183 3834 ἴσα
1229 3779 1318 3835 καὶ
1361 3777 1572 3835 ἐναντια
1616 3787 1794 3852 τομῆς
1816 3800 1829 3813 ·

169 3867 258 3923 καί
290 3870 318 3923 ὁ
356 3868 516 3940 Περὶ
561 3873 682 3923 τῶν
729 3872 932 3945 τριῶν
971 3871 1264 3942 ἀρετῶν·
1295 3869 1385 3926 καὶ
1415 3869 1587 3932 ἄλλος
1617 3871 1645 3925 ὁ
1673 3875 1804 3925 Τῶν

173 3959 863 4032 μετονομαζομένων,
895 3957 984 4015 καὶ
1017 3961 1090 4016 ὧν
1135 3957 1292 4016 ἕνεκα
1333 3959 1791 4034 μετονομάζονται
1815 3976 1830 3990 ⁵

169 4045 224 4102 ἐν
251 4049 300 4122 ᾦ
332 4049 430 4104 καὶ
482 4047 637 4121 Περὶ
682 4049 1031 4118 Διαθηκῶν
1074 4048 1222 4125 λέγει
1255 4051 1633 4124 συντεταχέναι
1681 4054 1835 4124 πρῶ-

167 4158 255 4192 τον
285 4137 382 4192 καὶ
417 4133 710 4212 δεύτερον·
744 4135 834 4192 καὶ
881 4138 1040 4211 Περί
1105 4137 1431 4202 ἀποικίας
1463 4137 1519 4194 δὲ
1547 4139 1700 4212 αὐτῷ
1728 4140 1835 4194 καὶ

171 4226 319 4298 βίου
373 4225 594 4304 σοφοῦ
637 4221 822 4300 ἕτερος
872 4225 1214 4298 ἐσπουδάσθη
1271 4226 1474 4300 λόγος·
1525 4227 1615 4282 καὶ
1670 4229 1832 4302 Περὶ

167 4316 524 4392 γιγάντων
557 4311 762 4376 ἄλλος·
817 4314 974 4391 Περί
1013 4337 1080 4372 τε
1107 4321 1220 4372 τοῦ
1249 4316 1412 4372 κατά
1442 4317 1674 4373 Μωσέα
1707 4319 1838 4372 θεο-

165 4404 536 4476 πέμπτους
568 4403 920 4467 εἶναιτοὺς
953 4404 1260 4480 ὀνείρους
1294 4413 1532 4480 πρῶτος,
1567 4403 1836 4482 δεύτερος,

163 4493 382 4566 τρίτος,
451 4493 738 4565 τέταρτος,
798 4493 1068 4568 πέμπτος.
1129 4497 1227 4551 Καὶ
1283 4501 1392 4551 τῶν
1449 4497 1544 4570 μὲν
1603 4496 1679 4558 εἰς
1738 4500 1835 4567 τὴν

164 4585 381 4640 Γένεσιν
467 4583 550 4646 είς
612 4585 761 4656 ἡμᾶς
829 4581 1098 4642 ἐλθόντων
1146 4591 1381 4642 τοσαῦτα
1416 4606 1428 4619 ·
1487 4587 1565 4648 εἲς
1625 4584 1684 4642 δὲ
1736 4587 1834 4656 τήν

165 4671 403 4744 ’Ἐξοδον
487 4675 832 4745 ζητημάτων
908 4675 998 4730 καὶ
1065 4675 1274 4732 λύσεων
1328 4677 1488 4732 πέντε
1557 4670 1832 4750 ἔγνωμεν·

2455 2008 2492 2065 Ι
2507 2007 2630 2065 60
2657 2007 2895 2064 CAPUT
2925 2004 3105 2061 XVII.

2073 2099 2147 2154 Ile
2175 2097 2426 2155 Philonis
2453 2100 2694 2170 scriptis,
2737 2104 2790 2153 et
2819 2095 2884 2152 de
2914 2093 3157 2151 moribus
3183 2090 3450 2162 ejusdem.

2013 2261 2178 2318 Philo
2210 2277 2382 2332 porro
2412 2259 2538 2332 ipse
2572 2263 2632 2315 et
2678 2258 2868 2316 verbis
2916 2261 3007 2314 est
3043 2255 3334 2328 copiosus,
3377 2260 3431 2309 et
3463 2268 3588 2308 sen-

1941 2353 2144 2409 tentiis
2165 2352 2420 2409 dill‘usus
2461 2368 2476 2407 :
2501 2350 2854 2421 exponendis
2877 2353 3070 2406 autem
3104 2363 3203 2417 per
3232 2360 3505 2402 arcanam
3537 2345 3598 2398 et

1943 2443 2248 2514 mysticam
2279 2441 2816 2514 interpretationem
2849 2437 3062 2496 divinis
3093 2433 3408 2507 Scripturis
3437 2433 3592 2488 altus

1942 2536 2000 2588 et
2058 2531 2352 2600 sublimis,
2412 2530 2776 2603 plurifariam
2845 2542 3148 2585 sacrorum
3225 2523 3592 2581 oraculorum

1943 2625 2142 2677 texens
2169 2619 2619 2677 enarrationem.
2670 2617 2940 2675 Ostendit
2970 2617 3026 2672 id
3079 2614 3286 2686 partim
3330 2615 3391 2668 in
3422 2627 3591 2668 com-

1942 2709 2244 2767 mentariis
2280 2709 2405 2766 suis
2437 2709 2496 2764 in
2524 2707 2810 2778 Gener-im,
2841 2706 3058 2779 quibus
3089 2703 3325 2760 titulum
3357 2700 3599 2765 indidit,

1939 2799 2241 2856 Sacrarum
2290 2799 2469 2871 legum
2519 2799 2826 2868 allegoria,
2888 2795 3096 2867 partim
3144 2793 3203 2849 in
3261 2789 3591 2848 distinctio.

1943 2889 2137 2958 nibus,
2172 2887 2677 2960 ambiguitatibus,
2712 2895 2765 2942 et
2795 2882 3186 2942 solutionibus
3214 2897 3416 2938 earum
3449 2877 3600 2935 Scri-
3639 2897 3644 2900 ·

1941 2984 2272 3051 pturarum,
2304 2994 2430 3050 quae
2461 2977 2522 3032 in
2555 2977 2940 3049 quaestionem
2973 2973 3303 3038 trahuntur,
3337 2985 3600 3026 summa-

1943 3068 2047 3124 tim
2101 3075 2154 3124 et
2208 3084 2310 3139 per
2365 3066 2556 3138 capita
2621 3065 2840 3122 relatis.
2915 3065 3067 3120 Sunt
3137 3064 3416 3134 praeterea
3471 3057 3598 3114 aliae

1941 3174 2175 3230 quoque
2203 3157 2334 3230 ejus
2363 3155 2606 3213 seorsim
2649 3156 2812 3213 edita:
2854 3153 3308 3211 lucubrationes.
3342 3152 3416 3207 Dc
3445 3154 3591 3226 agri;

1939 3249 2162 3304 cultura
2208 3248 2374 3316 dure;
2408 3249 2487 3303 De
2525 3246 2790 3304 ebrietate
2819 3245 3083 3302 totidem.
3117 3241 3250 3298 Alia
3279 3240 3420 3296 item
3451 3239 3598 3294 vari-

1944 3353 2113 3394 orum
2147 3336 2449 3393 titulorum
2497 3335 2746 3408 scripta;
2803 3335 2971 3406 quale
3001 3337 3111 3404 est,
3163 3333 3306 3402 Quas
3335 3345 3416 3386 res
3445 3344 3597 3384 mens

1939 3428 2129 3485 sobria
2157 3443 2254 3498 per
2289 3429 2604 3484 orationem
2651 3427 2734 3484 vel
2783 3429 3056 3498 precetur,
3104 3423 3184 3480 vel
3231 3423 3596 3493 deprecetur,-

1939 3521 2077 3580 item
2111 3520 2186 3573 De
2227 3517 2553 3586 linguarum
2597 3518 2916 3588 confusione
2945 3533 2968 3580 ;
3001 3517 3074 3569 De
3102 3512 3258 3570 rebus
3287 3509 3600 3582 expetendis

1938 3614 1990 3663 ct
2015 3605 2333 3678 fugiendis;
2369 3608 2444 3662 De
2466 3612 2671 3661 natura
2710 3611 2763 3660 et
2807 3605 3118 3660 inventione
3144 3619 3169 3668 ;
3197 3603 3278 3656 De
3312 3613 3598 3670 congressu

1940 3695 2261 3766 quaerendae
2289 3695 2614 3751 eruditionis
2642 3695 2852 3765 gratia.
2887 3691 3050 3750 Alius
3100 3692 3380 3763 praeterea
3426 3685 3592 3747 liber,

1943 3783 2071 3850 Quis
2098 3782 2169 3836 sit
2211 3798 2397 3838 rerum
2453 3779 2777 3836 divinarum
2825 3779 2994 3835 haeres
3045 3777 3126 3834 vel
3171 3776 3242 3832 de
3271 3791 3338 3832 ea
3368 3789 3496 3846 quae
3525 3773 3594 3826 ﬁt

1941 3874 2001 3928 in
2026 3871 2274 3942 aequalia
2309 3875 2411 3926 aut
2441 3869 2748 3942 inaequalia
2775 3869 3026 3925 sectione
3056 3887 3072 3936 ;
3114 3867 3274 3936 item,
3304 3867 3382 3919 De
3417 3862 3592 3918 tribus

1945 3961 2236 4016 virtutibus
2261 3977 2274 4028 ;
2309 3959 2446 4016 item
2477 3961 2548 4016 De
2577 3961 2648 4016 iis
2679 3975 2908 4030 quorum
2939 3963 3230 4013 mutantur
3257 3952 3501 4020 nomina,
3534 3954 3592 4005 et

1945 4050 2157 4122 quibus
2213 4067 2282 4106 ex
2334 4050 2524 4107 causis
2577 4053 2916 4104 mutantur:
2987 4048 3046 4102 in
3099 4061 3216 4118 quo
3263 4059 3325 4099 se
3363 4057 3593 4112 quoque

1946 4139 2250 4211 scripsisse
2281 4139 2347 4195 de
2397 4140 2746 4195 Testamentis
2795 4132 3047 4208 primum
3087 4139 3145 4192 et
3174 4131 3498 4190 secundum
3526 4129 3598 4184 li-

1947 4230 2115 4285 brum
2151 4234 2411 4286 testatur.
2445 4227 2782 4300 Composuit
2823 4227 3000 4283 etiam
3029 4225 3245 4281 librum
3279 4226 3354 4279 De
3384 4235 3603 4277 secessu

1945 4321 1994 4375 et
2026 4317 2140 4376 vita
2169 4319 2437 4391 sapientis
2455 4339 2476 4386 ,-
2506 4317 2686 4374 alium
2715 4333 2947 4390 quoque
2979 4317 3050 4372 De
3076 4315 3410 4386 gigantibus.
3445 4316 3523 4367 De
3541 4327 3601 4367 co

1947 4408 2106 4480 quod,
2139 4418 2198 4464 ut
2227 4416 2304 4464 est
2324 4408 2470 4480 apud
2491 4409 2956 4475 Mosem,somnia
2987 4405 3247 4460 divinitas
3277 4403 3592 4460 immittun-

1948 4502 2060 4567 tur,
2090 4497 2268 4552 libros
2300 4497 2575 4568 quinque.
2609 4500 2795 4568 Atque
2825 4495 2946 4552 haec
2975 4495 3241 4566 equidem
3273 4498 3431 4560 sunt,
3465 4507 3592 4562 qua:

1947 4584 2008 4642 in
2040 4586 2310 4642 Genesim
2341 4585 2415 4641 ab
2463 4602 2530 4642 eo
2572 4585 2812 4658 scripta,
2838 4586 2910 4641 ad
2952 4603 3058 4640 nos
3090 4583 3495 4656 pervenerunt.
3529 4581 3591 4633 In

1948 4675 2204 4732 Exodum
2237 4691 2368 4730 vero
2400 4674 2792 4747 quasstionum
2830 4674 3310 4742 solutionumque
3335 4668 3596 4739 quinque

163 4762 346 4818 καὶτὸ
385 4763 570 4836 Περὶ
605 4765 726 4827 τῆς
759 4771 1044 4835 σκηνῆς·
1077 4767 1139 4821 τὸ
1171 4766 1336 4838 Περὶ
1376 4769 1506 4822 τῶν
1547 4744 1834 4822 δέκα-λο-

1949 4764 2132 4821 libros
2163 4763 2290 4835 ejus
2313 4744 2442 4820 esse
2467 4763 2847 4836 cognovimus
2873 4781 2887 4818 :
2922 4779 3101 4819 unum
3120 4761 3201 4816 De
3223 4753 3596 4820 tabernaculo,

165 4852 375 4927 γίων·
413 4851 509 4906 καί
548 4852 619 4906 τὰ
649 4853 810 4926 Περὶ
851 4856 975 4908 τῶν
1015 4853 1529 4932 ἀναφερομένων
1568 4853 1630 4910 ἐν
1671 4853 1836 4912 εἷ’δει

162 4941 402 5014 νόμων
441 4938 544 5002 εἷς
573 4938 652 4996 τὰ
689 4941 1116 5000 συντείνοντα
1152 4942 1487 5019 κεφάλαια
1523 4948 1650 4999 τῶν
1685 4941 1838 5000 δέκα

164 5029 416 5108 λόγων,
436 5028 775 5106 α’,β’,γ’,δ’·
799 5031 980 5088 καὶτὸ
1012 5031 1120 5096 Εἷς
1149 5034 1262 5095 τας
1295 5033 1686 5108 ἱερουργίας
1709 5039 1834 5089 τῶν

163 5123 385 5190 ζώων·
426 5119 547 5175 καὶ
574 5119 723 5176 τίνα
754 5118 1049 5193 εἴδητῶν
1083 5125 1347 5182 θυσιῶν.
1383 5122 1482 5178 Καὶ
1520 5121 1677 5196 Περὶ
1707 5127 1834 5180 τῶν

159 5207 650 5285 προκειμένων
703 5208 885 5282 ἐντῷ
936 5212 1120 5286 νόμῳ
1165 5209 1398 5282 ἄθλων,
1443 5211 1554 5266 καί
1603 5210 1835 5266 ἐπιθυ-

160 5303 333 5370 μιῶν
385 5297 504 5352 καί
559 5298 752 5370 ἀρῶν.
788 5297 1027 5374 Εὕρηται
1073 5297 1130 5355 δὲ
1167 5301 1334 5356 αὐτοῦ
1363 5299 1452 5356 καὶ
1488 5295 1792 5373 μονόϐιϐλα
1818 5319 1831 5332 ·

157 5389 278 5442 οἶος
312 5388 344 5442 ὁ
379 5394 426 5443 Π
451 5385 559 5458 ερὶ
592 5387 950 5460 Προνοίας,
983 5389 1011 5443 6
1049 5391 1216 5444 Κατά
1250 5387 1608 5460 Ἰουδαίων,
1639 5388 1747 5443 καὶ
1777 5389 1833 5443 '0

155 5477 468 5538 πολιτός
495 5495 509 5508 ·
546 5471 627 5530 ἔτι
659 5473 716 5532 δὲ
747 5479 804 5532 Ὀ
835 5477 1294 5552 Ἀλέξανδρος,
1327 5479 1361 5548 ἢ
1399 5487 1438 5534 Ι]
1458 5478 1553 5552 ερί
1585 5483 1700 5533 τοῦ
1732 5477 1834 5534 λό-

155 5590 274 5646 γον
307 5567 520 5642 ἔχειν
547 5566 626 5621 τὰ
655 5565 866 5643 ἄλογα
897 5572 1024 5636 ζῶα
1048 5610 1061 5622 .
1087 5569 1220 5642 πρὸς
1241 5569 1455 5632 τούτοις
1479 5569 1507 5624 6
1533 5567 1688 5643 Περὶ
1717 5573 1832 5624 τοῦ

1953 4870 2130 4911 unum
2165 4855 2236 4910 De
2265 4851 2573 4926 Decalogo;
2600 4857 2679 4910 De
2708 4855 2777 4912 iis
2806 4869 2926 4925 quae
2955 4851 3053 4908 sub
3078 4849 3255 4922 specie
3282 4848 3461 4917 legum
3481 4843 3600 4899 tata

1947 4944 2021 5000 ad
2051 4943 2377 5014 Decalogum
2406 4945 2749 5016 referuntur,
2775 4943 2956 4998 libros
2987 4943 3241 5012 quatuor
3269 4951 3286 5004 ;
3317 4938 3394 4991 De
3420 4932 3599 4989 sacri-

1945 5033 2088 5104 ﬁciis
2135 5034 2465 5088 animalium
2510 5041 2560 5090 et
2611 5049 2730 5106 quae
2783 5035 2898 5088 sint
2937 5029 3331 5100 sacriﬁciorum
3370 5035 3593 5094 genera,

1949 5121 2163 5188 librum
2197 5138 2400 5178 unum.
2437 5122 2576 5178 Item
2625 5124 2700 5178 De
2743 5121 3038 5192 propositis
3067 5120 3125 5172 in
3165 5116 3285 5186 lege
3327 5114 3594 5186 praemiis,

1945 5211 2242 5268 honoribus
2269 5214 2477 5267 scilicet
2507 5214 2557 5266 et
2615 5213 2790 5282 poenis
2841 5209 3224 5264 Inveniuntur
3269 5204 3442 5261 etiam
3473 5203 3596 5257 sin-

1944 5303 2173 5374 gulares
2203 5302 2332 5372 ejus
2362 5301 2494 5356 libri
2528 5318 2541 5357 :
2586 5299 2746 5357 πει
2786 5307 2843 5354 ut
2879 5299 2952 5354 De
2995 5296 3364 5364 Providentia,
3398 5293 3603 5348 Contra

1943 5392 2184 5458 Iudaeos,
2223 5393 2294 5446 De
2335 5389 2666 5460 republica;
2713 5387 3048 5453 Alexander,
3078 5388 3189 5441 sive
3233 5385 3308 5439 De
3345 5383 3604 5436 intiman-

1946 5480 2100 5535 tibus
2136 5478 2555 5535 irrationalibus
2599 5478 2868 5534 rationem
2919 5475 3276 5539 habentibus;
3317 5470 3477 5541 item,
3509 5471 3610 5525 Ser

1946 5585 2036 5626 vos
2073 5586 2188 5626 esse
2236 5569 2408 5626 malos
2465 5583 2672 5624 omnes.
2732 5567 2797 5622 Et
2837 5567 2934 5638 qui
2991 5565 3146 5622 hunc
3197 5561 3598 5633 consequitur,
