4016 6206
393 354 509 413 799
1691 353 2113 414 NICEPHOBI
2155 353 2507 419 CALLISTI
3693 345 3809 406 800

394 488 664 544 Omnibus
701 487 882 545 modis
933 485 1322 544 bonos'liberos
1366 503 1495 544 esse.
1531 488 1865 544 Secundum
1925 488 2054 558 hos,

2195 485 2413 542 ῑοῦλον
2456 487 2625 542 εἶναι
2667 486 2878 540 πάντα
2907 483 3193 561 φαῦλον*
3228 485 3274 555 ᾧ
3305 483 3427 555 έξῆς
3459 480 3551 535 καὶ
3583 481 3614 534 ὁ
3649 479 3813 552 Περὶ

398 579 472 634 De
517 579 622 634 vita
679 578 1125 649 contemplatrice
1177 579 1272 648 (1),
1330 595 1422 633 seu
1471 579 1539 634 de
1583 577 1921 650 supplicibus
1968 586 2048 634 est

2195 581 2267 632 οὔ
2299 581 2510 634 πάντα
2541 575 2909 633 σπουδαῖον
2941 577 3110 631 εἶναι
3151 573 3528 648 ἐλεύθερον.
3557 573 3694 630 Μεθ’
3716 571 3812 630 οὓς

399 669 728 740 compositus
759 683 778 722 :
812 667 966 722 unde
995 682 1062 722 ea
1102 665 1522 738 transtulimus,
1554 683 1684 738 quae
1713 667 1784 723 de
1813 673 2044 739 aposto-

2227 669 2385 744 Περί
2437 667 2586 742 βίου
2635 669 3058 742 θεωρητικοῦ
3096 664 3131 734 ἢ
3172 665 3412 720 ἱκετῶν
3451 661 3812 717 συντέτακ-

401 757 476 812 lis
504 761 559 812 et
589 755 796 829 primis
845 754 1304 811 Christianorum
1354 755 1641 812 institutis
1697 761 1754 812 et
1785 757 2045 813 moribus

2199 780 2282 824 αι,
2306 757 2355 828 ἐξ
2389 758 2453 812 οὗ
2482 757 2546 812 τά
2574 777 2631 812 τε
2662 755 2783 831 περὶ
2814 760 2922 812 τῶν
2954 753 3297 823 ἀποστόλων,
3327 754 3417 809 καὶ
3448 754 3518 809 τά
3549 752 3677 825 περὶ
3707 755 3808 818 τῆς

397 864 575 918 supra
605 845 884 900 diximus.
939 845 1354 901 Hebraicorum
1385 861 1616 917 quoque
1648 845 1952 901 nominum
1985 846 2046 902 in

2195 853 2265 902 ὦν
2322 849 2662 922 Χριστιανῶν
2721 843 3004 908 πολιτείας
3062 846 3304 919 ἀρχῆθεν
3370 839 3808 912 διεληλύθαμεν.

397 939 520 1008 lege
551 939 607 990 et
638 934 936 1006 prophetis
981 933 1492 1006 interpretationes
1523 935 1652 1006 ejus
1681 951 1810 991 esse
1841 935 2042 1008 perbi-

397 1025 624 1080 bentur.
682 1024 878 1094 Itaque
943 1023 1108 1078 Philo
1163 1024 1290 1090 iste,
1335 1023 1468 1078 Ciao
1522 1024 1865 1094 imperante,
1913 1040 2046 1079 cum

400 1116 620 1170 Iloman
651 1113 924 1181 venisset,
958 1111 1134 1168 libros
1167 1113 1236 1168 de
1266 1112 1383 1168 Caii
1416 1114 1674 1170 amentia
1703 1121 1756 1168 et
1784 1114 2053 1168 vecordia

401 1202 757 1275 composuit,
811 1219 959 1273 quos
1011 1219 1111 1272 per
1147 1202 1535 1258 urbanitatem
1583 1208 1642 1258 et
1687 1203 1929 1258 ironiam
1981 1204 2053 1260 De

404 1292 704 1348 virtutibus
730 1291 1046 1362 inscripsit.
1101 1292 1208 1347 Eos
1257 1291 1463 1348 deinde
1511 1291 1737 1347 Claudii
1776 1291 2054 1364 tempori-

405 1381 514 1437 bus
544 1397 678 1436 cum
712 1379 771 1434 in
803 1384 1006 1436 senatu
1039 1380 1257 1436 ibidem
1282 1381 1594 1452 recitasset,
1629 1386 1787 1436 tanta
1821 1383 2055 1437 fuerunt

405 1471 462 1525 in
494 1468 900 1531 admiratione,
961 1473 1026 1523 ut
1081 1469 1239 1541 digni
1289 1470 1530 1540 judicati
1562 1471 1699 1540 sint,
1738 1471 1839 1544 qui
1871 1471 1928 1526 in
1959 1471 2054 1526 Bi-

405 1558 754 1615 bliothecam
797 1557 1124 1614 Palatinam
1157 1559 1528 1616 referrentur.

1004 1665 1236 1722 CAPUT
1274 1666 1460 1724 XVIII.

405 1757 480 1813 De
531 1757 749 1828 Iosephi
804 1757 1053 1830 veritatis
1108 1759 1486 1813 consociaturi:
1544 1757 1725 1828 libris,
1765 1766 1818 1815 et
1870 1761 2058 1830 quales

829 1829 948 1897 eius
977 1844 1189 1900 quoque
1216 1844 1392 1885 more:
1419 1831 1648 1900 fuerint.

485 1916 698 1973 Eodem
731 1933 900 1988 porro
955 1917 1190 1984 saeculo,
1250 1918 1424 1990 paulo
1482 1927 1611 1992 post
1662 1929 1715 1976 et
1763 1920 2058 1992 Josephus

413 2005 608 2061 ﬂoruit
635 2005 731 2075 (2),
765 2013 820 2060 et
866 2006 992 2078 ipse
1038 2007 1125 2061 vir
1150 2007 1392 2064 Judaeus
1421 2024 1651 2079 genere,
1685 2013 1743 2064 et
1767 2023 1836 2064 ex
1863 2025 2066 2065 sacer-

407 2096 645 2152 dotibus
680 2099 867 2154 ortus.
912 2097 1163 2153 Tantum
1217 2100 1412 2154 autem
1461 2099 1904 2170 disciplinarum
1955 2101 2066 2154 do-

409 2187 596 2242 clriua
642 2185 937 2253 excelluit,
984 2191 1048 2242 ut
1093 2203 1391 2243 summam
1440 2196 1492 2243 et
1536 2189 1734 2259 patria:
1769 2192 1826 2244 et
1855 2190 2067 2245 Graecae

411 2273 624 2346 linguae
656 2273 924 2346 peritiam
977 2275 1054 2331 sit
1100 2281 1470 2332 consecutus.
1521 2277 1704 2333 Multa
1745 2277 1797 2334 is
1826 2294 2061 2349 quoque

409 2364 712 2420 volumina
750 2363 1004 2436 reliquit.
1054 2365 1493 2421 Machabazorum
1539 2373 1691 2422 certe
1720 2365 1903 2421 libros
1935 2366 2068 2436 ejus

413 2469 542 2510 esse
575 2453 810 2510 ferunt:
884 2453 1380 2526 potissimumque
1419 2471 1552 2511 eum
1599 2456 1698 2527 qui
1751 2455 2070 2526 inscriptus

413 2548 523 2613 est,
580 2544 844 2599 Animum
891 2542 1268 2614 rationemque
1321 2560 1456 2612 esse,
1514 2561 1636 2616 quae
1666 2561 1948 2600 summum
2011 2543 2068 2598 in

410 2635 632 2691 homine
660 2636 949 2691 obtineant
979 2634 1300 2707 imperium.
1327 2665 1396 2678 -ο
1422 2638 1791 2709 Antiquitale:
1811 2637 2074 2694 Iudaica:

411 2725 615 2796 viginti
665 2723 832 2780 libris
879 2728 968 2781 est
1033 2725 1388 2798 complexus.
1452 2727 1686 2798 Septem
1741 2729 1936 2784 autem
1998 2728 2077 2784 De

414 2814 554 2870 bello
600 2813 832 2870 Iudaico
878 2813 1525 2888 Hieresolymorumque
1577 2815 1876 2872 eversione
1909 2834 2076 2873 com-

418 2903 637 2974 posuit,
669 2917 814 2975 quos
846 2902 997 2958 fama
1047 2904 1174 2972 fert,
1218 2905 1415 2961 Titum
1471 2905 2076 2984 Casaremmanuum

423 3007 660 3046 suarum
739 2991 1188 3062 subscriptione,
1247 2991 1538 3065 publicari
1608 2995 1846 3066 ubique,
1903 2998 2081 3065 atque

425 3081 596 3138 etiam
629 3080 687 3136 in
721 3080 980 3139 Romana
1009 3082 1358 3140 bibliotheca
1407 3085 1606 3155 reponi
1643 3085 1910 3156 jussisse.
1941 3085 2078 3140 Edio

429 3171 516 3226 dit
545 3169 719 3225 etiam
751 3169 896 3226 alios
943 3171 1086 3227 duos
1116 3173 1189 3229 De
1233 3181 1562 3246 antiquitate
1610 3173 1810 3242 libros,
1849 3173 1909 3230 in
1941 3174 2074 3246 qui-

2162 937 2262 992 Καὶ
2309 941 2414 991 τῶν
2453 935 2504 990 ἐν
2548 937 2706 1008 νόμῳ
2755 932 2811 990 δὲ
2859 935 2949 988 καὶ
2995 935 3302 1012 προφήταις
3335 927 3645 1006 Ἑϐραϊκῶν
3681 929 3814 982 ὀνο-

2163 1027 2348 1100 μάτων
2407 1025 2692 1100 ἑρμηνεῖαι
2742 1027 2840 1079 τοῦ
2897 1023 3062 1078 αὐτοῦ
3122 1023 3259 1076 εἶναι
3318 1019 3592 1094 λέγονται.
3641 1019 3814 1079 Οὗτος

2161 1115 2254 1170 οὖν
2327 1113 2487 1169 Γαίου
2558 1117 2886 1189 κρατοῦντος
2963 1115 3031 1185 τῇ
3083 1112 3268 1184 Ῥώμῃ
3319 1109 3700 1187 έπιιροιτήσας,
3747 1107 3814 1161 τά

2161 1205 2284 1278 περὶ
2343 1211 2443 1274 τῆς
2503 1203 2663 1258 Γαίου
2720 1196 3168 1281 φρενοϐλαϐείας,
3214 1199 3246 1254 ἆ
3308 1199 3444 1272 μετά
3501 1200 3674 1268 ἤθους
3725 1196 3812 1251 καὶ

2162 1293 2440 1370 εἰρωνείας
2501 1294 2665 1368 Περὶ
2718 1292 2966 1368 ἀρετῶν
3026 1289 3340 1364 ἐπίγραψεο,
3375 1287 3464 1343 ἐπὶ
3519 1292 3620 1354 τῆς
3679 1287 3812 1340 Ῥω-

2167 1384 2340 1459 μαίων
2421 1384 2731 1460 συγκλήτου
2805 1383 2942 1439 κατὰ
3019 1383 3146 1445 τοὺς
3224 1380 3457 1460 χρόνους
3537 1375 3816 1434 Κλαυδίου

2165 1472 2378 1544 διῆλθε.
2408 1478 2673 1529 Τοσοῦτον
2723 1471 2780 1528 δὲ
2827 1474 3199 1546 θαυμασθῆναι
3245 1472 3374 1532 τοὺς
3405 1469 3610 1544 λόγους
3642 1467 3813 1540 αὐτῷ,

2167 1565 2240 1627 ὡς
2261 1563 2349 1620 καὶ
2379 1571 2478 1634 τῆς
2513 1566 2636 1638 παρ’
2665 1561 2886 1625 ἐκεῖνοις
2920 1559 3290 1636 βιϐλιοθήκης
3319 1561 3643 1631 ἀξιωθῆναι.

2779 1659 3029 1709 ΚΕΦΔᾹ.
3075 1654 3185 1708 ΙΗ’.

2169 1751 2210 1800 1]
2239 1744 2335 1818 ερὶ
2370 1749 2518 1819 Δτῶν
2554 1817 2562 1819 _
2592 1743 3154 1819 συγγραμμάτωζ
3201 1739 3345 1819 τοῦ.
3383 1737 3813 1819 φιλαλήθοῡς

2369 1812 3085 1885 ’ῐωσήπουπκαίοίος
3120 1812 3196 1881 ἦν
3243 1812 3349 1867 καὶ
3394 1812 3608 1873 οὗτος.

2243 1906 2394 1960 Κατά
2440 1901 2498 1958 δὲ
2545 1902 2671 1964 τοὺς
2722 1901 2913 1964 αὐτοὺς
2961 1900 3195 1977 χρόνους
3243 1900 3436 1975 μικρὸν
3466 1901 3700 1972 ὕστερον
3731 1897 3812 1951 καὶ

2171 1995 2437 2064 Ἰώσηπος
2489 1991 2834 2068 ἐγνωρίζετο,
2884 1991 3021 2066 ἀνὴρ
3065 1991 3156 2046 καὶ
3205 1990 3360 2052 οὗτος
3410 1983 3670 2062 Ἐϐραῖος
3725 1987 3811 2058 μὲν

2171 2084 2348 2161 γένος,
2377 2084 2467 2138 καὶ
2524 2081 2575 2156 ἐξ
2633 2083 2820 2157 ἰερέων
2875 2080 2973 2152 ὢν,
3003 2085 3259 2136 τοσοῦτον
3306 2077 3364 2136 δὲ
3409 2076 3719 2151 διαπρέψας
3765 2075 3812 2130 ἐν

2172 2178 2289 2236 τοῖς
2347 2173 2686 2245 μαθήμασιν,
2718 2171 2793 2232 ὡς
2851 2171 2941 2225 καὶ
2996 2171 3098 2239 τῆν
3137 2166 3381 2227 Ἑλλάδα
3425 2167 3684 2244 γλῶσσαν
3731 2165 3812 2220 καί

2175 2259 2400 2334 πάτριον
2450 2260 2524 2322 εἰς
2567 2257 2728 2334 ἄκρον
2776 2259 3030 2329 ἀσκῆσαι.
3064 2258 3162 2315 Καὶ
3209 2256 3396 2312 πολλὰ
3449 2257 3546 2329 μὶν
3597 2255 3690 2309 καὶ
3729 2254 3814 2308 οὗ·

2175 2369 2269 2412 τος
2329 2350 2730 2424 συγγράμματα
2785 2346 3220 2403 καταλέλοιπεν·
3277 2346 3339 2400 οὗ
3397 2365 3527 2422 φασι
3598 2343 3692 2398 καὶ
3755 2342 3817 2395 τα

2180 2433 2624 2494 Μακκαϐαϊκά
2667 2439 3066 2512 συγγράμματα
3110 2435 3266 2507 εἶναι,
3296 2435 3384 2489 καὶ
3439 2431 3680 2505 μάλιστα
3734 2429 3818 2486 τὸν

2195 2528 2344 2602 Περὶ
2369 2531 2482 2581 τοῦ
2511 2525 3010 2602 αὐτοκράτορος
3042 2524 3508 2603 λογισμοῦ.Ἐν
3527 2526 3703 2576 εἴκοσι
3735 2520 3820 2593 μὶν

2183 2615 2274 2672 οὖν
2304 2615 2496 2691 λόγοις
2523 2616 2590 2670 τὰ
2617 2622 2718 2686 τῆς
2758 2613 3280 2692 ’Λρχαιολογίας
3321 2614 3530 2667 ἅπαντα
3561 2607 3820 2684 διεξέρχε-

2182 2727 2289 2761 ται.
2319 2703 2491 2762 Ἐπτά
2521 2703 2578 2760 δὲ
2608 2706 2760 2778 αὐτῷ
2810 2704 2920 2767 Εἰς
2969 2705 3086 2774 τὴν
3134 2701 3624 2777 Ἱεροσολύμων
3679 2719 3817 2754 συν-

2182 2797 2532 2850 τάττονται
2582 2791 2788 2848 ἅλωσιν
2812 2810 2826 2824 ·
2859 2793 2951 2856 οὓς
2984 2792 3146 2867 λόγος
3176 2790 3296 2870 ἔχει
3324 2792 3416 2846 καὶ
3445 2791 3537 2845 τὸν
3591 2787 3818 2861 Καίσαρα

2184 2891 2336 2940 Τῖτον
2397 2881 2558 2947 ῗδίαις
2616 2883 2922 2962 γεγραφότα
2967 2882 3151 2958 χερσὶ,
3207 2879 3633 2952 δημοσιεύεσθαι
3691 2897 3819 2931 παν-

2187 2977 2364 3048 ταχοῦ
2420 2973 2736 3047 προστάξαι,
2789 2961 2879 3043 καὶ
2935 2976 3004 3045 τῇ
3058 2970 3112 3025 ἐν
3165 2969 3359 3043 Ῥώμῃ
3418 2972 3528 3023 τῶν
3589 2961 3820 3041 βιϐλίων

2189 3061 2428 3118 ἀναθέσει
2498 3059 2884 3135 καταλεγῆναι.
2947 3061 3334 3115 Συντάττονται
3407 3054 3465 3112 δὲ
3533 3055 3680 3127 αὖτῷ
3738 3055 3822 3110 καὶ

2187 3149 2364 3221 ἕτεροι
2385 3149 2482 3206 δύο
2500 3149 2661 3226 λόγοι
2687 3155 2729 3204 Il
2745 3171 2768 3204 ε
2783 3171 2811 3223 ρ
2828 3149 2845 3203 ὶ
2877 3147 2908 3204 ἀ
2923 3167 3047 3224 ρχα
3063 3169 3078 3202 ι
3093 3150 3161 3204 ότ
3176 3170 3208 3219 η
3223 3171 3252 3204 τ
3267 3169 3294 3202 ο
3309 3168 3358 3210 ς,
3373 3147 3426 3202 έν
3449 3139 3826 3220 οἷςἙεραίους

426 3259 539 3314 bus
570 3258 838 3314 Hebraeos
866 3259 1088 3331 primos
1127 3261 1433 3319 hominum
1465 3264 1725 3320 omnium
1759 3263 2072 3334 exstitisse,

2195 3242 2440 3314 πρώτους
2500 3241 2635 3294 εἶναι
2693 3239 2908 3295 πάντων
2971 3237 3125 3315 φησὶ,
3175 3237 3264 3292 καὶ
3309 3236 3406 3299 τάς
3463 3237 3590 3308 παρ’
3647 3234 3823 3292 αὐτοῖς

424 3350 759 3420 scriptaque
788 3362 981 3405 eorum
1029 3351 1248 3407 ceteris
1288 3353 1607 3408 vetustiora
1637 3367 1762 3408 esse
1789 3352 1888 3407 ait.
1924 3353 2076 3407 Prae-

427 3445 582 3493 terea
613 3437 817 3493 Contra
843 3437 1139 3510 Appionem
1172 3443 1626 3510 grammaticum,
1653 3443 1755 3512 qui
1787 3449 1908 3496 tum
1947 3458 2083 3498 ora-

431 3525 620 3582 tiones
668 3525 944 3583 adversus
989 3528 1224 3587 Judaaos
1281 3530 1594 3588 invoctivas
1640 3531 1992 3604 scripserat:
2027 3534 2086 3586 et

435 3623 636 3672 contra
667 3613 814 3672 alios
845 3616 1070 3686 itidem,
1127 3619 1226 3690 qui
1288 3619 1470 3690 patria
1518 3620 1852 3676 Judieorum
1895 3621 2085 3693 gentis

435 3705 704 3760 instituta
733 3710 791 3761 et
822 3721 1010 3762 mores
1043 3707 1389 3763 calumniari
1422 3709 1550 3764 ausi
1592 3709 1839 3777 fuerant,
1872 3710 2085 3766 refuta-

2187 3329 2545 3406 ἀρχαιοτέρας
2589 3329 2814 3407 γραφάς.
2867 3331 2989 3385 Ἔτι
3033 3325 3090 3382 δὲ
3131 3328 3222 3382 καὶ
3263 3326 3608 3404 ἀντιρρήσεις
3649 3325 3815 3395 Πρὸς

2191 3420 2480 3476 ’Δπίωνα
2523 3416 2633 3473 τόν
2681 3417 3154 3492 γραμματικὸν
3201 3417 3338 3470 κατά
3367 3411 3647 3472 Ἰουδαίων
3676 3432 3827 3482 τηνι-

2192 3508 2322 3564 κάδε
2353 3509 2674 3578 συντάξαντα
2706 3507 2906 3580 λόγους
2936 3506 3252 3574 πεποίηται,
3283 3503 3373 3561 καὶ
3417 3504 3554 3578 πρὸς
3603 3501 3828 3568 ἄλλους,

2193 3600 2248 3656 οἳ
2278 3596 2596 3654 διαϐάλλειν
2643 3598 2710 3653 τά
2752 3599 2954 3672 πάτρια
2998 3601 3096 3651 τοῦ
3144 3593 3421 3651 Ἰουδαίων
3473 3593 3824 3669 ἐπεχείρησαν

2191 3689 2399 3750 ἔθνους.
2431 3686 2654 3742 Τούτων
2684 3685 2730 3741 δ’
2771 3685 2821 3741 έν
2854 3691 2932 3758 τῷ
2961 3685 3210 3760 προτέρῳ
3258 3681 3414 3760 λόγῳ
3464 3685 3556 3740 τὸν
3605 3681 3828 3756 ἀρισμὸν

447 3793 654 3851 tiones.
699 3794 764 3849 In
816 3812 1067 3866 quarum
1117 3797 1531 3854 refutationum
1584 3799 1846 3854 oratione
1903 3799 2083 3870 prima

2195 3786 2295 3848 τῆς
2350 3778 2585 3839 παλαιᾶς
2643 3781 2751 3831 τῶν
2811 3773 3140 3846 ἐνδιαθήκων
3192 3777 3413 3852 γραφῶν
3481 3771 3662 3842 τίθησί
3711 3789 3828 3824 τινα

450 3898 763 3938 numerum
795 3885 1369 3942 testamentariorum
1420 3903 1521 3943 seu
1552 3887 1961 3942 canonicorum
1993 3903 2088 3941 ve-

450 3975 612 4043 teris,
663 3974 816 4044 quod
867 3974 1101 4031 dicitur.
1149 3976 1504 4032 Testamenti
1549 3975 1828 4032 librorum
1883 3975 2092 4044 iniens,

451 4066 553 4135 qui
588 4065 740 4136 apud
773 4065 1043 4122 Hebraeos
1064 4067 1352 4138 majorum
1384 4067 1692 4124 traditione
1723 4066 1930 4138 recepti
1954 4065 2095 4129 sint,

460 4151 630 4208 I6,
662 4158 720 4208 et
747 4153 889 4209 citra
945 4156 1385 4228 ambiguitatem
1427 4161 1598 4227 atque
1644 4153 2096 4212 controversiam

456 4259 690 4299 omnem
740 4261 844 4315 pro
891 4244 1166 4316 legitimis
1221 4245 1486 4316 verisque
1542 4245 1884 4311 habeantur,
1937 4242 2100 4300 hisce

457 4334 649 4390 verbis
679 4335 846 4390 docet
899 4335 998 4408 (3).
1031 4357 1060 4385 «
1109 4339 1229 4390 Non
1279 4335 1464 4390 multa
1521 4333 1876 4391 voluminum
1935 4332 2101 4389 nobis

460 4427 598 4480 sunt
627 4422 837 4495 millia,
885 4423 1314 4480 dissonantium
1349 4423 1500 4479 inter
1542 4439 1603 4479 se
1633 4426 1808 4495 atque
1841 4438 2101 4494 pugnan-

459 4514 632 4578 tium,
665 4515 761 4571 sed
802 4513 1001 4587 viginti
1044 4517 1270 4571 tantum
1329 4518 1386 4571 et
1437 4515 1549 4570 duo
1598 4511 1752 4584 libri,
1797 4517 1922 4569 acta
1952 4516 2102 4568 tem-

461 4621 670 4677 porum
697 4577 962 4662 omnium
1003 4604 1474 4677 complectentes,
1516 4605 1615 4676 qui
1652 4577 1884 4676 quidem
1929 4601 2083 4673 justi:

2215 4605 2294 4638 σιν
2332 4583 2498 4661 μέχρι
2529 4589 2630 4651 τῆς
2663 4582 2829 4636 αὐτοῦ
2868 4580 3148 4647 τελευτῆς.
3181 4577 3358 4639 Οὗτος

2221 4674 2239 4686 ς
2292 4673 2302 4686 .
2633 4668 2653 4686 κ
2677 4668 2688 4686 .
2828 4667 2872 4686 ,η
2897 4667 2910 4686 ,
3047 4666 3061 4686 ,
3109 4671 3134 4681 -
3229 4667 3276 4686 ..
3306 4685 3309 4686 ν
3341 4665 3355 4682 ς

461 4695 533 4752 de
583 4695 778 4752 causis
825 4693 1018 4752 divino
1071 4695 1272 4752 afﬂatu
1335 4693 1538 4766 scripti
1585 4710 1712 4750 esse
1765 4693 2105 4750 creduntur.

464 4791 682 4843 Horum
716 4786 978 4858 quinque
1026 4789 1166 4842 sunt
1203 4785 1402 4854 Musis,
1445 4783 1719 4857 legesque
1749 4783 1904 4855 ipsas
1937 4785 2107 4852 atque

464 4876 704 4933 humani
733 4877 964 4949 generis
985 4876 1460 4949 propagationem
1482 4880 1652 4946 atque
1683 4871 2109 4930 successionem

465 4967 538 5023 ad
570 4966 731 5024 illius
757 4967 980 5024 obitum
1011 4981 1192 5038 usque
1209 4966 1529 5032 continent,
1553 4963 1706 5036 quod
1737 4966 1970 5033 tempus
1993 4976 2107 5015 non

463 5056 544 5113 ita
590 5056 841 5114 multum
900 5075 936 5114 a
989 5060 1078 5115 ter
1134 5056 1294 5113 mille
1359 5056 1530 5111 annis
1587 5055 1768 5110 abest.
1827 5051 2112 5122 Deinceps

539 5260 620 5328 (1)
672 5258 894 5326 Buidas,
983 5257 1240 5312 Philonis
1297 5251 2112 5328 recensens‘lucubrationes,

473 5321 612 5388 nu‘ic
662 5330 811 5386 libro
842 5321 1079 5385 titulum
1113 5328 1236 5398 dat,
1269 5328 1426 5402 Περὶ
1454 5332 1572 5395 τῆς
1614 5321 1953 5401 διαγωγῆς
1991 5326 2115 5378 τῶν

470 5409 560 5476 Χρ
581 5405 906 5476 ιστιανῶν.

543 5477 618 5546 (2)
647 5475 1062 5547 Vespasianus,
1109 5472 1380 5547 Jotapata
1416 5469 1630 5547 oppido
1660 5469 1928 5536 subacto,
1955 5469 2116 5547 Jose-

473 5541 658 5618 phum
705 5541 900 5618 ce'pit:
951 5562 1083 5618 eum
1145 5541 1390 5618 Romam
1447 5541 1850 5618 adiNeronem
1893 5541 2119 5618 mittere

474 5611 692 5675 statuit.
729 5611 802 5672 Αἱ
848 5617 948 5672 ille
979 5617 1286 5686 imperium
1337 5619 1502 5672 llum.
1539 5616 1650 5687 ipsi
1682 5611 2036 5687 Vespasiano
2066 5616 2121 5687 et

472 5691 602 5752 Tito
630 5689 828 5749 deberi
873 5694 1006 5762 post
1047 5682 1334 5746 Neronem
1382 5682 1674 5758 divinans,
1717 5682 1816 5743 eis
1830 5682 2124 5758 persuasit

2197 3869 2267 3923 τά
2321 3869 2445 3939 παρ’
2503 3863 2778 3940 Ἑϐραίοις
2823 3862 3201 3940 ἀναντίβρητα,
3251 3865 3325 3922 ὡς
3385 3860 3449 3916 ἃν
3497 3863 3550 3932 ἐξ
3605 3859 3832 3935 ἀρχαίας

2203 3955 2554 4030 παραδόσεως
2619 3954 2804 4017 αὐτοῖς
2883 3954 3088 4028 ῥήμασι
3138 3951 3226 4008 διὰ
3281 3952 3490 4007 τούτων
3550 3948 3836 4005 διδάσκων.

2207 4045 2358 4118 Λέγει
2392 4045 2504 4114 οὖν,
2538 4045 2612 4107 ὼς
2645 4069 2672 4095 (ι
2705 4044 2782 4100 Οὐ
2818 4040 3075 4117 μυριάδες
3126 4039 3360 4114 βιλλίων
3410 4040 3515 4094 εἰσὶ
3556 4039 3681 4113 παρ’
3709 4040 3840 4109 ἡμῖν

2206 4136 2546 4214 ἀσυμφώνων
2597 4133 2686 4189 καὶ
2741 4132 3107 4207 μαχομένων·
3141 4128 3237 4184 δύο
3286 4127 3345 4184 δὲ
3397 4128 3538 4202 μόνα
3574 4127 3704 4203 πρὸς
3731 4130 3846 4187 τοῖς

2209 4225 2381 4282 εἷ’κοσι
2416 4219 2604 4299 βιϐλία
2634 4243 2646 4255 ·
2682 4225 2764 4284 οἷς
2792 4222 2862 4277 τὰ
2886 4225 2982 4276 τοῦ
3029 4219 3225 4282 παντὸς
3277 4217 3479 4294 ἔχοντα
3507 4217 3704 4293 χρόνον
3749 4219 3846 4283 τὴν

2210 4315 2517 4391 ἀναγραφὴν
2597 4313 2662 4368 τὰ
2748 4309 2969 4372 δικαίως
3047 4312 3162 4365 θεῖα
3243 4303 3660 4381 πεπιστευμένα.
3748 4304 3842 4358 Καὶ

2208 4404 2416 4460 τούτων
2461 4403 2618 4459 πέντε
2669 4403 2762 4473 μὲν
2809 4399 2918 4455 ἔστι
2969 4400 3038 4455 τα
3082 4397 3388 4459 Μωυσέως·
3423 4396 3457 4451 ἃ
3501 4396 3626 4457 τούς
3675 4415 3734 4450 τε
3761 4392 3850 4448 νό-

2219 4514 2351 4568 μους
2397 4487 2663 4567 περιέχει,
2694 4490 2784 4545 καὶ
2826 4491 2926 4560 τήν
2967 4495 3068 4558 τῆς
3116 4486 3564 4564 ἀνθρωπογονίας
3610 4481 3853 4559 παραδο-

3405 4577 3436 4631 ὁ
3483 4576 3679 4650 χρόνος
3726 4573 3855 4628 «inc»

2221 4673 2394 4728 λείπει
2438 4668 2766 4747 τρισχιλίων
2819 4667 2994 4743 ὀλίγῳ
3043 4666 3196 4723 έτῶν.
3229 4665 3364 4720 Ἀπὸ
3407 4661 3466 4720 δέ
3493 4671 3591 4733 τῆς
3617 4661 3853 4721 Μωσέως

2218 4760 2477 4830 τελευτῆς
2522 4761 2689 4834 μέχρι
2735 4764 2834 4827 τῆς
2883 4753 3255 4831 Ἀρταξέρξου,
3303 4757 3401 4809 τοῦ
3466 4753 3591 4827 μετέ
3647 4750 3853 4823 Ξέρξην

2227 4855 2448 4925 Περσῶν
2507 4847 2776 4924 βασιλέως
2836 4845 2886 4900 οί
2948 4843 3082 4918 μετά
3156 4849 3394 4912 Μωῦσῆν
3465 4847 3736 4917 προφῆται
3794 4839 3858 4892 τα

2219 4942 2334 4996 κατ’
2393 4939 2586 5001 αὐτοὺς
2663 4935 2971 5012 πραχθέντα
3040 4933 3374 5008 συνέγραψαν
3454 4929 3508 4986 ἐν
3573 4927 3712 5004 τρισὶ
3771 4926 3858 4980 καὶ

2223 5028 2350 5086 δέκα
2411 5024 2669 5104 βιϐλίοις.
2732 5025 2800 5084 Δὶ
2858 5022 2916 5080 δὲ
2963 5021 3154 5079 λοιπαὶ
3217 5019 3472 5096 τέσσαρες
3531 5019 3724 5094 ὕμνους
3785 5015 3858 5075 είς

2223 5246 2287 5298 ut
2315 5241 2608 5312 captivum
2642 5253 2702 5312 se
2741 5236 2798 5291 in
2842 5232 3050 5312 castris
3096 5229 3665 5312 secum_retinsrent.
3691 5221 3858 5312 apud

2222 5330 2370 5386 quos
2389 5299 2613 5386 'deinde
2646 5307 2928 5386 Romam
2973 5301 3340 5386 [νεμεσητῷ
3380 5299 3601 5386 honors.
3627 5317 3642 5382 ξ
3671 5303 3864 5386 elatae

2223 5366 2394 5442 sese
2415 5366 2498 5447 si,
2535 5366 3223 5454 propterhistorici‘styli
3259 5373 3534 5439 nitorem,
3565 5371 3639 5426 ibi
3668 5366 3858 5440 publi-

2224 5458 2376 5513 citus
2405 5463 2489 5528 est
2521 5450 2727 5528 posita.
2760 5450 2973 5528 (said)
3125 5517 3136 5527 .
3181 5516 3192 5526 .
3279 5518 3375 5528 ,Η
3452 5519 3463 5528 ,
3550 5516 3588 5528 __
3644 5517 3656 5528 _
3702 5527 3705 5528 ν
3768 5527 3778 5528 7
3828 5508 3865 5528 ,ί

2295 5530 2370 5599 (3)
2428 5516 2740 5596 δοεόιιιιυε,
2773 5516 2782 5522 ’
2811 5524 2883 5579 De
2933 5516 3216 5576 canonicis
3279 5518 3488 5572 Veteris
3550 5516 3863 5570 Testamw

2227 5602 2384 5658 libris
2395 5643 2406 5654 .
