4084 6208
303 380 421 440 801

1332 371 1960 436 ECCLESIASTICIE
2000 371 2391 434 HlS'l‘ORl/E
2433 375 2582 438 LIB.
2628 377 2706 440 ll.

3604 387 3723 448 802

301 513 396 567 τὸν
457 507 615 578 Θεὸν,
667 509 757 562 καὶ
808 512 924 569 τοῖς
981 507 1291 582 ἀνθρώποις
1346 510 1624 581 ὑποθήκας
1688 513 1782 564 τοῦ
1841 506 1962 584 βίου

2085 526 2208 566 vero
2237 510 2318 583 (1)
2347 528 2381 567 a
2422 512 2600 570 Mosis
2658 517 2843 571 morte
2890 531 3074 587 usque
3131 518 3204 573 ad
3231 521 3587 590 Artaxerxis,
3621 525 3726 594 qui

305 601 682 678 περιέχουσιν,
732 600 872 655 Ἀπὸ
923 596 979 653 δὲ
1037 598 1385 675 ’Λρταξέρξου
1449 603 1620 676 μέχρί
1683 597 1778 654 τοῦ
1839 599 1958 652 καθ’

307 695 459 764 ἡμᾶς
510 690 719 766 χρόνου
777 691 1081 766 γέγραπται
1143 689 1238 761 μὲν
1292 685 1490 743 ἕκαστα
1541 707 1555 722 ·
1612 688 1843 750 πίστεως
1903 684 1960 741 δὲ

309 781 422 856 οὐχ
453 779 651 852 ὁμοίας
693 777 920 848 ἠξίωται
969 783 1086 837 τοῖς
1146 778 1252 852 πρὸ
1285 776 1479 846 αὐτῶν,
1508 775 1597 832 διὰ
1640 779 1704 832 τὸ
1737 779 1812 850 μή
1863 797 1962 851 γε-

309 869 494 924 νέσθαι
535 868 638 936 τήν
684 872 793 921 τῶν
850 871 1146 944 προφητῶν
1197 863 1398 942 ἀκριϐῆ
1446 864 1732 940 διαδοχήν,
1784 865 1963 935 Δῆλον

314 957 363 1013 δ’
405 955 518 1012 ἐστῖ
551 961 668 1018 πῶς
707 957 874 1028 ἡμεῖς
921 951 1064 1030 ἔργῳ
1111 957 1379 1030 πρόσιμεν
1427 960 1544 1018 τοῖς
1587 953 1746 1017 ἰδίοις
1777 955 1964 1030 γράμ-

315 1069 446 1122 μασι
481 1067 494 1080 ·
537 1045 802 1101 τοσούτου
838 1045 941 1120 γὰρ
973 1045 1172 1108 αἰῶνος
1219 1043 1328 1116 ἤδη
1377 1044 1808 1120 παρῳχηκότος,
1841 1039 1964 1099 οὕτε

312 1136 634 1212 προσθεῖναί
681 1157 769 1199 τις
814 1134 937 1190 οὕτε
979 1132 1198 1212 ἀφελεῖν
1248 1135 1340 1190 ἀπ’
1389 1134 1564 1189 αὐτῶν
1617 1131 1742 1190 οὔτε
1801 1152 1964 1206 μετα-

316 1228 488 1280 θεῖναι
545 1223 873 1297 τετόλμηκε.
918 1227 1056 1279 Πᾶσι
1107 1220 1164 1278 δὲ
1207 1223 1486 1300 σύμφυτόν
1525 1222 1668 1277 ἐστιν
1713 1221 1772 1277 ἐκ
1818 1221 1966 1298 πρώ-

315 1335 420 1384 της
468 1311 725 1390 γενέσεως
774 1308 1060 1374 Ἰουδαίοις
1103 1312 1166 1366 τὸ
1209 1311 1452 1384 νομίζειν
1501 1311 1637 1366 αὐτᾶ
1681 1311 1797 1366 θεῖα
1828 1307 1968 1386 δόγ-

322 1422 490 1478 ματα,
547 1400 638 1456 καὶ
695 1399 910 1461 τούτοις
969 1400 1261 1474 ἐπιμένειν,
1323 1400 1412 1455 καὶ
1472 1400 1605 1475 ὑπὲρ
1665 1397 1866 1468 αὐτῶν,
1919 1399 1966 1454 εί

319 1491 455 1564 δέοι,
488 1492 734 1562 θνήσκειν
767 1487 964 1561 ἡδέως.
998 1513 1026 1542 n
1060 1491 1201 1566 Πρὸς
1233 1487 1290 1544 δὲ
1317 1493 1396 1562 τῷ
1434 1488 1580 1545 τέλει
1633 1496 1732 1559 τῆς
1765 1490 1814 1543 κ’
1845 1489 1964 1565 ἆρ-

318 1581 739 1662 χαιολογίας
798 1581 1044 1658 ἐμφαίνει
1104 1579 1154 1636 ἐν
1199 1581 1451 1654 τέσσαρσι
1511 1579 1818 1656 συγγράψαι
1879 1581 1968 1656 βι-

316 1668 505 1734 ϐλίοις
538 1673 718 1748 ⁵Περὶ
760 1676 944 1740 Θεοῦ,
973 1672 1094 1725 ὅσαι
1139 1671 1358 1744 πάτριαι
1392 1667 1563 1742 δόξαι,
1588 1670 1675 1724 καὶ
1719 1671 1841 1743 περὶ
1868 1675 1968 1739 τῆς

319 1759 507 1824 οὐσίας
541 1759 728 1831 αὐτοῦ,
775 1761 865 1814 καὶ
915 1761 1036 1832 περὶ
1085 1763 1190 1812 τῶν
1242 1758 1426 1832 νόμων
1464 1777 1475 1789 ·
1511 1755 1598 1812 διὰ
1636 1759 1686 1812 τί
1720 1759 1836 1811 κατ’
1865 1755 1969 1812 αὐ-

319 1848 446 1912 τοὺς
477 1851 542 1903 τὰ
585 1851 682 1922 μὲν
741 1845 907 1918 ἔξεστι
967 1845 1238 1922 πράττειν,
1285 1849 1351 1901 τὰ
1393 1844 1447 1901 δὲ
1495 1845 1832 1920 κεκώλμται.
1867 1845 1966 1902 Καὶ

319 1936 468 1992 ἄλλα
515 1935 571 1992 δὲ
613 1936 762 2010 αὐτῷ
819 1934 1224 2005 σπουδασθῆναι
1275 1936 1304 1988 ὁ
1352 1935 1515 1998 αὐτὸς
1551 1935 1602 1988 ἐν
1645 1940 1760 1996 τοῖς
1803 1937 1967 1989 αὐτοῦ

317 2026 604 2100 καταλέγει
659 2025 1093 2102 συγγράμμασιν,
1127 2026 1218 2082 Ἐν
1269 2022 1326 2079 δὲ
1369 2021 1448 2096 δῷ
1498 2031 1598 2094 τῆς
1655 2025 1722 2078 Ἀ
1743 2044 1970 2099 ρχαιο-

318 2115 521 2190 λόγίας
545 2113 691 2170 τέλει
723 2111 1038 2169 διαϐάλλων
1087 2115 1320 2168 Ἰοῦστον
1370 2108 1616 2187 Τιϐεριὲα
1663 2114 1785 2166 τινὰ
1832 2115 1969 2169 κατά

314 2207 442 2266 τοὺς
508 2203 704 2260 αὐτοὺς
761 2202 908 2275 αὐτῷ
964 2203 1184 2278 καιροὺς
1244 2203 1321 2274 μή
1382 2199 1564 2272 ἀληθῆ
1642 2203 1966 2279 γεγραφότα,

319 2294 414 2348 σὺν
473 2293 715 2356 πολλαῖς
771 2293 862 2348 καὶ
921 2290 1120 2356 ἄλλαις
1169 2291 1230 2355 ἃς
1287 2290 1472 2366 ἐπάγει
1527 2291 1706 2364 τούτῳ
1751 2291 1967 2354 εὐθύνας

321 2384 414 2438 καὶ
471 2385 660 2444 αὐταῖς
717 2381 890 2456 λέξεσι
921 2385 1088 2437 ταῦτα
1118 2402 1282 2460 φησιν
1318 2399 1332 2414 ·
1366 2404 1393 2432 ‹‹
1429 2381 1509 2437 Οὐ
1556 2383 1666 2452 μὴν
1716 2379 1827 2458 ἐγὼ
1883 2401 1968 2436 σοι

311 2475 412 2529 τὸν
459 2473 618 2528 αὐτὸν
649 2473 852 2549 τρόπον
901 2471 1024 2546 περὶ
1072 2478 1172 2542 τῆς
1229 2469 1468 2544 ἐμαυτοῦ
1517 2475 1697 2546 γρφῆς
1742 2465 1920 2525 ἔδεισα
1952 2487 1966 2502 ·

318 2563 454 2620 ἀλλ’
505 2563 692 2626 αὐτοῖς
750 2559 998 2618 ἒπέδωκα
1051 2567 1168 2624 τοῖς
1213 2563 1608 2636 αὐτοκράτορσι
1647 2583 1713 2616 τα
1755 2556 1970 2636 βιϐλία,

323 2653 562 2727 μονονοὺ
599 2658 708 2708 τῶν
752 2646 922 2728 ἔργων
962 2649 1071 2722 ἤδη
1134 2651 1510 2726 βλεπομένων.
1573 2647 1834 2726 Συνῄδειν
1869 2649 1971 2726 γὰρ

322 2743 546 2816 ἐμαυτῷ
596 2742 926 2815 τετηρηκότι
980 2741 1081 2809 τὴν
1144 2741 1241 2808 τῆς
1300 2738 1564 2810 ἀληθείας
1623 2736 1921 2810 παράδοσιν
1953 2755 1969 2774 ⁸

323 2833 407 2908 ἐφ’
547 2831 844 2907 μαρτυρίας
901 2831 1170 2900 τεύξεσθαι
1242 2827 1645 2905 προσδοκήσας,
1715 2828 1778 2883 οὐ
1845 2826 1975 2896 διή-

327 2941 558 2997 μαρτον.
591 2921 688 2976 Καὶ
739 2918 938 2984 ἄλλοις
980 2916 1037 2974 δὲ
1092 2916 1327 2980 πολλοῖς
1385 2915 1633 2973 ἐπέδωκα
1677 2919 1776 2988 τήν
1827 2917 1976 2972 ἰστο-

327 3010 468 3086 ρίαν,
502 3010 574 3064 ὧν
637 3008 770 3064 ἔνιοι
829 3009 918 3063 καὶ
973 3008 1492 3082 παρατετυχηκεσαν
1555 3010 1636 3080 τῷ
1715 3004 1972 3080 πολέμῳ,

323 3101 568 3176 καθάπερ
619 3097 872 3174 βασιλεὺς
937 3096 1264 3175 Ἀγρίππας,
1320 3096 1410 3152 καὶ
1456 3117 1598 3158 τινες
1656 3095 1821 3151 αὐτοῦ
1865 3099 1972 3150 τῶν

329 3190 620 3264 συγγενῶν.
654 3187 712 3240 Ὀ
767 3187 864 3260 μὲν
931 3185 1037 3260 γὰρ
1093 3183 1444 3258 αὐτοκράτωρ
1503 3187 1661 3246 Τῖτος
1705 3181 1878 3244 οὕτως
1917 3181 1977 3237 ἐκ

2068 599 2222 670 apud
2283 601 2489 657 Persas
2539 603 2712 657 Xerxi
2769 607 3069 671 successit,
3121 623 3384 680 regnum,
3447 613 3548 681 qui
3605 630 3738 683 post

2067 687 2265 742 Mosen
2299 687 2550 756 fuerunt,
2586 690 2900 763 prephetze,
2962 695 3325 766 temporibus
3383 699 3468 752 eis
3521 706 3734 770 gestas,

2067 779 2206 831 sunt
2236 779 2521 848 persecuti
2548 780 2713 835 libris
2754 783 3044 838 tredecim.
3081 785 3188 850 Qui
3246 801 3378 842 vero
3412 792 3552 843 sunt
3592 790 3733 844 roli—

2067 865 2165 936 qui
2201 870 2469 936 quatuor,
2508 866 2754 940 hymnos
2781 876 2837 926 et
2877 871 3080 928 laudes
3129 875 3186 930 in
3245 875 3430 934 Deum
3490 895 3724 950 compe-

2068 954 2234 1024 sitas,
2265 958 2320 1010 et
2351 962 2636 1029 praecepta
2669 959 2970 1016 hominem
3004 961 3136 1017 vitae
3166 963 3402 1022 habent.
3434 967 3518 1021 Ab
3561 971 3734 1026 Arta-

2069 1060 2240 1100 xerxe
2259 1049 2454 1102 autem
2487 1049 2558 1103 ad
2582 1053 2839 1105 nostram
2884 1066 3064 1122 usque
3112 1057 3335 1110 aetatem
3380 1058 3730 1130 [perscriptae

2071 1133 2308 1206 quidem
2341 1139 2482 1192 sunt
2513 1153 2605 1194 res
2636 1139 2956 1196 universis:
2987 1143 3085 1198 sed
3111 1159 3227 1200 non
3249 1160 3379 1200 eam
3408 1146 3541 1202 libri
3567 1149 3732 1219 tales,

2071 1240 2246 1294 quam
2275 1223 2508 1282 illorum
2542 1226 2646 1299 qui
2676 1245 2775 1284 eos
2809 1235 3235 1300 praecesserunt
3263 1235 3417 1305 apud
3475 1253 3584 1293 nos
3617 1253 3736 1296 me-

2071 1317 2314 1370 ruerunt
2361 1314 2535 1370 ﬁdem
2587 1332 2604 1372 :
2648 1321 2950 1389 propterea
3010 1322 3164 1391 quod
3220 1339 3337 1379 non
3391 1327 3510 1382 tam
3579 1333 3735 1386 certa

2073 1407 2246 1473 atque
2267 1403 2559 1475 explorata
2583 1405 2998 1476 prophetarum
3015 1411 3400 1481 posteriorum
3415 1415 3732 1474 sitsucces-

2074 1489 2177 1546 sio.
2209 1491 2360 1547 Satis
2413 1509 2584 1564 perre
2623 1510 2716 1550 res
2774 1495 2902 1567 ipsa
2949 1498 3230 1570 declarat,
3291 1519 3406 1574 qua
3454 1506 3734 1578 religione

2075 1595 2183 1635 nos
2214 1579 2391 1637 libros
2423 1586 2654 1640 nostros
2700 1585 2858 1641 adire
2912 1591 3089 1659 atque
3135 1605 3367 1648 versare
3417 1594 3730 1653 soleamus.

2075 1665 2215 1721 Cum
2245 1668 2400 1724 enim
2425 1672 2509 1725 tot
2531 1671 2653 1740 jam
2685 1672 2894 1728 saecula
2941 1675 3343 1745 praeterierint,
3405 1696 3574 1737 nemo
3625 1699 3736 1739 un-

2077 1771 2250 1826 quam
2286 1759 2557 1813 inventus
2587 1765 2696 1826 est,
2730 1761 2828 1831 qui
2863 1762 2950 1817 vel
2983 1764 3192 1820 addere
3223 1767 3573 1840 quidquam,
3635 1789 3732 1827 ve-

2078 1845 2401 1915 detrahere,
2433 1849 2520 1904 vel
2555 1855 2779 1906 mutare
2809 1852 3057 1924 denique
3089 1855 3143 1910 in
3189 1860 3574 1915 sacrosanctis
3606 1879 3733 1917 era-

2075 1935 2224 1990 culis
2255 1953 2436 1992 ausus
2469 1938 2662 1994 fuerit.
2695 1939 2991 2008 0mnibus
3019 1944 3251 2015 quippe,
3296 1946 3367 2000 ab
3419 1947 3543 2017 ipse
3573 1953 3727 2017 ortu,

2073 2024 2293 2082 Judzeis
2327 2027 2611 2098 igenitum
2645 2033 2751 2097 est,
2786 2030 3062 2087 divinitus
3118 2035 3410 2105 proditam
3442 2053 3571 2093 eam
3599 2054 3728 2094 esse

2076 2113 2404 2172 doctrinam
2437 2118 2694 2185 credere,
2755 2119 2813 2174 in
2861 2136 3042 2192 eaque
3091 2127 3426 2181 constanter
3464 2143 3730 2198 perseve-

2075 2221 2224 2274 rare,
2258 2209 2438 2278 atque
2469 2207 2633 2276 adeo,
2663 2209 2714 2264 si
2743 2226 2890 2280 opus
2919 2210 3016 2279 sit,
3073 2227 3176 2283 pro
3235 2230 3302 2270 ea
3347 2216 3522 2272 etiam
3612 2235 3729 2276 non

2076 2303 2306 2364 gravate
2363 2295 2550 2367 ipsam
2604 2296 2765 2352 adire
2813 2301 2870 2353 et
2937 2300 3188 2370 perferre
3257 2309 3526 2361 mortem.
3582 2327 3610 2355 ιι
3649 2308 3734 2362 Ad

2081 2383 2255 2438 ﬁnem
2281 2389 2474 2440 autem
2526 2385 2784 2442 vicesimi
2842 2390 3248 2460 Antiquitatum
3300 2391 3431 2448 libri
3490 2395 3734 2463 indicat,

2079 2479 2334 2544 quatuor
2361 2488 2423 2529 se
2453 2475 2862 2546 composuisse
2885 2477 3068 2536 libros
3099 2483 3174 2536 De
3203 2482 3328 2545 Deo,
3353 2501 3480 2556 qua:
3509 2485 3732 2544 Judtce-

2080 2578 2212 2618 rum
2243 2563 2314 2618 de
2351 2579 2417 2619 eo
2473 2563 2594 2620 sint
2650 2566 2848 2636 patriae
2905 2568 3210 2639 opiniones
3277 2575 3347 2628 de
3402 2575 3734 2634 substantia

2079 2651 2231 2723 ejus,
2262 2660 2316 2708 et
2345 2653 2416 2709 de
2447 2653 2690 2723 legibus.
2723 2655 2846 2720 Qua
2879 2662 3115 2730 propter
3133 2663 3288 2731 apud
3317 2679 3414 2720 eos
3463 2667 3729 2738 quaedam

2083 2743 2430 2814 permissum
2462 2743 2536 2798 sit
2568 2745 2772 2815 facere,
2805 2749 3068 2818 quaadam
3098 2766 3228 2806 vero
3249 2753 3370 2808 sint
3417 2757 3732 2825 prohibita.

2080 2830 2208 2886 Alia
2237 2831 2477 2902 insuper
2507 2849 2540 2887 a
2571 2849 2632 2888 se
2663 2835 2817 2890 edita
2837 2851 2966 2891 esse
2997 2837 3148 2894 idem
3181 2838 3306 2910 ipse
3344 2841 3405 2896 in
3463 2845 3734 2914 operibus

2083 2919 2206 2976 suis
2253 2927 2566 2976 asseverat.
2639 2921 2852 2979 Verum
2901 2924 2960 2980 in
3025 2927 3138 2983 {ine
3195 2930 3618 3000 Autiquitatum,
3677 2935 3738 2990 in

2081 3008 2656 3081 Justuquuemdam
2705 3029 2773 3068 ex
2832 3013 3161 3085 Tiberiade,
3211 3019 3306 3089 qui
3363 3021 3434 3076 de
3490 3022 3735 3093 eisdem,

2081 3097 2296 3168 quibus
2327 3099 2451 3170 ipse
2482 3102 2846 3171 temporibus
2877 3107 2934 3157 et
2957 3105 3152 3165 rebus.
3187 3107 3382 3164 minus
3407 3126 3540 3167 vera
3597 3113 3742 3169 scri-

2087 3188 2221 3260 psit,
2245 3189 2394 3261 style
2421 3189 2715 3258 invehens,
2746 3208 2880 3248 cum
2903 3193 3016 3250 alia
3056 3197 3347 3266 permulta
3367 3201 3418 3254 ei
3443 3201 3577 3258 vitio
3617 3207 3737 3275 dat,

335 3257 515 3351 μόνων
555 3275 733 3331 αὐτῶν
769 3257 1044 3345 ⁷ἰιϐοιιλέθη
1101 3275 1200 3344 τήν
1249 3257 1444 3348 γνῶσιν
1493 3277 1612 3334 τοῖς
1661 3272 1973 3365 ἀνθρώποις

2089 3257 2213 3333 tum
2249 3257 2408 3334 hisce
2440 3278 2623 3334 utitur
2651 3257 2883 3337 verbis:
2919 3305 2946 3332 «
3006 3257 3130 3340 Non
3188 3289 3481 3360 equidem,
3523 3257 3741 3365 inquit:

334 3363 668 3441 παραδοῦναι
717 3367 826 3419 τῶν
888 3363 1154 3439 πράξεων,
1213 3360 1355 3418 ὥστε
1411 3362 1652 3438 χαράξας
1700 3365 1771 3435 τῇ
1827 3360 1997 3416 αὐτοῦ

334 3455 484 3532 χειρὶ
541 3455 608 3510 τα
665 3449 882 3530 βιϐλία,
941 3452 1360 3526 δημοτιεόεσθαι
1419 3449 1740 3526 προσέταξεν
1789 3467 1804 3482 ·
1865 3454 1892 3506 ὁ
1934 3447 1990 3504 δὲ

339 3543 598 3619 βασιλεὺς
655 3541 954 3620 Ἀγρίππας
1111 3541 1200 3596 καὶ
1375 3539 1599 3618 ἔγραψεν
1672 3539 1988 3604 ἐπιστολὰς,

337 3639 407 3708 τῇ
463 3635 562 3702 τῆς
619 3632 884 3703 ἀληθείας
941 3629 1235 3708 παραδόσει
1297 3636 1603 3706 μαρτυρῶν.
1648 3657 1668 3685 ι
1726 3632 1844 3708 ’Δςθ
1909 3633 1984 3686 ὧν

339 3723 430 3778 καὶ
481 3720 575 3777 δύο
624 3723 972 3797 παρατίθησι.
1033 3725 1296 3776 Τοσοῦτον
1363 3719 1420 3775 δὲ
1473 3725 1554 3793 τῷ
1630 3726 1983 3796 συγγραφικῷ

340 3819 652 3888 χαρακτῆρι
712 3814 881 3881 ἀνθεῖ,
928 3815 1020 3866 τὸν
1079 3809 1413 3882 Θουκυδίδην
1495 3811 1858 3884 μιμούμενος,
1906 3810 1982 3872 ὡς

345 3901 546 3978 μηδένα
575 3903 638 3957 τὸ
685 3901 735 3974 ἐξ
775 3900 982 3956 ἐκείνου
1042 3900 1188 3956 ἐᾶται
1245 3902 1308 3956 τὸ
1365 3905 1632 3974 πρωτεῖον
1691 3897 1984 3976 κληρώσα-

342 3997 489 4064 σθαι,
545 3996 663 4053 ταῖς
718 3995 930 4052 καιναῖς
983 3990 1065 4046 ἀεὶ
1115 3991 1327 4066 χαίρων
1385 3993 1492 4043 τῶν
1538 3988 1860 4061 ὑποθέσεων,
1891 3991 1980 4044 καὶ

343 4083 464 4156 μετ’
493 4080 748 4143 εὐκολίας
779 4081 958 4151 πάσης
991 4099 1004 4112 ·
1042 4081 1119 4154 μὴ
1148 4083 1245 4134 τοῦ
1273 4085 1372 4148 τῆς
1421 4077 1620 4154 τέχνης
1671 4078 1833 4134 τόνου
1884 4097 1986 4153 χα-

343 4171 482 4238 λῶν,
525 4172 706 4240 ἠπίως
759 4170 908 4242 μάλα
957 4169 1044 4224 καὶ
1105 4167 1312 4244 ἱλαρῶς
1354 4164 1653 4242 διέρχεται,
1699 4169 1985 4245 ὑπερφυῶς

345 4260 648 4336 ἐκφράζων,
699 4259 794 4314 κάν
851 4262 932 4330 τῷ
979 4257 1316 4334 δημηγορεῖν
1376 4251 1760 4332 ἀϐρονόμενος.
1803 4262 1860 4312 'O
1894 4259 1988 4330 μὲν

348 4321 459 4406 οὖν.
494 4347 684 4404 Φίλων
737 4351 806 4423 τῇ
865 4347 1166 4426 φιλοσοφίᾳ
1194 4345 1432 4423 φαίνεττι
1463 4346 1526 4400 τὸ
1557 4345 1722 4402 πλέον
1752 4344 1990 4420 ἐσχολα-

349 4441 498 4503 κώς·
532 4441 799 4509 Ἰώσηπος
855 4436 913 4493 δὲ
966 4442 1074 4492 τῶν
1134 4439 1232 4506 τῆς
1286 4436 1572 4510 ῥητορείας
1621 4435 1816 4510 ὀργίων
1850 4432 1992 4492 ἔοικε

348 4534 540 4589 πλεῖον
586 4529 978 4606 μετεσχηκέναι
1026 4547 1040 4561 ·
1090 4527 1331 4590 κάκεῖνος
1381 4529 1476 4601 μὲν
1528 4529 1667 4602 πρὸς
1721 4527 1992 4584 Πλάτωνα

2093 3366 2297 3423 itidem
2331 3372 2504 3440 atque
2537 3373 2620 3436 tu,
2655 3371 2884 3440 scriptis
2917 3373 3061 3430 meis
3094 3375 3284 3431 timui.
3318 3378 3428 3434 Sed
3487 3380 3740 3454 impera-

2098 3457 2314 3513 toribus
2361 3458 2503 3528 ipsis
2560 3458 2742 3515 libres
2801 3478 2960 3518 meos
3016 3465 3220 3535 obtuli,
3273 3485 3404 3524 cum
3465 3487 3555 3526 res
3604 3473 3743 3544 ipsae

2092 3551 2267 3619 gesta)
2299 3549 2720 3618 propemodum
2783 3550 2974 3606 adhuc
3032 3561 3425 3612 cernerentur.
3460 3561 3742 3618 Conscius

2093 3637 2247 3692 enim
2290 3637 2415 3708 ipse
2477 3653 2607 3692 sum
2659 3638 2825 3705 mihi,
2879 3657 2970 3696 me
3023 3643 3280 3699 veritatis
3339 3651 3741 3706 censectandze

2091 3729 2376 3796 praecepta
2399 3741 2790 3782 conservasse.
2821 3728 3003 3800 Cujus
3034 3745 3165 3787 cum
3197 3749 3290 3792 me
3335 3735 3738 3795 testimonium

2089 3823 2534 3873 consecuturum
2567 3833 2888 3888 sperarem,
2937 3836 3055 3876 non
3117 3837 3205 3878 me
3261 3823 3463 3880 fefellit
3517 3829 3734 3898 opinio.

2091 3905 2233 3960 Cum
2267 3905 2468 3960 multis
2499 3923 2752 3978 namque
2777 3908 2906 3964 aliis
2937 3909 3234 3967 historiam
3287 3929 3468 3969 meam
3527 3915 3733 3988 legen-

2093 3995 2226 4050 dam
2255 3994 2514 4063 exhibui,
2542 4011 2610 4049 ex
2642 3995 2860 4066 quibus
2925 3999 3190 4054 nonnulii
3213 4000 3271 4056 in
3297 4000 3511 4059 bellum
3545 4005 3745 4077 ipsum

2093 4083 2267 4140 etiam
2301 4083 2650 4152 inciderunt,
2697 4087 3194 4155 quemadmodum
3235 4091 3485 4164 Agrippa
3517 4110 3615 4150 rex
3643 4095 3722 4168 (2)
3745 4137 3762 4165 ,

2097 4172 2252 4228 163
2309 4176 2368 4228 et
2421 4171 2654 4243 quidam
2717 4175 2942 4245 cognati
2997 4177 3127 4247 ejus
3183 4195 3198 4234 :
3257 4182 3378 4234 tum
3435 4181 3755 4254 imperator

2093 4260 2286 4329 Titus,
2319 4261 2462 4318 adeo
2493 4277 2594 4333 per
2641 4263 2993 4334 scriptorum
3053 4281 3314 4324 meorum
3371 4278 3755 4330 monumenta

2093 4351 2508 4408 tantummodo
2539 4367 2732 4408 rerum
2766 4358 3064 4423 gestarum
3099 4357 3492 4428 cognitionem
3551 4361 3610 4416 in
3647 4361 3758 4418 be-

2097 4440 2290 4496 mines
2320 4439 2548 4512 vulgari
2579 4439 2779 4510 voluit,
2833 4446 2894 4497 ut
2935 4459 3144 4500 manus
3203 4462 3318 4502 suae
3376 4449 3749 4507 adnotatione

2099 4529 2402 4586 historiam
2433 4529 2838 4601 consignatum
2889 4533 3178 4604 publicari
3229 4539 3582 4610 praeceperit.
3635 4540 3751 4596 Rex

352 4623 580 4696 ἀφορ-ᾇν,
622 4619 782 4682 οὗτος
841 4615 898 4672 δὲ
961 4619 1096 4693 πρὸς
1151 4619 1241 4672 τὸν
1288 4613 1649 4686 Θουκυδίδην.
1709 4614 1883 4672 ’Δλλά
1937 4638 1976 4671 τι

2112 4623 2389 4691 ρινθῑετοο.
2427 4619 2680 4692 Agrippa
2726 4621 3030 4694 sexaginta
3067 4628 3125 4680 et
3171 4625 3315 4682 duas
3363 4627 3597 4698 scripsit
3634 4629 3760 4700 epi-

355 4711 450 4782 μὲν
501 4708 635 4764 κατά
693 4707 918 4764 Φίλωνα
963 4705 1050 4762 καὶ
1109 4707 1378 4775 Ἰώσηπον
1439 4705 1490 4759 ἐν
1522 4703 1760 4767 τούτοις.
1805 4705 1996 4778 Ἡμεῖς

354 4799 413 4855 δὲ
493 4798 660 4854 πάλιν
717 4795 805 4852 ἐπὶ
880 4798 980 4866 τήν
1066 4796 1392 4852 ἀκολουθίαν
1462 4799 1571 4850 τῶν
1622 4793 1998 4850 ἀποστολικῶν

353 4884 728 4958 ἐπανέλθωμεν
787 4885 1052 4960 πράξεων,
1112 4881 1164 4938 ἐν
1221 4880 1468 4955 ἐπιτόμῳ
1538 4879 1698 4942 αὐτας
1783 4879 2000 4956 διερχό-

357 4997 532 5050 μενοι.

2107 4707 2312 4772 stelas,
2341 4708 2551 4778 quibus
2599 4709 2732 4764 fidei
2775 4713 2952 4782 atque
2997 4711 3260 4767 veritatis
3307 4713 3567 4769 Ηὶειοιιίω
3617 4731 3757 4771 mete

2107 4795 2374 4869 perhibet
2411 4796 2839 4854 testimonium.
2874 4819 2899 4850 ι
2951 4799 3031 4855 Ex
3080 4800 3294 4871 quibus
3331 4802 3478 4856 duas
3527 4819 3764 4875 quoque

2106 4884 2364 4957 apponit.
2397 4889 2715 4956 Tantopere
2745 4890 2938 4942 autem
2961 4887 3254 4956 historico,
3303 4889 3476 4946 rebus
3535 4907 3762 4964 quoque

2105 4975 2177 5030 ad
2209 4973 2594 5031 imitationem
2615 4975 2972 5047 Thucydidis
2991 4977 3337 5046 scribendis,
3381 4979 3526 5052 style
3553 4981 3756 5051 enitet,

355 5071 418 5124 ut
448 5067 740 5124 neminem
784 5065 844 5121 in
881 5082 949 5120 ca
991 5064 1161 5119 laude
1194 5063 1404 5136 primas
1454 5063 1601 5119 ferre
1655 5063 1930 5134 patiatur.
1977 5063 2276 5135 Siquidem
2337 5063 2504 5119 novis
2562 5063 2814 5120 subinde
2867 5066 3124 5134 gaudens
3185 5069 3569 5138 argumentis,
3625 5086 3759 5126 cum

357 5159 634 5215 facilitate
667 5157 872 5224 multa,
907 5156 1051 5212 nihil
1087 5156 1156 5211 de
1187 5154 1329 5210 artis
1383 5154 1579 5226 vigere
1623 5152 1948 5215 remittens.
2001 5154 2196 5210 suavis
2244 5154 2556 5210 admodum
2616 5160 2672 5210 et
2732 5154 2898 5210 Italus
2948 5154 3205 5213 incedit:
3238 5161 3296 5214 et
3330 5173 3466 5215 cum
3513 5159 3763 5216 mirifica

354 5249 483 5320 ejus
532 5255 622 5305 est
668 5247 936 5314 elocutio,
979 5251 1102 5301 tum
1179 5245 1238 5301 in
1289 5243 1669 5301 cencionibus
1727 5243 1976 5314 gloriam
2033 5248 2090 5299 et
2137 5244 2372 5300 laudem
2425 5243 2638 5299 meruit
2675 5243 3048 5316 singularem.
3099 5246 3255 5303 Philo
3313 5253 3466 5305 certe
3523 5250 3760 5322 quidem

357 5337 736 5411 philosophia:
769 5337 1087 5410 plurimum
1121 5352 1308 5408 operae
1342 5351 1606 5402 navasse,
1655 5337 1716 5390 at
1761 5332 2055 5406 Josepbus
2087 5338 2386 5391 oratorum
2432 5351 2600 5390 sacra
2645 5333 2825 5403 magis
2867 5335 3120 5393 coluisse
3147 5337 3396 5395 videtur.
3425 5340 3496 5396 Et
3539 5340 3638 5396 ille
3684 5342 3755 5398 ad

427 5554 507 5627 (1)
537 5553 745 5634 Euseb.
777 5552 879 5609 lib.
913 5568 997 5634 1_1_I_,
1039 5569 1167 5634 cap.
1347 5551 1687 5634 Tbepderus
1748 5549 2003 5634 Biblianf

356 5623 521 5683 dera
553 5627 770 5683 munde
799 5625 1031 5681 condite
1082 5623 1152 5680 ad
1206 5623 1378 5680 Moses
1432 5624 1681 5691 obitum,
1740 5627 2004 5678 numerat

360 5713 545 5756 annos
572 5699 734 5755 2438.

2184 5549 2260 5618 ('2)
2295 5547 2395 5602 llic
2429 5547 2681 5620 Agrippa
2713 5564 2898 5676 usque
2937 5552 3007 5606 ad
3044 5552 3570 5627 Hierosolymorum
3603 5560 3763 5615 exci—

2184 5635 2274 5676 am
2323 5619 2574 5676 duravit.
2633 5619 2777 5676 Hero
2827 5623 2874 5676 is
2920 5623 3184 5676 Aerinnm
3226 5627 3322 5676 {de
3353 5643 3468 5676 mm
3517 5630 3654 5676 an-
3694 5649 3760 5676 m

2111 5618 2274 5705 dium
2309 5618 2574 5705 .durarvit,
2613 5618 2874 5705 Herodis
2909 5623 3184 5705 Agrippae
3226 5618 3325 5696 (de
3353 5643 3468 5700 quo
3517 5630 3654 5687 Luc.
3694 5649 3761 5689 ιιι

2111 5694 2236 5748 Act.
2271 5691 2425 5748 circa
2455 5691 2627 5747 ﬁnem
2653 5693 2872 5766 scribit)
2905 5691 3081 5754 illius:
