4016 6206
387 397 508 459 803

1681 384 2097 448 NICEPHORI
2145 384 2504 446 CALLISTI

384 533 707 597 Platonem,
760 528 850 584 hic
901 527 972 582 ad
1031 522 1428 596 Thucydidem
1478 522 1749 594 respexit.
1797 521 1907 577 Sed
1955 521 2024 577 de
2049 519 2289 576 Philone
2337 523 2394 575 et
2414 519 2672 592 Josepho
2725 521 2889 576 satis.
2935 523 3018 578 Ad
3070 522 3334 580 ordinem
3374 521 3532 578 enim
3571 526 3634 580 et
3666 539 3798 580 con-

3690 387 3796 448 804

383 629 600 680 textum
631 625 894 677 actorum
920 616 1372 690 apostolicorum
1404 614 1591 670 redire
1624 629 1730 669 nos
1759 611 2052 678 convenit,
2087 615 2148 666 ut
2181 627 2276 681 per
2305 611 2716 683 compendium
2751 613 3090 669 summatim
3123 629 3190 668 ea
3221 629 3665 686 percurramus.

995 741 1226 798 CAPUT
1274 741 1432 796 XIX.

396 860 461 915 Ut
490 856 704 913 Paulus
747 857 931 924 gentes
987 851 1058 906 ad
1105 851 1496 922 professionem
1535 847 1679 924 ﬁdei
1706 843 2039 924 Christiana:

460 915 785 1000 perduxerit
814 944 832 980 :
863 930 913 981 et
941 925 1008 979 de
1027 915 1513 1000 iqulrst'ionemgta
1535 915 1614 975 'de
1632 991 1643 1000 _
1663 919 1777 1000 lege
1806 915 2037 972 Mosaira

457 991 490 1056 ξι
519 1000 772 1070 gentibus
797 991 1074 1070 seruanda
1107 1013 1118 1049 :
1152 1003 1202 1050 et
1231 991 1786 1070 quidflierosolymis
1813 1003 2036 1070 engre-

452 1063 578 1142 ρειῨί
600 1071 831 1144 apostoli
859 1069 924 1124 de
953 1085 1016 1122 ea
1043 1083 1142 1138 per
1173 1063 1480 1138 Epistolam
1510 1064 1870 1119 decreverint.

451 1253 843 1320 Posteaquam
893 1243 1106 1301 Paulus
1187 1245 1243 1298 et
1282 1240 1582 1297 Barnabas
1639 1237 2030 1294 ministerium

382 1341 628 1394 fratrum
660 1336 1043 1409 complevere,
1103 1336 1159 1389 et
1215 1329 1610 1402 Hierosolyma
1668 1334 1968 1396 revertere,
2003 1343 2036 1380 a

386 1427 598 1500 Spiritu
633 1429 832 1483 sancto
874 1423 1044 1480 ambo
1095 1421 1477 1490 designantur
1531 1425 1700 1488 atque
1758 1416 2035 1487 deligun-

383 1523 499 1588 tur,
531 1517 601 1572 ad
635 1515 782 1588 quod
815 1512 997 1572 vocali
1035 1512 1266 1566 fuerant
1320 1525 1490 1580 opus.
1548 1509 1628 1564 Ac
1681 1521 1783 1577 per
1837 1505 2032 1561 Seleu-

381 1604 532 1660 ciam
572 1603 630 1659 in
681 1601 936 1658 insulam
997 1600 1272 1670 Cyprum,
1323 1597 1626 1667 ipsamque
1675 1593 2032 1650 Salaminam

379 1693 640 1759 veniunt,
673 1691 891 1748 Judaeis
921 1687 1101 1745 divini
1147 1685 1320 1742 Verbi
1370 1684 1743 1755 Evangelium
1805 1698 2034 1739 annun-

380 1781 591 1838 tiantes
627 1784 908 1847 :Joanne,
941 1777 1034 1835 cui
1068 1780 1125 1832 et
1153 1775 1326 1831 Marci
1368 1790 1578 1830 nomen
1625 1773 1753 1840 fuit,
1803 1773 1888 1828 eis
1935 1771 2032 1826 in-

381 1873 667 1929 serviente
699 1886 714 1926 :
748 1869 849 1943 qui
881 1867 1089 1924 deinde
1119 1883 1152 1922 a
1179 1869 1363 1938 Perga
1394 1881 1657 1920 reversus
1699 1866 1789 1918 est
1835 1863 2032 1917 lliero-

381 1962 629 2033 solyma.
653 1958 837 2031 Paphi
893 1960 1082 2012 autem
1143 1954 1376 2026 Elymas
1435 1969 1658 2023 magus,
1719 1950 1820 2022 qui
1880 1951 2030 2006 idem

383 2051 658 2122 Barjesus
697 2052 806 2116 est,
861 2045 1255 2117 increpatione
1307 2043 1526 2098 acriore
1577 2040 1763 2101 Pauli.
1830 2039 2031 2095 oculos

2067 737 2116 801 Α

2775 740 3002 792 ΚΕΦΛΑ
3020 779 3030 791 .
3075 739 3191 794 16⁵.

2148 844 2369 902 ’Ὅπως
2421 842 2448 893 ὁ
2507 841 2906 918 Παῦλος.τά
2963 836 3116 911 ἔθνη
3175 847 3255 916 τῇ
3304 844 3466 897 κατά
3517 844 3794 918 Χριστὸν

2223 913 2693 990 προσηγάγετο
2736 913 2990 968 πίστει”
3044 915 3150 968 καὶ
3192 913 3338 986 περὶ
3371 913 3792 990 τῆςγένομὲ-

2216 1005 2331 1058 νης
2367 987 2715 1058 ζητήσεως
2745 987 3038 1058 περὶτοῦ
3070 1008 3143 1055 τη
3163 987 3472 1058 ργεῖντοὺς
3503 986 3568 1057 ἐξ
3602 986 3794 1041 ἐθνῶν

2217 1057 2324 1132 καῖ
2355 1057 2466 1132 τὸν
2496 1057 2707 1132 νόμον
2743 1056 3025 1118 Μωσέως
3057 1076 3069 1088 ⁸
3105 1056 3214 1111 καὶ
3246 1059 3352 1112 οἷα
3384 1058 3442 1112 οἱ
3478 1056 3560 1112 ἐν
3588 1063 3798 1132 Ὶερου

2216 1125 2930 1201 σολύμοιςᾶπόστολοι
2955 1129 3102 1203 περὶ
3129 1129 3368 1185 τούτου
3390 1125 3792 1191 ἐπέστειλαν,

2216 1233 2360 1288 Μετά
2415 1234 2477 1288 τὸ
2539 1232 2828 1308 πληρῶσαι
2891 1233 3107 1306 Παῦλον
3183 1236 3272 1291 καὶ
3353 1233 3628 1314 βαρνάϐαν
3703 1239 3796 1307 την

2147 1320 2424 1378 διακονίαν
2467 1328 2574 1378 τῶν
2628 1321 2901 1402 ἀδελφῶν,
2958 1323 3293 1400 ὑποστρέψαι
3333 1347 3391 1382 τε
3436 1327 3517 1388 εἷς
3558 1329 3635 1382 Ἰε
3681 1328 3798 1383 ὁσό-

2145 1411 2316 1488 λυμα,
2362 1412 2528 1490 ἄμφω
2580 1413 2684 1469 ὑπὸ
2725 1418 2822 1470 τοῦ
2874 1413 3032 1492 ἁγίου
3083 1415 3394 1489 Πνεύματος
3443 1417 3794 1494 ἀφορίξονται

2145 1503 2220 1566 ε’ς
2250 1504 2311 1558 τὸ
2344 1501 2498 1579 ἔργον
2530 1504 2558 1559 ’ὀ
2610 1502 3034 1579 προεκλήθησαν
3062 1525 3073 1538 ·
3105 1505 3195 1560 καὶ
3241 1503 3331 1561 διὰ
3383 1505 3707 1571 Σελευκείας
3731 1513 3795 1584 τῇ

2145 1597 2294 1668 νήσῳ
2355 1595 2556 1670 Κύπρῳ
2623 1592 3064 1671 προσϐάλλουσι,
3115 1596 3206 1679 καὶ
3285 1600 3425 1673 αὐτῇ
3505 1601 3796 1673 Σαλαμῖνι,

2143 1683 2431 1747 Ἰουδαίοις
2461 1687 2551 1740 τὸν
2585 1687 2726 1741 θεῖον
2762 1686 2925 1763 λόγον
2979 1685 3478 1761 εὐαγγελιζόμενοι,
3539 1690 3797 1745 Ἰωάννου

2139 1778 2236 1828 τοῦ
2267 1775 2356 1829 καὶ
2391 1776 2615 1849 Μάρκου
2666 1775 3060 1850 ὑπηρετοῦντος
3108 1775 3293 1839 αὐτοῖς
3331 1797 3344 1810 ο
3393 1779 3490 1832 κᾶν
3543 1777 3598 1841 ἐς
3652 1779 3792 1834 ὅστε.

2144 1884 2235 1938 ρσν
2295 1865 2399 1919 ἀπὸ
2452 1865 2662 1939 Πέργης
2712 1864 3032 1940 ἀνέστρεψεν
3079 1865 3156 1928 εἷς
3197 1866 3578 1942 Ἰεροσόλυμα.
3624 1870 3713 1924 Ἐν
3744 1865 3796 1923 ξι

2140 1959 2207 2028 τῇ
2243 1957 2410 2031 Πάφῳ
2451 1953 2694 2028 Ἐλύμας
2719 1956 2748 2009 ὁ
2786 1959 2959 2030 μάγος
2996 1975 3008 1987 ·
3045 1955 3203 2018 οὗτος
3231 1958 3332 2032 γάρ
3382 1959 3410 2012 ὁ
3466 1961 3793 2033 Βαριησοῦς,

2141 2041 2452 2116 ἐπιτιμήσει
2490 2042 2730 2104 Παύλου.
2769 2046 2866 2106 τάς
2917 2044 3081 2119 κόρας
3131 2050 3241 2100 τῶν
3292 2045 3596 2124 ὀφθαλμῶν
3649 2044 3793 2102 σϐένο

379 2141 450 2196 ad
483 2107 804 2196 caecitatem
857 2107 1044 2206 usque
1098 2130 1534 2204 perstringitur.
1592 2131 1664 2185 Et
1717 2129 2025 2201 proconsul

2292 2107 2301 2116 .
2357 2107 2366 2114 .
2987 2107 2995 2119 .
3337 2107 3346 2124 .
3473 2107 3485 2120 .

2145 2153 2314 2187 νυταιο
2347 2139 2404 2184 Ὀ
2460 2130 2517 2187 δὲ
2564 2133 2871 2196 ἀνθύπατος
2931 2133 3134 2208 Σέργος
3190 2141 3307 2197 τοῖς
3359 2135 3463 2190 ὑπὸ
3507 2141 3610 2192 τοῦ
3661 2138 3796 2192 Παύ-

379 2230 619 2300 Sergius
641 2225 1024 2282 concionibus
1055 2221 1217 2278 Pauli
1252 2220 1451 2276 credit.
1485 2220 1624 2274 Inde
1659 2233 1828 2290 porro
1867 2217 2024 2272 I64

386 2315 757 2373 Antiochiam
780 2312 1014 2370 Pisidiae
1043 2310 1323 2384 pervenit,
1354 2312 1411 2364 et
1440 2309 1500 2364 in
1521 2323 1817 2380 synagoga
1838 2305 2035 2362 saluti-

385 2408 574 2464 ferum
622 2406 860 2462 verbum
893 2401 1188 2473 pmdicat.
1228 2399 1293 2454 Et
1348 2399 1465 2471 iam
1525 2415 1593 2453 ex
1641 2395 1916 2469 gentibus
1963 2396 2032 2450 ad

389 2495 518 2552 ﬁdei
578 2493 997 2568 professionem
1057 2491 1340 2546 accedunt
1379 2505 1492 2544 non
1557 2485 1752 2559 pauci.
1809 2484 2034 2558 Oppor-

386 2587 531 2640 tuno
562 2587 756 2640 autem
789 2585 1060 2654 tempore
1103 2579 1316 2648 oblato,
1365 2576 1576 2632 Paulus
1628 2589 1861 2630 rursum
1897 2587 2032 2628 con-

385 2673 670 2729 cionatur.
690 2671 770 2726 Ad
804 2686 976 2743 quem
1010 2686 1146 2725 eum
1189 2666 1421 2722 infinita
1469 2665 1790 2721 conflueret
1837 2662 2032 2724 turba.

383 2760 752 2816 aemulatione
782 2759 1039 2830 maligna
1077 2756 1261 2814 Judaei
1285 2754 1703 2824 accenduntur,
1753 2757 1809 2810 et
1856 2749 2034 2803 Paulo

379 2852 749 2907 adversantes
800 2847 1102 2904 resistunt.
1176 2845 1274 2900 llle
1340 2861 1473 2900 vero
1551 2845 1777 2902 ardoris
1817 2855 1870 2901 et
1926 2844 2030 2900 zeli

379 2939 638 2996 melioris
670 2937 899 3009 plenus,
932 2934 1184 2992 aversari
1217 2933 1451 3005 quidem
1517 2933 1694 3006 ipsos,
1745 2939 1802 2990 et
1849 2951 1910 2990 se
1959 2935 2029 2988 ad

376 3033 580 3102 gentes
611 3033 940 3084 convertere
988 3025 1148 3080 dicit.
1199 3024 1398 3094 Itaque
1447 3022 1654 3093 ingens
1695 3026 1890 3079 coorta
1945 3025 2034 3078 est

375 3119 599 3185 latitia,
651 3133 776 3188 qua:
839 3116 922 3170 ita
983 3113 1432 3183 recipiebantur,
1499 3113 1783 3181 gentium.
1843 3110 2030 3167 Judaei

375 3213 569 3265 autem
602 3206 812 3262 techna
861 3203 1114 3275 quadam
1175 3201 1614 3256 multitudinem
1669 3215 1869 3256 eorum
1929 3199 2027 3271 qui

373 3298 623 3354 honores
649 3295 947 3367 gerebant,
983 3291 1398 3364 primariorum
1420 3291 1676 3346 virorum
1709 3290 2026 3352 concitant,

367 3386 778 3456 lapidibusque
851 3379 1147 3456 apostolos
1255 3383 1444 3450 petere
1511 3383 1688 3451 atque
1757 3381 2026 3450 persequi

2146 2221 2247 2277 λου
2294 2222 2722 2298 κηρυττομένοις
2771 2225 3036 2282 πιστεύει.
3087 2225 3357 2280 Ἐντεῦθεν
3410 2226 3488 2288 εἰς
3551 2229 3656 2298 τήν
3699 2234 3794 2297 τῆς

2148 2309 2394 2374 Πισιδίας
2452 2313 2806 2389 παραγίνεται
2866 2313 3231 2387 Ἀντιόχειαν,
3285 2313 3373 2369 καὶ
3434 2313 3489 2368 ἐν
3549 2319 3623 2381 τῆ
3681 2338 3795 2371 συν-

2145 2404 2335 2476 αγωγῇ
2391 2401 2482 2456 τὸν
2533 2403 2810 2472 σωτήριον
2867 2398 3040 2476 λόγον
3110 2398 3445 2478 δημηγορεῖ.
3521 2405 3624 2458 Καὶ
3695 2409 3796 2460 τῶν

2143 2491 2308 2545 ἐθνῶν
2341 2492 2628 2565 προσίασιν
2680 2487 2780 2544 οὒκ
2828 2489 3011 2566 ἀλίγοι
3047 2533 3061 2546 .
3113 2492 3202 2545 καὶ
3246 2497 3438 2567 καιροῦ
3477 2493 3794 2569 γενομένου,

2150 2578 2363 2635 Παῦλο”
2409 2579 2562 2634 αὖθις
2611 2577 2666 2634 Et:
2798 2601 2815 2616 *
2854 2579 2866 2598 ’
2911 2600 2930 2620 ε
3012 2581 3024 2600 ’
3122 2579 3162 2610 ·’
3349 2582 3362 2598 “
3477 2581 3491 2602 ’
3749 2585 3761 2599 ’

2217 2625 2225 2632 .
2338 2617 2360 2640 ς
2539 2621 2561 2639 ς
2646 2601 2790 2652 ..ημη
2811 2601 2980 2654 ίορ-ι,
3030 2586 3266 2653 Λπειρου
3316 2578 3373 2636 δε
3403 2602 3640 2658 στιςιους
3671 2605 3793 2658 συρ-

2145 2669 2382 2746 ρέοντος,
2446 2667 2598 2741 ζήλῳ
2647 2666 2904 2724 Ἰουδαῖοι
2956 2667 3284 2740 ἐκκαίονται,
3360 2671 3448 2724 καί
3532 2673 3796 2727 ἀντικαθί-

2145 2778 2332 2811 σταντο
2396 2754 2615 2829 Παύλῳ.
2647 2757 2704 2810 Ὀ
2753 2753 2810 2810 δὲ
2860 2757 3034 2826 ζήλου
3083 2757 3373 2827 πλησθεὶς,
3422 2757 3792 2834 ἀπεστράφθαι

2147 2846 2238 2918 μὲν
2291 2846 2503 2914 αύτούς,
2555 2846 2691 2919 πρός
2739 2842 2796 2899 δὲ
2841 2845 2907 2900 τά
2959 2841 3083 2916 ἔθνη
3121 2845 3449 2924 ἐπιστρέφειν
3481 2823 3794 2924 ἔλεγε..Καί

2143 2934 2286 3009 χαρᾶ
2327 2935 2420 3007 μὲν
2466 2935 2531 3003 ἦν
2571 2939 2678 2989 τῶν
2730 2933 2892 2988 ἐθνῶν
2941 2933 3086 2988 οὕτω
3133 2937 3531 3009 προσιεμένων.
3569 2940 3793 2993 Ἐκεῖνοι

2143 3022 2198 3077 δὲ
2240 3023 2576 3098 τεχνηέντως
2605 3025 2671 3077 τά
2717 3022 2910 3100 πλήφη
2945 3029 3052 3078 τῶν
3085 3023 3134 3078 έν
3188 3025 3490 3100 ὑπεροχαῖς
3521 3023 3793 3097 ἀνασοῦ-σςο

2929 3113 3054 3175 τοὺς
3129 3111 3473 3176 ἀποστόλους
3558 3116 3792 3174 ἔπεισαν.

2143 3201 2236 3254 Καὶ
2271 3203 2320 3254 οἳ
2357 3204 2452 3274 μὲν
2503 3201 2704 3256 ἐκεῖθεν
2763 3200 2838 3264 εἷς
2899 3201 3126 3258 Ἰκόνιον
3182 3205 3335 3274 ἧκον,
3381 3204 3472 3258 καὶ
3525 3205 3792 3281 Λύστραν,

2140 3133 2344 3182 σαντες,
2405 3111 2619 3166 διώκειν
2679 3111 2857 3174 λίθοις

2137 3291 2226 3344 καὶ
2283 3289 2647 3366 Ἀντιόχειαν,
2711 3289 2960 3344 Πισιδιαν
3019 3293 3108 3346 καὶ
3172 3291 3550 3369 Παμφυλία-ι’
3590 3297 3680 3348 καί
3737 3295 3794 3349 ἐκ

2139 3379 2350 3453 Πέργης
2382 3379 2455 3440 εἷς
2510 3377 2848 3454 ’Λντιόχειαν
2897 3380 2998 3447 τήν
3050 3381 3308 3455 μεγίστην
3347 3384 3509 3454 ἧκον,
3541 3383 3632 3438 καὶ
3676 3390 3790 3444 τοῖς

370 3473 742 3545 persuadent.
785 3473 975 3537 Quare
1010 3468 1256 3542 apostoli
1303 3469 1434 3524 inde
1498 3467 1786 3534 Iconium,
1825 3465 2025 3522 deinde

2148 3468 2314 3523 ἐκεῖσε
2345 3470 2444 3538 τὴν
2469 3472 2576 3522 τῶν
2623 3467 2788 3522 ἐθνῶν
2837 3467 3016 3523 πίστιν
3069 3468 3425 3545 ἀνήγγειλαν.
3489 3475 3790 3528 Μετέπειτα

375 3567 665 3635 Lystram,
693 3565 752 3620 et
789 3559 1182 3627 Antiochiam,
1211 3557 1490 3613 Pisidiam
1511 3561 1564 3612 et
1588 3557 1981 3629 Pamphyliam
2011 3571 2023 3610 :

374 3659 430 3710 et
459 3671 528 3710 ex
551 3654 731 3725 Perga
758 3651 1032 3722 deinceps
1059 3647 1424 3704 Antiochiam
1479 3646 1791 3702 maximam
1845 3661 2027 3718 perve.

371 3743 566 3811 niunt,
599 3745 766 3812 atque
796 3739 872 3795 ibi
915 3738 1194 3795 fratribus
1229 3736 1488 3808 gentium
1511 3735 1684 3791 fidem
1708 3739 2004 3807 exponunt

369 3833 747 3889 Postmodum
780 3845 913 3887 cum
945 3845 1014 3885 ex
1044 3827 1246 3884 Judaaa
1299 3826 1536 3899 quidam
1588 3825 1900 3895 venissent,
1926 3829 2023 3897 qui

367 3939 436 3979 ex
466 3921 798 3996 prmscripto
841 3919 985 3992 legis
1026 3918 1314 3984 Mosaicae,
1366 3933 1463 3972 eos
1505 3915 1603 3988 qui
1643 3931 1708 3972 ex
1753 3916 2024 3987 gentibus

366 4013 436 4066 ad
485 4011 618 4068 ﬁdei
672 4009 1093 4080 professionem
1173 4007 1530 4076 accederent,
1601 4005 1853 4077 primum
1904 4007 2019 4060 eir-

367 4101 642 4169 cumeidi,
675 4104 850 4171 atque
893 4099 972 4154 ita
1012 4099 1250 4153 demum
1328 4095 1386 4150 in
1418 4095 1707 4151 Christum
1768 4093 2017 4164 credere,

372 4192 672 4259 totamque
703 4187 882 4242 Mosis
911 4187 1093 4257 legem
1137 4201 1366 4241 servare
1414 4185 1644 4252 debere,
1701 4185 2018 4238 contende-

369 4280 533 4344 rent;
587 4275 880 4331 Barnabas
924 4278 980 4331 et
1023 4273 1234 4328 Paulus
1285 4271 1738 4340 Hierosolymam
1791 4275 2015 4343 petunl,

373 4364 755 4437 quaestionem
789 4377 918 4418 eam
951 4363 1022 4417 ad
1070 4362 1360 4430 majorum
1407 4359 1667 4430 gentium
1727 4359 2022 4430 apostolos

369 4455 632 4512 relaturi.
667 4455 855 4525 Atque
885 4452 965 4508 ibi
1009 4451 1065 4506 in
1107 4453 1392 4506 conventu
1443 4449 1756 4506 multorum
1816 4451 2020 4507 Petrus

367 4545 514 4618 legis
538 4545 751 4616 jugum
784 4543 1131 4614 deprecatur
1179 4557 1194 4595 :
1254 4544 1311 4596 et
1357 4540 1607 4596 Jacohus
1665 4541 2019 4598 concionans

366 4634 561 4700 edicit,
585 4651 698 4690 non
729 4649 858 4689 esse
882 4631 1282 4688 facessendam
1318 4629 1648 4686 molesliam
1693 4632 1773 4688 eis
1820 4631 1919 4704 qui
1951 4649 2019 4687 ex

367 4726 638 4794 gentibus
689 4724 862 4779 fidem
912 4721 1276 4793 susciperent
1321 4735 1336 4774 :
1389 4721 1486 4776 sed
1557 4737 1660 4791 per
1715 4720 2018 4792 epistolam

2141 3556 2196 3612 δὲ
2228 3562 2388 3613 τινῶν
2441 3556 2493 3627 ἐξ
2543 3553 2805 3618 Ἰουδαίας
2853 3559 3121 3626 ἡκόντων,
3152 3560 3237 3613 καὶ
3302 3562 3436 3614 κατά
3483 3561 3579 3615 τὸν
3625 3563 3792 3636 νόμον

2138 3649 2376 3708 Μωσέως
2419 3646 2830 3720 περιτέμνεσθαι
2881 3651 3096 3722 πρῶτον
3166 3646 3591 3722 διατεινομένιιιν
3652 3653 3782 3715 τοὺς

2137 3737 2187 3806 ἐξ
2241 3736 2408 3791 ἐθνῶν
2467 3734 2812 3809 προσιόντας,
2854 3737 2944 3791 καὶ
3003 3735 3147 3792 οὕτω
3193 3739 3463 3794 πιστεύειν
3527 3741 3604 3804 εἰς
3661 3747 3782 3815 Χρι-

2137 3827 2281 3895 στὸν,
2312 3830 2498 3899 τηρεῖν
2536 3846 2594 3880 τε
2640 3826 2728 3880 καῖ
2770 3825 2900 3880 ὅλον
2941 3826 3031 3880 τὸν
3063 3827 3233 3899 νόμον
3293 3828 3534 3884 Μωσέως
3569 3849 3584 3862 ⁸
3647 3839 3783 3906 Βαρ-

2134 3913 2299 3976 νάϐας
2331 3916 2422 3970 καὶ
2459 3917 2672 3977 Παῦλος
2706 3917 2830 3991 περὶ
2861 3922 2962 3986 τῆς
3019 3916 3280 3988 τοιαύτης
3333 3919 3617 3990 ξητήσειυς
3670 3921 3786 3976 ἀνέ-

2135 4003 2308 4076 ϐησαν
2341 4005 2416 4069 εἷς
2446 4006 2822 4080 Ἰεροσόλυμα.
2861 4005 2964 4061 Καὶ
2999 4006 3204 4081 Πέτρος
3255 4009 3374 4080 μὲν,
3425 4009 3789 4073 συνελεύσεως

2135 4096 2361 4152 πολλῶν
2385 4093 2701 4170 γενομένης,
2732 4100 3026 4170 παρῃτεῖτο
3077 4099 3168 4152 τὸν
3215 4102 3312 4153 τοῦ
3357 4099 3538 4172 νόμου
3583 4104 3742 4177 ζυγόν
3773 4123 3785 4135 ·

2132 4181 2394 4249 Ἰάκωϐος
2449 4183 2505 4240 δὲ
2570 4183 2932 4260 δημηγορῶν,
2987 4187 3064 4260 μή
3107 4185 3474 4264 παρενοχλεῖν
3517 4192 3634 4252 τοῖς
3681 4192 3786 4245 ἀπὸ

2133 4281 2238 4332 τῶν
2298 4276 2466 4331 ἐθνῶν
2521 4275 2833 4330 πιστεύουσι
2900 4276 3187 4352 παρηγγύα
3238 4295 3252 4309 ⁸
3336 4277 3646 4335 ἐπιστεῖλαί
3729 4303 3788 4356 γε

2135 4367 2242 4438 μὴν
2275 4365 2458 4427 αὐτοῖς
2501 4364 2804 4440 ἀπέχεσθαι
2860 4369 2969 4420 τῶν
3007 4365 3404 4440 ἀλισγημάτων
3458 4372 3570 4423 τῶν
3629 4367 3787 4424 eiad»—

2131 4453 2266 4518 λων,
2325 4461 2427 4524 τῆς
2503 4453 2776 4528 πορνείας,
2833 4455 2924 4508 καὶ
2987 4458 3084 4508 τοῦ
3141 4459 3393 4512 πνικτοῦ.
3452 4457 3675 4531 Σύναμά
3732 4481 3789 4514 τε

2132 4543 2334 4617 Παύλῳ
2390 4543 2478 4598 καὶ
2529 4537 2776 4618 Βαρνάϐα
2831 4540 3064 4614 Ἰούδας,
3119 4545 3146 4599 ὁ
3205 4545 3295 4598 καὶ
3355 4543 3637 4620 Βαρσαϐἆς
3694 4550 3784 4603 καὶ

2129 4632 2318 4702 Σίλας,
2362 4637 2478 4695 τοῖς
2530 4631 2606 4694 εἷς
2652 4631 3001 4707 Ἀντιόχειαν
3045 4629 3303 4712 ἀδελφοῖς
3358 4634 3735 4709 ἀνεπέμποντο
3767 4655 3781 4668 ⁸

2126 4723 2215 4778 καὶ
2273 4723 2339 4778 τὰ
2389 4719 2685 4798 δεδογμένα
2730 4727 2848 4783 τοῖς
2897 4720 2950 4776 ἐν
3021 4721 3386 4796 Ἰερουσαλὴμ
3447 4726 3782 4788 ἀποστόλοις

369 4813 484 4870 illis
513 4813 990 4886 significandum,
1026 4817 1086 4866 ut
1117 4825 1180 4866 se
1209 4827 1242 4866 a
1281 4809 1774 4866 eontaminatione
1816 4825 2015 4866 eorum

2145 4812 2199 4867 3t”
2247 4810 2544 4882 ἐπιστολῆς
2596 4809 2804 4887 ἔλεγον.
2856 4811 2956 4866 Καὶ
3009 4811 3124 4883 μετ’
3182 4809 3376 4888 ὀλίγον
3442 4811 3597 4877 αὖθις
3642 4815 3786 4870 ἀπέ-

2433 4905 2444 4912 .
2493 4899 2504 4912 .
2759 4894 2800 4912 ε..
3018 4899 3036 4912 .
3195 4902 3218 4912 -
3465 4899 3479 4912 .
3632 4909 3668 4912 _
3722 4903 3744 4912 -

372 4904 694 4977 quteidolis
719 4907 918 4960 essent
947 4901 1294 4969 sacrificate,
1355 4917 1388 4956 a
1453 4900 1855 4971 fornicatione,
1903 4907 1960 4956 et
1990 4920 2022 4956 a

371 4995 666 5052 suffocatis
711 4993 1060 5050 abstineant.
1113 4995 1194 5048 Ita
1241 5007 1374 5047 eum
1426 4991 1604 5046 Paulo
1647 4995 1704 5046 et
1762 4993 2021 5048 Barnaba

368 5083 570 5152 Judas,
603 5081 705 5156 qui
735 5081 911 5138 etiam
943 5079 1224 5136 Barsabas
1268 5079 1462 5136 dictus
1502 5082 1613 5144 est,
1645 5083 1702 5134 et
1749 5079 1921 5149 Silas,
1949 5079 2016 5134 ad

370 5174 576 5229 fratres
647 5169 1038 5227 Antiochenos
1089 5169 1360 5241 legantur
1411 5185 1424 5226 :
1475 5169 1828 5240 eisdemque.
1893 5186 2022 5240 qua:

367 5261 614 5334 apostoli
648 5258 1066 5332 Hierosolymis
1103 5259 1512 5327 decrevissent,
1565 5271 1665 5330 per
1712 5258 2016 5330 epistolam

369 5351 692 5412 insinuant.
738 5349 936 5420 Neque
999 5347 1074 5403 ita
1125 5347 1308 5403 multo
1374 5352 1507 5420 post
1579 5347 1880 5404 Antiochia
1936 5347 2020 5404 illi

371 5455 598 5496 rursum
668 5437 997 5494 discedunt.
1067 5437 1240 5494 Porro
1310 5438 1524 5494 Paulus
1597 5441 1655 5493 et
1725 5437 2018 5493 Barnabas

371 5529 589 5586 offensa
609 5531 662 5585 et
685 5525 1122 5584 exacerbatione
1159 5526 1554 5584 intercedente
1594 5527 2016 5598 sejunguntur;

371 5623 429 5678 et
457 5617 751 5675 Barnabas
781 5617 1018 5690 quidem
1058 5616 1249 5673 Marco
1307 5619 1612 5687 assumpto
1664 5617 1722 5670 in
1764 5616 2017 5686 Cyprum

370 5707 610 5782 trajicit,
652 5707 868 5766 Paulus
914 5713 1103 5765 autem
1149 5705 1268 5763 Sila
1301 5705 1413 5762 sibi
1461 5706 1737 5776 adjuncto
1793 5703 2017 5778 Syriam

2137 4919 2387 4974 στρεφον.
2423 4899 2696 4953 Διίσταται
2756 4894 2812 4951 δὲ
2870 4899 3222 4972 παροξυσμοῦ
3282 4899 3579 4974 γενομένου
3631 4903 3783 4957 n25-

2131 4989 2227 5050 λος
2287 4983 2556 5062 ῐῖαρνάῧᾳ.
2610 4986 2708 5041 Καὶ
2767 4987 2796 5040 ὁ
2857 4988 2950 5059 μὲν
2993 4986 3085 5040 τὸν
3135 4987 3356 5061 Μάρκον
3419 4989 3782 5064 παραλαϐὼν,

2133 5076 2206 5138 είς
2263 5077 2474 5149 Κύπρον
2533 5074 2771 5130 ἀπέπλεε
2813 5092 2827 5106 ⁸
2890 5072 3092 5147 Παύλῳ
3135 5071 3192 5129 δὲ
3250 5075 3418 5140 Σίλας
3473 5076 3778 5156 ἐπιλεγεῖς,

2131 5167 2310 5222 εἷ’πετο
2352 5166 2428 5228 εἷς
2485 5167 2684 5240 Χυρίαν
2739 5184 2752 5198 ·
2802 5164 3048 5240 Λύστραν
3098 5162 3156 5219 δὲ
3202 5167 3292 5220 καὶ
3344 5164 3556 5242 Λέρδην
3596 5169 3776 5240 διιὼν,

2129 5257 2218 5312 καὶ
2276 5277 2368 5312 τον
2426 5255 2688 5331 Τιμόθεον
2745 5249 3247 5330 προσλαμϐάνεται,
3321 5258 3441 5311 υἱὸν
3493 5258 3774 5330 Ἕλληνος

2133 5347 2250 5421 μὲν,
2311 5343 2578 5408 Ἰουδαίας
2634 5341 2694 5400 δὲ
2747 5350 2947 5414 πιστῆς
3003 5342 3132 5399 ὂντα
3189 5341 3354 5400 παῖδα
3389 5367 3403 5382 ·
3445 5349 3504 5402 ὃν
3559 5351 3650 5404 καὶ
3684 5349 3773 5406 διὰ

2128 5437 2256 5498 τοὺς
2313 5432 2611 5498 Ἰουδαίους
2668 5433 2956 5508 οἶκονομίᾳ
3013 5434 3303 5508 χρώμενος
3372 5437 3686 5512 περιέτεμεν
3747 5443 3774 5496 ὁ

2125 5532 2225 5598 τῆς
2256 5532 2563 5602 περιτομῆς
2601 5522 2906 5596 ἀναιρέτης.
2934 5522 3136 5585 Πάντες
3166 5525 3269 5600 γὰρ
3300 5525 3352 5578 οἱ
3381 5524 3431 5595 ἐξ
3493 5526 3774 5586 Ἰουδαίων

2125 5619 2311 5672 πιστοὶ
2359 5613 2581 5685 ἤδεισαν
2638 5614 2840 5689 πατρὸς
2897 5610 3025 5668 ὅντα
3066 5612 3364 5684 Ἕλληνος,
3413 5618 3773 5695 Διεργόμενοι

2127 5703 2186 5764 δὶ
2241 5707 2338 5768 τὰς
2399 5703 2602 5781 ρόλεις,
2631 5704 2700 5760 τὰ
2745 5701 3084 5759 ἀποστολικά
3130 5702 3450 5782 ὑπέσπειρον
3502 5704 3768 5784 δόγματα.
