4084 6208
276 357 400 422 805

1285 345 1902 410 ECCLESIASTICE
1944 344 2338 408 HISTORUE
2379 351 2526 414 LlB.
2573 353 2649 414 ll.

3573 373 3692 433 806

274 483 491 560 Φρυγίᾳ
530 483 660 558 γοῦν
707 478 800 535 καὶ
850 475 1092 548 Γαλατίᾳ
1127 475 1476 551 κηρύξαντες,
1514 473 1604 528 καὶ
1660 473 1759 542 τὴν
1807 479 1916 527 Μυ-

2039 474 2182 545 petit
2225 493 2240 532 :
2289 480 2668 552 Lystramque
2713 485 2770 539 et
2824 483 3046 544 Derben
3103 503 3438 564 peragrans,
3490 497 3688 556 Time-

271 573 388 628 σίαν
423 569 480 626 δὲ
511 568 644 626 εἴσω
688 573 797 624 τῶν
847 565 1036 642 λόγων
1082 565 1320 638 θέμενοι,
1352 565 1486 620 κατᾶ
1533 565 1630 632 τήν
1683 566 1788 618 τῶν
1841 570 1928 617 Βι-

273 663 449 716 θυνῶν
483 658 744 734 ἐπαρχίαν
777 657 914 732 πρὸς
951 654 1168 729 βουλῇς
1200 655 1266 723 ἦν
1307 651 1531 714 ἐκείνοις
1562 651 1883 726 πορεύεσθαι
1906 671 1920 684 ⁸

271 749 371 804 ούκ
429 749 608 804 εἴκασε
669 748 776 818 μὴν
833 743 1028 806 αὐτοὺς
1089 745 1152 799 τὸ
1212 746 1432 814 ,Πνεῦμα
1481 743 1580 810 τήν
1629 741 1797 794 ἐκεῖσε
1855 739 1921 810 δὴ

271 838 618 894 στέλλεσθαι.
672 836 771 900 Εἲς
845 832 1080 911 Τρωάδα
1153 831 1244 887 οὖν
1315 834 1648 906 γενομένοις,
1727 831 1924 906 ὀνείρῳ

267 926 502 982 Παύλου
554 927 876 994 πεισθέντες,
937 923 1013 984 εἷς
1077 919 1409 976 Μακεδονίαν
1476 915 1757 974 διέϐαινον.
1821 920 1921 974 Καὶ

267 1011 336 1085 δὴ
400 1009 702 1076 ἀποϐάντες
753 1019 856 1082 τῆς
913 1012 1072 1080 νεὼς,
1115 1007 1206 1064 διὰ
1265 1009 1630 1082 Σαμοθρᾴκης
1674 1008 1764 1062 καὶ
1821 1014 1921 1078 τῆς

265 1101 596 1166 Νεαπόλεως
651 1101 730 1164 εἷς
767 1102 867 1171 τὴν
917 1101 1144 1174 πρώτην
1192 1101 1299 1153 τῶν
1351 1093 1672 1152 Μακεδόνων
1724 1095 1920 1166 ἥκουσι

261 1191 430 1248 πόλιν
449 1209 463 1224 ’
486 1193 522 1261 ἡ
543 1195 654 1246 τῶν
689 1187 986 1245 Φιλίππων
1018 1186 1155 1258 αὕτη
1189 1184 1478 1243 κολώνεια.
1495 1186 1728 1242 Ἐκεῖθεν
1763 1181 1820 1239 δὲ
1842 1185 1918 1248 εἰς

264 1279 672 1351 Θεσσαλονίκην
721 1281 809 1335 καὶ
861 1280 961 1348 τὴν
1012 1276 1219 1350 ὅμορον
1269 1275 1438 1351 ταύτῃ
1472 1274 1730 1352 Βέῥροιαν
1774 1275 1921 1350 ἐχώ-

269 1387 441 1442 ρουν·
501 1364 690 1424 ἔπειτα
746 1367 823 1430 εἷς
883 1368 1150 1436 Ἀθήνας’
1206 1366 1296 1421 καὶ
1342 1367 1569 1438 καθεξῆς
1617 1367 1716 1436 τήν
1767 1363 1920 1422 ἐσπέ-

269 1477 366 1532 ραν
419 1461 500 1530 τῷ
553 1455 879 1533 Εὗαγγελίῳ
933 1453 1170 1530 διῄεσαν.
1223 1455 1286 1510 Ἦ
1350 1455 1531 1528 μέντοι
1579 1454 1628 1524 ἐξ
1676 1455 1918 1529 Ἱεροσοο

268 1546 464 1622 λύμων
493 1545 784 1618 ἒπιστὸλὴ,
817 1548 882 1616 ἣν
922 1551 1039 1608 τοῖς
1068 1543 1123 1600 ἐν
1155 1545 1480 1618 ’Λντιιοχείᾳ⁹
1513 1544 1682 1618 Συρίᾳ
1728 1565 1784 1598 τε
1825 1545 1913 1600 καὶ

269 1635 515 1708 Κιλικίᾳ,
555 1637 643 1692 καὶ
698 1642 829 1692 πᾶσι
868 1641 984 1700 τοῖς
1031 1633 1081 1706 ἐξ
1131 1634 1292 1690 ἐθνῶν
1342 1639 1689 1690 πιστεύσασιν
1733 1633 1918 1690 ἔστελ-

268 1724 367 1781 λον
424 1724 514 1782 διὰ
572 1727 732 1792 Σίλα,
764 1726 936 1788 οὕτως
997 1723 1085 1778 ἐπὶ
1144 1723 1340 1796 λέξεως
1400 1724 1587 1798 εἶχενσ
1631 1721 1914 1792 «Ἐπειδὴ

265 1815 580 1888 ἠκούσαμεν
626 1814 711 1870 ὅτι
789 1815 930 1874 τινες
989 1811 1239 1876 ἐλθόντες
1294 1811 1548 1885 ἐτάραξαν
1603 1812 1766 1886 ὑμᾶς,
1804 1811 1918 1867 ’λέ-

270 1924 484 1978 γοντες,
514 1903 596 1959 ὅτι
639 1901 722 1958 δεῖ
759 1903 1174 1976 περιτέμνεσθαι
1217 1901 1308 1956 καὶ
1355 1906 1541 1973 τηρεῖν
1592 1901 1684 1956 τὸν
1729 1903 1920 1974 νόμον,

264 1995 350 2054 οἷς
395 1993 458 2047 ού
501 1991 954 2065 διεστειλάμεθα·
1006 1985 1200 2061 Πὲδοξε
1246 1995 1328 2063 τῷ
1372 1991 1509 2067 ἁγίῳ
1539 1991 1761 2064 νεύματι
1813 1991 1900 2046 καὶ

268 2085 408 2154 ἡμίν
469 2078 822 2156 ὁμοθυμαδὸν
867 2082 1189 2157 γενομένοις
1242 2077 1410 2154 μηδὲν
1459 2075 1626 2135 πλέον
1685 2078 1918 2135 ἐπιτίθε-

269 2175 393 2228 σθαι
437 2173 567 2246 ὑμῖν
617 2172 782 2247 βάρος
826 2170 972 2241 πλὴν
1015 2175 1123 2226 τῶν
1173 2168 1472 2246 ἐπάναγκες
1514 2168 1754 2226 τούτων’
1787 2169 1916 2226 ixmi-

268 2265 466 2338 χεσθαι
498 2261 901 2332 εἰδωλοθύτων,
933 2262 1023 2316 καὶ
1069 2259 1324 2334 αἶ’μάτος,
1357 2261 1445 2315 καὶ
1493 2267 1594 2330 τῆς
1643 2260 1918 2336 πορνείας,

263 2351 357 2407 καὶ
404 2356 502 2407 τοῦ
553 2355 796 2407 πνικτοῦ.
844 2353 930 2424 Ἐξ
984 2352 1057 2406 ὧν
1115 2347 1495 2420 διατηροῦντες
1553 2350 1798 2421 ἑαυτοὺς,
1857 2349 1915 2404 εὖ

263 2441 513 2517 πράξετε.
571 2440 874 2516 Ἔρρωσθε.
927 2438 1367 2514 ’Λπεστάλκαμεν
1438 2437 1495 2496 δὲ
1555 2437 1760 2496 Ἰούδαν
1825 2442 1912 2495 καί

265 2531 436 2587 Σίλαν
493 2529 840 2607 ἡγουμένους
900 2529 954 2586 ἐν
1021 2535 1138 2592 τοῖς
1197 2527 1455 2606 ἀδελφοῖς
1511 2531 1604 2584 σὺν
1673 2525 1916 2604 Βαρνάϐᾳ

259 2623 352 2676 καὶ
409 2619 642 2694 Παύλῳ,
691 2621 766 2681 ὡς
815 2620 1122 2698 ἀγαπητοῖς
1169 2621 1328 2692 ἡμῶν
1380 2615 1664 2692 ἀδελφοῖς,
1703 2618 1911 2693 ἀνθρώ.

257 2730 391 2773 ποις
440 2705 852 2782 παραδεδωκόσι
899 2709 995 2772 τὰς
1045 2709 1226 2783 ψυχὰς
1270 2706 1445 2762 αὐτῶν
1491 2707 1624 2782 ὑπὲρ
1667 2712 1765 2764 τοῦ
1799 2707 1914 2762 όνό-

261 2820 435 2872 ματος
489 2803 588 2854 τοῦ
644 2800 840 2872 Κυρίου
893 2801 1052 2872 ἡμῶν
1087 2799 1268 2868 Ἰησοῦ
1326 2801 1584 2871 Χριστοῦ,
1613 2795 1750 2852 ὥστε
1807 2818 1908 2852 πα·-

255 2887 554 2963 ρακαλέσαι
587 2889 730 2962 ὑμᾶς
756 2887 810 2943 ἐν
838 2892 958 2950 τοῖς
991 2885 1185 2964 λόγοις
1209 2886 1451 2951 τούτοις.
1492 2908 1520 2943 ι

2037 564 2234 654 theum
2260 581 2490 639 quoque
2527 572 2792 644 suscipit,
2823 575 3000 631 Grmci
3037 579 3270 649 quidem
3305 586 3507 654 patris,
3541 588 3686 644 ﬁde-

2037 651 2108 708 lis
2136 660 2328 712 autem
2359 657 2567 714 Jndzsze
2600 663 2803 717 matris
2835 664 3042 723 filium.
3076 668 3255 732 Quem
3283 651 3422 729 sane
3453 682 3687 748 propter

2031 742 2286 814 Judaeos,
2338 748 2646 804 consilium
2697 767 2799 822 pro
2847 759 3105 826 tempore
3152 761 3411 832 capiens,
3453 742 3516 820 et
3561 742 3687 824 ille-

2035 847 2161 886 rum
2214 849 2276 888 se
2326 834 2575 906 ingeniis
2608 845 3076 916 accommodans,
3113 864 3234 904 cum
3265 850 3389 922 ipse
3429 853 3684 912 circum-

2033 921 2310 978 cisionem
2360 926 2684 998 abrogaret,
2719 929 3106 990 nihilominus
3149 921 3340 994 tamen
3373 942 3680 1000 circumci-

2033 1009 2138 1104 dit.
2197 1011 2408 1104 Cmnes
2466 1033 2722 1089 namque
2793 1036 2860 1077 ex
2923 1023 3144 1080 Judaeis
3201 1029 3401 1086 fideles
3459 1043 3682 1104 patrem

2030 1099 2156 1192 ejus
2199 1103 2462 1160 Graecum
2511 1105 2808 1166 hominem
2856 1125 2984 1168 esse
3025 1113 3306 1175 sciebant.
3348 1099 3550 1192 Itaque
3596 1125 3686 1182 illi

2031 1188 2257 1248 civitate
2331 1194 2554 1282 passim
2627 1197 2864 1269 adeunt,
2932 1205 2990 1258 et
3067 1206 3380 1276 apostolica
3451 1188 3685 1272 decreta

2029 1281 2418 1378 promulgant.
2474 1289 2536 1342 In
2585 1288 2833 1362 Phrygia
2884 1297 3078 1351 autem
3125 1303 3178 1350 et
3226 1297 3476 1370 Galatia,
3509 1312 3684 1378 atque

2026 1369 2201 1428 etiam
2248 1373 2320 1446 {in
2390 1374 2594 1449 Mysia,
2644 1395 2776 1435 cum
2835 1383 3072 1439 verbum
3134 1369 3680 1459 pradicassentiin

2027 1461 2224 1550 animo
2245 1461 2460 1521 habent
2481 1467 2832 1538 provinciam
2860 1489 3095 1546 quoque
3116 1475 3445 1550 Bithyniam
3480 1483 3682 1542 adire:

2035 1549 2194 1609 I65
2231 1555 2332 1609 sed
2363 1571 2475 1626 quo
2508 1558 2702 1615 minus
2735 1560 2794 1617 id
2842 1563 3079 1635 faciant,
3111 1549 3364 1637 Spiritus
3411 1572 3496 1629 eis
3527 1573 3682 1631 obsi-

2026 1641 2148 1695 stit.
2207 1641 2487 1701 Castorum
2559 1647 2784 1704 Troade
2848 1667 2982 1708 cum
3057 1660 3274 1726 essent,
3335 1658 3395 1714 in
3456 1663 3680 1718 somnis

2026 1727 2210 1784 Paulo
2268 1733 2589 1802 admonito,
2649 1736 3052 1796 Macedoniam
3130 1743 3258 1800 inde
3323 1751 3550 1818 petunt.
3613 1753 3682 1806 Et

1954 1849 2000 1914 Β
2031 1820 2161 1914 navi
2193 1823 2432 1914 egressi,
2467 1841 2568 1896 per
2610 1831 3050 1887 Samothracam
3081 1837 3138 1889 et
3177 1835 3503 1909 Neapolim,
3534 1848 3588 1896 et
3619 1843 3678 1898 in

2032 1910 2283 2000 primam
2315 1912 2697 1972 Macedonicas
2756 1936 2866 1974 oras
2933 1921 3219 1979 civitatem
3279 1925 3678 2000 Philipporum

2029 1998 2320 2055 coloniam
2369 2005 2731 2072 perveniunt.
2763 2008 2906 2064 Inde
2954 2027 3126 2080 porro
3175 1998 3677 2085 Thessalonicam,

2027 2091 2086 2144 et
2115 2089 2425 2148 ﬁnitimam
2467 2095 2516 2148 ei
2565 2095 2924 2164 Berrhceam,
2957 2114 3090 2154 mox
3139 2118 3372 2175 quoque
3416 2107 3674 2164 Athenas

2024 2176 2244 2234 adeunt
2273 2195 2288 2235 :
2320 2196 2387 2238 ac
2417 2181 2690 2256 deinceps
2743 2185 3105 2243 occidentem
3153 2206 3380 2260 versus,
3411 2193 3680 2268 Evange-

2027 2265 2170 2324 lium
2241 2271 2661 2328 annuntiantes
2705 2275 3178 2345 proficiscuntur.
3212 2281 3514 2340 Enimvero
3556 2265 3675 2355 e—pi-

2027 2355 2174 2412 stola
2206 2357 2307 2414 illa
2335 2376 2466 2432 quae
2508 2360 2926 2435 Hierosolymis
2959 2367 3028 2422 ad
3076 2383 3174 2425 eos
3207 2370 3308 2442 qui
3357 2373 3673 2430 Antiochiae

2027 2445 2086 2500 in
2115 2446 2272 2515 Syria
2304 2451 2360 2502 et
2390 2449 2606 2517 Cilicia,
2631 2451 2888 2524 locisque
2932 2453 3064 2512 aliis
3091 2457 3364 2515 omnibus
3395 2460 3464 2514 ad
3501 2461 3669 2518 fidem

2026 2549 2088 2590 se
2116 2549 2184 2590 ex
2215 2537 2487 2607 gentibus
2535 2540 2938 2610 contulissent,
2966 2559 3067 2615 per
3109 2545 3288 2603 Silam
3339 2548 3520 2605 missa
3561 2556 3671 2618 est,

2025 2621 2083 2677 in
2113 2622 2234 2678 haec
2262 2625 2434 2681 verba
2463 2631 2552 2682 est
2581 2632 2859 2700 concepta
2884 2647 2898 2685 :
2931 2653 2961 2682 «
2995 2632 3479 2706 Quandoquidem
3514 2639 3676 2693 audi-

2023 2712 2237 2782 vimus,
2295 2716 2446 2785 quod
2525 2717 2766 2788 quidam
2837 2720 3129 2778 venientes
3185 2740 3290 2780 vos
3358 2725 3672 2799 turbarint,

2017 2798 2278 2856 dicentes
2307 2817 2321 2855 :
2349 2801 2623 2874 Oportcre
2671 2821 2772 2862 vos
2821 2806 3178 2878 circumcidi,
3214 2812 3512 2886 legemque
3549 2831 3672 2872 ser-

2016 2904 2169 2953 vare,
2202 2889 2417 2962 quibus
2449 2892 2505 2948 id
2539 2909 2652 2950 non
2687 2895 3095 2954 mandavimus
3128 2915 3142 2954 :
3178 2899 3367 2957 visum
3417 2908 3507 2960 est
3537 2905 3672 2976 Spi-

255 2979 634 3037 rituisancto
671 2984 730 3036 et
785 2979 951 3036 nobis
1009 2977 1359 3036 unanimiter
1417 2979 1805 3051 congregatis,
1839 2979 1984 3035 nihil
2037 2979 2202 3035 vobis
2263 2979 2416 3037 ultra
2475 2983 2776 3056 imponere
2833 2988 3044 3056 oneris,
3099 2995 3487 3064 prmterquam
3545 2994 3668 3051 haac

252 3071 609 3138 necessaria,
679 3073 742 3126 ut
805 3085 905 3126 vos
968 3068 1307 3126 abstineatis
1371 3069 1446 3126 ab
1519 3068 1928 3137 immolatitiis,
1995 3068 2464 3133 simulacrorum.
2525 3078 2581 3129 et
2663 3076 2970 3148 sanguine,
3023 3083 3079 3134 et
3145 3079 3542 3151 fornicatione,
3609 3091 3669 3142 et

247 3161 557 3218 suﬂ‘ocalo.
587 3161 633 3216 A
665 3161 882 3235 quibus
928 3177 1029 3217 vos
1077 3161 1494 3228 custodientes,
1527 3160 1674 3216 bene
1721 3159 1924 3232 agetis.
1956 3159 2174 3216 Valete.
2224 3161 2485 3218 Misimus
2535 3168 2728 3220 autem
2760 3165 2978 3224 Judam
3029 3174 3086 3225 et
3115 3170 3317 3243 Silam,
3350 3174 3665 3244 primarios

247 3267 322 3306 ex
353 3251 634 3308 fratribus
680 3251 857 3322 viros,
887 3267 1023 3309 cum
1073 3250 1339 3308 Barnaba
1377 3255 1434 3307 et
1481 3250 1676 3319 Paulo,
1711 3250 1942 3308 dilectis
1989 3249 2156 3307 nobis
2207 3251 2512 3323 fratribus,
2567 3254 2905 3313 hominibus
2952 3259 3053 3331 qui
3102 3260 3329 3319 animas
3378 3281 3514 3320 suas
3565 3282 3668 3338 pro

251 3341 496 3398 nomine
529 3342 756 3398 Domini
789 3342 970 3399 nostri
1001 3343 1144 3398 Jesu
1168 3340 1384 3399 Christi
1414 3342 1800 3412 tradiderunt,
1838 3346 1900 3400 ut
1927 3342 2118 3400 verbis
2150 3341 2309 3398 hisce
2339 3361 2438 3400 vos
2469 3347 2914 3404 consolarentur
2943 3349 3008 3406 23.
3045 3373 3074 3401 »

896 3488 1152 3542 ΚΕΦΑΛ.
1192 3486 1269 3541 κ’.
1926 3493 1978 3559 ο

267 3594 428 3667 Περὶ
458 3597 583 3648 τῶν
614 3591 706 3654 εἷς
740 3590 1153 3670 Μακεδονίαν
1183 3589 1614 3670 πραχθέντων
1645 3595 1722 3670 τῷ
1750 3591 1910 3670 ίερο-

331 3663 580 3738 κηρυκι
621 3665 882 3738 Παύλῳο
916 3665 1020 3719 καὶ
1054 3665 1200 3738 περὶ
1228 3663 1580 3750 Διονυισίου
1609 3663 1911 3750 τοῦᾊρε-

336 3735 693 3812 οπαγίτου,
723 3735 835 3790 καί
875 3740 1003 3790 τῶν
1041 3735 1582 3810 συγγραμμάτων
1616 3735 1835 3792 αὐτούξ

335 3860 426 3916 Ἐν
483 3859 790 3920 Φιλίπποις
847 3857 896 3912 δ’
945 3857 1175 3926 οὗσιν,ἡ
1237 3855 1296 3910 ἐκ
1351 3857 1650 3929 Θυατείρων
1703 3879 1912 3934 napo-.3-

261 3947 514 4022 ρόπωλις
557 3953 638 4020 τῷ
689 3949 817 4020 θείῳ
856 3947 1072 4018 λουτρῷ
1121 3945 1368 4020 πρόσεισι
1398 3966 1410 3980 ο
1440 3947 1524 3999 καὶ
1573 3946 1635 4000 τὸ
1679 3945 1730 4000 ἐν
1783 3968 1914 4001 παι-

259 4035 424 4112 δίσκῃ
469 4039 677 4108 πνεῦμα
721 4039 816 4089 τοῦ
869 4035 1124 4096 Πύθωνος
1157 4038 1444 4109 προσταγῇ
1497 4033 1718 4089 Παύλου
1762 4034 1916 4090 ἐλαύο

265 4149 438 4184 νεται.
492 4123 777 4181 Κᾶντεῦθεν
833 4130 949 4187 τοῖς
1006 4125 1214 4198 κυρίοις
1271 4123 1479 4196 ἐκείνης
1533 4131 1634 4194 τῆς
1693 4123 1916 4188 ἐλπίδος

259 4219 358 4286 τῆς
419 4214 619 4270 ἐκεῖθεν
677 4211 954 4290 προσόδου
1026 4217 1486 4291 περιαιρεθείσης,
1553 4211 1723 4288 δεσμὰ
1787 4215 1915 4279 τοὺς

262 4305 608 4368 ἀποστόλους
642 4306 760 4380 εἶχε
795 4307 928 4379 μετὰ
967 4305 1226 4380 πληγάς*
1275 4307 1365 4362 καὶ
1410 4304 1742 4367 ποδοκάκαις
1785 4327 1914 4384 σφο-

262 4395 410 4471 δρῶς
470 4395 750 4464 ἐπιέζοντο
807 4393 964 4450 ’Λλλ’
1021 4394 1074 4449 ἐν
1138 4395 1325 4469 μέσαις
1399 4396 1543 4465 νυξίν
1617 4396 1756 4472 εύχὴ
1828 4397 1916 4450 καὶ

260 4485 523 4561 ἀκρόασις
570 4489 680 4540 τῶν
735 4481 1145 4559 συνδεσμωτῶν.
1203 4485 1303 4540 Καὶ
1355 4485 1482 4540 σείει
1524 4486 1620 4558 μὲν
1667 4488 1766 4556 τὴν
1813 4489 1914 4562 γῆν

263 4577 294 4631 ὁ
355 4575 533 4637 Θυός·
583 4575 638 4628 αἱ
698 4571 754 4629 δὲ
812 4573 969 4650 θύραι
1027 4575 1115 4630 καί
1174 4573 1272 4630 ὅσα
1319 4573 1546 4649 κλεῖθρα
1593 4576 1684 4630 καὶ
1747 4573 1918 4650 δεσμὰ

263 4661 499 4720 ἀνίεντο.
551 4662 608 4714 '0
655 4657 712 4716 δὲ
765 4661 960 4740 φύλαξ,
1023 4665 1220 4736 μικροῦ
1276 4659 1338 4716 ἂν
1396 4660 1657 4737 αὐτόχειρ
1709 4661 1918 4739 ἐγένετο

266 4752 404 4815 ὅλας
460 4751 558 4815 τάς
617 4751 781 4826 θύρας
837 4751 1184 4830 ἀνεῳγμένας
1239 4749 1393 4821 ἰδὼν,
1451 4752 1498 4806 εἰ
1559 4754 1636 4826 μὴ
1700 4752 1917 4818 Παῦλος

2611 3493 2844 3550 CAPUT
2882 3494 3004 3551 XX.

2028 3593 2100 3649 Dc
2152 3598 2457 3668 sacrosacri
2509 3601 2778 3668 praccom’:
2835 3601 3002 3656 Pauli
3047 3603 3104 3656 in
3136 3603 3448 3660 Macedonia
3505 3607 3666 3664 rebus

2089 3668 2260 3790 gestis
2289 3683 2309 3720 :
2341 3676 2393 3721 et
2419 3667 2484 3723 de
2510 3667 2778 3740 Dionysio
2826 3673 3170 3743 Areopagita,
3205 3674 3465 3746 ulmisque
3509 3679 3665 3748 ejus-

2129 3753 2234 3792 cm.

2093 3860 2268 3917 Porro
2300 3877 2434 3918 cum
2491 3865 2772 3938 Philippis
2816 3872 3032 3937 essent,
3068 3886 3334 3944 purpurae
3381 3874 3668 3932 venditrix

2025 3964 2053 4004 e
2082 3949 2313 4007 civitate
2341 3951 2746 4024 Thyatirorum
2782 3957 2997 4014 femina
3035 3959 3104 4014 ad
3140 3960 3402 4017 divinum
3446 3965 3670 4020 accedit

2024 4039 2343 4096 lavacrum.
2388 4043 2455 4096 Et
2519 4043 2760 4115 spiritus
2809 4045 3089 4118 Pythonis
3149 4049 3322 4119 jussu
3391 4051 3553 4107 Pauli
3601 4069 3670 4109 ex

2027 4128 2218 4200 puella
2251 4131 2524 4203 profugit.
2557 4132 2739 4203 Cujus
2769 4133 3046 4206 dominis,
3079 4151 3211 4193 cum
3245 4153 3380 4209 spes
3411 4143 3670 4210 quaestus

2025 4221 2173 4291 ejus,
2204 4236 2380 4292 quem
2420 4237 2488 4278 ex
2535 4238 2603 4278 ea
2649 4222 2973 4296 capiebant,
3007 4229 3157 4282 esset
3199 4229 3462 4298 praecisa,
3491 4227 3673 4286 illicet

2027 4310 2212 4382 plagae
2258 4314 2316 4366 et
2371 4310 2605 4368 vincula
2674 4312 2964 4385 apostolos
3021 4315 3328 4387 arripiunt,
3385 4323 3443 4373 et
3499 4320 3674 4390 pedes

2027 4415 2223 4456 eorum
2279 4400 2593 4457 admodum
2643 4403 3070 4476 constringunt.
3117 4405 3225 4461 Sed
3273 4405 3427 4462 enim
3461 4406 3676 4462 intem-

2028 4493 2186 4560 pesta
2233 4493 2400 4545 nocte
2445 4505 2644 4562 preces
2687 4491 2760 4546 ab
2807 4491 2890 4548 eis
2958 4493 3126 4560 fiunt,
3167 4509 3314 4564 quas
3360 4493 3420 4549 in
3469 4495 3672 4550 eodem

2027 4594 2253 4635 carcere
2299 4579 2474 4636 vincti
2520 4584 2706 4648 erant,
2738 4581 3075 4638 exaudiunt.
3119 4583 3195 4638 Ac
3240 4582 3394 4640 Deus
3440 4583 3670 4653 quidem

2027 4679 2232 4724 terram
2276 4673 2468 4724 movet
2493 4676 2548 4725 et
2594 4670 2897 4727 concutit:
2949 4671 3098 4726 fores
3145 4675 3362 4732 autem,
3395 4670 3670 4737 claustra,

2027 4763 2082 4812 et
2110 4755 2343 4813 vincula
2370 4757 2564 4814 omnia
2611 4757 2938 4815 solvuntur.
2971 4758 3176 4816 Custos
3225 4773 3392 4830 porro
3421 4757 3670 4813 carceris

264 4845 426 4918 φωνῇ
474 4845 669 4897 τοῦτον
703 4839 1042 4913 ἀνέστελλεν,
1074 4843 1308 4903 ἅπαντας
1359 4837 1513 4896 ἔνδον
1563 4842 1700 4896 εἶναι
1733 4841 1916 4912 εἷ’πών,

2034 4845 2184 4902 fores
2215 4862 2420 4904 omnes
2449 4854 2678 4919 apertas
2724 4848 3113 4920 conspiciens,
3143 4846 3266 4918 ipse
3304 4845 3412 4902 sibi
3442 4846 3671 4902 attulis-

269 4933 368 4988 Καὶ
417 4931 602 5008 φωτὸς
661 4927 958 5005 διαρπάσας
1015 4929 1329 5005 εῖσῄει,καί
1383 4930 1435 4988 τί
1492 4928 1604 4986 δέοι
1662 4933 1916 5007 πράττειν

266 5024 481 5098 ἠρώτα.
517 5023 613 5077 Καὶ
649 5023 700 5076 οἱ
734 5024 829 5096 μὲν
855 5023 947 5078 τὸν
982 5019 1152 5098 λόγον
1181 5019 1561 5096 κατήγγελλον
1585 5037 1600 5054 ⁸
1643 5024 1671 5078 ὸ
1725 5021 1780 5078 δὲ
1827 5023 1921 5088 τάς

264 5112 489 5188 πληγάς
538 5109 844 5186 ἐθεράπευε,
893 5110 983 5166 καί
1039 5109 1260 5186 χλιαρῷ
1315 5109 1568 5184 ἀπένιψεν
1630 5109 1804 5168 ὕδατι.
1857 5115 1918 5168 Οἱ

267 5200 328 5258 δὲ
375 5201 440 5257 τὸ
486 5202 630 5256 θεῖον
680 5199 992 5277 ἐχορήγουν
1041 5199 1220 5272 τούτῳ
1267 5197 1533 5275 λουτρόν⁶
1591 5203 1682 5256 καὶ
1731 5197 1919 5277 ἔχαιρε

265 5293 364 5348 σὺν
415 5295 546 5346 πᾶσι
591 5295 711 5352 τοῖς
761 5291 958 5345 ἑαυτοῦ
999 5293 1219 5364 Χριστῷ
1267 5289 1526 5365 προσιών.
1563 5291 1712 5365 ’Ἅμα
1753 5288 1800 5345 δ’
1844 5288 1920 5364 ἕῳ

267 5382 375 5438 ὑπὸ
433 5385 542 5437 τῶν
606 5399 922 5456 στρατηγων
975 5387 1076 5450 τῆς
1135 5379 1354 5454 εἰρκτῆς
1413 5379 1661 5436 ἂινίεντο·
1695 5381 1785 5437 καὶ
1849 5379 1924 5436 δι’

264 5468 662 5546 Ἀμφιπόλεως
693 5471 785 5526 καὶ
818 5468 1198 5532 Ἀπολλωνίας
1243 5472 1312 5542 τῇ
1355 5469 1718 5544 Θεσσαλονίκῃ
1750 5491 1919 5546 προσ-

348 5675 396 5712 ²⁸
428 5674 555 5729 Act.
586 5686 680 5742 xv,
709 5669 780 5726 24
809 5685 976 5742 seqq.

2034 4941 2122 4992 set
2152 4951 2382 5003 manus,
2415 4935 2527 4992 nisi
2563 4952 2695 4992 eum
2744 4953 2880 4994 voce
2918 4953 3028 4993 sua
3071 4935 3286 4990 Paulus
3314 4932 3486 4991 166
3515 4935 3674 4991 cohi-

2029 5026 2272 5096 buisset,
2305 5041 2506 5082 omnes
2555 5027 2749 5084 adhuc
2795 5027 2956 5083 intus
3003 5041 3131 5082 esse
3181 5025 3405 5082 dicens.
3452 5027 3538 5082 Ita
3573 5042 3720 5082 cun

2029 5120 2174 5183 stos,
2206 5115 2441 5172 lucerna
2471 5121 2721 5188 arrepta,
2753 5131 3039 5172 carcerem
3071 5114 3416 5187 ingreditur,
3447 5121 3502 5172 et
3534 5115 3675 5186 quid

2029 5204 2140 5259 sibi
2199 5203 2525 5260 faciendum
2585 5205 2681 5272 sit,
2741 5209 2920 5275 rogat.
2971 5205 3115 5261 Tum
3173 5203 3258 5259 illi
3315 5204 3367 5261 ei
3421 5203 3674 5260 Verbum

2030 5293 2440 5364 depraedicant,
2473 5298 2528 5351 et
2577 5295 2703 5366 ipse
2752 5297 3013 5350 recentes
3043 5309 3246 5351 eorum
3292 5295 3510 5352 vibices
3537 5293 3676 5350 sub-

2031 5381 2216 5440 calida
2245 5383 2398 5440 lavat
2429 5400 2580 5456 aqua
2613 5400 2628 5439 :
2657 5399 2757 5454 pro
2789 5400 2902 5455 qua
2941 5384 3014 5440 ab
3047 5383 3162 5440 illis
3203 5384 3465 5441 divinum
3497 5382 3678 5440 sumit

2031 5473 2342 5528 lavacrum.
2413 5475 2613 5544 Itaque
2673 5474 2722 5526 is
2792 5490 2920 5528 cum
2983 5474 3107 5530 suis
3181 5475 3453 5531 omnibus
3509 5474 3675 5530 latus
