  <div class='ocr_page' id='page_1' title='image "/cluster/home/n/w/nwhite01/storage/ocr_20150623/145/hvd.32044054086921/409.png"; bbox 0 0 4016 6206; ppageno 0'>
   <div class='ocr_carea' id='block_1_1' title="bbox 480 314 599 376">
    <p class='ocr_par' dir='ltr' id='par_1_1' title="bbox 480 314 599 376">
     <span class='ocr_line' id='line_1_1' title="bbox 480 314 599 376; baseline -0.017 0"><span class='ocrx_word' id='word_1_1' title='bbox 480 314 599 376; x_wconf 82' lang='lat'><strong>807</strong></span> 
     </span>
    </p>
   </div>
   <div class='ocr_carea' id='block_1_2' title="bbox 1777 309 3835 396">
    <p class='ocr_par' dir='ltr' id='par_1_2' title="bbox 1777 309 3835 396">
     <span class='ocr_line' id='line_1_2' title="bbox 1777 309 3835 396; baseline 0.009 -26"><span class='ocrx_word' id='word_1_2' title='bbox 1777 309 2200 374; x_wconf 80' lang='lat' dir='ltr'><strong>NICEPHORI</strong></span> <span class='ocrx_word' id='word_1_3' title='bbox 2245 315 2595 378; x_wconf 81' lang='lat' dir='ltr'><strong>CALLISTI</strong></span> <span class='ocrx_word' id='word_1_4' title='bbox 3555 390 3562 396; x_wconf 86' lang='lat'><strong><em>_</em></strong></span> <span class='ocrx_word' id='word_1_5' title='bbox 3749 329 3835 389; x_wconf 85' lang='lat'><strong>808</strong></span> 
     </span>
    </p>
   </div>
   <div class='ocr_carea' id='block_1_3' title="bbox 481 441 2114 524">
    <p class='ocr_par' dir='ltr' id='par_1_3' title="bbox 481 443 2114 515">
     <span class='ocr_line' id='line_1_3' title="bbox 481 443 2114 515; baseline -0.003 -12"><span class='ocrx_word' id='word_1_6' title='bbox 481 447 712 503; x_wconf 87' lang='lat' dir='ltr'><strong>Christo</strong></span> <span class='ocrx_word' id='word_1_7' title='bbox 759 462 885 502; x_wconf 86' lang='lat' dir='ltr'><strong>sese</strong></span> <span class='ocrx_word' id='word_1_8' title='bbox 929 445 1102 502; x_wconf 82' lang='lat' dir='ltr'><strong>dicat.</strong></span> <span class='ocrx_word' id='word_1_9' title='bbox 1137 444 1353 500; x_wconf 85' lang='lat' dir='ltr'><strong>Deinde</strong></span> <span class='ocrx_word' id='word_1_10' title='bbox 1401 443 1484 499; x_wconf 92' lang='lat' dir='ltr'><strong>illi</strong></span> <span class='ocrx_word' id='word_1_11' title='bbox 1533 443 1680 498; x_wconf 86' lang='lat' dir='ltr'><strong>bene</strong></span> <span class='ocrx_word' id='word_1_12' title='bbox 1725 459 1898 498; x_wconf 84' lang='lat' dir='ltr'><strong>mane</strong></span> <span class='ocrx_word' id='word_1_13' title='bbox 1939 445 2114 515; x_wconf 37' lang='lat' dir='ltr'><strong>magi‘</strong></span> 
     </span>
    </p>
   </div>
   <div class='ocr_carea' id='block_1_4' title="bbox 2225 441 3834 524">
    <p class='ocr_par' dir='ltr' id='par_1_4' title="bbox 2238 441 3834 524">
     <span class='ocr_line' id='line_1_4' title="bbox 2238 441 3834 524; baseline 0.009 -26"><span class='ocrx_word' id='word_1_14' title='bbox 2238 441 2459 504; x_wconf 75' lang='grc' dir='ltr'>ἐϐαλον.</span> <span class='ocrx_word' id='word_1_15' title='bbox 2511 449 2576 504; x_wconf 75' lang='lat' dir='ltr'><strong>Oi</strong></span> <span class='ocrx_word' id='word_1_16' title='bbox 2633 446 2689 504; x_wconf 77' lang='grc' dir='ltr'>δὲ</span> <span class='ocrx_word' id='word_1_17' title='bbox 2747 455 2852 504; x_wconf 86' lang='grc' dir='ltr'><strong>τῶν</strong></span> <span class='ocrx_word' id='word_1_18' title='bbox 2909 450 3190 508; x_wconf 80' lang='grc' dir='ltr'><strong>Ἰουδαίων</strong></span> <span class='ocrx_word' id='word_1_19' title='bbox 3264 453 3504 517; x_wconf 80' lang='grc' dir='ltr'><strong>ἀπειθεῖς</strong></span> <span class='ocrx_word' id='word_1_20' title='bbox 3563 457 3662 524; x_wconf 74' lang='grc' dir='ltr'>τὴν</span> <span class='ocrx_word' id='word_1_21' title='bbox 3715 457 3834 520; x_wconf 73' lang='grc' dir='ltr'>πόλιν</span> 
     </span>
    </p>
   </div>
   <div class='ocr_carea' id='block_1_5' title="bbox 482 533 2132 609">
    <p class='ocr_par' dir='ltr' id='par_1_5' title="bbox 482 533 2132 609">
     <span class='ocr_line' id='line_1_5' title="bbox 482 533 2132 609; baseline -0.002 -14"><span class='ocrx_word' id='word_1_22' title='bbox 482 544 702 595; x_wconf 89' lang='lat' dir='ltr'><strong>stratus</strong></span> <span class='ocrx_word' id='word_1_23' title='bbox 761 537 1292 609; x_wconf 88' lang='lat' dir='ltr'><strong>primariorumque</strong></span> <span class='ocrx_word' id='word_1_24' title='bbox 1349 533 1606 591; x_wconf 90' lang='lat' dir='ltr'><strong>virorum</strong></span> <span class='ocrx_word' id='word_1_25' title='bbox 1675 535 1849 605; x_wconf 82' lang='lat' dir='ltr'><strong>jussu</strong></span> <span class='ocrx_word' id='word_1_26' title='bbox 1905 552 2132 591; x_wconf 81' lang='lat' dir='ltr'><strong>carcere</strong></span> 
     </span>
    </p>
   </div>
   <div class='ocr_carea' id='block_1_6' title="bbox 480 624 2129 698">
    <p class='ocr_par' dir='ltr' id='par_1_6' title="bbox 480 624 2129 698">
     <span class='ocr_line' id='line_1_6' title="bbox 480 624 2129 698; baseline -0.004 -12"><span class='ocrx_word' id='word_1_27' title='bbox 480 629 697 698; x_wconf 86' lang='lat' dir='ltr'><strong>emissi,</strong></span> <span class='ocrx_word' id='word_1_28' title='bbox 757 643 856 698; x_wconf 86' lang='lat' dir='ltr'><strong>per</strong></span> <span class='ocrx_word' id='word_1_29' title='bbox 928 625 1324 698; x_wconf 86' lang='lat' dir='ltr'><strong>Amphipolim</strong></span> <span class='ocrx_word' id='word_1_30' title='bbox 1393 629 1450 680; x_wconf 91' lang='lat' dir='ltr'><strong>et</strong></span> <span class='ocrx_word' id='word_1_31' title='bbox 1501 624 1892 696; x_wconf 81' lang='lat' dir='ltr'><strong>Apolloniam,</strong></span> <span class='ocrx_word' id='word_1_32' title='bbox 1950 626 2129 680; x_wconf 85' lang='lat' dir='ltr'><strong>Thes-</strong></span> 
     </span>
    </p>
   </div>
   <div class='ocr_carea' id='block_1_7' title="bbox 479 713 2128 787">
    <p class='ocr_par' dir='ltr' id='par_1_7' title="bbox 479 713 2128 787">
     <span class='ocr_line' id='line_1_7' title="bbox 479 713 2128 787; baseline -0.002 -14"><span class='ocrx_word' id='word_1_33' title='bbox 479 717 797 774; x_wconf 84' lang='lat' dir='ltr'><strong>salonicam</strong></span> <span class='ocrx_word' id='word_1_34' title='bbox 821 716 1184 787; x_wconf 88' lang='lat' dir='ltr'><strong>perveniunt.</strong></span> <span class='ocrx_word' id='word_1_35' title='bbox 1211 715 1288 770; x_wconf 89' lang='lat' dir='ltr'><strong>lbi</strong></span> <span class='ocrx_word' id='word_1_36' title='bbox 1311 714 1493 770; x_wconf 73' lang='lat' dir='ltr'><strong>Judaei</strong></span> <span class='ocrx_word' id='word_1_37' title='bbox 1512 715 1569 770; x_wconf 92' lang='lat' dir='ltr'><strong>in</strong></span> <span class='ocrx_word' id='word_1_38' title='bbox 1596 713 1795 770; x_wconf 89' lang='lat' dir='ltr'><strong>lideles</strong></span> <span class='ocrx_word' id='word_1_39' title='bbox 1815 714 2128 770; x_wconf 91' lang='lat' dir='ltr'><strong>tumultum</strong></span> 
     </span>
    </p>
   </div>
   <div class='ocr_carea' id='block_1_8' title="bbox 479 803 2127 874">
    <p class='ocr_par' dir='ltr' id='par_1_8' title="bbox 479 803 2127 874">
     <span class='ocr_line' id='line_1_8' title="bbox 479 803 2127 874; baseline -0.001 -14"><span class='ocrx_word' id='word_1_40' title='bbox 479 807 536 862; x_wconf 91' lang='lat' dir='ltr'><strong>in</strong></span> <span class='ocrx_word' id='word_1_41' title='bbox 589 807 730 860; x_wconf 82' lang='lat' dir='ltr'><strong>urbe</strong></span> <span class='ocrx_word' id='word_1_42' title='bbox 781 810 1029 870; x_wconf 86' lang='lat' dir='ltr'><strong>movent,</strong></span> <span class='ocrx_word' id='word_1_43' title='bbox 1064 807 1120 859; x_wconf 86' lang='lat' dir='ltr'><strong>et</strong></span> <span class='ocrx_word' id='word_1_44' title='bbox 1161 803 1383 870; x_wconf 87' lang='lat' dir='ltr'><strong>Jasoni,</strong></span> <span class='ocrx_word' id='word_1_45' title='bbox 1426 803 1524 873; x_wconf 91' lang='lat' dir='ltr'><strong>qui</strong></span> <span class='ocrx_word' id='word_1_46' title='bbox 1575 819 1674 860; x_wconf 89' lang='lat' dir='ltr'><strong>eos</strong></span> <span class='ocrx_word' id='word_1_47' title='bbox 1723 803 1972 874; x_wconf 84' lang='lat' dir='ltr'><strong>benigne</strong></span> <span class='ocrx_word' id='word_1_48' title='bbox 2022 804 2127 858; x_wconf 88' lang='lat' dir='ltr'><strong>ho-</strong></span> 
     </span>
    </p>
   </div>
   <div class='ocr_carea' id='block_1_9' title="bbox 478 894 2128 967">
    <p class='ocr_par' dir='ltr' id='par_1_9' title="bbox 478 894 2128 967">
     <span class='ocr_line' id='line_1_9' title="bbox 478 894 2128 967; baseline -0.002 -15"><span class='ocrx_word' id='word_1_49' title='bbox 478 897 652 967; x_wconf 90' lang='lat' dir='ltr'><strong>spitio</strong></span> <span class='ocrx_word' id='word_1_50' title='bbox 699 901 1019 966; x_wconf 81' lang='lat' dir='ltr'><strong>exceperat,</strong></span> <span class='ocrx_word' id='word_1_51' title='bbox 1069 895 1366 966; x_wconf 82' lang='lat' dir='ltr'><strong>negotium</strong></span> <span class='ocrx_word' id='word_1_52' title='bbox 1419 895 1736 949; x_wconf 80' lang='lat' dir='ltr'><strong>facessunt.</strong></span> <span class='ocrx_word' id='word_1_53' title='bbox 1768 894 1882 948; x_wconf 90' lang='lat' dir='ltr'><strong>Nec</strong></span> <span class='ocrx_word' id='word_1_54' title='bbox 1933 895 2128 948; x_wconf 91' lang='lat' dir='ltr'><strong>minus</strong></span> 
     </span>
    </p>
   </div>
   <div class='ocr_carea' id='block_1_10' title="bbox 476 983 2129 1042">
    <p class='ocr_par' dir='ltr' id='par_1_10' title="bbox 476 983 2129 1042">
     <span class='ocr_line' id='line_1_10' title="bbox 476 983 2129 1042; baseline -0.002 -1"><span class='ocrx_word' id='word_1_55' title='bbox 476 991 533 1042; x_wconf 89' lang='lat' dir='ltr'><strong>et</strong></span> <span class='ocrx_word' id='word_1_56' title='bbox 576 985 858 1041; x_wconf 67' lang='lat' dir='ltr'><strong>Berrhmze</strong></span> <span class='ocrx_word' id='word_1_57' title='bbox 913 983 1132 1039; x_wconf 81' lang='lat' dir='ltr'><strong>similia</strong></span> <span class='ocrx_word' id='word_1_58' title='bbox 1178 984 1262 1040; x_wconf 88' lang='lat' dir='ltr'><strong>eis</strong></span> <span class='ocrx_word' id='word_1_59' title='bbox 1317 983 1610 1039; x_wconf 88' lang='lat' dir='ltr'><strong>accidunt.</strong></span> <span class='ocrx_word' id='word_1_60' title='bbox 1661 983 1769 1038; x_wconf 80' lang='lat' dir='ltr'><strong>Sed</strong></span> <span class='ocrx_word' id='word_1_61' title='bbox 1835 983 2050 1039; x_wconf 79' lang='lat' dir='ltr'><strong>Paulus</strong></span> <span class='ocrx_word' id='word_1_62' title='bbox 2096 1001 2129 1037; x_wconf 94' lang='lat' dir='ltr'><strong>a</strong></span> 
     </span>
    </p>
   </div>
   <div class='ocr_carea' id='block_1_11' title="bbox 477 1071 2123 1138">
    <p class='ocr_par' dir='ltr' id='par_1_11' title="bbox 477 1071 2123 1138">
     <span class='ocr_line' id='line_1_11' title="bbox 477 1071 2123 1138; baseline -0.001 -9"><span class='ocrx_word' id='word_1_63' title='bbox 477 1073 752 1130; x_wconf 79' lang='lat' dir='ltr'><strong>fratribus</strong></span> <span class='ocrx_word' id='word_1_64' title='bbox 794 1073 866 1129; x_wconf 88' lang='lat' dir='ltr'><strong>ad</strong></span> <span class='ocrx_word' id='word_1_65' title='bbox 913 1088 1074 1129; x_wconf 89' lang='lat' dir='ltr'><strong>mare</strong></span> <span class='ocrx_word' id='word_1_66' title='bbox 1121 1071 1424 1138; x_wconf 88' lang='lat' dir='ltr'><strong>deductus,</strong></span> <span class='ocrx_word' id='word_1_67' title='bbox 1458 1071 1716 1126; x_wconf 78' lang='lat' dir='ltr'><strong>Athenas</strong></span> <span class='ocrx_word' id='word_1_68' title='bbox 1768 1071 1940 1127; x_wconf 84' lang='lat' dir='ltr'><strong>venit.</strong></span> <span class='ocrx_word' id='word_1_69' title='bbox 1983 1072 2123 1128; x_wconf 87' lang='lat' dir='ltr'><strong>Eam</strong></span> 
     </span>
    </p>
   </div>
   <div class='ocr_carea' id='block_1_12' title="bbox 473 1159 2124 1228">
    <p class='ocr_par' dir='ltr' id='par_1_12' title="bbox 473 1159 2124 1228">
     <span class='ocr_line' id='line_1_12' title="bbox 473 1159 2124 1228; baseline -0.002 -8"><span class='ocrx_word' id='word_1_70' title='bbox 473 1165 680 1222; x_wconf 87' lang='lat' dir='ltr'><strong>urbem</strong></span> <span class='ocrx_word' id='word_1_71' title='bbox 713 1161 1158 1220; x_wconf 86' lang='lat' dir='ltr'><strong>simulacrorum</strong></span> <span class='ocrx_word' id='word_1_72' title='bbox 1191 1159 1374 1216; x_wconf 88' lang='lat' dir='ltr'><strong>cultui</strong></span> <span class='ocrx_word' id='word_1_73' title='bbox 1419 1161 1669 1217; x_wconf 87' lang='lat' dir='ltr'><strong>deditam</strong></span> <span class='ocrx_word' id='word_1_74' title='bbox 1703 1175 1973 1228; x_wconf 86' lang='lat' dir='ltr'><strong>cernens,</strong></span> <span class='ocrx_word' id='word_1_75' title='bbox 2006 1177 2124 1216; x_wconf 89' lang='lat' dir='ltr'><strong>ser-</strong></span> 
     </span>
    </p>
   </div>
   <div class='ocr_carea' id='block_1_13' title="bbox 477 1238 2125 1322">
    <p class='ocr_par' dir='ltr' id='par_1_13' title="bbox 477 1238 2125 1322">
     <span class='ocr_line' id='line_1_13' title="bbox 477 1238 2125 1322; baseline -0.003 -13"><span class='ocrx_word' id='word_1_76' title='bbox 477 1269 680 1310; x_wconf 87' lang='lat' dir='ltr'><strong>mones</strong></span> <span class='ocrx_word' id='word_1_77' title='bbox 711 1256 764 1308; x_wconf 86' lang='lat' dir='ltr'><strong>et</strong></span> <span class='ocrx_word' id='word_1_78' title='bbox 810 1267 945 1308; x_wconf 90' lang='lat' dir='ltr'><strong>cum</strong></span> <span class='ocrx_word' id='word_1_79' title='bbox 976 1251 1058 1308; x_wconf 89' lang='lat' dir='ltr'><strong>eis</strong></span> <span class='ocrx_word' id='word_1_80' title='bbox 1091 1248 1193 1322; x_wconf 89' lang='lat' dir='ltr'><strong>qui</strong></span> <span class='ocrx_word' id='word_1_81' title='bbox 1240 1264 1309 1304; x_wconf 84' lang='lat' dir='ltr'><strong>ex</strong></span> <span class='ocrx_word' id='word_1_82' title='bbox 1355 1238 1860 1321; x_wconf 75' lang='lat' dir='ltr'><strong>synagoga&#39;erant</strong></span> <span class='ocrx_word' id='word_1_83' title='bbox 1905 1249 2125 1306; x_wconf 62' lang='lat' dir='ltr'><strong>Judais</strong></span> 
     </span>
    </p>
   </div>
   <div class='ocr_carea' id='block_1_14' title="bbox 475 1336 2124 1414">
    <p class='ocr_par' dir='ltr' id='par_1_14' title="bbox 475 1336 2124 1414">
     <span class='ocr_line' id='line_1_14' title="bbox 475 1336 2124 1414; baseline -0.003 -15"><span class='ocrx_word' id='word_1_84' title='bbox 475 1348 532 1400; x_wconf 87' lang='lat' dir='ltr'><strong>et</strong></span> <span class='ocrx_word' id='word_1_85' title='bbox 561 1358 694 1398; x_wconf 90' lang='lat' dir='ltr'><strong>cum</strong></span> <span class='ocrx_word' id='word_1_86' title='bbox 728 1339 1092 1414; x_wconf 87' lang='lat' dir='ltr'><strong>philosophis</strong></span> <span class='ocrx_word' id='word_1_87' title='bbox 1125 1338 1426 1412; x_wconf 86' lang='lat' dir='ltr'><strong>Epicureis</strong></span> <span class='ocrx_word' id='word_1_88' title='bbox 1458 1336 1634 1394; x_wconf 88' lang='lat' dir='ltr'><strong>simul</strong></span> <span class='ocrx_word' id='word_1_89' title='bbox 1666 1341 1724 1394; x_wconf 88' lang='lat' dir='ltr'><strong>et</strong></span> <span class='ocrx_word' id='word_1_90' title='bbox 1743 1337 1950 1394; x_wconf 83' lang='lat' dir='ltr'><strong>Stoicis</strong></span> <span class='ocrx_word' id='word_1_91' title='bbox 1980 1354 2124 1395; x_wconf 81' lang='lat' dir='ltr'><strong>con-</strong></span> 
     </span>
    </p>
   </div>
   <div class='ocr_carea' id='block_1_15' title="bbox 476 1427 2123 1502">
    <p class='ocr_par' dir='ltr' id='par_1_15' title="bbox 476 1427 2123 1502">
     <span class='ocr_line' id='line_1_15' title="bbox 476 1427 2123 1502; baseline -0.002 -15"><span class='ocrx_word' id='word_1_92' title='bbox 476 1433 671 1488; x_wconf 87' lang='lat' dir='ltr'><strong>fert.A</strong></span> <span class='ocrx_word' id='word_1_93' title='bbox 703 1431 918 1502; x_wconf 84' lang='lat' dir='ltr'><strong>quibus</strong></span> <span class='ocrx_word' id='word_1_94' title='bbox 967 1433 1245 1501; x_wconf 83' lang='lat' dir='ltr'><strong>tanquam</strong></span> <span class='ocrx_word' id='word_1_95' title='bbox 1291 1427 1698 1502; x_wconf 84' lang='lat' dir='ltr'><strong>nugigerulus,</strong></span> <span class='ocrx_word' id='word_1_96' title='bbox 1729 1429 2123 1500; x_wconf 58' lang='lat' dir='ltr'><strong>:inaniumque</strong></span> 
     </span>
    </p>
   </div>
   <div class='ocr_carea' id='block_1_16' title="bbox 472 1519 2123 1592">
    <p class='ocr_par' dir='ltr' id='par_1_16' title="bbox 472 1519 2123 1592">
     <span class='ocr_line' id='line_1_16' title="bbox 472 1519 2123 1592; baseline -0.002 -13"><span class='ocrx_word' id='word_1_97' title='bbox 472 1522 779 1579; x_wconf 89' lang='lat' dir='ltr'><strong>verborum</strong></span> <span class='ocrx_word' id='word_1_98' title='bbox 812 1526 990 1582; x_wconf 87' lang='lat' dir='ltr'><strong>sator,</strong></span> <span class='ocrx_word' id='word_1_99' title='bbox 1023 1526 1080 1576; x_wconf 89' lang='lat' dir='ltr'><strong>et</strong></span> <span class='ocrx_word' id='word_1_100' title='bbox 1116 1519 1557 1592; x_wconf 88' lang='lat' dir='ltr'><strong>peregrinorum</strong></span> <span class='ocrx_word' id='word_1_101' title='bbox 1610 1520 1849 1575; x_wconf 89' lang='lat' dir='ltr'><strong>deorum</strong></span> <span class='ocrx_word' id='word_1_102' title='bbox 1900 1535 2123 1575; x_wconf 89' lang='lat' dir='ltr'><strong>annun-</strong></span> 
     </span>
    </p>
   </div>
   <div class='ocr_carea' id='block_1_17' title="bbox 472 1609 2122 1681">
    <p class='ocr_par' dir='ltr' id='par_1_17' title="bbox 472 1609 2122 1681">
     <span class='ocr_line' id='line_1_17' title="bbox 472 1609 2122 1681; baseline -0.002 -13"><span class='ocrx_word' id='word_1_103' title='bbox 472 1612 666 1679; x_wconf 89' lang='lat' dir='ltr'><strong>tiator,</strong></span> <span class='ocrx_word' id='word_1_104' title='bbox 716 1609 990 1667; x_wconf 87' lang='lat' dir='ltr'><strong>conviciis</strong></span> <span class='ocrx_word' id='word_1_105' title='bbox 1040 1609 1294 1681; x_wconf 78' lang='lat' dir='ltr'><strong>graviter</strong></span> <span class='ocrx_word' id='word_1_106' title='bbox 1339 1610 1663 1679; x_wconf 77' lang='lat' dir='ltr'><strong>exagitator</strong></span> <span class='ocrx_word' id='word_1_107' title='bbox 1703 1624 1718 1663; x_wconf 89' lang='lat'><strong><em>:</em></strong></span> <span class='ocrx_word' id='word_1_108' title='bbox 1764 1611 1820 1663; x_wconf 89' lang='lat' dir='ltr'><strong>et</strong></span> <span class='ocrx_word' id='word_1_109' title='bbox 1865 1624 2122 1680; x_wconf 89' lang='lat' dir='ltr'><strong>compre-</strong></span> 
     </span>
    </p>
   </div>
   <div class='ocr_carea' id='block_1_18' title="bbox 472 1697 2117 1770">
    <p class='ocr_par' dir='ltr' id='par_1_18' title="bbox 472 1697 2117 1770">
     <span class='ocr_line' id='line_1_18' title="bbox 472 1697 2117 1770; baseline -0.002 -14"><span class='ocrx_word' id='word_1_110' title='bbox 472 1701 714 1768; x_wconf 87' lang='lat' dir='ltr'><strong>hensus,</strong></span> <span class='ocrx_word' id='word_1_111' title='bbox 759 1699 820 1754; x_wconf 89' lang='lat' dir='ltr'><strong>in</strong></span> <span class='ocrx_word' id='word_1_112' title='bbox 869 1714 1210 1770; x_wconf 89' lang='lat' dir='ltr'><strong>supremum</strong></span> <span class='ocrx_word' id='word_1_113' title='bbox 1263 1697 1342 1752; x_wconf 90' lang='lat' dir='ltr'><strong>ibi</strong></span> <span class='ocrx_word' id='word_1_114' title='bbox 1385 1697 1696 1767; x_wconf 89' lang='lat' dir='ltr'><strong>judicium,</strong></span> <span class='ocrx_word' id='word_1_115' title='bbox 1727 1697 2117 1768; x_wconf 82' lang='lat' dir='ltr'><strong>Areopagum,</strong></span> 
     </span>
    </p>
   </div>
   <div class='ocr_carea' id='block_1_19' title="bbox 2243 533 3836 616">
    <p class='ocr_par' dir='ltr' id='par_1_19' title="bbox 2243 533 3836 616">
     <span class='ocr_line' id='line_1_19' title="bbox 2243 533 3836 616; baseline 0.009 -28"><span class='ocrx_word' id='word_1_116' title='bbox 2243 533 2530 612; x_wconf 66' lang='grc' dir='ltr'>ἐτάραττον</span> <span class='ocrx_word' id='word_1_117' title='bbox 2572 557 2584 569; x_wconf 76' lang='grc' dir='ltr'><strong>ο</strong></span> <span class='ocrx_word' id='word_1_118' title='bbox 2654 540 2744 593; x_wconf 73' lang='grc' dir='ltr'>καὶ</span> <span class='ocrx_word' id='word_1_119' title='bbox 2821 539 3054 613; x_wconf 75' lang='grc' dir='ltr'>Ἰάσωνι,</span> <span class='ocrx_word' id='word_1_120' title='bbox 3112 542 3171 604; x_wconf 78' lang='grc' dir='ltr'><strong>’ὸς</strong></span> <span class='ocrx_word' id='word_1_121' title='bbox 3257 543 3452 606; x_wconf 74' lang='grc' dir='ltr'>αὐτοὺς</span> <span class='ocrx_word' id='word_1_122' title='bbox 3541 543 3836 616; x_wconf 58' lang='lat' dir='ltr'><strong>Exossatum,</strong></span> 
     </span>
    </p>
   </div>
   <div class='ocr_carea' id='block_1_20' title="bbox 2241 626 3837 712">
    <p class='ocr_par' dir='ltr' id='par_1_20' title="bbox 2241 626 3837 712">
     <span class='ocr_line' id='line_1_20' title="bbox 2241 626 3837 712; baseline 0.008 -34"><span class='ocrx_word' id='word_1_123' title='bbox 2241 626 2539 702; x_wconf 72' lang='grc' dir='ltr'>πράγματα</span> <span class='ocrx_word' id='word_1_124' title='bbox 2611 635 2914 704; x_wconf 78' lang='grc' dir='ltr'>προσῆγον.</span> <span class='ocrx_word' id='word_1_125' title='bbox 2973 633 3047 684; x_wconf 73' lang='grc' dir='ltr'><strong>Τὰ</strong></span> <span class='ocrx_word' id='word_1_126' title='bbox 3107 629 3195 685; x_wconf 72' lang='grc' dir='ltr'><strong>ἴσα</strong></span> <span class='ocrx_word' id='word_1_127' title='bbox 3270 630 3327 687; x_wconf 75' lang='grc' dir='ltr'>δὲ</span> <span class='ocrx_word' id='word_1_128' title='bbox 3392 635 3482 688; x_wconf 82' lang='grc' dir='ltr'><strong>καὶ</strong></span> <span class='ocrx_word' id='word_1_129' title='bbox 3545 633 3596 688; x_wconf 84' lang='grc' dir='ltr'>ἐν</span> <span class='ocrx_word' id='word_1_130' title='bbox 3661 635 3837 712; x_wconf 70' lang='grc' dir='ltr'>Βερῥοίᾳ</span> 
     </span>
    </p>
   </div>
   <div class='ocr_carea' id='block_1_21' title="bbox 2237 715 3837 800">
    <p class='ocr_par' dir='ltr' id='par_1_21' title="bbox 2237 715 3837 800">
     <span class='ocr_line' id='line_1_21' title="bbox 2237 715 3837 800; baseline 0.008 -32"><span class='ocrx_word' id='word_1_131' title='bbox 2237 715 2454 776; x_wconf 65' lang='grc' dir='ltr'>τούτοις</span> <span class='ocrx_word' id='word_1_132' title='bbox 2489 716 2717 782; x_wconf 74' lang='grc' dir='ltr'>ὑπήντα.</span> <span class='ocrx_word' id='word_1_133' title='bbox 2751 718 2926 772; x_wconf 81' lang='grc' dir='ltr'><strong>Ἀλλᾶ</strong></span> <span class='ocrx_word' id='word_1_134' title='bbox 2959 718 3172 782; x_wconf 76' lang='grc' dir='ltr'>Παῦλος</span> <span class='ocrx_word' id='word_1_135' title='bbox 3219 718 3308 775; x_wconf 78' lang='grc' dir='ltr'><strong>διὰ</strong></span> <span class='ocrx_word' id='word_1_136' title='bbox 3349 727 3460 777; x_wconf 87' lang='grc' dir='ltr'><strong>τῶν</strong></span> <span class='ocrx_word' id='word_1_137' title='bbox 3507 721 3744 800; x_wconf 72' lang='grc' dir='ltr'>ἀδελφῶν</span> <span class='ocrx_word' id='word_1_138' title='bbox 3784 727 3837 789; x_wconf 81' lang='grc' dir='ltr'><strong>είς</strong></span> 
     </span>
    </p>
   </div>
   <div class='ocr_carea' id='block_1_22' title="bbox 2237 804 3834 886">
    <p class='ocr_par' dir='ltr' id='par_1_22' title="bbox 2237 804 3834 886">
     <span class='ocr_line' id='line_1_22' title="bbox 2237 804 3834 886; baseline 0.01 -32"><span class='ocrx_word' id='word_1_139' title='bbox 2237 804 2336 871; x_wconf 80' lang='grc' dir='ltr'>τὴν</span> <span class='ocrx_word' id='word_1_140' title='bbox 2383 805 2652 858; x_wconf 67' lang='grc' dir='ltr'>θάλασσαν</span> <span class='ocrx_word' id='word_1_141' title='bbox 2699 805 2995 881; x_wconf 73' lang='grc' dir='ltr'>ἤγετο,καὶ</span> <span class='ocrx_word' id='word_1_142' title='bbox 3049 805 3210 882; x_wconf 78' lang='grc' dir='ltr'>ἄχρις</span> <span class='ocrx_word' id='word_1_143' title='bbox 3271 811 3514 880; x_wconf 75' lang='grc' dir='ltr'>Ἀθηνῶν</span> <span class='ocrx_word' id='word_1_144' title='bbox 3574 811 3834 886; x_wconf 66' lang='grc' dir='ltr'>ἐπορεύετο.</span> 
     </span>
    </p>
   </div>
   <div class='ocr_carea' id='block_1_23' title="bbox 2239 891 3839 978">
    <p class='ocr_par' dir='ltr' id='par_1_23' title="bbox 2239 891 3839 978">
     <span class='ocr_line' id='line_1_23' title="bbox 2239 891 3839 978; baseline 0.006 -29"><span class='ocrx_word' id='word_1_145' title='bbox 2239 891 2511 956; x_wconf 78' lang='grc' dir='ltr'>Εἰδώλοις</span> <span class='ocrx_word' id='word_1_146' title='bbox 2543 892 2601 948; x_wconf 72' lang='grc' dir='ltr'><strong>δὲ</strong></span> <span class='ocrx_word' id='word_1_147' title='bbox 2632 894 2838 970; x_wconf 79' lang='grc' dir='ltr'>σφόδρα</span> <span class='ocrx_word' id='word_1_148' title='bbox 2868 899 2968 966; x_wconf 77' lang='grc' dir='ltr'>τήν</span> <span class='ocrx_word' id='word_1_149' title='bbox 3018 896 3183 953; x_wconf 80' lang='grc' dir='ltr'>πόλιν</span> <span class='ocrx_word' id='word_1_150' title='bbox 3231 900 3372 974; x_wconf 85' lang='grc' dir='ltr'>ὁρῶν</span> <span class='ocrx_word' id='word_1_151' title='bbox 3419 901 3839 978; x_wconf 73' lang='grc' dir='ltr'>προσανέχουσαν,</span> 
     </span>
    </p>
   </div>
   <div class='ocr_carea' id='block_1_24' title="bbox 2234 983 3838 1064">
    <p class='ocr_par' dir='ltr' id='par_1_24' title="bbox 2234 983 3838 1064">
     <span class='ocr_line' id='line_1_24' title="bbox 2234 983 3838 1064; baseline 0.006 -28"><span class='ocrx_word' id='word_1_152' title='bbox 2234 987 2352 1045; x_wconf 87' lang='grc' dir='ltr'>τοῖς</span> <span class='ocrx_word' id='word_1_153' title='bbox 2407 1003 2466 1038; x_wconf 89' lang='grc' dir='ltr'><strong>τε</strong></span> <span class='ocrx_word' id='word_1_154' title='bbox 2527 983 2587 1038; x_wconf 82' lang='grc' dir='ltr'>ἐκ</span> <span class='ocrx_word' id='word_1_155' title='bbox 2657 991 2757 1054; x_wconf 76' lang='grc' dir='ltr'>τῆς</span> <span class='ocrx_word' id='word_1_156' title='bbox 2834 995 3147 1064; x_wconf 78' lang='grc' dir='ltr'><strong>συναγωγῆς</strong></span> <span class='ocrx_word' id='word_1_157' title='bbox 3208 986 3558 1062; x_wconf 79' lang='grc' dir='ltr'>διωμιλεῖτο,</span> <span class='ocrx_word' id='word_1_158' title='bbox 3615 992 3707 1045; x_wconf 79' lang='grc' dir='ltr'>καὶ</span> <span class='ocrx_word' id='word_1_159' title='bbox 3753 998 3838 1054; x_wconf 81' lang='grc' dir='ltr'>σοῖς</span> 
     </span>
    </p>
   </div>
   <div class='ocr_carea' id='block_1_25' title="bbox 2237 1071 3843 1155">
    <p class='ocr_par' dir='ltr' id='par_1_25' title="bbox 2237 1071 3843 1155">
     <span class='ocr_line' id='line_1_25' title="bbox 2237 1071 3843 1155; baseline 0.007 -30"><span class='ocrx_word' id='word_1_160' title='bbox 2237 1072 2406 1127; x_wconf 79' lang='grc' dir='ltr'><strong>ἐκεῖσε</strong></span> <span class='ocrx_word' id='word_1_161' title='bbox 2456 1071 2803 1150; x_wconf 77' lang='grc' dir='ltr'><strong>φιλοσόφοις,</strong></span> <span class='ocrx_word' id='word_1_162' title='bbox 2848 1081 2965 1138; x_wconf 86' lang='grc' dir='ltr'>τοῖς</span> <span class='ocrx_word' id='word_1_163' title='bbox 3013 1097 3072 1130; x_wconf 93' lang='grc' dir='ltr'><strong>τε</strong></span> <span class='ocrx_word' id='word_1_164' title='bbox 3118 1076 3222 1132; x_wconf 85' lang='grc' dir='ltr'><strong>ἀπὸ</strong></span> <span class='ocrx_word' id='word_1_165' title='bbox 3271 1082 3367 1132; x_wconf 74' lang='grc' dir='ltr'><strong>τοῦ</strong></span> <span class='ocrx_word' id='word_1_166' title='bbox 3415 1081 3738 1155; x_wconf 80' lang='grc' dir='ltr'>Ἐπικούρου</span> <span class='ocrx_word' id='word_1_167' title='bbox 3773 1083 3843 1136; x_wconf 73' lang='grc' dir='ltr'>καὶ</span> 
     </span>
    </p>
   </div>
   <div class='ocr_carea' id='block_1_26' title="bbox 2233 1160 3842 1242">
    <p class='ocr_par' dir='ltr' id='par_1_26' title="bbox 2233 1160 3842 1242">
     <span class='ocr_line' id='line_1_26' title="bbox 2233 1160 3842 1242; baseline 0.006 -27"><span class='ocrx_word' id='word_1_168' title='bbox 2233 1167 2332 1230; x_wconf 77' lang='grc' dir='ltr'><strong>τῆς</strong></span> <span class='ocrx_word' id='word_1_169' title='bbox 2383 1165 2574 1224; x_wconf 77' lang='grc' dir='ltr'>Στοᾶς.</span> <span class='ocrx_word' id='word_1_170' title='bbox 2623 1165 2718 1228; x_wconf 85' lang='grc' dir='ltr'>Οἷς</span> <span class='ocrx_word' id='word_1_171' title='bbox 2769 1160 2835 1233; x_wconf 73' lang='grc' dir='ltr'><strong>δὴ</strong></span> <span class='ocrx_word' id='word_1_172' title='bbox 2887 1165 2976 1219; x_wconf 80' lang='grc' dir='ltr'><strong>καὶ</strong></span> <span class='ocrx_word' id='word_1_173' title='bbox 3025 1164 3100 1228; x_wconf 85' lang='grc' dir='ltr'>ὣς</span> <span class='ocrx_word' id='word_1_174' title='bbox 3151 1166 3531 1242; x_wconf 79' lang='grc' dir='ltr'><strong>σπερμολόγος</strong></span> <span class='ocrx_word' id='word_1_175' title='bbox 3581 1171 3678 1224; x_wconf 81' lang='grc' dir='ltr'><strong>καὶ</strong></span> <span class='ocrx_word' id='word_1_176' title='bbox 3718 1171 3842 1242; x_wconf 78' lang='grc' dir='ltr'>ξένων</span> 
     </span>
    </p>
   </div>
   <div class='ocr_carea' id='block_1_27' title="bbox 2234 1247 3843 1332">
    <p class='ocr_par' dir='ltr' id='par_1_27' title="bbox 2234 1247 3843 1332">
     <span class='ocr_line' id='line_1_27' title="bbox 2234 1247 3843 1332; baseline 0.007 -29"><span class='ocrx_word' id='word_1_177' title='bbox 2234 1247 2530 1323; x_wconf 72' lang='grc' dir='ltr'>δαιμονίων</span> <span class='ocrx_word' id='word_1_178' title='bbox 2565 1251 2926 1328; x_wconf 80' lang='grc' dir='ltr'><strong>καταγγελεὺς</strong></span> <span class='ocrx_word' id='word_1_179' title='bbox 2975 1251 3368 1332; x_wconf 72' lang='grc' dir='ltr'>περιύϐριστο⁶</span> <span class='ocrx_word' id='word_1_180' title='bbox 3417 1257 3508 1313; x_wconf 82' lang='grc' dir='ltr'><strong>καὶ</strong></span> <span class='ocrx_word' id='word_1_181' title='bbox 3556 1255 3698 1329; x_wconf 77' lang='grc' dir='ltr'>δῆτα</span> <span class='ocrx_word' id='word_1_182' title='bbox 3745 1259 3843 1315; x_wconf 73' lang='grc' dir='ltr'>εἵσω</span> 
     </span>
    </p>
   </div>
   <div class='ocr_carea' id='block_1_28' title="bbox 2234 1341 3844 1423">
    <p class='ocr_par' dir='ltr' id='par_1_28' title="bbox 2234 1341 3844 1423">
     <span class='ocr_line' id='line_1_28' title="bbox 2234 1341 3844 1423; baseline 0.007 -29"><span class='ocrx_word' id='word_1_183' title='bbox 2234 1344 2436 1418; x_wconf 75' lang='grc' dir='ltr'>χειρῶν</span> <span class='ocrx_word' id='word_1_184' title='bbox 2485 1341 2726 1415; x_wconf 69' lang='grc' dir='ltr'>θέμενοι,</span> <span class='ocrx_word' id='word_1_185' title='bbox 2757 1342 2847 1398; x_wconf 77' lang='grc' dir='ltr'>ἐπὶ</span> <span class='ocrx_word' id='word_1_186' title='bbox 2895 1345 2955 1399; x_wconf 88' lang='grc' dir='ltr'>τὸ</span> <span class='ocrx_word' id='word_1_187' title='bbox 2998 1347 3128 1420; x_wconf 81' lang='grc' dir='ltr'>παρ’</span> <span class='ocrx_word' id='word_1_188' title='bbox 3175 1347 3364 1410; x_wconf 80' lang='grc' dir='ltr'>αὐτοῖς</span> <span class='ocrx_word' id='word_1_189' title='bbox 3417 1349 3676 1423; x_wconf 68' lang='grc' dir='ltr'>μέγιστον</span> <span class='ocrx_word' id='word_1_190' title='bbox 3725 1347 3844 1405; x_wconf 79' lang='grc' dir='ltr'>δικα-</span> 
     </span>
    </p>
   </div>
   <div class='ocr_carea' id='block_1_29' title="bbox 2233 1431 3844 1512">
    <p class='ocr_par' dir='ltr' id='par_1_29' title="bbox 2233 1431 3844 1512">
     <span class='ocr_line' id='line_1_29' title="bbox 2233 1431 3844 1512; baseline 0.007 -30"><span class='ocrx_word' id='word_1_191' title='bbox 2233 1431 2452 1503; x_wconf 73' lang='grc' dir='ltr'>στήριον</span> <span class='ocrx_word' id='word_1_192' title='bbox 2499 1433 2736 1508; x_wconf 79' lang='grc' dir='ltr'>ἄγουσιν,</span> <span class='ocrx_word' id='word_1_193' title='bbox 2785 1432 2830 1504; x_wconf 85' lang='grc' dir='ltr'>ᾦ</span> <span class='ocrx_word' id='word_1_194' title='bbox 2880 1434 3095 1508; x_wconf 77' lang='grc' dir='ltr'>Ἄρειος</span> <span class='ocrx_word' id='word_1_195' title='bbox 3141 1437 3316 1512; x_wconf 75' lang='grc' dir='ltr'>πάγος</span> <span class='ocrx_word' id='word_1_196' title='bbox 3383 1434 3598 1511; x_wconf 79' lang='grc' dir='ltr'>ὄνομα·</span> <span class='ocrx_word' id='word_1_197' title='bbox 3658 1440 3736 1493; x_wconf 75' lang='grc' dir='ltr'><strong>καὶ</strong></span> <span class='ocrx_word' id='word_1_198' title='bbox 3783 1443 3844 1510; x_wconf 77' lang='grc' dir='ltr'>τῷ</span> 
     </span>
    </p>
   </div>
   <div class='ocr_carea' id='block_1_30' title="bbox 2232 1516 3846 1599">
    <p class='ocr_par' dir='ltr' id='par_1_30' title="bbox 2232 1516 3846 1599">
     <span class='ocr_line' id='line_1_30' title="bbox 2232 1516 3846 1599; baseline 0.007 -27"><span class='ocrx_word' id='word_1_199' title='bbox 2232 1516 2490 1593; x_wconf 74' lang='grc' dir='ltr'>συνεδρίῳ</span> <span class='ocrx_word' id='word_1_200' title='bbox 2551 1525 2658 1574; x_wconf 87' lang='grc' dir='ltr'><strong>τῶν</strong></span> <span class='ocrx_word' id='word_1_201' title='bbox 2733 1519 2998 1578; x_wconf 78' lang='grc' dir='ltr'>δικαστῶν</span> <span class='ocrx_word' id='word_1_202' title='bbox 3069 1527 3532 1599; x_wconf 68' lang='grc' dir='ltr'>παραστήσαντες,</span> <span class='ocrx_word' id='word_1_203' title='bbox 3599 1528 3744 1584; x_wconf 71' lang='grc' dir='ltr'>ἐννέα</span> <span class='ocrx_word' id='word_1_204' title='bbox 3803 1525 3846 1584; x_wconf 76' lang='grc' dir='ltr'><em>δὲ</em></span> 
     </span>
    </p>
   </div>
   <div class='ocr_carea' id='block_1_31' title="bbox 2229 1607 3842 1690">
    <p class='ocr_par' dir='ltr' id='par_1_31' title="bbox 2229 1607 3842 1690">
     <span class='ocr_line' id='line_1_31' title="bbox 2229 1607 3842 1690; baseline 0.006 -31"><span class='ocrx_word' id='word_1_205' title='bbox 2229 1607 2364 1675; x_wconf 77' lang='grc' dir='ltr'>ἦσαν</span> <span class='ocrx_word' id='word_1_206' title='bbox 2417 1607 2589 1679; x_wconf 80' lang='grc' dir='ltr'><strong>οὗτοι⁹</strong></span> <span class='ocrx_word' id='word_1_207' title='bbox 2639 1610 2802 1686; x_wconf 82' lang='grc' dir='ltr'>σοφίᾳ</span> <span class='ocrx_word' id='word_1_208' title='bbox 2842 1609 2934 1664; x_wconf 78' lang='grc' dir='ltr'><strong>καὶ</strong></span> <span class='ocrx_word' id='word_1_209' title='bbox 2981 1610 3147 1686; x_wconf 82' lang='grc' dir='ltr'>ἀρετῇ</span> <span class='ocrx_word' id='word_1_210' title='bbox 3195 1613 3286 1666; x_wconf 82' lang='grc' dir='ltr'><strong>καὶ</strong></span> <span class='ocrx_word' id='word_1_211' title='bbox 3332 1615 3478 1690; x_wconf 79' lang='grc' dir='ltr'>γένεε</span> <span class='ocrx_word' id='word_1_212' title='bbox 3530 1615 3620 1669; x_wconf 80' lang='grc' dir='ltr'><strong>καὶ</strong></span> <span class='ocrx_word' id='word_1_213' title='bbox 3655 1615 3842 1687; x_wconf 76' lang='grc' dir='ltr'>πλούτῳ</span> 
     </span>
    </p>
   </div>
   <div class='ocr_carea' id='block_1_32' title="bbox 2230 1693 3846 1776">
    <p class='ocr_par' dir='ltr' id='par_1_32' title="bbox 2230 1693 3846 1776">
     <span class='ocr_line' id='line_1_32' title="bbox 2230 1693 3846 1776; baseline 0.006 -26"><span class='ocrx_word' id='word_1_214' title='bbox 2230 1699 2338 1750; x_wconf 88' lang='grc' dir='ltr'><strong>τῶν</strong></span> <span class='ocrx_word' id='word_1_215' title='bbox 2390 1693 2574 1752; x_wconf 74' lang='grc' dir='ltr'>ἄλλων</span> <span class='ocrx_word' id='word_1_216' title='bbox 2626 1696 2838 1752; x_wconf 68' lang='grc' dir='ltr'>πάντων</span> <span class='ocrx_word' id='word_1_217' title='bbox 2888 1699 3203 1776; x_wconf 67' lang='grc' dir='ltr'>ὑπερφέρειν</span> <span class='ocrx_word' id='word_1_218' title='bbox 3269 1700 3576 1774; x_wconf 72' lang='grc' dir='ltr'>δοκοῦντες,</span> <span class='ocrx_word' id='word_1_219' title='bbox 3627 1703 3714 1759; x_wconf 81' lang='grc' dir='ltr'>ἐπὶ</span> <span class='ocrx_word' id='word_1_220' title='bbox 3760 1711 3846 1759; x_wconf 80' lang='grc' dir='ltr'><strong>τῶν</strong></span> 
     </span>
    </p>
   </div>
   <div class='ocr_carea' id='block_1_33' title="bbox 471 1781 2114 1877">
    <p class='ocr_par' dir='ltr' id='par_1_33' title="bbox 471 1785 2114 1857">
     <span class='ocr_line' id='line_1_33' title="bbox 471 1785 2114 1857; baseline -0.003 -12"><span class='ocrx_word' id='word_1_221' title='bbox 471 1806 571 1846; x_wconf 88' lang='lat' dir='ltr'><strong>seu</strong></span> <span class='ocrx_word' id='word_1_222' title='bbox 608 1788 812 1844; x_wconf 84' lang='lat' dir='ltr'><strong>Martis</strong></span> <span class='ocrx_word' id='word_1_223' title='bbox 843 1787 1049 1844; x_wconf 90' lang='lat' dir='ltr'><strong>collem</strong></span> <span class='ocrx_word' id='word_1_224' title='bbox 1102 1788 1427 1855; x_wconf 85' lang='lat' dir='ltr'><strong>nominant,</strong></span> <span class='ocrx_word' id='word_1_225' title='bbox 1461 1785 1820 1857; x_wconf 86' lang='lat' dir='ltr'><strong>producitur,</strong></span> <span class='ocrx_word' id='word_1_226' title='bbox 1851 1790 2023 1856; x_wconf 80' lang='lat' dir='ltr'><strong>atque</strong></span> <span class='ocrx_word' id='word_1_227' title='bbox 2050 1787 2114 1841; x_wconf 89' lang='lat' dir='ltr'><strong>ad</strong></span> 
     </span>
    </p>
   </div>
   <div class='ocr_carea' id='block_1_34' title="bbox 2225 1781 3844 1877">
    <p class='ocr_par' dir='ltr' id='par_1_34' title="bbox 2233 1781 3844 1868">
     <span class='ocr_line' id='line_1_34' title="bbox 2233 1781 3844 1868; baseline 0.007 -30"><span class='ocrx_word' id='word_1_228' title='bbox 2233 1781 2557 1840; x_wconf 74' lang='grc' dir='ltr'>δικαστικῶν</span> <span class='ocrx_word' id='word_1_229' title='bbox 2611 1787 2818 1860; x_wconf 80' lang='grc' dir='ltr'>θρόνων</span> <span class='ocrx_word' id='word_1_230' title='bbox 2885 1785 3200 1862; x_wconf 72' lang='grc' dir='ltr'>ἀριστίνδην</span> <span class='ocrx_word' id='word_1_231' title='bbox 3272 1790 3644 1866; x_wconf 80' lang='grc' dir='ltr'>ἐξειλεγμένοι</span> <span class='ocrx_word' id='word_1_232' title='bbox 3701 1796 3844 1868; x_wconf 72' lang='grc' dir='ltr'><strong>προῦο</strong></span> 
     </span>
    </p>
   </div>
   <div class='ocr_carea' id='block_1_35' title="bbox 467 1874 2126 1949">
    <p class='ocr_par' dir='ltr' id='par_1_35' title="bbox 467 1874 2126 1949">
     <span class='ocr_line' id='line_1_35' title="bbox 467 1874 2126 1949; baseline -0.001 -16"><span class='ocrx_word' id='word_1_233' title='bbox 467 1879 734 1949; x_wconf 85' lang='lat' dir='ltr'><strong>judicum</strong></span> <span class='ocrx_word' id='word_1_234' title='bbox 768 1877 1043 1932; x_wconf 88' lang='lat' dir='ltr'><strong>subsellia</strong></span> <span class='ocrx_word' id='word_1_235' title='bbox 1073 1877 1324 1932; x_wconf 79' lang='lat' dir='ltr'><strong>sistitur.</strong></span> <span class='ocrx_word' id='word_1_236' title='bbox 1357 1875 1570 1933; x_wconf 84' lang='lat' dir='ltr'><strong>Novem</strong></span> <span class='ocrx_word' id='word_1_237' title='bbox 1604 1876 1642 1930; x_wconf 90' lang='lat' dir='ltr'><strong>ii</strong></span> <span class='ocrx_word' id='word_1_238' title='bbox 1675 1880 1863 1943; x_wconf 89' lang='lat' dir='ltr'><strong>erant,</strong></span> <span class='ocrx_word' id='word_1_239' title='bbox 1895 1874 2126 1946; x_wconf 86' lang='lat' dir='ltr'><strong>sapien-</strong></span> 
     </span>
    </p>
   </div>
   <div class='ocr_carea' id='block_1_36' title="bbox 470 1965 2120 2037">
    <p class='ocr_par' dir='ltr' id='par_1_36' title="bbox 470 1965 2120 2037">
     <span class='ocr_line' id='line_1_36' title="bbox 470 1965 2120 2037; baseline -0.002 -16"><span class='ocrx_word' id='word_1_240' title='bbox 470 1967 572 2034; x_wconf 85' lang='lat' dir='ltr'><strong>tia,</strong></span> <span class='ocrx_word' id='word_1_241' title='bbox 605 1967 837 2036; x_wconf 88' lang='lat' dir='ltr'><strong>virtute,</strong></span> <span class='ocrx_word' id='word_1_242' title='bbox 870 1982 1078 2037; x_wconf 87' lang='lat' dir='ltr'><strong>genere</strong></span> <span class='ocrx_word' id='word_1_243' title='bbox 1119 1969 1176 2020; x_wconf 86' lang='lat' dir='ltr'><strong>et</strong></span> <span class='ocrx_word' id='word_1_244' title='bbox 1219 1965 1428 2036; x_wconf 88' lang='lat' dir='ltr'><strong>opibus</strong></span> <span class='ocrx_word' id='word_1_245' title='bbox 1475 1965 1752 2020; x_wconf 89' lang='lat' dir='ltr'><strong>omnibus</strong></span> <span class='ocrx_word' id='word_1_246' title='bbox 1802 1965 1930 2020; x_wconf 86' lang='lat' dir='ltr'><strong>aliis</strong></span> <span class='ocrx_word' id='word_1_247' title='bbox 1980 1981 2120 2036; x_wconf 46' lang='lat' dir='ltr'><strong>prie.</strong></span> 
     </span>
    </p>
   </div>
   <div class='ocr_carea' id='block_1_37' title="bbox 471 2054 2122 2126">
    <p class='ocr_par' dir='ltr' id='par_1_37' title="bbox 471 2054 2122 2126">
     <span class='ocr_line' id='line_1_37' title="bbox 471 2054 2122 2126; baseline -0.002 -15"><span class='ocrx_word' id='word_1_248' title='bbox 471 2055 786 2112; x_wconf 86' lang='lat' dir='ltr'><strong>stantiores</strong></span> <span class='ocrx_word' id='word_1_249' title='bbox 814 2055 1017 2124; x_wconf 87' lang='lat' dir='ltr'><strong>habiti,</strong></span> <span class='ocrx_word' id='word_1_250' title='bbox 1041 2064 1093 2111; x_wconf 88' lang='lat' dir='ltr'><strong>et</strong></span> <span class='ocrx_word' id='word_1_251' title='bbox 1119 2057 1185 2111; x_wconf 88' lang='lat' dir='ltr'><strong>ad</strong></span> <span class='ocrx_word' id='word_1_252' title='bbox 1204 2054 1492 2126; x_wconf 89' lang='lat' dir='ltr'><strong>judicium</strong></span> <span class='ocrx_word' id='word_1_253' title='bbox 1527 2070 1741 2110; x_wconf 90' lang='lat' dir='ltr'><strong>munus</strong></span> <span class='ocrx_word' id='word_1_254' title='bbox 1761 2054 2122 2118; x_wconf 86' lang='lat' dir='ltr'><strong>obeundum,</strong></span> 
     </span>
    </p>
   </div>
   <div class='ocr_carea' id='block_1_38' title="bbox 473 2144 2120 2218">
    <p class='ocr_par' dir='ltr' id='par_1_38' title="bbox 473 2144 2120 2218">
     <span class='ocr_line' id='line_1_38' title="bbox 473 2144 2120 2218; baseline -0.002 -17"><span class='ocrx_word' id='word_1_255' title='bbox 473 2151 648 2218; x_wconf 85' lang='lat' dir='ltr'><strong>prout</strong></span> <span class='ocrx_word' id='word_1_256' title='bbox 674 2147 918 2218; x_wconf 89' lang='lat' dir='ltr'><strong>quisque</strong></span> <span class='ocrx_word' id='word_1_257' title='bbox 947 2163 1148 2203; x_wconf 88' lang='lat' dir='ltr'><strong>eorum</strong></span> <span class='ocrx_word' id='word_1_258' title='bbox 1172 2147 1334 2202; x_wconf 88' lang='lat' dir='ltr'><strong>visus</strong></span> <span class='ocrx_word' id='word_1_259' title='bbox 1364 2149 1422 2202; x_wconf 89' lang='lat' dir='ltr'><strong>et</strong></span> <span class='ocrx_word' id='word_1_260' title='bbox 1452 2147 1734 2218; x_wconf 91' lang='lat' dir='ltr'><strong>optimus,</strong></span> <span class='ocrx_word' id='word_1_261' title='bbox 1757 2145 1827 2200; x_wconf 86' lang='lat' dir='ltr'><strong>ad</strong></span> <span class='ocrx_word' id='word_1_262' title='bbox 1863 2144 2120 2200; x_wconf 88' lang='lat' dir='ltr'><strong>tribunal</strong></span> 
     </span>
    </p>
   </div>
   <div class='ocr_carea' id='block_1_39' title="bbox 470 2233 2118 2304">
    <p class='ocr_par' dir='ltr' id='par_1_39' title="bbox 470 2233 2118 2304">
     <span class='ocr_line' id='line_1_39' title="bbox 470 2233 2118 2304; baseline -0.002 -14"><span class='ocrx_word' id='word_1_263' title='bbox 470 2237 626 2293; x_wconf 89' lang='lat' dir='ltr'><strong>lecti.</strong></span> <span class='ocrx_word' id='word_1_264' title='bbox 657 2237 724 2292; x_wconf 90' lang='lat' dir='ltr'><strong>In</strong></span> <span class='ocrx_word' id='word_1_265' title='bbox 765 2235 954 2292; x_wconf 88' lang='lat' dir='ltr'><strong>medio</strong></span> <span class='ocrx_word' id='word_1_266' title='bbox 1003 2235 1210 2292; x_wconf 88' lang='lat' dir='ltr'><strong>horum</strong></span> <span class='ocrx_word' id='word_1_267' title='bbox 1261 2234 1614 2303; x_wconf 86' lang='lat' dir='ltr'><strong>consistens,</strong></span> <span class='ocrx_word' id='word_1_268' title='bbox 1643 2233 2118 2304; x_wconf 85' lang='lat' dir='ltr'><strong>superstitionem</strong></span> 
     </span>
    </p>
   </div>
   <div class='ocr_carea' id='block_1_40' title="bbox 469 2321 2120 2396">
    <p class='ocr_par' dir='ltr' id='par_1_40' title="bbox 469 2321 2120 2396">
     <span class='ocr_line' id='line_1_40' title="bbox 469 2321 2120 2396; baseline -0.002 -16"><span class='ocrx_word' id='word_1_269' title='bbox 469 2341 694 2394; x_wconf 89' lang='lat' dir='ltr'><strong>eorum,</strong></span> <span class='ocrx_word' id='word_1_270' title='bbox 727 2341 792 2381; x_wconf 92' lang='lat' dir='ltr'><strong>ac</strong></span> <span class='ocrx_word' id='word_1_271' title='bbox 823 2324 1026 2396; x_wconf 89' lang='lat' dir='ltr'><strong>templi</strong></span> <span class='ocrx_word' id='word_1_272' title='bbox 1057 2323 1240 2394; x_wconf 82' lang='lat' dir='ltr'><strong>illius;</strong></span> <span class='ocrx_word' id='word_1_273' title='bbox 1265 2325 1420 2396; x_wconf 91' lang='lat' dir='ltr'><strong>quod</strong></span> <span class='ocrx_word' id='word_1_274' title='bbox 1454 2324 1605 2395; x_wconf 89' lang='lat' dir='ltr'><strong>apud</strong></span> <span class='ocrx_word' id='word_1_275' title='bbox 1637 2339 1736 2379; x_wconf 88' lang='lat' dir='ltr'><strong>eos</strong></span> <span class='ocrx_word' id='word_1_276' title='bbox 1775 2321 1974 2394; x_wconf 87' lang='lat' dir='ltr'><strong>Ignoto</strong></span> <span class='ocrx_word' id='word_1_277' title='bbox 2006 2321 2120 2376; x_wconf 88' lang='lat' dir='ltr'><strong>Deo</strong></span> 
     </span>
    </p>
   </div>
   <div class='ocr_carea' id='block_1_41' title="bbox 467 2411 2122 2483">
    <p class='ocr_par' dir='ltr' id='par_1_41' title="bbox 467 2411 2122 2483">
     <span class='ocr_line' id='line_1_41' title="bbox 467 2411 2122 2483; baseline -0.005 -10"><span class='ocrx_word' id='word_1_278' title='bbox 467 2419 868 2473; x_wconf 81' lang='lat' dir='ltr'><strong>consecratum</strong></span> <span class='ocrx_word' id='word_1_279' title='bbox 927 2419 1072 2482; x_wconf 87' lang='lat' dir='ltr'><strong>erat,</strong></span> <span class='ocrx_word' id='word_1_280' title='bbox 1116 2415 1428 2470; x_wconf 88' lang='lat' dir='ltr'><strong>annuntiat</strong></span> <span class='ocrx_word' id='word_1_281' title='bbox 1482 2429 1496 2468; x_wconf 90' lang='lat'><strong>:</strong></span> <span class='ocrx_word' id='word_1_282' title='bbox 1547 2427 1728 2483; x_wconf 86' lang='lat' dir='ltr'><strong>seque</strong></span> <span class='ocrx_word' id='word_1_283' title='bbox 1791 2411 1917 2480; x_wconf 85' lang='lat' dir='ltr'><strong>ejus</strong></span> <span class='ocrx_word' id='word_1_284' title='bbox 1983 2427 2122 2482; x_wconf 83' lang='lat' dir='ltr'><strong>apo-</strong></span> 
     </span>
    </p>
   </div>
   <div class='ocr_carea' id='block_1_42' title="bbox 466 2500 2116 2577">
    <p class='ocr_par' dir='ltr' id='par_1_42' title="bbox 466 2500 2116 2577">
     <span class='ocr_line' id='line_1_42' title="bbox 466 2500 2116 2577; baseline -0.004 -15"><span class='ocrx_word' id='word_1_285' title='bbox 466 2505 684 2563; x_wconf 88' lang='lat' dir='ltr'><strong>stolum</strong></span> <span class='ocrx_word' id='word_1_286' title='bbox 716 2513 767 2562; x_wconf 83' lang='lat' dir='ltr'><strong>et</strong></span> <span class='ocrx_word' id='word_1_287' title='bbox 796 2506 1052 2577; x_wconf 90' lang='lat' dir='ltr'><strong>legatum</strong></span> <span class='ocrx_word' id='word_1_288' title='bbox 1081 2521 1211 2561; x_wconf 90' lang='lat' dir='ltr'><strong>esse</strong></span> <span class='ocrx_word' id='word_1_289' title='bbox 1259 2504 1487 2572; x_wconf 88' lang='lat' dir='ltr'><strong>asserit,</strong></span> <span class='ocrx_word' id='word_1_290' title='bbox 1519 2518 1692 2573; x_wconf 85' lang='lat' dir='ltr'><strong>quem</strong></span> <span class='ocrx_word' id='word_1_291' title='bbox 1726 2509 1780 2556; x_wconf 84' lang='lat' dir='ltr'><strong>et</strong></span> <span class='ocrx_word' id='word_1_292' title='bbox 1809 2500 2116 2557; x_wconf 88' lang='lat' dir='ltr'><strong>Dominum</strong></span> 
     </span>
    </p>
   </div>
   <div class='ocr_carea' id='block_1_43' title="bbox 464 2591 2113 2664">
    <p class='ocr_par' dir='ltr' id='par_1_43' title="bbox 464 2591 2113 2664">
     <span class='ocr_line' id='line_1_43' title="bbox 464 2591 2113 2664; baseline -0.004 -13"><span class='ocrx_word' id='word_1_293' title='bbox 464 2599 522 2651; x_wconf 91' lang='lat' dir='ltr'><strong>et</strong></span> <span class='ocrx_word' id='word_1_294' title='bbox 567 2599 882 2652; x_wconf 84' lang='lat' dir='ltr'><strong>creatorem</strong></span> <span class='ocrx_word' id='word_1_295' title='bbox 916 2595 1042 2650; x_wconf 76' lang='grc' dir='ltr'>οωΙὶ</span> <span class='ocrx_word' id='word_1_296' title='bbox 1074 2598 1128 2650; x_wconf 88' lang='lat' dir='ltr'><strong>et</strong></span> <span class='ocrx_word' id='word_1_297' title='bbox 1161 2598 1348 2663; x_wconf 83' lang='lat' dir='ltr'><strong>terras,</strong></span> <span class='ocrx_word' id='word_1_298' title='bbox 1380 2593 1536 2664; x_wconf 90' lang='lat' dir='ltr'><strong>quod</strong></span> <span class='ocrx_word' id='word_1_299' title='bbox 1585 2591 1804 2647; x_wconf 88' lang='lat' dir='ltr'><strong>scilicet</strong></span> <span class='ocrx_word' id='word_1_300' title='bbox 1853 2605 1954 2662; x_wconf 92' lang='lat' dir='ltr'><strong>per</strong></span> <span class='ocrx_word' id='word_1_301' title='bbox 1983 2605 2113 2646; x_wconf 88' lang='lat' dir='ltr'><strong>eum</strong></span> 
     </span>
    </p>
   </div>
   <div class='ocr_carea' id='block_1_44' title="bbox 465 2679 2120 2754">
    <p class='ocr_par' dir='ltr' id='par_1_44' title="bbox 465 2679 2120 2754">
     <span class='ocr_line' id='line_1_44' title="bbox 465 2679 2120 2754; baseline -0.005 -14"><span class='ocrx_word' id='word_1_302' title='bbox 465 2687 789 2741; x_wconf 81' lang='lat' dir='ltr'><strong>consistant</strong></span> <span class='ocrx_word' id='word_1_303' title='bbox 817 2683 1034 2753; x_wconf 88' lang='lat' dir='ltr'><strong>omnia,</strong></span> <span class='ocrx_word' id='word_1_304' title='bbox 1067 2683 1308 2754; x_wconf 87' lang='lat' dir='ltr'><strong>ipseque</strong></span> <span class='ocrx_word' id='word_1_305' title='bbox 1359 2681 1580 2738; x_wconf 86' lang='lat' dir='ltr'><strong>nullius</strong></span> <span class='ocrx_word' id='word_1_306' title='bbox 1610 2681 1690 2736; x_wconf 88' lang='lat' dir='ltr'><strong>rei</strong></span> <span class='ocrx_word' id='word_1_307' title='bbox 1741 2679 2030 2750; x_wconf 79' lang='lat' dir='ltr'><strong>indigens,</strong></span> <span class='ocrx_word' id='word_1_308' title='bbox 2064 2683 2120 2734; x_wconf 87' lang='lat' dir='ltr'><strong>et</strong></span> 
     </span>
    </p>
   </div>
   <div class='ocr_carea' id='block_1_45' title="bbox 466 2767 2118 2841">
    <p class='ocr_par' dir='ltr' id='par_1_45' title="bbox 466 2767 2118 2841">
     <span class='ocr_line' id='line_1_45' title="bbox 466 2767 2118 2841; baseline -0.004 -12"><span class='ocrx_word' id='word_1_309' title='bbox 466 2772 612 2830; x_wconf 84' lang='lat' dir='ltr'><strong>nulli</strong></span> <span class='ocrx_word' id='word_1_310' title='bbox 643 2775 906 2830; x_wconf 87' lang='lat' dir='ltr'><strong>omnium</strong></span> <span class='ocrx_word' id='word_1_311' title='bbox 939 2773 1186 2830; x_wconf 60' lang='lat' dir='ltr'><strong>materia!</strong></span> <span class='ocrx_word' id='word_1_312' title='bbox 1216 2771 1429 2828; x_wconf 88' lang='lat' dir='ltr'><strong>similis</strong></span> <span class='ocrx_word' id='word_1_313' title='bbox 1459 2771 1560 2841; x_wconf 88' lang='lat' dir='ltr'><strong>sit,</strong></span> <span class='ocrx_word' id='word_1_314' title='bbox 1591 2770 1805 2826; x_wconf 84' lang='lat' dir='ltr'><strong>laudat.</strong></span> <span class='ocrx_word' id='word_1_315' title='bbox 1840 2767 1926 2824; x_wconf 88' lang='lat' dir='ltr'><strong>Illi</strong></span> <span class='ocrx_word' id='word_1_316' title='bbox 1961 2768 2118 2823; x_wconf 89' lang='lat' dir='ltr'><strong>insu-</strong></span> 
     </span>
    </p>
   </div>
   <div class='ocr_carea' id='block_1_46' title="bbox 466 2857 2113 2935">
    <p class='ocr_par' dir='ltr' id='par_1_46' title="bbox 466 2857 2113 2935">
     <span class='ocr_line' id='line_1_46' title="bbox 466 2857 2113 2935; baseline -0.005 -17"><span class='ocrx_word' id='word_1_317' title='bbox 466 2880 568 2935; x_wconf 88' lang='lat' dir='ltr'><strong>per</strong></span> <span class='ocrx_word' id='word_1_318' title='bbox 591 2863 830 2932; x_wconf 88' lang='lat' dir='ltr'><strong>addens,</strong></span> <span class='ocrx_word' id='word_1_319' title='bbox 864 2863 1024 2918; x_wconf 89' lang='lat' dir='ltr'><strong>nulla</strong></span> <span class='ocrx_word' id='word_1_320' title='bbox 1055 2879 1190 2918; x_wconf 90' lang='lat' dir='ltr'><strong>eum</strong></span> <span class='ocrx_word' id='word_1_321' title='bbox 1238 2862 1348 2917; x_wconf 89' lang='lat' dir='ltr'><strong>alia</strong></span> <span class='ocrx_word' id='word_1_322' title='bbox 1383 2877 1440 2916; x_wconf 91' lang='lat' dir='ltr'><strong>re</strong></span> <span class='ocrx_word' id='word_1_323' title='bbox 1471 2877 1646 2931; x_wconf 85' lang='lat' dir='ltr'><strong>quam</strong></span> <span class='ocrx_word' id='word_1_324' title='bbox 1689 2858 1802 2930; x_wconf 91' lang='lat' dir='ltr'><strong>piis</strong></span> <span class='ocrx_word' id='word_1_325' title='bbox 1834 2857 2113 2914; x_wconf 83' lang='lat' dir='ltr'><strong>bonorum</strong></span> 
     </span>
    </p>
   </div>
   <div class='ocr_carea' id='block_1_47' title="bbox 465 2948 2117 3023">
    <p class='ocr_par' dir='ltr' id='par_1_47' title="bbox 465 2948 2117 3023">
     <span class='ocr_line' id='line_1_47' title="bbox 465 2948 2117 3023; baseline -0.005 -16"><span class='ocrx_word' id='word_1_326' title='bbox 465 2952 737 3023; x_wconf 82' lang='lat' dir='ltr'><strong>operibus</strong></span> <span class='ocrx_word' id='word_1_327' title='bbox 783 2955 840 3008; x_wconf 87' lang='lat' dir='ltr'><strong>et</strong></span> <span class='ocrx_word' id='word_1_328' title='bbox 899 2951 1153 3008; x_wconf 83' lang='lat' dir='ltr'><strong>veritatis</strong></span> <span class='ocrx_word' id='word_1_329' title='bbox 1199 2949 1527 3019; x_wconf 85' lang='lat' dir='ltr'><strong>cognitione</strong></span> <span class='ocrx_word' id='word_1_330' title='bbox 1575 2948 1730 3003; x_wconf 89' lang='lat' dir='ltr'><strong>coli:</strong></span> <span class='ocrx_word' id='word_1_331' title='bbox 1781 2951 1835 3002; x_wconf 90' lang='lat' dir='ltr'><strong>et</strong></span> <span class='ocrx_word' id='word_1_332' title='bbox 1887 2951 2117 3015; x_wconf 63' lang='lat' dir='ltr'><strong>poemata</strong></span> 
     </span>
    </p>
   </div>
   <div class='ocr_carea' id='block_1_48' title="bbox 465 3035 2113 3112">
    <p class='ocr_par' dir='ltr' id='par_1_48' title="bbox 465 3035 2113 3112">
     <span class='ocr_line' id='line_1_48' title="bbox 465 3035 2113 3112; baseline -0.007 -15"><span class='ocrx_word' id='word_1_333' title='bbox 465 3041 717 3112; x_wconf 83' lang='lat' dir='ltr'><strong>quidem,</strong></span> <span class='ocrx_word' id='word_1_334' title='bbox 749 3057 848 3112; x_wconf 88' lang='lat' dir='ltr'><strong>per</strong></span> <span class='ocrx_word' id='word_1_335' title='bbox 895 3039 1282 3112; x_wconf 83' lang='lat' dir='ltr'><strong>ignorantiam</strong></span> <span class='ocrx_word' id='word_1_336' title='bbox 1333 3038 1448 3092; x_wconf 89' lang='lat' dir='ltr'><strong>huc</strong></span> <span class='ocrx_word' id='word_1_337' title='bbox 1478 3051 1660 3107; x_wconf 89' lang='lat' dir='ltr'><strong>usque</strong></span> <span class='ocrx_word' id='word_1_338' title='bbox 1693 3053 1724 3090; x_wconf 91' lang='lat' dir='ltr'><strong>a</strong></span> <span class='ocrx_word' id='word_1_339' title='bbox 1755 3035 1924 3089; x_wconf 89' lang='lat' dir='ltr'><strong>nobis</strong></span> <span class='ocrx_word' id='word_1_340' title='bbox 1955 3049 2113 3087; x_wconf 86' lang='lat' dir='ltr'><strong>com-</strong></span> 
     </span>
    </p>
   </div>
   <div class='ocr_carea' id='block_1_49' title="bbox 465 3125 2114 3198">
    <p class='ocr_par' dir='ltr' id='par_1_49' title="bbox 465 3125 2114 3198">
     <span class='ocr_line' id='line_1_49' title="bbox 465 3125 2114 3198; baseline -0.006 -13"><span class='ocrx_word' id='word_1_341' title='bbox 465 3131 667 3198; x_wconf 84' lang='lat' dir='ltr'><strong>missa,</strong></span> <span class='ocrx_word' id='word_1_342' title='bbox 691 3145 822 3185; x_wconf 91' lang='lat' dir='ltr'><strong>eum</strong></span> <span class='ocrx_word' id='word_1_343' title='bbox 857 3128 1224 3184; x_wconf 85' lang='lat' dir='ltr'><strong>dissimulare</strong></span> <span class='ocrx_word' id='word_1_344' title='bbox 1244 3129 1418 3196; x_wconf 88' lang='lat' dir='ltr'><strong>atque</strong></span> <span class='ocrx_word' id='word_1_345' title='bbox 1449 3125 1740 3180; x_wconf 89' lang='lat' dir='ltr'><strong>remittere</strong></span> <span class='ocrx_word' id='word_1_346' title='bbox 1767 3140 1781 3192; x_wconf 90' lang='lat'><strong>;</strong></span> <span class='ocrx_word' id='word_1_347' title='bbox 1815 3125 1884 3178; x_wconf 89' lang='lat' dir='ltr'><strong>de</strong></span> <span class='ocrx_word' id='word_1_348' title='bbox 1911 3127 2114 3177; x_wconf 74' lang='lat' dir='ltr'><strong>crelcro</strong></span> 
     </span>
    </p>
   </div>
   <div class='ocr_carea' id='block_1_50' title="bbox 463 3212 2110 3288">
    <p class='ocr_par' dir='ltr' id='par_1_50' title="bbox 463 3212 2110 3288">
     <span class='ocr_line' id='line_1_50' title="bbox 463 3212 2110 3288; baseline -0.005 -13"><span class='ocrx_word' id='word_1_349' title='bbox 463 3225 655 3275; x_wconf 88' lang='lat' dir='ltr'><strong>autem</strong></span> <span class='ocrx_word' id='word_1_350' title='bbox 707 3217 1196 3288; x_wconf 88' lang='lat' dir='ltr'><strong>resipiscendum,</strong></span> <span class='ocrx_word' id='word_1_351' title='bbox 1230 3221 1288 3271; x_wconf 89' lang='lat' dir='ltr'><strong>et</strong></span> <span class='ocrx_word' id='word_1_352' title='bbox 1337 3214 1527 3270; x_wconf 85' lang='lat' dir='ltr'><strong>verbis</strong></span> <span class='ocrx_word' id='word_1_353' title='bbox 1579 3213 1708 3268; x_wconf 90' lang='lat' dir='ltr'><strong>ﬁdei</strong></span> <span class='ocrx_word' id='word_1_354' title='bbox 1754 3212 2110 3267; x_wconf 86' lang='lat' dir='ltr'><strong>credendum</strong></span> 
     </span>
    </p>
   </div>
   <div class='ocr_carea' id='block_1_51' title="bbox 463 3305 2110 3378">
    <p class='ocr_par' dir='ltr' id='par_1_51' title="bbox 463 3305 2110 3378">
     <span class='ocr_line' id='line_1_51' title="bbox 463 3305 2110 3378; baseline -0.005 -14"><span class='ocrx_word' id='word_1_355' title='bbox 463 3324 612 3365; x_wconf 88' lang='lat' dir='ltr'><strong>esse.</strong></span> <span class='ocrx_word' id='word_1_356' title='bbox 639 3305 1040 3378; x_wconf 84' lang='lat' dir='ltr'><strong>chudicandi</strong></span> <span class='ocrx_word' id='word_1_357' title='bbox 1073 3321 1298 3376; x_wconf 88' lang='lat' dir='ltr'><strong>quoque</strong></span> <span class='ocrx_word' id='word_1_358' title='bbox 1330 3319 1462 3359; x_wconf 87' lang='lat' dir='ltr'><strong>eum</strong></span> <span class='ocrx_word' id='word_1_359' title='bbox 1497 3306 1834 3374; x_wconf 84' lang='lat' dir='ltr'><strong>potestatem</strong></span> <span class='ocrx_word' id='word_1_360' title='bbox 1863 3305 2110 3372; x_wconf 84' lang='lat' dir='ltr'><strong>propter-</strong></span> 
     </span>
    </p>
   </div>
   <div class='ocr_carea' id='block_1_52' title="bbox 463 3390 2111 3470">
    <p class='ocr_par' dir='ltr' id='par_1_52' title="bbox 463 3390 2111 3470">
     <span class='ocr_line' id='line_1_52' title="bbox 463 3390 2111 3470; baseline -0.007 -14"><span class='ocrx_word' id='word_1_361' title='bbox 463 3415 532 3456; x_wconf 88' lang='lat' dir='ltr'><strong>ea</strong></span> <span class='ocrx_word' id='word_1_362' title='bbox 561 3399 849 3470; x_wconf 86' lang='lat' dir='ltr'><strong>recepisse</strong></span> <span class='ocrx_word' id='word_1_363' title='bbox 889 3395 1047 3462; x_wconf 78' lang='lat' dir='ltr'><strong>dicit,</strong></span> <span class='ocrx_word' id='word_1_364' title='bbox 1079 3395 1271 3467; x_wconf 88' lang='lat' dir='ltr'><strong>ipsum</strong></span> <span class='ocrx_word' id='word_1_365' title='bbox 1305 3393 1528 3449; x_wconf 90' lang='lat' dir='ltr'><strong>scilicet</strong></span> <span class='ocrx_word' id='word_1_366' title='bbox 1563 3393 1758 3447; x_wconf 86' lang='lat' dir='ltr'><strong>Jesum</strong></span> <span class='ocrx_word' id='word_1_367' title='bbox 1791 3390 2111 3456; x_wconf 86' lang='lat' dir='ltr'><strong>Christum,</strong></span> 
     </span>
    </p>
   </div>
   <div class='ocr_carea' id='block_1_53' title="bbox 465 3481 2115 3560">
    <p class='ocr_par' dir='ltr' id='par_1_53' title="bbox 465 3481 2115 3560">
     <span class='ocr_line' id='line_1_53' title="bbox 465 3481 2115 3560; baseline -0.005 -16"><span class='ocrx_word' id='word_1_368' title='bbox 465 3487 566 3560; x_wconf 88' lang='lat' dir='ltr'><strong>qui</strong></span> <span class='ocrx_word' id='word_1_369' title='bbox 597 3487 809 3544; x_wconf 82' lang='lat' dir='ltr'><strong>divinis</strong></span> <span class='ocrx_word' id='word_1_370' title='bbox 857 3501 1100 3559; x_wconf 85' lang='lat' dir='ltr'><strong>prorsus</strong></span> <span class='ocrx_word' id='word_1_371' title='bbox 1133 3483 1298 3540; x_wconf 84' lang='lat' dir='ltr'><strong>factis</strong></span> <span class='ocrx_word' id='word_1_372' title='bbox 1327 3491 1381 3538; x_wconf 89' lang='lat' dir='ltr'><strong>et</strong></span> <span class='ocrx_word' id='word_1_373' title='bbox 1430 3483 1704 3554; x_wconf 88' lang='lat' dir='ltr'><strong>operibus</strong></span> <span class='ocrx_word' id='word_1_374' title='bbox 1749 3481 1902 3537; x_wconf 89' lang='lat' dir='ltr'><strong>Deus</strong></span> <span class='ocrx_word' id='word_1_375' title='bbox 1934 3481 2115 3551; x_wconf 87' lang='lat' dir='ltr'><strong>perfe-</strong></span> 
     </span>
    </p>
   </div>
   <div class='ocr_carea' id='block_1_54' title="bbox 465 3570 2110 3646">
    <p class='ocr_par' dir='ltr' id='par_1_54' title="bbox 465 3570 2110 3646">
     <span class='ocr_line' id='line_1_54' title="bbox 465 3570 2110 3646; baseline -0.007 -12"><span class='ocrx_word' id='word_1_376' title='bbox 465 3582 615 3645; x_wconf 87' lang='lat' dir='ltr'><strong>ctus,</strong></span> <span class='ocrx_word' id='word_1_377' title='bbox 664 3581 721 3633; x_wconf 87' lang='lat' dir='ltr'><strong>et</strong></span> <span class='ocrx_word' id='word_1_378' title='bbox 765 3576 920 3631; x_wconf 88' lang='lat' dir='ltr'><strong>idem</strong></span> <span class='ocrx_word' id='word_1_379' title='bbox 970 3573 1260 3646; x_wconf 85' lang='lat' dir='ltr'><strong>perfectus</strong></span> <span class='ocrx_word' id='word_1_380' title='bbox 1321 3571 1486 3644; x_wconf 91' lang='lat' dir='ltr'><strong>(citra</strong></span> <span class='ocrx_word' id='word_1_381' title='bbox 1533 3575 1724 3626; x_wconf 85' lang='lat' dir='ltr'><strong>tamen</strong></span> <span class='ocrx_word' id='word_1_382' title='bbox 1783 3570 2110 3642; x_wconf 82' lang='lat' dir='ltr'><strong>peccaturo)</strong></span> 
     </span>
    </p>
   </div>
   <div class='ocr_carea' id='block_1_55' title="bbox 464 3659 2114 3735">
    <p class='ocr_par' dir='ltr' id='par_1_55' title="bbox 464 3659 2114 3735">
     <span class='ocr_line' id='line_1_55' title="bbox 464 3659 2114 3735; baseline -0.004 -14"><span class='ocrx_word' id='word_1_383' title='bbox 464 3667 639 3723; x_wconf 89' lang='lat' dir='ltr'><strong>homo</strong></span> <span class='ocrx_word' id='word_1_384' title='bbox 689 3665 1038 3732; x_wconf 85' lang='lat' dir='ltr'><strong>declaratus,</strong></span> <span class='ocrx_word' id='word_1_385' title='bbox 1089 3679 1192 3735; x_wconf 91' lang='lat' dir='ltr'><strong>pro</strong></span> <span class='ocrx_word' id='word_1_386' title='bbox 1248 3661 1523 3717; x_wconf 90' lang='lat' dir='ltr'><strong>omnibus</strong></span> <span class='ocrx_word' id='word_1_387' title='bbox 1562 3659 1876 3716; x_wconf 83' lang='lat' dir='ltr'><strong>cruciﬁxus</strong></span> <span class='ocrx_word' id='word_1_388' title='bbox 1929 3659 2024 3722; x_wconf 83' lang='lat' dir='ltr'><strong>sit,</strong></span> <span class='ocrx_word' id='word_1_389' title='bbox 2056 3663 2114 3714; x_wconf 87' lang='lat' dir='ltr'><strong>et</strong></span> 
     </span>
    </p>
   </div>
   <div class='ocr_carea' id='block_1_56' title="bbox 463 3749 2110 3822">
    <p class='ocr_par' dir='ltr' id='par_1_56' title="bbox 463 3749 2110 3822">
     <span class='ocr_line' id='line_1_56' title="bbox 463 3749 2110 3822; baseline -0.006 -10"><span class='ocrx_word' id='word_1_390' title='bbox 463 3775 496 3812; x_wconf 89' lang='lat' dir='ltr'><strong>a</strong></span> <span class='ocrx_word' id='word_1_391' title='bbox 537 3755 782 3811; x_wconf 87' lang='lat' dir='ltr'><strong>mortuis</strong></span> <span class='ocrx_word' id='word_1_392' title='bbox 830 3753 1232 3820; x_wconf 85' lang='lat' dir='ltr'><strong>resurrexerit,</strong></span> <span class='ocrx_word' id='word_1_393' title='bbox 1263 3752 1659 3822; x_wconf 89' lang='lat' dir='ltr'><strong>omnibusque</strong></span> <span class='ocrx_word' id='word_1_394' title='bbox 1706 3749 2110 3819; x_wconf 87' lang='lat' dir='ltr'><strong>spectantibus</strong></span> 
     </span>
    </p>
   </div>
   <div class='ocr_carea' id='block_1_57' title="bbox 463 3837 2112 3912">
    <p class='ocr_par' dir='ltr' id='par_1_57' title="bbox 463 3837 2112 3912">
     <span class='ocr_line' id='line_1_57' title="bbox 463 3837 2112 3912; baseline -0.006 -11"><span class='ocrx_word' id='word_1_395' title='bbox 463 3847 533 3901; x_wconf 89' lang='lat' dir='ltr'><strong>ad</strong></span> <span class='ocrx_word' id='word_1_396' title='bbox 565 3861 740 3901; x_wconf 89' lang='lat' dir='ltr'><strong>suum</strong></span> <span class='ocrx_word' id='word_1_397' title='bbox 786 3843 846 3899; x_wconf 91' lang='lat' dir='ltr'><strong>in</strong></span> <span class='ocrx_word' id='word_1_398' title='bbox 897 3843 1106 3898; x_wconf 78' lang='lat' dir='ltr'><strong>emtum</strong></span> <span class='ocrx_word' id='word_1_399' title='bbox 1154 3841 1386 3897; x_wconf 86' lang='lat' dir='ltr'><strong>redierit</strong></span> <span class='ocrx_word' id='word_1_400' title='bbox 1429 3845 1676 3912; x_wconf 89' lang='lat' dir='ltr'><strong>patrem,</strong></span> <span class='ocrx_word' id='word_1_401' title='bbox 1710 3855 1899 3894; x_wconf 87' lang='lat' dir='ltr'><strong>rerum</strong></span> <span class='ocrx_word' id='word_1_402' title='bbox 1945 3837 2112 3893; x_wconf 78' lang='lat' dir='ltr'><strong>nimi-</strong></span> 
     </span>
    </p>
   </div>
   <div class='ocr_carea' id='block_1_58' title="bbox 465 3925 2108 3998">
    <p class='ocr_par' dir='ltr' id='par_1_58' title="bbox 465 3925 2108 3998">
     <span class='ocr_line' id='line_1_58' title="bbox 465 3925 2108 3998; baseline -0.007 -8"><span class='ocrx_word' id='word_1_403' title='bbox 465 3951 592 3990; x_wconf 87' lang='lat' dir='ltr'><strong>rum</strong></span> <span class='ocrx_word' id='word_1_404' title='bbox 627 3933 1028 3989; x_wconf 86' lang='lat' dir='ltr'><strong>universarum</strong></span> <span class='ocrx_word' id='word_1_405' title='bbox 1077 3932 1280 3988; x_wconf 89' lang='lat' dir='ltr'><strong>Deum.</strong></span> <span class='ocrx_word' id='word_1_406' title='bbox 1313 3928 1672 3994; x_wconf 85' lang='lat' dir='ltr'><strong>Quibusdam</strong></span> <span class='ocrx_word' id='word_1_407' title='bbox 1706 3928 1922 3998; x_wconf 83' lang='lat' dir='ltr'><strong>itaque,</strong></span> <span class='ocrx_word' id='word_1_408' title='bbox 1955 3925 2108 3998; x_wconf 84' lang='lat' dir='ltr'><strong>quod</strong></span> 
     </span>
    </p>
   </div>
   <div class='ocr_carea' id='block_1_59' title="bbox 468 4015 2110 4080">
    <p class='ocr_par' dir='ltr' id='par_1_59' title="bbox 468 4015 2110 4080">
     <span class='ocr_line' id='line_1_59' title="bbox 468 4015 2110 4080; baseline -0.005 -2"><span class='ocrx_word' id='word_1_409' title='bbox 468 4023 952 4080; x_wconf 86' lang='lat' dir='ltr'><strong>resurrectionem</strong></span> <span class='ocrx_word' id='word_1_410' title='bbox 977 4023 1048 4078; x_wconf 87' lang='lat' dir='ltr'><strong>ab</strong></span> <span class='ocrx_word' id='word_1_411' title='bbox 1079 4037 1145 4077; x_wconf 90' lang='lat' dir='ltr'><strong>eo</strong></span> <span class='ocrx_word' id='word_1_412' title='bbox 1170 4019 1496 4080; x_wconf 78' lang='lat' dir='ltr'><strong>audierant.</strong></span> <span class='ocrx_word' id='word_1_413' title='bbox 1528 4035 1621 4074; x_wconf 86' lang='lat' dir='ltr'><strong>res</strong></span> <span class='ocrx_word' id='word_1_414' title='bbox 1644 4021 1762 4073; x_wconf 87' lang='lat' dir='ltr'><strong>tota</strong></span> <span class='ocrx_word' id='word_1_415' title='bbox 1791 4015 2110 4072; x_wconf 68' lang='lat' dir='ltr'><strong>ludibrium</strong></span> 
     </span>
    </p>
   </div>
   <div class='ocr_carea' id='block_1_60' title="bbox 464 4107 2112 4184">
    <p class='ocr_par' dir='ltr' id='par_1_60' title="bbox 464 4107 2112 4184">
     <span class='ocr_line' id='line_1_60' title="bbox 464 4107 2112 4184; baseline -0.005 -14"><span class='ocrx_word' id='word_1_416' title='bbox 464 4119 524 4170; x_wconf 87' lang='lat' dir='ltr'><strong>et</strong></span> <span class='ocrx_word' id='word_1_417' title='bbox 573 4114 770 4171; x_wconf 88' lang='lat' dir='ltr'><strong>fabula</strong></span> <span class='ocrx_word' id='word_1_418' title='bbox 819 4113 1167 4183; x_wconf 87' lang='lat' dir='ltr'><strong>videbatur;</strong></span> <span class='ocrx_word' id='word_1_419' title='bbox 1213 4111 1454 4184; x_wconf 87' lang='lat' dir='ltr'><strong>quidam</strong></span> <span class='ocrx_word' id='word_1_420' title='bbox 1503 4114 1696 4166; x_wconf 85' lang='lat' dir='ltr'><strong>autem</strong></span> <span class='ocrx_word' id='word_1_421' title='bbox 1746 4107 1938 4164; x_wconf 89' lang='lat' dir='ltr'><strong>verbis</strong></span> <span class='ocrx_word' id='word_1_422' title='bbox 1983 4109 2112 4176; x_wconf 87' lang='lat' dir='ltr'><strong>ejus</strong></span> 
     </span>
    </p>
   </div>
   <div class='ocr_carea' id='block_1_61' title="bbox 460 4196 2108 4269">
    <p class='ocr_par' dir='ltr' id='par_1_61' title="bbox 460 4196 2108 4269">
     <span class='ocr_line' id='line_1_61' title="bbox 460 4196 2108 4269; baseline -0.005 -11"><span class='ocrx_word' id='word_1_423' title='bbox 460 4205 780 4269; x_wconf 88' lang='lat' dir='ltr'><strong>credentes,</strong></span> <span class='ocrx_word' id='word_1_424' title='bbox 812 4218 947 4258; x_wconf 88' lang='lat' dir='ltr'><strong>eum</strong></span> <span class='ocrx_word' id='word_1_425' title='bbox 1006 4201 1394 4258; x_wconf 89' lang='lat' dir='ltr'><strong>sectabantur.</strong></span> <span class='ocrx_word' id='word_1_426' title='bbox 1451 4201 1510 4253; x_wconf 89' lang='lat' dir='ltr'><strong>ln</strong></span> <span class='ocrx_word' id='word_1_427' title='bbox 1561 4199 1777 4268; x_wconf 86' lang='lat' dir='ltr'><strong>quibus</strong></span> <span class='ocrx_word' id='word_1_428' title='bbox 1817 4196 2108 4266; x_wconf 87' lang='lat' dir='ltr'><strong>etDiony-</strong></span> 
     </span>
    </p>
   </div>
   <div class='ocr_carea' id='block_1_62' title="bbox 459 4283 2110 4362">
    <p class='ocr_par' dir='ltr' id='par_1_62' title="bbox 459 4283 2110 4362">
     <span class='ocr_line' id='line_1_62' title="bbox 459 4283 2110 4362; baseline -0.006 -14"><span class='ocrx_word' id='word_1_429' title='bbox 459 4293 581 4348; x_wconf 89' lang='lat' dir='ltr'><strong>sius</strong></span> <span class='ocrx_word' id='word_1_430' title='bbox 625 4291 970 4362; x_wconf 82' lang='lat' dir='ltr'><strong>Areopagita</strong></span> <span class='ocrx_word' id='word_1_431' title='bbox 999 4289 1096 4346; x_wconf 88' lang='lat' dir='ltr'><strong>ille</strong></span> <span class='ocrx_word' id='word_1_432' title='bbox 1144 4289 1276 4356; x_wconf 85' lang='lat' dir='ltr'><strong>fuit,</strong></span> <span class='ocrx_word' id='word_1_433' title='bbox 1311 4304 1462 4343; x_wconf 90' lang='lat' dir='ltr'><strong>unus</strong></span> <span class='ocrx_word' id='word_1_434' title='bbox 1490 4303 1559 4342; x_wconf 84' lang='lat' dir='ltr'><strong>ex</strong></span> <span class='ocrx_word' id='word_1_435' title='bbox 1588 4283 1952 4356; x_wconf 87' lang='lat' dir='ltr'><strong>sapientibus</strong></span> <span class='ocrx_word' id='word_1_436' title='bbox 1995 4284 2110 4338; x_wconf 88' lang='lat' dir='ltr'><strong>illis</strong></span> 
     </span>
    </p>
   </div>
   <div class='ocr_carea' id='block_1_63' title="bbox 459 4372 2106 4436">
    <p class='ocr_par' dir='ltr' id='par_1_63' title="bbox 459 4372 2106 4436">
     <span class='ocr_line' id='line_1_63' title="bbox 459 4372 2106 4436; baseline -0.005 0"><span class='ocrx_word' id='word_1_437' title='bbox 459 4385 515 4436; x_wconf 90' lang='lat' dir='ltr'><strong>et</strong></span> <span class='ocrx_word' id='word_1_438' title='bbox 545 4378 785 4435; x_wconf 89' lang='lat' dir='ltr'><strong>delectis</strong></span> <span class='ocrx_word' id='word_1_439' title='bbox 835 4377 991 4434; x_wconf 85' lang='lat' dir='ltr'><strong>viris.</strong></span> <span class='ocrx_word' id='word_1_440' title='bbox 1027 4376 1178 4432; x_wconf 75' lang='lat' dir='ltr'><strong>I87</strong></span> <span class='ocrx_word' id='word_1_441' title='bbox 1218 4377 1400 4432; x_wconf 88' lang='lat' dir='ltr'><strong>Tanta</strong></span> <span class='ocrx_word' id='word_1_442' title='bbox 1445 4378 1641 4432; x_wconf 90' lang='lat' dir='ltr'><strong>autem</strong></span> <span class='ocrx_word' id='word_1_443' title='bbox 1693 4372 1804 4428; x_wconf 87' lang='lat' dir='ltr'><strong>fuit</strong></span> <span class='ocrx_word' id='word_1_444' title='bbox 1851 4373 1906 4427; x_wconf 92' lang='lat' dir='ltr'><strong>in</strong></span> <span class='ocrx_word' id='word_1_445' title='bbox 1942 4373 2106 4428; x_wconf 87' lang='lat' dir='ltr'><strong>Chri-</strong></span> 
     </span>
    </p>
   </div>
   <div class='ocr_carea' id='block_1_64' title="bbox 457 4463 2108 4538">
    <p class='ocr_par' dir='ltr' id='par_1_64' title="bbox 457 4463 2108 4538">
     <span class='ocr_line' id='line_1_64' title="bbox 457 4463 2108 4538; baseline -0.004 -12"><span class='ocrx_word' id='word_1_446' title='bbox 457 4477 614 4528; x_wconf 87' lang='lat' dir='ltr'><strong>stum</strong></span> <span class='ocrx_word' id='word_1_447' title='bbox 668 4472 833 4538; x_wconf 90' lang='lat' dir='ltr'><strong>ﬁdes,</strong></span> <span class='ocrx_word' id='word_1_448' title='bbox 865 4475 932 4526; x_wconf 89' lang='lat' dir='ltr'><strong>ut</strong></span> <span class='ocrx_word' id='word_1_449' title='bbox 981 4487 1095 4526; x_wconf 92' lang='lat' dir='ltr'><strong>non</strong></span> <span class='ocrx_word' id='word_1_450' title='bbox 1149 4468 1322 4524; x_wconf 89' lang='lat' dir='ltr'><strong>modo</strong></span> <span class='ocrx_word' id='word_1_451' title='bbox 1375 4467 1586 4536; x_wconf 78' lang='lat' dir='ltr'><strong>dignus</strong></span> <span class='ocrx_word' id='word_1_452' title='bbox 1637 4465 1832 4522; x_wconf 87' lang='lat' dir='ltr'><strong>divino</strong></span> <span class='ocrx_word' id='word_1_453' title='bbox 1879 4463 2108 4520; x_wconf 88' lang='lat' dir='ltr'><strong>lavacro</strong></span> 
     </span>
    </p>
   </div>
   <div class='ocr_carea' id='block_1_65' title="bbox 456 4555 2105 4630">
    <p class='ocr_par' dir='ltr' id='par_1_65' title="bbox 456 4555 2105 4630">
     <span class='ocr_line' id='line_1_65' title="bbox 456 4555 2105 4630; baseline -0.006 -12"><span class='ocrx_word' id='word_1_454' title='bbox 456 4570 628 4630; x_wconf 85' lang='lat' dir='ltr'><strong>esset,</strong></span> <span class='ocrx_word' id='word_1_455' title='bbox 661 4561 764 4617; x_wconf 88' lang='lat' dir='ltr'><strong>sed</strong></span> <span class='ocrx_word' id='word_1_456' title='bbox 815 4559 988 4616; x_wconf 89' lang='lat' dir='ltr'><strong>etiam</strong></span> <span class='ocrx_word' id='word_1_457' title='bbox 1041 4558 1228 4630; x_wconf 88' lang='lat' dir='ltr'><strong>ipsius</strong></span> <span class='ocrx_word' id='word_1_458' title='bbox 1275 4557 1438 4613; x_wconf 86' lang='lat' dir='ltr'><strong>Pauli</strong></span> <span class='ocrx_word' id='word_1_459' title='bbox 1487 4556 1762 4612; x_wconf 89' lang='lat' dir='ltr'><strong>manibus</strong></span> <span class='ocrx_word' id='word_1_460' title='bbox 1793 4555 2105 4611; x_wconf 79' lang='lat' dir='ltr'><strong>Athenien-</strong></span> 
     </span>
    </p>
   </div>
   <div class='ocr_carea' id='block_1_66' title="bbox 456 4645 2108 4722">
    <p class='ocr_par' dir='ltr' id='par_1_66' title="bbox 456 4645 2108 4722">
     <span class='ocr_line' id='line_1_66' title="bbox 456 4645 2108 4722; baseline -0.005 -14"><span class='ocrx_word' id='word_1_461' title='bbox 456 4652 610 4708; x_wconf 87' lang='lat' dir='ltr'><strong>sium</strong></span> <span class='ocrx_word' id='word_1_462' title='bbox 693 4651 1098 4722; x_wconf 87' lang='lat' dir='ltr'><strong>designaretur</strong></span> <span class='ocrx_word' id='word_1_463' title='bbox 1163 4647 1494 4720; x_wconf 83' lang='lat' dir='ltr'><strong>episcopus,</strong></span> <span class='ocrx_word' id='word_1_464' title='bbox 1545 4645 1806 4701; x_wconf 87' lang='lat' dir='ltr'><strong>miriﬁcis</strong></span> <span class='ocrx_word' id='word_1_465' title='bbox 1871 4660 2108 4715; x_wconf 87' lang='lat' dir='ltr'><strong>prorsus</strong></span> 
     </span>
    </p>
   </div>
   <div class='ocr_carea' id='block_1_67' title="bbox 455 4732 2108 4814">
    <p class='ocr_par' dir='ltr' id='par_1_67' title="bbox 455 4732 2108 4814">
     <span class='ocr_line' id='line_1_67' title="bbox 455 4732 2108 4814; baseline -0.006 -16"><span class='ocrx_word' id='word_1_466' title='bbox 455 4747 630 4814; x_wconf 87' lang='lat' dir='ltr'><strong>atque</strong></span> <span class='ocrx_word' id='word_1_467' title='bbox 657 4739 874 4797; x_wconf 85' lang='lat' dir='ltr'><strong>divinis</strong></span> <span class='ocrx_word' id='word_1_468' title='bbox 907 4737 1360 4796; x_wconf 86' lang='lat' dir='ltr'><strong>charismatibus</strong></span> <span class='ocrx_word' id='word_1_469' title='bbox 1392 4740 1448 4792; x_wconf 87' lang='lat' dir='ltr'><strong>et</strong></span> <span class='ocrx_word' id='word_1_470' title='bbox 1477 4736 1647 4792; x_wconf 85' lang='lat' dir='ltr'><strong>donis</strong></span> <span class='ocrx_word' id='word_1_471' title='bbox 1674 4734 1918 4805; x_wconf 83' lang='lat' dir='ltr'><strong>pollens.</strong></span> <span class='ocrx_word' id='word_1_472' title='bbox 1954 4732 2108 4788; x_wconf 81' lang='lat' dir='ltr'><strong>Vixit</strong></span> 
     </span>
    </p>
   </div>
   <div class='ocr_carea' id='block_1_68' title="bbox 457 4823 2104 4891">
    <p class='ocr_par' dir='ltr' id='par_1_68' title="bbox 457 4823 2104 4891">
     <span class='ocr_line' id='line_1_68' title="bbox 457 4823 2104 4891; baseline -0.006 -5"><span class='ocrx_word' id='word_1_473' title='bbox 457 4831 510 4888; x_wconf 89' lang='lat' dir='ltr'><strong>is</strong></span> <span class='ocrx_word' id='word_1_474' title='bbox 554 4831 732 4888; x_wconf 89' lang='lat' dir='ltr'><strong>etiam</strong></span> <span class='ocrx_word' id='word_1_475' title='bbox 791 4828 1132 4886; x_wconf 81' lang='lat' dir='ltr'><strong>familiarius</strong></span> <span class='ocrx_word' id='word_1_476' title='bbox 1188 4843 1319 4884; x_wconf 89' lang='lat' dir='ltr'><strong>cum</strong></span> <span class='ocrx_word' id='word_1_477' title='bbox 1367 4825 1561 4882; x_wconf 88' lang='lat' dir='ltr'><strong>divino</strong></span> <span class='ocrx_word' id='word_1_478' title='bbox 1609 4824 1731 4880; x_wconf 90' lang='lat' dir='ltr'><strong>viro</strong></span> <span class='ocrx_word' id='word_1_479' title='bbox 1775 4823 2104 4891; x_wconf 77' lang='lat' dir='ltr'><strong>Hierotheo,</strong></span> 
     </span>
    </p>
   </div>
   <div class='ocr_carea' id='block_1_69' title="bbox 457 4912 2106 4993">
    <p class='ocr_par' dir='ltr' id='par_1_69' title="bbox 457 4912 2106 4993">
     <span class='ocr_line' id='line_1_69' title="bbox 457 4912 2106 4993; baseline -0.007 -15"><span class='ocrx_word' id='word_1_480' title='bbox 457 4937 700 4993; x_wconf 88' lang='lat' dir='ltr'><strong>quorum</strong></span> <span class='ocrx_word' id='word_1_481' title='bbox 735 4920 969 4992; x_wconf 89' lang='lat' dir='ltr'><strong>utrique</strong></span> <span class='ocrx_word' id='word_1_482' title='bbox 1000 4933 1094 4974; x_wconf 87' lang='lat' dir='ltr'><strong>res</strong></span> <span class='ocrx_word' id='word_1_483' title='bbox 1137 4933 1400 4974; x_wconf 89' lang='lat' dir='ltr'><strong>summas</strong></span> <span class='ocrx_word' id='word_1_484' title='bbox 1433 4914 1670 4983; x_wconf 87' lang='lat' dir='ltr'><strong>Paulus,</strong></span> <span class='ocrx_word' id='word_1_485' title='bbox 1699 4918 1760 4970; x_wconf 87' lang='lat' dir='ltr'><strong>ut</strong></span> <span class='ocrx_word' id='word_1_486' title='bbox 1785 4913 1874 4974; x_wconf 79' lang='lat' dir='ltr'><strong>.eis</strong></span> <span class='ocrx_word' id='word_1_487' title='bbox 1901 4912 1957 4967; x_wconf 91' lang='lat' dir='ltr'><strong>in</strong></span> <span class='ocrx_word' id='word_1_488' title='bbox 1993 4919 2106 4968; x_wconf 82' lang='lat' dir='ltr'><strong>ter-</strong></span> 
     </span>
    </p>
   </div>
   <div class='ocr_carea' id='block_1_70' title="bbox 455 5004 2101 5080">
    <p class='ocr_par' dir='ltr' id='par_1_70' title="bbox 455 5004 2101 5080">
     <span class='ocr_line' id='line_1_70' title="bbox 455 5004 2101 5080; baseline -0.005 -14"><span class='ocrx_word' id='word_1_489' title='bbox 455 5011 598 5068; x_wconf 92' lang='lat' dir='ltr'><strong>tium</strong></span> <span class='ocrx_word' id='word_1_490' title='bbox 645 5026 831 5080; x_wconf 87' lang='lat' dir='ltr'><strong>usque</strong></span> <span class='ocrx_word' id='word_1_491' title='bbox 879 5008 1088 5065; x_wconf 84' lang='lat' dir='ltr'><strong>caelum</strong></span> <span class='ocrx_word' id='word_1_492' title='bbox 1155 5014 1211 5062; x_wconf 90' lang='lat' dir='ltr'><strong>et</strong></span> <span class='ocrx_word' id='word_1_493' title='bbox 1257 5005 1592 5079; x_wconf 88' lang='lat' dir='ltr'><strong>paradisum</strong></span> <span class='ocrx_word' id='word_1_494' title='bbox 1643 5004 1835 5076; x_wconf 87' lang='lat' dir='ltr'><strong>ipsum</strong></span> <span class='ocrx_word' id='word_1_495' title='bbox 1884 5006 2101 5074; x_wconf 84' lang='lat' dir='ltr'><strong>raptus,</strong></span> 
     </span>
    </p>
   </div>
   <div class='ocr_carea' id='block_1_71' title="bbox 457 5093 2105 5168">
    <p class='ocr_par' dir='ltr' id='par_1_71' title="bbox 457 5093 2105 5168">
     <span class='ocr_line' id='line_1_71' title="bbox 457 5093 2105 5168; baseline -0.004 -14"><span class='ocrx_word' id='word_1_496' title='bbox 457 5099 722 5155; x_wconf 88' lang='lat' dir='ltr'><strong>initiatus</strong></span> <span class='ocrx_word' id='word_1_497' title='bbox 755 5101 962 5166; x_wconf 83' lang='lat' dir='ltr'><strong>fuerat,</strong></span> <span class='ocrx_word' id='word_1_498' title='bbox 991 5099 1060 5154; x_wconf 90' lang='lat' dir='ltr'><strong>de</strong></span> <span class='ocrx_word' id='word_1_499' title='bbox 1092 5096 1403 5168; x_wconf 86' lang='lat' dir='ltr'><strong>theologia,</strong></span> <span class='ocrx_word' id='word_1_500' title='bbox 1435 5094 1648 5167; x_wconf 87' lang='lat' dir='ltr'><strong>Deique</strong></span> <span class='ocrx_word' id='word_1_501' title='bbox 1676 5093 1850 5150; x_wconf 84' lang='lat' dir='ltr'><strong>Verbi</strong></span> <span class='ocrx_word' id='word_1_502' title='bbox 1887 5093 2105 5149; x_wconf 87' lang='lat' dir='ltr'><strong>ratione</strong></span> 
     </span>
    </p>
   </div>
   <div class='ocr_carea' id='block_1_72' title="bbox 454 5185 2099 5258">
    <p class='ocr_par' dir='ltr' id='par_1_72' title="bbox 454 5185 2099 5258">
     <span class='ocr_line' id='line_1_72' title="bbox 454 5185 2099 5258; baseline -0.005 -12"><span class='ocrx_word' id='word_1_503' title='bbox 454 5191 700 5258; x_wconf 89' lang='lat' dir='ltr'><strong>scilicet,</strong></span> <span class='ocrx_word' id='word_1_504' title='bbox 733 5204 956 5245; x_wconf 87' lang='lat' dir='ltr'><strong>necnon</strong></span> <span class='ocrx_word' id='word_1_505' title='bbox 1001 5187 1221 5246; x_wconf 75' lang='lat' dir='ltr'><strong>cmlesti</strong></span> <span class='ocrx_word' id='word_1_506' title='bbox 1256 5185 1600 5252; x_wconf 87' lang='lat' dir='ltr'><strong>hierarchia,</strong></span> <span class='ocrx_word' id='word_1_507' title='bbox 1634 5202 1944 5257; x_wconf 87' lang='lat' dir='ltr'><strong>rerumque</strong></span> <span class='ocrx_word' id='word_1_508' title='bbox 1975 5200 2099 5240; x_wconf 92' lang='lat' dir='ltr'><strong>om-</strong></span> 
     </span>
    </p>
   </div>
   <div class='ocr_carea' id='block_1_73' title="bbox 455 5273 2102 5348">
    <p class='ocr_par' dir='ltr' id='par_1_73' title="bbox 455 5273 2102 5348">
     <span class='ocr_line' id='line_1_73' title="bbox 455 5273 2102 5348; baseline -0.005 -14"><span class='ocrx_word' id='word_1_509' title='bbox 455 5279 620 5336; x_wconf 91' lang='lat' dir='ltr'><strong>nium</strong></span> <span class='ocrx_word' id='word_1_510' title='bbox 647 5277 1086 5336; x_wconf 89' lang='lat' dir='ltr'><strong>absolutissima</strong></span> <span class='ocrx_word' id='word_1_511' title='bbox 1115 5275 1494 5348; x_wconf 88' lang='lat' dir='ltr'><strong>dispositione</strong></span> <span class='ocrx_word' id='word_1_512' title='bbox 1523 5279 1697 5346; x_wconf 88' lang='lat' dir='ltr'><strong>atque</strong></span> <span class='ocrx_word' id='word_1_513' title='bbox 1718 5273 2102 5338; x_wconf 85' lang='lat' dir='ltr'><strong>ordinatione,</strong></span> 
     </span>
    </p>
   </div>
   <div class='ocr_carea' id='block_1_74' title="bbox 455 5363 2104 5437">
    <p class='ocr_par' dir='ltr' id='par_1_74' title="bbox 455 5363 2104 5437">
     <span class='ocr_line' id='line_1_74' title="bbox 455 5363 2104 5437; baseline -0.005 -13"><span class='ocrx_word' id='word_1_514' title='bbox 455 5367 898 5424; x_wconf 88' lang='lat' dir='ltr'><strong>communicans</strong></span> <span class='ocrx_word' id='word_1_515' title='bbox 929 5365 1166 5422; x_wconf 89' lang='lat' dir='ltr'><strong>tradidit</strong></span> <span class='ocrx_word' id='word_1_516' title='bbox 1195 5384 1210 5419; x_wconf 88' lang='lat'><strong>:</strong></span> <span class='ocrx_word' id='word_1_517' title='bbox 1245 5381 1390 5437; x_wconf 82' lang='lat' dir='ltr'><strong>quas</strong></span> <span class='ocrx_word' id='word_1_518' title='bbox 1419 5381 1507 5421; x_wconf 88' lang='lat' dir='ltr'><strong>res</strong></span> <span class='ocrx_word' id='word_1_519' title='bbox 1557 5363 1864 5436; x_wconf 88' lang='lat' dir='ltr'><strong>Dionysius</strong></span> <span class='ocrx_word' id='word_1_520' title='bbox 1905 5366 2104 5432; x_wconf 88' lang='lat' dir='ltr'><strong>postea</strong></span> 
     </span>
    </p>
   </div>
   <div class='ocr_carea' id='block_1_75' title="bbox 454 5450 2104 5529">
    <p class='ocr_par' dir='ltr' id='par_1_75' title="bbox 454 5450 2104 5529">
     <span class='ocr_line' id='line_1_75' title="bbox 454 5450 2104 5529; baseline -0.006 -17"><span class='ocrx_word' id='word_1_521' title='bbox 454 5457 628 5513; x_wconf 87' lang='lat' dir='ltr'><strong>etiam</strong></span> <span class='ocrx_word' id='word_1_522' title='bbox 659 5456 718 5512; x_wconf 92' lang='lat' dir='ltr'><strong>in</strong></span> <span class='ocrx_word' id='word_1_523' title='bbox 767 5455 985 5529; x_wconf 87' lang='lat' dir='ltr'><strong>scripta</strong></span> <span class='ocrx_word' id='word_1_524' title='bbox 1033 5453 1251 5512; x_wconf 90' lang='lat' dir='ltr'><strong>retulit.</strong></span> <span class='ocrx_word' id='word_1_525' title='bbox 1284 5455 1394 5520; x_wconf 88' lang='lat' dir='ltr'><strong>Qui</strong></span> <span class='ocrx_word' id='word_1_526' title='bbox 1443 5469 1632 5524; x_wconf 90' lang='lat' dir='ltr'><strong>porro,</strong></span> <span class='ocrx_word' id='word_1_527' title='bbox 1665 5453 1839 5508; x_wconf 79' lang='lat' dir='ltr'><strong>verbo</strong></span> <span class='ocrx_word' id='word_1_528' title='bbox 1877 5450 2104 5522; x_wconf 88' lang='lat' dir='ltr'><strong>pietatis</strong></span> 
     </span>
    </p>
   </div>
   <div class='ocr_carea' id='block_1_76' title="bbox 453 5541 2103 5616">
    <p class='ocr_par' dir='ltr' id='par_1_76' title="bbox 453 5541 2103 5616">
     <span class='ocr_line' id='line_1_76' title="bbox 453 5541 2103 5616; baseline -0.004 -18"><span class='ocrx_word' id='word_1_529' title='bbox 453 5543 689 5616; x_wconf 87' lang='lat' dir='ltr'><strong>verique</strong></span> <span class='ocrx_word' id='word_1_530' title='bbox 719 5544 912 5601; x_wconf 87' lang='lat' dir='ltr'><strong>cultus</strong></span> <span class='ocrx_word' id='word_1_531' title='bbox 951 5543 1260 5615; x_wconf 88' lang='lat' dir='ltr'><strong>magniﬁce</strong></span> <span class='ocrx_word' id='word_1_532' title='bbox 1296 5541 1682 5613; x_wconf 63' lang='lat' dir='ltr'><strong>praedicando,</strong></span> <span class='ocrx_word' id='word_1_533' title='bbox 1717 5555 1931 5610; x_wconf 83' lang='lat' dir='ltr'><strong>magna</strong></span> <span class='ocrx_word' id='word_1_534' title='bbox 1964 5554 2103 5593; x_wconf 88' lang='lat' dir='ltr'><strong>usus</strong></span> 
     </span>
    </p>
   </div>
   <div class='ocr_carea' id='block_1_77' title="bbox 453 5629 2102 5710">
    <p class='ocr_par' dir='ltr' id='par_1_77' title="bbox 453 5629 2102 5710">
     <span class='ocr_line' id='line_1_77' title="bbox 453 5629 2102 5710; baseline -0.005 -15"><span class='ocrx_word' id='word_1_535' title='bbox 453 5641 541 5695; x_wconf 87' lang='lat' dir='ltr'><strong>est</strong></span> <span class='ocrx_word' id='word_1_536' title='bbox 569 5635 858 5710; x_wconf 89' lang='lat' dir='ltr'><strong>libertate,</strong></span> <span class='ocrx_word' id='word_1_537' title='bbox 884 5635 1216 5708; x_wconf 88' lang='lat' dir='ltr'><strong>multosque</strong></span> <span class='ocrx_word' id='word_1_538' title='bbox 1247 5651 1431 5692; x_wconf 85' lang='lat' dir='ltr'><strong>annos</strong></span> <span class='ocrx_word' id='word_1_539' title='bbox 1458 5633 1515 5689; x_wconf 91' lang='lat' dir='ltr'><strong>in</strong></span> <span class='ocrx_word' id='word_1_540' title='bbox 1547 5631 1810 5704; x_wconf 78' lang='lat' dir='ltr'><strong>partibus</strong></span> <span class='ocrx_word' id='word_1_541' title='bbox 1841 5629 2102 5686; x_wconf 87' lang='lat' dir='ltr'><strong>occiden-</strong></span> 
     </span>
    </p>
   </div>
   <div class='ocr_carea' id='block_1_78' title="bbox 2229 1874 3847 1959">
    <p class='ocr_par' dir='ltr' id='par_1_78' title="bbox 2229 1874 3847 1959">
     <span class='ocr_line' id='line_1_78' title="bbox 2229 1874 3847 1959; baseline 0.006 -31"><span class='ocrx_word' id='word_1_542' title='bbox 2229 1874 2484 1943; x_wconf 71' lang='grc' dir='ltr'>κάθηντο.</span> <span class='ocrx_word' id='word_1_543' title='bbox 2519 1881 2612 1929; x_wconf 83' lang='grc' dir='ltr'>Ὠν</span> <span class='ocrx_word' id='word_1_544' title='bbox 2664 1875 2715 1930; x_wconf 82' lang='grc' dir='ltr'>ἐν</span> <span class='ocrx_word' id='word_1_545' title='bbox 2768 1876 2915 1950; x_wconf 77' lang='grc' dir='ltr'>μέσῳ</span> <span class='ocrx_word' id='word_1_546' title='bbox 2966 1879 3280 1954; x_wconf 73' lang='grc' dir='ltr'>γενόμενος,</span> <span class='ocrx_word' id='word_1_547' title='bbox 3312 1883 3410 1948; x_wconf 71' lang='grc' dir='ltr'><strong>τὴν</strong></span> <span class='ocrx_word' id='word_1_548' title='bbox 3453 1881 3847 1959; x_wconf 66' lang='grc' dir='ltr'>δεισιδαιμονίαν</span> 
     </span>
    </p>
   </div>
   <div class='ocr_carea' id='block_1_79' title="bbox 2229 1962 3846 2048">
    <p class='ocr_par' dir='ltr' id='par_1_79' title="bbox 2229 1962 3846 2048">
     <span class='ocr_line' id='line_1_79' title="bbox 2229 1962 3846 2048; baseline 0.006 -32"><span class='ocrx_word' id='word_1_549' title='bbox 2229 1963 2450 2018; x_wconf 78' lang='grc' dir='ltr'>ἐκείνων</span> <span class='ocrx_word' id='word_1_550' title='bbox 2480 1962 2746 2040; x_wconf 73' lang='grc' dir='ltr'>ἤγγελλει</span> <span class='ocrx_word' id='word_1_551' title='bbox 2777 1969 2863 2021; x_wconf 75' lang='grc' dir='ltr'><strong>καῖ</strong></span> <span class='ocrx_word' id='word_1_552' title='bbox 2900 1971 2997 2022; x_wconf 79' lang='grc' dir='ltr'><strong>τοῦ</strong></span> <span class='ocrx_word' id='word_1_553' title='bbox 3021 1970 3146 2041; x_wconf 85' lang='grc' dir='ltr'>παρ’</span> <span class='ocrx_word' id='word_1_554' title='bbox 3177 1969 3404 2034; x_wconf 79' lang='grc' dir='ltr'>ἐκείνοις</span> <span class='ocrx_word' id='word_1_555' title='bbox 3442 1973 3544 2027; x_wconf 83' lang='grc' dir='ltr'>νεὼ</span> <span class='ocrx_word' id='word_1_556' title='bbox 3574 1974 3638 2035; x_wconf 82' lang='grc' dir='ltr'>ὃς</span> <span class='ocrx_word' id='word_1_557' title='bbox 3676 1974 3846 2048; x_wconf 78' lang='grc' dir='ltr'>ἀγνώ-</span> 
     </span>
    </p>
   </div>
   <div class='ocr_carea' id='block_1_80' title="bbox 2228 2055 3842 2128">
    <p class='ocr_par' dir='ltr' id='par_1_80' title="bbox 2228 2055 3842 2128">
     <span class='ocr_line' id='line_1_80' title="bbox 2228 2055 3842 2128; baseline 0.006 -20"><span class='ocrx_word' id='word_1_558' title='bbox 2228 2075 2356 2126; x_wconf 84' lang='grc' dir='ltr'>στῳ</span> <span class='ocrx_word' id='word_1_559' title='bbox 2409 2059 2542 2126; x_wconf 79' lang='grc' dir='ltr'><strong>Θεῷ</strong></span> <span class='ocrx_word' id='word_1_560' title='bbox 2581 2055 2846 2128; x_wconf 78' lang='grc' dir='ltr'>ἀνέκειτο,</span> <span class='ocrx_word' id='word_1_561' title='bbox 2893 2057 3094 2112; x_wconf 71' lang='grc' dir='ltr'>τούτου</span> <span class='ocrx_word' id='word_1_562' title='bbox 3149 2060 3284 2114; x_wconf 72' lang='grc' dir='ltr'>εἶναι</span> <span class='ocrx_word' id='word_1_563' title='bbox 3349 2061 3666 2118; x_wconf 79' lang='grc' dir='ltr'>ἀπόστολον</span> <span class='ocrx_word' id='word_1_564' title='bbox 3722 2061 3842 2118; x_wconf 77' lang='grc' dir='ltr'>ἔπει-</span> 
     </span>
    </p>
   </div>
   <div class='ocr_carea' id='block_1_81' title="bbox 2229 2141 3842 2226">
    <p class='ocr_par' dir='ltr' id='par_1_81' title="bbox 2229 2141 3842 2226">
     <span class='ocr_line' id='line_1_81' title="bbox 2229 2141 3842 2226; baseline 0.006 -31"><span class='ocrx_word' id='word_1_565' title='bbox 2229 2145 2351 2196; x_wconf 85' lang='grc' dir='ltr'>θεν·</span> <span class='ocrx_word' id='word_1_566' title='bbox 2412 2144 2470 2198; x_wconf 79' lang='grc' dir='ltr'>ὃν</span> <span class='ocrx_word' id='word_1_567' title='bbox 2520 2144 2610 2199; x_wconf 81' lang='grc' dir='ltr'><strong>καὶ</strong></span> <span class='ocrx_word' id='word_1_568' title='bbox 2660 2147 2845 2219; x_wconf 67' lang='grc' dir='ltr'>κὺριον</span> <span class='ocrx_word' id='word_1_569' title='bbox 2905 2141 3063 2222; x_wconf 77' lang='grc' dir='ltr'>ἔλεγε</span> <span class='ocrx_word' id='word_1_570' title='bbox 3117 2149 3210 2202; x_wconf 81' lang='grc' dir='ltr'><strong>καὶ</strong></span> <span class='ocrx_word' id='word_1_571' title='bbox 3258 2147 3482 2221; x_wconf 75' lang='grc' dir='ltr'>κτίστην</span> <span class='ocrx_word' id='word_1_572' title='bbox 3530 2157 3638 2226; x_wconf 69' lang='grc' dir='ltr'><strong>γῆς</strong></span> <span class='ocrx_word' id='word_1_573' title='bbox 3677 2173 3727 2207; x_wconf 89' lang='grc' dir='ltr'><strong>τε</strong></span> <span class='ocrx_word' id='word_1_574' title='bbox 3768 2152 3842 2206; x_wconf 75' lang='grc' dir='ltr'>καὶ</span> 
     </span>
    </p>
   </div>
   <div class='ocr_carea' id='block_1_82' title="bbox 2229 2230 3844 2307">
    <p class='ocr_par' dir='ltr' id='par_1_82' title="bbox 2229 2230 3844 2307">
     <span class='ocr_line' id='line_1_82' title="bbox 2229 2230 3844 2307; baseline 0.006 -22"><span class='ocrx_word' id='word_1_575' title='bbox 2229 2231 2487 2305; x_wconf 71' lang='grc' dir='ltr'>οὐρανοῦ,</span> <span class='ocrx_word' id='word_1_576' title='bbox 2521 2230 2590 2286; x_wconf 79' lang='grc' dir='ltr'>δι’</span> <span class='ocrx_word' id='word_1_577' title='bbox 2622 2233 2686 2287; x_wconf 79' lang='grc' dir='ltr'><strong>οὗ</strong></span> <span class='ocrx_word' id='word_1_578' title='bbox 2717 2233 2778 2288; x_wconf 85' lang='grc' dir='ltr'>τὸ</span> <span class='ocrx_word' id='word_1_579' title='bbox 2808 2240 2911 2288; x_wconf 73' lang='grc' dir='ltr'><strong>πᾶν</strong></span> <span class='ocrx_word' id='word_1_580' title='bbox 2938 2252 2951 2265; x_wconf 85' lang='grc'><strong>⁸</strong></span> <span class='ocrx_word' id='word_1_581' title='bbox 2984 2235 3074 2290; x_wconf 79' lang='grc' dir='ltr'>καὶ</span> <span class='ocrx_word' id='word_1_582' title='bbox 3107 2235 3328 2307; x_wconf 80' lang='grc' dir='ltr'>ἀνενδεῆ</span> <span class='ocrx_word' id='word_1_583' title='bbox 3358 2242 3554 2294; x_wconf 75' lang='grc' dir='ltr'>τοῦτον</span> <span class='ocrx_word' id='word_1_584' title='bbox 3601 2242 3692 2296; x_wconf 76' lang='grc' dir='ltr'><strong>καὶ</strong></span> <span class='ocrx_word' id='word_1_585' title='bbox 3735 2239 3844 2294; x_wconf 82' lang='grc' dir='ltr'><strong><em>ἆνὸο</em></strong></span> 
     </span>
    </p>
   </div>
   <div class='ocr_carea' id='block_1_83' title="bbox 2231 2321 3844 2398">
    <p class='ocr_par' dir='ltr' id='par_1_83' title="bbox 2231 2321 3844 2398">
     <span class='ocr_line' id='line_1_83' title="bbox 2231 2321 3844 2398; baseline 0.004 -25"><span class='ocrx_word' id='word_1_586' title='bbox 2231 2341 2392 2392; x_wconf 86' lang='grc' dir='ltr'>μοιον</span> <span class='ocrx_word' id='word_1_587' title='bbox 2445 2321 2576 2375; x_wconf 73' lang='grc' dir='ltr'>εἶναι</span> <span class='ocrx_word' id='word_1_588' title='bbox 2635 2321 2780 2396; x_wconf 73' lang='grc' dir='ltr'>πάσῃ</span> <span class='ocrx_word' id='word_1_589' title='bbox 2850 2321 2956 2398; x_wconf 74' lang='grc' dir='ltr'><strong>ὕλῃ</strong></span> <span class='ocrx_word' id='word_1_590' title='bbox 3015 2324 3310 2398; x_wconf 81' lang='grc' dir='ltr'>προύτίθει.</span> <span class='ocrx_word' id='word_1_591' title='bbox 3369 2325 3529 2383; x_wconf 83' lang='grc' dir='ltr'>Ἀλλ’</span> <span class='ocrx_word' id='word_1_592' title='bbox 3585 2326 3710 2384; x_wconf 79' lang='grc' dir='ltr'><strong>οὐδέ</strong></span> <span class='ocrx_word' id='word_1_593' title='bbox 3756 2349 3844 2382; x_wconf 86' lang='grc' dir='ltr'>τινι</span> 
     </span>
    </p>
   </div>
   <div class='ocr_carea' id='block_1_84' title="bbox 2227 2408 3842 2492">
    <p class='ocr_par' dir='ltr' id='par_1_84' title="bbox 2227 2408 3842 2492">
     <span class='ocr_line' id='line_1_84' title="bbox 2227 2408 3842 2492; baseline 0.006 -29"><span class='ocrx_word' id='word_1_594' title='bbox 2227 2408 2384 2482; x_wconf 79' lang='grc' dir='ltr'>ἄλλῳ</span> <span class='ocrx_word' id='word_1_595' title='bbox 2431 2410 2778 2482; x_wconf 75' lang='grc' dir='ltr'>θεραπεύεται</span> <span class='ocrx_word' id='word_1_596' title='bbox 2827 2413 2862 2483; x_wconf 70' lang='grc' dir='ltr'><strong>ἢ</strong></span> <span class='ocrx_word' id='word_1_597' title='bbox 2913 2418 3028 2474; x_wconf 87' lang='grc' dir='ltr'>τοῖς</span> <span class='ocrx_word' id='word_1_598' title='bbox 3069 2419 3178 2468; x_wconf 87' lang='grc' dir='ltr'><strong>τῶν</strong></span> <span class='ocrx_word' id='word_1_599' title='bbox 3225 2415 3439 2490; x_wconf 84' lang='grc' dir='ltr'>ἀγαθῶν</span> <span class='ocrx_word' id='word_1_600' title='bbox 3470 2409 3653 2492; x_wconf 82' lang='grc' dir='ltr'>ἔργοις</span> <span class='ocrx_word' id='word_1_601' title='bbox 3682 2419 3762 2472; x_wconf 84' lang='grc' dir='ltr'><strong>καί</strong></span> <span class='ocrx_word' id='word_1_602' title='bbox 3785 2420 3842 2490; x_wconf 77' lang='grc' dir='ltr'><strong>τῇ</strong></span> 
     </span>
    </p>
   </div>
   <div class='ocr_carea' id='block_1_85' title="bbox 2227 2497 3845 2581">
    <p class='ocr_par' dir='ltr' id='par_1_85' title="bbox 2227 2497 3845 2581">
     <span class='ocr_line' id='line_1_85' title="bbox 2227 2497 3845 2581; baseline 0.006 -29"><span class='ocrx_word' id='word_1_603' title='bbox 2227 2497 2510 2575; x_wconf 82' lang='grc' dir='ltr'>ἐπιγνώσει</span> <span class='ocrx_word' id='word_1_604' title='bbox 2538 2507 2637 2570; x_wconf 82' lang='grc' dir='ltr'><strong>τῆς</strong></span> <span class='ocrx_word' id='word_1_605' title='bbox 2662 2499 2923 2571; x_wconf 81' lang='grc' dir='ltr'>ἀληθείας</span> <span class='ocrx_word' id='word_1_606' title='bbox 2949 2520 2961 2532; x_wconf 94' lang='grc'><strong>·</strong></span> <span class='ocrx_word' id='word_1_607' title='bbox 3003 2504 3094 2557; x_wconf 72' lang='grc' dir='ltr'><strong>καὶ</strong></span> <span class='ocrx_word' id='word_1_608' title='bbox 3143 2505 3210 2560; x_wconf 71' lang='grc' dir='ltr'><strong>τὰ</strong></span> <span class='ocrx_word' id='word_1_609' title='bbox 3261 2504 3428 2579; x_wconf 70' lang='grc' dir='ltr'>μέχρι</span> <span class='ocrx_word' id='word_1_610' title='bbox 3477 2505 3642 2562; x_wconf 70' lang='grc' dir='ltr'>τοῦδε</span> <span class='ocrx_word' id='word_1_611' title='bbox 3669 2508 3845 2581; x_wconf 71' lang='grc' dir='ltr'>ἀγνοή-</span> 
     </span>
    </p>
   </div>
   <div class='ocr_carea' id='block_1_86' title="bbox 2229 2587 3844 2668">
    <p class='ocr_par' dir='ltr' id='par_1_86' title="bbox 2229 2587 3844 2668">
     <span class='ocr_line' id='line_1_86' title="bbox 2229 2587 3844 2668; baseline 0.006 -27"><span class='ocrx_word' id='word_1_612' title='bbox 2229 2609 2371 2660; x_wconf 83' lang='grc' dir='ltr'>ματα</span> <span class='ocrx_word' id='word_1_613' title='bbox 2416 2587 2485 2642; x_wconf 80' lang='grc' dir='ltr'>δι’</span> <span class='ocrx_word' id='word_1_614' title='bbox 2516 2591 2678 2662; x_wconf 77' lang='grc' dir='ltr'>ἡμῶν</span> <span class='ocrx_word' id='word_1_615' title='bbox 2725 2595 2966 2665; x_wconf 79' lang='grc' dir='ltr'>παρορᾷν</span> <span class='ocrx_word' id='word_1_616' title='bbox 3019 2593 3162 2668; x_wconf 75' lang='grc' dir='ltr'>λέγει</span> <span class='ocrx_word' id='word_1_617' title='bbox 3187 2611 3200 2625; x_wconf 80' lang='grc'><strong><em>⁸</em></strong></span> <span class='ocrx_word' id='word_1_618' title='bbox 3231 2597 3330 2648; x_wconf 72' lang='grc' dir='ltr'><strong>τοῦ</strong></span> <span class='ocrx_word' id='word_1_619' title='bbox 3360 2593 3564 2650; x_wconf 78' lang='grc' dir='ltr'>λοιποῦ</span> <span class='ocrx_word' id='word_1_620' title='bbox 3596 2593 3654 2650; x_wconf 79' lang='grc' dir='ltr'><strong>δὲ</strong></span> <span class='ocrx_word' id='word_1_621' title='bbox 3701 2615 3844 2668; x_wconf 69' lang='grc' dir='ltr'>μετα·</span> 
     </span>
    </p>
   </div>
   <div class='ocr_carea' id='block_1_87' title="bbox 2224 2677 3848 2760">
    <p class='ocr_par' dir='ltr' id='par_1_87' title="bbox 2224 2677 3848 2760">
     <span class='ocr_line' id='line_1_87' title="bbox 2224 2677 3848 2760; baseline 0.006 -31"><span class='ocrx_word' id='word_1_622' title='bbox 2224 2682 2384 2746; x_wconf 85' lang='grc' dir='ltr'>νοεῖν,</span> <span class='ocrx_word' id='word_1_623' title='bbox 2436 2678 2524 2733; x_wconf 76' lang='grc' dir='ltr'><strong>καὶ</strong></span> <span class='ocrx_word' id='word_1_624' title='bbox 2575 2677 2766 2752; x_wconf 81' lang='grc' dir='ltr'>λόγοις</span> <span class='ocrx_word' id='word_1_625' title='bbox 2816 2679 2979 2735; x_wconf 83' lang='grc' dir='ltr'>εἷ’κειν</span> <span class='ocrx_word' id='word_1_626' title='bbox 3029 2681 3296 2744; x_wconf 78' lang='grc' dir='ltr'>πίστεως·</span> <span class='ocrx_word' id='word_1_627' title='bbox 3331 2683 3392 2744; x_wconf 85' lang='grc' dir='ltr'><strong>’ὸς</strong></span> <span class='ocrx_word' id='word_1_628' title='bbox 3440 2685 3530 2738; x_wconf 76' lang='grc' dir='ltr'>καὶ</span> <span class='ocrx_word' id='word_1_629' title='bbox 3579 2686 3646 2740; x_wconf 81' lang='grc' dir='ltr'>τὸ</span> <span class='ocrx_word' id='word_1_630' title='bbox 3673 2685 3848 2760; x_wconf 80' lang='grc' dir='ltr'>κρίνειν</span> 
     </span>
    </p>
   </div>
   <div class='ocr_carea' id='block_1_88' title="bbox 2226 2763 3846 2845">
    <p class='ocr_par' dir='ltr' id='par_1_88' title="bbox 2226 2763 3846 2845">
     <span class='ocr_line' id='line_1_88' title="bbox 2226 2763 3846 2845; baseline 0.004 -26"><span class='ocrx_word' id='word_1_631' title='bbox 2226 2763 2422 2820; x_wconf 76' lang='grc' dir='ltr'>ἐκεῖθεν</span> <span class='ocrx_word' id='word_1_632' title='bbox 2483 2765 2728 2843; x_wconf 75' lang='grc' dir='ltr'>εἰληφώς</span> <span class='ocrx_word' id='word_1_633' title='bbox 2784 2767 2961 2822; x_wconf 82' lang='grc' dir='ltr'>ἐστιν·</span> <span class='ocrx_word' id='word_1_634' title='bbox 2994 2769 3152 2831; x_wconf 79' lang='grc' dir='ltr'>οὗτός</span> <span class='ocrx_word' id='word_1_635' title='bbox 3212 2768 3353 2826; x_wconf 77' lang='grc' dir='ltr'>ἐστιν</span> <span class='ocrx_word' id='word_1_636' title='bbox 3384 2772 3598 2843; x_wconf 75' lang='grc' dir='ltr'>Ἰησοῦς</span> <span class='ocrx_word' id='word_1_637' title='bbox 3653 2776 3682 2827; x_wconf 86' lang='grc' dir='ltr'>ὁ</span> <span class='ocrx_word' id='word_1_638' title='bbox 3735 2780 3846 2845; x_wconf 79' lang='grc' dir='ltr'>Χρι-</span> 
     </span>
    </p>
   </div>
   <div class='ocr_carea' id='block_1_89' title="bbox 2225 2849 3850 2932">
    <p class='ocr_par' dir='ltr' id='par_1_89' title="bbox 2225 2849 3850 2932">
     <span class='ocr_line' id='line_1_89' title="bbox 2225 2849 3850 2932; baseline 0.004 -24"><span class='ocrx_word' id='word_1_639' title='bbox 2225 2855 2386 2916; x_wconf 74' lang='grc' dir='ltr'>στός·</span> <span class='ocrx_word' id='word_1_640' title='bbox 2420 2857 2480 2919; x_wconf 75' lang='grc' dir='ltr'><strong>’ὸς</strong></span> <span class='ocrx_word' id='word_1_641' title='bbox 2527 2853 2596 2909; x_wconf 81' lang='grc' dir='ltr'>δι’</span> <span class='ocrx_word' id='word_1_642' title='bbox 2644 2849 2814 2932; x_wconf 76' lang='grc' dir='ltr'>ἔργων</span> <span class='ocrx_word' id='word_1_643' title='bbox 2857 2859 3172 2932; x_wconf 84' lang='grc' dir='ltr'>θεοπρεπῶν</span> <span class='ocrx_word' id='word_1_644' title='bbox 3223 2861 3352 2922; x_wconf 82' lang='grc' dir='ltr'>Θεὸς</span> <span class='ocrx_word' id='word_1_645' title='bbox 3399 2859 3612 2924; x_wconf 73' lang='grc' dir='ltr'>τέλειος</span> <span class='ocrx_word' id='word_1_646' title='bbox 3643 2863 3729 2918; x_wconf 79' lang='grc' dir='ltr'><strong>καὶ</strong></span> <span class='ocrx_word' id='word_1_647' title='bbox 3769 2864 3850 2917; x_wconf 67' lang='grc' dir='ltr'>τε.</span> 
     </span>
    </p>
   </div>
   <div class='ocr_carea' id='block_1_90' title="bbox 2226 2943 3849 3027">
    <p class='ocr_par' dir='ltr' id='par_1_90' title="bbox 2226 2943 3849 3027">
     <span class='ocr_line' id='line_1_90' title="bbox 2226 2943 3849 3027; baseline 0.004 -29"><span class='ocrx_word' id='word_1_648' title='bbox 2226 2943 2372 3006; x_wconf 79' lang='grc' dir='ltr'>λειος</span> <span class='ocrx_word' id='word_1_649' title='bbox 2449 2943 2738 3020; x_wconf 77' lang='grc' dir='ltr'>ἅνθρωπος</span> <span class='ocrx_word' id='word_1_650' title='bbox 2815 2944 2962 3014; x_wconf 65' lang='grc' dir='ltr'>πλὴν</span> <span class='ocrx_word' id='word_1_651' title='bbox 3042 2949 3308 3022; x_wconf 75' lang='grc' dir='ltr'>ἁμαρτίας</span> <span class='ocrx_word' id='word_1_652' title='bbox 3367 2949 3675 3027; x_wconf 75' lang='grc' dir='ltr'>ἀναφανεῖς,</span> <span class='ocrx_word' id='word_1_653' title='bbox 3734 2951 3849 3023; x_wconf 76' lang='grc' dir='ltr'>ὑπὲρ</span> 
     </span>
    </p>
   </div>
   <div class='ocr_carea' id='block_1_91' title="bbox 2221 3033 3853 3112">
    <p class='ocr_par' dir='ltr' id='par_1_91' title="bbox 2221 3033 3853 3112">
     <span class='ocr_line' id='line_1_91' title="bbox 2221 3033 3853 3112; baseline 0.002 -24"><span class='ocrx_word' id='word_1_654' title='bbox 2221 3034 2475 3088; x_wconf 65' lang='grc' dir='ltr'>ἁπέντιυν</span> <span class='ocrx_word' id='word_1_655' title='bbox 2533 3033 2886 3108; x_wconf 71' lang='grc' dir='ltr'>ἐσταῦρωται,</span> <span class='ocrx_word' id='word_1_656' title='bbox 2947 3035 3036 3090; x_wconf 82' lang='grc' dir='ltr'>καὶ</span> <span class='ocrx_word' id='word_1_657' title='bbox 3095 3037 3156 3092; x_wconf 80' lang='grc' dir='ltr'>ἐκ</span> <span class='ocrx_word' id='word_1_658' title='bbox 3209 3044 3414 3112; x_wconf 79' lang='grc' dir='ltr'>νεκρῶν</span> <span class='ocrx_word' id='word_1_659' title='bbox 3480 3040 3716 3112; x_wconf 75' lang='grc' dir='ltr'>ἀνέστη·</span> <span class='ocrx_word' id='word_1_660' title='bbox 3773 3040 3853 3094; x_wconf 69' lang='grc' dir='ltr'><strong>καὶ</strong></span> 
     </span>
    </p>
   </div>
   <div class='ocr_carea' id='block_1_92' title="bbox 2229 3121 3854 3205">
    <p class='ocr_par' dir='ltr' id='par_1_92' title="bbox 2229 3121 3854 3205">
     <span class='ocr_line' id='line_1_92' title="bbox 2229 3121 3854 3205; baseline 0.005 -31"><span class='ocrx_word' id='word_1_661' title='bbox 2229 3124 2441 3176; x_wconf 73' lang='grc' dir='ltr'>πάντων</span> <span class='ocrx_word' id='word_1_662' title='bbox 2468 3121 2744 3197; x_wconf 77' lang='grc' dir='ltr'>ὁρώντων,</span> <span class='ocrx_word' id='word_1_663' title='bbox 2772 3123 2907 3197; x_wconf 74' lang='grc' dir='ltr'>πρὸς</span> <span class='ocrx_word' id='word_1_664' title='bbox 2937 3124 3030 3178; x_wconf 86' lang='grc' dir='ltr'>τὸν</span> <span class='ocrx_word' id='word_1_665' title='bbox 3072 3125 3271 3180; x_wconf 78' lang='grc' dir='ltr'>οἰκεῖον</span> <span class='ocrx_word' id='word_1_666' title='bbox 3325 3129 3538 3203; x_wconf 76' lang='grc' dir='ltr'>Πατέρα</span> <span class='ocrx_word' id='word_1_667' title='bbox 3590 3129 3854 3205; x_wconf 70' lang='grc' dir='ltr'>ἀνελήφθη</span> 
     </span>
    </p>
   </div>
   <div class='ocr_carea' id='block_1_93' title="bbox 2171 3209 3856 3288">
    <p class='ocr_par' dir='ltr' id='par_1_93' title="bbox 2171 3209 3856 3288">
     <span class='ocr_line' id='line_1_93' title="bbox 2171 3209 3856 3288; baseline 0.004 -23"><span class='ocrx_word' id='word_1_668' title='bbox 2171 3211 2188 3232; x_wconf 77' lang='grc'><strong><em>¹</em></strong></span> <span class='ocrx_word' id='word_1_669' title='bbox 2224 3209 2316 3266; x_wconf 75' lang='grc' dir='ltr'><strong>τὸν</strong></span> <span class='ocrx_word' id='word_1_670' title='bbox 2369 3211 2478 3264; x_wconf 79' lang='grc' dir='ltr'><strong>τῶν</strong></span> <span class='ocrx_word' id='word_1_671' title='bbox 2537 3209 2682 3266; x_wconf 81' lang='grc' dir='ltr'>ὅλων</span> <span class='ocrx_word' id='word_1_672' title='bbox 2741 3211 2889 3266; x_wconf 77' lang='grc' dir='ltr'><strong>Θεὸν.</strong></span> <span class='ocrx_word' id='word_1_673' title='bbox 2926 3211 3030 3268; x_wconf 84' lang='grc' dir='ltr'><strong>Καὶ</strong></span> <span class='ocrx_word' id='word_1_674' title='bbox 3079 3215 3186 3268; x_wconf 75' lang='grc' dir='ltr'>τισὶ</span> <span class='ocrx_word' id='word_1_675' title='bbox 3243 3216 3338 3288; x_wconf 75' lang='grc' dir='ltr'>μὲν</span> <span class='ocrx_word' id='word_1_676' title='bbox 3387 3217 3677 3274; x_wconf 70' lang='grc' dir='ltr'>ἀνάστασιν</span> <span class='ocrx_word' id='word_1_677' title='bbox 3729 3219 3856 3287; x_wconf 74' lang='grc' dir='ltr'>ἀκη-</span> 
     </span>
    </p>
   </div>
   <div class='ocr_carea' id='block_1_94' title="bbox 2221 3298 3862 3380">
    <p class='ocr_par' dir='ltr' id='par_1_94' title="bbox 2221 3298 3862 3380">
     <span class='ocr_line' id='line_1_94' title="bbox 2221 3298 3862 3380; baseline 0.004 -26"><span class='ocrx_word' id='word_1_678' title='bbox 2221 3300 2376 3354; x_wconf 77' lang='grc' dir='ltr'>κοὸσι</span> <span class='ocrx_word' id='word_1_679' title='bbox 2426 3298 2603 3374; x_wconf 76' lang='grc' dir='ltr'>χλε·5η</span> <span class='ocrx_word' id='word_1_680' title='bbox 2649 3300 2710 3354; x_wconf 78' lang='grc' dir='ltr'>τὸ</span> <span class='ocrx_word' id='word_1_681' title='bbox 2763 3305 2993 3376; x_wconf 74' lang='grc' dir='ltr'>πρᾶγμα</span> <span class='ocrx_word' id='word_1_682' title='bbox 3041 3300 3255 3358; x_wconf 74' lang='grc' dir='ltr'>ἐδόκει·</span> <span class='ocrx_word' id='word_1_683' title='bbox 3289 3305 3434 3368; x_wconf 76' lang='grc' dir='ltr'>τινὲς</span> <span class='ocrx_word' id='word_1_684' title='bbox 3485 3304 3544 3362; x_wconf 73' lang='grc' dir='ltr'>δὲ</span> <span class='ocrx_word' id='word_1_685' title='bbox 3592 3308 3741 3380; x_wconf 77' lang='grc' dir='ltr'><strong>αὐτῷ</strong></span> <span class='ocrx_word' id='word_1_686' title='bbox 3776 3328 3862 3360; x_wconf 74' lang='lat' dir='ltr'><strong>m-</strong></span> 
     </span>
    </p>
   </div>
   <div class='ocr_carea' id='block_1_95' title="bbox 2222 3387 3859 3473">
    <p class='ocr_par' dir='ltr' id='par_1_95' title="bbox 2222 3387 3859 3473">
     <span class='ocr_line' id='line_1_95' title="bbox 2222 3387 3859 3473; baseline 0.008 -31"><span class='ocrx_word' id='word_1_687' title='bbox 2222 3389 2534 3450; x_wconf 69' lang='grc' dir='ltr'>στεῦσαντες</span> <span class='ocrx_word' id='word_1_688' title='bbox 2594 3387 2846 3444; x_wconf 77' lang='grc' dir='ltr'>ε’ίποντο’</span> <span class='ocrx_word' id='word_1_689' title='bbox 2892 3392 3010 3463; x_wconf 72' lang='grc' dir='ltr'>μεθ’</span> <span class='ocrx_word' id='word_1_690' title='bbox 3064 3393 3138 3446; x_wconf 80' lang='grc' dir='ltr'>ὧν</span> <span class='ocrx_word' id='word_1_691' title='bbox 3213 3395 3304 3448; x_wconf 77' lang='grc' dir='ltr'><strong>καὶ</strong></span> <span class='ocrx_word' id='word_1_692' title='bbox 3383 3397 3412 3450; x_wconf 82' lang='grc' dir='ltr'>ὁ</span> <span class='ocrx_word' id='word_1_693' title='bbox 3474 3396 3859 3473; x_wconf 66' lang='grc' dir='ltr'>Ἀρεοπαγίτης</span> 
     </span>
    </p>
   </div>
   <div class='ocr_carea' id='block_1_96' title="bbox 2221 3477 3864 3562">
    <p class='ocr_par' dir='ltr' id='par_1_96' title="bbox 2221 3477 3864 3562">
     <span class='ocr_line' id='line_1_96' title="bbox 2221 3477 3864 3562; baseline 0.005 -31"><span class='ocrx_word' id='word_1_694' title='bbox 2221 3477 2492 3540; x_wconf 67' lang='grc' dir='ltr'>Διονύσιος</span> <span class='ocrx_word' id='word_1_695' title='bbox 2535 3478 2624 3548; x_wconf 71' lang='grc' dir='ltr'><strong>ἦν,</strong></span> <span class='ocrx_word' id='word_1_696' title='bbox 2658 3481 2734 3541; x_wconf 79' lang='grc' dir='ltr'>εἷς</span> <span class='ocrx_word' id='word_1_697' title='bbox 2785 3477 2858 3533; x_wconf 79' lang='grc' dir='ltr'>ὢν</span> <span class='ocrx_word' id='word_1_698' title='bbox 2907 3483 3016 3535; x_wconf 89' lang='grc' dir='ltr'><strong>τῶν</strong></span> <span class='ocrx_word' id='word_1_699' title='bbox 3064 3486 3242 3561; x_wconf 88' lang='grc' dir='ltr'>σοφῶν</span> <span class='ocrx_word' id='word_1_700' title='bbox 3295 3482 3517 3540; x_wconf 78' lang='grc' dir='ltr'>ἐκείνων</span> <span class='ocrx_word' id='word_1_701' title='bbox 3570 3489 3662 3541; x_wconf 77' lang='grc' dir='ltr'><strong>καὶ</strong></span> <span class='ocrx_word' id='word_1_702' title='bbox 3694 3486 3864 3562; x_wconf 81' lang='grc' dir='ltr'>ἐκκρί-</span> 
     </span>
    </p>
   </div>
   <div class='ocr_carea' id='block_1_97' title="bbox 2218 3565 3860 3645">
    <p class='ocr_par' dir='ltr' id='par_1_97' title="bbox 2218 3565 3860 3645">
     <span class='ocr_line' id='line_1_97' title="bbox 2218 3565 3860 3645; baseline 0.005 -24"><span class='ocrx_word' id='word_1_703' title='bbox 2218 3589 2325 3621; x_wconf 83' lang='grc' dir='ltr'><strong>των</strong></span> <span class='ocrx_word' id='word_1_704' title='bbox 2383 3565 2609 3642; x_wconf 82' lang='grc' dir='ltr'>ἀνδρῶν.</span> <span class='ocrx_word' id='word_1_705' title='bbox 2642 3568 2768 3625; x_wconf 84' lang='grc' dir='ltr'><strong>Ἐπὶ</strong></span> <span class='ocrx_word' id='word_1_706' title='bbox 2821 3569 2980 3625; x_wconf 72' lang='grc' dir='ltr'>τόσον</span> <span class='ocrx_word' id='word_1_707' title='bbox 3037 3569 3095 3626; x_wconf 74' lang='grc' dir='ltr'><strong>δὲ</strong></span> <span class='ocrx_word' id='word_1_708' title='bbox 3141 3573 3294 3645; x_wconf 79' lang='grc' dir='ltr'><strong>αὖτῷ</strong></span> <span class='ocrx_word' id='word_1_709' title='bbox 3340 3575 3407 3629; x_wconf 67' lang='grc' dir='ltr'>τὶ</span> <span class='ocrx_word' id='word_1_710' title='bbox 3450 3582 3554 3645; x_wconf 72' lang='grc' dir='ltr'>τῆς</span> <span class='ocrx_word' id='word_1_711' title='bbox 3614 3576 3860 3642; x_wconf 84' lang='grc' dir='ltr'>πίστεως,</span> 
     </span>
    </p>
   </div>
   <div class='ocr_carea' id='block_1_98' title="bbox 2221 3657 3864 3742">
    <p class='ocr_par' dir='ltr' id='par_1_98' title="bbox 2221 3657 3864 3742">
     <span class='ocr_line' id='line_1_98' title="bbox 2221 3657 3864 3742; baseline 0.005 -32"><span class='ocrx_word' id='word_1_712' title='bbox 2221 3658 2296 3720; x_wconf 83' lang='grc' dir='ltr'>ὡς</span> <span class='ocrx_word' id='word_1_713' title='bbox 2345 3659 2421 3730; x_wconf 79' lang='grc' dir='ltr'>μή</span> <span class='ocrx_word' id='word_1_714' title='bbox 2478 3658 2642 3730; x_wconf 70' lang='grc' dir='ltr'>μόνον</span> <span class='ocrx_word' id='word_1_715' title='bbox 2690 3663 2786 3713; x_wconf 72' lang='grc' dir='ltr'>τοῦ</span> <span class='ocrx_word' id='word_1_716' title='bbox 2831 3657 2978 3714; x_wconf 87' lang='grc' dir='ltr'>θείου</span> <span class='ocrx_word' id='word_1_717' title='bbox 3007 3661 3399 3732; x_wconf 71' lang='grc' dir='ltr'>καταξιωθῆναι</span> <span class='ocrx_word' id='word_1_718' title='bbox 3433 3661 3698 3742; x_wconf 75' lang='grc' dir='ltr'>λουτροῦ,</span> <span class='ocrx_word' id='word_1_719' title='bbox 3727 3664 3864 3722; x_wconf 70' lang='grc' dir='ltr'><strong>ἆλλᾶ</strong></span> 
     </span>
    </p>
   </div>
   <div class='ocr_carea' id='block_1_99' title="bbox 2219 3744 3860 3831">
    <p class='ocr_par' dir='ltr' id='par_1_99' title="bbox 2219 3744 3860 3831">
     <span class='ocr_line' id='line_1_99' title="bbox 2219 3744 3860 3831; baseline 0.003 -31"><span class='ocrx_word' id='word_1_720' title='bbox 2219 3746 2308 3801; x_wconf 82' lang='grc' dir='ltr'><strong>καὶ</strong></span> <span class='ocrx_word' id='word_1_721' title='bbox 2394 3744 2482 3800; x_wconf 78' lang='grc' dir='ltr'>διὰ</span> <span class='ocrx_word' id='word_1_722' title='bbox 2558 3751 2762 3822; x_wconf 84' lang='grc' dir='ltr'>χειρῶν</span> <span class='ocrx_word' id='word_1_723' title='bbox 2836 3748 3054 3804; x_wconf 77' lang='grc' dir='ltr'>Παύλου</span> <span class='ocrx_word' id='word_1_724' title='bbox 3105 3751 3352 3822; x_wconf 80' lang='grc' dir='ltr'>Ἀθηνῶν</span> <span class='ocrx_word' id='word_1_725' title='bbox 3413 3758 3860 3831; x_wconf 75' lang='grc' dir='ltr'>προχειρισθῆναι</span> 
     </span>
    </p>
   </div>
   <div class='ocr_carea' id='block_1_100' title="bbox 2219 3834 3865 3917">
    <p class='ocr_par' dir='ltr' id='par_1_100' title="bbox 2219 3834 3865 3917">
     <span class='ocr_line' id='line_1_100' title="bbox 2219 3834 3865 3917; baseline 0.005 -27"><span class='ocrx_word' id='word_1_726' title='bbox 2219 3834 2536 3902; x_wconf 81' lang='grc' dir='ltr'>ἐπίσκοπον,</span> <span class='ocrx_word' id='word_1_727' title='bbox 2598 3837 2687 3890; x_wconf 83' lang='grc' dir='ltr'><strong>καὶ</strong></span> <span class='ocrx_word' id='word_1_728' title='bbox 2759 3838 3040 3917; x_wconf 80' lang='grc' dir='ltr'>ὑπερφυῶν</span> <span class='ocrx_word' id='word_1_729' title='bbox 3119 3842 3476 3913; x_wconf 74' lang='grc' dir='ltr'>χαρισμάτων</span> <span class='ocrx_word' id='word_1_730' title='bbox 3553 3847 3865 3917; x_wconf 76' lang='grc' dir='ltr'>ἀξιωθῆναι,</span> 
     </span>
    </p>
   </div>
   <div class='ocr_carea' id='block_1_101' title="bbox 2221 3925 3866 4003">
    <p class='ocr_par' dir='ltr' id='par_1_101' title="bbox 2221 3925 3866 4003">
     <span class='ocr_line' id='line_1_101' title="bbox 2221 3925 3866 4003; baseline 0.004 -23"><span class='ocrx_word' id='word_1_731' title='bbox 2221 3927 2309 3980; x_wconf 78' lang='grc' dir='ltr'><strong>καὶ</strong></span> <span class='ocrx_word' id='word_1_732' title='bbox 2355 3926 2434 3998; x_wconf 81' lang='grc' dir='ltr'><strong>τῷ</strong></span> <span class='ocrx_word' id='word_1_733' title='bbox 2478 3925 2606 3997; x_wconf 85' lang='grc' dir='ltr'>θείῳ</span> <span class='ocrx_word' id='word_1_734' title='bbox 2653 3926 3000 4002; x_wconf 72' lang='grc' dir='ltr'>συγγενέσθαι</span> <span class='ocrx_word' id='word_1_735' title='bbox 3049 3929 3332 4003; x_wconf 69' lang='grc' dir='ltr'>Ἰεροθέῳο</span> <span class='ocrx_word' id='word_1_736' title='bbox 3379 3935 3462 3994; x_wconf 78' lang='grc' dir='ltr'>οἷς</span> <span class='ocrx_word' id='word_1_737' title='bbox 3516 3935 3737 3996; x_wconf 73' lang='grc' dir='ltr'>Παῦλος</span> <span class='ocrx_word' id='word_1_738' title='bbox 3777 3935 3866 3987; x_wconf 80' lang='grc' dir='ltr'>ὅσα</span> 
     </span>
    </p>
   </div>
   <div class='ocr_carea' id='block_1_102' title="bbox 2220 4013 3864 4096">
    <p class='ocr_par' dir='ltr' id='par_1_102' title="bbox 2220 4013 3864 4096">
     <span class='ocr_line' id='line_1_102' title="bbox 2220 4013 3864 4096; baseline 0.004 -27"><span class='ocrx_word' id='word_1_739' title='bbox 2220 4016 2307 4069; x_wconf 81' lang='grc' dir='ltr'>καὶ</span> <span class='ocrx_word' id='word_1_740' title='bbox 2353 4013 2631 4088; x_wconf 71' lang='grc' dir='ltr'>ἔμυήσατο</span> <span class='ocrx_word' id='word_1_741' title='bbox 2681 4013 2756 4077; x_wconf 83' lang='grc' dir='ltr'>εἷς</span> <span class='ocrx_word' id='word_1_742' title='bbox 2806 4016 2896 4070; x_wconf 80' lang='grc' dir='ltr'>τὸν</span> <span class='ocrx_word' id='word_1_743' title='bbox 2937 4016 3119 4090; x_wconf 88' lang='grc' dir='ltr'>τρίτον</span> <span class='ocrx_word' id='word_1_744' title='bbox 3167 4018 3346 4092; x_wconf 75' lang='grc' dir='ltr'>ἀρθείς</span> <span class='ocrx_word' id='word_1_745' title='bbox 3399 4021 3632 4096; x_wconf 79' lang='grc' dir='ltr'>οὐρανὸν</span> <span class='ocrx_word' id='word_1_746' title='bbox 3676 4023 3766 4079; x_wconf 73' lang='grc' dir='ltr'><strong>καὶ</strong></span> <span class='ocrx_word' id='word_1_747' title='bbox 3795 4022 3864 4083; x_wconf 72' lang='grc' dir='ltr'>εἷς</span> 
     </span>
    </p>
   </div>
   <div class='ocr_carea' id='block_1_103' title="bbox 2218 4103 3865 4189">
    <p class='ocr_par' dir='ltr' id='par_1_103' title="bbox 2218 4103 3865 4189">
     <span class='ocr_line' id='line_1_103' title="bbox 2218 4103 3865 4189; baseline 0.009 -31"><span class='ocrx_word' id='word_1_748' title='bbox 2218 4105 2309 4158; x_wconf 80' lang='grc' dir='ltr'><strong>τὸν</strong></span> <span class='ocrx_word' id='word_1_749' title='bbox 2396 4103 2720 4178; x_wconf 72' lang='grc' dir='ltr'>παράδεισον</span> <span class='ocrx_word' id='word_1_750' title='bbox 2798 4105 3202 4176; x_wconf 75' lang='grc' dir='ltr'>κατεπίστευσε,</span> <span class='ocrx_word' id='word_1_751' title='bbox 3254 4111 3378 4184; x_wconf 84' lang='grc' dir='ltr'>περί</span> <span class='ocrx_word' id='word_1_752' title='bbox 3453 4133 3513 4166; x_wconf 88' lang='grc' dir='ltr'><strong>τε</strong></span> <span class='ocrx_word' id='word_1_753' title='bbox 3585 4113 3865 4189; x_wconf 74' lang='grc' dir='ltr'>θεολογίας</span> 
     </span>
    </p>
   </div>
   <div class='ocr_carea' id='block_1_104' title="bbox 2218 4193 3868 4276">
    <p class='ocr_par' dir='ltr' id='par_1_104' title="bbox 2218 4193 3868 4276">
     <span class='ocr_line' id='line_1_104' title="bbox 2218 4193 3868 4276; baseline 0.005 -29"><span class='ocrx_word' id='word_1_754' title='bbox 2218 4193 2305 4248; x_wconf 77' lang='grc' dir='ltr'><strong>καὶ</strong></span> <span class='ocrx_word' id='word_1_755' title='bbox 2359 4194 2480 4268; x_wconf 82' lang='grc' dir='ltr'>περῖ</span> <span class='ocrx_word' id='word_1_756' title='bbox 2525 4201 2622 4263; x_wconf 78' lang='grc' dir='ltr'>τῆς</span> <span class='ocrx_word' id='word_1_757' title='bbox 2671 4194 2923 4270; x_wconf 81' lang='grc' dir='ltr'>οὐρανίου</span> <span class='ocrx_word' id='word_1_758' title='bbox 2971 4197 3256 4274; x_wconf 77' lang='grc' dir='ltr'>ίεραρχίας</span> <span class='ocrx_word' id='word_1_759' title='bbox 3305 4219 3362 4253; x_wconf 87' lang='grc' dir='ltr'><strong>τε</strong></span> <span class='ocrx_word' id='word_1_760' title='bbox 3410 4201 3500 4255; x_wconf 74' lang='grc' dir='ltr'>καί</span> <span class='ocrx_word' id='word_1_761' title='bbox 3566 4200 3868 4276; x_wconf 56' lang='lat' dir='ltr'><strong>auxesin:-</strong></span> 
     </span>
    </p>
   </div>
   <div class='ocr_carea' id='block_1_105' title="bbox 2219 4282 3868 4366">
    <p class='ocr_par' dir='ltr' id='par_1_105' title="bbox 2219 4282 3868 4366">
     <span class='ocr_line' id='line_1_105' title="bbox 2219 4282 3868 4366; baseline 0.005 -28"><span class='ocrx_word' id='word_1_762' title='bbox 2219 4282 2434 4352; x_wconf 77' lang='grc' dir='ltr'>σεως,ἃ</span> <span class='ocrx_word' id='word_1_763' title='bbox 2483 4282 2535 4345; x_wconf 81' lang='grc' dir='ltr'>ἐς</span> <span class='ocrx_word' id='word_1_764' title='bbox 2595 4282 2816 4358; x_wconf 72' lang='grc' dir='ltr'>ὕστερον</span> <span class='ocrx_word' id='word_1_765' title='bbox 2873 4284 2964 4339; x_wconf 87' lang='grc' dir='ltr'><strong>καὶ</strong></span> <span class='ocrx_word' id='word_1_766' title='bbox 3022 4292 3206 4366; x_wconf 84' lang='grc' dir='ltr'>γραφῇ</span> <span class='ocrx_word' id='word_1_767' title='bbox 3257 4288 3556 4363; x_wconf 78' lang='grc' dir='ltr'>παρεδόθη,</span> <span class='ocrx_word' id='word_1_768' title='bbox 3590 4292 3868 4350; x_wconf 72' lang='grc' dir='ltr'>Διονύσιος</span> 
     </span>
    </p>
   </div>
   <div class='ocr_carea' id='block_1_106' title="bbox 2219 4370 3869 4459">
    <p class='ocr_par' dir='ltr' id='par_1_106' title="bbox 2219 4370 3869 4459">
     <span class='ocr_line' id='line_1_106' title="bbox 2219 4370 3869 4459; baseline 0.002 -31"><span class='ocrx_word' id='word_1_769' title='bbox 2219 4373 2276 4428; x_wconf 73' lang='grc' dir='ltr'><strong>δὲ</strong></span> <span class='ocrx_word' id='word_1_770' title='bbox 2321 4376 2412 4428; x_wconf 73' lang='grc' dir='ltr'>τὸν</span> <span class='ocrx_word' id='word_1_771' title='bbox 2466 4373 2631 4448; x_wconf 76' lang='grc' dir='ltr'>λόγον</span> <span class='ocrx_word' id='word_1_772' title='bbox 2687 4375 2782 4442; x_wconf 72' lang='grc' dir='ltr'><strong>τῆς</strong></span> <span class='ocrx_word' id='word_1_773' title='bbox 2838 4370 3109 4438; x_wconf 71' lang='grc' dir='ltr'>εὐσεϐείας</span> <span class='ocrx_word' id='word_1_774' title='bbox 3161 4375 3431 4453; x_wconf 82' lang='grc' dir='ltr'>λαμπρῶς</span> <span class='ocrx_word' id='word_1_775' title='bbox 3484 4379 3869 4459; x_wconf 70' lang='grc' dir='ltr'><strong>παρῥησιισᾶ-</strong></span> 
     </span>
    </p>
   </div>
   <div class='ocr_carea' id='block_1_107' title="bbox 2221 4461 3869 4543">
    <p class='ocr_par' dir='ltr' id='par_1_107' title="bbox 2221 4461 3869 4543">
     <span class='ocr_line' id='line_1_107' title="bbox 2221 4461 3869 4543; baseline 0.007 -26"><span class='ocrx_word' id='word_1_776' title='bbox 2221 4483 2404 4534; x_wconf 79' lang='grc' dir='ltr'>μενος,</span> <span class='ocrx_word' id='word_1_777' title='bbox 2437 4463 2522 4518; x_wconf 77' lang='grc' dir='ltr'><strong>ἐπὶ</strong></span> <span class='ocrx_word' id='word_1_778' title='bbox 2573 4461 2809 4527; x_wconf 84' lang='grc' dir='ltr'>πολλοῖς</span> <span class='ocrx_word' id='word_1_779' title='bbox 2866 4462 3009 4519; x_wconf 86' lang='grc' dir='ltr'>ἔτεσι</span> <span class='ocrx_word' id='word_1_780' title='bbox 3056 4465 3193 4520; x_wconf 79' lang='grc' dir='ltr'>κατᾶ</span> <span class='ocrx_word' id='word_1_781' title='bbox 3235 4469 3335 4535; x_wconf 74' lang='grc' dir='ltr'>τήν</span> <span class='ocrx_word' id='word_1_782' title='bbox 3378 4467 3610 4543; x_wconf 73' lang='grc' dir='ltr'>ἑσπέραν</span> <span class='ocrx_word' id='word_1_783' title='bbox 3649 4469 3869 4540; x_wconf 74' lang='grc' dir='ltr'>δοξάσσς</span> 
     </span>
    </p>
   </div>
   <div class='ocr_carea' id='block_1_108' title="bbox 2218 4551 3871 4634">
    <p class='ocr_par' dir='ltr' id='par_1_108' title="bbox 2218 4551 3871 4634">
     <span class='ocr_line' id='line_1_108' title="bbox 2218 4551 3871 4634; baseline 0.002 -27"><span class='ocrx_word' id='word_1_784' title='bbox 2218 4553 2476 4628; x_wconf 77' lang='grc' dir='ltr'>Χριστὸν,</span> <span class='ocrx_word' id='word_1_785' title='bbox 2510 4551 2585 4612; x_wconf 85' lang='grc' dir='ltr'>εἷς</span> <span class='ocrx_word' id='word_1_786' title='bbox 2647 4551 2780 4628; x_wconf 78' lang='grc' dir='ltr'>βαθὺ</span> <span class='ocrx_word' id='word_1_787' title='bbox 2838 4561 3012 4630; x_wconf 75' lang='grc' dir='ltr'>γῆρας</span> <span class='ocrx_word' id='word_1_788' title='bbox 3070 4554 3244 4624; x_wconf 72' lang='grc' dir='ltr'>ἥκων,</span> <span class='ocrx_word' id='word_1_789' title='bbox 3276 4556 3364 4610; x_wconf 83' lang='grc' dir='ltr'><strong>καὶ</strong></span> <span class='ocrx_word' id='word_1_790' title='bbox 3408 4562 3490 4630; x_wconf 79' lang='grc' dir='ltr'>τῷ</span> <span class='ocrx_word' id='word_1_791' title='bbox 3537 4559 3681 4634; x_wconf 75' lang='grc' dir='ltr'>ὑπὲρ</span> <span class='ocrx_word' id='word_1_792' title='bbox 3712 4559 3871 4614; x_wconf 78' lang='grc' dir='ltr'><strong>αὐτοῦ</strong></span> 
     </span>
    </p>
   </div>
   <div class='ocr_carea' id='block_1_109' title="bbox 2221 4642 3872 4724">
    <p class='ocr_par' dir='ltr' id='par_1_109' title="bbox 2221 4642 3872 4724">
     <span class='ocr_line' id='line_1_109' title="bbox 2221 4642 3872 4724; baseline 0.004 -29"><span class='ocrx_word' id='word_1_793' title='bbox 2221 4642 2505 4718; x_wconf 78' lang='grc' dir='ltr'>μαρτυρίῳ</span> <span class='ocrx_word' id='word_1_794' title='bbox 2561 4645 2970 4715; x_wconf 75' lang='grc' dir='ltr'>κατεκοσμήθη.</span> <span class='ocrx_word' id='word_1_795' title='bbox 3023 4646 3162 4700; x_wconf 77' lang='grc' dir='ltr'>Φασὶ</span> <span class='ocrx_word' id='word_1_796' title='bbox 3217 4643 3274 4700; x_wconf 74' lang='grc' dir='ltr'><strong>δὲ</strong></span> <span class='ocrx_word' id='word_1_797' title='bbox 3322 4645 3484 4702; x_wconf 77' lang='grc' dir='ltr'>αὐτὸν</span> <span class='ocrx_word' id='word_1_798' title='bbox 3546 4651 3654 4719; x_wconf 72' lang='grc' dir='ltr'><strong>τήν</strong></span> <span class='ocrx_word' id='word_1_799' title='bbox 3709 4652 3872 4724; x_wconf 63' lang='grc' dir='ltr'>χάριν</span> 
     </span>
    </p>
   </div>
   <div class='ocr_carea' id='block_1_110' title="bbox 2217 4729 3873 4810">
    <p class='ocr_par' dir='ltr' id='par_1_110' title="bbox 2217 4729 3873 4810">
     <span class='ocr_line' id='line_1_110' title="bbox 2217 4729 3873 4810; baseline 0.004 -26"><span class='ocrx_word' id='word_1_800' title='bbox 2217 4732 2354 4810; x_wconf 80' lang='grc' dir='ltr'>ξίφει</span> <span class='ocrx_word' id='word_1_801' title='bbox 2387 4729 2734 4786; x_wconf 80' lang='grc' dir='ltr'>διακοπεῖσαν</span> <span class='ocrx_word' id='word_1_802' title='bbox 2763 4733 2858 4787; x_wconf 62' lang='grc' dir='ltr'>ἀνὰ</span> <span class='ocrx_word' id='word_1_803' title='bbox 2891 4737 3080 4808; x_wconf 81' lang='grc' dir='ltr'>χεῖρας</span> <span class='ocrx_word' id='word_1_804' title='bbox 3131 4729 3387 4806; x_wconf 71' lang='grc' dir='ltr'>λαϐόντα,</span> <span class='ocrx_word' id='word_1_805' title='bbox 3421 4735 3508 4792; x_wconf 78' lang='grc' dir='ltr'><strong>ἐπὶ</strong></span> <span class='ocrx_word' id='word_1_806' title='bbox 3565 4739 3740 4809; x_wconf 83' lang='grc' dir='ltr'>μίλια</span> <span class='ocrx_word' id='word_1_807' title='bbox 3784 4737 3873 4793; x_wconf 66' lang='grc' dir='ltr'>δύο</span> 
     </span>
    </p>
   </div>
   <div class='ocr_carea' id='block_1_111' title="bbox 2217 4817 3878 4901">
    <p class='ocr_par' dir='ltr' id='par_1_111' title="bbox 2217 4817 3878 4901">
     <span class='ocr_line' id='line_1_111' title="bbox 2217 4817 3878 4901; baseline 0.004 -28"><span class='ocrx_word' id='word_1_808' title='bbox 2217 4817 2464 4874; x_wconf 72' lang='grc' dir='ltr'>ὁδεῦσαιο</span> <span class='ocrx_word' id='word_1_809' title='bbox 2553 4819 2724 4876; x_wconf 79' lang='grc' dir='ltr'>ἐκεῖσε</span> <span class='ocrx_word' id='word_1_810' title='bbox 2781 4819 2836 4876; x_wconf 75' lang='grc' dir='ltr'><strong>δὲ</strong></span> <span class='ocrx_word' id='word_1_811' title='bbox 2899 4824 3107 4896; x_wconf 81' lang='grc' dir='ltr'>γυναικί</span> <span class='ocrx_word' id='word_1_812' title='bbox 3185 4823 3481 4898; x_wconf 78' lang='grc' dir='ltr'>ἐντοχόντα</span> <span class='ocrx_word' id='word_1_813' title='bbox 3556 4829 3878 4901; x_wconf 73' lang='grc' dir='ltr'>παραθεσθι</span> 
     </span>
    </p>
   </div>
   <div class='ocr_carea' id='block_1_112' title="bbox 2213 4910 3875 4992">
    <p class='ocr_par' dir='ltr' id='par_1_112' title="bbox 2213 4910 3875 4992">
     <span class='ocr_line' id='line_1_112' title="bbox 2213 4910 3875 4992; baseline 0.004 -30"><span class='ocrx_word' id='word_1_814' title='bbox 2213 4910 2412 4980; x_wconf 74' lang='grc' dir='ltr'>ταύτην</span> <span class='ocrx_word' id='word_1_815' title='bbox 2460 4911 2622 4984; x_wconf 81' lang='grc' dir='ltr'>αὐτῇ.</span> <span class='ocrx_word' id='word_1_816' title='bbox 2655 4913 2793 4967; x_wconf 80' lang='grc' dir='ltr'>’Όσσι</span> <span class='ocrx_word' id='word_1_817' title='bbox 2840 4931 2902 4986; x_wconf 80' lang='grc' dir='ltr'><strong>γε</strong></span> <span class='ocrx_word' id='word_1_818' title='bbox 2952 4913 3061 4984; x_wconf 75' lang='grc' dir='ltr'>μὴν</span> <span class='ocrx_word' id='word_1_819' title='bbox 3112 4917 3485 4988; x_wconf 76' lang='grc' dir='ltr'>συνεγραψατο</span> <span class='ocrx_word' id='word_1_820' title='bbox 3527 4917 3749 4992; x_wconf 67' lang='grc' dir='ltr'>θεωρίᾳ</span> <span class='ocrx_word' id='word_1_821' title='bbox 3793 4915 3875 4970; x_wconf 75' lang='grc' dir='ltr'><strong>καί</strong></span> 
     </span>
    </p>
   </div>
   <div class='ocr_carea' id='block_1_113' title="bbox 2211 4999 3879 5081">
    <p class='ocr_par' dir='ltr' id='par_1_113' title="bbox 2211 4999 3879 5081">
     <span class='ocr_line' id='line_1_113' title="bbox 2211 4999 3879 5081; baseline 0.004 -27"><span class='ocrx_word' id='word_1_822' title='bbox 2211 5001 2452 5071; x_wconf 68' lang='grc' dir='ltr'>νοήμασι</span> <span class='ocrx_word' id='word_1_823' title='bbox 2510 4999 2600 5054; x_wconf 75' lang='grc' dir='ltr'><strong>καὶ</strong></span> <span class='ocrx_word' id='word_1_824' title='bbox 2651 5002 2844 5074; x_wconf 78' lang='grc' dir='ltr'>φράσει</span> <span class='ocrx_word' id='word_1_825' title='bbox 2901 4999 3080 5076; x_wconf 82' lang='grc' dir='ltr'>ἐξόχῳ</span> <span class='ocrx_word' id='word_1_826' title='bbox 3134 5005 3334 5072; x_wconf 81' lang='grc' dir='ltr'>πάντη,</span> <span class='ocrx_word' id='word_1_827' title='bbox 3365 5004 3455 5058; x_wconf 80' lang='grc' dir='ltr'><strong>καὶ</strong></span> <span class='ocrx_word' id='word_1_828' title='bbox 3505 5005 3716 5081; x_wconf 74' lang='grc' dir='ltr'>ἀμιγεῖ</span> <span class='ocrx_word' id='word_1_829' title='bbox 3743 5011 3879 5077; x_wconf 79' lang='grc' dir='ltr'>ταῖς,</span> 
     </span>
    </p>
   </div>
   <div class='ocr_carea' id='block_1_114' title="bbox 2214 5089 3877 5170">
    <p class='ocr_par' dir='ltr' id='par_1_114' title="bbox 2214 5089 3877 5170">
     <span class='ocr_line' id='line_1_114' title="bbox 2214 5089 3877 5170; baseline 0.002 -26"><span class='ocrx_word' id='word_1_830' title='bbox 2214 5090 2332 5144; x_wconf 78' lang='grc' dir='ltr'>ὅσαι</span> <span class='ocrx_word' id='word_1_831' title='bbox 2391 5092 2508 5145; x_wconf 78' lang='grc' dir='ltr'>κατ’</span> <span class='ocrx_word' id='word_1_832' title='bbox 2537 5089 2858 5164; x_wconf 78' lang='grc' dir='ltr'>ἀνθρώπους</span> <span class='ocrx_word' id='word_1_833' title='bbox 2915 5089 3206 5170; x_wconf 67' lang='grc' dir='ltr'>ἐφάνησαν,</span> <span class='ocrx_word' id='word_1_834' title='bbox 3264 5097 3460 5148; x_wconf 77' lang='grc' dir='ltr'>τοῦτον</span> <span class='ocrx_word' id='word_1_835' title='bbox 3525 5091 3740 5169; x_wconf 76' lang='grc' dir='ltr'>ἔχουσι</span> <span class='ocrx_word' id='word_1_836' title='bbox 3791 5099 3877 5151; x_wconf 73' lang='grc' dir='ltr'>τὸν</span> 
     </span>
    </p>
   </div>
   <div class='ocr_carea' id='block_1_115' title="bbox 2211 5178 3876 5262">
    <p class='ocr_par' dir='ltr' id='par_1_115' title="bbox 2211 5178 3876 5262">
     <span class='ocr_line' id='line_1_115' title="bbox 2211 5178 3876 5262; baseline 0.004 -30"><span class='ocrx_word' id='word_1_837' title='bbox 2211 5181 2443 5254; x_wconf 78' lang='grc' dir='ltr'>τρόπον’</span> <span class='ocrx_word' id='word_1_838' title='bbox 2480 5183 2700 5254; x_wconf 82' lang='grc' dir='ltr'>πρῶτον</span> <span class='ocrx_word' id='word_1_839' title='bbox 2734 5178 2828 5253; x_wconf 74' lang='grc' dir='ltr'>μὲν</span> <span class='ocrx_word' id='word_1_840' title='bbox 2860 5181 3017 5252; x_wconf 78' lang='grc' dir='ltr'>Περὶ</span> <span class='ocrx_word' id='word_1_841' title='bbox 3057 5180 3253 5236; x_wconf 87' lang='grc' dir='ltr'>θείων</span> <span class='ocrx_word' id='word_1_842' title='bbox 3297 5182 3665 5257; x_wconf 78' lang='grc' dir='ltr'>ὀνομάτων</span> <span class='ocrx_word' id='word_1_843' title='bbox 3718 5182 3876 5262; x_wconf 78' lang='grc' dir='ltr'>λόγον</span> 
     </span>
    </p>
   </div>
   <div class='ocr_carea' id='block_1_116' title="bbox 2213 5265 3879 5350">
    <p class='ocr_par' dir='ltr' id='par_1_116' title="bbox 2213 5265 3879 5350">
     <span class='ocr_line' id='line_1_116' title="bbox 2213 5265 3879 5350; baseline 0.007 -28"><span class='ocrx_word' id='word_1_844' title='bbox 2213 5265 2486 5324; x_wconf 74' lang='grc' dir='ltr'>συντᾶττει</span> <span class='ocrx_word' id='word_1_845' title='bbox 2547 5267 2599 5322; x_wconf 82' lang='grc' dir='ltr'>ἐν</span> <span class='ocrx_word' id='word_1_846' title='bbox 2656 5267 2974 5346; x_wconf 84' lang='grc' dir='ltr'>κεφαλαίοις</span> <span class='ocrx_word' id='word_1_847' title='bbox 3055 5269 3442 5345; x_wconf 62' lang='grc' dir='ltr'>τρισκαίδεκιν</span> <span class='ocrx_word' id='word_1_848' title='bbox 3503 5273 3557 5329; x_wconf 79' lang='grc' dir='ltr'>ἐν</span> <span class='ocrx_word' id='word_1_849' title='bbox 3629 5277 3682 5347; x_wconf 81' lang='grc' dir='ltr'>ᾧ</span> <span class='ocrx_word' id='word_1_850' title='bbox 3731 5273 3879 5350; x_wconf 50' lang='lat' dir='ltr'><strong>ista?!</strong></span> 
     </span>
    </p>
   </div>
   <div class='ocr_carea' id='block_1_117' title="bbox 2212 5357 3877 5437">
    <p class='ocr_par' dir='ltr' id='par_1_117' title="bbox 2212 5357 3877 5437">
     <span class='ocr_line' id='line_1_117' title="bbox 2212 5357 3877 5437; baseline 0.004 -23"><span class='ocrx_word' id='word_1_851' title='bbox 2212 5357 2479 5437; x_wconf 75' lang='grc' dir='ltr'>κεφάλαια</span> <span class='ocrx_word' id='word_1_852' title='bbox 2511 5357 2889 5430; x_wconf 46' lang='grc' dir='ltr'>,ὑποτέτακται</span> <span class='ocrx_word' id='word_1_853' title='bbox 2937 5357 3066 5436; x_wconf 73' lang='grc' dir='ltr'>ἄχρι</span> <span class='ocrx_word' id='word_1_854' title='bbox 3114 5365 3222 5416; x_wconf 84' lang='grc' dir='ltr'><strong>τῶν</strong></span> <span class='ocrx_word' id='word_1_855' title='bbox 3260 5363 3305 5435; x_wconf 84' lang='grc' dir='ltr'>ρ’</span> <span class='ocrx_word' id='word_1_856' title='bbox 3355 5364 3661 5437; x_wconf 72' lang='grc' dir='ltr'>προϊόντα,</span> <span class='ocrx_word' id='word_1_857' title='bbox 3697 5367 3877 5420; x_wconf 67' lang='grc' dir='ltr'>θεοσδ-</span> 
     </span>
    </p>
   </div>
   <div class='ocr_carea' id='block_1_118' title="bbox 2213 5446 3882 5528">
    <p class='ocr_par' dir='ltr' id='par_1_118' title="bbox 2213 5446 3882 5528">
     <span class='ocr_line' id='line_1_118' title="bbox 2213 5446 3882 5528; baseline 0.006 -26"><span class='ocrx_word' id='word_1_858' title='bbox 2213 5448 2336 5526; x_wconf 79' lang='grc' dir='ltr'>φίας</span> <span class='ocrx_word' id='word_1_859' title='bbox 2389 5447 2590 5522; x_wconf 70' lang='grc' dir='ltr'>μεστοί·</span> <span class='ocrx_word' id='word_1_860' title='bbox 2639 5446 2888 5525; x_wconf 69' lang='grc' dir='ltr'>δεύτερος</span> <span class='ocrx_word' id='word_1_861' title='bbox 2932 5450 3083 5522; x_wconf 78' lang='grc' dir='ltr'><strong>αὖτῷ</strong></span> <span class='ocrx_word' id='word_1_862' title='bbox 3133 5450 3503 5510; x_wconf 74' lang='grc' dir='ltr'>συντέτακται,</span> <span class='ocrx_word' id='word_1_863' title='bbox 3537 5455 3716 5528; x_wconf 82' lang='grc' dir='ltr'><strong>Περὶ</strong></span> <span class='ocrx_word' id='word_1_864' title='bbox 3765 5463 3882 5525; x_wconf 73' lang='grc' dir='ltr'>τῆς</span> 
     </span>
    </p>
   </div>
   <div class='ocr_carea' id='block_1_119' title="bbox 2213 5535 3858 5620">
    <p class='ocr_par' dir='ltr' id='par_1_119' title="bbox 2213 5535 3858 5620">
     <span class='ocr_line' id='line_1_119' title="bbox 2213 5535 3858 5620; baseline 0.004 -28"><span class='ocrx_word' id='word_1_865' title='bbox 2213 5537 2524 5614; x_wconf 76' lang='grc' dir='ltr'>οὐρανίου</span> <span class='ocrx_word' id='word_1_866' title='bbox 2567 5539 2920 5616; x_wconf 74' lang='grc' dir='ltr'>ἱεραρχίας</span> <span class='ocrx_word' id='word_1_867' title='bbox 2961 5535 3108 5618; x_wconf 79' lang='grc' dir='ltr'>ἔχων</span> <span class='ocrx_word' id='word_1_868' title='bbox 3138 5538 3465 5620; x_wconf 66' lang='grc' dir='ltr'>ἐπιγραφὴν,</span> <span class='ocrx_word' id='word_1_869' title='bbox 3489 5543 3786 5619; x_wconf 68' lang='grc' dir='ltr'>κεφάλαια</span> <span class='ocrx_word' id='word_1_870' title='bbox 3814 5565 3858 5600; x_wconf 82' lang='grc' dir='ltr'><strong>ιε</strong></span> 
     </span>
    </p>
   </div>
   <div class='ocr_carea' id='block_1_120' title="bbox 2209 5622 3880 5710">
    <p class='ocr_par' dir='ltr' id='par_1_120' title="bbox 2209 5622 3880 5708">
     <span class='ocr_line' id='line_1_120' title="bbox 2209 5622 3880 5708; baseline 0.006 -28"><span class='ocrx_word' id='word_1_871' title='bbox 2209 5622 2666 5702; x_wconf 56' lang='grc' dir='ltr'>προϐαλλόμενος</span> <span class='ocrx_word' id='word_1_872' title='bbox 2693 5644 2707 5659; x_wconf 84' lang='grc'><em>’</em></span> <span class='ocrx_word' id='word_1_873' title='bbox 2748 5627 2927 5705; x_wconf 84' lang='grc' dir='ltr'>τρίτος</span> <span class='ocrx_word' id='word_1_874' title='bbox 2961 5628 3049 5684; x_wconf 82' lang='grc' dir='ltr'><strong>ἐπὶ</strong></span> <span class='ocrx_word' id='word_1_875' title='bbox 3075 5628 3294 5694; x_wconf 72' lang='grc' dir='ltr'>τούτοις</span> <span class='ocrx_word' id='word_1_876' title='bbox 3325 5631 3354 5686; x_wconf 82' lang='grc' dir='ltr'>ὁ</span> <span class='ocrx_word' id='word_1_877' title='bbox 3387 5631 3546 5708; x_wconf 84' lang='grc' dir='ltr'><strong>Περί</strong></span> <span class='ocrx_word' id='word_1_878' title='bbox 3607 5641 3745 5706; x_wconf 78' lang='grc' dir='ltr'>τῆς</span> <span class='ocrx_word' id='word_1_879' title='bbox 3793 5635 3880 5689; x_wconf 66' lang='lat' dir='ltr'><strong>ix-</strong></span> 
     </span>
    </p>
   </div>
  </div>
