  <div class='ocr_page' id='page_1' title='image "/cluster/home/n/w/nwhite01/storage/ocr_20150623/145/hvd.32044054086921/410.png"; bbox 0 0 4084 6208; ppageno 0'>
   <div class='ocr_carea' id='block_1_1' title="bbox 243 339 369 399">
    <p class='ocr_par' dir='ltr' id='par_1_1' title="bbox 243 339 369 399">
     <span class='ocr_line' id='line_1_1' title="bbox 243 339 369 399; baseline 0 0"><span class='ocrx_word' id='word_1_1' title='bbox 243 339 369 399; x_wconf 87' lang='lat'>809</span> 
     </span>
    </p>
   </div>
   <div class='ocr_carea' id='block_1_2' title="bbox 1267 335 2639 403">
    <p class='ocr_par' dir='ltr' id='par_1_2' title="bbox 1267 335 2639 403">
     <span class='ocr_line' id='line_1_2' title="bbox 1267 335 2639 403; baseline 0.004 -5"><span class='ocrx_word' id='word_1_2' title='bbox 1267 335 1892 400; x_wconf 68' lang='lat' dir='ltr'>ECGLESIASTIGIE</span> <span class='ocrx_word' id='word_1_3' title='bbox 1935 335 2330 399; x_wconf 76' lang='lat' dir='ltr'>HISTORI/E</span> <span class='ocrx_word' id='word_1_4' title='bbox 2374 339 2516 401; x_wconf 90' lang='lat' dir='ltr'>LIB.</span> <span class='ocrx_word' id='word_1_5' title='bbox 2565 342 2639 403; x_wconf 90' lang='lat' dir='ltr'>II.</span> 
     </span>
    </p>
   </div>
   <div class='ocr_carea' id='block_1_3' title="bbox 3543 350 3663 412">
    <p class='ocr_par' dir='ltr' id='par_1_3' title="bbox 3543 350 3663 412">
     <span class='ocr_line' id='line_1_3' title="bbox 3543 350 3663 412; baseline -0.008 -1"><span class='ocrx_word' id='word_1_6' title='bbox 3543 350 3663 412; x_wconf 92' lang='grc'>810</span> 
     </span>
    </p>
   </div>
   <div class='ocr_carea' id='block_1_4' title="bbox 241 468 1889 558">
    <p class='ocr_par' dir='ltr' id='par_1_4' title="bbox 241 468 1889 547">
     <span class='ocr_line' id='line_1_4' title="bbox 241 468 1889 547; baseline -0.001 -22"><span class='ocrx_word' id='word_1_7' title='bbox 241 469 742 542; x_wconf 81' lang='grc' dir='ltr'>κλησιαστικῆς</span> <span class='ocrx_word' id='word_1_8' title='bbox 775 468 1135 547; x_wconf 75' lang='grc' dir='ltr'>ἱεραρχίας</span> <span class='ocrx_word' id='word_1_9' title='bbox 1169 469 1222 524; x_wconf 83' lang='grc' dir='ltr'>ἐν</span> <span class='ocrx_word' id='word_1_10' title='bbox 1253 468 1575 547; x_wconf 70' lang='grc' dir='ltr'>κεφαλαίοις</span> <span class='ocrx_word' id='word_1_11' title='bbox 1607 468 1778 525; x_wconf 72' lang='grc' dir='ltr'>ἑπτά·</span> <span class='ocrx_word' id='word_1_12' title='bbox 1811 471 1889 524; x_wconf 78' lang='grc' dir='ltr'>τὲ-</span> 
     </span>
    </p>
   </div>
   <div class='ocr_carea' id='block_1_5' title="bbox 2002 468 3660 558">
    <p class='ocr_par' dir='ltr' id='par_1_5' title="bbox 2005 471 3660 558">
     <span class='ocr_line' id='line_1_5' title="bbox 2005 471 3660 558; baseline 0.011 -32"><span class='ocrx_word' id='word_1_13' title='bbox 2005 471 2218 528; x_wconf 80' lang='lat' dir='ltr'>talibus</span> <span class='ocrx_word' id='word_1_14' title='bbox 2249 472 2546 531; x_wconf 73' lang='lat' dir='ltr'>Christum</span> <span class='ocrx_word' id='word_1_15' title='bbox 2578 476 2930 547; x_wconf 81' lang='lat' dir='ltr'>gloriﬁcaus,</span> <span class='ocrx_word' id='word_1_16' title='bbox 2984 481 3054 538; x_wconf 86' lang='lat' dir='ltr'>ad</span> <span class='ocrx_word' id='word_1_17' title='bbox 3105 481 3349 540; x_wconf 88' lang='lat' dir='ltr'>multam</span> <span class='ocrx_word' id='word_1_18' title='bbox 3398 487 3660 558; x_wconf 84' lang='lat' dir='ltr'>pervenit</span> 
     </span>
    </p>
   </div>
   <div class='ocr_carea' id='block_1_6' title="bbox 239 557 1900 638">
    <p class='ocr_par' dir='ltr' id='par_1_6' title="bbox 239 557 1900 638">
     <span class='ocr_line' id='line_1_6' title="bbox 239 557 1900 638; baseline -0.001 -22"><span class='ocrx_word' id='word_1_19' title='bbox 239 582 441 636; x_wconf 84' lang='grc' dir='ltr'>ταρτος</span> <span class='ocrx_word' id='word_1_20' title='bbox 471 561 498 614; x_wconf 90' lang='grc' dir='ltr'>ὁ</span> <span class='ocrx_word' id='word_1_21' title='bbox 529 558 687 633; x_wconf 83' lang='grc' dir='ltr'>Περὶ</span> <span class='ocrx_word' id='word_1_22' title='bbox 724 561 1057 632; x_wconf 76' lang='grc' dir='ltr'>μυστικῆς</span> <span class='ocrx_word' id='word_1_23' title='bbox 1084 558 1445 634; x_wconf 82' lang='grc' dir='ltr'>θεολογίας</span> <span class='ocrx_word' id='word_1_24' title='bbox 1473 557 1526 614; x_wconf 83' lang='grc' dir='ltr'>ἒν</span> <span class='ocrx_word' id='word_1_25' title='bbox 1577 559 1900 638; x_wconf 75' lang='grc' dir='ltr'>κεφαλαίοις</span> 
     </span>
    </p>
   </div>
   <div class='ocr_carea' id='block_1_7' title="bbox 242 645 1897 722">
    <p class='ocr_par' dir='ltr' id='par_1_7' title="bbox 242 645 1897 722">
     <span class='ocr_line' id='line_1_7' title="bbox 242 645 1897 722; baseline -0.002 -14"><span class='ocrx_word' id='word_1_26' title='bbox 242 653 282 708; x_wconf 87' lang='grc' dir='ltr'>ε’</span> <span class='ocrx_word' id='word_1_27' title='bbox 311 670 327 684; x_wconf 80' lang='grc'><strong>⁸</strong></span> <span class='ocrx_word' id='word_1_28' title='bbox 367 652 458 706; x_wconf 80' lang='grc' dir='ltr'>καὶ</span> <span class='ocrx_word' id='word_1_29' title='bbox 505 647 793 704; x_wconf 66' lang='grc' dir='ltr'>ἐπιστολαὶ</span> <span class='ocrx_word' id='word_1_30' title='bbox 844 645 992 718; x_wconf 81' lang='grc' dir='ltr'>δέκα,</span> <span class='ocrx_word' id='word_1_31' title='bbox 1044 649 1117 703; x_wconf 83' lang='grc' dir='ltr'>ὧν</span> <span class='ocrx_word' id='word_1_32' title='bbox 1150 652 1184 719; x_wconf 85' lang='grc' dir='ltr'>ἡ</span> <span class='ocrx_word' id='word_1_33' title='bbox 1217 649 1502 722; x_wconf 81' lang='grc' dir='ltr'>τελευταίᾳ</span> <span class='ocrx_word' id='word_1_34' title='bbox 1549 654 1628 722; x_wconf 77' lang='grc' dir='ltr'>τῷ</span> <span class='ocrx_word' id='word_1_35' title='bbox 1674 649 1897 719; x_wconf 82' lang='grc' dir='ltr'>ἐπιστη-</span> 
     </span>
    </p>
   </div>
   <div class='ocr_carea' id='block_1_8' title="bbox 243 737 1894 815">
    <p class='ocr_par' dir='ltr' id='par_1_8' title="bbox 243 737 1894 815">
     <span class='ocr_line' id='line_1_8' title="bbox 243 737 1894 815; baseline -0.001 -18"><span class='ocrx_word' id='word_1_36' title='bbox 243 741 348 815; x_wconf 82' lang='grc' dir='ltr'>θίῳ</span> <span class='ocrx_word' id='word_1_37' title='bbox 374 741 466 797; x_wconf 80' lang='grc' dir='ltr'>καὶ</span> <span class='ocrx_word' id='word_1_38' title='bbox 512 738 874 815; x_wconf 81' lang='grc' dir='ltr'>εὐαγγελιστῇ</span> <span class='ocrx_word' id='word_1_39' title='bbox 907 739 1129 814; x_wconf 73' lang='grc' dir='ltr'>Ἰωάννῃ</span> <span class='ocrx_word' id='word_1_40' title='bbox 1177 737 1401 808; x_wconf 77' lang='grc' dir='ltr'>ἐστάλη.</span> <span class='ocrx_word' id='word_1_41' title='bbox 1451 743 1625 795; x_wconf 79' lang='grc' dir='ltr'>Ταῦτα</span> <span class='ocrx_word' id='word_1_42' title='bbox 1681 742 1774 814; x_wconf 74' lang='grc' dir='ltr'>μὲν</span> <span class='ocrx_word' id='word_1_43' title='bbox 1825 741 1894 795; x_wconf 79' lang='grc' dir='ltr'>τὰ</span> 
     </span>
    </p>
   </div>
   <div class='ocr_carea' id='block_1_9' title="bbox 243 825 1901 906">
    <p class='ocr_par' dir='ltr' id='par_1_9' title="bbox 243 825 1901 906">
     <span class='ocr_line' id='line_1_9' title="bbox 243 825 1901 906; baseline -0.01 -8"><span class='ocrx_word' id='word_1_44' title='bbox 243 828 300 893; x_wconf 71' lang='grc' dir='ltr'>ἒς</span> <span class='ocrx_word' id='word_1_45' title='bbox 346 827 506 904; x_wconf 77' lang='grc' dir='ltr'>δεῦρο</span> <span class='ocrx_word' id='word_1_46' title='bbox 557 831 696 902; x_wconf 78' lang='grc' dir='ltr'>ἡμῖν</span> <span class='ocrx_word' id='word_1_47' title='bbox 754 826 1136 906; x_wconf 78' lang='grc' dir='ltr'>ἒμφερόμενα⁶</span> <span class='ocrx_word' id='word_1_48' title='bbox 1181 829 1208 882; x_wconf 85' lang='grc' dir='ltr'>ὁ</span> <span class='ocrx_word' id='word_1_49' title='bbox 1261 825 1307 882; x_wconf 86' lang='grc' dir='ltr'>δ’</span> <span class='ocrx_word' id='word_1_50' title='bbox 1355 829 1517 890; x_wconf 83' lang='grc' dir='ltr'>αὐτὸς</span> <span class='ocrx_word' id='word_1_51' title='bbox 1565 830 1654 883; x_wconf 85' lang='grc' dir='ltr'>καὶ</span> <span class='ocrx_word' id='word_1_52' title='bbox 1705 828 1901 902; x_wconf 73' lang='grc' dir='ltr'>ἑτέρων</span> 
     </span>
    </p>
   </div>
   <div class='ocr_carea' id='block_1_10' title="bbox 245 918 1894 993">
    <p class='ocr_par' dir='ltr' id='par_1_10' title="bbox 245 918 1894 993">
     <span class='ocr_line' id='line_1_10' title="bbox 245 918 1894 993; baseline -0.002 -18"><span class='ocrx_word' id='word_1_53' title='bbox 245 919 414 976; x_wconf 76' lang='grc' dir='ltr'>αὐτοῦ</span> <span class='ocrx_word' id='word_1_54' title='bbox 468 922 858 993; x_wconf 66' lang='grc' dir='ltr'>πραγματειῶν</span> <span class='ocrx_word' id='word_1_55' title='bbox 924 919 1146 990; x_wconf 78' lang='grc' dir='ltr'>μνήμην</span> <span class='ocrx_word' id='word_1_56' title='bbox 1212 921 1493 972; x_wconf 87' lang='grc' dir='ltr'>ποιεῖται·</span> <span class='ocrx_word' id='word_1_57' title='bbox 1561 919 1632 972; x_wconf 81' lang='grc' dir='ltr'>ὧν</span> <span class='ocrx_word' id='word_1_58' title='bbox 1693 918 1791 991; x_wconf 83' lang='grc' dir='ltr'>μία</span> <span class='ocrx_word' id='word_1_59' title='bbox 1838 918 1894 972; x_wconf 64' lang='grc' dir='ltr'>αἱ</span> 
     </span>
    </p>
   </div>
   <div class='ocr_carea' id='block_1_11' title="bbox 242 1008 1900 1087">
    <p class='ocr_par' dir='ltr' id='par_1_11' title="bbox 242 1008 1900 1087">
     <span class='ocr_line' id='line_1_11' title="bbox 242 1008 1900 1087; baseline -0.003 -20"><span class='ocrx_word' id='word_1_60' title='bbox 242 1012 374 1087; x_wconf 86' lang='grc' dir='ltr'>παρ’</span> <span class='ocrx_word' id='word_1_61' title='bbox 405 1008 551 1082; x_wconf 79' lang='grc' dir='ltr'>αὒτῷ</span> <span class='ocrx_word' id='word_1_62' title='bbox 581 1008 990 1086; x_wconf 85' lang='grc' dir='ltr'>Θεολογικαὶ</span> <span class='ocrx_word' id='word_1_63' title='bbox 1023 1010 1530 1071; x_wconf 69' lang='grc' dir='ltr'>’Υποτυπώσεις</span> <span class='ocrx_word' id='word_1_64' title='bbox 1579 1009 1900 1081; x_wconf 80' lang='grc' dir='ltr'>ὀνομασθεῖ-</span> 
     </span>
    </p>
   </div>
   <div class='ocr_carea' id='block_1_12' title="bbox 244 1095 1900 1172">
    <p class='ocr_par' dir='ltr' id='par_1_12' title="bbox 244 1095 1900 1172">
     <span class='ocr_line' id='line_1_12' title="bbox 244 1095 1900 1172; baseline -0.002 -17"><span class='ocrx_word' id='word_1_65' title='bbox 244 1119 366 1155; x_wconf 86' lang='grc' dir='ltr'>σαι·</span> <span class='ocrx_word' id='word_1_66' title='bbox 402 1101 528 1170; x_wconf 70' lang='grc' dir='ltr'>ἣτε</span> <span class='ocrx_word' id='word_1_67' title='bbox 570 1095 972 1172; x_wconf 76' lang='grc' dir='ltr'>Συμϐολική</span> <span class='ocrx_word' id='word_1_68' title='bbox 1024 1096 1401 1172; x_wconf 72' lang='grc' dir='ltr'>Θεολογῖα·</span> <span class='ocrx_word' id='word_1_69' title='bbox 1456 1097 1606 1171; x_wconf 72' lang='grc' dir='ltr'>ἑτέρα</span> <span class='ocrx_word' id='word_1_70' title='bbox 1654 1101 1688 1167; x_wconf 75' lang='grc' dir='ltr'><strong>ἡ</strong></span> <span class='ocrx_word' id='word_1_71' title='bbox 1740 1099 1900 1171; x_wconf 79' lang='grc' dir='ltr'>Περὶ</span> 
     </span>
    </p>
   </div>
   <div class='ocr_carea' id='block_1_13' title="bbox 239 1185 1901 1264">
    <p class='ocr_par' dir='ltr' id='par_1_13' title="bbox 239 1185 1901 1264">
     <span class='ocr_line' id='line_1_13' title="bbox 239 1185 1901 1264; baseline -0.002 -18"><span class='ocrx_word' id='word_1_72' title='bbox 239 1195 370 1246; x_wconf 89' lang='grc' dir='ltr'>τῶν</span> <span class='ocrx_word' id='word_1_73' title='bbox 419 1188 812 1264; x_wconf 85' lang='grc' dir='ltr'>ἀγρελικῶν</span> <span class='ocrx_word' id='word_1_74' title='bbox 865 1185 1232 1258; x_wconf 67' lang='grc' dir='ltr'>ἲδιοτήτων</span> <span class='ocrx_word' id='word_1_75' title='bbox 1281 1187 1390 1242; x_wconf 84' lang='grc' dir='ltr'>καὶ</span> <span class='ocrx_word' id='word_1_76' title='bbox 1433 1189 1675 1258; x_wconf 80' lang='grc' dir='ltr'>τάξεων</span> <span class='ocrx_word' id='word_1_77' title='bbox 1711 1207 1726 1224; x_wconf 78' lang='grc' dir='ltr'><strong>ο</strong></span> <span class='ocrx_word' id='word_1_78' title='bbox 1776 1189 1809 1257; x_wconf 70' lang='grc' dir='ltr'>ἢ</span> <span class='ocrx_word' id='word_1_79' title='bbox 1842 1209 1901 1243; x_wconf 82' lang='grc' dir='ltr'>τε</span> 
     </span>
    </p>
   </div>
   <div class='ocr_carea' id='block_1_14' title="bbox 239 1275 1899 1354">
    <p class='ocr_par' dir='ltr' id='par_1_14' title="bbox 239 1275 1899 1354">
     <span class='ocr_line' id='line_1_14' title="bbox 239 1275 1899 1354; baseline -0.003 -18"><span class='ocrx_word' id='word_1_80' title='bbox 239 1278 850 1354; x_wconf 75' lang='grc' dir='ltr'>Περὶψυχῆςαότῷ</span> <span class='ocrx_word' id='word_1_81' title='bbox 880 1278 1261 1353; x_wconf 74' lang='grc' dir='ltr'>πραγματεία·</span> <span class='ocrx_word' id='word_1_82' title='bbox 1317 1276 1534 1352; x_wconf 70' lang='grc' dir='ltr'>ἑτέραή</span> <span class='ocrx_word' id='word_1_83' title='bbox 1593 1278 1748 1352; x_wconf 84' lang='grc' dir='ltr'>Περὶ</span> <span class='ocrx_word' id='word_1_84' title='bbox 1805 1275 1899 1332; x_wconf 83' lang='grc' dir='ltr'>δι-</span> 
     </span>
    </p>
   </div>
   <div class='ocr_carea' id='block_1_15' title="bbox 246 1365 1895 1441">
    <p class='ocr_par' dir='ltr' id='par_1_15' title="bbox 246 1365 1895 1441">
     <span class='ocr_line' id='line_1_15' title="bbox 246 1365 1895 1441; baseline -0.002 -16"><span class='ocrx_word' id='word_1_85' title='bbox 246 1369 458 1426; x_wconf 87' lang='grc' dir='ltr'>καίου</span> <span class='ocrx_word' id='word_1_86' title='bbox 489 1370 595 1424; x_wconf 81' lang='grc' dir='ltr'>καὶ</span> <span class='ocrx_word' id='word_1_87' title='bbox 634 1368 814 1423; x_wconf 82' lang='grc' dir='ltr'>θείου</span> <span class='ocrx_word' id='word_1_88' title='bbox 851 1365 1276 1441; x_wconf 81' lang='grc' dir='ltr'>δικαιωτηρίου·</span> <span class='ocrx_word' id='word_1_89' title='bbox 1329 1367 1418 1421; x_wconf 80' lang='grc' dir='ltr'>καὶ</span> <span class='ocrx_word' id='word_1_90' title='bbox 1466 1369 1500 1436; x_wconf 80' lang='grc' dir='ltr'>ἡ</span> <span class='ocrx_word' id='word_1_91' title='bbox 1554 1369 1716 1438; x_wconf 80' lang='grc' dir='ltr'>Περὶ</span> <span class='ocrx_word' id='word_1_92' title='bbox 1767 1372 1895 1422; x_wconf 86' lang='grc' dir='ltr'>τῶν</span> 
     </span>
    </p>
   </div>
   <div class='ocr_carea' id='block_1_16' title="bbox 239 1455 1899 1533">
    <p class='ocr_par' dir='ltr' id='par_1_16' title="bbox 239 1455 1899 1533">
     <span class='ocr_line' id='line_1_16' title="bbox 239 1455 1899 1533; baseline -0.001 -18"><span class='ocrx_word' id='word_1_93' title='bbox 239 1459 445 1515; x_wconf 81' lang='grc' dir='ltr'>θείων</span> <span class='ocrx_word' id='word_1_94' title='bbox 496 1457 711 1531; x_wconf 78' lang='grc' dir='ltr'>ὕμνων</span> <span class='ocrx_word' id='word_1_95' title='bbox 763 1457 952 1533; x_wconf 70' lang='grc' dir='ltr'>ἑτέρα·</span> <span class='ocrx_word' id='word_1_96' title='bbox 986 1457 1074 1512; x_wconf 81' lang='grc' dir='ltr'>καὶ</span> <span class='ocrx_word' id='word_1_97' title='bbox 1124 1455 1271 1526; x_wconf 78' lang='grc' dir='ltr'>ἄλλη</span> <span class='ocrx_word' id='word_1_98' title='bbox 1309 1458 1474 1532; x_wconf 86' lang='grc' dir='ltr'>Περί</span> <span class='ocrx_word' id='word_1_99' title='bbox 1527 1477 1782 1527; x_wconf 79' lang='grc' dir='ltr'>νοητῶν</span> <span class='ocrx_word' id='word_1_100' title='bbox 1832 1479 1899 1513; x_wconf 90' lang='grc' dir='ltr'>τε</span> 
     </span>
    </p>
   </div>
   <div class='ocr_carea' id='block_1_17' title="bbox 235 1543 1890 1621">
    <p class='ocr_par' dir='ltr' id='par_1_17' title="bbox 235 1543 1890 1621">
     <span class='ocr_line' id='line_1_17' title="bbox 235 1543 1890 1621; baseline -0.002 -17"><span class='ocrx_word' id='word_1_101' title='bbox 235 1569 308 1604; x_wconf 86' lang='grc' dir='ltr'>τε</span> <span class='ocrx_word' id='word_1_102' title='bbox 337 1548 446 1604; x_wconf 83' lang='grc' dir='ltr'>καὶ</span> <span class='ocrx_word' id='word_1_103' title='bbox 479 1547 814 1618; x_wconf 78' lang='grc' dir='ltr'>αἰσθητῶν</span> <span class='ocrx_word' id='word_1_104' title='bbox 841 1565 854 1578; x_wconf 84' lang='grc'><strong><em>⁸</em></strong></span> <span class='ocrx_word' id='word_1_105' title='bbox 894 1547 959 1604; x_wconf 73' lang='grc' dir='ltr'>Αἱ</span> <span class='ocrx_word' id='word_1_106' title='bbox 1012 1543 1077 1616; x_wconf 78' lang='grc' dir='ltr'>δὴ</span> <span class='ocrx_word' id='word_1_107' title='bbox 1129 1551 1507 1621; x_wconf 79' lang='grc' dir='ltr'>Πραγματεῖαι</span> <span class='ocrx_word' id='word_1_108' title='bbox 1556 1548 1890 1601; x_wconf 75' lang='grc' dir='ltr'>παντάπασιν</span> 
     </span>
    </p>
   </div>
   <div class='ocr_carea' id='block_1_18' title="bbox 247 1638 1896 1714">
    <p class='ocr_par' dir='ltr' id='par_1_18' title="bbox 247 1638 1896 1714">
     <span class='ocr_line' id='line_1_18' title="bbox 247 1638 1896 1714; baseline -0.003 -18"><span class='ocrx_word' id='word_1_109' title='bbox 247 1639 614 1714; x_wconf 78' lang='grc' dir='ltr'>ἆθεοώρητοι,</span> <span class='ocrx_word' id='word_1_110' title='bbox 646 1639 885 1710; x_wconf 74' lang='grc' dir='ltr'>καθάπαξ</span> <span class='ocrx_word' id='word_1_111' title='bbox 921 1639 1050 1710; x_wconf 77' lang='grc' dir='ltr'>μήθ’</span> <span class='ocrx_word' id='word_1_112' title='bbox 1082 1639 1237 1709; x_wconf 74' lang='grc' dir='ltr'>ἡμῖν,</span> <span class='ocrx_word' id='word_1_113' title='bbox 1277 1638 1414 1709; x_wconf 83' lang='grc' dir='ltr'>μήτε</span> <span class='ocrx_word' id='word_1_114' title='bbox 1443 1642 1559 1698; x_wconf 86' lang='grc' dir='ltr'>τοῖς</span> <span class='ocrx_word' id='word_1_115' title='bbox 1598 1638 1702 1709; x_wconf 86' lang='grc' dir='ltr'>πρὸ</span> <span class='ocrx_word' id='word_1_116' title='bbox 1736 1641 1896 1710; x_wconf 74' lang='grc' dir='ltr'>ἡμῶν</span> 
     </span>
    </p>
   </div>
   <div class='ocr_carea' id='block_1_19' title="bbox 242 1725 1895 1807">
    <p class='ocr_par' dir='ltr' id='par_1_19' title="bbox 242 1725 1895 1807">
     <span class='ocr_line' id='line_1_19' title="bbox 242 1725 1895 1807; baseline -0.003 -22"><span class='ocrx_word' id='word_1_117' title='bbox 242 1731 655 1807; x_wconf 80' lang='grc' dir='ltr'>γνωρισθεῖσαι.</span> <span class='ocrx_word' id='word_1_118' title='bbox 713 1725 894 1783; x_wconf 82' lang='grc' dir='ltr'>Ἀλλὰ</span> <span class='ocrx_word' id='word_1_119' title='bbox 948 1727 1074 1801; x_wconf 86' lang='grc' dir='ltr'>περὶ</span> <span class='ocrx_word' id='word_1_120' title='bbox 1135 1727 1228 1799; x_wconf 75' lang='grc' dir='ltr'>μὲν</span> <span class='ocrx_word' id='word_1_121' title='bbox 1302 1725 1577 1781; x_wconf 73' lang='grc' dir='ltr'>Διονυσίου</span> <span class='ocrx_word' id='word_1_122' title='bbox 1635 1727 1725 1780; x_wconf 87' lang='grc' dir='ltr'>καὶ</span> <span class='ocrx_word' id='word_1_123' title='bbox 1789 1731 1895 1781; x_wconf 88' lang='grc' dir='ltr'>τῶν</span> 
     </span>
    </p>
   </div>
   <div class='ocr_carea' id='block_1_20' title="bbox 245 1817 1145 1897">
    <p class='ocr_par' dir='ltr' id='par_1_20' title="bbox 245 1817 1145 1897">
     <span class='ocr_line' id='line_1_20' title="bbox 245 1817 1145 1897; baseline -0.004 -21"><span class='ocrx_word' id='word_1_124' title='bbox 245 1820 660 1897; x_wconf 70' lang='grc' dir='ltr'>συγγραφὲντων</span> <span class='ocrx_word' id='word_1_125' title='bbox 690 1817 859 1889; x_wconf 77' lang='grc' dir='ltr'>αὐτῷ,</span> <span class='ocrx_word' id='word_1_126' title='bbox 889 1821 1145 1872; x_wconf 81' lang='grc' dir='ltr'>τοσαῦτα.</span> 
     </span>
    </p>
   </div>
   <div class='ocr_carea' id='block_1_21' title="bbox 2010 566 3660 642">
    <p class='ocr_par' dir='ltr' id='par_1_21' title="bbox 2010 566 3660 642">
     <span class='ocr_line' id='line_1_21' title="bbox 2010 566 3660 642; baseline 0.012 -25"><span class='ocrx_word' id='word_1_127' title='bbox 2010 566 2384 631; x_wconf 73' lang='lat' dir='ltr'>senectutem,</span> <span class='ocrx_word' id='word_1_128' title='bbox 2418 568 2474 620; x_wconf 90' lang='lat' dir='ltr'>et</span> <span class='ocrx_word' id='word_1_129' title='bbox 2506 581 2606 635; x_wconf 90' lang='lat' dir='ltr'>pro</span> <span class='ocrx_word' id='word_1_130' title='bbox 2638 567 2760 635; x_wconf 89' lang='lat' dir='ltr'>ipso</span> <span class='ocrx_word' id='word_1_131' title='bbox 2801 571 3061 642; x_wconf 80' lang='lat' dir='ltr'>martyrii</span> <span class='ocrx_word' id='word_1_132' title='bbox 3109 589 3324 630; x_wconf 80' lang='lat' dir='ltr'>corona</span> <span class='ocrx_word' id='word_1_133' title='bbox 3371 579 3427 633; x_wconf 92' lang='lat' dir='ltr'>et</span> <span class='ocrx_word' id='word_1_134' title='bbox 3478 576 3660 635; x_wconf 89' lang='lat' dir='ltr'>coho-</span> 
     </span>
    </p>
   </div>
   <div class='ocr_carea' id='block_1_22' title="bbox 2012 655 3658 740">
    <p class='ocr_par' dir='ltr' id='par_1_22' title="bbox 2012 655 3658 740">
     <span class='ocr_line' id='line_1_22' title="bbox 2012 655 3658 740; baseline 0.012 -34"><span class='ocrx_word' id='word_1_135' title='bbox 2012 655 2297 708; x_wconf 88' lang='lat' dir='ltr'>nestatus.</span> <span class='ocrx_word' id='word_1_136' title='bbox 2353 655 2563 711; x_wconf 87' lang='lat' dir='ltr'>Ferunt</span> <span class='ocrx_word' id='word_1_137' title='bbox 2605 661 2800 713; x_wconf 87' lang='lat' dir='ltr'>autem</span> <span class='ocrx_word' id='word_1_138' title='bbox 2847 675 2976 716; x_wconf 91' lang='lat' dir='ltr'>eum</span> <span class='ocrx_word' id='word_1_139' title='bbox 3025 668 3196 734; x_wconf 90' lang='lat' dir='ltr'>caput</span> <span class='ocrx_word' id='word_1_140' title='bbox 3247 681 3442 734; x_wconf 87' lang='lat' dir='ltr'>suum,</span> <span class='ocrx_word' id='word_1_141' title='bbox 3504 669 3658 740; x_wconf 89' lang='lat' dir='ltr'>quod</span> 
     </span>
    </p>
   </div>
   <div class='ocr_carea' id='block_1_23' title="bbox 2013 740 3659 827">
    <p class='ocr_par' dir='ltr' id='par_1_23' title="bbox 2013 740 3659 827">
     <span class='ocr_line' id='line_1_23' title="bbox 2013 740 3659 827; baseline 0.013 -33"><span class='ocrx_word' id='word_1_142' title='bbox 2013 740 2206 813; x_wconf 84' lang='lat' dir='ltr'>gladio</span> <span class='ocrx_word' id='word_1_143' title='bbox 2239 746 2525 800; x_wconf 88' lang='lat' dir='ltr'>resectum</span> <span class='ocrx_word' id='word_1_144' title='bbox 2559 746 2760 813; x_wconf 84' lang='lat' dir='ltr'>fuerat,</span> <span class='ocrx_word' id='word_1_145' title='bbox 2816 749 2874 804; x_wconf 89' lang='lat' dir='ltr'>in</span> <span class='ocrx_word' id='word_1_146' title='bbox 2918 751 3191 809; x_wconf 87' lang='lat' dir='ltr'>manibus</span> <span class='ocrx_word' id='word_1_147' title='bbox 3239 761 3555 827; x_wconf 82' lang='lat' dir='ltr'><strong>gerentem,</strong></span> <span class='ocrx_word' id='word_1_148' title='bbox 3587 760 3659 814; x_wconf 84' lang='lat' dir='ltr'>ad</span> 
     </span>
    </p>
   </div>
   <div class='ocr_carea' id='block_1_24' title="bbox 2013 831 3656 918">
    <p class='ocr_par' dir='ltr' id='par_1_24' title="bbox 2013 831 3656 918">
     <span class='ocr_line' id='line_1_24' title="bbox 2013 831 3656 918; baseline 0.012 -33"><span class='ocrx_word' id='word_1_149' title='bbox 2013 831 2128 887; x_wconf 91' lang='lat' dir='ltr'>duo</span> <span class='ocrx_word' id='word_1_150' title='bbox 2159 831 2344 888; x_wconf 80' lang='lat' dir='ltr'>millia</span> <span class='ocrx_word' id='word_1_151' title='bbox 2375 850 2653 904; x_wconf 83' lang='lat' dir='ltr'>passuum</span> <span class='ocrx_word' id='word_1_152' title='bbox 2705 837 2947 894; x_wconf 83' lang='lat' dir='ltr'>tulisse:</span> <span class='ocrx_word' id='word_1_153' title='bbox 2983 840 3180 911; x_wconf 83' lang='lat' dir='ltr'>ibique</span> <span class='ocrx_word' id='word_1_154' title='bbox 3230 844 3308 911; x_wconf 90' lang='lat' dir='ltr'>id,</span> <span class='ocrx_word' id='word_1_155' title='bbox 3362 846 3420 901; x_wconf 90' lang='lat' dir='ltr'>in</span> <span class='ocrx_word' id='word_1_156' title='bbox 3481 864 3656 918; x_wconf 86' lang='lat' dir='ltr'>quam</span> 
     </span>
    </p>
   </div>
   <div class='ocr_carea' id='block_1_25' title="bbox 2007 921 3655 1001">
    <p class='ocr_par' dir='ltr' id='par_1_25' title="bbox 2007 921 3655 1001">
     <span class='ocr_line' id='line_1_25' title="bbox 2007 921 3655 1001; baseline 0.011 -25"><span class='ocrx_word' id='word_1_157' title='bbox 2007 921 2320 991; x_wconf 78' lang='lat' dir='ltr'>indiderat,</span> <span class='ocrx_word' id='word_1_158' title='bbox 2357 925 2588 981; x_wconf 84' lang='lat' dir='ltr'>mulieri</span> <span class='ocrx_word' id='word_1_159' title='bbox 2623 935 2894 999; x_wconf 80' lang='lat' dir='ltr'>tanquam</span> <span class='ocrx_word' id='word_1_160' title='bbox 2945 931 3274 1001; x_wconf 89' lang='lat' dir='ltr'>depositum</span> <span class='ocrx_word' id='word_1_161' title='bbox 3324 938 3655 994; x_wconf 80' lang='lat' dir='ltr'>tradidisse.</span> 
     </span>
    </p>
   </div>
   <div class='ocr_carea' id='block_1_26' title="bbox 2010 1014 3656 1088">
    <p class='ocr_par' dir='ltr' id='par_1_26' title="bbox 2010 1014 3656 1088">
     <span class='ocr_line' id='line_1_26' title="bbox 2010 1014 3656 1088; baseline 0.012 -24"><span class='ocrx_word' id='word_1_162' title='bbox 2010 1014 2143 1078; x_wconf 82' lang='lat' dir='ltr'>Quae</span> <span class='ocrx_word' id='word_1_163' title='bbox 2177 1023 2368 1068; x_wconf 87' lang='lat' dir='ltr'>autem</span> <span class='ocrx_word' id='word_1_164' title='bbox 2404 1014 2499 1070; x_wconf 88' lang='lat' dir='ltr'>illo</span> <span class='ocrx_word' id='word_1_165' title='bbox 2531 1017 2767 1088; x_wconf 89' lang='lat' dir='ltr'>scripta,</span> <span class='ocrx_word' id='word_1_166' title='bbox 2807 1019 3046 1077; x_wconf 89' lang='lat' dir='ltr'>sublimi</span> <span class='ocrx_word' id='word_1_167' title='bbox 3086 1039 3278 1079; x_wconf 90' lang='lat' dir='ltr'>rerum</span> <span class='ocrx_word' id='word_1_168' title='bbox 3330 1027 3656 1085; x_wconf 83' lang='lat' dir='ltr'>divinarum</span> 
     </span>
    </p>
   </div>
   <div class='ocr_carea' id='block_1_27' title="bbox 2009 1103 3658 1187">
    <p class='ocr_par' dir='ltr' id='par_1_27' title="bbox 2009 1103 3658 1187">
     <span class='ocr_line' id='line_1_27' title="bbox 2009 1103 3658 1187; baseline 0.01 -30"><span class='ocrx_word' id='word_1_169' title='bbox 2009 1103 2519 1174; x_wconf 78' lang='lat' dir='ltr'>contemplatione,</span> <span class='ocrx_word' id='word_1_170' title='bbox 2581 1109 2903 1179; x_wconf 80' lang='lat' dir='ltr'>sententiis,</span> <span class='ocrx_word' id='word_1_171' title='bbox 2955 1115 3011 1166; x_wconf 91' lang='lat' dir='ltr'>et</span> <span class='ocrx_word' id='word_1_172' title='bbox 3077 1111 3420 1187; x_wconf 87' lang='lat' dir='ltr'>elocutione,</span> <span class='ocrx_word' id='word_1_173' title='bbox 3471 1119 3658 1173; x_wconf 87' lang='lat' dir='ltr'>admi-</span> 
     </span>
    </p>
   </div>
   <div class='ocr_carea' id='block_1_28' title="bbox 2011 1192 3658 1279">
    <p class='ocr_par' dir='ltr' id='par_1_28' title="bbox 2011 1192 3658 1279">
     <span class='ocr_line' id='line_1_28' title="bbox 2011 1192 3658 1279; baseline 0.012 -35"><span class='ocrx_word' id='word_1_174' title='bbox 2011 1192 2190 1247; x_wconf 90' lang='lat' dir='ltr'>renda</span> <span class='ocrx_word' id='word_1_175' title='bbox 2220 1196 2537 1265; x_wconf 45' lang='lat' dir='ltr'>prorsus&#39;n&#39;et</span> <span class='ocrx_word' id='word_1_176' title='bbox 2559 1197 2918 1268; x_wconf 85' lang='lat' dir='ltr'>excellentia,</span> <span class='ocrx_word' id='word_1_177' title='bbox 2968 1200 3254 1275; x_wconf 87' lang='lat' dir='ltr'>longeque</span> <span class='ocrx_word' id='word_1_178' title='bbox 3286 1206 3356 1260; x_wconf 87' lang='lat' dir='ltr'>ab</span> <span class='ocrx_word' id='word_1_179' title='bbox 3402 1207 3474 1262; x_wconf 91' lang='lat' dir='ltr'>iis</span> <span class='ocrx_word' id='word_1_180' title='bbox 3530 1226 3658 1279; x_wconf 67' lang='lat' dir='ltr'>quas</span> 
     </span>
    </p>
   </div>
   <div class='ocr_carea' id='block_1_29' title="bbox 2009 1282 3657 1368">
    <p class='ocr_par' dir='ltr' id='par_1_29' title="bbox 2009 1282 3657 1368">
     <span class='ocr_line' id='line_1_29' title="bbox 2009 1282 3657 1368; baseline 0.011 -33"><span class='ocrx_word' id='word_1_181' title='bbox 2009 1298 2111 1352; x_wconf 91' lang='lat' dir='ltr'>pro</span> <span class='ocrx_word' id='word_1_182' title='bbox 2136 1282 2435 1338; x_wconf 83' lang='lat' dir='ltr'>hominum</span> <span class='ocrx_word' id='word_1_183' title='bbox 2459 1291 2628 1356; x_wconf 89' lang='lat' dir='ltr'>captu</span> <span class='ocrx_word' id='word_1_184' title='bbox 2651 1288 2803 1344; x_wconf 86' lang='lat' dir='ltr'>edita</span> <span class='ocrx_word' id='word_1_185' title='bbox 2825 1295 2984 1358; x_wconf 88' lang='lat' dir='ltr'>sunt,</span> <span class='ocrx_word' id='word_1_186' title='bbox 3009 1291 3207 1348; x_wconf 86' lang='lat' dir='ltr'>dissita</span> <span class='ocrx_word' id='word_1_187' title='bbox 3236 1299 3657 1368; x_wconf 87' lang='lat' dir='ltr'>composuerit,</span> 
     </span>
    </p>
   </div>
   <div class='ocr_carea' id='block_1_30' title="bbox 2011 1370 3661 1454">
    <p class='ocr_par' dir='ltr' id='par_1_30' title="bbox 2011 1370 3661 1454">
     <span class='ocr_line' id='line_1_30' title="bbox 2011 1370 3661 1454; baseline 0.01 -28"><span class='ocrx_word' id='word_1_188' title='bbox 2011 1370 2094 1426; x_wconf 85' lang='lat' dir='ltr'>sic</span> <span class='ocrx_word' id='word_1_189' title='bbox 2124 1388 2184 1426; x_wconf 83' lang='lat' dir='ltr'>se</span> <span class='ocrx_word' id='word_1_190' title='bbox 2232 1371 2465 1427; x_wconf 88' lang='lat' dir='ltr'>habent.</span> <span class='ocrx_word' id='word_1_191' title='bbox 2524 1374 2782 1431; x_wconf 87' lang='lat' dir='ltr'>Primum</span> <span class='ocrx_word' id='word_1_192' title='bbox 2836 1379 3073 1449; x_wconf 88' lang='lat' dir='ltr'>quidem</span> <span class='ocrx_word' id='word_1_193' title='bbox 3129 1398 3275 1454; x_wconf 80' lang='lat' dir='ltr'>Opus</span> <span class='ocrx_word' id='word_1_194' title='bbox 3334 1385 3403 1440; x_wconf 91' lang='lat' dir='ltr'>de</span> <span class='ocrx_word' id='word_1_195' title='bbox 3460 1385 3661 1443; x_wconf 76' lang='lat' dir='ltr'>divinis</span> 
     </span>
    </p>
   </div>
   <div class='ocr_carea' id='block_1_31' title="bbox 2007 1460 3660 1548">
    <p class='ocr_par' dir='ltr' id='par_1_31' title="bbox 2007 1460 3660 1548">
     <span class='ocr_line' id='line_1_31' title="bbox 2007 1460 3660 1548; baseline 0.011 -34"><span class='ocrx_word' id='word_1_196' title='bbox 2007 1460 2330 1516; x_wconf 79' lang='lat' dir='ltr'>nominibus</span> <span class='ocrx_word' id='word_1_197' title='bbox 2359 1463 2728 1534; x_wconf 88' lang='lat' dir='ltr'>conscripsit,</span> <span class='ocrx_word' id='word_1_198' title='bbox 2764 1468 3036 1524; x_wconf 84' lang='lat' dir='ltr'>tredecim</span> <span class='ocrx_word' id='word_1_199' title='bbox 3088 1473 3375 1542; x_wconf 84' lang='lat' dir='ltr'>capitibus</span> <span class='ocrx_word' id='word_1_200' title='bbox 3408 1492 3421 1530; x_wconf 88' lang='lat'><strong>:</strong></span> <span class='ocrx_word' id='word_1_201' title='bbox 3456 1474 3514 1529; x_wconf 90' lang='lat' dir='ltr'>in</span> <span class='ocrx_word' id='word_1_202' title='bbox 3548 1491 3660 1548; x_wconf 90' lang='lat' dir='ltr'>quo</span> 
     </span>
    </p>
   </div>
   <div class='ocr_carea' id='block_1_32' title="bbox 2010 1551 3660 1631">
    <p class='ocr_par' dir='ltr' id='par_1_32' title="bbox 2010 1551 3660 1631">
     <span class='ocr_line' id='line_1_32' title="bbox 2010 1551 3660 1631; baseline 0.01 -25"><span class='ocrx_word' id='word_1_203' title='bbox 2010 1551 2083 1606; x_wconf 87' lang='lat' dir='ltr'>ad</span> <span class='ocrx_word' id='word_1_204' title='bbox 2111 1556 2342 1606; x_wconf 86' lang='lat' dir='ltr'>centum</span> <span class='ocrx_word' id='word_1_205' title='bbox 2370 1569 2597 1622; x_wconf 82' lang='lat' dir='ltr'>quoque</span> <span class='ocrx_word' id='word_1_206' title='bbox 2627 1554 2738 1611; x_wconf 90' lang='lat' dir='ltr'>alia</span> <span class='ocrx_word' id='word_1_207' title='bbox 2769 1557 2959 1628; x_wconf 83' lang='lat' dir='ltr'>capita</span> <span class='ocrx_word' id='word_1_208' title='bbox 2997 1564 3137 1615; x_wconf 89' lang='lat' dir='ltr'>sunt</span> <span class='ocrx_word' id='word_1_209' title='bbox 3184 1562 3409 1631; x_wconf 85' lang='lat' dir='ltr'>adjecta</span> <span class='ocrx_word' id='word_1_210' title='bbox 3455 1565 3660 1621; x_wconf 72' lang='lat' dir='ltr'>divina)</span> 
     </span>
    </p>
   </div>
   <div class='ocr_carea' id='block_1_33' title="bbox 2004 1641 3657 1722">
    <p class='ocr_par' dir='ltr' id='par_1_33' title="bbox 2004 1641 3657 1722">
     <span class='ocr_line' id='line_1_33' title="bbox 2004 1641 3657 1722; baseline 0.011 -30"><span class='ocrx_word' id='word_1_211' title='bbox 2004 1641 2309 1711; x_wconf 87' lang='lat' dir='ltr'>sapientiae</span> <span class='ocrx_word' id='word_1_212' title='bbox 2345 1641 2535 1712; x_wconf 89' lang='lat' dir='ltr'>plena.</span> <span class='ocrx_word' id='word_1_213' title='bbox 2562 1644 2865 1700; x_wconf 89' lang='lat' dir='ltr'>Secundus</span> <span class='ocrx_word' id='word_1_214' title='bbox 2885 1647 2954 1701; x_wconf 87' lang='lat' dir='ltr'>ab</span> <span class='ocrx_word' id='word_1_215' title='bbox 2980 1664 3045 1702; x_wconf 91' lang='lat' dir='ltr'>eo</span> <span class='ocrx_word' id='word_1_216' title='bbox 3088 1648 3232 1704; x_wconf 90' lang='lat' dir='ltr'>liber</span> <span class='ocrx_word' id='word_1_217' title='bbox 3275 1652 3522 1722; x_wconf 81' lang='lat' dir='ltr'>scriptus</span> <span class='ocrx_word' id='word_1_218' title='bbox 3546 1659 3657 1716; x_wconf 88' lang='lat' dir='ltr'>est,</span> 
     </span>
    </p>
   </div>
   <div class='ocr_carea' id='block_1_34' title="bbox 2005 1730 3664 1814">
    <p class='ocr_par' dir='ltr' id='par_1_34' title="bbox 2005 1730 3664 1814">
     <span class='ocr_line' id='line_1_34' title="bbox 2005 1730 3664 1814; baseline 0.011 -31"><span class='ocrx_word' id='word_1_219' title='bbox 2005 1730 2095 1784; x_wconf 91' lang='lat' dir='ltr'>cui</span> <span class='ocrx_word' id='word_1_220' title='bbox 2131 1731 2368 1787; x_wconf 89' lang='lat' dir='ltr'>titulum</span> <span class='ocrx_word' id='word_1_221' title='bbox 2421 1733 2575 1801; x_wconf 90' lang='lat' dir='ltr'>fecit,</span> <span class='ocrx_word' id='word_1_222' title='bbox 2613 1735 2683 1788; x_wconf 83' lang='lat' dir='ltr'>De</span> <span class='ocrx_word' id='word_1_223' title='bbox 2726 1735 2934 1790; x_wconf 66' lang='lat' dir='ltr'>caelesti</span> <span class='ocrx_word' id='word_1_224' title='bbox 2984 1736 3293 1794; x_wconf 79' lang='lat' dir='ltr'>hierarchia</span> <span class='ocrx_word' id='word_1_225' title='bbox 3323 1741 3423 1813; x_wconf 88' lang='lat' dir='ltr'>(l),</span> <span class='ocrx_word' id='word_1_226' title='bbox 3473 1745 3664 1814; x_wconf 89' lang='lat' dir='ltr'>capita</span> 
     </span>
    </p>
   </div>
   <div class='ocr_carea' id='block_1_35' title="bbox 1925 1795 3666 1890">
    <p class='ocr_par' dir='ltr' id='par_1_35' title="bbox 1925 1795 3666 1890">
     <span class='ocr_line' id='line_1_35' title="bbox 1925 1795 3666 1890; baseline 0.01 -19"><span class='ocrx_word' id='word_1_227' title='bbox 1925 1795 1970 1860; x_wconf 77' lang='grc' dir='ltr'><strong>Β</strong></span> <span class='ocrx_word' id='word_1_228' title='bbox 2003 1817 2224 1873; x_wconf 86' lang='lat' dir='ltr'>habens</span> <span class='ocrx_word' id='word_1_229' title='bbox 2257 1795 2612 1890; x_wconf 86' lang='lat' dir='ltr'>quindecim.</span> <span class='ocrx_word' id='word_1_230' title='bbox 2647 1822 2880 1878; x_wconf 89' lang='lat' dir='ltr'>Tertius</span> <span class='ocrx_word' id='word_1_231' title='bbox 2912 1824 2994 1879; x_wconf 93' lang='lat' dir='ltr'>De</span> <span class='ocrx_word' id='word_1_232' title='bbox 3047 1795 3423 1884; x_wconf 45' lang='lat' dir='ltr'>ecclesiastica,</span> <span class='ocrx_word' id='word_1_233' title='bbox 3452 1795 3666 1888; x_wconf 43' lang='lat' dir='ltr'>nigrar-</span> 
     </span>
    </p>
   </div>
   <div class='ocr_carea' id='block_1_36' title="bbox 293 1907 3661 1988">
    <p class='ocr_par' dir='ltr' id='par_1_36' title="bbox 293 1907 3661 1988">
     <span class='ocr_line' id='line_1_36' title="bbox 293 1907 3661 1988; baseline 0.002 -20"><span class='ocrx_word' id='word_1_234' title='bbox 293 1913 412 1979; x_wconf 81' lang='lat' dir='ltr'>hia,</span> <span class='ocrx_word' id='word_1_235' title='bbox 447 1911 701 1984; x_wconf 87' lang='lat' dir='ltr'>capitum</span> <span class='ocrx_word' id='word_1_236' title='bbox 752 1913 1008 1981; x_wconf 87' lang='lat' dir='ltr'>septem;</span> <span class='ocrx_word' id='word_1_237' title='bbox 1061 1913 1308 1980; x_wconf 89' lang='lat' dir='ltr'>quartus</span> <span class='ocrx_word' id='word_1_238' title='bbox 1347 1908 1428 1965; x_wconf 92' lang='lat' dir='ltr'>De</span> <span class='ocrx_word' id='word_1_239' title='bbox 1482 1924 1690 1964; x_wconf 84' lang='lat' dir='ltr'>arcana</span> <span class='ocrx_word' id='word_1_240' title='bbox 1745 1923 1840 1963; x_wconf 78' lang='lat' dir='ltr'>seu</span> <span class='ocrx_word' id='word_1_241' title='bbox 1886 1910 2114 1977; x_wconf 82' lang='lat' dir='ltr'>mystica</span> <span class='ocrx_word' id='word_1_242' title='bbox 2173 1907 2470 1978; x_wconf 79' lang='lat' dir='ltr'>theologia,</span> <span class='ocrx_word' id='word_1_243' title='bbox 2531 1909 2792 1981; x_wconf 89' lang='lat' dir='ltr'>quinque</span> <span class='ocrx_word' id='word_1_244' title='bbox 2835 1914 3114 1984; x_wconf 86' lang='lat' dir='ltr'>capitum.</span> <span class='ocrx_word' id='word_1_245' title='bbox 3179 1915 3434 1988; x_wconf 83' lang='lat' dir='ltr'>Reliquit</span> <span class='ocrx_word' id='word_1_246' title='bbox 3489 1921 3661 1976; x_wconf 86' lang='lat' dir='ltr'>etiam</span> 
     </span>
    </p>
   </div>
   <div class='ocr_carea' id='block_1_37' title="bbox 247 1996 3664 2080">
    <p class='ocr_par' dir='ltr' id='par_1_37' title="bbox 247 1996 3664 2080">
     <span class='ocr_line' id='line_1_37' title="bbox 247 1996 3664 2080; baseline 0.004 -24"><span class='ocrx_word' id='word_1_247' title='bbox 247 2000 530 2071; x_wconf 84' lang='lat' dir='ltr'>epistolas</span> <span class='ocrx_word' id='word_1_248' title='bbox 578 2000 798 2066; x_wconf 89' lang='lat' dir='ltr'>decem,</span> <span class='ocrx_word' id='word_1_249' title='bbox 863 2013 1110 2068; x_wconf 90' lang='lat' dir='ltr'>quarum</span> <span class='ocrx_word' id='word_1_250' title='bbox 1172 2002 1465 2069; x_wconf 89' lang='lat' dir='ltr'>postrema</span> <span class='ocrx_word' id='word_1_251' title='bbox 1533 1997 1903 2069; x_wconf 82' lang='lat' dir='ltr'>evangelistas</span> <span class='ocrx_word' id='word_1_252' title='bbox 1977 1996 2208 2064; x_wconf 86' lang='lat' dir='ltr'>Joanni,</span> <span class='ocrx_word' id='word_1_253' title='bbox 2269 1999 2368 2067; x_wconf 90' lang='lat' dir='ltr'>qui</span> <span class='ocrx_word' id='word_1_254' title='bbox 2429 2015 2608 2070; x_wconf 89' lang='lat' dir='ltr'>supra</span> <span class='ocrx_word' id='word_1_255' title='bbox 2677 2008 2871 2071; x_wconf 88' lang='lat' dir='ltr'>pectus</span> <span class='ocrx_word' id='word_1_256' title='bbox 2940 2002 3172 2060; x_wconf 89' lang='lat' dir='ltr'>Domini</span> <span class='ocrx_word' id='word_1_257' title='bbox 3232 2009 3515 2080; x_wconf 85' lang='lat' dir='ltr'>recubuit,</span> <span class='ocrx_word' id='word_1_258' title='bbox 3575 2017 3664 2068; x_wconf 90' lang='lat' dir='ltr'>est</span> 
     </span>
    </p>
   </div>
   <div class='ocr_carea' id='block_1_38' title="bbox 245 2086 3665 2174">
    <p class='ocr_par' dir='ltr' id='par_1_38' title="bbox 245 2086 3665 2174">
     <span class='ocr_line' id='line_1_38' title="bbox 245 2086 3665 2174; baseline 0.008 -45"><span class='ocrx_word' id='word_1_259' title='bbox 245 2093 488 2165; x_wconf 53' lang='lat' dir='ltr'>scripta.</span> <span class='ocrx_word' id='word_1_260' title='bbox 531 2094 722 2162; x_wconf 65' lang='lat' dir='ltr'>Atque</span> <span class='ocrx_word' id='word_1_261' title='bbox 782 2088 906 2147; x_wconf 56' lang='lat' dir='ltr'>hac</span> <span class='ocrx_word' id='word_1_262' title='bbox 966 2088 1201 2160; x_wconf 88' lang='lat' dir='ltr'>quidem</span> <span class='ocrx_word' id='word_1_263' title='bbox 1253 2089 1380 2159; x_wconf 88' lang='lat' dir='ltr'>ejus</span> <span class='ocrx_word' id='word_1_264' title='bbox 1444 2088 1657 2160; x_wconf 85' lang='lat' dir='ltr'>scripta</span> <span class='ocrx_word' id='word_1_265' title='bbox 1715 2086 1887 2143; x_wconf 87' lang='lat' dir='ltr'>hodie</span> <span class='ocrx_word' id='word_1_266' title='bbox 1929 2103 2162 2157; x_wconf 85' lang='lat' dir='ltr'>quoque</span> <span class='ocrx_word' id='word_1_267' title='bbox 2223 2087 2741 2144; x_wconf 82' lang='lat' dir='ltr'>circumferuntur.</span> <span class='ocrx_word' id='word_1_268' title='bbox 2805 2091 2932 2161; x_wconf 85' lang='lat' dir='ltr'>Ipse</span> <span class='ocrx_word' id='word_1_269' title='bbox 2989 2102 3175 2150; x_wconf 87' lang='lat' dir='ltr'>autem</span> <span class='ocrx_word' id='word_1_270' title='bbox 3229 2096 3472 2155; x_wconf 89' lang='lat' dir='ltr'>aliarum</span> <span class='ocrx_word' id='word_1_271' title='bbox 3526 2118 3665 2174; x_wconf 84' lang='lat' dir='ltr'>quo-</span> 
     </span>
    </p>
   </div>
   <div class='ocr_carea' id='block_1_39' title="bbox 249 2176 3667 2256">
    <p class='ocr_par' dir='ltr' id='par_1_39' title="bbox 249 2176 3667 2256">
     <span class='ocr_line' id='line_1_39' title="bbox 249 2176 3667 2256; baseline 0.004 -19"><span class='ocrx_word' id='word_1_272' title='bbox 249 2197 365 2253; x_wconf 87' lang='lat' dir='ltr'>que</span> <span class='ocrx_word' id='word_1_273' title='bbox 405 2181 874 2237; x_wconf 86' lang='lat' dir='ltr'>lucubrationum</span> <span class='ocrx_word' id='word_1_274' title='bbox 908 2193 1146 2235; x_wconf 83' lang='lat' dir='ltr'>suarum</span> <span class='ocrx_word' id='word_1_275' title='bbox 1179 2177 1533 2234; x_wconf 89' lang='lat' dir='ltr'>mentionem</span> <span class='ocrx_word' id='word_1_276' title='bbox 1587 2177 1744 2244; x_wconf 90' lang='lat' dir='ltr'>facit,</span> <span class='ocrx_word' id='word_1_277' title='bbox 1798 2176 2002 2248; x_wconf 84' lang='lat' dir='ltr'>quales</span> <span class='ocrx_word' id='word_1_278' title='bbox 2061 2180 2220 2246; x_wconf 91' lang='lat' dir='ltr'>sunt,</span> <span class='ocrx_word' id='word_1_279' title='bbox 2281 2194 2402 2248; x_wconf 81' lang='lat' dir='ltr'>quae</span> <span class='ocrx_word' id='word_1_280' title='bbox 2465 2179 2535 2235; x_wconf 90' lang='lat' dir='ltr'>ab</span> <span class='ocrx_word' id='word_1_281' title='bbox 2587 2195 2654 2234; x_wconf 89' lang='lat' dir='ltr'>eo</span> <span class='ocrx_word' id='word_1_282' title='bbox 2717 2181 3048 2253; x_wconf 64' lang='lat' dir='ltr'>Theologicz</span> <span class='ocrx_word' id='word_1_283' title='bbox 3089 2188 3476 2256; x_wconf 75' lang='lat' dir='ltr'>Dispositiones</span> <span class='ocrx_word' id='word_1_284' title='bbox 3526 2199 3667 2250; x_wconf 90' lang='lat' dir='ltr'>sunt</span> 
     </span>
    </p>
   </div>
   <div class='ocr_carea' id='block_1_40' title="bbox 243 2266 3660 2340">
    <p class='ocr_par' dir='ltr' id='par_1_40' title="bbox 243 2266 3660 2340">
     <span class='ocr_line' id='line_1_40' title="bbox 243 2266 3660 2340; baseline 0.004 -14"><span class='ocrx_word' id='word_1_285' title='bbox 243 2270 587 2326; x_wconf 85' lang='lat' dir='ltr'>nominatae.</span> <span class='ocrx_word' id='word_1_286' title='bbox 645 2269 790 2324; x_wconf 85' lang='lat' dir='ltr'>Item</span> <span class='ocrx_word' id='word_1_287' title='bbox 839 2267 1145 2340; x_wconf 81' lang='lat' dir='ltr'>symbolica</span> <span class='ocrx_word' id='word_1_288' title='bbox 1199 2267 1495 2336; x_wconf 76' lang='lat' dir='ltr'>theologia,</span> <span class='ocrx_word' id='word_1_289' title='bbox 1560 2271 1839 2338; x_wconf 68' lang='lat' dir='ltr'>praeterea</span> <span class='ocrx_word' id='word_1_290' title='bbox 1883 2266 1958 2321; x_wconf 80' lang='lat' dir='ltr'>De</span> <span class='ocrx_word' id='word_1_291' title='bbox 2012 2267 2278 2336; x_wconf 81' lang='lat' dir='ltr'>angelicis</span> <span class='ocrx_word' id='word_1_292' title='bbox 2333 2269 2762 2338; x_wconf 77' lang='lat' dir='ltr'>proprietatibus</span> <span class='ocrx_word' id='word_1_293' title='bbox 2814 2279 2866 2326; x_wconf 81' lang='lat' dir='ltr'>et</span> <span class='ocrx_word' id='word_1_294' title='bbox 2925 2273 3228 2331; x_wconf 76' lang='lat' dir='ltr'>ordinibus.</span> <span class='ocrx_word' id='word_1_295' title='bbox 3291 2279 3660 2338; x_wconf 86' lang='lat' dir='ltr'>Commenta-</span> 
     </span>
    </p>
   </div>
   <div class='ocr_carea' id='block_1_41' title="bbox 243 2354 3655 2437">
    <p class='ocr_par' dir='ltr' id='par_1_41' title="bbox 243 2354 3655 2437">
     <span class='ocr_line' id='line_1_41' title="bbox 243 2354 3655 2437; baseline 0.004 -21"><span class='ocrx_word' id='word_1_296' title='bbox 243 2360 373 2417; x_wconf 84' lang='lat' dir='ltr'>rius</span> <span class='ocrx_word' id='word_1_297' title='bbox 415 2360 487 2415; x_wconf 76' lang='lat' dir='ltr'>De</span> <span class='ocrx_word' id='word_1_298' title='bbox 533 2359 744 2426; x_wconf 82' lang='lat' dir='ltr'>anima,</span> <span class='ocrx_word' id='word_1_299' title='bbox 779 2360 852 2413; x_wconf 82' lang='lat' dir='ltr'>De</span> <span class='ocrx_word' id='word_1_300' title='bbox 889 2358 1040 2429; x_wconf 83' lang='lat' dir='ltr'>justo</span> <span class='ocrx_word' id='word_1_301' title='bbox 1088 2365 1140 2412; x_wconf 80' lang='lat' dir='ltr'>et</span> <span class='ocrx_word' id='word_1_302' title='bbox 1193 2356 1380 2412; x_wconf 85' lang='lat' dir='ltr'>divino</span> <span class='ocrx_word' id='word_1_303' title='bbox 1415 2355 1667 2428; x_wconf 80' lang='lat' dir='ltr'>judicio;</span> <span class='ocrx_word' id='word_1_304' title='bbox 1712 2356 1784 2410; x_wconf 84' lang='lat' dir='ltr'>De</span> <span class='ocrx_word' id='word_1_305' title='bbox 1838 2354 2044 2410; x_wconf 76' lang='lat' dir='ltr'>divinis</span> <span class='ocrx_word' id='word_1_306' title='bbox 2111 2354 2368 2427; x_wconf 79' lang='lat' dir='ltr'>hymnis;</span> <span class='ocrx_word' id='word_1_307' title='bbox 2413 2358 2550 2413; x_wconf 89' lang='lat' dir='ltr'>item</span> <span class='ocrx_word' id='word_1_308' title='bbox 2601 2360 2673 2414; x_wconf 79' lang='lat' dir='ltr'>De</span> <span class='ocrx_word' id='word_1_309' title='bbox 2735 2361 2805 2416; x_wconf 86' lang='lat' dir='ltr'>iis</span> <span class='ocrx_word' id='word_1_310' title='bbox 2834 2377 2950 2431; x_wconf 73' lang='lat' dir='ltr'>quae</span> <span class='ocrx_word' id='word_1_311' title='bbox 3004 2365 3089 2418; x_wconf 83' lang='lat' dir='ltr'>vel</span> <span class='ocrx_word' id='word_1_312' title='bbox 3145 2365 3518 2437; x_wconf 73' lang='lat' dir='ltr'>intelligentia</span> <span class='ocrx_word' id='word_1_313' title='bbox 3574 2374 3655 2428; x_wconf 80' lang='lat' dir='ltr'>vel</span> 
     </span>
    </p>
   </div>
   <div class='ocr_carea' id='block_1_42' title="bbox 239 2442 3656 2534">
    <p class='ocr_par' dir='ltr' id='par_1_42' title="bbox 239 2442 3656 2534">
     <span class='ocr_line' id='line_1_42' title="bbox 239 2442 3656 2534; baseline 0.004 -30"><span class='ocrx_word' id='word_1_314' title='bbox 239 2465 413 2504; x_wconf 77' lang='lat' dir='ltr'>sensu</span> <span class='ocrx_word' id='word_1_315' title='bbox 467 2447 965 2519; x_wconf 80' lang='lat' dir='ltr'>deprehenduntur.</span> <span class='ocrx_word' id='word_1_316' title='bbox 1011 2445 1429 2502; x_wconf 87' lang='lat' dir='ltr'>Commentarii</span> <span class='ocrx_word' id='word_1_317' title='bbox 1479 2449 1674 2500; x_wconf 89' lang='lat' dir='ltr'>autem</span> <span class='ocrx_word' id='word_1_318' title='bbox 1729 2443 1823 2498; x_wconf 87' lang='lat' dir='ltr'>isti</span> <span class='ocrx_word' id='word_1_319' title='bbox 1867 2442 2104 2499; x_wconf 91' lang='lat' dir='ltr'>omnino</span> <span class='ocrx_word' id='word_1_320' title='bbox 2162 2445 2265 2534; x_wconf 82' lang='lat' dir='ltr'>visi</span> <span class='ocrx_word' id='word_1_321' title='bbox 2312 2462 2427 2501; x_wconf 90' lang='lat' dir='ltr'>non</span> <span class='ocrx_word' id='word_1_322' title='bbox 2476 2452 2638 2515; x_wconf 90' lang='lat' dir='ltr'>sunt,</span> <span class='ocrx_word' id='word_1_323' title='bbox 2696 2465 2880 2520; x_wconf 86' lang='lat' dir='ltr'>neque</span> <span class='ocrx_word' id='word_1_324' title='bbox 2938 2452 3128 2521; x_wconf 90' lang='lat' dir='ltr'>nobis,</span> <span class='ocrx_word' id='word_1_325' title='bbox 3180 2471 3369 2529; x_wconf 88' lang='lat' dir='ltr'>neque</span> <span class='ocrx_word' id='word_1_326' title='bbox 3425 2458 3497 2516; x_wconf 88' lang='lat' dir='ltr'>iis</span> <span class='ocrx_word' id='word_1_327' title='bbox 3555 2464 3656 2534; x_wconf 88' lang='lat' dir='ltr'>qui</span> 
     </span>
    </p>
   </div>
   <div class='ocr_carea' id='block_1_43' title="bbox 240 2532 2680 2608">
    <p class='ocr_par' dir='ltr' id='par_1_43' title="bbox 240 2532 2680 2608">
     <span class='ocr_line' id='line_1_43' title="bbox 240 2532 2680 2608; baseline -0.001 -13"><span class='ocrx_word' id='word_1_328' title='bbox 240 2544 383 2595; x_wconf 85' lang='lat' dir='ltr'>ante</span> <span class='ocrx_word' id='word_1_329' title='bbox 411 2554 517 2595; x_wconf 88' lang='lat' dir='ltr'>nos</span> <span class='ocrx_word' id='word_1_330' title='bbox 549 2538 805 2606; x_wconf 78' lang='lat' dir='ltr'>fuerunt,</span> <span class='ocrx_word' id='word_1_331' title='bbox 829 2535 1067 2608; x_wconf 84' lang='lat' dir='ltr'>cogniti.</span> <span class='ocrx_word' id='word_1_332' title='bbox 1102 2535 1208 2591; x_wconf 86' lang='lat' dir='ltr'>Sed</span> <span class='ocrx_word' id='word_1_333' title='bbox 1233 2535 1303 2590; x_wconf 90' lang='lat' dir='ltr'>de</span> <span class='ocrx_word' id='word_1_334' title='bbox 1335 2533 1608 2603; x_wconf 89' lang='lat' dir='ltr'>Dionysio</span> <span class='ocrx_word' id='word_1_335' title='bbox 1631 2532 2019 2604; x_wconf 85' lang='lat' dir='ltr'>operibusque</span> <span class='ocrx_word' id='word_1_336' title='bbox 2052 2532 2180 2603; x_wconf 86' lang='lat' dir='ltr'>ejus</span> <span class='ocrx_word' id='word_1_337' title='bbox 2214 2533 2330 2589; x_wconf 67' lang='lat' dir='ltr'>haec</span> <span class='ocrx_word' id='word_1_338' title='bbox 2365 2535 2512 2590; x_wconf 88' lang='lat' dir='ltr'>satis</span> <span class='ocrx_word' id='word_1_339' title='bbox 2541 2537 2680 2592; x_wconf 90' lang='lat' dir='ltr'>sint.</span> 
     </span>
    </p>
   </div>
   <div class='ocr_carea' id='block_1_44' title="bbox 858 2645 1280 2700">
    <p class='ocr_par' dir='ltr' id='par_1_44' title="bbox 858 2645 1280 2700">
     <span class='ocr_line' id='line_1_44' title="bbox 858 2645 1280 2700; baseline 0.002 -3"><span class='ocrx_word' id='word_1_340' title='bbox 858 2648 1111 2699; x_wconf 73' lang='grc' dir='ltr'>ΚΕΦΑΛ.</span> <span class='ocrx_word' id='word_1_341' title='bbox 1160 2645 1280 2700; x_wconf 81' lang='lat' dir='ltr'>KA&#39;.</span> 
     </span>
    </p>
   </div>
   <div class='ocr_carea' id='block_1_45' title="bbox 243 2729 1891 2818">
    <p class='ocr_par' dir='ltr' id='par_1_45' title="bbox 243 2729 1891 2818">
     <span class='ocr_line' id='line_1_45' title="bbox 243 2729 1891 2818; baseline -0.007 -26"><span class='ocrx_word' id='word_1_342' title='bbox 243 2739 362 2800; x_wconf 74' lang='grc' dir='ltr'>Ὠς</span> <span class='ocrx_word' id='word_1_343' title='bbox 406 2737 440 2806; x_wconf 79' lang='grc' dir='ltr'><strong>ἡ</strong></span> <span class='ocrx_word' id='word_1_344' title='bbox 470 2739 585 2790; x_wconf 77' lang='grc' dir='ltr'>τοῦ</span> <span class='ocrx_word' id='word_1_345' title='bbox 637 2738 810 2818; x_wconf 27' lang='grc' dir='ltr'>*Θεοῐξ</span> <span class='ocrx_word' id='word_1_346' title='bbox 854 2734 1089 2818; x_wconf 57' lang='grc' dir='ltr'>Μητήρ</span> <span class='ocrx_word' id='word_1_347' title='bbox 1139 2737 1328 2818; x_wconf 37' lang='grc' dir='ltr'>νόμνῳ</span> <span class='ocrx_word' id='word_1_348' title='bbox 1372 2730 1614 2807; x_wconf 75' lang='grc' dir='ltr'>φύσεως</span> <span class='ocrx_word' id='word_1_349' title='bbox 1644 2729 1891 2818; x_wconf 55' lang='grc' dir='ltr'>τεθνη-</span> 
     </span>
    </p>
   </div>
   <div class='ocr_carea' id='block_1_46' title="bbox 318 2803 1890 2882">
    <p class='ocr_par' dir='ltr' id='par_1_46' title="bbox 318 2803 1890 2882">
     <span class='ocr_line' id='line_1_46' title="bbox 318 2803 1890 2882; baseline -0.006 -19"><span class='ocrx_word' id='word_1_350' title='bbox 318 2803 700 2882; x_wconf 76' lang='grc' dir='ltr'>κυῖά,πρὸς</span> <span class='ocrx_word' id='word_1_351' title='bbox 741 2803 1407 2882; x_wconf 35' lang='grc' dir='ltr'>τὰς-ᾧπερκοσμίους</span> <span class='ocrx_word' id='word_1_352' title='bbox 1459 2803 1706 2872; x_wconf 85' lang='grc' dir='ltr'>σκηνὰς</span> <span class='ocrx_word' id='word_1_353' title='bbox 1758 2821 1890 2855; x_wconf 90' lang='grc' dir='ltr'>σω-</span> 
     </span>
    </p>
   </div>
   <div class='ocr_carea' id='block_1_47' title="bbox 322 2878 1013 2954">
    <p class='ocr_par' dir='ltr' id='par_1_47' title="bbox 322 2878 1013 2954">
     <span class='ocr_line' id='line_1_47' title="bbox 322 2878 1013 2954; baseline -0.004 -18"><span class='ocrx_word' id='word_1_354' title='bbox 322 2878 625 2954; x_wconf 16' lang='grc' dir='ltr'>ματιλῶής</span> <span class='ocrx_word' id='word_1_355' title='bbox 661 2878 1013 2952; x_wconf 84' lang='grc' dir='ltr'>μετετὲθη.</span> 
     </span>
    </p>
   </div>
   <div class='ocr_carea' id='block_1_48' title="bbox 316 2978 1889 3059">
    <p class='ocr_par' dir='ltr' id='par_1_48' title="bbox 316 2978 1889 3059">
     <span class='ocr_line' id='line_1_48' title="bbox 316 2978 1889 3059; baseline -0.007 -15"><span class='ocrx_word' id='word_1_356' title='bbox 316 2989 445 3045; x_wconf 83' lang='grc' dir='ltr'>Κατ’</span> <span class='ocrx_word' id='word_1_357' title='bbox 501 2985 672 3043; x_wconf 75' lang='grc' dir='ltr'>ἒκεῖνο</span> <span class='ocrx_word' id='word_1_358' title='bbox 732 2984 788 3041; x_wconf 68' lang='grc' dir='ltr'>δὲ</span> <span class='ocrx_word' id='word_1_359' title='bbox 844 2987 1054 3059; x_wconf 81' lang='grc' dir='ltr'>καιροῦ,</span> <span class='ocrx_word' id='word_1_360' title='bbox 1116 2979 1392 3040; x_wconf 63' lang='grc' dir='ltr'>Κλαυδίου</span> <span class='ocrx_word' id='word_1_361' title='bbox 1449 2980 1700 3055; x_wconf 77' lang='grc' dir='ltr'>πέμττον</span> <span class='ocrx_word' id='word_1_362' title='bbox 1767 2978 1889 3043; x_wconf 82' lang='grc' dir='ltr'>ἔτος</span> 
     </span>
    </p>
   </div>
   <div class='ocr_carea' id='block_1_49' title="bbox 239 3071 1884 3150">
    <p class='ocr_par' dir='ltr' id='par_1_49' title="bbox 239 3071 1884 3150">
     <span class='ocr_line' id='line_1_49' title="bbox 239 3071 1884 3150; baseline -0.007 -16"><span class='ocrx_word' id='word_1_363' title='bbox 239 3078 500 3141; x_wconf 78' lang='grc' dir='ltr'>ἀνύοντος</span> <span class='ocrx_word' id='word_1_364' title='bbox 552 3079 622 3150; x_wconf 82' lang='grc' dir='ltr'>τῇ</span> <span class='ocrx_word' id='word_1_365' title='bbox 681 3076 851 3149; x_wconf 80' lang='grc' dir='ltr'>ἀρχῇ,</span> <span class='ocrx_word' id='word_1_366' title='bbox 912 3072 1026 3128; x_wconf 68' lang='grc' dir='ltr'>ἐπεὶ</span> <span class='ocrx_word' id='word_1_367' title='bbox 1083 3073 1182 3140; x_wconf 74' lang='grc' dir='ltr'>τὴν</span> <span class='ocrx_word' id='word_1_368' title='bbox 1252 3073 1519 3146; x_wconf 78' lang='grc' dir='ltr'>πάναγνον</span> <span class='ocrx_word' id='word_1_369' title='bbox 1596 3073 1693 3124; x_wconf 77' lang='grc' dir='ltr'>τοῦ</span> <span class='ocrx_word' id='word_1_370' title='bbox 1753 3071 1884 3123; x_wconf 71' lang='grc' dir='ltr'>Θεοῦ</span> 
     </span>
    </p>
   </div>
   <div class='ocr_carea' id='block_1_50' title="bbox 238 3155 1883 3243">
    <p class='ocr_par' dir='ltr' id='par_1_50' title="bbox 238 3155 1883 3243">
     <span class='ocr_line' id='line_1_50' title="bbox 238 3155 1883 3243; baseline -0.007 -20"><span class='ocrx_word' id='word_1_371' title='bbox 238 3170 430 3243; x_wconf 84' lang='grc' dir='ltr'>Λόγου</span> <span class='ocrx_word' id='word_1_372' title='bbox 493 3164 701 3241; x_wconf 73' lang='grc' dir='ltr'>μητέρα</span> <span class='ocrx_word' id='word_1_373' title='bbox 754 3165 986 3220; x_wconf 76' lang='grc' dir='ltr'>θανάτου</span> <span class='ocrx_word' id='word_1_374' title='bbox 1039 3165 1329 3236; x_wconf 77' lang='grc' dir='ltr'>μετασχεῖν</span> <span class='ocrx_word' id='word_1_375' title='bbox 1383 3157 1488 3215; x_wconf 79' lang='grc' dir='ltr'>ἔδει</span> <span class='ocrx_word' id='word_1_376' title='bbox 1537 3161 1647 3230; x_wconf 79' lang='grc' dir='ltr'>(ὅτι</span> <span class='ocrx_word' id='word_1_377' title='bbox 1686 3180 1746 3234; x_wconf 85' lang='grc' dir='ltr'>γε</span> <span class='ocrx_word' id='word_1_378' title='bbox 1795 3155 1883 3212; x_wconf 78' lang='grc' dir='ltr'>καὶ</span> 
     </span>
    </p>
   </div>
   <div class='ocr_carea' id='block_1_51' title="bbox 241 3248 1879 3329">
    <p class='ocr_par' dir='ltr' id='par_1_51' title="bbox 241 3248 1879 3329">
     <span class='ocr_line' id='line_1_51' title="bbox 241 3248 1879 3329; baseline -0.007 -16"><span class='ocrx_word' id='word_1_379' title='bbox 241 3260 273 3314; x_wconf 81' lang='grc' dir='ltr'><strong>ὁ</strong></span> <span class='ocrx_word' id='word_1_380' title='bbox 305 3257 508 3326; x_wconf 76' lang='grc' dir='ltr'>ταύτης</span> <span class='ocrx_word' id='word_1_381' title='bbox 539 3256 665 3316; x_wconf 77' lang='grc' dir='ltr'>Υἱὸς</span> <span class='ocrx_word' id='word_1_382' title='bbox 693 3259 871 3329; x_wconf 86' lang='grc' dir='ltr'>κυρῶν</span> <span class='ocrx_word' id='word_1_383' title='bbox 901 3275 964 3308; x_wconf 91' lang='grc' dir='ltr'>το</span> <span class='ocrx_word' id='word_1_384' title='bbox 994 3252 1279 3326; x_wconf 78' lang='grc' dir='ltr'>ἅνθρωπος</span> <span class='ocrx_word' id='word_1_385' title='bbox 1315 3251 1448 3305; x_wconf 76' lang='grc' dir='ltr'>εἶναι</span> <span class='ocrx_word' id='word_1_386' title='bbox 1482 3249 1556 3311; x_wconf 86' lang='grc' dir='ltr'>ὡς</span> <span class='ocrx_word' id='word_1_387' title='bbox 1603 3248 1879 3318; x_wconf 84' lang='grc' dir='ltr'>ἀληθῶς),</span> 
     </span>
    </p>
   </div>
   <div class='ocr_carea' id='block_1_52' title="bbox 240 3337 1884 3422">
    <p class='ocr_par' dir='ltr' id='par_1_52' title="bbox 240 3337 1884 3422">
     <span class='ocr_line' id='line_1_52' title="bbox 240 3337 1884 3422; baseline -0.007 -18"><span class='ocrx_word' id='word_1_388' title='bbox 240 3348 349 3405; x_wconf 81' lang='grc' dir='ltr'>οὐκ</span> <span class='ocrx_word' id='word_1_389' title='bbox 397 3345 596 3422; x_wconf 77' lang='grc' dir='ltr'>ἔξωρος</span> <span class='ocrx_word' id='word_1_390' title='bbox 629 3343 684 3400; x_wconf 75' lang='grc' dir='ltr'>δὲ</span> <span class='ocrx_word' id='word_1_391' title='bbox 733 3343 835 3419; x_wconf 75' lang='grc' dir='ltr'>ἄρα</span> <span class='ocrx_word' id='word_1_392' title='bbox 882 3344 969 3413; x_wconf 77' lang='grc' dir='ltr'>ἦν,</span> <span class='ocrx_word' id='word_1_393' title='bbox 1019 3343 1312 3413; x_wconf 79' lang='grc' dir='ltr'>ἑξηκοστοῦ</span> <span class='ocrx_word' id='word_1_394' title='bbox 1359 3343 1461 3414; x_wconf 76' lang='grc' dir='ltr'>γὰρ</span> <span class='ocrx_word' id='word_1_395' title='bbox 1511 3340 1626 3400; x_wconf 73' lang='grc' dir='ltr'>ἑνὸς</span> <span class='ocrx_word' id='word_1_396' title='bbox 1671 3337 1884 3401; x_wconf 69' lang='grc' dir='ltr'>δέοντος</span> 
     </span>
    </p>
   </div>
   <div class='ocr_carea' id='block_1_53' title="bbox 236 3427 1890 3512">
    <p class='ocr_par' dir='ltr' id='par_1_53' title="bbox 236 3427 1890 3512">
     <span class='ocr_line' id='line_1_53' title="bbox 236 3427 1890 3512; baseline -0.006 -19"><span class='ocrx_word' id='word_1_397' title='bbox 236 3438 454 3512; x_wconf 81' lang='grc' dir='ltr'>χρόνου</span> <span class='ocrx_word' id='word_1_398' title='bbox 485 3435 820 3511; x_wconf 69' lang='grc' dir='ltr'>γεγενημένη</span> <span class='ocrx_word' id='word_1_399' title='bbox 879 3437 1090 3506; x_wconf 85' lang='grc' dir='ltr'>μυεῖται</span> <span class='ocrx_word' id='word_1_400' title='bbox 1145 3431 1238 3502; x_wconf 73' lang='grc' dir='ltr'>μὲν</span> <span class='ocrx_word' id='word_1_401' title='bbox 1288 3429 1354 3484; x_wconf 85' lang='grc' dir='ltr'>δι’</span> <span class='ocrx_word' id='word_1_402' title='bbox 1407 3428 1638 3506; x_wconf 76' lang='grc' dir='ltr'>ἀγγέλου</span> <span class='ocrx_word' id='word_1_403' title='bbox 1683 3427 1742 3483; x_wconf 73' lang='grc' dir='ltr'>ἐκ</span> <span class='ocrx_word' id='word_1_404' title='bbox 1793 3432 1890 3483; x_wconf 74' lang='grc' dir='ltr'>τοῦ</span> 
     </span>
    </p>
   </div>
   <div class='ocr_carea' id='block_1_54' title="bbox 241 3517 1890 3598">
    <p class='ocr_par' dir='ltr' id='par_1_54' title="bbox 241 3517 1890 3598">
     <span class='ocr_line' id='line_1_54' title="bbox 241 3517 1890 3598; baseline -0.007 -17"><span class='ocrx_word' id='word_1_405' title='bbox 241 3527 376 3582; x_wconf 71' lang='grc' dir='ltr'>Υἱοῦ</span> <span class='ocrx_word' id='word_1_406' title='bbox 421 3527 486 3580; x_wconf 90' lang='grc' dir='ltr'>τὸ</span> <span class='ocrx_word' id='word_1_407' title='bbox 543 3525 678 3598; x_wconf 85' lang='grc' dir='ltr'>πρὸς</span> <span class='ocrx_word' id='word_1_408' title='bbox 737 3523 896 3578; x_wconf 83' lang='grc' dir='ltr'>αὐτὸν</span> <span class='ocrx_word' id='word_1_409' title='bbox 942 3519 1221 3594; x_wconf 72' lang='grc' dir='ltr'>ἐνδημεῖν,</span> <span class='ocrx_word' id='word_1_410' title='bbox 1270 3519 1405 3574; x_wconf 85' lang='grc' dir='ltr'>καθὰ</span> <span class='ocrx_word' id='word_1_411' title='bbox 1464 3519 1554 3573; x_wconf 79' lang='grc' dir='ltr'>καὶ</span> <span class='ocrx_word' id='word_1_412' title='bbox 1605 3517 1890 3593; x_wconf 61' lang='grc' dir='ltr'>πρότερον,</span> 
     </span>
    </p>
   </div>
   <div class='ocr_carea' id='block_1_55' title="bbox 243 3605 1888 3692">
    <p class='ocr_par' dir='ltr' id='par_1_55' title="bbox 243 3605 1888 3692">
     <span class='ocr_line' id='line_1_55' title="bbox 243 3605 1888 3692; baseline -0.007 -20"><span class='ocrx_word' id='word_1_413' title='bbox 243 3616 486 3686; x_wconf 78' lang='grc' dir='ltr'>ὁπηνίκα</span> <span class='ocrx_word' id='word_1_414' title='bbox 518 3617 706 3692; x_wconf 74' lang='grc' dir='ltr'>φοιοᾷν</span> <span class='ocrx_word' id='word_1_415' title='bbox 757 3612 892 3686; x_wconf 84' lang='grc' dir='ltr'>πρὸς</span> <span class='ocrx_word' id='word_1_416' title='bbox 940 3610 1110 3678; x_wconf 75' lang='grc' dir='ltr'>αὐτὴν</span> <span class='ocrx_word' id='word_1_417' title='bbox 1164 3606 1432 3682; x_wconf 80' lang='grc' dir='ltr'>ἔμελλεν·</span> <span class='ocrx_word' id='word_1_418' title='bbox 1480 3607 1554 3669; x_wconf 83' lang='grc' dir='ltr'>ὡς</span> <span class='ocrx_word' id='word_1_419' title='bbox 1603 3605 1692 3661; x_wconf 77' lang='grc' dir='ltr'>οὖν</span> <span class='ocrx_word' id='word_1_420' title='bbox 1748 3605 1888 3681; x_wconf 79' lang='grc' dir='ltr'>ἔγνω</span> 
     </span>
    </p>
   </div>
   <div class='ocr_carea' id='block_1_56' title="bbox 240 3693 1888 3776">
    <p class='ocr_par' dir='ltr' id='par_1_56' title="bbox 240 3693 1888 3776">
     <span class='ocr_line' id='line_1_56' title="bbox 240 3693 1888 3776; baseline -0.007 -18"><span class='ocrx_word' id='word_1_421' title='bbox 240 3705 348 3773; x_wconf 77' lang='grc' dir='ltr'>τὴν</span> <span class='ocrx_word' id='word_1_422' title='bbox 409 3701 696 3775; x_wconf 81' lang='grc' dir='ltr'>ἒκδημίαν,</span> <span class='ocrx_word' id='word_1_423' title='bbox 772 3705 946 3776; x_wconf 81' lang='grc' dir='ltr'>χαρᾶς</span> <span class='ocrx_word' id='word_1_424' title='bbox 1013 3697 1254 3772; x_wconf 70' lang='grc' dir='ltr'>ἇρῥήτου</span> <span class='ocrx_word' id='word_1_425' title='bbox 1316 3694 1627 3768; x_wconf 79' lang='grc' dir='ltr'>πίμπλαται</span> <span class='ocrx_word' id='word_1_426' title='bbox 1676 3695 1787 3767; x_wconf 82' lang='grc' dir='ltr'>(καὶ</span> <span class='ocrx_word' id='word_1_427' title='bbox 1836 3693 1888 3747; x_wconf 88' lang='grc' dir='ltr'>τί</span> 
     </span>
    </p>
   </div>
   <div class='ocr_carea' id='block_1_57' title="bbox 240 3781 1884 3868">
    <p class='ocr_par' dir='ltr' id='par_1_57' title="bbox 240 3781 1884 3868">
     <span class='ocr_line' id='line_1_57' title="bbox 240 3781 1884 3868; baseline -0.007 -21"><span class='ocrx_word' id='word_1_428' title='bbox 240 3793 348 3868; x_wconf 76' lang='grc' dir='ltr'>γὰρ</span> <span class='ocrx_word' id='word_1_429' title='bbox 393 3788 548 3860; x_wconf 76' lang='grc' dir='ltr'>ἤδιον</span> <span class='ocrx_word' id='word_1_430' title='bbox 598 3788 771 3864; x_wconf 75' lang='grc' dir='ltr'>ἐκείνῃ</span> <span class='ocrx_word' id='word_1_431' title='bbox 817 3790 852 3860; x_wconf 74' lang='grc' dir='ltr'><strong>ἢ</strong></span> <span class='ocrx_word' id='word_1_432' title='bbox 903 3792 982 3860; x_wconf 80' lang='grc' dir='ltr'>τῷ</span> <span class='ocrx_word' id='word_1_433' title='bbox 1026 3788 1134 3857; x_wconf 73' lang='grc' dir='ltr'>Υἱῷ</span> <span class='ocrx_word' id='word_1_434' title='bbox 1191 3789 1424 3840; x_wconf 84' lang='grc' dir='ltr'>συνεῖναι</span> <span class='ocrx_word' id='word_1_435' title='bbox 1470 3783 1560 3837; x_wconf 85' lang='grc' dir='ltr'>καὶ</span> <span class='ocrx_word' id='word_1_436' title='bbox 1614 3781 1884 3858; x_wconf 75' lang='grc' dir='ltr'>βασιλεῖς)</span> 
     </span>
    </p>
   </div>
   <div class='ocr_carea' id='block_1_58' title="bbox 242 3871 1882 3958">
    <p class='ocr_par' dir='ltr' id='par_1_58' title="bbox 242 3871 1882 3958">
     <span class='ocr_line' id='line_1_58' title="bbox 242 3871 1882 3958; baseline -0.006 -22"><span class='ocrx_word' id='word_1_437' title='bbox 242 3886 400 3958; x_wconf 76' lang='grc' dir='ltr'>φῶτα</span> <span class='ocrx_word' id='word_1_438' title='bbox 447 3881 628 3936; x_wconf 81' lang='grc' dir='ltr'>τοίνυν</span> <span class='ocrx_word' id='word_1_439' title='bbox 669 3879 938 3952; x_wconf 70' lang='grc' dir='ltr'>εἰσήγετο.</span> <span class='ocrx_word' id='word_1_440' title='bbox 972 3879 1006 3947; x_wconf 83' lang='grc' dir='ltr'>ἡ</span> <span class='ocrx_word' id='word_1_441' title='bbox 1053 3875 1199 3931; x_wconf 76' lang='grc' dir='ltr'>οἰκία</span> <span class='ocrx_word' id='word_1_442' title='bbox 1245 3895 1302 3928; x_wconf 84' lang='grc' dir='ltr'>τε</span> <span class='ocrx_word' id='word_1_443' title='bbox 1353 3873 1632 3948; x_wconf 77' lang='grc' dir='ltr'>ἐσαροῦτο,</span> <span class='ocrx_word' id='word_1_444' title='bbox 1687 3871 1774 3926; x_wconf 87' lang='grc' dir='ltr'>καὶ</span> <span class='ocrx_word' id='word_1_445' title='bbox 1821 3872 1882 3926; x_wconf 86' lang='grc' dir='ltr'>τὸ</span> 
     </span>
    </p>
   </div>
   <div class='ocr_carea' id='block_1_59' title="bbox 237 3961 1886 4047">
    <p class='ocr_par' dir='ltr' id='par_1_59' title="bbox 237 3961 1886 4047">
     <span class='ocr_line' id='line_1_59' title="bbox 237 3961 1886 4047; baseline -0.007 -19"><span class='ocrx_word' id='word_1_446' title='bbox 237 3978 524 4047; x_wconf 80' lang='grc' dir='ltr'>προσῆκον</span> <span class='ocrx_word' id='word_1_447' title='bbox 557 3971 713 4047; x_wconf 71' lang='grc' dir='ltr'>γένει,</span> <span class='ocrx_word' id='word_1_448' title='bbox 766 3969 839 4031; x_wconf 89' lang='grc' dir='ltr'>ὠς</span> <span class='ocrx_word' id='word_1_449' title='bbox 885 3967 1051 4038; x_wconf 79' lang='grc' dir='ltr'>εἰκὸς,</span> <span class='ocrx_word' id='word_1_450' title='bbox 1105 3962 1514 4040; x_wconf 73' lang='grc' dir='ltr'>μετεστέλλετο,</span> <span class='ocrx_word' id='word_1_451' title='bbox 1563 3962 1651 4018; x_wconf 83' lang='grc' dir='ltr'>καὶ</span> <span class='ocrx_word' id='word_1_452' title='bbox 1694 3961 1886 4036; x_wconf 83' lang='grc' dir='ltr'>ηὐτρέ-</span> 
     </span>
    </p>
   </div>
   <div class='ocr_carea' id='block_1_60' title="bbox 237 4053 1884 4134">
    <p class='ocr_par' dir='ltr' id='par_1_60' title="bbox 237 4053 1884 4134">
     <span class='ocr_line' id='line_1_60' title="bbox 237 4053 1884 4134; baseline -0.008 -16"><span class='ocrx_word' id='word_1_453' title='bbox 237 4082 404 4118; x_wconf 89' lang='grc' dir='ltr'>πιστο</span> <span class='ocrx_word' id='word_1_454' title='bbox 433 4061 568 4134; x_wconf 84' lang='grc' dir='ltr'>πρὸς</span> <span class='ocrx_word' id='word_1_455' title='bbox 599 4062 699 4131; x_wconf 72' lang='grc' dir='ltr'>τὴν</span> <span class='ocrx_word' id='word_1_456' title='bbox 731 4053 936 4132; x_wconf 76' lang='grc' dir='ltr'>ἔξοδον,</span> <span class='ocrx_word' id='word_1_457' title='bbox 984 4058 1085 4127; x_wconf 75' lang='grc' dir='ltr'>τήν</span> <span class='ocrx_word' id='word_1_458' title='bbox 1128 4077 1184 4110; x_wconf 89' lang='grc' dir='ltr'>τε</span> <span class='ocrx_word' id='word_1_459' title='bbox 1235 4053 1434 4128; x_wconf 79' lang='grc' dir='ltr'>μύησιν</span> <span class='ocrx_word' id='word_1_460' title='bbox 1480 4058 1595 4114; x_wconf 88' lang='grc' dir='ltr'>τοῖς</span> <span class='ocrx_word' id='word_1_461' title='bbox 1644 4057 1884 4107; x_wconf 80' lang='grc' dir='ltr'>συνιοῦσι</span> 
     </span>
    </p>
   </div>
   <div class='ocr_carea' id='block_1_61' title="bbox 239 4141 1883 4224">
    <p class='ocr_par' dir='ltr' id='par_1_61' title="bbox 239 4141 1883 4224">
     <span class='ocr_line' id='line_1_61' title="bbox 239 4141 1883 4224; baseline -0.008 -16"><span class='ocrx_word' id='word_1_462' title='bbox 239 4150 425 4222; x_wconf 83' lang='grc' dir='ltr'>δήλην</span> <span class='ocrx_word' id='word_1_463' title='bbox 459 4148 645 4208; x_wconf 81' lang='grc' dir='ltr'>ἒτέθει.</span> <span class='ocrx_word' id='word_1_464' title='bbox 682 4149 822 4224; x_wconf 86' lang='grc' dir='ltr'>Πρὸς</span> <span class='ocrx_word' id='word_1_465' title='bbox 853 4146 910 4202; x_wconf 78' lang='grc' dir='ltr'>δὲ</span> <span class='ocrx_word' id='word_1_466' title='bbox 940 4146 1029 4202; x_wconf 85' lang='grc' dir='ltr'>καὶ</span> <span class='ocrx_word' id='word_1_467' title='bbox 1059 4147 1122 4201; x_wconf 76' lang='grc' dir='ltr'>τὸ</span> <span class='ocrx_word' id='word_1_468' title='bbox 1152 4145 1312 4215; x_wconf 83' lang='grc' dir='ltr'>νίκης</span> <span class='ocrx_word' id='word_1_469' title='bbox 1344 4147 1441 4199; x_wconf 78' lang='grc' dir='ltr'>τοῦ</span> <span class='ocrx_word' id='word_1_470' title='bbox 1492 4143 1720 4197; x_wconf 78' lang='grc' dir='ltr'>θανάτου</span> <span class='ocrx_word' id='word_1_471' title='bbox 1749 4141 1883 4217; x_wconf 85' lang='grc' dir='ltr'>τρό-</span> 
     </span>
    </p>
   </div>
   <div class='ocr_carea' id='block_1_62' title="bbox 236 4229 1881 4316">
    <p class='ocr_par' dir='ltr' id='par_1_62' title="bbox 236 4229 1881 4316">
     <span class='ocr_line' id='line_1_62' title="bbox 236 4229 1881 4316; baseline -0.007 -20"><span class='ocrx_word' id='word_1_472' title='bbox 236 4261 429 4312; x_wconf 82' lang='grc' dir='ltr'>παιον,</span> <span class='ocrx_word' id='word_1_473' title='bbox 493 4240 732 4316; x_wconf 74' lang='grc' dir='ltr'>φοίνικος</span> <span class='ocrx_word' id='word_1_474' title='bbox 794 4234 849 4292; x_wconf 78' lang='grc' dir='ltr'>δὲ</span> <span class='ocrx_word' id='word_1_475' title='bbox 913 4239 1078 4291; x_wconf 74' lang='grc' dir='ltr'>τοῦτο</span> <span class='ocrx_word' id='word_1_476' title='bbox 1135 4235 1203 4304; x_wconf 69' lang='grc' dir='ltr'>ἣν</span> <span class='ocrx_word' id='word_1_477' title='bbox 1260 4230 1482 4302; x_wconf 74' lang='grc' dir='ltr'>κλάδος,</span> <span class='ocrx_word' id='word_1_478' title='bbox 1553 4229 1881 4289; x_wconf 77' lang='grc' dir='ltr'>ὑπεδείκνυε.</span> 
     </span>
    </p>
   </div>
   <div class='ocr_carea' id='block_1_63' title="bbox 236 4319 1882 4402">
    <p class='ocr_par' dir='ltr' id='par_1_63' title="bbox 236 4319 1882 4402">
     <span class='ocr_line' id='line_1_63' title="bbox 236 4319 1882 4402; baseline -0.009 -14"><span class='ocrx_word' id='word_1_479' title='bbox 236 4335 349 4388; x_wconf 74' lang='grc' dir='ltr'>Τοῦ</span> <span class='ocrx_word' id='word_1_480' title='bbox 392 4327 448 4384; x_wconf 73' lang='grc' dir='ltr'>δὲ</span> <span class='ocrx_word' id='word_1_481' title='bbox 493 4331 686 4402; x_wconf 75' lang='grc' dir='ltr'>καιροῦ</span> <span class='ocrx_word' id='word_1_482' title='bbox 745 4325 1081 4394; x_wconf 79' lang='grc' dir='ltr'>ἔπιστάντας,</span> <span class='ocrx_word' id='word_1_483' title='bbox 1127 4324 1179 4380; x_wconf 79' lang='grc' dir='ltr'>ἔν</span> <span class='ocrx_word' id='word_1_484' title='bbox 1210 4327 1279 4397; x_wconf 78' lang='grc' dir='ltr'>τῇ</span> <span class='ocrx_word' id='word_1_485' title='bbox 1315 4324 1453 4377; x_wconf 85' lang='grc' dir='ltr'>Σιὼν</span> <span class='ocrx_word' id='word_1_486' title='bbox 1506 4319 1592 4376; x_wconf 70' lang='grc' dir='ltr'>ἐπὶ</span> <span class='ocrx_word' id='word_1_487' title='bbox 1643 4321 1882 4393; x_wconf 84' lang='grc' dir='ltr'>σκίμπο-</span> 
     </span>
    </p>
   </div>
   <div class='ocr_carea' id='block_1_64' title="bbox 239 4411 1883 4489">
    <p class='ocr_par' dir='ltr' id='par_1_64' title="bbox 239 4411 1883 4489">
     <span class='ocr_line' id='line_1_64' title="bbox 239 4411 1883 4489; baseline -0.009 -11"><span class='ocrx_word' id='word_1_488' title='bbox 239 4419 336 4482; x_wconf 85' lang='grc' dir='ltr'>δος</span> <span class='ocrx_word' id='word_1_489' title='bbox 397 4417 724 4474; x_wconf 83' lang='grc' dir='ltr'>ἀνεκλίνετο.</span> <span class='ocrx_word' id='word_1_490' title='bbox 781 4416 881 4470; x_wconf 82' lang='grc' dir='ltr'>Καὶ</span> <span class='ocrx_word' id='word_1_491' title='bbox 940 4419 1118 4489; x_wconf 75' lang='grc' dir='ltr'>παρῆν</span> <span class='ocrx_word' id='word_1_492' title='bbox 1181 4414 1274 4485; x_wconf 76' lang='grc' dir='ltr'>μὲν</span> <span class='ocrx_word' id='word_1_493' title='bbox 1325 4413 1578 4481; x_wconf 81' lang='grc' dir='ltr'>Ἰωάννης</span> <span class='ocrx_word' id='word_1_494' title='bbox 1612 4411 1639 4464; x_wconf 86' lang='grc' dir='ltr'><strong>ὁ</strong></span> <span class='ocrx_word' id='word_1_495' title='bbox 1683 4411 1883 4479; x_wconf 79' lang='grc' dir='ltr'>ταύτην</span> 
     </span>
    </p>
   </div>
   <div class='ocr_carea' id='block_1_65' title="bbox 240 4497 1880 4582">
    <p class='ocr_par' dir='ltr' id='par_1_65' title="bbox 240 4497 1880 4582">
     <span class='ocr_line' id='line_1_65' title="bbox 240 4497 1880 4582; baseline -0.009 -14"><span class='ocrx_word' id='word_1_496' title='bbox 240 4509 701 4582; x_wconf 74' lang='grc' dir='ltr'>εἷ’σοικισάμενος,</span> <span class='ocrx_word' id='word_1_497' title='bbox 745 4506 835 4561; x_wconf 76' lang='grc' dir='ltr'>καὶ</span> <span class='ocrx_word' id='word_1_498' title='bbox 883 4504 1010 4560; x_wconf 79' lang='grc' dir='ltr'>ὅσον</span> <span class='ocrx_word' id='word_1_499' title='bbox 1058 4502 1111 4558; x_wconf 80' lang='grc' dir='ltr'>ἒν</span> <span class='ocrx_word' id='word_1_500' title='bbox 1161 4500 1565 4576; x_wconf 72' lang='grc' dir='ltr'>Ἰεροσολύμοις</span> <span class='ocrx_word' id='word_1_501' title='bbox 1609 4497 1880 4579; x_wconf 70' lang='grc' dir='ltr'>διαφανὲς,</span> 
     </span>
    </p>
   </div>
   <div class='ocr_carea' id='block_1_66' title="bbox 238 4589 1881 4676">
    <p class='ocr_par' dir='ltr' id='par_1_66' title="bbox 238 4589 1881 4676">
     <span class='ocr_line' id='line_1_66' title="bbox 238 4589 1881 4676; baseline -0.009 -19"><span class='ocrx_word' id='word_1_502' title='bbox 238 4601 299 4657; x_wconf 71' lang='grc' dir='ltr'>αῖ</span> <span class='ocrx_word' id='word_1_503' title='bbox 333 4623 395 4657; x_wconf 89' lang='grc' dir='ltr'>τε</span> <span class='ocrx_word' id='word_1_504' title='bbox 424 4600 581 4676; x_wconf 73' lang='grc' dir='ltr'>φίλαι</span> <span class='ocrx_word' id='word_1_505' title='bbox 611 4599 701 4654; x_wconf 82' lang='grc' dir='ltr'>καὶ</span> <span class='ocrx_word' id='word_1_506' title='bbox 733 4599 874 4673; x_wconf 79' lang='grc' dir='ltr'>γένει</span> <span class='ocrx_word' id='word_1_507' title='bbox 921 4597 1317 4671; x_wconf 73' lang='grc' dir='ltr'>προσήκουσαι.</span> <span class='ocrx_word' id='word_1_508' title='bbox 1366 4591 1469 4647; x_wconf 86' lang='grc' dir='ltr'>Καὶ</span> <span class='ocrx_word' id='word_1_509' title='bbox 1518 4595 1597 4662; x_wconf 82' lang='grc' dir='ltr'>τῷ</span> <span class='ocrx_word' id='word_1_510' title='bbox 1633 4589 1881 4664; x_wconf 70' lang='grc' dir='ltr'>παρθένῳ</span> 
     </span>
    </p>
   </div>
   <div class='ocr_carea' id='block_1_67' title="bbox 2514 2642 3145 2707">
    <p class='ocr_par' dir='ltr' id='par_1_67' title="bbox 2514 2642 3145 2707">
     <span class='ocr_line' id='line_1_67' title="bbox 2514 2642 3145 2707; baseline 0.014 -9"><span class='ocrx_word' id='word_1_511' title='bbox 2514 2643 2551 2698; x_wconf 86' lang='grc' dir='ltr'><strong>Ι</strong></span> <span class='ocrx_word' id='word_1_512' title='bbox 2567 2642 2683 2700; x_wconf 74' lang='lat'>68</span> <span class='ocrx_word' id='word_1_513' title='bbox 2717 2645 2948 2705; x_wconf 90' lang='lat' dir='ltr'><strong>CAPUT</strong></span> <span class='ocrx_word' id='word_1_514' title='bbox 2987 2651 3145 2707; x_wconf 82' lang='lat' dir='ltr'>XXI.</span> 
     </span>
    </p>
   </div>
   <div class='ocr_carea' id='block_1_68' title="bbox 2004 2729 3656 2810">
    <p class='ocr_par' dir='ltr' id='par_1_68' title="bbox 2004 2729 3656 2810">
     <span class='ocr_line' id='line_1_68' title="bbox 2004 2729 3656 2810; baseline 0.013 -25"><span class='ocrx_word' id='word_1_515' title='bbox 2004 2729 2066 2786; x_wconf 92' lang='lat' dir='ltr'>Ut</span> <span class='ocrx_word' id='word_1_516' title='bbox 2096 2731 2212 2801; x_wconf 79' lang='lat' dir='ltr'>ipsa</span> <span class='ocrx_word' id='word_1_517' title='bbox 2244 2731 2337 2810; x_wconf 67' lang='lat' dir='ltr'>Dei</span> <span class='ocrx_word' id='word_1_518' title='bbox 2369 2730 2623 2810; x_wconf 62' lang='lat' dir='ltr'>Genetrix</span> <span class='ocrx_word' id='word_1_519' title='bbox 2653 2744 2871 2791; x_wconf 70' lang='lat' dir='ltr'>natura:</span> <span class='ocrx_word' id='word_1_520' title='bbox 2902 2739 3015 2809; x_wconf 82' lang='lat' dir='ltr'>lege</span> <span class='ocrx_word' id='word_1_521' title='bbox 3048 2749 3284 2810; x_wconf 86' lang='lat' dir='ltr'>mortua,</span> <span class='ocrx_word' id='word_1_522' title='bbox 3317 2744 3388 2800; x_wconf 85' lang='lat' dir='ltr'>ad</span> <span class='ocrx_word' id='word_1_523' title='bbox 3415 2748 3656 2807; x_wconf 74' lang='lat' dir='ltr'>caelestia</span> 
     </span>
    </p>
   </div>
   <div class='ocr_carea' id='block_1_69' title="bbox 2247 2803 3402 2884">
    <p class='ocr_par' dir='ltr' id='par_1_69' title="bbox 2247 2803 3402 2884">
     <span class='ocr_line' id='line_1_69' title="bbox 2247 2803 3402 2884; baseline 0.014 -27"><span class='ocrx_word' id='word_1_524' title='bbox 2247 2803 2603 2861; x_wconf 81' lang='lat' dir='ltr'>tabernacula</span> <span class='ocrx_word' id='word_1_525' title='bbox 2622 2803 3079 2884; x_wconf 46' lang='lat' dir='ltr'>corporaliter-git</span> <span class='ocrx_word' id='word_1_526' title='bbox 3101 2803 3402 2874; x_wconf 81' lang='lat' dir='ltr'>translata.</span> 
     </span>
    </p>
   </div>
   <div class='ocr_carea' id='block_1_70' title="bbox 2067 2985 3654 3075">
    <p class='ocr_par' dir='ltr' id='par_1_70' title="bbox 2067 2985 3654 3075">
     <span class='ocr_line' id='line_1_70' title="bbox 2067 2985 3654 3075; baseline 0.014 -37"><span class='ocrx_word' id='word_1_527' title='bbox 2067 2985 2146 3039; x_wconf 89' lang='lat' dir='ltr'>Eo</span> <span class='ocrx_word' id='word_1_528' title='bbox 2176 2987 2456 3058; x_wconf 89' lang='lat' dir='ltr'>tempore,</span> <span class='ocrx_word' id='word_1_529' title='bbox 2509 3004 2642 3044; x_wconf 91' lang='lat' dir='ltr'>cum</span> <span class='ocrx_word' id='word_1_530' title='bbox 2689 2990 2964 3049; x_wconf 89' lang='lat' dir='ltr'>Claudius</span> <span class='ocrx_word' id='word_1_531' title='bbox 3015 2995 3288 3066; x_wconf 89' lang='lat' dir='ltr'>quintum</span> <span class='ocrx_word' id='word_1_532' title='bbox 3341 3000 3654 3075; x_wconf 87' lang='lat' dir='ltr'>imperaret</span> 
     </span>
    </p>
   </div>
   <div class='ocr_carea' id='block_1_71' title="bbox 1992 3076 3650 3152">
    <p class='ocr_par' dir='ltr' id='par_1_71' title="bbox 1992 3076 3650 3152">
     <span class='ocr_line' id='line_1_71' title="bbox 1992 3076 3650 3152; baseline 0.016 -25"><span class='ocrx_word' id='word_1_533' title='bbox 1992 3090 2238 3141; x_wconf 88' lang='lat' dir='ltr'>annum,</span> <span class='ocrx_word' id='word_1_534' title='bbox 2270 3079 2327 3130; x_wconf 91' lang='lat' dir='ltr'>et</span> <span class='ocrx_word' id='word_1_535' title='bbox 2356 3076 2794 3135; x_wconf 88' lang='lat' dir='ltr'>immaculatam</span> <span class='ocrx_word' id='word_1_536' title='bbox 2824 3083 2917 3137; x_wconf 91' lang='lat' dir='ltr'>Dei</span> <span class='ocrx_word' id='word_1_537' title='bbox 2936 3083 3108 3140; x_wconf 89' lang='lat' dir='ltr'>Verbi</span> <span class='ocrx_word' id='word_1_538' title='bbox 3132 3085 3377 3146; x_wconf 86' lang='lat' dir='ltr'>Matrem</span> <span class='ocrx_word' id='word_1_539' title='bbox 3403 3100 3650 3152; x_wconf 89' lang='lat' dir='ltr'>mortem</span> 
     </span>
    </p>
   </div>
   <div class='ocr_carea' id='block_1_72' title="bbox 1989 3163 3655 3258">
    <p class='ocr_par' dir='ltr' id='par_1_72' title="bbox 1989 3163 3655 3258">
     <span class='ocr_line' id='line_1_72' title="bbox 1989 3163 3655 3258; baseline 0.014 -39"><span class='ocrx_word' id='word_1_540' title='bbox 1989 3163 2148 3219; x_wconf 91' lang='lat' dir='ltr'>obire</span> <span class='ocrx_word' id='word_1_541' title='bbox 2229 3173 2513 3236; x_wconf 83' lang='lat' dir='ltr'>oporteret</span> <span class='ocrx_word' id='word_1_542' title='bbox 2587 3170 3084 3243; x_wconf 87' lang='lat' dir='ltr'>(quandoquidem</span> <span class='ocrx_word' id='word_1_543' title='bbox 3155 3186 3209 3232; x_wconf 82' lang='lat' dir='ltr'>et</span> <span class='ocrx_word' id='word_1_544' title='bbox 3276 3184 3456 3241; x_wconf 76' lang='lat' dir='ltr'>Filius</span> <span class='ocrx_word' id='word_1_545' title='bbox 3516 3188 3655 3258; x_wconf 88' lang='lat' dir='ltr'>ejus,</span> 
     </span>
    </p>
   </div>
   <div class='ocr_carea' id='block_1_73' title="bbox 1992 3255 3652 3349">
    <p class='ocr_par' dir='ltr' id='par_1_73' title="bbox 1992 3255 3652 3349">
     <span class='ocr_line' id='line_1_73' title="bbox 1992 3255 3652 3349; baseline 0.017 -43"><span class='ocrx_word' id='word_1_546' title='bbox 1992 3266 2195 3309; x_wconf 81' lang='lat' dir='ltr'>verum</span> <span class='ocrx_word' id='word_1_547' title='bbox 2227 3271 2288 3311; x_wconf 88' lang='lat' dir='ltr'>se</span> <span class='ocrx_word' id='word_1_548' title='bbox 2320 3255 2616 3313; x_wconf 89' lang='lat' dir='ltr'>hominem</span> <span class='ocrx_word' id='word_1_549' title='bbox 2657 3275 2785 3316; x_wconf 82' lang='lat' dir='ltr'>esse</span> <span class='ocrx_word' id='word_1_550' title='bbox 2836 3265 3096 3334; x_wconf 88' lang='lat' dir='ltr'>probavit</span> <span class='ocrx_word' id='word_1_551' title='bbox 3143 3276 3198 3327; x_wconf 92' lang='lat' dir='ltr'>et</span> <span class='ocrx_word' id='word_1_552' title='bbox 3249 3255 3652 3349; x_wconf 79' lang='lat' dir='ltr'>confirmavit),</span> 
     </span>
    </p>
   </div>
   <div class='ocr_carea' id='block_1_74' title="bbox 2001 3343 3650 3424">
    <p class='ocr_par' dir='ltr' id='par_1_74' title="bbox 2001 3343 3650 3424">
     <span class='ocr_line' id='line_1_74' title="bbox 2001 3343 3650 3424; baseline 0.016 -28"><span class='ocrx_word' id='word_1_553' title='bbox 2001 3343 2069 3397; x_wconf 88' lang='lat' dir='ltr'>ad</span> <span class='ocrx_word' id='word_1_554' title='bbox 2103 3345 2471 3416; x_wconf 88' lang='lat' dir='ltr'>grandiorem</span> <span class='ocrx_word' id='word_1_555' title='bbox 2506 3351 2702 3403; x_wconf 87' lang='lat' dir='ltr'>autem</span> <span class='ocrx_word' id='word_1_556' title='bbox 2761 3351 2993 3408; x_wconf 67' lang='lat' dir='ltr'>exoletas</span> <span class='ocrx_word' id='word_1_557' title='bbox 3049 3363 3370 3419; x_wconf 88' lang='lat' dir='ltr'>senectutis</span> <span class='ocrx_word' id='word_1_558' title='bbox 3428 3343 3650 3424; x_wconf 67' lang='lat' dir='ltr'>aetatem</span> 
     </span>
    </p>
   </div>
   <div class='ocr_carea' id='block_1_75' title="bbox 2003 3438 3652 3526">
    <p class='ocr_par' dir='ltr' id='par_1_75' title="bbox 2003 3438 3652 3526">
     <span class='ocr_line' id='line_1_75' title="bbox 2003 3438 3652 3526; baseline 0.016 -40"><span class='ocrx_word' id='word_1_559' title='bbox 2003 3447 2116 3487; x_wconf 90' lang='lat' dir='ltr'>non</span> <span class='ocrx_word' id='word_1_560' title='bbox 2174 3440 2513 3504; x_wconf 78' lang='lat' dir='ltr'>pervenerat</span> <span class='ocrx_word' id='word_1_561' title='bbox 2565 3451 2579 3490; x_wconf 87' lang='lat'><strong><em>:</em></strong></span> <span class='ocrx_word' id='word_1_562' title='bbox 2631 3438 3213 3513; x_wconf 84' lang='lat' dir='ltr'>undesexagesimum</span> <span class='ocrx_word' id='word_1_563' title='bbox 3263 3453 3413 3507; x_wconf 89' lang='lat' dir='ltr'>enim</span> <span class='ocrx_word' id='word_1_564' title='bbox 3473 3471 3652 3526; x_wconf 87' lang='lat' dir='ltr'>agens</span> 
     </span>
    </p>
   </div>
   <div class='ocr_carea' id='block_1_76' title="bbox 1997 3525 3653 3616">
    <p class='ocr_par' dir='ltr' id='par_1_76' title="bbox 1997 3525 3653 3616">
     <span class='ocr_line' id='line_1_76' title="bbox 1997 3525 3653 3616; baseline 0.015 -40"><span class='ocrx_word' id='word_1_565' title='bbox 1997 3538 2242 3592; x_wconf 86' lang='lat' dir='ltr'>annum,</span> <span class='ocrx_word' id='word_1_566' title='bbox 2277 3525 2548 3580; x_wconf 90' lang='lat' dir='ltr'>nuntium</span> <span class='ocrx_word' id='word_1_567' title='bbox 2583 3543 2615 3582; x_wconf 90' lang='lat' dir='ltr'>a</span> <span class='ocrx_word' id='word_1_568' title='bbox 2646 3527 2810 3596; x_wconf 87' lang='lat' dir='ltr'>Filio,</span> <span class='ocrx_word' id='word_1_569' title='bbox 2845 3547 2946 3602; x_wconf 90' lang='lat' dir='ltr'>per</span> <span class='ocrx_word' id='word_1_570' title='bbox 2977 3536 3271 3610; x_wconf 81' lang='lat' dir='ltr'>angelum,</span> <span class='ocrx_word' id='word_1_571' title='bbox 3321 3542 3389 3596; x_wconf 91' lang='lat' dir='ltr'>de</span> <span class='ocrx_word' id='word_1_572' title='bbox 3439 3525 3653 3616; x_wconf 82' lang='lat' dir='ltr'>migra-</span> 
     </span>
    </p>
   </div>
   <div class='ocr_carea' id='block_1_77' title="bbox 1999 3611 3650 3706">
    <p class='ocr_par' dir='ltr' id='par_1_77' title="bbox 1999 3611 3650 3706">
     <span class='ocr_line' id='line_1_77' title="bbox 1999 3611 3650 3706; baseline 0.016 -40"><span class='ocrx_word' id='word_1_573' title='bbox 1999 3611 2154 3668; x_wconf 88' lang='lat' dir='ltr'>tione</span> <span class='ocrx_word' id='word_1_574' title='bbox 2177 3619 2233 3668; x_wconf 88' lang='lat' dir='ltr'>et</span> <span class='ocrx_word' id='word_1_575' title='bbox 2255 3615 2502 3670; x_wconf 87' lang='lat' dir='ltr'>adventu</span> <span class='ocrx_word' id='word_1_576' title='bbox 2529 3619 2596 3671; x_wconf 89' lang='lat' dir='ltr'>ad</span> <span class='ocrx_word' id='word_1_577' title='bbox 2624 3633 2685 3673; x_wconf 90' lang='lat' dir='ltr'>se</span> <span class='ocrx_word' id='word_1_578' title='bbox 2725 3621 2870 3690; x_wconf 89' lang='lat' dir='ltr'>ejus,</span> <span class='ocrx_word' id='word_1_579' title='bbox 2917 3623 2995 3678; x_wconf 86' lang='lat' dir='ltr'>ita</span> <span class='ocrx_word' id='word_1_580' title='bbox 3035 3631 3098 3680; x_wconf 91' lang='lat' dir='ltr'>ut</span> <span class='ocrx_word' id='word_1_581' title='bbox 3137 3632 3308 3686; x_wconf 88' lang='lat' dir='ltr'>antea</span> <span class='ocrx_word' id='word_1_582' title='bbox 3337 3647 3469 3688; x_wconf 91' lang='lat' dir='ltr'>cum</span> <span class='ocrx_word' id='word_1_583' title='bbox 3523 3611 3650 3706; x_wconf 74' lang='lat' dir='ltr'>ipse</span> 
     </span>
    </p>
   </div>
   <div class='ocr_carea' id='block_1_78' title="bbox 1998 3702 3651 3791">
    <p class='ocr_par' dir='ltr' id='par_1_78' title="bbox 1998 3702 3651 3791">
     <span class='ocr_line' id='line_1_78' title="bbox 1998 3702 3651 3791; baseline 0.015 -35"><span class='ocrx_word' id='word_1_584' title='bbox 1998 3702 2068 3756; x_wconf 90' lang='lat' dir='ltr'>ad</span> <span class='ocrx_word' id='word_1_585' title='bbox 2101 3717 2224 3757; x_wconf 86' lang='lat' dir='ltr'>eam</span> <span class='ocrx_word' id='word_1_586' title='bbox 2256 3708 2529 3758; x_wconf 86' lang='lat' dir='ltr'>venturus</span> <span class='ocrx_word' id='word_1_587' title='bbox 2562 3706 2766 3775; x_wconf 83' lang='lat' dir='ltr'>fuerat,</span> <span class='ocrx_word' id='word_1_588' title='bbox 2797 3711 3024 3782; x_wconf 86' lang='lat' dir='ltr'>accipit.</span> <span class='ocrx_word' id='word_1_589' title='bbox 3071 3717 3268 3788; x_wconf 89' lang='lat' dir='ltr'>Itaque</span> <span class='ocrx_word' id='word_1_590' title='bbox 3308 3702 3651 3791; x_wconf 80' lang='lat' dir='ltr'>migratione</span> 
     </span>
    </p>
   </div>
   <div class='ocr_carea' id='block_1_79' title="bbox 1995 3791 3651 3882">
    <p class='ocr_par' dir='ltr' id='par_1_79' title="bbox 1995 3791 3651 3882">
     <span class='ocr_line' id='line_1_79' title="bbox 1995 3791 3651 3882; baseline 0.014 -36"><span class='ocrx_word' id='word_1_591' title='bbox 1995 3807 2104 3846; x_wconf 89' lang='lat' dir='ltr'>sua</span> <span class='ocrx_word' id='word_1_592' title='bbox 2135 3792 2205 3846; x_wconf 92' lang='lat' dir='ltr'>ad</span> <span class='ocrx_word' id='word_1_593' title='bbox 2241 3791 2391 3848; x_wconf 88' lang='lat' dir='ltr'>hunc</span> <span class='ocrx_word' id='word_1_594' title='bbox 2425 3795 2663 3850; x_wconf 91' lang='lat' dir='ltr'>modum</span> <span class='ocrx_word' id='word_1_595' title='bbox 2698 3799 2928 3865; x_wconf 86' lang='lat' dir='ltr'>cognita</span> <span class='ocrx_word' id='word_1_596' title='bbox 2960 3803 3058 3870; x_wconf 86' lang='lat'>(2),</span> <span class='ocrx_word' id='word_1_597' title='bbox 3084 3803 3374 3866; x_wconf 86' lang='lat' dir='ltr'>immensa</span> <span class='ocrx_word' id='word_1_598' title='bbox 3396 3813 3651 3882; x_wconf 91' lang='lat' dir='ltr'>repletur</span> 
     </span>
    </p>
   </div>
   <div class='ocr_carea' id='block_1_80' title="bbox 1993 3879 3647 3964">
    <p class='ocr_par' dir='ltr' id='par_1_80' title="bbox 1993 3879 3647 3964">
     <span class='ocr_line' id='line_1_80' title="bbox 1993 3879 3647 3964; baseline 0.015 -29"><span class='ocrx_word' id='word_1_599' title='bbox 1993 3879 2189 3935; x_wconf 77' lang='lat' dir='ltr'>laetitia</span> <span class='ocrx_word' id='word_1_600' title='bbox 2217 3881 2379 3951; x_wconf 90' lang='lat' dir='ltr'>(quid</span> <span class='ocrx_word' id='word_1_601' title='bbox 2416 3883 2566 3938; x_wconf 91' lang='lat' dir='ltr'>enim</span> <span class='ocrx_word' id='word_1_602' title='bbox 2600 3885 2832 3943; x_wconf 89' lang='lat' dir='ltr'>dulcius</span> <span class='ocrx_word' id='word_1_603' title='bbox 2863 3889 2934 3956; x_wconf 93' lang='lat' dir='ltr'>ei,</span> <span class='ocrx_word' id='word_1_604' title='bbox 2982 3908 3160 3964; x_wconf 90' lang='lat' dir='ltr'>quam</span> <span class='ocrx_word' id='word_1_605' title='bbox 3213 3902 3278 3952; x_wconf 91' lang='lat' dir='ltr'>ut</span> <span class='ocrx_word' id='word_1_606' title='bbox 3324 3879 3477 3955; x_wconf 72' lang='lat' dir='ltr'>cum</span> <span class='ocrx_word' id='word_1_607' title='bbox 3506 3900 3647 3959; x_wconf 87' lang='lat' dir='ltr'>Filio</span> 
     </span>
    </p>
   </div>
   <div class='ocr_carea' id='block_1_81' title="bbox 1995 3973 3650 4050">
    <p class='ocr_par' dir='ltr' id='par_1_81' title="bbox 1995 3973 3650 4050">
     <span class='ocr_line' id='line_1_81' title="bbox 1995 3973 3650 4050; baseline 0.014 -26"><span class='ocrx_word' id='word_1_608' title='bbox 1995 3973 2052 4024; x_wconf 92' lang='lat' dir='ltr'>et</span> <span class='ocrx_word' id='word_1_609' title='bbox 2077 3984 2208 4040; x_wconf 85' lang='lat' dir='ltr'>rege</span> <span class='ocrx_word' id='word_1_610' title='bbox 2230 3986 2335 4024; x_wconf 92' lang='lat' dir='ltr'>suo</span> <span class='ocrx_word' id='word_1_611' title='bbox 2358 3975 2529 4038; x_wconf 89' lang='lat' dir='ltr'>esset,</span> <span class='ocrx_word' id='word_1_612' title='bbox 2552 3974 2912 4047; x_wconf 86' lang='lat' dir='ltr'>contingeret</span> <span class='ocrx_word' id='word_1_613' title='bbox 2935 3978 2982 4050; x_wconf 87' lang='lat'>?)</span> <span class='ocrx_word' id='word_1_614' title='bbox 3010 3996 3023 4048; x_wconf 91' lang='lat'><strong>;</strong></span> <span class='ocrx_word' id='word_1_615' title='bbox 3058 3981 3252 4039; x_wconf 90' lang='lat' dir='ltr'>lumen</span> <span class='ocrx_word' id='word_1_616' title='bbox 3288 3988 3358 4042; x_wconf 88' lang='lat' dir='ltr'>ad</span> <span class='ocrx_word' id='word_1_617' title='bbox 3395 4004 3523 4045; x_wconf 87' lang='lat' dir='ltr'>eam</span> <span class='ocrx_word' id='word_1_618' title='bbox 3557 3990 3650 4047; x_wconf 90' lang='lat' dir='ltr'>in-</span> 
     </span>
    </p>
   </div>
   <div class='ocr_carea' id='block_1_82' title="bbox 1994 4057 3648 4150">
    <p class='ocr_par' dir='ltr' id='par_1_82' title="bbox 1994 4057 3648 4150">
     <span class='ocr_line' id='line_1_82' title="bbox 1994 4057 3648 4150; baseline 0.016 -39"><span class='ocrx_word' id='word_1_619' title='bbox 1994 4057 2195 4127; x_wconf 80' lang='lat' dir='ltr'>fertur,</span> <span class='ocrx_word' id='word_1_620' title='bbox 2232 4058 2441 4113; x_wconf 90' lang='lat' dir='ltr'>domus</span> <span class='ocrx_word' id='word_1_621' title='bbox 2473 4065 2770 4133; x_wconf 84' lang='lat' dir='ltr'>purgatur,</span> <span class='ocrx_word' id='word_1_622' title='bbox 2814 4081 3020 4136; x_wconf 91' lang='lat' dir='ltr'>genere</span> <span class='ocrx_word' id='word_1_623' title='bbox 3075 4073 3409 4146; x_wconf 82' lang='lat' dir='ltr'>prOpinqui,</span> <span class='ocrx_word' id='word_1_624' title='bbox 3444 4081 3510 4132; x_wconf 91' lang='lat' dir='ltr'>ut</span> <span class='ocrx_word' id='word_1_625' title='bbox 3543 4096 3648 4150; x_wconf 88' lang='lat' dir='ltr'>par</span> 
     </span>
    </p>
   </div>
   <div class='ocr_carea' id='block_1_83' title="bbox 1992 4151 3648 4234">
    <p class='ocr_par' dir='ltr' id='par_1_83' title="bbox 1992 4151 3648 4234">
     <span class='ocr_line' id='line_1_83' title="bbox 1992 4151 3648 4234; baseline 0.014 -31"><span class='ocrx_word' id='word_1_626' title='bbox 1992 4151 2133 4212; x_wconf 80' lang='lat' dir='ltr'>erat,</span> <span class='ocrx_word' id='word_1_627' title='bbox 2169 4153 2567 4218; x_wconf 85' lang='lat' dir='ltr'>accersuntur,</span> <span class='ocrx_word' id='word_1_628' title='bbox 2602 4151 2823 4225; x_wconf 88' lang='lat' dir='ltr'>riteque</span> <span class='ocrx_word' id='word_1_629' title='bbox 2855 4162 2910 4211; x_wconf 90' lang='lat' dir='ltr'>et</span> <span class='ocrx_word' id='word_1_630' title='bbox 2939 4158 3142 4216; x_wconf 89' lang='lat' dir='ltr'>ordine</span> <span class='ocrx_word' id='word_1_631' title='bbox 3190 4179 3313 4234; x_wconf 78' lang='lat' dir='ltr'>quas</span> <span class='ocrx_word' id='word_1_632' title='bbox 3365 4167 3435 4222; x_wconf 88' lang='lat' dir='ltr'>ad</span> <span class='ocrx_word' id='word_1_633' title='bbox 3482 4171 3648 4226; x_wconf 87' lang='lat' dir='ltr'>tran-</span> 
     </span>
    </p>
   </div>
   <div class='ocr_carea' id='block_1_84' title="bbox 1992 4235 3650 4318">
    <p class='ocr_par' dir='ltr' id='par_1_84' title="bbox 1992 4235 3650 4318">
     <span class='ocr_line' id='line_1_84' title="bbox 1992 4235 3650 4318; baseline 0.015 -28"><span class='ocrx_word' id='word_1_634' title='bbox 1992 4235 2260 4291; x_wconf 79' lang='lat' dir='ltr'>sitionem</span> <span class='ocrx_word' id='word_1_635' title='bbox 2319 4252 2446 4292; x_wconf 88' lang='lat' dir='ltr'>eam</span> <span class='ocrx_word' id='word_1_636' title='bbox 2507 4239 2817 4310; x_wconf 88' lang='lat' dir='ltr'>pertinent,</span> <span class='ocrx_word' id='word_1_637' title='bbox 2879 4258 3276 4318; x_wconf 65' lang='lat' dir='ltr'>praeparantur</span> <span class='ocrx_word' id='word_1_638' title='bbox 3321 4271 3332 4308; x_wconf 91' lang='lat'><strong>:</strong></span> <span class='ocrx_word' id='word_1_639' title='bbox 3371 4257 3650 4315; x_wconf 88' lang='lat' dir='ltr'>nuntium</span> 
     </span>
    </p>
   </div>
   <div class='ocr_carea' id='block_1_85' title="bbox 1992 4325 3648 4415">
    <p class='ocr_par' dir='ltr' id='par_1_85' title="bbox 1992 4325 3648 4415">
     <span class='ocr_line' id='line_1_85' title="bbox 1992 4325 3648 4415; baseline 0.013 -34"><span class='ocrx_word' id='word_1_640' title='bbox 1992 4325 2168 4381; x_wconf 88' lang='lat' dir='ltr'>etiam</span> <span class='ocrx_word' id='word_1_641' title='bbox 2203 4325 2323 4394; x_wconf 89' lang='lat' dir='ltr'>illa,</span> <span class='ocrx_word' id='word_1_642' title='bbox 2351 4343 2526 4398; x_wconf 90' lang='lat' dir='ltr'>quem</span> <span class='ocrx_word' id='word_1_643' title='bbox 2561 4336 2872 4402; x_wconf 85' lang='lat' dir='ltr'>acceperat,</span> <span class='ocrx_word' id='word_1_644' title='bbox 2907 4333 2978 4390; x_wconf 89' lang='lat' dir='ltr'>iis</span> <span class='ocrx_word' id='word_1_645' title='bbox 3011 4338 3108 4407; x_wconf 90' lang='lat' dir='ltr'>qui</span> <span class='ocrx_word' id='word_1_646' title='bbox 3141 4339 3292 4408; x_wconf 56' lang='lat' dir='ltr'>Icum</span> <span class='ocrx_word' id='word_1_647' title='bbox 3346 4359 3412 4399; x_wconf 90' lang='lat' dir='ltr'>ea</span> <span class='ocrx_word' id='word_1_648' title='bbox 3461 4352 3648 4415; x_wconf 85' lang='lat' dir='ltr'>erant,</span> 
     </span>
    </p>
   </div>
   <div class='ocr_carea' id='block_1_86' title="bbox 1992 4415 3649 4506">
    <p class='ocr_par' dir='ltr' id='par_1_86' title="bbox 1992 4415 3649 4506">
     <span class='ocr_line' id='line_1_86' title="bbox 1992 4415 3649 4506; baseline 0.013 -36"><span class='ocrx_word' id='word_1_649' title='bbox 1992 4415 2250 4485; x_wconf 85' lang='lat' dir='ltr'>exponit,</span> <span class='ocrx_word' id='word_1_650' title='bbox 2311 4421 2367 4470; x_wconf 90' lang='lat' dir='ltr'>et</span> <span class='ocrx_word' id='word_1_651' title='bbox 2428 4423 2703 4486; x_wconf 63' lang='lat' dir='ltr'>preterea</span> <span class='ocrx_word' id='word_1_652' title='bbox 2778 4424 3027 4480; x_wconf 68' lang='lat' dir='ltr'>victoriis</span> <span class='ocrx_word' id='word_1_653' title='bbox 3101 4429 3304 4485; x_wconf 87' lang='lat' dir='ltr'>mortis</span> <span class='ocrx_word' id='word_1_654' title='bbox 3363 4437 3649 4506; x_wconf 71' lang='lat' dir='ltr'>tropaeum</span> 
     </span>
    </p>
   </div>
   <div class='ocr_carea' id='block_1_87' title="bbox 1993 4503 3651 4582">
    <p class='ocr_par' dir='ltr' id='par_1_87' title="bbox 1993 4503 3651 4582">
     <span class='ocr_line' id='line_1_87' title="bbox 1993 4503 3651 4582; baseline 0.013 -23"><span class='ocrx_word' id='word_1_655' title='bbox 1993 4503 2136 4574; x_wconf 89' lang='lat' dir='ltr'>(erat</span> <span class='ocrx_word' id='word_1_656' title='bbox 2167 4508 2356 4560; x_wconf 90' lang='lat' dir='ltr'>autem</span> <span class='ocrx_word' id='word_1_657' title='bbox 2393 4505 2600 4575; x_wconf 70' lang='lat' dir='ltr'>palmis</span> <span class='ocrx_word' id='word_1_658' title='bbox 2653 4514 2877 4582; x_wconf 86' lang='lat' dir='ltr'>ramus)</span> <span class='ocrx_word' id='word_1_659' title='bbox 2910 4521 3222 4573; x_wconf 87' lang='lat' dir='ltr'>monstrat.</span> <span class='ocrx_word' id='word_1_660' title='bbox 3277 4503 3474 4578; x_wconf 75' lang='lat' dir='ltr'>Etiam</span> <span class='ocrx_word' id='word_1_661' title='bbox 3512 4529 3651 4581; x_wconf 89' lang='lat' dir='ltr'>tem-</span> 
     </span>
    </p>
   </div>
   <div class='ocr_carea' id='block_1_88' title="bbox 1993 4593 3650 4674">
    <p class='ocr_par' dir='ltr' id='par_1_88' title="bbox 1993 4593 3650 4674">
     <span class='ocr_line' id='line_1_88' title="bbox 1993 4593 3650 4674; baseline 0.014 -28"><span class='ocrx_word' id='word_1_662' title='bbox 1993 4609 2106 4665; x_wconf 92' lang='lat' dir='ltr'>pus</span> <span class='ocrx_word' id='word_1_663' title='bbox 2136 4593 2413 4659; x_wconf 88' lang='lat' dir='ltr'>instabat,</span> <span class='ocrx_word' id='word_1_664' title='bbox 2453 4611 2587 4650; x_wconf 91' lang='lat' dir='ltr'>cum</span> <span class='ocrx_word' id='word_1_665' title='bbox 2623 4595 2680 4652; x_wconf 89' lang='lat' dir='ltr'>in</span> <span class='ocrx_word' id='word_1_666' title='bbox 2723 4598 2860 4654; x_wconf 89' lang='lat' dir='ltr'>Sion</span> <span class='ocrx_word' id='word_1_667' title='bbox 2905 4619 3082 4674; x_wconf 91' lang='lat' dir='ltr'>super</span> <span class='ocrx_word' id='word_1_668' title='bbox 3138 4607 3447 4666; x_wconf 89' lang='lat' dir='ltr'>humiliore</span> <span class='ocrx_word' id='word_1_669' title='bbox 3503 4612 3650 4670; x_wconf 90' lang='lat' dir='ltr'>lecto</span> 
     </span>
    </p>
   </div>
   <div class='ocr_carea' id='block_1_89' title="bbox 239 4670 1889 4765">
    <p class='ocr_par' dir='ltr' id='par_1_89' title="bbox 239 4670 1887 4761">
     <span class='ocr_line' id='line_1_89' title="bbox 239 4670 1887 4761; baseline -0.01 -13"><span class='ocrx_word' id='word_1_670' title='bbox 239 4693 340 4748; x_wconf 75' lang='grc' dir='ltr'>σὺν</span> <span class='ocrx_word' id='word_1_671' title='bbox 381 4670 576 4751; x_wconf 79' lang='grc' dir='ltr'>ἄλλοις</span> <span class='ocrx_word' id='word_1_672' title='bbox 627 4691 662 4758; x_wconf 80' lang='grc' dir='ltr'>ἡ</span> <span class='ocrx_word' id='word_1_673' title='bbox 715 4688 981 4761; x_wconf 73' lang='grc' dir='ltr'>Παρθένος</span> <span class='ocrx_word' id='word_1_674' title='bbox 1040 4682 1312 4749; x_wconf 78' lang='grc' dir='ltr'>ἒπὲταττε,</span> <span class='ocrx_word' id='word_1_675' title='bbox 1359 4679 1486 4742; x_wconf 73' lang='grc' dir='ltr'>τοὺς</span> <span class='ocrx_word' id='word_1_676' title='bbox 1538 4677 1636 4734; x_wconf 73' lang='grc' dir='ltr'>δύο</span> <span class='ocrx_word' id='word_1_677' title='bbox 1684 4679 1887 4750; x_wconf 74' lang='grc' dir='ltr'>ταύτης</span> 
     </span>
    </p>
   </div>
   <div class='ocr_carea' id='block_1_90' title="bbox 2002 4670 3650 4765">
    <p class='ocr_par' dir='ltr' id='par_1_90' title="bbox 2002 4682 3650 4765">
     <span class='ocr_line' id='line_1_90' title="bbox 2002 4682 3650 4765; baseline 0.012 -28"><span class='ocrx_word' id='word_1_678' title='bbox 2002 4682 2300 4753; x_wconf 88' lang='lat' dir='ltr'>reponitur</span> <span class='ocrx_word' id='word_1_679' title='bbox 2335 4701 2347 4738; x_wconf 91' lang='lat'><strong>:</strong></span> <span class='ocrx_word' id='word_1_680' title='bbox 2383 4688 2441 4740; x_wconf 91' lang='lat' dir='ltr'>et</span> <span class='ocrx_word' id='word_1_681' title='bbox 2474 4685 2673 4741; x_wconf 87' lang='lat' dir='ltr'>aderat</span> <span class='ocrx_word' id='word_1_682' title='bbox 2701 4686 2982 4761; x_wconf 87' lang='lat' dir='ltr'>Joannes,</span> <span class='ocrx_word' id='word_1_683' title='bbox 3016 4695 3111 4765; x_wconf 90' lang='lat' dir='ltr'>qui</span> <span class='ocrx_word' id='word_1_684' title='bbox 3145 4713 3271 4752; x_wconf 87' lang='lat' dir='ltr'>eam</span> <span class='ocrx_word' id='word_1_685' title='bbox 3321 4699 3478 4754; x_wconf 89' lang='lat' dir='ltr'>domi</span> <span class='ocrx_word' id='word_1_686' title='bbox 3527 4718 3650 4757; x_wconf 66' lang='lat' dir='ltr'>suae</span> 
     </span>
    </p>
   </div>
   <div class='ocr_carea' id='block_1_91' title="bbox 241 4767 1887 4856">
    <p class='ocr_par' dir='ltr' id='par_1_91' title="bbox 241 4767 1887 4856">
     <span class='ocr_line' id='line_1_91' title="bbox 241 4767 1887 4856; baseline -0.009 -20"><span class='ocrx_word' id='word_1_687' title='bbox 241 4786 486 4856; x_wconf 62' lang='grc' dir='ltr'>χιτῶνας</span> <span class='ocrx_word' id='word_1_688' title='bbox 539 4785 657 4840; x_wconf 82' lang='grc' dir='ltr'>ταῖς</span> <span class='ocrx_word' id='word_1_689' title='bbox 711 4774 772 4832; x_wconf 85' lang='grc' dir='ltr'>ἒκ</span> <span class='ocrx_word' id='word_1_690' title='bbox 826 4775 1084 4852; x_wconf 82' lang='grc' dir='ltr'>γειτόνων</span> <span class='ocrx_word' id='word_1_691' title='bbox 1138 4776 1342 4846; x_wconf 80' lang='grc' dir='ltr'>χήραις</span> <span class='ocrx_word' id='word_1_692' title='bbox 1398 4767 1456 4823; x_wconf 68' lang='lat' dir='ltr'>aii</span> <span class='ocrx_word' id='word_1_693' title='bbox 1503 4773 1609 4823; x_wconf 89' lang='grc' dir='ltr'>τῶν</span> <span class='ocrx_word' id='word_1_694' title='bbox 1679 4767 1887 4824; x_wconf 81' lang='grc' dir='ltr'>λοιπῶν</span> 
     </span>
    </p>
   </div>
   <div class='ocr_carea' id='block_1_92' title="bbox 241 4846 1884 4943">
    <p class='ocr_par' dir='ltr' id='par_1_92' title="bbox 241 4846 1884 4943">
     <span class='ocr_line' id='line_1_92' title="bbox 241 4846 1884 4943; baseline -0.007 -18"><span class='ocrx_word' id='word_1_695' title='bbox 241 4846 610 4943; x_wconf 52' lang='grc' dir='ltr'>δῖαφερόντως</span> <span class='ocrx_word' id='word_1_696' title='bbox 667 4866 802 4936; x_wconf 80' lang='grc' dir='ltr'>ἦσαν</span> <span class='ocrx_word' id='word_1_697' title='bbox 862 4863 1032 4937; x_wconf 70' lang='grc' dir='ltr'>ταύτῃ</span> <span class='ocrx_word' id='word_1_698' title='bbox 1091 4861 1499 4934; x_wconf 78' lang='grc' dir='ltr'>προσκείμεναι,</span> <span class='ocrx_word' id='word_1_699' title='bbox 1558 4862 1884 4932; x_wconf 83' lang='grc' dir='ltr'>παρασχεῖν.</span> 
     </span>
    </p>
   </div>
   <div class='ocr_carea' id='block_1_93' title="bbox 242 4929 1886 5033">
    <p class='ocr_par' dir='ltr' id='par_1_93' title="bbox 242 4929 1886 5033">
     <span class='ocr_line' id='line_1_93' title="bbox 242 4929 1886 5033; baseline -0.01 -18"><span class='ocrx_word' id='word_1_700' title='bbox 242 4929 503 5033; x_wconf 58' lang='grc' dir='ltr'>Δακρθων</span> <span class='ocrx_word' id='word_1_701' title='bbox 535 4954 621 5012; x_wconf 81' lang='grc' dir='ltr'>ἒπὶ</span> <span class='ocrx_word' id='word_1_702' title='bbox 654 4955 868 5015; x_wconf 78' lang='grc' dir='ltr'>τούτοις</span> <span class='ocrx_word' id='word_1_703' title='bbox 897 4953 1058 5029; x_wconf 71' lang='grc' dir='ltr'>χύσις</span> <span class='ocrx_word' id='word_1_704' title='bbox 1106 4948 1249 5026; x_wconf 73' lang='grc' dir='ltr'>ἔρῥει</span> <span class='ocrx_word' id='word_1_705' title='bbox 1290 4947 1502 5017; x_wconf 83' lang='grc' dir='ltr'>πολλῆ,</span> <span class='ocrx_word' id='word_1_706' title='bbox 1532 4948 1631 5016; x_wconf 75' lang='grc' dir='ltr'>τὴν</span> <span class='ocrx_word' id='word_1_707' title='bbox 1679 4944 1886 5014; x_wconf 73' lang='grc' dir='ltr'>ἐκείνης</span> 
     </span>
    </p>
   </div>
   <div class='ocr_carea' id='block_1_94' title="bbox 239 5035 1890 5124">
    <p class='ocr_par' dir='ltr' id='par_1_94' title="bbox 239 5035 1890 5124">
     <span class='ocr_line' id='line_1_94' title="bbox 239 5035 1890 5124; baseline -0.009 -19"><span class='ocrx_word' id='word_1_708' title='bbox 239 5047 498 5124; x_wconf 79' lang='grc' dir='ltr'>στέρησιν</span> <span class='ocrx_word' id='word_1_709' title='bbox 547 5047 761 5102; x_wconf 79' lang='grc' dir='ltr'>πάντων</span> <span class='ocrx_word' id='word_1_710' title='bbox 811 5040 1180 5117; x_wconf 70' lang='grc' dir='ltr'>ὀδυρομένων.</span> <span class='ocrx_word' id='word_1_711' title='bbox 1232 5039 1365 5097; x_wconf 79' lang='grc' dir='ltr'>Εἶτα</span> <span class='ocrx_word' id='word_1_712' title='bbox 1412 5037 1618 5092; x_wconf 75' lang='grc' dir='ltr'>κάτεισι</span> <span class='ocrx_word' id='word_1_713' title='bbox 1674 5037 1768 5110; x_wconf 73' lang='grc' dir='ltr'>μὲν</span> <span class='ocrx_word' id='word_1_714' title='bbox 1801 5035 1890 5090; x_wconf 80' lang='grc' dir='ltr'>οὐ·</span> 
     </span>
    </p>
   </div>
   <div class='ocr_carea' id='block_1_95' title="bbox 315 5237 1890 5321">
    <p class='ocr_par' dir='ltr' id='par_1_95' title="bbox 315 5237 1890 5321">
     <span class='ocr_line' id='line_1_95' title="bbox 315 5237 1890 5321; baseline -0.008 -18"><span class='ocrx_word' id='word_1_715' title='bbox 315 5247 395 5321; x_wconf 83' lang='grc'>(1)</span> <span class='ocrx_word' id='word_1_716' title='bbox 429 5246 535 5311; x_wconf 87' lang='lat' dir='ltr'>Qui</span> <span class='ocrx_word' id='word_1_717' title='bbox 566 5243 932 5301; x_wconf 77' lang='lat' dir='ltr'>hierarchiam</span> <span class='ocrx_word' id='word_1_718' title='bbox 963 5240 1243 5321; x_wconf 83' lang='lat' dir='ltr'>nominat,</span> <span class='ocrx_word' id='word_1_719' title='bbox 1266 5255 1392 5321; x_wconf 39' lang='lat' dir='ltr'>‘uno</span> <span class='ocrx_word' id='word_1_720' title='bbox 1422 5237 1595 5321; x_wconf 73' lang='lat' dir='ltr'>verbo</span> <span class='ocrx_word' id='word_1_721' title='bbox 1626 5253 1890 5321; x_wconf 70' lang='lat' dir='ltr'>summa-</span> 
     </span>
    </p>
   </div>
   <div class='ocr_carea' id='block_1_96' title="bbox 238 5310 1893 5382">
    <p class='ocr_par' dir='ltr' id='par_1_96' title="bbox 238 5310 1893 5382">
     <span class='ocr_line' id='line_1_96' title="bbox 238 5310 1893 5382; baseline -0.01 -4"><span class='ocrx_word' id='word_1_722' title='bbox 238 5310 351 5379; x_wconf 74' lang='lat' dir='ltr'>tim</span> <span class='ocrx_word' id='word_1_723' title='bbox 377 5310 573 5376; x_wconf 81' lang='lat' dir='ltr'>rerum</span> <span class='ocrx_word' id='word_1_724' title='bbox 605 5332 897 5373; x_wconf 84' lang='lat' dir='ltr'>sacrarum</span> <span class='ocrx_word' id='word_1_725' title='bbox 936 5313 1198 5370; x_wconf 91' lang='lat' dir='ltr'>omnium</span> <span class='ocrx_word' id='word_1_726' title='bbox 1248 5310 1685 5382; x_wconf 84' lang='lat' dir='ltr'>dispositionem</span> <span class='ocrx_word' id='word_1_727' title='bbox 1737 5310 1893 5364; x_wconf 89' lang='lat' dir='ltr'>ordi-</span> 
     </span>
    </p>
   </div>
   <div class='ocr_carea' id='block_1_97' title="bbox 241 5382 1895 5464">
    <p class='ocr_par' dir='ltr' id='par_1_97' title="bbox 241 5382 1895 5464">
     <span class='ocr_line' id='line_1_97' title="bbox 241 5382 1895 5464; baseline -0.01 -13"><span class='ocrx_word' id='word_1_728' title='bbox 241 5389 915 5464; x_wconf 18' lang='lat' dir='ltr'>natamiabsolutamque</span> <span class='ocrx_word' id='word_1_729' title='bbox 945 5386 1104 5464; x_wconf 76' lang='lat' dir='ltr'>dicit.</span> <span class='ocrx_word' id='word_1_730' title='bbox 1137 5385 1208 5464; x_wconf 90' lang='lat' dir='ltr'>_Et</span> <span class='ocrx_word' id='word_1_731' title='bbox 1251 5384 1354 5455; x_wconf 89' lang='lat' dir='ltr'>qui</span> <span class='ocrx_word' id='word_1_732' title='bbox 1401 5382 1751 5464; x_wconf 68' lang='lat' dir='ltr'>hierarcham</span> <span class='ocrx_word' id='word_1_733' title='bbox 1797 5397 1895 5436; x_wconf 91' lang='lat' dir='ltr'>vo-</span> 
     </span>
    </p>
   </div>
   <div class='ocr_carea' id='block_1_98' title="bbox 241 5455 1892 5527">
    <p class='ocr_par' dir='ltr' id='par_1_98' title="bbox 241 5455 1892 5527">
     <span class='ocr_line' id='line_1_98' title="bbox 241 5455 1892 5527; baseline -0.009 -6"><span class='ocrx_word' id='word_1_734' title='bbox 241 5473 356 5527; x_wconf 83' lang='lat' dir='ltr'>cat,</span> <span class='ocrx_word' id='word_1_735' title='bbox 407 5462 661 5518; x_wconf 88' lang='lat' dir='ltr'>Numine</span> <span class='ocrx_word' id='word_1_736' title='bbox 699 5455 986 5527; x_wconf 77' lang='lat' dir='ltr'>afﬂatum,</span> <span class='ocrx_word' id='word_1_737' title='bbox 1037 5455 1419 5527; x_wconf 87' lang='lat' dir='ltr'>divinumque</span> <span class='ocrx_word' id='word_1_738' title='bbox 1462 5455 1674 5520; x_wconf 89' lang='lat' dir='ltr'>virum,</span> <span class='ocrx_word' id='word_1_739' title='bbox 1716 5469 1892 5508; x_wconf 65' lang='lat' dir='ltr'>sacrae</span> 
     </span>
    </p>
   </div>
   <div class='ocr_carea' id='block_1_99' title="bbox 237 5507 1894 5659">
    <p class='ocr_par' dir='ltr' id='par_1_99' title="bbox 237 5507 1894 5659">
     <span class='ocr_line' id='line_1_99' title="bbox 237 5507 1891 5609; baseline -0.011 -13"><span class='ocrx_word' id='word_1_740' title='bbox 237 5507 390 5607; x_wconf 48' lang='lat' dir='ltr'>5313’s</span> <span class='ocrx_word' id='word_1_741' title='bbox 401 5507 897 5603; x_wconf 61' lang='grc' dir='ltr'>ἷιῖὖίἶίζρθῖἱῖυῖἱῖ</span> <span class='ocrx_word' id='word_1_742' title='bbox 1244 5507 1537 5609; x_wconf 37' lang='lat' dir='ltr'>“(Si—onys.</span> <span class='ocrx_word' id='word_1_743' title='bbox 1562 5507 1891 5606; x_wconf 7' lang='lat' dir='ltr'>dar’eopag.)</span> 
     </span>
     <span class='ocr_line' id='line_1_100' title="bbox 311 5598 1894 5659; baseline -0.006 1"><span class='ocrx_word' id='word_1_744' title='bbox 311 5608 393 5659; x_wconf 74' lang='lat' dir='ltr'>(2i</span> <span class='ocrx_word' id='word_1_745' title='bbox 427 5605 584 5659; x_wconf 84' lang='lat' dir='ltr'>Hier.</span> <span class='ocrx_word' id='word_1_746' title='bbox 617 5621 695 5659; x_wconf 84' lang='lat' dir='ltr'>1x.</span> <span class='ocrx_word' id='word_1_747' title='bbox 723 5605 795 5659; x_wconf 90' lang='lat' dir='ltr'>ad</span> <span class='ocrx_word' id='word_1_748' title='bbox 825 5603 1062 5659; x_wconf 89' lang='lat' dir='ltr'>Paulam</span> <span class='ocrx_word' id='word_1_749' title='bbox 1095 5607 1152 5657; x_wconf 90' lang='lat' dir='ltr'>et</span> <span class='ocrx_word' id='word_1_750' title='bbox 1181 5598 1559 5654; x_wconf 79' lang='lat' dir='ltr'>Eustochium</span> <span class='ocrx_word' id='word_1_751' title='bbox 1591 5614 1602 5652; x_wconf 93' lang='lat'>:</span> <span class='ocrx_word' id='word_1_752' title='bbox 1638 5620 1666 5646; x_wconf 88' lang='lat'><strong>«</strong></span> <span class='ocrx_word' id='word_1_753' title='bbox 1719 5598 1797 5652; x_wconf 86' lang='lat' dir='ltr'>Ne</span> <span class='ocrx_word' id='word_1_754' title='bbox 1845 5612 1894 5650; x_wconf 80' lang='lat' dir='ltr'>si</span> 
     </span>
    </p>
   </div>
   <div class='ocr_carea' id='block_1_100' title="bbox 236 5605 1895 5741">
    <p class='ocr_par' dir='ltr' id='par_1_100' title="bbox 236 5605 1895 5741">
     <span class='ocr_line' id='line_1_101' title="bbox 311 5605 1894 5686; baseline -0.008 -23"><span class='ocrx_word' id='word_1_755' title='bbox 311 5605 393 5681; x_wconf 75' lang='lat'>(&#39;2)</span> <span class='ocrx_word' id='word_1_756' title='bbox 427 5605 584 5674; x_wconf 82' lang='lat' dir='ltr'>Hier,</span> <span class='ocrx_word' id='word_1_757' title='bbox 617 5621 695 5670; x_wconf 84' lang='lat' dir='ltr'>1x,</span> <span class='ocrx_word' id='word_1_758' title='bbox 723 5605 795 5660; x_wconf 90' lang='lat' dir='ltr'>ad</span> <span class='ocrx_word' id='word_1_759' title='bbox 825 5605 1062 5686; x_wconf 65' lang='lat' dir='ltr'>Paulam</span> <span class='ocrx_word' id='word_1_760' title='bbox 1095 5607 1152 5657; x_wconf 90' lang='lat' dir='ltr'>et</span> <span class='ocrx_word' id='word_1_761' title='bbox 1181 5605 1559 5682; x_wconf 62' lang='lat' dir='ltr'>Eustochium</span> <span class='ocrx_word' id='word_1_762' title='bbox 1591 5614 1602 5652; x_wconf 93' lang='lat'>:</span> <span class='ocrx_word' id='word_1_763' title='bbox 1638 5620 1666 5646; x_wconf 88' lang='lat'><strong>«</strong></span> <span class='ocrx_word' id='word_1_764' title='bbox 1719 5605 1797 5652; x_wconf 77' lang='lat' dir='ltr'>Ne</span> <span class='ocrx_word' id='word_1_765' title='bbox 1845 5605 1894 5650; x_wconf 81' lang='lat' dir='ltr'>si</span> 
     </span>
     <span class='ocr_line' id='line_1_102' title="bbox 236 5669 1895 5741; baseline -0.01 -2"><span class='ocrx_word' id='word_1_766' title='bbox 236 5678 468 5739; x_wconf 90' lang='lat' dir='ltr'>venerit</span> <span class='ocrx_word' id='word_1_767' title='bbox 505 5676 712 5735; x_wconf 89' lang='lat' dir='ltr'>vestris</span> <span class='ocrx_word' id='word_1_768' title='bbox 759 5676 819 5729; x_wconf 85' lang='lat' dir='ltr'>in</span> <span class='ocrx_word' id='word_1_769' title='bbox 865 5673 1133 5729; x_wconf 73' lang='lat' dir='ltr'>manibus</span> <span class='ocrx_word' id='word_1_770' title='bbox 1178 5671 1324 5724; x_wconf 75' lang='lat' dir='ltr'>illud</span> <span class='ocrx_word' id='word_1_771' title='bbox 1380 5669 1774 5741; x_wconf 77' lang='lat' dir='ltr'>apocryphum</span> <span class='ocrx_word' id='word_1_772' title='bbox 1824 5669 1895 5722; x_wconf 88' lang='lat' dir='ltr'>dc</span> 
     </span>
    </p>
   </div>
   <div class='ocr_carea' id='block_1_101' title="bbox 570 5770 1250 5838">
    <p class='ocr_par' dir='ltr' id='par_1_101' title="bbox 570 5770 1250 5838">
     <span class='ocr_line' id='line_1_103' title="bbox 570 5770 1250 5838; baseline -0.012 0"><span class='ocrx_word' id='word_1_773' title='bbox 570 5780 826 5838; x_wconf 71' lang='lat' dir='ltr'>Pnaon.</span> <span class='ocrx_word' id='word_1_774' title='bbox 870 5777 984 5836; x_wconf 76' lang='lat' dir='ltr'>Gn.</span> <span class='ocrx_word' id='word_1_775' title='bbox 1029 5770 1250 5834; x_wconf 86' lang='lat' dir='ltr'>CXLV.</span> 
     </span>
    </p>
   </div>
   <div class='ocr_carea' id='block_1_102' title="bbox 2004 4773 3654 4861">
    <p class='ocr_par' dir='ltr' id='par_1_102' title="bbox 2004 4773 3654 4861">
     <span class='ocr_line' id='line_1_104' title="bbox 2004 4773 3654 4861; baseline 0.013 -35"><span class='ocrx_word' id='word_1_776' title='bbox 2004 4773 2258 4828; x_wconf 89' lang='lat' dir='ltr'>foverat:</span> <span class='ocrx_word' id='word_1_777' title='bbox 2294 4779 2349 4828; x_wconf 90' lang='lat' dir='ltr'>et</span> <span class='ocrx_word' id='word_1_778' title='bbox 2399 4779 2680 4845; x_wconf 74' lang='lat' dir='ltr'>prmterea</span> <span class='ocrx_word' id='word_1_779' title='bbox 2733 4781 3016 4852; x_wconf 88' lang='lat' dir='ltr'>quidquid</span> <span class='ocrx_word' id='word_1_780' title='bbox 3069 4785 3480 4861; x_wconf 78' lang='lat' dir='ltr'>Hierosolymis</span> <span class='ocrx_word' id='word_1_781' title='bbox 3530 4796 3654 4847; x_wconf 89' lang='lat' dir='ltr'>erat</span> 
     </span>
    </p>
   </div>
   <div class='ocr_carea' id='block_1_103' title="bbox 1997 4861 3656 4941">
    <p class='ocr_par' dir='ltr' id='par_1_103' title="bbox 1997 4861 3656 4941">
     <span class='ocr_line' id='line_1_105' title="bbox 1997 4861 3656 4941; baseline 0.011 -24"><span class='ocrx_word' id='word_1_782' title='bbox 1997 4861 2346 4918; x_wconf 81' lang='lat' dir='ltr'>feminarum</span> <span class='ocrx_word' id='word_1_783' title='bbox 2415 4863 2828 4939; x_wconf 89' lang='lat' dir='ltr'>celebriorum,</span> <span class='ocrx_word' id='word_1_784' title='bbox 2862 4887 2986 4941; x_wconf 66' lang='lat' dir='ltr'>quis</span> <span class='ocrx_word' id='word_1_785' title='bbox 3019 4874 3104 4928; x_wconf 93' lang='lat' dir='ltr'>vel</span> <span class='ocrx_word' id='word_1_786' title='bbox 3151 4876 3360 4931; x_wconf 87' lang='lat' dir='ltr'>amoris</span> <span class='ocrx_word' id='word_1_787' title='bbox 3409 4879 3656 4936; x_wconf 81' lang='lat' dir='ltr'>necessi-</span> 
     </span>
    </p>
   </div>
   <div class='ocr_carea' id='block_1_104' title="bbox 1997 4951 3652 5038">
    <p class='ocr_par' dir='ltr' id='par_1_104' title="bbox 1997 4951 3652 5038">
     <span class='ocr_line' id='line_1_106' title="bbox 1997 4951 3652 5038; baseline 0.011 -33"><span class='ocrx_word' id='word_1_788' title='bbox 1997 4951 2226 5019; x_wconf 82' lang='lat' dir='ltr'>tudine,</span> <span class='ocrx_word' id='word_1_789' title='bbox 2283 4953 2369 5010; x_wconf 62' lang='lat' dir='ltr'>rei</span> <span class='ocrx_word' id='word_1_790' title='bbox 2430 4955 2657 5027; x_wconf 87' lang='lat' dir='ltr'>generis</span> <span class='ocrx_word' id='word_1_791' title='bbox 2732 4959 3165 5032; x_wconf 87' lang='lat' dir='ltr'>propinquitate</span> <span class='ocrx_word' id='word_1_792' title='bbox 3223 4964 3273 5020; x_wconf 89' lang='lat' dir='ltr'>ei</span> <span class='ocrx_word' id='word_1_793' title='bbox 3334 4968 3652 5038; x_wconf 66' lang='lat' dir='ltr'>conjuncta:</span> 
     </span>
    </p>
   </div>
   <div class='ocr_carea' id='block_1_105' title="bbox 1999 5041 3655 5130">
    <p class='ocr_par' dir='ltr' id='par_1_105' title="bbox 1999 5041 3655 5130">
     <span class='ocr_line' id='line_1_107' title="bbox 1999 5041 3655 5130; baseline 0.011 -34"><span class='ocrx_word' id='word_1_794' title='bbox 1999 5045 2216 5097; x_wconf 89' lang='lat' dir='ltr'>essent.</span> <span class='ocrx_word' id='word_1_795' title='bbox 2259 5041 2409 5097; x_wconf 87' lang='lat' dir='ltr'>Tum</span> <span class='ocrx_word' id='word_1_796' title='bbox 2439 5043 2652 5116; x_wconf 83' lang='lat' dir='ltr'>virgini</span> <span class='ocrx_word' id='word_1_797' title='bbox 2683 5045 2967 5119; x_wconf 86' lang='lat' dir='ltr'>discipulo</span> <span class='ocrx_word' id='word_1_798' title='bbox 3000 5054 3055 5105; x_wconf 89' lang='lat' dir='ltr'>et</span> <span class='ocrx_word' id='word_1_799' title='bbox 3099 5050 3300 5111; x_wconf 87' lang='lat' dir='ltr'>itidem</span> <span class='ocrx_word' id='word_1_800' title='bbox 3349 5055 3478 5113; x_wconf 85' lang='lat' dir='ltr'>aliis</span> <span class='ocrx_word' id='word_1_801' title='bbox 3524 5057 3655 5130; x_wconf 88' lang='lat' dir='ltr'>ipsa</span> 
     </span>
    </p>
   </div>
   <div class='ocr_carea' id='block_1_106' title="bbox 2003 5239 3652 5328">
    <p class='ocr_par' dir='ltr' id='par_1_106' title="bbox 2003 5239 3652 5328">
     <span class='ocr_line' id='line_1_108' title="bbox 2003 5239 3652 5328; baseline 0.016 -38"><span class='ocrx_word' id='word_1_802' title='bbox 2003 5239 2247 5328; x_wconf 53' lang='lat' dir='ltr'>transitu</span> <span class='ocrx_word' id='word_1_803' title='bbox 2284 5241 2490 5328; x_wconf 36' lang='lat' dir='ltr'>Marias.</span> <span class='ocrx_word' id='word_1_804' title='bbox 2508 5244 2689 5328; x_wconf 67' lang='lat' dir='ltr'>beatae</span> <span class='ocrx_word' id='word_1_805' title='bbox 2719 5246 2982 5328; x_wconf 61' lang='lat' dir='ltr'>gloriosa?</span> <span class='ocrx_word' id='word_1_806' title='bbox 3005 5267 3350 5328; x_wconf 83' lang='lat' dir='ltr'>semperque</span> <span class='ocrx_word' id='word_1_807' title='bbox 3372 5257 3652 5328; x_wconf 83' lang='lat' dir='ltr'>Virginis,</span> 
     </span>
    </p>
   </div>
   <div class='ocr_carea' id='block_1_107' title="bbox 2003 5310 3652 5389">
    <p class='ocr_par' dir='ltr' id='par_1_107' title="bbox 2003 5310 3652 5389">
     <span class='ocr_line' id='line_1_109' title="bbox 2003 5310 3652 5389; baseline 0.015 -26"><span class='ocrx_word' id='word_1_808' title='bbox 2003 5310 2317 5389; x_wconf 75' lang='lat' dir='ltr'>dubiapro</span> <span class='ocrx_word' id='word_1_809' title='bbox 2352 5316 2525 5370; x_wconf 88' lang='lat' dir='ltr'>certis</span> <span class='ocrx_word' id='word_1_810' title='bbox 2558 5310 2847 5387; x_wconf 83' lang='lat' dir='ltr'>recipiatis</span> <span class='ocrx_word' id='word_1_811' title='bbox 2880 5337 2892 5376; x_wconf 86' lang='lat'><strong>:</strong></span> <span class='ocrx_word' id='word_1_812' title='bbox 2929 5326 3079 5389; x_wconf 84' lang='lat' dir='ltr'>quod</span> <span class='ocrx_word' id='word_1_813' title='bbox 3115 5310 3652 5389; x_wconf 15' lang='lat' dir='ltr'>multlivllatin‘dr—u-r—n</span> 
     </span>
    </p>
   </div>
   <div class='ocr_carea' id='block_1_108' title="bbox 2004 5379 3655 5472">
    <p class='ocr_par' dir='ltr' id='par_1_108' title="bbox 2004 5379 3655 5472">
     <span class='ocr_line' id='line_1_110' title="bbox 2004 5379 3655 5472; baseline 0.017 -40"><span class='ocrx_word' id='word_1_814' title='bbox 2004 5379 2240 5450; x_wconf 80' lang='lat' dir='ltr'>pietatis</span> <span class='ocrx_word' id='word_1_815' title='bbox 2271 5401 2486 5467; x_wconf 73' lang='lat' dir='ltr'>amore,</span> <span class='ocrx_word' id='word_1_816' title='bbox 2522 5379 2714 5444; x_wconf 75' lang='lat' dir='ltr'>studio</span> <span class='ocrx_word' id='word_1_817' title='bbox 2749 5379 3254 5472; x_wconf 44' lang='lat' dir='ltr'>legend&#39;incharius</span> <span class='ocrx_word' id='word_1_818' title='bbox 3289 5401 3655 5472; x_wconf 82' lang='lat' dir='ltr'>amplectun-</span> 
     </span>
    </p>
   </div>
   <div class='ocr_carea' id='block_1_109' title="bbox 2003 5458 3654 5545">
    <p class='ocr_par' dir='ltr' id='par_1_109' title="bbox 2003 5458 3654 5545">
     <span class='ocr_line' id='line_1_111' title="bbox 2003 5458 3654 5545; baseline 0.016 -40"><span class='ocrx_word' id='word_1_819' title='bbox 2003 5458 2147 5545; x_wconf 37' lang='lat' dir='ltr'>tur‘:</span> <span class='ocrx_word' id='word_1_820' title='bbox 2185 5459 2505 5545; x_wconf 70' lang='lat' dir='ltr'>praesertim</span> <span class='ocrx_word' id='word_1_821' title='bbox 2536 5475 2668 5542; x_wconf 76' lang='lat' dir='ltr'>cum</span> <span class='ocrx_word' id='word_1_822' title='bbox 2703 5478 2771 5516; x_wconf 82' lang='lat' dir='ltr'>ex</span> <span class='ocrx_word' id='word_1_823' title='bbox 2791 5458 2892 5545; x_wconf 68' lang='lat' dir='ltr'>his</span> <span class='ocrx_word' id='word_1_824' title='bbox 2929 5465 3070 5545; x_wconf 65' lang='lat' dir='ltr'>nihil</span> <span class='ocrx_word' id='word_1_825' title='bbox 3105 5469 3257 5545; x_wconf 82' lang='lat' dir='ltr'>aliud</span> <span class='ocrx_word' id='word_1_826' title='bbox 3291 5458 3532 5542; x_wconf 57' lang='lat' dir='ltr'>exprimi</span> <span class='ocrx_word' id='word_1_827' title='bbox 3555 5458 3654 5545; x_wconf 74' lang='lat' dir='ltr'>po-</span> 
     </span>
    </p>
   </div>
   <div class='ocr_carea' id='block_1_110' title="bbox 2003 5527 3654 5618">
    <p class='ocr_par' dir='ltr' id='par_1_110' title="bbox 2003 5527 3654 5618">
     <span class='ocr_line' id='line_1_112' title="bbox 2003 5527 3654 5618; baseline 0.016 -40"><span class='ocrx_word' id='word_1_828' title='bbox 2003 5527 2120 5580; x_wconf 87' lang='lat' dir='ltr'>test</span> <span class='ocrx_word' id='word_1_829' title='bbox 2152 5542 2252 5596; x_wconf 89' lang='lat' dir='ltr'>pro</span> <span class='ocrx_word' id='word_1_830' title='bbox 2284 5533 2458 5598; x_wconf 87' lang='lat' dir='ltr'>certo,</span> <span class='ocrx_word' id='word_1_831' title='bbox 2491 5530 2603 5586; x_wconf 86' lang='lat' dir='ltr'>nisi</span> <span class='ocrx_word' id='word_1_832' title='bbox 2652 5536 2804 5604; x_wconf 87' lang='lat' dir='ltr'>quod</span> <span class='ocrx_word' id='word_1_833' title='bbox 2858 5535 3137 5596; x_wconf 84' lang='lat' dir='ltr'>hodierna</span> <span class='ocrx_word' id='word_1_834' title='bbox 3185 5542 3276 5598; x_wconf 89' lang='lat' dir='ltr'>die</span> <span class='ocrx_word' id='word_1_835' title='bbox 3326 5527 3654 5618; x_wconf 63' lang='grc' dir='ltr'>[ὀίςῆνῖιά</span> 
     </span>
    </p>
   </div>
   <div class='ocr_carea' id='block_1_111' title="bbox 2004 5611 2310 5669">
    <p class='ocr_par' dir='ltr' id='par_1_111' title="bbox 2004 5611 2310 5669">
     <span class='ocr_line' id='line_1_113' title="bbox 2004 5611 2310 5669; baseline -0.013 -17"><span class='ocrx_word' id='word_1_836' title='bbox 2004 5611 2260 5669; x_wconf 89' lang='lat' dir='ltr'>corpore.</span> <span class='ocrx_word' id='word_1_837' title='bbox 2283 5620 2310 5648; x_wconf 87' lang='grc'><strong>››</strong></span> 
     </span>
    </p>
   </div>
   <div class='ocr_carea' id='block_1_112' title="bbox 3257 5791 3335 5850">
    <p class='ocr_par' dir='ltr' id='par_1_112' title="bbox 3257 5791 3335 5850">
     <span class='ocr_line' id='line_1_114' title="bbox 3257 5791 3335 5850; baseline 0 0"><span class='ocrx_word' id='word_1_838' title='bbox 3257 5791 3335 5850; x_wconf 77' lang='lat'><strong>26</strong></span> 
     </span>
    </p>
   </div>
  </div>
