4084 6208
447 333 560 396 8H

1747 325 2163 390 NlCEPHORl
2205 323 2558 389 CALLlSTI

3729 327 3845 391 812

443 467 607 542 virgo
638 466 919 541 praeciplt,
953 465 1181 521 utduas
1215 463 1340 537 ejus
1370 461 1594 520 tunicas
1636 461 1841 520 vicinis
1869 462 2082 532 viduis,

2233 459 2415 515 ανόθεν
2450 461 2478 516 ὁ
2506 459 2707 532 ταύτης
2737 460 2864 522 Υἱὸς
2905 457 2998 514 σὺν
3048 456 3300 538 ἀγγέλων
3353 459 3563 536 ἀπείρῳ
3614 466 3849 536 στρατῷ,

451 573 583 631 quas
615 561 825 631 prater
854 561 1091 612 caeteras
1139 553 1518 627 propensiore
1546 567 1684 624 erga
1731 569 1860 610 eam
1910 568 2109 608 amore

445 653 622 720 atque
667 649 873 719 pietate
923 645 1194 711 fuissent,
1243 644 1482 700 donent.
1529 643 1648 698 Sub
1699 641 1826 699 haec
1881 641 1969 698 vis
2022 641 2108 697 1a-

445 753 778 810 crymarum
813 735 1016 805 ingens
1069 750 1138 791 ex
1177 731 1364 788 oculis
1387 732 1654 787 omnium
1679 731 1936 803 proﬂuit,
1961 730 2112 787 orbi-

446 829 622 882 tatem
679 839 851 880 suam
927 821 1274 894 migratione
1345 820 1506 876 illius
1586 819 2108 903 complorantium.

445 913 662 970 Deinde
715 914 945 970 ccelitus
1021 912 1203 969 Filius
1269 911 1415 982 ejus,
1486 926 1620 968 cum
1696 907 2112 968 innumerabill

441 1001 784 1076 angelorum
813 1003 1070 1058 exercitu
1094 1001 1418 1060 descendit.
1453 1001 1712 1056 animam
1767 999 1922 1056 illius
1966 1016 2112 1056 san-

439 1099 592 1150 etam
625 1109 865 1164 prorsus
890 1097 947 1147 et
976 1091 1236 1147 divinam
1276 1093 1731 1162 assumpturus:
1761 1093 1820 1145 et
1852 1089 2106 1146 tonitrus

441 1189 614 1254 atque
647 1181 830 1238 nimbi
859 1181 1057 1237 sonitu
1091 1179 1404 1236 confestim
1455 1194 1525 1235 ex
1570 1177 1793 1234 finibus
1837 1177 2109 1234 omnibus

445 1285 582 1327 suos
612 1273 924 1342 congregat
965 1268 1312 1340 discipulos.
1365 1267 1492 1324 Haec
1541 1283 1676 1324 cum
1732 1264 2110 1323 immaculata

446 1375 684 1431 prorsus
713 1358 890 1431 Virgo
921 1358 1118 1427 sciret,
1161 1355 1476 1428 unicuique
1521 1372 1648 1428 qua:
1695 1359 1941 1428 Optaret,
1973 1370 2109 1428 pre-

447 1451 625 1516 catur,
682 1445 1095 1503 benedictione
1144 1461 1350 1502 omnes
1399 1445 1674 1516 dignatur
1721 1452 1777 1500 et
1834 1443 2111 1500 extremis

448 1533 580 1591 illos
639 1534 882 1592 vocibus
941 1534 1280 1607 compellat,
1335 1533 1464 1592 vale
1521 1533 1724 1590 dicens
1766 1549 1779 1587 :
1816 1531 2114 1604 migratio-

448 1639 703 1697 nemque
747 1641 914 1680 suam
968 1640 1085 1680 non
1145 1625 1306 1680 luctu
1358 1625 1586 1694 eos,sed
1648 1621 1861 1694 gaudio
1921 1623 2111 1694 potius

447 1713 723 1785 prosequi
741 1713 906 1784 jubet
933 1729 946 1770 :
971 1717 1029 1770 et
1050 1729 1179 1786 quis
1202 1713 1274 1769 ad
1295 1711 1603 1784 exsequias
1626 1711 2109 1783 sepulturamque

2218 551 2402 626 ψυχὴν
2435 547 2644 620 ἐκείνης
2671 551 2772 618 τήν
2814 546 2986 611 ὅντως
3037 551 3182 605 θείαν
3230 549 3645 624 ἂναληψόμενος
3677 569 3692 583 ·
3726 551 3853 626 ἤχῳ

2218 635 2275 694 δὲ
2329 641 2564 713 βροντῆς
2607 639 2698 694 καὶ
2744 637 2980 716 νεφέλης
3026 639 3220 710 ἀθρόον
3248 637 3308 694 ἐκ
3336 641 3583 714 περάτων
3630 640 3857 712 ἤθροιζε

2215 727 2341 790 τοὺς
2400 727 2564 782 αὐτοῦ
2614 729 2880 801 μαθητάς.
2926 728 3014 790 Ὦς
3066 727 3158 782 οὖν
3206 725 3345 805 ἔφνω
3390 733 3559 784 ταῦτα
3605 731 3641 798 ἡ
3697 730 3858 782 πάνα-

2215 837 2361 892 γνος,
2417 817 2510 871 καὶ
2567 813 2702 893 ἅπερ
2760 817 2968 890 ἑκάστῳ
3045 816 3367 892 βουλομένῳ
3423 818 3490 888 ἦν
3550 817 3856 894 ἀνηγγέλη³

2215 909 2307 964 καὶ
2346 911 2446 974 τῆς
2476 911 2599 982 παρ’
2655 907 2864 979 ἐκείνης
2913 907 3177 985 εὐλογίας
3227 909 3488 981 ἠξίωντο,
3514 910 3585 964 τά
3613 908 3860 981 ἐξιτήρια

2215 995 2374 1058 τέλος
2426 996 2609 1060 αὐτοῖς
2667 997 3122 1076 προσεφθὲγγετο,
3173 998 3385 1076 χαίρειν
3441 1019 3499 1053 τε
3545 997 3858 1073 παρηγγύα,

2216 1084 2307 1139 καὶ
2341 1086 2418 1158 μὴ
2446 1083 2650 1157 λύπης,
2701 1105 2877 1162 χαρας
2928 1082 2987 1140 δὲ
3036 1083 3248 1158 μᾶλλον
3301 1083 3504 1141 οἴεσθαι
3545 1086 3647 1153 τήν
3701 1081 3864 1153 ἐκδηο

2219 1174 2346 1247 μίαν
2403 1172 2741 1230 ἐνεκελεύετο
2786 1191 2801 1206 ·
2859 1175 2951 1229 καὶ
3008 1175 3076 1230 τὰ
3123 1175 3260 1249 πρὸς
3307 1176 3408 1244 τὴν
3465 1175 3643 1254 ταφὴν
3694 1171 3862 1242 αὐτῆς

2215 1265 2397 1332 ἠπίως
2453 1273 2542 1318 καί
2599 1261 2810 1338 ἱλαρῶς
2860 1260 3079 1336 διεξῄει.
3133 1263 3264 1320 Εἶτα
3311 1261 3512 1336 Πετρον
3569 1261 3868 1335 μετεστέλ-

2217 1351 2382 1408 λετο’
2419 1353 2555 1426 μετᾶ
2602 1353 2780 1429 βραχὺ
2829 1349 2888 1408 δὲ
2931 1355 3022 1408 καὶ
3064 1353 3192 1413 τοὺς
3241 1353 3472 1414 λιοποὺς
3517 1350 3710 1407 ἐκάλει
3755 1357 3862 1406 τῶν

2219 1444 2494 1514 μαθητῶν.
2531 1445 2628 1499 Καὶ
2661 1447 2769 1500 τῶν
2805 1442 3024 1518 λύχνων
3067 1441 3374 1516 καιομένων
3423 1443 3629 1511 αὐτοῖς,
3686 1441 3864 1512 ἐκείνη

2219 1531 2503 1609 ὑπερφυῶς
2551 1529 3007 1609 ἀγγαλλιωμένη,
3055 1531 3124 1586 τά
3164 1532 3329 1608 χείλη
3383 1529 3613 1606 διάρασα
3641 1536 3730 1603 τῷ
3759 1531 3865 1603 ἱἾῷ

2218 1621 2542 1696 εὐχάριστον
2601 1621 2874 1694 ἀνέπεμπε
2929 1620 3208 1697 γλῶσσαν.
3288 1622 3386 1676 Καὶ
3437 1621 3524 1676 ἐπὶ
3566 1625 3652 1692 τῷ
3707 1620 3866 1694 σκίμ-

2215 1707 2346 1765 ποδι
2396 1708 2548 1772 αὖθις
2606 1709 2982 1778 ἂνακλιθεῖσα,
3039 1714 3135 1774 τὰς
3186 1717 3377 1790 χεῖρας
3429 1711 3568 1784 ὑψοῦ
3609 1709 3866 1786 διάρασα,

447 1803 576 1873 ejus
617 1803 997 1875 pertinerent,
1041 1803 1301 1860 suaviter
1329 1807 1386 1858 et
1427 1801 1553 1858 laete
1600 1800 1853 1872 exponit.
1889 1799 2110 1857 Deinde

2230 1802 2430 1871 σεμνῶς
2487 1819 2546 1854 τε
2602 1800 2691 1858 καὶ
2743 1798 2817 1861 ὡς
2871 1796 3042 1874 ἐχρῆν
3088 1801 3152 1854 τὸ
3199 1799 3504 1869 πάνσεμνον
3555 1797 3652 1854 καὶ
3706 1798 3867 1868 ἡλίου

449 1890 681 1946 Petrum
714 1892 786 1947 ad
817 1908 877 1948 se
927 1892 1121 1948 venire
1175 1891 1371 1958 Jubet,
1430 1907 1564 1946 mox
1620 1889 1877 1962 reliquos
1933 1890 2105 1946 etiam

2230 1889 2594 1964 ιαθαρώτερον
2671 1885 2963 1961 διαθεμὲνη
3051 1889 3142 1944 καὶ
3212 1889 3605 1964 σχηματίσασα
3685 1892 3865 1961 σιῖιμα,

446 1981 744 2052 apostolos
776 1986 962 2051 vocat,
989 1983 1260 2038 ardentes
1283 1981 1561 2038 habentet
1600 1980 1756 2036 faces
1789 1996 1802 2036 :
1835 1985 1894 2036 et
1944 1979 2106 2036 miri-

449 2067 556 2125 fice
594 2070 918 2139 exsultans,
949 2071 1217 2144 labiaque
1239 2070 1526 2142 aperiens,
1545 2068 1763 2142 gratias
1787 2069 1927 2126 Filio
1947 2069 2105 2142 agit:

457 2155 612 2214 189
645 2164 820 2231 atque
848 2159 910 2216 in
940 2158 1159 2216 lectum
1190 2175 1424 2215 rursum
1457 2157 1727 2230 reposita,
1765 2174 1975 2215 manus
2021 2174 2109 2216 re-

449 2252 718 2304 verenter
745 2253 802 2305 et
825 2249 1104 2320 graviter,
1136 2248 1213 2304 ita
1264 2252 1329 2304 ut
1378 2247 1538 2304 illam
1579 2247 1840 2316 decebat,
1901 2249 2108 2332 elevat,

451 2340 509 2393 et
537 2338 936 2394 venerandum
975 2355 1213 2408 prorsus
1244 2337 1485 2410 soloque
1514 2337 1641 2410 ipso
1673 2337 1879 2409 purius
1899 2353 2112 2410 corpus

2215 1978 2362 2053 ἐώρα
2388 1978 2476 2032 καὶ
2529 1977 2633 2054 γὰρ
2685 1977 2886 2035 ἐκεῖνον
2935 1977 3185 2056 ἀγγέλων
3236 1977 3364 2052 δόξῃ
3414 1976 3746 2051 περικύκλῳ
3776 1976 3866 2033 δο-

2219 2065 2652 2142 ρυφορούμενον,
2714 2065 2808 2122 σὺν
2868 2065 3040 2142 ἠδονῇ
3109 2066 3198 2123 καὶ
3277 2066 3536 2140 Θαύματι,
3596 2065 3868 2122 Γένοιτό

2221 2175 2334 2228 μοι
2385 2154 2573 2218 αὖθις
2626 2156 2789 2212 κατὰ
2845 2157 2918 2212 τὸ
2967 2155 3146 2232 ῥῆμά
3202 2176 3358 2226 σου,
3398 2156 3868 2223 ἐπειποῦσα,ταίς

2219 2244 2426 2302 ἐκείνου
2456 2245 2643 2326 φίλαις
2681 2247 2867 2322 χερσὶν
2897 2249 2974 2310 ὡς
3005 2246 3059 2303 ἐν
3091 2245 3242 2321 ὕπνῳ
3260 2247 3589 2323 παρατίθησι
3615 2248 3726 2316 τήν
3760 2269 3868 2320 μα-

2222 2335 2344 2410 καρί
2352 2358 2411 2391 αν
2443 2334 2651 2409 ἐκείνην
2685 2339 2869 2412 ψυχήν
2883 2380 2897 2396 .

452 2424 694 2498 pulchre
726 2443 1085 2500 componens
1115 2433 1292 2500 atque
1323 2425 1692 2482 conformans
1724 2426 1981 2496 (videbat
2009 2426 2164 2482 enim
2187 2426 2353 2483 illum
2385 2428 2722 2498 angelorum
2754 2430 2938 2501 gloria
2968 2429 3351 2485 circumcirca
3377 2432 3665 2500 tanquam
3693 2428 3872 2486 satel-

453 2513 580 2570 litio
611 2515 918 2589 stipatum)
951 2533 1085 2572 cum
1118 2518 1413 2587 voluptate
1441 2521 1497 2572 et
1529 2514 1810 2572 miraculo
1846 2532 1858 2570 :
1904 2517 2026 2572 Fiat
2065 2515 2210 2572 mihi
2263 2533 2490 2573 rursum
2544 2518 2844 2575 secundum
2898 2519 3127 2576 verbum
3181 2523 3362 2589 tuum,
3419 2519 3636 2590 inquit,
3701 2524 3872 2592 atque

453 2602 531 2660 ita
560 2604 622 2662 in
653 2606 842 2664 charis
880 2606 1038 2664 illius
1071 2606 1370 2674 manibus,
1404 2605 1647 2678 perinde
1675 2609 1852 2677 atque
1877 2605 2272 2676 obdormiens,
2308 2607 2534 2664 beatam
2565 2607 2725 2664 illam
2756 2607 2992 2680 deponit
3018 2607 3294 2680 animam.

1070 2731 1298 2789 CAPUT
1334 2730 1505 2805 x311.

454 2839 540 2894 Ex
573 2841 828 2912 Dionysio
857 2843 1205 2911 Areopagita,
1239 2843 1295 2896 ut
1324 2839 1732 2912 diviiapostoli,
1765 2855 1888 2894 cum
1937 2838 2112 2911 ipsius

537 2913 675 2983 ﬁlio,
716 2911 788 2968 ad
826 2913 1237 2983 producendum
1282 2913 1374 2967 Dei
1441 2911 1738 2968 Genitricis
1800 2913 1990 2980 funus,
2039 2927 2113 2966 ex

527 2981 742 3040 ultimis
791 2981 951 3040 terrae
1008 2985 1211 3053 ﬁnibus
1251 2986 1501 3038 universi
1531 2983 1934 3038 convenerint:
1964 2983 2110 3038 etde

528 3056 734 3120 Judzo,
792 3058 882 3112 cui
933 3071 1130 3110 manus
1185 3070 1506 3126 exarescens
1544 3054 1780 3126 decidit,
1814 3053 1980 3126 [quod
2029 3055 2110 3110 ιο-

526 3129 675 3186 culos
721 3143 818 3182 seu
853 3129 1120 3197 feretrum
1164 3125 1304 3182 diem
1351 3127 1586 3196 Virginis
1643 3124 1826 3198 impie
1845 3124 1907 3182 et
1969 3127 2111 3182 irre-

528 3204 782 3256 verentcr
809 3198 1202 3270 contrectarit.]

529 3324 813 3382 Craterum
846 3337 919 3378 ne
949 3329 1163 3379 temere
1192 3321 1388 3379 videar
1434 3329 1750 3378 conventus
1819 3320 2112 3394 apostolo-

459 3431 592 3472 rum
642 3415 701 3471 in
768 3413 1121 3470 dormitione
1177 3412 1279 3469 Dei
1351 3412 1674 3470 Genetricis
1751 3411 2111 3480 meminisse,

459 3521 692 3577 aquum
715 3519 841 3560 esse
861 3502 1020 3571 duxi,
1045 3502 1298 3574 proferre
1329 3517 1394 3558 ea
1430 3519 1563 3574 qua
1606 3502 1912 3574 Dionysius
1942 3506 2116 3556 Areo-

459 3594 676 3668 pagita,
711 3593 771 3648 in
803 3591 973 3648 tertio
1017 3590 1208 3663 capite
1255 3591 1329 3647 ad
1378 3591 1746 3648 Timotheum
1800 3589 2113 3660 Ephesium

461 3683 802 3756 episcopum
832 3679 1056 3747 scribit,
1091 3680 1244 3750 quod
1276 3683 1450 3749 caput
1472 3679 1640 3735 talem
1665 3679 1838 3734 habet
1861 3677 2116 3749 inscrip-

460 3773 678 3829 tionem
713 3786 728 3826 :
762 3769 896 3838 Quae
941 3769 1274 3838 precationis
1305 3767 1379 3823 sit
1422 3769 1545 3824 vis:
1595 3767 1661 3823 de
1711 3767 1867 3824 beato
1914 3768 2116 3824 Hiero-

461 3861 602 3930 theo,
629 3863 676 3917 et
707 3859 774 3914 de
799 3859 1072 3925 religione
1100 3862 1262 3928 atque
1292 3856 1590 3926 theologica
1639 3855 1893 3912 historia.
1928 3855 2114 3912 Verba

460 3951 587 4022 ejus
614 3949 735 4005 haec
766 3953 907 4004 sunt
951 3948 1022 4002 de
1071 3945 1380 4002 Hierotheo
1425 3961 1438 4000 :
1472 3967 1501 3996 «
1533 3945 1891 4016 Congressus
1941 3945 2117 4000 etiam

464 4043 554 4096 est
582 4054 714 4094 cum
744 4035 1064 4092 hierarcbis
1095 4035 1290 4091 divino
1321 4033 1572 4090 Numine
1613 4032 1850 4102 afﬂatis,
1883 4049 2013 4090 cum
2061 4036 2119 4088 et

461 4143 565 4196 ego
622 4130 680 4181 et
738 4125 882 4196 ipse,
933 4123 1150 4196 aliique
1207 4121 1375 4179 multi
1431 4139 1501 4178 ex
1558 4121 1778 4178 sanctis
1835 4121 2118 4178 fratribus

461 4215 702 4280 nostris,
731 4213 803 4268 ad
853 4213 1254 4284 spectaculum
1307 4211 1592 4284 corporis,
1626 4211 1783 4282 quod
1825 4215 2120 4266 auctorem

463 4305 591 4359 vitae
622 4303 924 4374 Deumque
955 4303 1338 4374 suscepisset,
1380 4299 1878 4356 convevissemus.
1910 4300 2120 4355 Aderat

463 4391 545 4450 ibi
575 4392 824 4448 Iacobus
854 4408 1084 4464 quoque
1120 4392 1296 4448 frater
1335 4389 1588 4456 Domini,
1625 4392 1683 4446 et
1725 4388 1862 4445 item
1895 4389 2117 4457 Petrus,

465 4497 810 4554 supremum
842 4486 1012 4552 atque
1055 4481 1449 4538 venerandum
1499 4477 1900 4550 theologorum
1957 4477 2119 4534 fasti-

2849 2669 3254 2798 ΚΕΦΑΛέἓΒἌ

2222 2841 2335 2918 Ἐκ
2361 2841 3570 2918 τῶνᾳΔι-ονυσίου-τοῦίΔρι-ξοπαγίτου
3597 2864 3610 2878 ⁸
3667 2842 3758 2902 ὡς
3794 2839 3868 2918 ὀ]

2293 2911 2462 2988 θεῖοι
2495 2912 2866 2969 ἀπόστολοι
2895 2911 3290 2988 ἀθρόον’σίιν
3336 2911 3426 2988 τῶ
3453 2917 3712 2984 ταύτης
3742 2912 3870 2982 Υἶῷ

2293 2934 2462 2966 σειοι
2495 2934 2866 2969 αποστοΑοι
2895 2934 3147 3042 αυροον
3181 2935 3290 2970 συν
3336 2937 3426 2988 τῳ
3453 2935 3712 2984 ταύτης
3749 2934 3768 2966 ι
3799 2934 3868 2982 ιῳ

2289 2987 2785 3062 τῆῇπροποᾳμπῇ
2827 2990 2940 3062 τοῦ
3022 2991 3178 3062 εροῦ
3227 2990 3528 3058 σκήνους
3573 2993 3697 3062 τῆς
3729 2991 3868 3062 Geo:

2295 3055 2590 3131 μήτορος
2623 3055 3024 3131 ἐκ-περάνων
3065 3055 3540 3131 συνήχθησαν,
3569 3055 3870 3128 καὶπερὶ

2291 3125 2405 3182 τοῦ
2439 3125 2875 3193 διακοπέντος
2908 3136 3160 3208 χεῖρας
3193 3125 3536 3207 ’Ἐϐραίουξ

2295 3324 2412 3380 Ἵνα
2439 3320 2496 3379 δὲ
2531 3325 2606 3397 μὴ
2640 3322 2806 3401 λόγος
2846 3324 3035 3392 ἄλλως
3083 3325 3218 3402 δοκῇ
3249 3333 3359 3384 τῶν
3407 3328 3737 3386 ἀποστόλων
3789 3330 3876 3387 ἐπὶ

2223 3415 2292 3485 τῇ
2346 3416 2604 3486 κοιμήσει
2642 3422 2742 3484 τῆς
2790 3418 3140 3494 Θεομήτορος
3190 3417 3512 3494 ἀθροισμὸς,
3558 3421 3880 3495 προσθεῖναί

2228 3521 2322 3574 μοι
2356 3501 2476 3557 δέον
2507 3501 2850 3581 λελόγισται,
2893 3506 2982 3560 καὶ
3030 3507 3064 3562 ’ἀ
3111 3508 3388 3570 Διονύσιος
3421 3510 3449 3564 ὁ
3481 3511 3876 3588 ’Δρεοπαγίτης

2223 3587 2276 3645 ἐν
2330 3589 2410 3664 τῷ
2459 3593 2595 3666 πρὸς
2639 3593 2901 3667 Τιμόθεον
2957 3594 3252 3652 ἐπίσκοπον
3312 3597 3537 3674 Ἐφέσου
3579 3600 3755 3674 τρίτῳ
3798 3620 3879 3654 κε·

2223 3677 2447 3756 φαλαίῳ
2476 3681 2640 3756 φησὶν
2669 3682 2698 3738 ’ὁ
2729 3685 2849 3756 περὶ
2881 3689 2999 3754 τοῦ,
3031 3685 3136 3748 Τίς
3177 3687 3211 3756 ἠ
3243 3693 3364 3756 τῆς
3413 3688 3634 3763 εὐχῆς
3684 3686 3880 3744 δύναο

2228 3791 2373 3844 μις,
2405 3772 2521 3826 καὶ
2557 3772 2852 3846 περὶτοῦ
2885 3774 3216 3850 μακαρίου
3247 3776 3580 3849 Ἰεροθὲου
3621 3777 3737 3833 καὶ
3783 3799 3874 3834 πεο

2227 3859 2289 3936 ρὶ
2319 3856 2691 3926 εὐλαϐείας
2723 3865 2833 3918 καὶ
2873 3873 3257 3942 συγγραφῆς
3305 3867 3754 3943 θεολογικῆς,
3781 3871 3875 3939 τήν

2225 3946 2526 4026 ἐπιγραφὴν
2545 3950 2787 4028 εἴληφεν.
2812 3955 2974 4029 Ἔχει
3001 3953 3058 4009 δὲ
3087 3955 3223 4010 κατὰ
3249 3955 3392 4026 λέξιν
3423 3956 3595 4018 οὕτως
3617 3977 3630 3990 ·
3673 3982 3697 4009 ι
3726 3959 3871 4016 Ἐπεὶ

2224 4035 2315 4091 καὶ
2370 4037 2559 4101 αὐτοῖς
2616 4039 2946 4111 θεολήπτοις
3005 4044 3164 4114 ἡμῶν
3207 4044 3494 4119 ἱεράρχαις
3565 4045 3729 4115 ἡνίκα
3791 4045 3875 4100 καὶ

2230 4126 2419 4198 ἡμεῖς,
2460 4126 2537 4188 ὡς
2582 4129 2741 4183 οἶσθα
2789 4131 2878 4184 καὶ
2929 4129 3114 4194 αὐτὸς,
3161 4132 3259 4186 κπὶ
3306 4131 3512 4189 πολλοὶ
3558 4139 3668 4189 τῶν
3715 4137 3874 4207 ἱερῶν

2237 4215 2394 4286 ἡμῶν
2427 4213 2696 4293 ἀδελφῶν,
2727 4215 2812 4274 ἐπὶ
2847 4221 2944 4289 τὴν
2974 4219 3095 4276 θέαν
3123 4226 3222 4276 τοῦ
3261 4223 3557 4299 θεαρχικοῦ
3607 4226 3701 4279 καὶ
3738 4231 3882 4295 ζωο-

2231 4300 2404 4378 δόχου
2464 4305 2720 4380 σώματος
2778 4307 3223 4384 συνεληλύθαμεν
3259 4330 3272 4344 ’
3335 4317 3512 4386 παρῆν
3591 4311 3646 4368 δὲ
3698 4315 3795 4370 καὶ
3851 4316 3876 4369 ὁ

2231 4391 2564 4479 ἀδελφόθεος
2619 4394 2907 4468 Ἰάκωϐος,
2965 4399 3054 4454 καὶ
3111 4400 3330 4474 Πέτρος,
3381 4405 3416 4471 ἡ
3473 4403 3753 4479 κορυφαία
3795 4405 3877 4459 καὶ

2230 4478 2573 4556 πρεσϐυτάτη
2632 4491 2738 4540 τῶν
2809 4485 3088 4564 θεολόγων
3165 4489 3402 4562 ἀκρότης
3449 4511 3461 4524 '

3530 4493 3642 4546 εἶτα
3704 4492 3878 4548 ἐδόκει

465 4549 646 4646 gium.
672 4570 890 4629 Deinde
922 4549 1052 4644 post
1096 4571 1152 4626 id
1201 4569 1624 4642 spectaculum,
1671 4549 1858 4624 visum
1906 4572 2016 4636 est,
2059 4572 2114 4623 ul

2235 4573 2368 4645 μετὰ
2406 4575 2508 4643 τὴν
2562 4573 2680 4630 θέαν
2741 4576 2980 4649 ὑμνῆσαι
3023 4579 3149 4641 τοὺς
3196 4581 3456 4656 ἱεράρχας
3515 4583 3760 4645 ἅπαντας
3807 4585 3878 4646 ὡς

473 4659 792 4716 hierarchae
813 4676 1037 4728 omnes,
1061 4676 1160 4730 pro
1183 4675 1242 4714 se
1262 4659 1509 4730 quisque
1533 4663 1597 4713 ut
1639 4662 1856 4729 posset,
1903 4656 2122 4729 hymno

466 4754 720 4819 cantato,
751 4750 1267 4822 inﬁnitipotentem
1301 4747 1512 4802 divinae
1544 4745 1776 4802 virtutis
1797 4745 2121 4802 bonitatem

467 4839 961 4895 concelebrarent.
994 4835 1310 4894 Meministi
1342 4839 1405 4891 tu
1449 4835 1613 4902 satis,
1666 4841 1725 4889 ut
1776 4833 1855 4889 ibi
1905 4849 2124 4890 secun-

465 4929 606 4986 dum
639 4928 938 5002 theologos
969 4927 1149 4999 ipsos,
1207 4940 1414 4981 omnes
1465 4923 1608 4981 alios
1657 4937 1854 4980 sacros
1905 4927 2123 4996 mystas

463 5018 636 5090 longe
693 5017 1000 5089 superarit,
1057 5019 1212 5072 totus
1269 5031 1302 5070 a
1359 5013 1549 5086 seipse
1615 5013 1911 5081 secedens,
1964 5018 2120 5068 totus

467 5115 659 5164 mente
702 5111 862 5164 extra
901 5106 1163 5179 seipsum
1212 5105 1452 5177 degens,
1496 5108 1555 5160 el.
1612 5118 1853 5175 prorsus
1909 5119 2120 5159 conveo

465 5197 690 5254 nientia
717 5195 799 5253 eis
838 5212 960 5268 qua:
1008 5195 1252 5252 canebat
1301 5194 1550 5265 patiens,
1593 5192 1674 5250 ita
1712 5195 1776 5248 ut
1823 5209 1857 5250 ο.
1905 5192 2121 5264 quibus

468 5287 816 5344 audiebatur
857 5291 914 5348 et
961 5283 1445 5355 conspiciebatur,
1493 5281 1670 5338 simul
1727 5285 1784 5336 et
1837 5297 2124 5352 cognosce

469 5380 630 5431 retur
659 5379 716 5431 et
763 5390 880 5430 non
931 5376 1396 5446 cognosceretur,
1453 5371 1706 5428 Numine
1759 5370 2011 5438 afﬂatus,
2067 5374 2126 5426 et

472 5464 698 5520 divinus
733 5465 1079 5536 hymnorum
1110 5467 1314 5520 cantor
1337 5463 1660 5533 judicatus.
1705 5460 1815 5516 Sed
1843 5459 1985 5530 quid
2021 5459 2124 5516 tibi

472 5552 543 5608 de
565 5553 659 5621 iis,
695 5571 819 5625 quin
876 5563 997 5611 tum
1055 5551 1247 5610 sancti
1304 5551 1388 5607 illi
1436 5551 1547 5608 viri
1607 5547 1925 5622 theologati
1983 5548 2124 5616 sint,

473 5641 665 5698 dicam
687 5644 888 5714 ?oum,
946 5645 1057 5702 nisi
1087 5642 1206 5698 mei
1235 5657 1469 5713 quoque
1500 5641 1687 5713 ipsius
1719 5639 1834 5697 sim
1881 5637 2127 5710 oblitus,

2229 4659 2450 4726 ἕκαστος
2517 4661 2656 4737 ἔχει,
2725 4666 2824 4734 τήν
2889 4665 3322 4742 ἀπειροδύναμον
3402 4671 3716 4744 ἀγαθόνητιι
3783 4680 3879 4740 τῆς

2231 4752 2526 4826 Θεαρχικῆς
2594 4753 2896 4830 ἁγιαστίας.
2967 4757 3185 4812 Πάντων
3255 4757 3464 4834 ἐκράτει
3547 4761 3686 4833 μετά
3755 4761 3876 4821 τοὺς

2231 4837 2546 4916 θεολόγους,
2577 4842 2652 4906 ὡς
2706 4843 2884 4912 οἶσθα,
2934 4849 3040 4900 τῶν
3091 4845 3278 4902 ἄλλων
3332 4849 3698 4923 ἱερομυστῶν,
3751 4850 3880 4914 ὅλος

2231 4925 2509 5002 ἐκδημῶν.
2546 4930 2678 4994 ὅλος
2719 4931 3063 5006 ἐξιστάμενος
3109 4934 3326 5004 ἑαυτοῦ,
3356 4938 3445 4992 καὶ
3496 4938 3598 5006 τὴν
3640 4941 3786 5013 πρὶς
3815 4941 3877 4993 τά

2235 5018 2543 5092 ὑμνούμενα
2597 5021 2890 5076 κοινωνίαν
2951 5022 3180 5102 πάσχων
3227 5025 3321 5080 καὶ
3367 5027 3503 5100 πρὸς
3543 5028 3765 5082 πάντων
3806 5050 3874 5082 ων

2230 5106 2462 5176 ἠκούετο
2504 5109 2596 5163 καὶ
2652 5109 2881 5171 ἑωρᾶτο.
2947 5115 3043 5168 Καὶ
3113 5111 3439 5190 ἐγινώσκετο
3492 5115 3582 5171 καὶ
3630 5117 3743 5171 οὐκ
3786 5117 3876 5191 ἐγι-

2229 5196 2487 5266 νώσκετο,
2542 5196 2848 5269 Θεόληπτος
2897 5199 3154 5255 εἶναικαὶ
3203 5205 3347 5265 θεῖος
3402 5203 3717 5278 ύμνολόγος
3765 5227 3876 5280 κρι-

2229 5281 2478 5360 νόμενος.
2514 5287 2616 5344 Καὶ
2643 5287 2696 5344 τί
2726 5287 2786 5343 ἄν
2821 5309 2908 5344 σοι
2955 5291 3080 5363 περὶ
3126 5294 3231 5345 τῶν
3279 5290 3392 5348 ἐκεῖ
3438 5293 3876 5370 θεολογηθέντων

2233 5374 2526 5450 λέγοιμις;
2558 5378 2648 5430 καί
2695 5377 2822 5451 γὰρ,
2855 5377 2900 5432 εἰ
2935 5380 3012 5450 μὴ
3064 5377 3154 5433 καὶ
3202 5380 3440 5453 ἐμαυτοῦ
3485 5381 3874 5455 ἐπικέλησμαι,

2233 5461 2481 5527 πολλοὺς
2513 5461 2636 5519 οἴδα
2683 5467 2828 5542 παρὰ
2879 5470 2997 5536 σοῦ,
3047 5469 3134 5522 καὶ
3190 5469 3329 5544 μὲρη
3381 5471 3504 5526 τινὰ
3549 5477 3660 5527 τῶν
3712 5473 3874 5528 ἐνθεα·

2237 5555 2432 5608 στικῶν
2490 5552 2708 5609 ἐκείνων
2763 5551 3046 5628 ὑμνῳδιῶν
3103 5555 3424 5622 ἐπακούσας.
3463 5581 3489 5614 ι
3540 5565 3727 5618 Ταῦτα
3785 5561 3870 5634 μὲν

2237 5643 2265 5699 ὁ
2306 5643 2582 5706 Διονύσιος
2611 5662 2624 5676 ο
2656 5645 2707 5699 οἱ
2749 5641 2805 5700 δὲ
2849 5643 3146 5702 ἀπόστολοι
3196 5649 3283 5703 καὶ
3335 5649 3463 5706 ὅσον
3498 5651 3567 5721 ἦν
3608 5649 3850 5730 ἔκκριτον
