4016 6206
182 363 298 427 813

1230 373 1857 441 ECCLESIASTICE
1901 381 2290 445 HISTORle
2328 387 2476 449 LIB.
2522 389 2601 454 Il.

3477 413 3596 474 8M

181 497 372 571 κύκλῳ
420 501 521 570 την
573 498 768 570 κλίνην
827 497 1192 580 διειληφότες,
1255 502 1503 569 εὐλαϐῶς
1555 512 1822 580 κατησπά-

185 590 335 614 rh.--
375 605 388 614 .
454 588 744 614 n-...-.’.__-..
809 585 863 614 βλ
917 588 1080 614 _._I._,_
1140 587 1226 614 εἰν
1363 601 1401 614 η.
1481 595 1501 614 \
1553 595 1568 614 ι
1628 595 1654 614 ον

1953 516 2337 589 meminerim,
2372 537 2464 578 me
2490 525 2700 584 multos
2727 528 2978 601 hymnos
3007 538 3062 592 et
3091 542 3284 609 partes
3316 547 3595 614 quasdam

185 590 338 654 ζοντο
375 605 388 618 ⁸
453 588 744 659 θαυμάτων
806 585 866 643 δὲ
917 588 1080 664 χύσις
1135 587 1303 667 ἕρῥει,
1363 595 1570 672 Τυφλοὶ
1623 595 1834 671 ὄμμασι

180 671 512 746 παραδόξοις
566 677 750 750 ἑώρων
801 677 892 732 τὸν
939 677 1100 747 ἥλιον
1149 699 1162 712 ⁸
1214 688 1421 758 κωφοῖς
1455 685 1488 753 ἡ
1538 685 1834 756 ἆκουστικὴ

183 760 416 835 δύναμις
482 763 764 838 ἐπορίζετο
799 783 813 796 ⁸
868 767 1052 842 χωλοὶ
1100 767 1194 829 τὰς
1249 771 1431 844 βάσεις
1483 770 1786 847 ἠδράζοντο
1818 793 1832 807 ⁸

181 851 270 905 καὶ
303 852 368 906 τὸ
430 851 558 908 ὅλον
615 854 808 924 εἰπεῖν,
863 855 1076 928 σύμπαν
1133 858 1351 931 νόσημα
1389 865 1457 933 τῇ
1508 864 1637 933 θίξει
1671 864 1836 936 μόνον

184 941 466 1019 ὑπεχώρει
525 943 718 1018 ἀθρόον
791 945 881 999 καὶ
952 944 1219 1004 διελύετο.
1274 950 1484 1004 Ἔπειθ’
1542 953 1642 1008 ὑπὸ
1703 953 1836 1026 λαμ-

181 1031 432 1085 πάσικαὶ
481 1032 666 1107 μύρων
722 1033 954 1101 ἄνθεσιν,
1007 1035 1252 1110 ἀγγέλων
1309 1039 1401 1111 μὶν
1456 1039 1652 1096 ἄνωθεν
1705 1062 1838 1114 προ-

179 1115 435 1189 θεόντων,
482 1121 942 1194 περιϊπταμένων,
1000 1123 1369 1201 ἐφεπομένων,
1416 1129 1569 1184 θείων
1624 1127 1680 1183 δὲ
1728 1136 1833 1184 Πα·

174 1208 348 1284 τέρων
376 1212 470 1264 καὶ
503 1211 826 1267 ἀποστόλων
877 1211 1020 1284 ᾠδάς
1070 1236 1222 1277 τινας
1276 1217 1511 1288 ἐξαισίας
1569 1217 1832 1290 ᾀδόντων,

177 1301 211 1369 ἡ
247 1301 422 1369 νοητή
458 1296 692 1363 κιϐωτὸς
725 1301 786 1356 ἐκ
823 1303 966 1357 Σιὼν
1009 1305 1145 1379 πρὸς
1193 1308 1512 1380 Γεθσημανὴ
1545 1315 1664 1371 ταῖς
1692 1308 1835 1362 ἀπο-

180 1389 472 1453 στολικαῑς
523 1390 873 1467 ἐποχουμένη
924 1394 1109 1468 χερσὶν
1151 1393 1455 1468 ἐκομίζετο.
1488 1402 1562 1472 Τῇ
1589 1397 1644 1454 δὲ
1695 1420 1834 1476 χορ-

177 1479 320 1553 μονῇ
367 1482 539 1556 ταύτῃ
599 1484 685 1537 καὶ
745 1503 798 1536 τι
856 1484 1100 1560 χαλεπὸν
1161 1486 1452 1562 ἐπιγίνεται
1517 1487 1695 1560 λήθης
1744 1492 1835 1546 οὐ-

173 1567 368 1639 δαμῶς
439 1569 602 1640 ἅξιον.
636 1577 739 1627 Τοῦ
797 1573 902 1649 γὰρ
960 1577 1103 1628 θείου
1165 1578 1417 1646 σκήνους,
1461 1578 1534 1640 ὡς
1594 1577 1828 1654 εἶ’ρηται,

173 1659 314 1733 πρὸς
362 1663 686 1734 Γεθσημανή
743 1664 1271 1738 μετακομιζομένου,
1322 1666 1458 1721 ὅπου
1509 1665 1575 1737 δή
1622 1670 1710 1723 καὶ
1743 1692 1835 1725 τα·-

171 1755 281 1823 φῆς
339 1750 605 1821 ἠξιῶσθαι
655 1753 691 1820 ἡ
744 1755 1046 1828 Θεομήτωρ
1078 1752 1432 1827 ἐπέσκηπτεν,
1475 1759 1527 1811 ol.
1567 1758 1830 1815 Ἰουδαῖοι

173 1841 362 1914 φθόνῳ
421 1837 781 1912 διατακέντες,
820 1842 972 1915 μύειν
1020 1844 1122 1898 οὐκ
1177 1846 1526 1920 ἂνεχόμενοι,
1559 1850 1622 1903 τὸ
1680 1849 1825 1904 ἐνοι-
1860 1820 1906 1885 Β

173 1933 412 2002 κουροῦν
469 1932 568 1998 τῆς
621 1931 912 2006 βασκανίας
961 1934 1130 1994 πάθος
1185 1933 1530 2013 έξέρῤηφσον.
1591 1940 1696 1993 Καὶ
1757 1937 1822 2009 δή

170 2036 253 2078 τις
282 2021 396 2071 τῶν
441 2015 628 2074 ἄλλων
669 2020 994 2095 θρασύτερός
1050 2043 1108 2076 τε
1157 2023 1247 2077 καὶ
1309 2028 1700 2101 μανικώτερος,
1730 2032 1825 2083 τοῦ

173 2107 484 2182 καταλόγου
517 2106 573 2163 δε
622 2115 730 2164 τῶν
763 2111 948 2184 ἱερέων
1010 2111 1102 2180 ἦν,
1131 2116 1228 2166 τοῦ
1286 2114 1436 2187 ἱερσῦ
1467 2118 1699 2186 σκήνους
1729 2138 1824 2172 κο-

175 2201 500 2269 μιζομένου,
537 2203 706 2272 φορᾶς
754 2198 960 2274 ἂλόγου
1030 2202 1293 2274 μλησθεῖς
1350 2202 1480 2265 ὅλος
1536 2203 1713 2280 ἐπῄει,
1748 2206 1824 2270 είς

172 2292 278 2358 γῆν
334 2285 666 2361 καταρράξαι
719 2289 781 2342 τὸ
839 2289 982 2364 ἱερὸν
1046 2290 1216 2344 έκεῖνο
1277 2299 1475 2362 σκῆνος
1540 2295 1822 2368 πρόθυμος

175 2370 274 2432 ὧν.
299 2376 365 2431 Ἡ
399 2373 458 2429 δὲ
485 2372 606 2445 δίκη
644 2375 929 2448 μέλλουσα
975 2378 1041 2447 ἦν
1102 2377 1376 2452 οὐδαμῶς.
1413 2381 1502 2451 Ἐξ
1557 2383 1818 2455 ἀγκώνων

167 2464 272 2538 γὰρ
307 2465 361 2517 αἱ
421 2469 603 2538 χεῖρες
660 2463 846 2538 ἐκείνῳ
896 2462 1257 2537 διακοπεῖσαι,
1288 2473 1366 2539 τῷ
1398 2469 1660 2544 σκίμποδι
1692 2472 1819 2546 ἀπῃ-

167 2554 407 2626 ώρηντο.
441 2551 680 2626 Ἔμελλε
711 2550 767 2608 δὲ
798 2553 952 2630 ἄραὴ
1001 2553 1090 2609 διὰ
1137 2560 1232 2610 τοῦ
1290 2558 1436 2611 θείου
1492 2560 1654 2614 τόκου
1715 2580 1819 2635 χα-

168 2649 260 2717 ρᾶς
293 2645 394 2712 τήν
443 2641 768 2717 οἰκουμένην
819 2643 1160 2719 πληρώσασα
1192 2645 1243 2701 ἐν
1297 2652 1377 2718 τῷ
1426 2650 1673 2719 θνήσκειν
1709 2673 1818 2724 μη-

167 2731 276 2788 δενί
336 2733 593 2809 λυπηροῦ
640 2755 785 2796 τινος
832 2734 980 2790 αἰτία
1029 2737 1297 2810 γενέσθαι.
1336 2739 1438 2794 Καὶ
1490 2739 1605 2794 ἐπεὶ
1655 2741 1682 2794 ὁ
1714 2762 1812 2796 πα.

167 2824 272 2878 θὼν
306 2824 550 2898 πονηρὸς
583 2824 678 2894 μὲν
735 2824 826 2893 ἦν,
858 2822 1051 2894 ﬁxura:
1109 2823 1166 2880 δὲ
1221 2825 1458 2898 ἀνίατος,
1491 2830 1553 2883 τὸ
1585 2836 1683 2898 τῆς
1719 2851 1814 2902 με·

162 2913 381 2975 τανοίας
421 2907 800 2988 προϐάλλεται
859 2914 1161 2990 φάρμακον.
1199 2915 1295 2970 Καὶ
1338 2922 1525 2990 χεῖρας
1590 2918 1684 2990 μὲν
1734 2917 1820 2972 ἐκ·

162 3003 350 3058 τείνειν
383 3003 487 3057 οὐκ
544 3001 662 3076 εἶχε
692 3019 707 3034 ⁸
769 2999 1153 3077 προῦὃαλλετο
1213 3001 1269 3058 δὲ
1323 3006 1389 3060 τὰ
1438 3003 1643 3080 δάκρυα
1676 3029 1688 3041 ⁸
1724 3008 1813 3062 καὶ

1944 605 2220 662 divinitus
2251 608 2668 682 inspiratarum
2709 619 2939 680 illarum
2970 605 3232 697 laudum,
3266 605 3596 692 te'canente

1943 695 2189 752 audire?
2218 719 2248 748 »
2291 699 2424 757 Haec
2471 703 2805 778 Dionysius.
2856 714 3110 782 Apostoli
3154 695 3372 791 autem,
3406 731 3459 779 et
3491 726 3592 796 qui

1944 788 2219 854 praeterea
2250 788 2329 842 ibi
2376 790 2640 863 aderant,
2682 796 2784 852 viri
2823 804 3063 874 egregii,
3115 807 3327 865 lectum
3358 788 3593 870 coro-na

1941 872 2370 932 circumdantes
2451 889 2776 941 reverenter
2843 872 3009 948 illum
3083 899 3592 960 exosculabantur.

1943 962 2027 1015 Ad
2064 980 2233 1030 quem
2273 966 2482 1022 deinde
2514 986 2690 1041 quam
2725 975 2980 1046 plurima
3013 982 3227 1042 ﬁebant
3259 989 3541 1046 miracula
3574 1009 3588 1047 :

1950 1048 2124 1106 I70
2189 1054 2320 1108 caeci
2388 1073 2658 1130 namque,
2733 1070 2938 1133 praeter
3012 1087 3172 1141 spem
3221 1079 3594 1148 exepectatio-

1941 1155 2195 1212 nemque
2249 1159 2505 1215 omnem,
2582 1151 2765 1207 oculis
2834 1155 2959 1212 suis
3017 1160 3196 1217 solem
3255 1167 3590 1239 cernebant,

1942 1229 2140 1285 surdis
2170 1231 2407 1289 auditus
2435 1251 2579 1292 suus
2630 1240 2900 1312 dabatur,
2951 1246 3140 1304 claudi
3183 1269 3414 1321 gressus
3445 1229 3591 1314 reci:

1943 1317 2208 1388 piebant:
2241 1325 2297 1376 et
2329 1327 2394 1379 ut
2441 1327 2618 1383 semel
2667 1329 2880 1400 dicam,
2939 1352 3112 1395 omne
3169 1317 3355 1398 morbi
3406 1363 3590 1414 genus

1943 1413 2163 1464 attactu
2193 1410 2316 1500 solo
2348 1429 2582 1483 prorsus
2604 1418 2845 1476 cedebat
2866 1431 2919 1478 et
2950 1429 3335 1500 profugiebat.
3371 1410 3592 1491 Deinde

1943 1495 2122 1550 cereis
2155 1498 2493 1556 ardentibus
2516 1504 2864 1576 praalatis,et
2899 1495 3202 1584 ungueniis
3236 1519 3592 1592 ﬂoribusque

1941 1586 2185 1654 sparsis,
2246 1591 2416 1658 atque
2463 1594 2688 1681 angelis
2746 1598 2993 1669 caelitus,
3059 1605 3327 1662 feretrum
3377 1610 3452 1681 (1)
3498 1586 3590 1666 vel

1945 1675 2360 1743 praeeuntibus,
2395 1678 2477 1734 vel
2511 1683 2890 1755 stipantibus,
2921 1691 3199 1748 veletiam
3225 1675 3587 1771 consequen-

1943 1762 2120 1827 tibus,
2143 1763 2355 1820 divinis
2378 1769 2649 1826 Patribus
2672 1781 2724 1828 et
2747 1777 3023 1846 apostolis
3053 1781 3298 1840 mirifica
3319 1762 3586 1857 quaedam

1937 1851 2201 1908 carmina
2255 1855 2716 1929 concinentibus,
2785 1863 3201 1927 intellectualis
3259 1851 3362 1930 illa
3416 1883 3588 1947 atque

1936 1941 2263 2012 spiritualis
2295 1960 2446 2010 arca,
2478 1963 2545 2002 ex
2577 1949 2714 2006 Sion
2765 1953 2824 2008 in
2853 1958 3209 2030 Getsemani,
3250 1965 3587 2033 apostolicis

1931 2045 2060 2084 eam
2121 2033 2489 2102 gestantibus
2550 2040 2824 2097 manibus
2857 2044 3037 2102 fertur
3093 2050 3190 2120 (2).
3231 2053 3303 2106 At
3333 2054 3489 2109 enim
3523 2055 3586 2111 in

1933 2117 2082 2173 hanc
2106 2122 2631 2197 tantamlaetitiam,
2657 2129 2967 2190 molestum
2990 2143 3044 2191 et
3068 2117 3280 2196 durum
3302 2141 3582 2212 quiddam

1931 2207 2161 2276 incidit,
2190 2212 2345 2280 quod
2386 2213 2618 2273 silentio
2662 2227 3122 2290 praetereundum
3157 2245 3271 2284 non
3303 2207 3400 2286 sit.
3434 2231 3578 2288 Cum

1932 2297 2082 2352 enim
2113 2298 2375 2355 divinum
2413 2301 2555 2358 illud
2616 2323 2849 2378 corpus,
2895 2310 2974 2367 ita
3024 2318 3086 2368 ut
3115 2317 3333 2372 dictum
3365 2323 3474 2387 est,
3506 2323 3577 2376 ad

1929 2387 2254 2440 Getsemani
2290 2394 2636 2460 portaretur,
2681 2396 2778 2450 ubi
2813 2398 2916 2454 Dei
2950 2399 3207 2460 Genitrix
3254 2406 3484 2477 sepeliri
3515 2425 3578 2464 ss

1931 2475 2327 2542 mandaverat,
2357 2478 2541 2534 Judaei
2577 2481 2794 2540 invidia
2826 2487 3203 2559 tabescentes,
3234 2475 3364 2550 cum
3394 2498 3582 2552 occul-

1930 2565 2052 2617 tare
2110 2581 2223 2618 non
2278 2571 2535 2638 possent,
2591 2585 2721 2627 eum
2774 2575 2871 2644 qui
2924 2576 2982 2632 in
3035 2581 3326 2638 mentibus
3374 2600 3574 2642 eorum

1931 2651 2252 2718 fovebatur,
2304 2653 2497 2710 livoris
2545 2658 2810 2718 affectum
2891 2666 3164 2734 produnt.
3219 2669 3376 2726 Inter
3430 2690 3578 2745 quos

1931 2740 2058 2794 aliis
2108 2741 2344 2812 quidam
2405 2746 2812 2820 confidentior,
2868 2752 3342 2830 furibundusqus
3396 2740 3581 2835 magis

1927 2827 2077 2899 (erat
2105 2835 2298 2886 autem
2347 2847 2416 2888 ex
2465 2837 2834 2896 sacerdotum
2868 2844 3110 2916 ordine).
3169 2827 3304 2905 cuin
3346 2865 3578 2908 sacrum

1929 2919 2371 2976 tabernaculum
2414 2931 2758 2998 portaretur,
2811 2929 3030 3003 impetu
3063 2937 3320 3005 quodam
3368 2945 3578 3010 praeter

1929 3009 2210 3063 rationem
2242 3011 2516 3082 percitus,
2547 3014 2606 3070 in
2645 3015 2703 3072 id
2748 3019 3052 3090 ferebatur,
3104 3024 3266 3082 humi
3320 3009 3573 3099 proster-

164 3095 272 3163 ἅμα
302 3095 374 3166 τῇ
437 3089 655 3163 παιδείᾳ
707 3091 797 3146 καὶ
859 3094 894 3161 ἢ
960 3093 1214 3168 θεραπεία
1242 3102 1475 3167 προσῆν.
1510 3097 1674 3167 Ἐστη
1713 3098 1808 3171 μὲν

1933 3114 2061 3154 nere
2093 3116 2325 3158 sacrum
2383 3102 2526 3159 illud
2577 3123 2806 3178 corpus,
2867 3114 3037 3181 atque
3087 3117 3468 3184 pessumdare
3517 3120 3580 3174 in

161 3183 250 3237 οὖν
280 3185 316 3251 ἡ
348 3178 518 3252 κλίνη
550 3185 646 3235 τοῦ
684 3181 873 3254 πρόσω
905 3180 1158 3257 φέρεσθαι
1194 3201 1208 3216 ⁸
1269 3184 1357 3237 καὶ
1425 3189 1533 3239 τῶν
1579 3187 1807 3260 τμημά-

159 3294 265 3328 των
317 3268 872 3344 προσαρμοσθέντων,
925 3271 1043 3325 ὅθεν
1121 3270 1412 3348 ἐρῥόησαν,
1472 3274 1678 3348 Πέτρου
1761 3273 1817 3329 δὲ

155 3365 216 3417 τὸ
247 3363 528 3434 ἐπίταγμα
581 3360 670 3429 ἦν,
733 3361 1037 3434 παραυτίκα
1089 3361 1162 3422 ὡς
1211 3362 1273 3416 τὸ
1322 3363 1582 3437 πρότερον
1643 3365 1802 3433 ἦσαν.

154 3453 238 3513 Ὡς
299 3449 358 3506 δὲ
419 3448 508 3504 καὶ
559 3451 656 3517 τὴν
733 3450 1060 3522 Γεθσημανή
1121 3445 1441 3521 κατέλαϐον,
1499 3451 1655 3530 τάφῳ
1718 3454 1812 3526 μὲν

152 3543 238 3596 τὸν
274 3542 403 3595 Υἲὸν
442 3538 757 3612 μιμουμένη
783 3535 995 3594 δέδοται
1031 3583 1043 3594 .
1080 3536 1149 3592 δι’
1208 3538 1415 3595 ἐκείνου
1474 3539 1530 3595 δὲ
1577 3542 1713 3615 πρὸς
1745 3544 1813 3598 τὰ

153 3632 264 3682 θεῖα
335 3626 672 3698 σκηνώματα
732 3624 1090 3698 μετατίθεται,
1153 3625 1345 3703 λόγοις
1429 3629 1516 3690 οἷς
1593 3625 1734 3682 οἶδεν
1782 3630 1810 3683 ὁ

150 3722 319 3771 ταῦτα
353 3713 556 3789 δράσας
612 3715 741 3776 Θεὸς
779 3734 791 3747 ⁸
853 3714 904 3770 ἐν
935 3715 1083 3786 αὐτῷ
1139 3720 1219 3788 τῷ
1277 3716 1407 3788 θείῳ
1467 3713 1681 3787 δηλαδή
1714 3739 1813 3772 πα-

154 3804 408 3877 ραδείσῳ,
468 3802 606 3859 ὅπου
665 3801 733 3872 δὴ
791 3803 880 3858 καὶ
935 3803 998 3858 τὸ
1057 3802 1219 3875 ξύλον
1302 3805 1628 3882 πεφύτευται
1711 3812 1812 3876 τῆς

153 3900 326 3964 ζωῆς.

1923 3187 2120 3244 animo
2135 3190 2376 3247 habens.
2400 3193 2508 3249 Sed
2529 3195 2684 3251 enim
2700 3197 2952 3254 vindicta
2968 3217 3335 3276 nequaquam
3355 3214 3578 3264 morata

1922 3281 2026 3329 est.
2064 3276 2323 3347 Namque
2354 3280 2426 3334 ab
2459 3281 2614 3337 ulnis
2649 3300 2861 3340 manus
2891 3285 3050 3344 illius
3083 3291 3300 3357 recisas,
3331 3310 3396 3350 ex
3432 3296 3576 3350 fcre-

1923 3370 2008 3419 tro
2053 3367 2471 3438 dcpenderunt.
2538 3373 2607 3426 At
2655 3389 2780 3444 quas
2840 3375 3036 3434 divina
3085 3382 3386 3440 nativitate
3444 3402 3575 3455 sua,

1919 3452 2117 3510 latitia
2149 3456 2522 3514 habitabilem
2575 3461 2774 3518 orbem
2824 3480 3054 3522 omnem
3105 3470 3442 3540 repleverat,
3500 3452 3574 3530 ne

1919 3542 1978 3597 in
2030 3544 2190 3600 obitu
2241 3547 2478 3616 quidem
2526 3550 2777 3620 cuipiam
2831 3554 3106 3611 molestiae
3154 3563 3254 3614 aut
3298 3578 3572 3617 rumnai

1917 3631 2166 3702 alicujus
2198 3648 2374 3689 causa
2405 3635 2594 3692 futura
2627 3643 2769 3694 erat.
2823 3645 3000 3699 Porro
3031 3644 3080 3698 is
3119 3647 3211 3700 cui
3249 3647 3355 3704 hoc
3383 3650 3574 3705 conti-

1916 3727 2095 3788 gerat,
2126 3737 2262 3776 cum
2295 3723 2480 3779 malus
2527 3729 2789 3798 quidem,
2822 3731 2921 3785 sed
2955 3737 3148 3788 tamen
3184 3751 3298 3791 nou
3332 3754 3572 3806 prorsus

1917 3809 2258 3880 desperatus
2315 3815 2372 3866 et
2416 3813 2753 3873 incurabilis
2822 3824 2995 3888 esset,
3055 3823 3407 3892 poenitentia;
3464 3830 3569 3883 rite

1917 3899 2222 3970 praetendit
2252 3901 2567 3958 remedium
2593 3920 2606 3957 :
2642 3913 2697 3960 et
2727 3907 3006 3977 quoniam
3039 3925 3248 3966 manus
3279 3930 3425 3983 quas
3453 3932 3567 3971 non

154 3988 436 4053 habebat,
493 3985 830 4057 protendere
882 3984 1104 4057 nequit,
1155 3984 1440 4056 lacrymas
1486 3986 1719 4056 profert,
1771 3991 1828 4042 et
1875 3987 2055 4044 simul
2105 4004 2238 4044 cum
2288 3991 2684 4062 castigatione,
2739 4011 2879 4051 cura
2925 4014 3158 4070 quoque
3214 4003 3380 4058 adest
3429 4004 3569 4061 Fere

150 4083 305 4134 trum
363 4077 526 4132 enim
585 4075 865 4145 constitit,
929 4083 982 4130 et
1041 4091 1250 4130 manus
1303 4076 1374 4130 ad
1432 4075 1831 4146 resectionem,
1892 4079 2041 4133 unde
2111 4077 2469 4149 deciderant,
2538 4087 2983 4141 accommodata:
3041 4088 3218 4158 (Petri
3273 4091 3334 4146 id
3393 4094 3570 4164 jussu

150 4170 404 4240 factum)
438 4167 745 4224 confestim
779 4167 1094 4238 pristinum
1155 4169 1374 4222 statum
1425 4183 1602 4222 suum
1656 4173 2019 4239 recuperarit.
2074 4167 2179 4224 Ubi
2229 4173 2424 4224 autem
2474 4171 2546 4226 ad
2587 4172 2920 4231 Gstsemani
2952 4185 3292 4248 perventum
3327 4187 3439 4251 est,
3471 4201 3573 4240 se-

148 4264 410 4334 pulturae
442 4258 676 4332 quidem
708 4259 829 4327 illa,
862 4257 1075 4313 Filium
1106 4256 1348 4323 imitata,
1389 4259 1687 4314 traditur:
1746 4275 1845 4330 per
1889 4258 2052 4316 illum
2106 4264 2302 4316 autem
2352 4261 2423 4316 ad
2475 4262 2673 4318 divina
2721 4265 3092 4326 tabernacula
3135 4271 3234 4343 (3),
3268 4274 3336 4327 ad
3371 4273 3568 4346 ipsum

146 4354 379 4411 scilicet
400 4347 760 4422 paradisum,
795 4347 895 4403 ubi
924 4352 982 4403 et
1009 4346 1136 4402 vitis
1167 4346 1339 4402 arbor
1366 4347 1590 4404 consita
1632 4351 1742 4416 est,
1793 4349 2014 4407 ratione
2059 4365 2150 4418 ea,
2198 4366 2375 4421 quam
2421 4351 2524 4423 qui
2573 4352 2696 4409 haec
2745 4355 2898 4425 fecit,
2951 4355 3111 4415 Deux
3160 4363 3337 4434 novit,
3369 4367 3572 4422 trans~

145 4446 357 4502 fertur.

215 4644 298 4713 (t)
335 4663 366 4690 ι(
403 4639 771 4695 Monstratur
791 4637 1677 4713 sepulcrum.ejuscernentibus
1711 4655 1810 4713 uo-
1839 4644 1898 4711 D

141 4707 235 4770 bis
272 4707 471 4794 usque
496 4707 893 4794 adpraisens,
941 4711 1002 4794 in
1051 4709 1216 4794 vallis
1263 4707 1548 4794 .losapbat
1599 4711 1812 4794 medio,

141 4803 279 4857 qua
309 4780 487 4861 vallis
512 4787 599 4838 est
619 4780 774 4836 inter
791 4785 1050 4861 montem
1077 4780 1210 4834 Sion
1239 4785 1296 4861 et
1319 4785 1575 4861 montem
1609 4781 1815 4861 Qliveti

144 4851 364 4928 posita,
399 4858 459 4909 in
491 4870 604 4924 qua
637 4852 870 4932 sepulta
906 4851 1085 4906 fuisse
1118 4852 1485 4932 praedicatur.
1520 4853 1808 4932 Sednunc

136 4924 402 4984 vacuum
457 4942 584 4980 esse
638 4924 999 5005 mausoleum
1045 4924 1416 5005 cernentibus
1464 4925 1806 5005 ostenditur.

138 5001 274 5057 Haec
307 4999 532 5054 idcirco
572 4997 839 5062 dixerim,
891 4993 1022 5066 quia
1062 4995 1228 5048 multi
1270 4999 1601 5049 nostrorum
1635 4997 1807 5049 dubi-

139 5081 289 5132 tant.
329 5077 535 5124 utrum
584 5072 884 5135 assumpta
935 5066 1104 5121 fuerit
1160 5066 1336 5120 simul
1386 5082 1519 5120 cum
1550 5081 1806 5136 corpore,

135 5162 210 5200 an
244 5141 472 5220 abierit
503 5138 701 5220 relicto
731 5153 987 5220 corpore.
1020 5136 1396 5220 (βίοι-οργω.)
1431 5208 1442 5220 ⁸
1531 5209 1541 5219 ⁸

206 5217 294 5286 (2)
353 5209 640 5290 Epiplian.
700 5211 978 5290 adversus
1028 5209 1808 5290 Aotidicomarianitas,‘n.on

133 5280 419 5361 se'posse
449 5284 743 5361 affirmare
789 5285 846 5336 et
891 5281 1081 5361 dicere
1141 5280 1365 5344 scribit,
1407 5282 1477 5361 de
1520 5281 1808 5361 Genitrice

137 5351 258 5426 Dei',
317 5355 412 5413 vel
471 5355 624 5424 quod
677 5351 1030 5426 immortalis
1060 5351 1468 5424 permanserit,
1518 5353 1604 5407 vel
1651 5353 1806 5423 quod

133 5423 325 5487 vitam
364 5423 556 5482 morte
585 5423 978 5480 commutarit.

2004 4638 2144 4724 (3)‘«
2173 4641 2524 4724 Quoquuia
2563 4646 2866 4724 DAeonihil
2897 4656 3006 4724 est
3031 4652 3414 4724 impossibile,
3465 4674 3571 4713 nec

1931 4726 2036 4765 nos
2066 4711 2137 4794 de
2169 4721 2333 4794 beata
2362 4711 2545 4794 _Maria
2595 4718 2810 4794 factum
2857 4711 3188 4780 abnuimus.
3226 4711 3571 4794 Quanquam

1928 4788 2160 4864 propter
2190 4784 2478 4864 cautelam
2536 4788 2688 4844 salva
2740 4792 2872 4864 fide,
2929 4796 3021 4864 pio
3055 4784 3570 4859 magis-desiderio

1929 4853 2154 4933 opinari
2194 4861 2473 4936 oporteat,
2510 4875 2683 4936 quam
2740 4853 3069 4936 inconsulte
3127 4853 3366 4922 deﬁnire
3415 4873 3570 4936 quod

1929 4925 2066 5006 sine.
2087 4927 2343 4994 periculo
2393 4925 2734 4995 nescitur.»
2781 4934 3162 5006 (Hieronym.)
3215 4960 3236 4986 α
3271 4925 3570 5001 Quomodo

1929 4995 2115 5073 Maria
2139 5008 2340 5053 sancta
2371 5016 2488 5054 una
2517 5020 2646 5057 cum
2671 4995 2843 5059 carne
2871 4995 3113 5073 regnum
3145 4995 3418 5067 caelorum
3454 5030 3569 5068 non

1927 5072 2145 5151 cernat,
2224 5085 2352 5138 qua
2430 5072 3018 5151 n_eque_lascivierit,_
3059 5094 3242 5151 neque
3291 5082 3570 5140 fornicata

1929 5137 2123 5227 fuerit,
2147 5137 2352 5227 neque
2377 5137 2757 5227 ‘adu'lterium
2809 5137 3186 5227 comm'iserii,
3229 5154 3336 5227 sed
3357 5137 3570 5227 neque

1929 5209 2165 5289 aliquod
2194 5209 2500 5268 infandum
2528 5217 2910 5289 ﬁcarnis_opus
2961 5209 3289 5289 patravsrit,
3327 5209 3571 5280 sedrijm-V-

1930 5281 2149 5421 ppllu)ta
2182 5288 2568 5354 permanserit
2595 5286 2622 5340 ‘I
2642 5308 2669 5334 »
2701 5281 3102 5359 (Epiphanius,
3134 5281 3401 5352 Adversus
3431 5297 3569 5352 Illar-

1930 5368 2067 5407 rion.

1924 5368 2067 5407 cwn.
