4084 6208
437 397 558 462 816

929 528 967 587 Ι
989 527 1033 587 7
1052 527 1090 585 Ι
1150 521 1380 584 CAPUT
1413 519 1610 578 XXIII.

441 645 661 722 ουαιία.
685 642 856 699 etiam
899 635 1176 722 ιμιεηαιίε
1225 625 2092 722 ηίετρετξιειηξξίαῖτέε,ἐξέφ-

511 699 698 776 saneta
727 713 1094 783 assumptione
1134 705 1445 783 purissima
1478 699 1589 783 'Dei
1635 699 1928 756 Genitricis
1973 713 2090 755 me-

512 773 684 848 moret
713 803 732 843 :
757 792 810 846 et
839 773 1175 857 dc'ejusdein
1200 782 1380 850 [arma
1411 773 1789 846 maribusque.

511 993 689 1050 Porro
718 986 906 1047 vitalis
935 987 994 1043 et
1034 979 1316 1041 salutiferi
1355 975 1614 1052 corporis
1638 974 1818 1046 hujus
1845 970 2092 1030 transla-

441 1083 682 1152 tionem,
715 1091 848 1134 cum
883 1072 1054 1130 multi
1087 1071 1185 1128 alii
1207 1067 1446 1126 disertis
1475 1065 1666 1124 verbis
1696 1063 1848 1120 clare
1877 1062 2094 1152 depra-

442 1150 670 1239 dicant,
689 1171 814 1224 tum
847 1162 1113 1220 omnium
1147 1158 1397 1216 maxime
1425 1152 1728 1213 Juvenalis
1760 1150 2090 1223 Hierosoly-

442 1275 675 1320 morum
707 1255 1034 1328 episcopus,
1067 1264 1320 1322 magnus
1348 1262 1490 1304 sane
1519 1243 1829 1315 divinoque
1859 1239 2092 1298 afﬂatus

440 1348 691 1409 Numine
729 1345 838 1414 vir,
882 1357 951 1399 ex
997 1343 1226 1397 vetusta
1267 1335 1578 1394 traditione
1619 1333 1936 1404 acceptam,
1968 1345 2092 1387 rem

441 1441 597 1498 hanc
626 1437 710 1494 sic
731 1436 976 1508 gestam,
1009 1427 1242 1500 scriptis
1273 1425 1398 1484 suis
1445 1439 1574 1481 cum
1615 1422 1730 1478 fide
1759 1421 2090 1478 conﬁrmat.

443 1529 595 1587 Dicit
631 1526 810 1592 enim,
854 1525 1046 1580 totum
1096 1516 1359 1574 triduum
1408 1512 1700 1587 apostolos
1747 1511 1820 1568 ad
1878 1526 2093 1568 monu-

445 1619 713 1676 mentum
770 1612 852 1680 id,
897 1609 1228 1668 divinorum
1278 1606 1623 1678 hymnorum
1673 1601 1936 1658 carmina
1986 1616 2092 1657 au-

447 1707 697 1770 dientes,
729 1711 1150 1774 perseverasse.
1199 1692 1424 1752 Accidit
1471 1693 1664 1748 autem
1725 1704 1982 1759 rursum,
2029 1689 2096 1744 ut

445 1797 698 1855 Thomas
729 1790 801 1850 ab
843 1788 928 1847 eis
957 1786 1204 1854 abesset,
1251 1782 1516 1840 videlicet
1565 1782 1628 1836 ut
1675 1782 1812 1836 nota
1857 1793 2096 1852 perspe-

1737 374 2156 442 NIGEPHORI
2199 375 2294 444 ΟΔ
2303 378 2546 444 LLISTI

2122 517 2177 586 A

3733 374 3852 438 816

2821 521 3076 576 ΚΕΦΔΛ.
3119 517 3221 574 ΙΓ’.

2203 625 2326 684 Οἴα
2379 625 2488 700 καὶ
2546 624 2574 680 ὁ
2615 622 3118 700 Ἰεροσολρμων
3178 618 3645 700 Ἰουϐλενάλιος
3699 623 3856 700 περῖ

2273 701 2390 766 τῆς
2429 697 2618 772 ἱερᾶς
2661 695 3128 772 μεταστᾴσεως
3173 702 3295 772 τῆς
3344 695 3552 772 ἁγνῆς
3601 695 3860 772 pecui-

2273 764 2472 858 τορος
2503 764 2810 858 ’νὶσέλορεῇ
2850 767 2990 858 κάὶ..
3015 774 3134 838 τῆς
3191 764 3370 832 θείας
3401 764 3864 830 ’διαπλάσεως

2273 839 2380 897 καὶ
2422 843 2538 897 τοῦ
2579 839 2786 912 ἤθους
2827 839 3055 910 αὐτῆς.

2271 971 2381 1041 Τήν
2427 991 2488 1046 γε
2539 970 2649 1044 μὴν
2687 973 2784 1026 τοῦ
2823 960 3110 1047 ζωοδόχου
3150 967 3353 1041 ταύτης
3404 969 3640 1042 σκήνους
3689 967 3863 1042 μετέ-

2201 1061 2344 1116 θισιν
2403 1057 2610 1116 πολλοὶ
2673 1061 2767 1134 μὲν
2814 1062 2904 1115 καί
2957 1057 3124 1115 ἄλλοι
3157 1056 3462 1136 διαρῥήδην
3493 1059 3862 1134 κηρύττουσι,

2205 1147 2444 1222 μάλιστα
2493 1145 2550 1204 δὲ
2604 1146 2818 1204 πάντων
2864 1144 3227 1210 Ἰουϐενάλιος
3285 1151 3394 1204 τῶν
3454 1147 3866 1223 Ἱεροσολύμων

2201 1237 2493 1300 ἐπίσκοπος
2519 1255 2532 1270 ⁸
2570 1235 2739 1313 μέγας
2789 1234 2846 1293 δὲ
2895 1237 2986 1293 καὶ
3043 1236 3306 1315 θεοφόρος
3359 1237 3541 1310 οὗτος,
3575 1238 3638 1299 ὃς
3671 1237 3729 1310 ἐξ
3763 1237 3864 1312 ἆρ-

2203 1327 2366 1402 χαίας
2397 1323 2748 1401 παραδόσεως
2779 1327 2868 1382 καὶ
2901 1327 2955 1390 ἐς
2985 1326 3146 1382 αὐτὸν
3181 1325 3358 1383 ἐλθεῖν
3403 1325 3495 1382 τὸν
3545 1321 3719 1402 λόγον
3772 1347 3869 1380 πι-

2201 1421 2442 1474 στοῦται.
2472 1421 2626 1494 Τρεῖς
2677 1415 2777 1492 γάρ
2835 1439 3000 1497 φησιν
3051 1417 3261 1494 ἡμέρας
3318 1416 3454 1492 μετᾶ
3506 1417 3610 1486 τήν
3666 1417 3856 1492 ταφῆν

2202 1509 2478 1582 ἐπιμεῖναι
2514 1505 2640 1568 τοὺς
2682 1503 3024 1570 ἀποστόλους
3071 1512 3150 1580 τῷ
3198 1509 3446 1582 μνήματι
3490 1505 3638 1570 θείας
3673 1507 3870 1580 ὑμνῳσ

2207 1595 2322 1660 δίας
2376 1595 2786 1674 ἀκροωμένους,
2841 1592 3064 1670 Συμϐἂν
3114 1594 3171 1652 δὲ
3217 1595 3368 1660 αὖθις
3413 1593 3713 1670 ἀπόδημον
3765 1617 3866 1650 κα-

2206 1689 2452 1746 θεστάναι
2511 1691 2732 1762 Θῶμᾶν,
2793 1687 2870 1750 ὡς
2928 1685 2992 1742 ἄν
3040 1709 3101 1764 γε
3149 1689 3424 1764 γνώριμος
3473 1687 3788 1758 κατασταίη
3831 1688 3866 1756 ἡ

2203 1785 2304 1849 τῆς
2383 1777 2530 1840 θείας
2605 1775 2874 1832 Θεοτόκου
2937 1776 3283 1850 μετάστασις,
3341 1776 3521 1852 ὥσπερ
3596 1777 3868 1853 πρότερον

450 1890 659 1958 olaque
713 1881 854 1938 diva
910 1873 1220 1936 Genitricis
1274 1873 1438 1930 ﬂeret
1493 1867 1839 1942 assumptio,
1896 1866 2096 1924 itidem

2222 1866 2298 1923 ταὶ
2348 1868 2383 1936 ἡ
2448 1870 2548 1922 τοῦ
2622 1866 2752 1922 Υἱοῦ
2819 1865 3030 1938 ἐκείνης
3107 1865 3416 1938 ἀνάστασις,
3477 1868 3554 1930 ὼς
3627 1866 3868 1936 ἐπανῆκε

450 1980 518 2034 ut
564 1977 736 2032 antea
781 1968 908 2028 Filii
964 1966 1114 2038 ejus.
1172 1967 1318 2020 Cum
1389 1977 1525 2033 ergo
1585 1963 1719 2033 post
1775 1958 1929 2014 diem
1987 1961 2104 2014 ter-

455 2065 606 2124 tium
648 2060 994 2126 advenisset,
1041 2053 1266 2128 ingenti
1325 2051 1688 2108 afﬁciebatur
1733 2047 1950 2116 dolore,
1983 2064 2106 2114 ne-

457 2171 572 2230 que
600 2151 795 2228 quieto
841 2147 1037 2206 animo
1089 2159 1217 2201 esse
1257 2143 1502 2214 poterat,
1555 2139 1774 2212 quippe
1818 2135 1920 2230 qui
1959 2134 2108 2230 tanti

457 2227 597 2306 boni
622 2227 752 2301 non
807 2239 1014 2298 luisset
1061 2234 1370 2308 particeps.
1413 2231 1588 2288 Sacer
1617 2233 1811 2285 autem
1850 2227 1948 2284 ille
1977 2227 2109 2284 cho-

457 2354 580 2406 rus,
657 2335 928 2406 iniquum
1012 2342 1141 2386 esse
1203 2324 1500 2397 judicans,
1583 2321 1630 2376 si
1707 2319 1804 2376 ille
1878 2335 2110 2392 quoque

459 2427 720 2488 divinum
777 2419 1038 2494 Virginis
1108 2413 1312 2472 matris
1369 2427 1578 2485 corpus
1649 2426 1764 2466 non
1823 2411 2115 2480 spectaret

457 2523 633 2592 atque
679 2510 1180 2583 complecteretur,
1237 2501 1448 2575 aperiri
1510 2501 1950 2592 monumentum
1991 2499 2108 2592 ιιι-

458 2589 576 2667 bet.
609 2605 768 2672 Quod
798 2601 1028 2674 quidem
1069 2596 1170 2654 ubi
1201 2595 1282 2652 ita
1323 2601 1409 2650 est
1439 2591 1678 2660 factum,
1712 2589 2108 2646 desideratum

459 2695 608 2756 illud
653 2709 864 2767 corpus
905 2705 1020 2746 non
1069 2682 1416 2758 comparuit.
1468 2678 1827 2754 Sepulcralia
1879 2681 2110 2736 tantum

459 2787 638 2845 lintea
683 2783 790 2840 rite
835 2777 1158 2852 composita
1207 2775 1332 2830 loco
1374 2787 1478 2828 suo
1526 2770 1861 2836 manebant,
1912 2767 2112 2824 itidem

462 2884 526 2934 ut
557 2873 683 2933 Filii
736 2883 969 2946 quoque
1018 2865 1144 2938 ejus
1189 2863 1250 2920 in
1299 2860 1570 2934 sepulcro
1620 2857 1842 2916 relicta.
1893 2857 2026 2922 Quae
2057 2859 2112 2912 et

461 2967 610 3040 ipse,
663 2967 720 3020 et
775 2959 877 3032 qui
938 2972 1074 3014 cum
1132 2971 1198 3011 eo
1257 2953 1514 3020 aderant,
1563 2963 1696 3005 cum
1743 2946 2115 3002 veneratione

463 3036 796 3120 exosculati,
873 3042 1320 3114 incredibilique
1399 3039 1714 3110 voluptate,
1803 3036 2116 3108 odorisque

461 3142 747 3204 suavitate
778 3137 1006 3211 repleti,
1047 3131 1384 3206 sepulcrum
1417 3127 1653 3200 quidem
1698 3125 1770 3181 ad
1801 3123 2112 3196 pristinum

461 3233 828 3293 conformant
874 3226 1164 3284 modum:
1235 3217 1582 3277 miraculum
1663 3218 1860 3272 autem
1917 3213 2112 3286 ipsum
2145 3261 2188 3330 Ο

613 3323 624 3330 .
1109 3312 1199 3330 ιρᾼ
1224 3312 1274 3330 j-
1304 3305 1844 3330 __-1-_2_l__.l:t.-._
1904 3305 1972 3330 -.³
2009 3319 2113 3330 ..Λι-

462 3323 628 3400 quasi
661 3337 764 3397 per
793 3332 1006 3376 manus
1035 3312 1282 3370 subinde
1303 3307 1550 3382 posteris
1569 3305 1886 3400 traditum,
1903 3305 1976 3360 ad
2009 3319 2115 3400 nos

463 3391 698 3489 quoque
729 3406 1196 3466 transmiserunt.
1229 3398 1389 3465 Quod
1422 3413 1552 3454 vero
1581 3394 1841 3452 divinum
1873 3391 2112 3489 hoc-Dei

463 3481 769 3561 (visai'tricis
824 3511 1034 3570 corpus
1061 3493 1521 3550 resurrecturum
1580 3485 1790 3552 fuerat,
1835 3481 2116 3556 propheta

463 3609 694 3670 quoque
748 3588 928 3648 David
987 3581 1252 3658 praedixit
1286 3597 1298 3636 :
1334 3580 1594 3670 Exsurge,
1647 3574 1942 3670 inquiens,
1966 3662 1981 3670 Δ
2003 3575 2115 3630 Do.

461 3662 630 3754 mine,
663 3689 724 3738 tu
769 3685 824 3738 et
875 3693 1004 3735 arca
1031 3669 1488 3742 sanctiﬁcationis
1545 3675 1658 3724 tua:
1685 3664 1754 3720 *9.
1791 3663 1929 3720 Inde
1963 3662 2118 3720 fama

466 3777 574 3843 est,
615 3752 731 3829 non
766 3770 844 3825 ita
875 3765 1098 3838 pridem
1157 3755 1545 3818 sanctissimae
1592 3752 1853 3843 Virginis
1883 3767 2118 3826 quoque

467 3841 636 3922 sacra
664 3859 922 3933 primum
954 3849 1232 3911 celebrari
1275 3853 1461 3919 ccepta
1491 3858 1632 3901 esse.
1670 3841 1862 3899 Mores
1891 3845 2114 3906 autem,

467 3928 780 4024 formaeque
810 3949 868 4004 et
897 3947 1130 4002 stature:
1177 3940 1306 4012 ejus
1347 3935 1579 4004 modus,
1630 3931 1785 4024 talis,
1836 3936 1898 4024 ut
1931 3928 2120 4002 inquit

467 4019 854 4114 Epiphanius,
895 4035 1024 4091 fuit.
1058 4031 1194 4088 Erat
1245 4028 1305 4085 in
1337 4026 1513 4084 rebus
1563 4022 1841 4080 omnibus
1871 4019 2118 4114 honesta

467 4107 531 4189 et
555 4107 770 4204 gravis,
818 4141 1005 4200 pauca
1060 4121 1378 4180 admodum
1426 4131 1614 4189 eaque
1674 4111 2004 4170 necessaria
2033 4107 2115 4168 lo-

469 4201 680 4294 quens,
711 4215 782 4274 ad
824 4213 1176 4271 audiendum
1209 4208 1418 4273 lacilis,
1450 4211 1508 4262 et
1540 4219 1814 4294 perquam
1845 4201 2117 4294 affabilis,

467 4289 750 4366 honorem
782 4319 956 4362 suum
991 4305 1048 4358 et
1075 4297 1502 4357 venerationem
1532 4290 1810 4348 omnibus
1841 4289 2116 4358 exibens;

468 4406 691 4458 statura
723 4391 1022 4458 mediocri,
1055 4385 1318 4462 quamvis
1364 4385 1506 4451 sint,
1553 4380 1650 4454 qui
1679 4395 1805 4436 eam
1853 4377 2112 4449 aliquan-

2218 1957 2353 2032 μετὰ
2392 1956 2492 2026 τήν
2546 1955 2758 2031 τρίτην,
2789 1958 2857 2030 τῇ
2916 1955 3148 2031 ἀμετρίᾳ
3194 1963 3295 2026 τῆς
3343 1955 3524 2028 λύπης
3558 1956 3866 2033 συνείχετο,

2213 2049 2304 2103 καὶ
2362 2047 2561 2118 ἥκιστά
2611 2067 2675 2125 γε
2729 2047 2877 2126 εἶχεν
2927 2047 3131 2122 ἠρέμα,
3161 2042 3252 2103 ἅτε
3299 2045 3365 2118 δὴ
3398 2047 3573 2104 καλοῦ
3600 2051 3866 2104 τοιούτου

2217 2135 2586 2214 ἀπολειφθείς.
2621 2137 2679 2192 Ὀ
2710 2135 2888 2193 τοίνυν
2924 2131 3082 2212 ἅγιος
3129 2135 3334 2202 ἐκεῖνος
3385 2138 3578 2213 χορὸς,
3622 2139 3710 2212 μή
3761 2135 3866 2193 δεῖν

2217 2227 2352 2282 εἶναι
2381 2222 2750 2302 διεγνωκότες,
2781 2227 2858 2302 μὴ
2889 2227 3137 2282 κάκεῖνον
3168 2227 3230 2282 τὸ
3281 2229 3424 2283 θεῖον
3474 2226 3652 2284 έκεῖνο
3709 2233 3868 2303 σῶμα

2216 2314 2307 2372 καὶ
2337 2315 2795 2392 προσπτύξασθαι,
2827 2314 3074 2372 ἐκέλευον
3124 2315 3186 2372 τὸ
3236 2322 3430 2392 μνῆμα
3478 2314 3864 2394 ὃιανοιγῆναιε

2218 2405 2308 2462 καὶ
2355 2406 2418 2461 τὸ
2474 2406 2568 2478 μὲν
2613 2403 2856 2480 έγίνετο”
2905 2405 2970 2462 τὸ
3019 2402 3075 2462 δὲ
3105 2406 3441 2480 ποθούμενον
3473 2407 3542 2478 ἦν
3574 2405 3865 2484 οὐδαμοῦ·

2218 2492 2286 2550 τὰ
2333 2491 2379 2548 δ’
2413 2492 2634 2572 ἐντάφια
2683 2495 2979 2572 σωφρόνως
3027 2495 3160 2566 ἦσαν
3209 2496 3345 2552 κατᾶ
3389 2499 3577 2573 χώραν
3614 2499 3869 2572 μένοντα,

2219 2585 2357 2640 καθὰ
2415 2581 2552 2653 δῆτα
2597 2583 2687 2640 καὶ
2735 2588 2833 2639 τοῦ
2882 2585 3088 2656 ταύτης
3135 2586 3264 2641 γ’ιοῦ
3302 2591 3382 2659 τῷ
3405 2587 3562 2666 τάφῳ
3609 2585 3871 2644 καταλειο

2221 2672 2451 2750 φθένταο
2485 2671 2520 2727 ’ὰ
2575 2673 2666 2728 καὶ
2723 2669 3036 2750 σεϐασμίως
3093 2674 3256 2738 αὐτός
3312 2695 3372 2732 τε
3424 2677 3514 2732 καὶ
3563 2679 3616 2734 οἳ
3649 2699 3866 2751 συμπα-

2224 2769 2392 2838 ρῆσαν
2477 2764 2978 2836 κατασπασάμενοι,
3037 2762 3278 2840 ἀβρήτου
3349 2787 3410 2822 τε
3484 2765 3697 2838 ἡδονῆς
3785 2768 3872 2826 καὶ

2223 2849 2454 2915 εὐωδίας
2511 2851 2998 2928 καταπλησθέντες,
3029 2855 3124 2911 τὸν
3200 2855 3297 2930 μὲν
3370 2855 3538 2934 τάφον
3615 2855 3712 2912 ἐπὶ
3781 2861 3872 2914 τοῦ

2222 2943 2490 3017 προτὲοου
2567 2943 2854 2998 καθιστῶσι
2933 2943 3024 2998 καὶ
3092 2943 3245 3007 αὖθις
3304 2948 3632 3026 σχήματος·
3695 2949 3762 3003 τὸ
3818 2946 3874 3002 δὲ

2226 3032 2406 3104 θαῦμα
2461 3035 2589 3093 παῖς
2643 3029 2786 3107 παρᾶ
2842 3033 3046 3106 πατρὸς
3103 3029 3498 3108 διαδεξάμενοι,
3527 3036 3619 3090 καὶ
3666 3038 3752 3102 εἰς
3780 3037 3873 3111 ἐμὲ

2226 3117 2572 3177 διεσώσαντο.
2603 3122 2724 3176 Ὀτι
2773 3117 2818 3176 δ’
2865 3120 3152 3193 ἀναστῆναι
3199 3124 3262 3180 τὸ
3311 3125 3454 3180 θεῖον
3495 3119 3705 3198 ἔμελλε
3738 3134 3874 3197 azi-

2225 3230 2316 3272 νος
2373 3215 2472 3278 τῆς
2515 3211 2886 3286 Θεομήτορος,
2935 3211 3022 3266 καὶ
3073 3212 3101 3267 ὁ
3150 3215 3442 3293 προφήτης
3489 3212 3654 3270 Δαυῒδ
3717 3237 3877 3292 προεο

2229 3300 2514 3372 σήμαινεν,
2555 3299 2926 3372 ’Δνάστηθι,
2967 3299 3164 3376 λέγων,
3195 3303 3414 3378 Κύριε,
3456 3306 3526 3359 σὺ
3564 3305 3656 3360 καὶ
3699 3308 3739 3376 ἡ
3789 3328 3876 3363 κι-

2229 3384 2439 3452 ϐωτὸς
2476 3392 2591 3444 τοῦ
2631 3387 3042 3466 ἀγιάσματός
3084 3395 3518 3450 σου.Ἐντεῦθεν
3551 3394 3722 3470 λόγος
3756 3399 3874 3472 ἄρτι

2227 3479 2461 3554 πρώτως
2508 3480 2598 3536 καὶ
2645 3481 2746 3550 τήν
2802 3489 2901 3547 τῆς
2961 3483 3236 3560 Παναγίας
3293 3483 3648 3561 κατάρξασθαι
3710 3487 3874 3546 τελε-

2227 3570 2326 3640 τήν
2492 3571 2591 3626 Ἦν
2623 3567 2679 3626 δὲ
2709 3571 2769 3626 τὸ
2799 3571 2934 3642 ἦθος
2985 3573 3074 3628 καὶ
3105 3575 3140 3644 ἡ
3172 3574 3316 3637 θέσις
3363 3582 3464 3646 τῆς
3517 3585 3744 3652 μορφῆς
3787 3577 3875 3634 καὶ

2227 3661 2328 3725 τῆς
2386 3658 2610 3729 ἡλικίας
2667 3659 2833 3730 αὐτῆς
2893 3661 3071 3725 οὕτως
3129 3657 3350 3740 ἔχοντα,
3381 3663 3456 3728 ὥς
3506 3687 3671 3742 φησιν
3725 3670 3876 3726 Ἐπι-

2229 3747 2452 3826 φάνιος·
2513 3749 2714 3822 Σεμνὴ,
2764 3749 2951 3828 φησὶν,
3009 3751 3076 3820 ἦν
3135 3751 3270 3808 κατᾶ
3324 3751 3533 3809 πάντα·
3598 3753 3770 3831 ὀλίγα
3823 3779 3876 3813 τε

2229 3837 2319 3891 καὶ
2383 3837 2645 3912 ἀναγκαῖα
2701 3836 2985 3894 λαλοῦσα’
3044 3846 3243 3916 ταχεῖα
3301 3843 3438 3916 πρὸς
3488 3845 3740 3916 ὑπακοήν
3789 3847 3876 3902 καὶ

2229 3925 2672 4003 εὐπροσήγοροςο
2723 3932 2941 4002 τιμῶσα
3014 3930 3220 3996 πάντας
3289 3933 3380 3988 καὶ
3456 3941 3877 4010 προσκυνῶσιν

2235 4014 2370 4090 μέση
2401 4013 2457 4071 δὲ
2477 4015 2576 4087 τὴν
2609 4017 2827 4086 ἡλικίαν
2869 4018 2960 4088 ἦν.
2994 4019 3114 4074 Εἷσὶ
3146 4016 3204 4075 δὲ
3233 4021 3286 4076 οἳ
3333 4021 3424 4077 καὶ
3463 4022 3627 4080 πλέον
3681 4047 3739 4082 τι
3787 4029 3878 4082 τοῦ

2235 4102 2400 4178 μέσου
2431 4098 2579 4180 ἔχειν
2607 4105 2778 4176 αὐτήν
2820 4127 2969 4183 φασι.
3001 4108 3070 4162 Τὸ
3121 4107 3586 4185 εὐπαῤῥησίαστον
3633 4109 3696 4169 δὲ
3749 4116 3877 4188 πρὸς

2230 4193 2404 4249 πάντα
2453 4193 2738 4269 ἄνθρωπον
2791 4196 2944 4274 εἶχε⁶
2976 4194 3166 4272 πόρῥω
3215 4195 3483 4274 γέλωτος,
3517 4195 3616 4273 ἔξω
3667 4224 3733 4260 τε
3775 4225 3873 4260 τα-

2231 4289 2410 4358 ραχῆς
2461 4283 2550 4337 καὶ
2603 4282 2877 4358 ἀόργητος
2937 4284 3214 4358 μάλιστα’
3250 4287 3542 4364 σιτόχροος
3593 4288 3641 4346 δ’
3675 4293 3747 4362 ἦν
3794 4295 3880 4349 καὶ

2230 4372 2547 4446 ξανθὸθριξο
2607 4369 2996 4451 εὒόφθαλμος·
3058 4375 3511 4448 ὑποξανθιζοῦσας
3565 4379 3655 4436 καὶ
3713 4385 3876 4439 οἱονεὶ

464 4487 657 4546 tulum
698 4483 1052 4541 mediocrem
1072 4458 1517 4548 vlongitudinem
1549 4469 1870 4529 excessisse
1900 4467 2106 4524 dicant.

2233 4458 2516 4549 autumat;
2545 4463 2641 4549 τὰς
2670 4466 2836 4538 κόρας
2863 4467 2971 4520 τῶν
3013 4463 3315 4544 ὀφθαλμῶν
3365 4465 3569 4544 ἔχουσα
3590 4490 3604 4504 ⁶
3657 4493 3881 4549 περιηγ-

465 4575 629 4637 172
676 4571 915 4633 Decenti
957 4547 1500 4627 dicendiiiibertate
1543 4563 1820 4619 adversus
1849 4560 2106 4616 homines

2240 4547 2404 4623 μένας
2436 4549 2526 4604 καὶ
2563 4548 2822 4624 μελαίνας
2869 4549 3314 4629 περιϐεϐλημένη
3365 4556 3531 4636 ὀφρῦς
3580 4547 3883 4638 ἀποχρών-

465 4682 670 4726 omnes
718 4679 822 4720 usa
877 4664 986 4729 est,
1040 4657 1168 4715 sine
1213 4655 1356 4722 risu,
1409 4654 1534 4708 sine
1579 4649 2032 4724 perturbatione.
2064 4655 2106 4704 el

2229 4657 2366 4729 τως·
2389 4638 2628 4715 ἐπίρῥιψ
2653 4639 2820 4716 χείλη
2856 4641 3189 4698 ἐπανθοῦντα
3218 4641 3422 4720 ἔχουσα
3449 4646 3538 4702 καὶ
3569 4650 3671 4718 τῆς
3699 4648 3766 4707 ἐκ
3784 4655 3880 4706 τῶν

467 4757 595 4814 sine
623 4751 930 4812 iracundia
971 4726 1238 4807 maxime.
1273 4743 1468 4800 Colore
1518 4741 1626 4798 fuit
1671 4735 1934 4796 trictcum
1970 4737 2106 4792 refe-

2233 4726 2415 4802 λόγων
2445 4727 2790 4804 γλυκύτητος
2821 4729 3080 4808 γέμοντα.
3101 4734 3400 4811 Πρόσωπον
3425 4735 3487 4792 οὐ
3519 4740 3877 4816 στρογγύλον,

465 4851 646 4916 rente,
700 4841 912 4915 capillo
959 4840 1130 4906 ﬂavo,
1178 4833 1363 4892 oculis
1410 4831 1665 4898 acribus,
1701 4827 2018 4896 subﬂavas,
2066 4830 2106 4882 e1

2231 4817 2357 4874 ἀλλ’
2389 4819 2598 4916 ωσανεὶΔ
2641 4818 2907 4916 ἐπίμηκες
2953 4825 3287 4899 κεκτημένη.
3315 4827 3636 4904 Μακρόχειρ
3688 4851 3752 4886 τε
3797 4831 3881 4886 καὶ

465 4905 743 5008 tanquam
773 4905 910 4988 olea
941 4905 1132 4986 colore
1161 4924 1418 5000 pupillas
1447 4921 1506 4977 in
1525 4921 1612 4978 eis
1643 4919 1886 5008 habens.
1909 4919 2106 4987 Super-

2233 4905 2682 5008 μακροδάκτυλος
2713 4909 2782 4980 ἧν
2809 4929 2821 4944 ⁸
2856 4907 3057 4992 ἄτυφός
3084 4933 3143 4969 τε
3176 4915 3261 4970 καὶ
3311 4914 3735 4992 ἀσχημάτιστος
3761 4937 3776 4954 ·
3809 4922 3877 4995 μὴ

463 4995 604 5081 cilia.
650 5023 702 5078 ei
759 5025 927 5078 erant
974 4995 1187 5074 inﬂexa
1243 4995 1300 5070 et
1355 5013 1626 5070 decenter
1678 5007 1888 5080 nigra:
1935 5020 2106 5061 nasus

2227 4995 2338 5085 βλα
2367 4999 2500 5085 είανᾼν
2558 4997 2922 5074 ὲπιουραμένη
2982 5004 3138 5058 τινά·
3199 5006 3523 5061 ταπείνωσιν
3605 5005 3874 5085 ὑπερϐάλ-

461 5111 710 5186 longior,
741 5108 895 5166 labia
921 5105 1145 5172 ﬂorida,
1170 5108 1226 5164 et
1253 5105 1563 5160 verborum
1593 5099 1882 5186 suavitate
1905 5094 2077 5186 plena
2103 5111 2106 5146 :

2226 5083 2680 5186 leusav.é'xouoa
2705 5107 2718 5120 ·
2755 5089 2950 5186 ἱμάτια
2999 5090 3281 5169 αὖτόχροα
3329 5099 3590 5172 φοροῦσα,
3623 5083 3725 5154 καί
3753 5101 3875 5176 ἀγα-

462 5176 640 5260 facies
687 5176 803 5256 non
852 5197 1104 5255 rotunda
1159 5201 1216 5252 et
1265 5195 1451 5260 acuta,
1511 5189 1612 5246 sed
1661 5185 1958 5259 aliqucnto
1990 5183 2106 5239 lon-

2225 5181 2402 5244 πῶσα,
2434 5176 2626 5232 ὁποῖον
2657 5181 2750 5233 νῦν
2783 5179 2872 5234 καὶ
2915 5180 2979 5236 τὸ
3029 5181 3184 5256 ἅγιον
3233 5183 3400 5254 αὐτῆς
3455 5185 3736 5265 μαφόριον
3779 5186 3879 5244 δεί-

459 5291 604 5364 gior,
641 5303 851 5346 manus
874 5284 1051 5344 simul
1083 5289 1140 5342 et
1167 5281 1326 5355 digiti
1350 5279 1664 5353 longiores.
1696 5277 1831 5333 Erat
1860 5272 2106 5364 denique

2222 5284 2447 5322 κνυται·
2490 5268 2586 5322 καὶ
2647 5269 2894 5332 συνόλως
2957 5269 3146 5341 εἴπεῖν,
3180 5271 3264 5352 ἐφ’
3313 5275 3476 5330 ἅπασι
3535 5281 3660 5341 τοῖς
3717 5280 3879 5347 αὐτῆς

462 5357 642 5438 fastus
670 5375 858 5437 omnis
899 5391 1124 5447 expers,
1176 5371 1446 5444 simplex,
1489 5366 1843 5438 minimeque
1884 5360 2106 5418 vultum

2224 5357 2369 5447 θείας
2402 5357 2628 5432 χάριτος
2661 5359 3104 5434 πεπληρωμένη.
3138 5363 3213 5418 Τὰ
3251 5361 3310 5419 δὲ
3338 5359 3432 5436 ἔτη
3487 5367 3661 5434 αὐτῆς
3717 5367 3878 5426 οὕτως

461 5469 712 5542 ﬁngens,
743 5464 891 5525 nihil
939 5444 1207 5523 mollitiei
1251 5476 1452 5518 secum
1493 5457 1729 5516 trahens
1781 5452 1882 5511 sed
1912 5449 2106 5508 humi-

2222 5444 2576 5523 ἠρίθμηνται,
2635 5449 2712 5512 ὼς
2771 5453 2950 5524 μικρῷ
3022 5451 3252 5526 πρόσθεν
3317 5450 3514 5529 έρῥέθη
3577 5477 3701 5530 μοι.
3755 5458 3866 5515 Ἐπὶ

527 5610 572 5648 ³⁸³
601 5609 752 5668 Psai.
785 5627 973 5680 cxxxr,
1010 5609 1066 5668 8.

535 5735 608 5808 (1)
635 5732 887 5806 Τελετήν.
917 5737 1111 5794 Potest
1138 5733 1233 5792 hic
1258 5731 1434 5790 etiam
1463 5728 1577 5802 legi
1605 5724 1886 5796 τελευτὴν,
1919 5724 1980 5782 id
2011 5725 2106 5780 est

2222 5735 2364 5794 rem,
2395 5721 2644 5793 obitum,
2666 5727 3167 5801 assumptionem.
