4084 6208
310 351 435 411 81⁸7

304 574 444 645 ξεις.

1334 355 1968 423 ECCLESIASTIC/E
2007 354 2401 421 HISTORI/E
2441 353 2588 414 LIB.
2634 350 2713 413 II.

309 478 375 537 δὲ
438 483 538 547 τάς
601 481 969 550 ἆποστολικὰς
1054 487 1139 543 καὶ
1202 489 1353 554 αὖθις
1421 489 1726 569 ἐπανίωμεν
1817 495 1925 571 πρά

2042 494 2295 563 ηΙὶιειεῐη
2355 486 2775 563 praecellentem
2838 486 3034 545 colens
3091 504 3105 545 :

3606 353 3725 415 818

3157 488 3515 546 vestimentis
3565 506 3723 561 qua?-

2074 587 2205 659 ipsa
2233 581 2498 657 gestavit,
2532 577 2739 637 coleris
2789 578 2965 635 nativi
2998 584 3273 637 contenta
3315 578 3448 647 fuit,
3479 579 3537 636 id
3569 580 3726 651 quod

305 665 642 726 etiamnum
672 671 941 727 sanctum
972 670 1179 743 capitis
1210 674 1336 746 ejus
1395 675 1658 735 velamen
1690 677 1964 736 ostendit.
2019 677 2109 743 Et,
2144 678 2208 731 ut
2281 670 2486 746 paucis
2544 668 2753 737 dicam,
2786 668 2845 725 in
2878 670 3048 725 rebus
3079 663 3206 741 ejus
3236 670 3513 729 omnibus
3544 668 3727 726 multa

302 755 595 816 divinitus
628 758 817 817 inerat
838 761 1044 833 gratia.
1074 767 1236 823 Attae
1267 769 1461 825 autem
1492 768 1621 840 ejus
1642 769 1726 827 sic
1756 782 1837 840 se,
1875 772 1940 826 ut
1976 770 2147 824 antea
2194 762 2334 831 dixi,
2376 758 2604 820 habuit.
2632 758 2797 816 Nune
2848 761 2921 818 ad
2977 758 3298 833 apostolica
3357 764 3487 819 acta
3531 774 3724 819 rever-

301 848 527 905 tamur.

925 980 1183 1036 ΚΕΦΔΛ.
1227 980 1345 1040 ΚΔ’.

304 1083 418 1163 “ΩΞ
450 1080 478 1136 ὁ
509 1080 1078 1163 θεξοςΠαῦλοςᾼέξ
1110 1080 1779 1163 ἔωᾼεΐςμτὴν-ὲσπέραν
1828 1086 1955 1145 διέ-

379 1149 498 1233 ᾇημ·
540 1155 878 1233 κάκ-εἶϐεν-
912 1149 1101 1233 αὖθίς
1159 1158 1259 1223 εἰς
1286 1149 1424 1233 Et».
1458 1149 1783 1233 διαπερᾷ,
1830 1163 1953 1233 τὸν

378 1226 561 1307 θεῖον
610 1227 1225 1307 εὐαγγελιζόμενος
1285 1230 1532 1307 λόγον’
1572 1226 1841 1307 ,καῖ’ὧς
1889 1232 1949 1307 ἐξ

378 1296 1111 1381 ξεῖἐσοιυδὶἀπὸνξτιος
1149 1302 1243 1366 εἰς
1275 1296 1519 1381 Συρίαν
1570 1305 1719 1377 ἰὼν,
1751 1296 1952 1360 κατέξ

377 1366 544 1427 λαϐε
572 1370 645 1426 τὰ
676 1370 1165 1447 Ἰεροσόλυμα.

375 1475 493 1532 Tth
549 1477 798 1548 Ἀθηνῶν
842 1478 869 1534 ὁ
902 1476 1120 1544 Παῦλος
1169 1480 1526 1559 ἀπαλλαγεὶς,
1574 1483 1650 1547 εἷς
1694 1482 1948 1558 Κόρινθον

2658 977 2892 1037 CAPUT
2935 977 3119 1035 XXIV.

2069 1091 2135 1148 Ut
2165 1088 2329 1146 divus
2383 1088 2592 1145 Paulus
2630 1103 2700 1144 ex
2724 1086 2947 1143 Oriente
2987 1087 3051 1142 in
3092 1085 3428 1143 Occidentem
3468 1085 3712 1143 transic-

2136 1162 2239 1218 ril:
2271 1160 2397 1216 inde
2426 1176 2640 1227 rursus,
2691 1162 2750 1215 in
2810 1158 3083 1215 Orientem
3122 1159 3403 1229 migrant,
3464 1159 3714 1215 divinum

2133 1242 2187 1290 et
2213 1234 2529 1305 angelicum
2562 1230 2903 1305 annuntians
2941 1246 3248 1305 sermonem
3281 1246 3306 1305 :_
3337 1236 3390 1285 et
3419 1234 3479 1286 ut
3506 1231 3714 1297 Epheso

2132 1303 2310 1361 mare"
2354 1306 2415 1360 in
2469 1305 2696 1377 Syriam
2767 1303 2988 1371 vadens,
3061 1303 3439 1375 Hierosolyma
3520 1317 3714 1375 perve-

2131 1379 2299 1434 norit.

2133 1483 2348 1542 Paulus
2377 1483 2648 1541 Athensis
2680 1483 3008 1552 discedens,
3041 1481 3378 1539 Corinthum
3409 1482 3586 1543 venit.
3622 1481 3711 1540 ibi

296 1558 545 1642 ἔρχεται.
607 1567 815 1625 ’Δκόλα
867 1589 927 1625 τε
975 1568 1056 1643 τῷ
1103 1558 1420 1646 σκηνοποιῷ
1471 1571 1565 1629 σὺν
1634 1570 1925 1648 Πρισκίλλῃ

2058 1574 2117 1631 in
2166 1575 2434 1648 Aquilam
2496 1575 2875 1633 tentoriorum
2938 1578 3237 1643 textorum,
3282 1581 3337 1631 el
3383 1573 3707 1633 Priscillam

293 1654 618 1736 ἐντυγχάνει
668 1661 738 1732 τῇ
780 1660 993 1731 γυναικὶ
1041 1658 1163 1736 ἄρτι
1215 1663 1435 1735 Ῥώμης
1485 1660 1727 1719 ἐλθοῦσι.
1757 1663 1925 1737 Δόγμι

2055 1665 2368 1738 conjugem
2401 1665 2552 1737 ejus,
2603 1666 2703 1737 qui
2738 1681 2923 1737 nuper
2973 1664 3287 1720 admodum
3320 1664 3500 1722 Roma
3527 1680 3706 1722 vene-

295 1746 409 1821 γᾶρ
440 1744 714 1810 Κλαύδιος
764 1747 1032 1825 ἐξήνεγκε,
1086 1751 1291 1815 πάντας
1341 1748 1636 1815 Ἰουδαίους
1668 1755 1766 1818 τῆς
1800 1753 1940 1810 Ἰτα-

294 1833 424 1898 λίας
473 1832 826 1892 ἐλαύνεσθαι·
877 1839 964 1901 οἷς
1014 1836 1343 1914 συνδιάγων,
1391 1840 1487 1903 τὰς
1539 1838 1791 1919 διφθέρας
1824 1840 1940 1914 εἶρ-

2054 1762 2205 1823 rant,
2232 1754 2456 1812 incidit.
2492 1754 2687 1812 Edicto
2717 1755 2874 1812 enim
2922 1753 3166 1824 Claudii,
3205 1769 3410 1811 omnes
3438 1770 3507 1812 ex
3539 1753 3706 1811 italia

2051 1844 2236 1901 Judaei
2275 1844 2649 1916 ejectierant.
2680 1848 2826 1902 Cum
2886 1843 2959 1901 iis
3007 1842 3224 1900 Paulus
3256 1844 3612 1909 versabatur.
3645 1847 3702 1900 et

295 1922 514 2000 γάζετο.
571 1925 671 1980 Τὸν
729 1922 786 1981 δὲ
844 1924 1014 2004 λόγον
1077 1927 1296 1985 Παύλου
1370 1926 1738 2000 διδάσκοντες,
1793 1928 1925 1983 ἀνθί

2048 1932 2227 2004 pelles
2259 1934 2669 1999 concinnabat,
2707 1932 2889 1990 Judaai
2944 1937 3137 1989 autem
3196 1931 3357 1988 Pauli
3433 1932 3700 1989 doctrina

294 2031 492 2070 σταντο
552 2013 830 2073 Ἰουδαῖοι.
893 2021 1079 2091 Θυμοῦ
1133 2014 1191 2073 δὲ
1248 2016 1463 2082 Παῦλος
1522 2018 1799 2089 πλησθείι,
1858 2023 1925 2074 Ti

2047 2021 2266 2091 audita,
2325 2023 2376 2079 ei
2436 2024 2736 2080 resistunt.
2768 2022 3131 2094 Quapropter
3185 2021 3236 2078 is
3263 2022 3362 2093 ,ira
3392 2020 3693 2093 percitus:

292 2104 492 2177 αἷμα,
523 2104 699 2159 εἶπεν
723 2147 737 2175 ,
769 2105 888 2161 αὐτ
912 2109 994 2161 ὧν
1026 2104 1138 2162 ἐπ”
1167 2107 1413 2170 αύτούς
1440 2127 1452 2139 ·
1488 2105 1925 2183 καθαρὸςέγά

2046 2110 2719 2183 Sanguis,inquit,eorum
2746 2126 2908 2182 super
2930 2124 3018 2165 eos
3049 2124 3067 2164 :
3097 2125 3131 2164 a
3160 2124 3264 2182 quo
3285 2108 3403 2179 ipse
3430 2108 3699 2179 purus,ad

290 2191 394 2254 εἰς
423 2194 499 2247 τὰ
530 2190 680 2265 ἔθνη
712 2195 1172 2270 πορεύσομαι.
1207 2197 1352 2252 Ἐκεῖ
1380 2198 1470 2253 καὶ
1501 2198 1530 2252 ὁ
1554 2197 1933 2274 ἀρχισυνάγω-

287 2301 385 2357 γος
417 2280 651 2356 Κρίσπος
683 2282 894 2356 σύναμα
923 2286 1131 2362 γυναικὶ
1165 2286 1256 2343 καὶ
1286 2287 1494 2350 τέκνοις
1525 2288 1586 2343 τὸ
1613 2289 1755 2363 θεῖον
1784 2283 1933 2365 δέχε-

284 2392 380 2427 ται
413 2371 713 2447 βάπτισμα.
765 2376 1031 2448 Ἐνιαυτῷ
1066 2376 1162 2450 μὲν
1212 2374 1305 2431 οὗν
1355 2378 1493 2450 πρὸς
1538 2381 1616 2449 τῷ
1644 2374 1833 2449 ἡμίσει
1862 2377 1933 2448 τῇ

285 2462 533 2535 Κορίνθῳ
587 2458 841 2532 διέτριϐε.
903 2462 1005 2521 Καὶ
1065 2463 1316 2520 Γαλλίων
1368 2466 1464 2539 μὲν
1496 2466 1653 2536 ὁτῆς
1700 2464 1927 2543 Ἀχαίας

283 2550 589 2613 ἀνθύπατος
644 2555 742 2608 τοῦ
795 2553 1044 2628 βήματος
1095 2553 1223 2619 τοὺς
1277 2552 1572 2618 Ἰουδαίους
1622 2553 1923 2626 ἀπήλαυνε.

281 2640 595 2703 Σωσθὲνους
654 2638 714 2697 δὲ
767 2642 1132 2717 τυπτομένου,
1176 2643 1227 2700 ἐν
1279 2641 1454 2700 οὐδενὶ
1502 2642 1657 2720 λόγῳ
1694 2644 1757 2700 τὸ
1787 2663 1928 2719 πρα-

285 2729 418 2804 χθὲν
470 2727 723 2787 Γαλλίων
772 2731 1085 2804 πεποίηται.
1140 2732 1358 2797 Παῦλος
1390 2731 1436 2789 δ’
1466 2733 1662 2790 ἐκεῖθεν
1694 2734 1923 2808 ἀπάρας,

281 2820 420 2893 πρὸς
447 2821 547 2890 τήν
592 2821 792 2896 Συρίαν
842 2818 1035 2879 ἔπλει⁸
1076 2822 1154 2885 είς
1204 2824 1432 2902 Ἔφεσον
1480 2821 1537 2879 δὲ
1586 2823 1779 2892 ἐλθὼν,
1831 2821 1927 2896 μέ.

280 2928 395 2963 νειν
432 2909 807 2985 ἠναγκάζετο·
868 2913 969 2982 τὴν
1029 2910 1076 2968 δ’
1135 2913 1330 2989 ἑορτὴν
1387 2920 1489 2984 τῆς
1550 2916 1925 2984 Πεντηκοστῆς

281 2995 375 3053 ἐπῖ
431 2998 789 3075 Ἰεροσόυλμα
837 3000 1020 3057 τελειν
1083 2999 1173 3058 διὰ
1229 3000 1470 3074 σπουδῆς
1530 2998 1697 3079 ἔχων,
1759 3001 1924 3077 ἐξῄει.

283 3086 417 3161 Πλῷ
465 3087 523 3144 δὲ
569 3091 944 3168 χρησάμενος,
1002 3097 1070 3168 τῇ
1130 3098 1232 3163 τῆς
1292 3091 1659 3164 Παλαιστίνης
1728 3099 1927 3149 Καισα-

284 3176 401 3250 ρείᾳ
474 3174 839 3255 προσϐάλλει.
918 3182 1152 3237 Ἐκεῖθεν
1244 3179 1302 3237 δὲ
1389 3183 1465 3246 εἰς
1567 3182 1926 3257 Ἰεροσόλυμα

284 3267 547 3342 γεγονὼς,
580 3268 659 3331 εἰς
705 3270 804 3341 τὴν
858 3267 913 3325 ἐν
963 3272 1136 3346 Συρίᾳ
1183 3271 1523 3349 ’Δντιύχειαν
1569 3274 1727 3342 ἥκει⁶
1782 3270 1926 3328 ἐκεῖ·

286 3359 372 3414 θεν
433 3357 687 3429 ἐξελθὼν,
753 3360 855 3430 τὴν
941 3360 1207 3417 Γαλατίαν
1274 3363 1361 3417 καὶ
1447 3360 1689 3439 Φρυγαίν
1770 3359 1927 3437 διήρ-

289 3466 444 3522 χετο,
476 3449 574 3511 τὰς
605 3448 903 3521 ἐκκλησίας
946 3449 1426 3527 ἐπισκεπτόμενος.
1480 3454 1578 3509 Καὶ
1632 3450 1927 3517 Ἀπολλὼς

288 3535 343 3593 δέ
394 3559 477 3601 τις
536 3537 939 3617 Ἀλεξάνδρειαν
997 3540 1232 3617 πατρίδα
1276 3542 1487 3620 αὐχῶν,
1540 3541 1705 3618 λόγου
1743 3563 1804 3599 τε
1833 3540 1924 3599 δυ-

286 3629 446 3703 νάμει
501 3634 739 3704 κρατῶν,
798 3628 1098 3705 ἀποδείξεσι
1158 3629 1405 3706 στεῤῥαῖς
1483 3637 1643 3688 πᾶσιν
1718 3631 1923 3687 ἐδείκνυ

281 3718 373 3774 τὸν
417 3719 646 3795 Χριστὸν
693 3720 829 3776 εἶναι
880 3722 971 3777 τὸν
1021 3724 1151 3797 παρ’
1207 3719 1391 3786 αὺτοῖς
1440 3720 1920 3799 προσδοκώμενον.

281 3808 368 3880 Ἐξ
436 3808 661 3886 Ἑφέσου
728 3806 785 3864 δὲ
850 3809 925 3872 εἷς
995 3809 1255 3887 Κόρινθον
1318 3812 1580 3888 γεγονὼς,
1646 3809 1924 3889 παῤῥησίᾳ

279 3897 371 3952 τὸν
419 3903 520 3967 τῆς
585 3896 817 3961 πίστεως
885 3898 1051 3975 λόγον
1118 3899 1429 3976 ἐκήρυττεν.
1501 3902 1585 3956 Ἐν
1653 3898 1834 3973 τούτῳ
1865 3897 1923 3955 δὲ

282 3990 500 4050 Παῦλος
557 3985 619 4043 ἐκ
673 3988 860 4063 Σύρων
913 3996 1017 4066 γῆς
1072 3991 1147 4055 εἷς
1207 3992 1436 4069 Ἔφεσον
1495 3991 1640 4062 ἣκει.
1700 3990 1801 4047 Καὶ
1863 3986 1919 4044 ο’ί

284 4073 425 4151 μηδὲ
481 4077 567 4132 ὅτι
620 4082 838 4151 Πνεῦμα
886 4077 1041 4155 ἅγιόν
1088 4079 1231 4135 ἐστιν
1279 4076 1528 4155 ᾔδειααν,
1576 4083 1645 4154 τῇ
1688 4077 1920 4137 ἐπιθέσει

276 4171 384 4222 τῶν
450 4164 656 4223 ἐκείνου
712 4186 914 4243 χειρων
968 4168 1167 4244 ἀθρόον
1222 4164 1407 4245 ἔσχον,
1464 4170 1722 4243 ξενίζοντι
1768 4167 1920 4244 λόγῳ

277 4256 370 4312 καὶ
420 4257 617 4330 ὁμιλίᾳ
673 4258 980 4334 χρώμενοι,
1033 4257 1124 4314 καὶ
1170 4256 1371 4315 διετίαν
1415 4259 1554 4331 ὅλην
1608 4257 1685 4322 εἷς
1734 4256 1917 4316 Ἀσίαν

278 4343 685 4412 διατελέσαντος
713 4346 768 4403 ἐν
798 4349 982 4424 σχολῇ
1025 4349 1173 4414 τινὸς
1218 4351 1488 4426 Τυράννου
1534 4350 1633 4420 τὴν
1678 4347 1876 4419 κλῆσιν
1901 4367 1915 4383 ·

279 4435 353 4499 ὡς
408 4436 500 4491 καὶ
558 4435 758 4499 πάντας
820 4435 1119 4503 Ἰουδαίους
1174 4458 1233 4494 τε
1288 4438 1378 4494 καὶ
1437 4436 1713 4511 Ἓλληνας
1791 4437 1918 4493 εἷ’σω

272 4528 373 4581 τοῦ
436 4525 610 4602 λόγου
677 4525 884 4597 θέσθαι,
969 4523 1226 4602 δυνάμεσί
1303 4548 1362 4583 τε
1427 4529 1596 4600 ξέναις
1685 4522 1918 4599 ἔκδηλον

274 4610 537 4692 γενέσθαι,
603 4616 677 4677 ὡς
738 4615 829 4672 καὶ
897 4615 1159 4695 σουδάριά
1232 4638 1355 4675 τινα
1418 4619 1508 4675 καὶ
1592 4617 1913 4693 σιμικίνθια,

2041 2204 2231 2271 gentes
2256 2200 2574 2272 proﬁciscar
2600 2200 2664 2254 ³ο.
2699 2198 2780 2253 Ibi
2814 2213 3041 2269 quoque
3078 2204 3391 2270 Synagegm
3424 2196 3692 2267 princeps

2042 2289 2307 2362 Crispus,
2340 2306 2455 2345 una
2484 2305 2617 2344 eum
2650 2288 2898 2359 conjuge
2927 2291 2984 2343 et
3015 2287 3232 2353 liberis,
3267 2286 3529 2341 divinum
3552 2301 3689 2343 sus-

2039 2379 2270 2447 cipiunt
2299 2378 2679 2449 baptismum.
2736 2378 2969 2433 Annum
3012 2392 3181 2447 porro
3225 2374 3515 2445 integrum
3546 2391 3683 2431 cum

2038 2468 2282 2525 dimidio
2359 2466 2619 2524 Corinthi
2668 2465 2882 2522 Paulus
2931 2466 3058 2531 fuit,
3118 2468 3175 2521 et
3221 2463 3408 2521 Gallio
3455 2462 3684 2522 Achaia

2037 2557 2355 2615 Proconsul
2411 2574 2445 2614 a
2489 2554 2762 2614 tribunali
2800 2554 3033 2612 Judaaos
3086 2552 3310 2625 repellit
3343 2569 3356 2609 :
3390 2553 3681 2626 idemque:

2035 2661 2169 2705 cum
2203 2646 2518 2705 Sosthenes
2564 2646 2992 2716 verberaretur,
3042 2660 3143 2716 pro
3175 2642 3360 2700 nihilo
3401 2659 3525 2700 eam
3557 2658 3681 2700 rem

2035 2734 2265 2795 habuit.
2296 2736 2509 2793 Paulus
2553 2751 2687 2794 vero
2719 2734 2853 2791 inde
2882 2734 3195 2807 profectus,
3229 2732 3290 2790 in
3321 2733 3546 2807 Syriam
3579 2750 3680 2791 na-

2035 2825 2211 2898 vigat.
2247 2826 2535 2898 Ephesum
2576 2829 2772 2882 autem
2813 2840 2946 2881 cum
2977 2824 3248 2892 venisset,
3283 2839 3519 2881 manere
3548 2824 3681 2896 qui-

2037 2919 2170 2975 dem
2210 2919 2290 2976 ibi
2321 2924 2579 2991 tempore
2608 2919 2805 2991 alique
2836 2918 3154 2989 cogebatur
3188 2933 3202 2972 :
3235 2916 3453 2973 festum
3485 2921 3681 2973 autem

2037 3003 2190 3060 diem
2239 3004 2563 3075 proximum
2623 3003 3041 3077 Hierosolymis
3098 3018 3372 3076 peragere
3415 3002 3682 3074 cupiens,

2034 3092 2170 3149 inde
2209 3093 2371 3161 abiit,
2404 3099 2462 3152 et
2507 3094 2649 3151 mari
2694 3093 3014 3151 Cassarum
3056 3092 3368 3150 Palaestinas
3401 3091 3678 3163 pervenit.

2034 3183 2175 3239 Inde
2205 3182 2601 3256 Hierosolyma
2643 3182 2955 3256 profectus,
3004 3198 3136 3239 mox
3174 3181 3538 3239 Antiochiam
3582 3181 3682 3254 Sy-

2034 3272 2136 3329 rias
2179 3288 2415 3330 rursum
2462 3272 2670 3329 tendit.
2710 3270 2885 3330 I78
2919 3271 3083 3329 Unde
3131 3272 3342 3329 deinde
3388 3287 3679 3344 egressus.

2033 3361 2322 3423 Galatiam
2364 3365 2421 3419 et
2479 3362 2817 3436 Phrygiam,
2871 3360 3143 3419 ecclesias
3203 3361 3466 3429 visitans,
3516 3375 3681 3434 pera-

2033 3463 2163 3535 grat
2191 3457 2259 3512 ³¹.
2291 3452 2525 3527 Apelles
2556 3468 2689 3509 vero
2722 3452 2986 3525 quidam,
3019 3452 3207 3524 patria
3232 3450 3678 3514 Alexandrinus.

2033 3546 2378 3623 eloquentiae
2407 3545 2461 3601 vi
2493 3542 2741 3617 pollens,
2768 3542 3132 3615 argumentis
3166 3540 3679 3599 demonstrationi-

2031 3641 2257 3710 busque
2287 3635 2461 3693 certis
2488 3638 2658 3705 atque
2696 3632 2880 3688 ﬁrmis
2909 3631 3183 3688 omnibus
3224 3631 3678 3699 demonstrabat,

2030 3728 2328 3785 Christum
2360 3740 2496 3780 eum
2528 3738 2652 3780 esse
2682 3722 2796 3795 ‘qui
2828 3721 2900 3778 ab
2929 3720 3071 3793 ipsis
3102 3724 3548 3792 exspectaretur.
3579 3718 3680 3774 Hic

2029 3817 2261 3890 Epheso
2311 3813 2623 3887 profectus,
2674 3810 3015 3868 Corinthum
3079 3809 3325 3883 appulit,
3377 3812 3550 3880 atque
3598 3807 3681 3865 ibi

2032 3923 2251 3979 magna
2298 3920 2431 3961 cum
2482 3902 2748 3959 libertate
2796 3901 2929 3957 ﬁdei
2979 3902 3218 3956 verbum
3249 3896 3675 3971 depraedieavit.

2029 3998 2255 4055 Interea
2309 3991 2519 4049 Paulus
2548 4007 2616 4048 ex
2656 3996 2809 4048 terra
2847 3988 3014 4063 Syria
3041 3988 3337 4061 Ephesum
3386 3986 3540 4044 venit
3570 4002 3583 4042 :
3617 3990 3676 4044 et

2029 4085 2127 4158 qui
2158 4085 2238 4141 ibi
2275 4083 2467 4140 adhuc
2499 4081 2777 4153 Spiritum
2824 4083 3087 4137 sanctum
3136 4093 3265 4135 esse
3310 4076 3672 4145 nesciebant,

2027 4192 2158 4233 eum
2182 4187 2465 4231 manuum
2493 4169 2652 4227 illius
2673 4168 3046 4241 impositione
3066 4168 3300 4225 abunde
3322 4166 3677 4238 suscipiunt,

2027 4263 2473 4340 peregrinisque
2535 4260 2902 4318 sermonibus
2956 4262 3014 4316 et
3044 4258 3261 4332 linguis
3328 4257 3674 4331 loquuntur.

2024 4356 2334 4413 Biennium
2358 4350 2618 4411 totumin
2643 4348 2773 4407 Asia
2793 4348 3008 4406 Paulus
3039 4349 3264 4421 peregit
3283 4347 3343 4404 in
3374 4348 3678 4420 cujusdam

2026 4444 2248 4514 schola,
2282 4443 2379 4501 oui
2408 4457 2622 4499 nomen
2651 4441 2922 4513 Tyranno
2952 4443 3095 4497 erat.
3136 4438 3219 4495 lbi
3252 4454 3453 4497 omnes
3478 4440 3547 4511 ζει
3570 4437 3678 4495 Ju-

2025 4535 2180 4591 dasos
2210 4538 2268 4590 et
2322 4532 2546 4588 Graecos
2596 4530 2668 4586 ad
2707 4529 2949 4587 verbum
2988 4527 3344 4586 audiendum
3378 4527 3674 4599 pertraxit.

2023 4628 2200 4680 Fama
2239 4637 2408 4695 porro
2448 4618 2844 4676 inauditorum
2888 4620 3059 4677 antea
3100 4615 3515 4674 miraculorum
3547 4616 3674 4686 ejus

273 4705 461 4762 ἆθόνια
490 4702 703 4777 δηλαδή
736 4704 933 4780 λεπτὰ,
983 4711 1079 4763 τοῦ
1129 4710 1350 4787 χρωτὸς
1398 4708 1604 4765 ἐκείνου
1636 4708 1918 4781 ἁπτόμενα

2049 4709 2510 4780 nerebrescebat,
2544 4710 2688 4767 adeo
2721 4711 2787 4766 ut
2824 4707 3058 4766 sudaria
3098 4706 3361 4780 quaedam
3410 4710 3467 4761 et
3495 4702 3675 4760 semi-

277 4794 464 4870 μόνον,
507 4794 696 4859 νόσους
746 4796 949 4868 ἱᾶσθαι,
998 4798 1089 4853 καὶ
1139 4795 1362 4872 δαίμοσι
1406 4793 1611 4877 φοϐερὰ
1653 4797 1916 4854 καθίστα-

275 4887 433 4942 σθαιο
479 4883 567 4941 καί
615 4907 788 4957 τινας,
837 4885 1027 4961 ἱερέως
1078 4885 1121 4943 δ’
1171 4888 1307 4959 ἦσαν
1357 4885 1546 4952 παῖδες
1593 4893 1768 4944 Σκευᾶ
1814 4890 1913 4959 τὴν

273 4974 470 5047 κλῆσιν
511 4975 665 5047 ἑπτὰ,
720 4974 955 5051 ὁρκίζειν
1003 4974 1091 5034 ἐπὶ
1143 4980 1213 5051 τῇ
1266 4976 1463 5049 κλήσει
1521 4976 1743 5034 Παύλου
1787 4978 1916 5042 τοὺς

274 5064 535 5140 δαίμονας
566 5065 658 5120 καὶ
708 5063 951 5121 ἐλαύνειν
984 5085 996 5099 ·
1049 5065 1449 5141 ἐλαυνομένους
1481 5064 1539 5122 δὲ
1586 5065 1788 5145 λέγειν,
1818 5067 1909 5122 τὸν

277 5160 371 5229 μὲν
430 5152 648 5211 Παῦλον
706 5152 925 5227 εἰδέναι,
986 5155 1221 5220 ἐκείνους
1281 5153 1339 5212 δὲ
1391 5157 1590 5227 ἥκιστά
1638 5178 1701 5233 γε
1741 5155 1912 5232 γινώ-

273 5262 449 5302 σκειν⁶
508 5244 600 5301 καὶ
646 5243 1065 5322 ἐφαλλομένους
1113 5246 1449 5322 τραυματίας
1487 5245 1704 5302 ἐποίουν
1766 5243 1914 5319 μᾶλ-

269 5334 364 5393 λον
391 5334 629 5399 ἐκείνους
654 5353 669 5370 ⁸
702 5335 778 5397 ὡς
826 5336 916 5391 καὶ
966 5334 1085 5400 δέος
1126 5337 1383 5394 ἀκουσθὶν
1435 5338 1629 5392 ἅπασιν
1676 5335 1909 5392 ἐνιέναι·

267 5427 457 5482 θᾶττον
489 5422 549 5480 δὲ
593 5426 682 5481 καὶ
714 5424 844 5489 τοὺς
892 5424 945 5482 ἐν
990 5425 1277 5505 περιεργίᾳ
1327 5431 1532 5499 ζῶντας
1582 5426 1714 5505 πυρὶ
1761 5421 1911 5481 διδό-

265 5536 353 5574 ναι
381 5515 477 5580 τᾶς
506 5509 764 5592 βίϐλους,
812 5516 903 5573 καὶ
934 5518 1034 5591 τήν
1081 5520 1253 5595 τιμὴν
1305 5515 1527 5578 ἐκείνων
1556 5517 1609 5585 ἐς
1645 5512 1911 5595 μυριάδας

335 5725 384 5799 ³9
410 5729 535 5790 Act.
564 5742 733 5804 xvm,
759 5729 815 5789 6.
892 5729 939 5773 ³⁸
968 5733 1093 5790 Aet.
1128 5744 1288 5790 xvm.

2024 4800 2233 4860 cinctis
2271 4801 2500 4874 (tenues
2554 4798 2821 4857 videlicet
2856 4797 3064 4869 fascia)
3123 4810 3250 4869 quas
3298 4808 3510 4865 corpus
3547 4792 3675 4864 ejus

2024 4890 2372 4962 attigissent,
2404 4905 2535 4947 cum
2567 4890 2801 4947 morbos
2831 4890 3120 4953 curarent,
3153 4889 3277 4942 tum
3309 4882 3672 4941 dmmonibus

2024 4978 2413 5037 formidolosa
2444 4981 2660 5036 essent.
2710 4978 2890 5034 Erant
2930 4979 3205 5048 praeterea
3250 4974 3438 5030 Scesz
3470 4972 3671 5044 cujus-

2024 5070 2161 5126 dam
2191 5068 2511 5125 sacerdotis
2543 5068 2648 5123 filii
2698 5070 2942 5138 septem,
2969 5063 3069 5136 qui
3099 5063 3337 5119 nomine
3365 5061 3531 5120 Pauli
3560 5062 3672 5119 dm-

2023 5176 2228 5215 mones
2276 5158 2546 5229 adjurare
2611 5160 2669 5212 et
2720 5153 3007 5226 expellere
3050 5154 3341 5209 audebant
3380 5169 3395 5208 :
3447 5151 3544 5223 qui
3591 5150 3671 5207 ita

2022 5249 2226 5321 fugati,
2261 5247 2582 5304 Paulumse
2610 5246 2846 5317 quidem
2878 5243 3188 5309 scire,illos
3218 5247 3414 5300 autem
3441 5240 3667 5299 minime

2023 5355 2216 5408 nosse,
2268 5338 2516 5393 dicunt:
2568 5340 2745 5406 atque
2803 5350 2938 5389 eum
2992 5333 3214 5406 impetu
3269 5336 3327 5389 in
3360 5331 3489 5387 illos
3518 5333 3670 5387 insi-

2024 5427 2253 5499 Iientes,
2284 5442 2383 5483 eos
2440 5425 2879 5484 convulnerant.
2911 5424 3273 5497 Quapropter
3309 5438 3402 5480 res
3451 5438 3519 5479 ea
3558 5438 3669 5479 au-

2023 5517 2166 5589 dita,
2209 5516 2487 5579 omnibus
2537 5515 2807 5577 timorem
2835 5513 3064 5577 incutit.
3106 5513 3237 5575 Mox
3266 5512 3439 5572 etiam
3469 5512 3572 5588 qui
3599 5528 3670 5571 ex

2641 5816 2677 5833 ..α-
