4016 6206
418 355 537 423 819
1715 355 2135 430 NICEPHORI
2180 363 2528 428 CALLISTI
3715 358 3830 417 390

421 493 670 552 curiosis
717 495 942 551 artibus
979 493 1272 562 vivebant,
1304 494 1486 552 libros
1543 511 1682 552 uos
1733 497 2070 568 vendentes,

2210 497 2449 574 ἱργυρίου
2505 494 2663 550 πέντε
2721 491 3113 569 συνεψήφίσθαι
3146 509 3160 524 ⁸
3227 487 3434 544 τούτων
3503 485 3828 562 γινομένων,

423 587 677 657 pretium
710 601 906 640 eorum
959 587 1028 640 ad
1073 586 1331 656 quinque
1378 585 1668 657 myriades
1697 587 2065 643 denariorum

2210 587 2310 660 ῖρὸς
2374 582 2582 660 βουλῆς
2640 585 2710 652 ἦν
2773 580 2978 654 Παύλῳ
3039 579 3128 634 διὰ
3185 577 3292 634 τῶν
3369 576 3700 634 Μακεδόνων
3759 577 3832 682 εἷς

421 677 696 747 redigunt
722 676 822 748 (1).
855 677 955 730 His
979 692 1146 747 porro
1178 677 1257 731 ita
1287 676 1455 744 actis,
1497 676 1553 732 in
1595 677 1790 732 animo
1820 677 2068 734 habebat

2210 672 2428 748 Ᾱχαιίαν
2477 671 2676 742 ἐλθεῖν,
2725 672 3012 726 κάντεῦθεν
3066 665 3394 742 ἀναστρέψαι
3445 666 3522 728 εἷς
3599 665 3834 739 Ἱεροσό-

2523 761 2535 768 .
2603 757 2641 768 -.
2773 763 2796 768 _
2998 757 3011 768 .
3074 759 3167 768 ._.
3355 753 3464 768 η.-
3571 756 3634 768 -.
3785 751 3824 768 ..ε

422 765 640 821 Paulus
671 781 773 835 per
821 765 1218 821 Macedoniam
1269 771 1461 836 petere
1491 765 1792 832 Achaiam,
1832 775 1886 822 et
1933 768 2068 823 inde

2217 784 2350 835 υμα,
2414 761 2546 834 μετᾶ
2599 757 2656 815 δὲ
2703 763 2866 814 τοῦτο
2925 757 3016 812 καὶ
3073 759 3294 830 Ῥώμην
3355 753 3511 810 ῖδεῖν.
3571 756 3724 816 Τέως
3783 751 3832 806 δὲ

422 852 624 908 reverti
683 852 1103 924 Hierosolyma,
1136 854 1344 908 deinde
1379 854 1618 910 Romam
1651 856 1826 910 etiam
1859 856 2068 921 videre,

2210 876 2232 905 ν
2303 849 2458 922 Ἀσίᾳ
2529 844 2842 924 διατρίϐων.
2901 847 3168 921 Τιμόθεον
3253 845 3342 900 καὶ
3417 846 3693 918 Ἔραστον
3763 841 3832 904 εἷς

422 941 562 997 Cum
594 945 788 996 autem
849 941 1041 997 adhuc
1083 943 1144 998 in
1188 943 1326 998 Asia
1375 947 1550 1010 esset,
1595 944 1968 1000 Timotheum
2015 947 2072 998 et

2211 941 2405 1015 σπέραν
2475 935 2792 1012 διέπεμψεν.
2869 938 3134 995 Ἐνταῦθα
3211 936 3533 1009 Δημήτριος
3599 934 3628 988 6
3670 932 3834 1007 ἀργυ-

420 1032 682 1085 Erastum
714 1029 771 1084 in
804 1030 1160 1086 occidentem
1197 1031 1372 1086 misit.
1415 1031 1502 1086 Ibi
1541 1037 1664 1087 tum
1717 1032 2070 1098 Demetrius,

2210 1031 2440 1101 ιοκόπος,
2492 1030 2680 1102 ὅτιπερ
2731 1025 2884 1098 αὗτῷ
2927 1027 2979 1081 o't
3009 1029 3213 1101 χρυσοῖ
3259 1025 3370 1079 θεοὶ
3421 1025 3833 1097 παρεώρανται,

423 1118 585 1174 faber
624 1120 1010 1190 argentarius,
1056 1123 1209 1188 quod
1252 1121 1432 1188 aurei,
1465 1137 1613 1192 quos
1663 1121 1934 1189 faciebat,
1969 1123 2068 1186 dii,

2210 1118 2406 1174 Ιαύλου
2460 1120 2811 1195 καταφρονεῖν
2855 1113 3167 1183 πείσαντος,
3217 1111 3457 1188 τάραχον
3509 1110 3611 1165 οὐκ
3653 1109 3838 1185 ὀλίγον

423 1206 600 1262 Paulo
629 1206 765 1262 illos
817 1208 1108 1279 despicere
1159 1211 1568 1280 persuadente,
1615 1210 2072 1282 negligerentur,

2210 1207 2451 1288 Εφεσίοις
2506 1205 2658 1273 ἒνίει,
2721 1202 3072 1260 ἀπολωλέναι
3132 1202 3306 1277 λέγων
3381 1200 3564 1271 θεοὺς,
3613 1200 3672 1256 ἓν
3734 1221 3836 1254 κιν-

426 1295 746 1351 tumultum
772 1313 888 1352 non
922 1314 1162 1368 parvum
1199 1299 1401 1366 Ephesi
1442 1301 1689 1355 excitat:
1723 1301 1930 1354 Actum
1954 1315 2076 1356 esse

2210 1297 2328 1369 ἒύνῳ
2387 1293 2444 1350 δὲ
2491 1296 2578 1350 καὶ
2631 1294 2694 1348 τὸ
2742 1294 2886 1368 ἱερὸν
2937 1299 3040 1362 τῆς
3098 1292 3227 1365 παρ’
3277 1292 3466 1352 αὐτοῖς
3513 1292 3838 1364 τιμωμένης

429 1386 502 1439 de
527 1385 660 1450 diis,
695 1386 1127 1457 periclitarique
1185 1388 1358 1442 etiam
1393 1387 1701 1460 templum,
1751 1407 1876 1460 quae
1919 1390 2072 1460 apud

429 1473 584 1542 ipsos
628 1473 939 1543 celabatur,
1001 1475 1214 1541 Diana},
1272 1476 1582 1547 quiritans.
1615 1477 1837 1550 Vulgus
1879 1479 2078 1548 itaque

433 1561 625 1616 furore
654 1567 711 1616 et
755 1563 1150 1634 indignatione
1184 1567 1486 1635 percitum,
1521 1571 1744 1638 Magna,
1778 1567 2078 1632 exclamat,

431 1649 791 1720 Ephesiorum
819 1653 1031 1718 Diana;
1065 1660 1120 1708 et
1151 1655 1400 1724 impectu
1425 1655 1686 1711 belluino
1710 1658 1988 1728 quosdam
2011 1673 2078 1712 ex

2187 1383 2507 1459 Ἀρτέμιδος
2557 1383 2726 1438 εἶναι·
2773 1380 2828 1436 ο’ί
2880 1378 2946 1449 δὴ
3001 1380 3092 1436 καὶ
3141 1381 3299 1453 θυμῷ
3343 1379 3665 1452 νικώμενοι.
3719 1385 3840 1434 Με-

2183 1472 2364 1549 γάλη
2398 1475 2433 1542 ἡ
2483 1474 2819 1548 νΑρτεμις
2872 1471 3234 1548 Ἐφεσίων,
3284 1463 3500 1522 ἐϐόων⁸
3549 1467 3642 1522 καὶ
3695 1469 3838 1541 ὁρμῇ

2189 1560 2386 1616 συώδει
2419 1561 2725 1636 χρώμενοι,
2765 1559 2916 1620 τινὰς
2965 1563 3073 1613 τῶν
3117 1561 3216 1612 τοῦ
3263 1557 3482 1612 Παύλου
3533 1557 3836 1631 συνέσχον·

2185 1653 2276 1706 καὶ
2339 1651 2385 1705 εὶ
2457 1651 2532 1724 μή
2595 1651 2622 1704 ὁ
2681 1646 3036 1723 γραμματεὺς
3103 1647 3232 1708 στὰς
3302 1643 3686 1720 Ἀλέξανδρος,
3743 1647 3837 1714 τήν

433 1738 600 1794 Pauli
631 1741 1016 1796 sectatoribus
1049 1744 1586 1813 comprehendit.Ac
1619 1747 1729 1800 nisi
1761 1747 2083 1802 Alexander

438 1829 629 1884 scriba
659 1829 1012 1899 consistens,
1036 1831 1266 1886 sublata
1291 1833 1348 1886 in
1373 1834 1555 1888 altum
1583 1850 1783 1900 manu,
1807 1835 2080 1889 suavibus

440 1915 875 1972 multitudinem
931 1919 1302 1975 demulsisset
1331 1921 1540 1989 verbis,
1575 1923 1812 1979 fortasse
1843 1923 2086 1980 Paulum

439 2013 631 2074 ipsum
663 2006 832 2059 etiam
867 2005 1318 2064 interemissent.
1372 2011 1478 2075 Qui
1509 2012 1734 2082 Epheso
1764 2013 2088 2080 discedens,

441 2085 502 2147 in
535 2093 928 2148 Macedoniam
963 2095 1374 2165 proficiscitur,
1407 2099 1680 2155 ecclesias
1713 2101 2089 2158 confirmans.

442 2185 632 2252 Atque
663 2181 796 2236 inde
847 2182 906 2236 in
939 2182 1218 2238 Graeciam
1255 2187 1432 2242 venit.
1466 2191 1620 2245 174
1651 2191 1932 2246 Ceterum
1964 2207 2094 2246 cum

443 2271 524 2326 ibi
557 2286 590 2324 a
619 2268 840 2324 Judaais
871 2271 920 2326 ei
954 2277 1318 2328 struerentur
1346 2275 1830 2344 insidiae,rursum
1853 2297 1956 2351 per
1981 2280 2097 2334 Ma-

447 2357 748 2412 cedoniam
807 2361 1136 2415 revertitur.
1198 2362 1602 2434 Sequebantur
1646 2383 1776 2422 eum
1836 2369 2095 2440 Sopater,

447 2447 838 2514 Aristarchus,
895 2453 950 2502 et
1001 2450 1370 2506 Timotheus.
1441 2454 1730 2526 Tychicus
1788 2463 1982 2514 autem
2041 2463 2100 2514 et

448 2535 818 2606 Tropbimus,
843 2537 1066 2603 Asiani,
1113 2539 1210 2609 qui
1256 2550 1694 2611 praecesserant,
1741 2547 1964 2602 Troade
2003 2563 2101 2602 eos

448 2625 879 2693 exspectabant.
916 2625 1129 2680 Paulus
1177 2644 1348 2698 porro
1393 2647 1513 2688 una
1563 2650 1696 2688 cum
1733 2635 1885 2691 Luca
1915 2639 2104 2705 (erant

449 2716 578 2767 tum
623 2715 971 2784 Azymorum
1027 2715 1176 2788 dies)
1223 2719 1510 2791 Philippis
1557 2725 1836 2779 Troadem
1879 2730 1934 2780 et
1979 2726 2105 2797 ipse

451 2801 626 2854 venit.
679 2801 762 2856 Ibi
811 2803 903 2856 die
943 2803 1326 2862 Sabbatorum
1371 2825 1508 2877 una,
1544 2827 1677 2866 cum
1713 2812 1928 2869 Paulus
1968 2832 2107 2870 con-

455 2889 680 2942 cinnem
749 2889 982 2960 longam
1044 2893 1306 2962 haberet,
1383 2901 1440 2951 et
1505 2900 1690 2955 oratio
1732 2901 1791 2956 in
1853 2903 2105 2959 mediam

459 2979 688 3030 noctem
739 2979 1176 3048 produceretur.
1238 2984 1581 3042 adolescens
1623 2989 1862 3058 quidam
1921 2993 2106 3063 Euty-

459 3065 820 3136 chus,",qui
850 3065 910 3120 in
943 3067 1226 3126 fenestras
1256 3073 1505 3141 quodam
1541 3077 2108 3148 sedebat,verhorum

461 3152 744 3206 suavitate
787 3151 1106 3224 delibutus,
1145 3161 1202 3211 et
1249 3158 1307 3212 in
1348 3175 1620 3217 somnum
1649 3165 2108 3234 lprofundiorem

2189 1741 2354 1815 χεῖρά
2383 1761 2442 1795 τε
2473 1740 2550 1802 εἷς
2582 1739 2716 1814 ὕψος
2758 1738 3036 1815 διαγαγὼν
3083 1736 3272 1806 ἡπίοις
3322 1735 3516 1811 λόγοις
3561 1737 3836 1803 καθίκετο,

2191 1831 2319 1904 τάχ’
2367 1829 2427 1883 ἂν
2483 1828 2571 1884 καὶ
2623 1826 2840 1883 Παῦλον
2898 1825 3316 1904 διεχειρίσαντο.
3369 1828 3454 1895 Ἐξ
3503 1825 3744 1902 Ἐφέσου
3789 1823 3838 1878 δὲ

2193 1924 2311 1979 τοῖς
2367 1918 2566 1992 μέρεσι,
2607 1914 2942 1978 Μακεδονίας
2991 1909 3323 1990 προσϐαλὼν
3355 1915 3381 1968 6
3413 1913 3662 1979 Παῦλος,
3717 1935 3842 1982 στη-

2201 2009 2362 2084 ρίζων
2411 2009 2506 2071 τὰς
2565 2006 2881 2077 ἐκκλησίας,
2957 2005 3204 2080 πρόσεισι
3261 2009 3330 2078 τῇ
3383 2003 3638 2062 Ἑλλάδι.
3691 2007 3844 2062 Ἐπι-

2199 2095 2410 2166 ϐουλῆς
2441 2095 2499 2151 δὲ
2527 2098 2664 2170 πρὸς
2717 2093 2999 2152 Ἰουδαίων
3057 2095 3313 2172 ῥαφείσης
3343 2095 3514 2166 αὐτῷ,
3551 2096 3836 2168 ἀνέστρεφε

2202 2185 2290 2241 διὰ
2339 2183 2666 2242 Μακεδόνων
2715 2183 2886 2246 αὖθις.
2933 2185 3000 2241 Οἱ
3057 2183 3180 2257 περὶ
3251 2184 3552 2259 Σώπατρον
3621 2181 3704 2250 δὲ,
3759 2183 3844 2236 καὶ

2203 2273 2558 2348 ’Δρίσταρχον
2622 2275 2712 2328 καὶ
2777 2271 3042 2346 Τιμόθεον
3109 2273 3258 2344 αὐτῷ
3341 2269 3562 2327 ε’ίποντο
3597 2291 3612 2303 ’
3685 2271 3738 2326 οἵ
3791 2293 3848 2346 γε

2210 2365 2316 2438 μὴν
2375 2364 2640 2432 Ἀσιανοὶ,
2697 2363 2930 2436 Τυχικός
2987 2383 3047 2416 τε
3101 2362 3190 2416 καὶ
3263 2363 3564 2440 Τρόφιμος,
3637 2360 3848 2434 προελ-

2209 2454 2382 2516 θὲντες
2440 2451 2492 2506 ἐν
2559 2447 2773 2525 Τρῳάδι
2841 2449 3037 2512 αύνοὺς
3103 2451 3444 2525 περιέμενον.
3515 2450 3740 2513 Παῦλος
3797 2446 3850 2502 δὲ

2210 2539 2420 2613 σύναμα
2466 2545 2671 2610 Λουκᾷ,
2725 2539 2928 2614 ἡμέραι
2987 2537 3044 2594 δὲ
3098 2545 3205 2594 τῶν
3261 2540 3512 2612 Ἀζύμων
3574 2539 3738 2610 ἦσαν,
3799 2537 3854 2592 ἐκ

2211 2627 2507 2682 Φιλίππων
2567 2629 2644 2692 εἷς
2699 2627 2932 2704 Τρῳάδα
2983 2630 3074 2684 καὶ
3123 2627 3280 2690 αὐτὸς
3331 2631 3484 2697 ἧκεν.
3535 2630 3746 2685 Ἐκεῖσε
3803 2626 3856 2682 δὲ

2210 2722 2318 2773 τῶν
2371 2713 2666 2772 Σαϐὄάτων
2728 2722 2824 2792 μιᾷ
2868 2715 3126 2793 διάλογον
3173 2716 3434 2772 πλεῖστον
3485 2716 3716 2772 Παύλου
3763 2739 3860 2773 πε-

2211 2805 2542 2879 ποιημένου,
2637 2805 2802 2881 μέχρι
2877 2807 3229 2880 μεσονυκτίου
3298 2807 3325 2860 ὁ
3393 2805 3560 2880 λόγος
3637 2807 3856 2880 προῄει.

2211 2895 2438 2957 Νεανίας
2471 2893 2528 2950 δὲ
2555 2915 2640 2957 τις
2687 2892 2933 2971 Εὔτυχος
2981 2900 3060 2966 τῷ
3113 2893 3292 2968 μέλιτι
3349 2899 3458 2948 τῶν
3509 2893 3702 2968 λόγων
3761 2917 3861 2966 κη-

2216 2983 2506 3056 λούμενος,
2567 2983 2656 3038 ἐπί
2715 3005 2859 3046 τινος
2917 2981 3140 3058 θυρίδος
3189 2985 3656 3058 ὑπερκαθήμενος,
3711 2985 3861 3056 ὕπνῳ

2219 3073 2372 3148 βαθεῖ
2427 3075 2762 3150 κατάσχετος
2817 3072 3076 3149 γεγονὼς,
3123 3073 3230 3128 ἀπὸ
3277 3075 3373 3128 τοῦ
3415 3074 3712 3146 τριστέγου
3765 3095 3863 3128 πε-

2219 3163 2344 3231 σὼν,
2387 3163 2576 3235 νεκρὸς
2642 3161 2835 3218 ἔκειτο.
2905 3162 3126 3224 Παῦλος
3194 3159 3250 3216 δὲ
3313 3161 3495 3234 τούτῳ
3563 3163 3860 3230 ἐπιπεσὼν,

459 3239 752 3309 delapsus,
794 3255 864 3294 ex
893 3242 1065 3298 tertia
1121 3247 1557 3318 contignatione
1605 3252 1842 3323 decidit,
1894 3260 1952 3311 et
1983 3273 2100 3312 mo-

2215 3253 2505 3326 παρηγγύα
2567 3253 2642 3324 μή
2701 3247 3048 3326 θορυϐεῖσθαι
3081 3272 3094 3284 ·
3151 3251 3204 3306 ἐν
3262 3251 3410 3323 αύτῷ
3464 3251 3568 3326 γὰρ
3625 3248 3708 3308 ἔτι
3765 3254 3865 3322 τὴν

464 3329 629 3382 ritur.
663 3329 726 3383 Ei
757 3345 892 3385 vero
923 3331 1142 3396 Paulus
1175 3335 1541 3408 incumbens,
1577 3341 1725 3398 bono
1758 3345 1953 3400 animo
1979 3363 2104 3403 esse

465 3418 821 3489 minimeque
869 3435 968 3474 eos
1015 3422 1360 3480 tumultuari
1398 3429 1590 3498 jubet,
1644 3448 1771 3488 esse
1811 3435 2004 3490 adhuc
2044 3435 2103 3490 in

467 3505 702 3561 homine
737 3507 992 3562 animam
1021 3509 1308 3568 dictitans.
1336 3515 1420 3570 Ita
1441 3517 1677 3587 juvenis
1708 3521 2021 3578 incolumis
2051 3529 2108 3582 et

467 3596 688 3663 salvus,
722 3594 974 3652 multum
1006 3599 1090 3654 eis
1113 3601 1214 3671 qui
1237 3607 1564 3678 congregati
1590 3609 1836 3680 fuerant,
1864 3613 2106 3683 praebuit

465 3683 680 3738 laetitia:
709 3685 810 3754 etj
839 3687 1211 3744 ucunditatis.
1272 3691 1336 3746 Et
1395 3695 1684 3769 colloquio
1725 3700 1796 3754 ad
1834 3718 2103 3758 auroram

469 3787 657 3843 usque
687 3775 987 3844 producto,
1032 3777 1164 3833 inde
1195 3779 1334 3850 abit,
1379 3787 1548 3854 atque
1579 3785 1941 3860 Mitylenem,
1973 3808 2106 3846 mox

469 3862 713 3918 Samum
761 3864 917 3918 venit
949 3883 963 3933 ;
998 3869 1054 3921 et
1093 3870 1382 3941 Trongylii
1421 3889 1553 3929 cum
1599 3880 1932 3946 mansisset,
1971 3881 2108 3936 inde

469 3950 730 4008 Miletum
762 3954 905 4020 adit,
951 3956 1538 4032 Hierosolymilanum
1587 3964 1696 4021 iter
1732 3985 1962 4040 urgens.
2006 3971 2107 4024 Mi-

469 4041 582 4096 leto
615 4057 784 4112 porro
819 4047 1156 4102 sacerdotes
1205 4048 1582 4120 Ephesiorum
1615 4056 2110 4130 ecclesiarumque

467 4130 766 4198 episcOpos
795 4132 1058 4199 accersit,
1111 4151 1453 4209 moremque
1506 4147 1562 4197 et
1609 4144 1783 4200 vitam
1816 4147 1896 4202 eis
1939 4164 2106 4204 suam

467 4225 908 4284 commemorat,
960 4226 1023 4274 ut
1070 4223 1333 4278 videlicet
1379 4228 1526 4281 nihil
1573 4231 1654 4284 eis
1683 4249 1879 4288 earum
1913 4251 2110 4291 rerum

467 4320 588 4372 quae
621 4305 934 4374 profuturas
966 4310 1217 4374 fuerant,
1249 4312 1504 4370 indicare
1548 4317 1937 4392 intermiserit,
1989 4341 2112 4396 pae-

470 4393 892 4486 nitentiamque
922 4401 980 4449 et
1005 4397 1178 4452 tidem
1207 4399 1261 4453 in
1294 4401 1589 4459 Christum
1619 4409 1888 4472 privatim
1922 4393 2116 4486 et—pu-

471 4480 620 4535 blice
677 4483 1025 4537 testiﬁcatus
1082 4485 1362 4583 docuerit.
1409 4490 1651 4551 Proinde
1683 4512 1778 4554 eos
1829 4480 2111 4585 hortatur,

2215 3342 2402 3419 ψυχήν
2449 3340 2736 3416 ἐφιζάνειν.
2790 3343 2888 3396 Καὶ
2918 3343 2946 3396 6
2975 3347 3104 3404 παῖς
3155 3342 3316 3416 ὑγιής
3343 3341 3429 3410 ἦε,
3479 3339 3706 3410 πολλὴν
3747 3347 3864 3398 τοῖς

2217 3428 2656 3504 συνειλεγμένοις
2734 3432 3036 3510 παρασχὼν
3124 3430 3432 3504 εὐθυμίαν*
3502 3429 3582 3494 είς
3661 3429 3742 3486 ἕω
3809 3429 3866 3486 δὲ

2211 3521 2314 3588 τὴν
2373 3519 2598 3592 ὁμιλίαν
2657 3517 2910 3591 ἐκτείνας,
2979 3518 3158 3594 ἐξῄει·
3227 3519 3319 3574 καὶ
3381 3517 3472 3574 διὰ
3539 3520 3866 3590 Μιτυλήνης

2215 3608 2306 3662 καὶ
2357 3609 2546 3680 Σάμου
2595 3609 2648 3664 ἐν
2696 3615 2775 3682 τῷ
2819 3609 3148 3686 Τρογγυλίῳ
3179 3609 3496 3686 γενόμενος,
3547 3610 3626 3670 εἷς
3677 3609 3866 3680 Μίλη-

2216 3717 2308 3751 τον
2359 3698 2517 3766 ἦλθε,
2567 3699 2666 3765 τήν
2715 3698 2852 3772 πρὸς
2899 3696 3254 3772 Ἱεροσόλυμα
3297 3695 3407 3768 ἤδη
3459 3697 3864 3771 στελλόμενος·

2217 3782 2278 3838 ἐκ
2319 3786 2568 3855 Μιλήτου
2625 3783 2682 3840 δὲ
2745 3787 2874 3850 τοὺς
2939 3787 3102 3862 ἱερεῖς
3171 3785 3432 3859 Ἐφεσίων
3507 3788 3866 3860 μεταστειλα-

2222 3893 2399 3948 μενος,
2458 3876 2549 3929 καὶ
2603 3873 2730 3936 τοὺς
2797 3880 2906 3930 τῶν
2975 3873 3280 3945 ἒκκλησιῶν
3346 3873 3704 3946 ἐπισκόπους,
3769 3879 3858 3932 τὸν

2217 3961 2409 4016 ἑαυτοῦ
2441 3963 2561 4032 βίον
2603 3964 2692 4016 καὶ
2741 3963 2944 4037 τρόπον
2995 3961 3251 4034 ὑπετίθει,
3284 3962 3358 4022 ὡς
3407 3964 3474 4016 οὗ
3525 3961 3860 4019 διεστείλατο

2221 4047 2392 4120 μηδὲν
2427 4071 2480 4104 τι
2524 4054 2632 4105 τῶν
2683 4051 2990 4122 ὀνησόντων
3037 4051 3230 4122 εἰπεῖν,
3279 4052 3378 4120 τήν
3407 4071 3468 4105 τε
3501 4052 3578 4115 εἷς
3623 4054 3860 4126 Χριστὸν

2223 4141 2506 4212 μετάνοιαν
2534 4141 2624 4194 καὶ
2676 4140 2858 4196 πίστιν
2909 4139 3020 4212 ἰδίᾳ
3087 4161 3148 4194 τε
3193 4141 3283 4195 καὶ
3331 4138 3578 4213 δημοσίᾳ
3627 4141 3864 4215 διαμαρ-

2217 4229 2512 4303 τυρόμενος
2555 4247 2570 4262 ⁶
2620 4229 2910 4304 προσέχειν
2957 4251 3018 4284 κε
3075 4231 3287 4291 ἑαυτοῖς
3335 4231 3424 4284 καὶ
3491 4235 3572 4302 τῷ
3619 4231 3866 4304 ποιμνίῳ

2222 4315 2276 4372 ἐν
2338 4318 2383 4390 ᾧ
2433 4319 2494 4373 τὸ
2555 4322 2770 4391 Πνεῦμα
2813 4320 2877 4374 τὸ
2926 4319 3082 4396 ἅγιον
3135 4319 3328 4380 αὐτοὺς
3382 4317 3719 4382 ἐπισκόπους
3767 4344 3862 4377 κα-

2220 4406 2376 4460 θίστα
2409 4426 2421 4440 ·
2491 4413 2781 4482 γρηγορεῖν
2855 4429 2915 4463 τε
2999 4409 3088 4463 καὶ
3149 4407 3510 4482 μνημονεύειν
3579 4415 3692 4464 τῶν
3779 4410 3864 4466 ἐπὶ

2221 4494 2458 4568 τριετίαν
2493 4495 2630 4566 ὅλην
2678 4499 2964 4552 νουθεσιῶν
3009 4496 3196 4566 αὐτοῦ,
3236 4498 3325 4552 καὶ
3373 4496 3501 4560 τοὺς
3553 4498 3680 4553 ὅσον
3713 4499 3864 4556 οὔπω

467 4577 533 4628 ut
563 4577 618 4625 et
647 4587 707 4624 se
733 4576 789 4624 et
816 4586 1040 4641 greges,
1083 4573 1140 4628 in
1187 4577 1402 4646 quibus
1449 4597 1546 4638 eos
1593 4586 1843 4656 Spiritus
1875 4573 2100 4648 sanctui

2223 4581 2681 4658 ἒγερθησομένους
2739 4584 2939 4647 λύκους
2994 4591 3063 4660 τῇ
3117 4585 3420 4658 Ἐκκλησία
3477 4588 3664 4662 βαρεῖς
3700 4609 3716 4622 ·
3777 4591 3864 4644 καὶ

473 4660 778 4730 episcopos
809 4659 1235 4733 constituisset,
1257 4671 1472 4724 attente
1504 4684 1792 4746 curarent,
1827 4687 1886 4732 ut
1919 4680 2114 4750 vigila-

465 4753 613 4815 rent,
655 4747 978 4820 seduloque
1034 4749 1501 4812 cobortationum
1569 4747 2108 4839 praeceptorum—que

465 4850 726 4904 suorum,
778 4853 905 4908 qua:
954 4855 1052 4894 eos
1096 4840 1341 4898 triennio
1389 4850 1507 4902 toto
1548 4850 1865 4920 docuisset,
1911 4857 2108 4912 memi-

465 4926 717 4993 nissent,
746 4935 797 4982 et
833 4933 896 4982 ut
919 4927 1090 4998 lupos
1121 4931 1379 4988 ecclesiis
1401 4951 1599 5004 graves
1622 4939 1868 5012 jamjam
1905 4945 2107 5000 adven-

461 5019 625 5070 turos
646 5018 1257 5090 caverent.Multisque
1289 5028 1564 5092 praeterea
1594 5031 1912 5086 commodis
1931 5037 2105 5104 atque

461 5105 706 5160 utilibus
741 5106 913 5162 rebus
961 5109 1258 5178 expositis,
1307 5127 1440 5168 cum
1488 5117 1672 5171 multo
1721 5119 1981 5189 planctu,
2016 5124 2106 5178 vix

459 5195 698 5250 tandem
729 5194 801 5250 ab
850 5195 934 5250 eis
965 5197 1252 5263 avellitur,
1286 5205 1342 5256 et
1371 5219 1502 5257 cum
1535 5204 1753 5276 ingenti
1797 5209 2102 5282 desiderio,

463 5283 587 5354 ipse
616 5284 792 5339 simul
822 5289 878 5340 et
911 5287 1172 5356 praebens
1228 5289 1523 5360 excipiens
1553 5296 1769 5364 oscula,
1801 5297 1861 5352 in
1894 5315 2102 5356 navem

463 5374 788 5430 deducitur.
821 5374 1023 5446 Itaque
1059 5377 1116 5432 in
1149 5377 1404 5435 insulam
1455 5380 1530 5437 Co
1569 5384 1843 5443 defertur.
1885 5388 2104 5448 Deinde

532 5521 580 5558 ³³
607 5523 734 5580 Act.
761 5538 855 5592 xx,
884 5523 938 5579 9.

535 5647 612 5728 (1)
645 5649 1070 5724 Quinquaginta
1101 5653 1282 5712 millia
1305 5657 1551 5730 argenti.

2221 4672 2410 4728 πολλᾶ
2437 4679 2544 4728 τῶν
2579 4674 2921 4754 ὀνησιφόρων
2960 4672 3116 4749 ἕτερα
3164 4673 3412 4744 διελθὼν,
3468 4677 3602 4748 μετὰ
3646 4679 3862 4752 Θρήνων

2221 4761 2471 4830 πολλῶν,
2521 4765 2694 4819 αὐτῶν
2739 4763 3042 4840 ἀπηλλάγη
3098 4763 3295 4838 μόλις·
3327 4769 3407 4836 τῷ
3455 4763 3656 4838 πολλῷ
3709 4771 3863 4840 πόθῳ

2215 4852 2391 4930 φιλῶν
2437 4853 2527 4908 καὶ
2577 4854 2932 4929 φιλούμενος,
2979 4853 3054 4915 εἰς
3107 4855 3168 4908 τὸ
3219 4853 3416 4908 πλοῖον
3469 4853 3860 4930 προεπέμφθη.

2213 4942 2496 5020 Ἀναχθεὶς
2553 4943 2642 4997 οὖν
2699 4943 2774 5005 εἰς
2835 4947 2953 5011 Κῶ,
3011 4945 3126 4997 εἶτα
3201 4943 3279 5006 εἲς
3333 4940 3516 4998 Ῥόδον
3589 4941 3858 5020 ἕρχεται’

2213 5029 2454 5084 κάκεῖθεν
2511 5027 2599 5084 διὰ
2653 5032 2945 5104 Παττάρων
2994 5029 3073 5094 εἷς
3119 5031 3381 5100 Φοινίκην
3423 5029 3474 5101 ἒξ
3527 5031 3714 5101 οὐρίας
3747 5031 3862 5107 ici-

2217 5138 2335 5192 ρετο
2366 5139 2378 5151 ·
2412 5117 2687 5190 εύώνυμόν
2723 5139 2783 5173 τε
2821 5120 2922 5186 τὴν
2969 5119 3182 5192 Κύπρον
3227 5117 3428 5188 λιπὼν,
3481 5119 3603 5174 εὐθὺ
3659 5121 3858 5194 Συρίας

2213 5205 2388 5263 ἔπλει.
2427 5207 2583 5280 Τύρῳ
2639 5207 2819 5262 τοίνυν
2877 5207 3199 5283 προσσχὼν,
3251 5207 3380 5279 πλῷ
3437 5207 3592 5271 αὗθις
3637 5212 3854 5284 χρησάο

2218 5318 2393 5370 μενος,
2461 5295 2536 5358 εἰς
2607 5295 2975 5369 Πτολεμαΐδα,
3045 5298 3160 5352 εἶτα
3225 5297 3302 5359 εἰς
3373 5299 3692 5364 Καισάρειαν
3759 5307 3858 5368 τῆς

2211 5385 2578 5456 Παλαιστίνης
2610 5385 2776 5455 ἦλθεν
2803 5403 2814 5418 °
2861 5385 2938 5447 εἰς
2985 5386 3076 5441 τὸν
3125 5384 3270 5441 εἳκόν
3315 5407 3374 5442 τε
3419 5388 3518 5440 τοῦ
3571 5384 3854 5464 εὐαγγελι-
