4016 6206
189 401 301 461 8‘21

1204 401 1837 467 ECCLESIASTIG/E
1880 400 2272 464 HISTORIA?
2314 398 2456 463 LIB.
2506 402 2579 461 ll.

3480 392 3598 462 822

182 534 312 585 στοῦ
370 527 681 599 Φιλίππου,
731 532 809 592 εἷς
867 528 925 585 δὲ
980 534 1090 585 τῶν
1141 532 1275 587 ἑπτὰ
1334 531 1598 590 διακόνων
1650 554 1834 606 ουτος,

1951 533 2240 600 Rhodum,
2295 537 2469 602 alque
2527 529 2659 586 inde
2706 545 2809 601 per
2867 529 3066 585 Patara
3121 527 3181 583 in
3244 528 3599 585 Phoenicium

179 620 450 692 ξενίξεται.
510 619 703 693 Τούτῳ
762 618 829 690 δὴ
894 621 974 692 τῷ
1050 621 1317 697 Φιλίππῳ
1386 626 1477 680 καὶ
1567 624 1829 700 θυγάτρια

179 707 314 776 ἦσαν
391 706 456 778 δ’,
513 712 871 786 προφητικῶν
950 709 1232 784 ἠξιωμένα
1303 720 1593 787 χρησμῶν.
1660 715 1829 770 ’Ένθα

179 798 267 852 καὶ
317 796 547 861 πλείους
605 796 816 872 ἡμέρας
867 794 1163 875 διατρίϐων
1208 800 1296 871 ἦν.
1328 805 1505 857 ’Ὀπου
1548 801 1614 872 δὴ
1664 803 1755 858 καὶ
1804 804 1831 858 6

177 888 473 963 προφήτης
518 881 752 962 Ἄγαϐος
801 885 861 943 ἐκ
906 895 1010 958 τῆς
1057 887 1323 953 Ἰουδαίας
1386 892 1697 969 γενόμενος,
1736 889 1830 954 τάς

179 996 236 1031 τε
263 982 459 1051 χεῖρας
505 975 599 1031 καὶ
645 973 818 1040 πόδας
864 982 963 1034 τοῦ
1012 979 1235 1036 Παύλου
1281 980 1465 1054 ἱμάντι
1510 978 1678 1052 δήσας
1730 987 1832 1050 τῆς

184 1067 361 1137 ζώνης
414 1066 579 1124 ὰύτοῦ
624 1063 1032 1147 προειφοίϐαζε,
1067 1067 1265 1147 λὲγων,
1317 1095 1346 1124 ‹‹
1397 1069 1531 1128 Τάδε
1579 1069 1722 1147 λέγει
1769 1071 1831 1125 τὸ

182 1160 411 1230 Πνεῦμα
461 1158 645 1234 ἅγιονο
676 1158 777 1213 Τὸν
828 1156 996 1232 ἄνδρα
1032 1163 1227 1216 τοῦτον
1276 1160 1418 1216 οὕτω
1467 1158 1731 1232 δήπουσιν
1781 1160 1834 1216 ἐν

178 1248 553 1323 Ἰερουσαλὴμ
582 1245 857 1314 Ἰουδαῖοι,
900 1250 990 1303 καὶ
1039 1248 1456 1321 παραδώσουσιν
1512 1251 1592 1313 εἷς
1641 1255 1833 1329 χεῖρας

180 1332 366 1389 ἐθνῶν.
399 1358 429 1387 n
462 1337 563 1390 Καὶ
612 1333 678 1404 δὴ
724 1334 953 1392 πολλῶν
991 1335 1307 1413 ἐπεχόνσων
1343 1337 1615 1413 μηδαμῶς
1663 1339 1834 1395 ἐκεῖσε

179 1420 245 1493 δὴ
294 1423 541 1497 γενέσθαι
577 1426 671 1480 τὸν
724 1424 969 1496 Παῦλον,
1002 1428 1030 1482 6
1082 1426 1138 1482 δὲ
1189 1433 1448 1484 τοσοῦτον
1487 1430 1685 1504 ἀπεῖχε
1714 1427 1836 1483 πεί-

179 1514 388 1581 θεσθαι,
446 1514 521 1576 ὡς
579 1514 645 1569 οῦ
698 1515 864 1587 μόνον
925 1512 1143 1585 δεθῆναι
1194 1514 1502 1587 διετείνετο,
1549 1517 1694 1574 ἀλλὰ
1742 1517 1833 1573 καὶ

175 1599 228 1657 ἒν
288 1602 502 1674 ἑτοίμῳ
559 1600 707 1677 ἔχειν
761 1605 895 1678 ὑπερ
943 1609 1040 1659 τοῦ
1091 1605 1356 1679 ὀνόματος
1388 1608 1568 1677 Ἰησοῦ
1599 1608 1835 1681 Χριστοῦ

174 1692 382 1748 θανεῖν.
416 1697 534 1746 Τῶν
595 1689 653 1746 δὲ
711 1693 802 1746 σὺν
854 1692 1020 1765 αὐτῷ,
1069 1695 1139 1749 Τὸ
1196 1694 1414 1769 θέλημα
1461 1700 1562 1751 τοῦ
1611 1694 1834 1768 Κυρίου,

171 1778 538 1889 ἐξειπόντων,
586 1779 846 1857 γενέσθω,
895 1781 1111 1861 ἄφεθεῖς
1169 1785 1268 1853 τὴν
1332 1784 1407 1848 εἷς
1470 1784 1835 1862 Ἰερουσαλὴμ

180 1889 377 1944 ηγετο.

1939 622 2212 681 secundis
2238 622 2428 678 ventis
2456 618 2807 692 pervehitur.
2841 618 3178 691 Relictaque
3198 620 3267 674 ad
3302 619 3597 676 sinistram

1938 714 2122 785 Cypro
2152 716 2303 768 recta
2333 710 2393 765 in
2423 710 2650 782 Syriam
2674 708 2929 779 navigat.
2971 709 3199 780 Tyrum
3251 724 3425 780 porro
3466 724 3599 765 cum

1940 801 2338 874 applicuisset,
2388 814 2621 854 rursum
2650 797 2783 853 navi
2828 796 3274 867 Ptolemaidem,
3333 813 3400 854 ac
3459 796 3597 854 inde

1938 892 2249 949 Caesaream
2282 888 2598 945 Palaestinis
2643 887 2819 944 venit.
2876 886 2979 941 Hic
3030 885 3283 957 hospitio
3339 901 3586 958 evange-

1940 981 2089 1038 lista
2111 978 2387 1050 Philippi,
2418 978 2516 1048 qui
2548 994 2704 1032 unus
2734 993 2803 1031 ex
2838 980 3062 1047 septem
3121 975 3382 1031 diaconis
3439 980 3586 1046 erat,

1941 1070 2247 1143 excipitur.
2273 1068 2336 1124 Ei
2371 1071 2624 1141 quatuor
2681 1065 2812 1121 filiis
2842 1064 3003 1121 fuere
3052 1081 3197 1135 quas
3246 1064 3400 1121 Deus
3455 1082 3589 1122 ora-

1943 1160 2124 1217 culari
2174 1165 2232 1216 et
2292 1156 2627 1229 prophetico
2689 1156 2841 1211 dono
2899 1154 3174 1225 dignatus
3234 1161 3374 1210 erat.
3432 1155 3591 1224 Apud

1943 1248 2100 1306 hunc
2132 1264 2263 1304 cum
2297 1246 2492 1317 plures
2523 1245 2649 1300 dies
2678 1251 2937 1299 maneret
2994 1241 3231 1309 Paulus,
3288 1257 3356 1298 eo
3416 1242 3593 1298 etiam

1940 1339 2179 1410 Agabus
2211 1336 2494 1409 prOpheta
2508 1350 2573 1390 ex
2588 1333 2808 1402 Judaea,
2825 1332 3004 1397 venit,
3028 1329 3069 1385 ‘l
3091 1328 3192 1386 75
3215 1330 3597 1401 corrigiisque

1942 1445 2098 1486 zona:
2133 1426 2319 1495 Pauli,
2353 1442 2561 1482 manus
2593 1426 2888 1496 pedesque
2945 1421 3209 1479 vinciens
3267 1437 3424 1488 suos,
3474 1419 3596 1475 Nu-

1948 1518 2108 1575 mine
2139 1517 2371 1573 afﬂatus
2408 1531 2421 1570 :
2458 1536 2487 1566 «
2535 1514 2687 1582 Haec,
2749 1511 2969 1585 inquit,
3023 1509 3293 1584 Spiritus,
3356 1518 3592 1566 sanctus

1940 1606 2203 1680 praedicit
2241 1623 2254 1661 :
2287 1606 2369 1661 Ad
2403 1604 2560 1659 hunc
2592 1603 2835 1658 modum
2876 1602 3062 1656 virum
3113 1599 3271 1654 hunc
3317 1598 3506 1654 Judaei
3537 1599 3596 1653 in

1940 1695 2263 1753 Jerusalem
2294 1694 2585 1766 ligabunt,
2611 1690 2748 1747 etin
2771 1705 2979 1746 manus
3001 1688 3263 1761 gentium
3288 1687 3536 1743 tradent.
3566 1707 3594 1736 ››

1945 1787 2308 1856 QuaprOpter
2337 1799 2471 1839 cum
2506 1779 2748 1838 Paulum
2775 1778 2946 1835 multi
2980 1795 3012 1833 a
3071 1776 3432 1849 profectione
3464 1775 3598 1831 llis-

1864 1859 1912 1925 Β
1943 1874 2361 1947 rosolymitana
2377 1872 2752 1928 dehortantes
2773 1868 3140 1932 distinerent,
3159 1870 3386 1921 tantum
3411 1864 3600 1920 abfuit

179 1967 246 2017 ut.
273 1962 376 2017 ille
408 1963 872 2034 persuaderetur,
905 1968 968 2021 ut
987 1982 1099 2023 non
1129 1967 1303 2024 modo
1332 1968 1538 2024 vinciri
1569 1967 1758 2035 vellet,
1788 1981 1986 2023 verum
2039 1966 2216 2021 etiam
2256 1967 2498 2020 mortem
2553 1960 2715 2016 obire
2772 1975 2876 2030 pro
2932 1956 3167 2014 nomine
3217 1955 3355 2011 Jesu
3392 1953 3601 2010 Christi

181 2057 453 2122 paratum
489 2068 551 2107 se
579 2068 706 2109 esse
744 2056 1141 2113 contenderet.
1175 2057 1270 2114 Eis
1300 2063 1494 2115 autem
1528 2058 1625 2130 qui
1669 2073 1804 2114 cum
1863 2072 1931 2114 eo
1987 2059 2173 2125 erant,
2234 2058 2297 2110 ut
2343 2051 2615 2109 voluntas
2662 2047 2890 2106 Domini
2944 2047 3132 2114 ﬁeret,
3189 2041 3596 2113 inferentibus,

183 2139 469 2198 dimissus
499 2140 597 2197 ille
626 2141 1089 2216 Hierosolymam
1122 2147 1299 2203 venit.

812 2256 1069 2309 ΚΕΦΑΛ.
1113 2254 1233 2309 KE'.

183 2338 280 2427 Ὠς
339 2338 368 2390 6
436 2336 699 2427 Παῦλος
755 2337 820 2393 ἐν
858 2341 1133 2427 ’βφέσῲλ
1164 2344 1689 2427 θηριομαχήσας
1730 2346 1833 2427 ἔξπὶ

253 2409 1270 2497 ἄρχοντνοςλἹερωνύμουίθείᾷ
1307 2409 1585 2490 δυνάμει
1648 2416 1836 2493 ὑπὲρ-

253 2482 451 2555 ref—{oc
493 2482 709 2558 ὤφθη.

255 2588 319 2641 Οἱ
382 2586 442 2643 δὲ
489 2588 588 2653 τὰς
630 2589 854 2646 Παύλου
902 2590 1191 2668 περιόδους
1238 2594 1650 2670 ἀναταξάμενοι,
1692 2595 1838 2652 ἄλλα

183 2697 243 2731 τε
282 2675 526 2734 πλεῖστα
570 2681 759 2737 παθεῖν
804 2702 865 2737 τε
912 2682 1025 2757 ἅμα
1075 2686 1167 2739 καὶ
1217 2682 1407 2761 δρᾶσαι
1452 2691 1644 2743 τοῦτον
1685 2687 1834 2743 ἱστό-

187 2786 381 2840 ρησαν,
414 2767 508 2821 καὶ
556 2765 624 2837 δή
664 2770 755 2824 καὶ
804 2768 952 2844 τόδε,
983 2772 1146 2841 ἡνίκα
1198 2771 1264 2844 δὴ
1293 2778 1362 2848 τῇ
1396 2772 1605 2853 Ἐφέσῳ
1633 2783 1832 2853 παρῆν.

184 2856 521 2930 Ἱερωνύμου
578 2859 679 2933 γὰρ
729 2859 1018 2935 ἄρχοντος,
1070 2862 1533 2938 παρῥησιάζεσθαι
1597 2867 1694 2939 μὲν
1747 2868 1838 2922 τὸν

187 2945 419 3002 Παῦλον
446 2965 460 2979 ·
490 2946 580 3001 καὶ
614 2944 792 3023 λέγειν
830 2950 924 3023 μὶν
972 2951 1030 3007 εὖ
1078 2951 1282 3009 ἐκεῖνον
1329 2952 1473 3030 ἔχειν
1519 2956 1686 3011 εἰπεῖν
1708 2973 1723 2988 '
1760 2959 1835 3030 μὴ

191 3032 378 3108 μέντοι
426 3040 535 3091 τῶν
583 3040 849 3094 τοιούτων
900 3039 1083 3118 λόγων
1138 3043 1274 3099 εἶναι
1322 3044 1531 3120 καιρόν.
1562 3047 1620 3101 Ὀ
1652 3044 1707 3100 δὲ
1736 3054 1838 3117 τῆς

2543 2247 2771 2306 CAPUT
2837 2246 3002 2302 XXV.

1950 2345 2189 2421 Ul_id_em
2218 2342 2425 2421 Paulus
2456 2339 2658 2411 Ephesi
2695 2338 2795 2394 sub
2845 2335 3106 2421 praeside
3145 2332 3472 2421 Hieronymo
3529 2330 3599 2421 ad

2020 2417 2230 2472 bellua:
2269 2407 2586 2480 damnatus,
2631 2426 2757 2467 cum
2805 2407 3009 2480 eisdem
3068 2407 3490 2478 depugnaverit,
3549 2411 3601 2459 et

2017 2488 2206 2544 divino
2234 2485 2453 2542 auxilio
2481 2479 2656 2540 victor
2701 2479 2954 2538 evaserit.

2014 2593 2229 2650 Verum
2277 2592 2571 2648 enimvero
2628 2587 2728 2661 qui
2798 2584 3185 2659 profectiones
3250 2581 3414 2639 Pauli
3489 2583 3590 2638 de-

1947 2684 2329 2756 scripserunt,
2363 2696 2495 2737 cum
2529 2677 2956 2752 quamplurima
2986 2674 3100 2731 alia
3134 2689 3269 2730 eum
3302 2670 3478 2728 simul
3537 2674 3595 2728 et

1949 2771 2175 2842 fecisse,
2231 2776 2291 2827 et
2339 2784 2581 2842 passum
2630 2782 2778 2833 esse,
2834 2769 2963 2820 tum
3011 2763 3121 2819 hoc
3179 2776 3409 2833 quoque
3457 2775 3592 2815 cum

1946 2860 2160 2932 Ephesi
2202 2863 2373 2926 esset,
2417 2858 2487 2913 de
2526 2872 2592 2912 eo
2650 2852 2943 2910 memoriae
3004 2851 3380 2906 mandarunt.
3444 2847 3594 2904 Cum

1947 2949 2106 3008 enim
2135 2949 2215 3005 ibi
2248 2946 2571 3022 principem
2601 2944 2795 3001 locum
2844 2942 3234 3013 Hieronymus
3284 2936 3595 3005 obtineret,

1948 3038 2135 3095 multa
2154 3054 2290 3095 cum
2313 3036 2576 3093 libertate
2606 3031 2823 3090 Paulus
2850 3034 2939 3087 est
2959 3028 3359 3087 concionatus.
3407 3025 3598 3090 Quare

188 3125 411 3187 πόλεως
457 3124 657 3200 δῆμος,
695 3130 954 3200 μεμηνὼς
985 3113 1207 3207 θράσει,
1249 3113 1461 3209 σιδήριρ
1508 3135 1635 3198 τοὺς
1686 3113 1835 3191 Παύ-

1950 3129 2337 3199 Hieronymus
2385 3124 2552 3181 illum
2583 3124 2731 3180 bene
2766 3120 3002 3193 quidem
3025 3124 3084 3175 et
3114 3117 3328 3174 diserte
3380 3113 3594 3181 dicere,

191 3212 293 3269 λου
348 3213 527 3277 πόδας
576 3212 875 3287 διαλαϐὼν,
907 3221 1051 3297 εἶργε
1102 3223 1198 3296 μὲν
1245 3228 1315 3298 τῇ
1364 3230 1575 3301 φρουρᾷ
1615 3224 1719 3290 ἕως
1771 3227 1836 3282 οὗ

188 3302 373 3358 λεουσι
436 3306 761 3379 παρατεθείη
823 3307 994 3383 βορά·
1037 3305 1366 3367 Εὐϐούλλαν
1422 3311 1480 3368 δὲ
1530 3314 1621 3369 καὶ
1651 3317 1837 3390 Ἀρτὲ-

188 3391 396 3464 μιλλαν
452 3394 688 3483 γαμετᾶς
729 3399 835 3450 τῶν
883 3399 1012 3474 παρ’
1056 3400 1327 3477 Ἐφεσίοις
1389 3401 1682 3483 ἐπιφανῶν,
1740 3428 1839 3480 μα-

184 3483 466 3553 θητιώσας
517 3481 662 3556 αύτῷ
716 3486 807 3540 καί
859 3487 1054 3550 νυκτὸς
1111 3481 1531 3567 περιφυομὲνας,
1584 3496 1684 3563 τὴν
1741 3499 1839 3550 τοῦ

187 3572 338 3625 θείου
384 3570 623 3647 λουτροῦ
670 3571 833 3651 χάριν
882 3574 1185 3632 αἰτεῖσθαι·
1236 3579 1410 3636 σθὲνει
1459 3578 1515 3636 δὲ
1558 3580 1836 3658 θειοτὲρῳ,

187 3660 280 3752 καὶ
312 3658 571 3736 ἀγγέλοις
604 3658 986 3741 δορυφοροῦσι,
1017 3666 1109 3721 καὶ
1158 3668 1249 3722 τὸν
1291 3676 1392 3739 τῆς
1440 3673 1630 3735 νυκτὸς
1675 3674 1839 3752 ζόφον

189 3751 258 3822 τῇ
318 3752 610 3841 περιουσίᾳ
665 3757 768 3841 τῇᾷς
823 3752 1050 3841 ἐνούσης
1126 3756 1330 3834 αἴγλης
1385 3751 1838 3841 καταφωτίζουσι,

188 3843 297 3907 τῆς
346 3835 604 3913 σιδηρὲας
651 3836 824 3911 πέδης
867 3840 960 3898 τὸν
991 3842 1209 3900 Παῦλον
1241 3835 1597 3921 ἀπολυθέντά,
1626 3849 1842 3907 τελέσαι

197 3928 297 3998 μὲν
352 3925 560 3989 ἐκείνας
614 3932 693 4000 τῷ
751 3928 880 4003 θείφ
941 3932 1274 4008 βαπτίσματι
1326 3936 1473 4012 παρᾶ
1527 3939 1626 4007 τὴν
1675 3940 1841 4008 ἄκτὴν

191 4014 634 4106 τῆς-θαλάσσης
678 4019 1005 4106 γενύμενον·
1047 4019 1276 4106 μηδενὸς
1335 4023 1393 4080 δὲ
1436 4032 1547 4083 τῶν
1593 4029 1692 4097 τήν
1744 4051 1846 4106 φυ-

196 4097 378 4169 λακὴν
428 4095 907 4174 ξπιτετραμμὲνων
952 4101 1348 4180 ἒπῃσθημὲνου,
1399 4107 1550 4174 αὖθις
1596 4095 1684 4166 ἐπὶ
1733 4095 1844 4167 τῶν

192 4184 419 4260 δεσμῶν
447 4188 764 4263 γενόμενον,
795 4189 880 4246 ἐπὶ
930 4192 1092 4266 βορὰν
1141 4198 1424 4270 τηρεῖσθαι
1473 4204 1590 4263 τοῖς
1637 4199 1840 4257 λὲουσι.

187 4279 346 4333 Λέων
408 4282 699 4353 τοιγαροῦν
759 4279 969 4356 μεγέθει
1029 4283 1282 4360 μέγιστος
1346 4288 1435 4342 καὶ
1499 4290 1599 4360 τήν
1670 4290 1844 4360 ἀλκὴν

186 4369 567 4431 ἀνυπόστατος
635 4371 754 4426 κατ’
813 4369 978 4428 αὐτοῦ
1062 4373 1296 4447 ἀφεθεὶς,
1355 4382 1720 4455 προστραμὼν
1790 4382 1842 4437 ἐν

1948 3217 2050 3275 sed
2081 3216 2402 3273 orationem
2445 3214 2575 3285 ejus
2631 3228 2747 3268 non
2804 3226 2935 3266 esse
2984 3222 3185 3265 eorum
3240 3210 3591 3278 temporum,

1946 3312 2195 3366 testatus
2216 3312 2323 3364 est.
2356 3305 2525 3362 Plebs
2554 3303 2792 3376 quidem
2832 3307 3009 3367 certe,
3068 3314 3172 3371 per
3217 3294 3585 3353 insolentiam

1946 3402 2004 3456 et
2067 3400 2345 3465 furorem,
2396 3394 2576 3452 Paulo
2643 3391 3021 3463 compedibus
3078 3386 3331 3459 injectis,
3381 3382 3595 3441 carceri

1948 3505 2083 3546 eum
2115 3488 2379 3555 includit,
2412 3487 2599 3541 donec
2643 3482 2911 3540 leonibus
2960 3481 3252 3535 vorandus
3309 3474 3595 3543 objicere-

1948 3579 2065 3631 tur.
2098 3576 2181 3631 lbi
2212 3579 2335 3630 tum
2361 3573 2586 3629 Eubula
2617 3575 2674 3627 et
2706 3566 3030 3635 Artemilla,
3061 3564 3351 3621 clarorum
3382 3560 3595 3631 Ephesi

1950 3666 2208 3720 virorum
2232 3664 2533 3734 conjuges,
2570 3660 2743 3715 ﬁdem
2801 3657 3020 3712 edoctae
3076 3670 3109 3708 a
3165 3648 3342 3706 Paulo
3393 3648 3593 3719 (noctu

1952 3756 2109 3811 enim
2131 3754 2230 3821 Ead
2256 3769 2390 3808 eum
2422 3749 2749 3819 veniebant)
2770 3744 2949 3802 divini
2978 3740 3190 3799 lavacri
3231 3737 3477 3809 gratiam
3522 3734 3596 3791 ab

1953 3860 2021 3900 eo
2052 3846 2275 3914 petunt.
2312 3843 2510 3913 Itaque
2532 3840 2746 3894 virtute
2775 3834 2968 3891 divina
3025 3837 3203 3901 atque
3237 3825 3480 3898 angelici
3506 3841 3596 3914 sa-

1952 3912 2145 3988 tellitii
2196 3912 2542 3998 ministerio,
2597 3926 2906 3998 caliginem
2937 3920 3173 3993 .noctis,
3219 3912 3601 3973 exuberantia

1954 4024 2280 4096 splendoris
2317 4020 2681 4089 'illustrante,
2725 4016 2944 4074 Paulus
2985 4011 3184 4069 ferreis
3216 4003 3599 4096 compedibus

1954 4092 2255 4180 liberatus,
2302 4110 2433 4166 illas
2493 4108 2691 4164 divino
2766 4103 3052 4176 baptismo
3083 4100 3153 4157 ad
3202 4098 3369 4153 littus
3418 4092 3599 4150 maris

1954 4203 2126 4260 nitiat
2152 4219 2165 4256 :
2203 4206 2259 4258 et
2287 4215 2423 4257 cum
2455 4199 2514 4255 id
2544 4212 2716 4255 nemo
2747 4194 3037 4259 omnium,
3086 4188 3300 4260 quibus
3329 4182 3601 4241 custodias

1954 4310 2095 4351 cura
2125 4290 2401 4350 mandata
2432 4291 2641 4358 fuerat,
2664 4285 2967 4352 sensisset,
2999 4280 3070 4337 ad
3099 4276 3333 4335 vincula
3361 4288 3599 4330 rursum

1953 4401 2081 4453 sua,
2105 4383 2167 4440 in
2196 4381 2412 4454 quibus
2468 4378 2737 4437 leonibus
2794 4390 2926 4431 esca
2971 4368 3397 4434 asservabatur,
3430 4361 3594 4454 redit.

181 4458 425 4564 ἓταδίιμ,
455 4461 604 4564 παρὰ
640 4460 1001 4564 τοῖςέκείνου
1044 4466 1203 4523 ποσὶν
1244 4451 1573 4529 ἀνεκλίνετο.
1606 4451 1837 4529 Πολλῶν

1951 4451 2074 4531 Sed
2095 4451 2251 4528 enim
2293 4469 2516 4543 ingenti
2574 4463 2977 4538 magnitudine
3031 4466 3088 4517 et
3141 4457 3348 4515 robore
3392 4451 3600 4509 intole-

183 4546 243 4605 δὶ
302 4551 400 4605 καὶ
477 4547 666 4606 ἄλλων
744 4551 915 4625 ὠμῶν
992 4554 1199 4630 θηρίων
1275 4557 1594 4636 ἀφιεμένων,
1663 4559 1842 4618 οὐδενὶ

181 4640 383 4713 ψαύειν
435 4642 536 4694 τοῦ
582 4640 735 4715 ἱεροῦ
786 4640 910 4711 ἐξῆν
966 4644 1220 4717 σώματος
1272 4646 1722 4723 ἄνεστηλωμένου
1773 4652 1844 4727 τῇ

178 4733 506 4804 προσευχῇ.
537 4730 750 4786 Τούτων
800 4728 859 4787 δὲ
907 4731 1050 4789 οὕτω
1095 4736 1413 4811 γινομένων,
1447 4740 1638 4811 ἀθρόον
1676 4741 1842 4815 ῥοίζῳ

178 4819 399 4892 πολλῷ
459 4816 669 4897 σφοδρᾶ
721 4842 805 4884 τις
857 4825 948 4876 καὶ
1011 4824 1290 4901 ὑπερφυὴς
1322 4825 1539 4901 χάλαζα
1581 4830 1844 4907 καταῤῥα-

180 4916 371 4987 γεῖσα,
436 4908 664 4997 συνέθλα
714 4911 809 4983 μὲν
865 4910 1092 4968 πολλῶν
1146 4912 1357 4984 ἀνδρῶν
1415 4917 1677 4994 verum"
1737 4921 1843 4997 οὐχ

178 4998 394 5069 ἥκιστα
445 4994 505 5053 δὲ
554 5000 645 5053 καὶ
693 5000 901 5073 θηρίων
925 5019 937 5033 ο
971 5003 1063 5055 καί
1103 5002 1270 5058 αὐτοῦ
1301 5001 1357 5060 δὲ
1386 5011 1483 5062 τοῦ
1512 4994 1842 5083 Ἱερωνύμου

181 5091 322 5161 μίαν
382 5089 652 5168 φθάσασα,
713 5088 985 5161 ἀποκνίζει
1041 5092 1105 5147 τὸ
1181 5092 1310 5157 οῦςο
1370 5096 1650 5153 κάντεῦθεν
1710 5099 1842 5172 μετᾶ

175 5182 291 5233 τῶν
356 5179 454 5232 σὺν
501 5179 653 5249 αύτῷ
700 5184 780 5253 τῷ
827 5179 1049 5236 Παύλου
1097 5187 1214 5255 Θεῷ
1263 5188 1525 5257 προσιὼν,
1556 5187 1619 5242 τὸ
1659 5191 1838 5260 σωτή-

177 5288 303 5341 ριον
372 5263 592 5337 ἐδέξατο
653 5267 952 5342 βάπτισμα.
984 5270 1041 5323 '0
1101 5268 1158 5325 δὲ
1213 5270 1350 5327 λέων
1410 5274 1583 5352 φυγὰς
1615 5275 1691 5339 εἷς
1738 5279 1837 5353 ὅρη

177 5353 420 5429 διέδρα·
479 5356 573 5409 καὶ
634 5356 853 5418 Παῦλος
920 5357 1118 5414 ἐκεῖθεν
1192 5359 1271 5425 εἷς
1343 5361 1674 5420 Μακεδονίαν
1748 5369 1839 5424 καὶ

171 5442 438 5502 Ἐλλάδα
466 5441 749 5500 κατέπλει.
784 5447 896 5503 Εἶτ’
926 5445 1079 5511 αὖθις
1114 5446 1202 5504 διὰ
1250 5450 1589 5518 Μακεδονίας
1640 5454 1838 5526 ἐλθὼν,

171 5534 259 5600 εἷς
305 5531 546 5610 Τρῳάδα
588 5535 679 5590 καὶ
730 5534 805 5599 εἷς
849 5535 1099 5609 Μίλητον
1150 5538 1325 5610 ἦλθε·
1368 5542 1613 5602 κάκεῖθεν
1663 5544 1841 5603 ἐστέλ-

1954 4563 2159 4633 rando,
2185 4561 2296 4629 leo,
2325 4564 2526 4616 contra
2552 4556 2749 4631 ipsum
2791 4552 3092 4609 immissus
3114 4548 3216 4621 (1),
3256 4546 3315 4601 in
3361 4558 3599 4599 arenam

1955 4628 2188 4726 quidem
2221 4650 2318 4706 ille
2368 4628 2697 4722 procurrit:
2750 4643 2851 4701 sed
2900 4656 3034 4698 mox
3082 4638 3152 4693 ad
3210 4634 3387 4726 pedes
3433 4628 3600 4726 Pauli

1950 4719 2232 4800 consedit.
2269 4741 2339 4796 Et
2369 4719 2505 4796 cum
2535 4736 2737 4793 itidem
2778 4734 2903 4790 aliae
2960 4730 3249 4785 immanes
3290 4722 3421 4777 ferae
3474 4719 3595 4774 im-

1951 4835 2344 4901 mitterentur,
2377 4849 2448 4890 ne
2477 4836 2716 4903 tangere
2746 4827 2981 4899 quidem
3010 4820 3128 4876 ulla
3174 4829 3405 4874 sacrum
3456 4827 3594 4868 cor-

1950 4943 2060 4998 pus
2090 4924 2162 4981 ad
2192 4923 2513 4980 orationem
2548 4924 2805 4977 erectum
2826 4920 2997 4984 atque
3027 4904 3438 4978 compositum,
3471 4917 3596 4998 sus-

1950 4987 2148 5067 tinuit.
2202 5012 2298 5066 llis
2358 5010 2471 5067 ista
2528 5008 2697 5071 actis,
2764 5002 3071 5070 derepente
3131 4995 3354 5063 fragore
3411 4987 3592 5045 multo

1949 5101 2265 5157 vehemens
2295 5103 2555 5171 qum-dam
2602 5104 2660 5151 et
2700 5093 2907 5148 mirum
2965 5088 3025 5141 in
3085 5085 3317 5139 modum
3379 5095 3595 5147 magna

1951 5190 2172 5264 grando
2206 5167 2499 5255 decidens,
2540 5183 2716 5242 I76
2757 5179 3072 5237 multorum
3113 5169 3287 5229 simul
3343 5173 3400 5224 et
3442 5167 3596 5264 viro-

1951 5297 2081 5337 rum
2111 5285 2168 5336 et
2197 5280 2443 5336 ferorum
2476 5274 2808 5332 animalium
2856 5263 3203 5323 comminuit
3253 5262 3463 5330 capita,
3505 5257 3595 5326 ip-

1950 5369 2195 5442 siusque
2251 5368 2425 5424 etiam
2484 5360 2816 5433 Hieronymi
2859 5371 3059 5412 aurem
3114 5351 3432 5420 amputat;
3493 5346 3595 5417 qui

1950 5439 2162 5514 deinde
2190 5474 2323 5514 cum
2349 5456 2471 5513 suis
2500 5470 2600 5525 per
2632 5450 2869 5508 Paulum
2923 5446 3039 5502 Deo
3087 5439 3459 5504 conciliatus,
3507 5451 3594 5489 sa-

1952 5547 2254 5607 lutiferam
2284 5545 2532 5619 suscipit
2562 5543 2877 5603 lavacrum.
2912 5536 3022 5595 Leo
3065 5537 3261 5592 autem
3309 5525 3408 5584 ille
3464 5540 3596 5600 pro-

244 5729 337 5803 (ι)
381 5724 763 5808 Θηρίομαχία,
796 5728 905 5791 hoc
928 5732 1017 5789 est
1055 5747 1250 5806 pugna
1282 5749 1411 5793 cum
1449 5735 1604 5811 feris,
1639 5735 1821 5803 Pauli,

1955 5754 2069 5811 qua
2101 5738 2122 5796 Ι
2152 5742 2279 5796 Cor.
2319 5751 2410 5795 xv.
