4084 6208
404 355 539 418 ,823

1726 347 2140 411 NICEPHORI
2185 349 2534 412 CALLlSTI

3697 347 3846 408 824

423 487 621 561 fagus,
655 487 714 544 in
747 491 974 544 montes
1027 485 1316 558 proximos
1365 485 1601 552 evadit;
1661 483 1879 540 Paulus
1939 485 2074 540 inde

2208 499 2314 539 tato
2351 483 2426 546 εἷς
2458 482 2839 557 Ἱεροσόλυμα.
2873 481 2939 539 Ei
2971 479 3030 536 δὲ
3069 484 3278 542 Λουκᾶς
3331 481 3408 554 μή
3453 485 3570 542 ταῖς
3609 479 3848 544 λοιπαῖς

425 580 484 635 in
520 577 914 634 Macedoniam
947 583 1000 633 et
1029 575 1308 633 Graeciam
1353 573 1703 631 transmittit
1735 592 1748 629 :
1784 591 1914 630 mox
1946 592 2082 631 rur-

425 685 557 725 sum
591 683 691 738 per
714 666 1114 722 Macedoniam
1148 665 1388 731 vadens,
1421 663 1708 720 Troadem
1733 667 1789 719 et
1819 663 2078 720 Miletum

425 757 724 814 contendit
780 762 952 828 atque
1000 755 1135 812 inde
1177 755 1418 810 tandem
1469 753 1866 826 Hierosolyma
1915 753 2080 825 proti-

423 846 674 908 eiscitur,
757 845 1082 902 Mirandum
1141 861 1273 901 vero
1322 861 1438 900 non
1494 846 1603 908 est,
1663 843 1875 900 Lucam
1931 843 2082 898 hanc

421 933 589 990 Pauli
621 950 754 990 cum
782 932 990 990 belluis
1023 948 1278 1006 pugnam
1333 931 1571 1002 reliquis
1603 931 1732 1000 ejus
1779 929 1924 986 actis
1965 947 2078 985 non

421 1023 760 1080 inseruisse.
824 1022 965 1078 Nam
1018 1023 1192 1078 etiam
1253 1022 1300 1076 si
1359 1037 1428 1076 ex
1484 1019 1862 1091 evangelistis
1920 1020 2080 1076 solus

421 1112 679 1170 Joannes
721 1111 920 1168 Lazari
951 1111 1454 1169 resuscitationem
1493 1112 1930 1178 commemoret,
1977 1110 2083 1165 mi-

423 1219 537 1260 nus
578 1205 774 1258 tamen
805 1203 876 1258 de
931 1201 1046 1258 fide
1100 1200 1456 1272 veritateque
1488 1201 1612 1272 ejus
1646 1199 2077 1272 ambigendum.

2184 575 2403 651 πράξεσι
2479 577 2569 633 καὶ
2651 577 2753 647 τήν
2841 573 3216 654 θηριομαχίαν
3294 571 3496 644 ταύτην
3557 573 3848 650 ἱστόρησε,

2187 667 2493 738 θαυμαστὸν
2553 665 2726 722 οὐδέν.
2789 661 2926 720 Ούδέ
2982 663 3086 739 γὰρ
3161 657 3530 742 ἀμφισϐητεῖν
3591 659 3694 732 δεῖ,
3755 663 3850 717 δτι

2191 755 2357 828 μόνος
2403 760 2510 811 τῶν
2566 755 2966 833 εὖαγγελιστῶν
3001 751 3251 823 Ἰωάννης
3303 753 3402 822 τὴν
3448 755 3548 806 τοῦ
3589 752 3852 824 Λαζάρου

2187 837 2391 918 ἔγερσιν
2457 841 2806 918 διηγήσατου
2867 842 2958 898 καὶ
3014 843 3119 919 γὰρ
3179 840 3362 912 ἴσμεν,
3393 842 3470 904 ὡς
3531 840 3592 897 οὗ
3649 841 3859 902 πάντες

2187 930 2390 985 ἅπαντα
2435 931 2764 1010 γράφουσιν,
2799 933 2834 1002 ἢ
2886 929 3250 999 πιστεύουσιν,
3297 927 3388 984 καὶ
3439 928 3852 1004 γινώσκουσιν·

2187 1016 2315 1074 ἀλλ’
2347 1019 2554 1093 ἑκάστῳ
2587 1022 2662 1084 ὡς
2697 1019 2940 1096 ἐμέρισεν
2985 1021 3013 1075 ὁ
3063 1020 3282 1095 Κύριος,
3315 1019 3388 1080 ὡς
3437 1018 3656 1091 ἑκάστῳ
3707 1016 3858 1072 διαι-

2189 1113 2272 1184 ρεῖ
2325 1110 2388 1164 τὸ
2449 1114 2702 1184 Πνεῦμα,
2752 1108 2897 1166 οὕτω
2953 1111 3044 1166 καὶ
3102 1114 3238 1180 νοεῖ,
3285 1109 3374 1164 καὶ
3430 1107 3700 1178 πιστεύει,
3757 1105 3858 1162 καὶ

2190 1195 2384 1274 γράφει
2413 1203 2798 1272 πνευματικῶς
2828 1200 2895 1254 τὰ
2925 1201 3024 1254 τοῦ
3057 1199 3394 1272 Πνεύματος.

425 1291 655 1348 Scimus
713 1291 889 1354 enim,
933 1307 1047 1348 non
1081 1306 1284 1348 omnes
1317 1291 1516 1346 omnia
1551 1289 1824 1356 scribere,
1871 1290 2125 1357 credere,
2187 1293 2244 1342 et
2291 1305 2487 1346 nosse.
2517 1290 2628 1346 Sed
2671 1290 2755 1347 uti
2799 1290 3098 1363 ulicuique
3136 1288 3372 1362 largitus
3404 1293 3496 1348 est
3533 1289 3858 1357 Dominus,

426 1385 483 1436 et
514 1384 576 1436 ut
606 1380 847 1438 cuilibet
899 1380 1107 1437 dividit
1154 1383 1212 1437 et
1269 1381 1572 1453 dispensat
1627 1379 1900 1450 Spiritus,
1961 1381 2043 1436 ita
2099 1379 2273 1436 etiam
2326 1380 2626 1453 intelligit,
2693 1382 2897 1450 credit,
2961 1386 3017 1438 et
3071 1382 3278 1438 scribit
3341 1381 3734 1455 spiritualiter
3791 1398 3865 1438 ea

427 1485 556 1542 quae
589 1473 726 1526 sunt
755 1469 1025 1542 Spiritus.

1032 1593 1271 1651 CAPUT
1301 1593 1501 1650 XXVI.

432 1705 508 1760 De
540 1699 800 1758 seditione
877 1700 1265 1772 Hierosolymis
1305 1699 1402 1754 sub
1443 1699 1666 1756 Claudio
1723 1704 1864 1768 orla,
1917 1703 1968 1756 et
2023 1698 2088 1755 de

497 1773 802 1843 impudenti
831 1774 1063 1828 audacia
1090 1772 1436 1828 sacerdotum
1489 1773 1585 1826 sub
1624 1774 1834 1828 Nerone
1885 1779 1935 1826 et
1987 1773 2084 1843 Fe-

497 1842 628 1900 lice:
662 1851 708 1898 et
741 1846 804 1900 de
859 1845 1214 1914 praedonibus
1255 1843 1496 1913 sicariis,
1551 1859 1651 1900 nec
1697 1859 1805 1902 non
1858 1842 2081 1915 pseudo-

505 1917 774 1988 prOphela
805 1919 1080 1989 Egyptio.

506 2103 645 2157 Cum
689 2101 758 2156 ad
820 2115 950 2156 eum
1003 2101 1240 2156 modum
1293 2100 1502 2156 Paulus
1545 2099 1616 2156 ab
1683 2099 2086 2172 bierosolymis

437 2207 668 2247 omnem
703 2192 1082 2248 circumcirca
1112 2191 1403 2261 regionem
1439 2192 1509 2246 ad
1559 2189 1856 2262 Illyricum
1901 2205 2087 2262 usque

435 2285 788 2354 peragraret,
859 2280 1136 2336 Claudius
1196 2278 1429 2336 Judaaos
1497 2281 1683 2336 Roma
1721 2279 1918 2350 exigit.
1979 2280 2086 2348 Qui

437 2386 571 2425 eum
606 2370 793 2426 adhuc
825 2375 1052 2441 sceptra
1098 2369 1346 2425 Romani
1375 2369 1602 2440 imperii
1659 2373 1901 2439 gereret,
1941 2368 2088 2441 ipsis

419 2443 668 2515 “Pascha:
701 2459 858 2515 feriis
883 2459 1291 2530 Hierosolymis
1313 2463 1472 2516 tanta
1521 2459 1731 2515 seditio
1769 2463 1826 2515 ct
1871 2457 2087 2515 tumul-

435 2551 532 2606 tus
563 2549 622 2604 in
655 2548 820 2620 plebe
849 2549 1064 2616 exsitit,
1097 2553 1162 2604 ut
1199 2565 1398 2606 eorum
1437 2553 1666 2605 tantum
1723 2549 2088 2619 Judteorum,

437 2639 538 2710 qui
571 2639 618 2694 vi
651 2654 721 2695 ex
767 2639 987 2711 templo
1031 2639 1186 2696 exire
1226 2639 1501 2709 volentes,
1555 2639 1710 2695 circa
1759 2640 1911 2696 fores
1959 2641 2088 2710 ejus

439 2727 768 2785 seinvicem
802 2729 1142 2801 premebant
1173 2733 1230 2785 et
1246 2729 1620 2798 collidebant,
1653 2730 1943 2801 myriades
1973 2735 2088 2787 tres

439 2818 789 2888 proculcatas
821 2819 972 2874 inter
1001 2835 1062 2874 se
1110 2823 1166 2874 et
1197 2823 1409 2874 enectis
1443 2818 1558 2874 sint
1599 2819 1698 2892 (1).
1733 2819 2091 2891 Quapropter

441 2909 652 2964 festum
687 2909 742 2962 id
766 2907 978 2980 populo
1001 2910 1162 2964 omni
1191 2909 1248 2964 in
1274 2910 1564 2981 ingentem
1613 2915 1704 2965 est
1747 2925 2086 2966 conversum

441 2996 689 3066 luctum,
723 3000 778 3053 et
801 2999 918 3052 fere
950 2998 1018 3052 ad
1052 3000 1258 3053 domos
1279 3014 1482 3053 omnes
1507 2997 1672 3053 dolor
1701 2996 1750 3052 is
1791 3003 1845 3054 et
1887 2998 2084 3068 planc-

440 3089 537 3141 tus
583 3084 860 3156 pervenit.
891 3085 1102 3158 [Multa
1169 3101 1400 3158 quoque
1453 3091 1724 3157 praeterea
1779 3085 1964 3142 Judaei
2021 3103 2086 3144 eo

2796 1600 3051 1652 ΚΕΦΑΛ.
3095 1595 3243 1670 κζ’.

2197 1700 2358 1778 Περὶ
2392 1708 2510 1778 τῆς
2551 1701 2611 1757 ἐν
2655 1701 3162 1778 Ἱεροσολύμοις
3203 1699 3310 1778 ἐπὶ
3351 1697 3860 1778 Κλαυδίου-γε-

2276 1770 2567 1862 νομένης
2613 1770 2944 1862 στέισεως·
2984 1770 3280 1862 κάἱοπερῖ
3327 1775 3444 1862 τῇς
3487 1770 3594 1862 ἐπί
3638 1770 3860 1848 Νέρωο

2266 1845 2372 1920 νος
2424 1847 2535 1920 καὶ
2576 1845 2878 1920 Φήλικος
2918 1850 3044 1900 τῶν
3094 1845 3327 1920 ἱερέων
3389 1845 3858 1920 θρασύτητος·

2265 1918 2360 1978 ἔτι
2424 1916 2490 1972 δὲ
2543 1917 2862 1993 καὶ-περὶ
2912 1921 3044 1993 ,τῶν
3093 1916 3468 1993 λεγομένων
3525 1917 3858 1993 σικαρίων

2265 1988 2686 2066 λῃστῶν·καὶ
2715 1985 2831 2046 τοῧ
2855 1985 3231 2066 Αἰγυπτίου
3257 1985 3860 2065 ψευδοπροφήτου.

2267 2101 2424 2156 Οὕτω
2485 2097 2542 2154 δὲ
2597 2102 2692 2154 τοῦ
2745 2096 2966 2154 Παύλου
3021 2099 3124 2168 τὴν
3177 2095 3284 2152 ἀπὸ
3337 2095 3712 2170 Ἰερουσαλὴμ
3767 2097 3860 2151 καὶ

2195 2190 2384 2264 κύκλῳ
2441 2188 2575 2265 ἄχρι
2631 2193 2729 2244 τοῦ
2775 2188 3088 2261 Ἰλλυρικοῦ
3147 2185 3485 2256 διανύοντος,
3548 2184 3860 2250 Ἰουδαίους

2196 2280 2417 2355 Ῥώμης
2500 2277 2792 2335 ἀπελαύνει
2867 2275 3164 2340 Κλαύδιος.
3223 2278 3427 2332 Τούτου
3505 2273 3566 2332 δὲ
3655 2271 3735 2332 ἔτι
3793 2277 3865 2332 τὶ

2199 2379 2448 2444 σκῆπτρα
2513 2375 2614 2438 τῆς
2691 2364 2968 2442 βασιλείας
3045 2366 3342 2436 ἷθύνοντος,
3391 2367 3528 2422 κατὰ
3585 2368 3693 2437 τήν
3751 2371 3856 2422 τοῦ

2209 2461 2403 2534 Πάσχα
2446 2458 2662 2531 ἑορτήν,
2707 2461 2823 2518 τοῖς
2871 2453 3286 2532 Ἱεροσολύμοις
3333 2455 3570 2525 τοσαύτη
3631 2457 3858 2533 ταραχή

2196 2551 2286 2606 xiii
2345 2547 2527 2612 στάσις
2585 2541 2869 2616 ἐπισυνέϐη
2927 2549 3008 2618 τῷ
3080 2543 3302 2615 πλήθει.
3362 2545 3440 2607 ὡς
3501 2544 3689 2617 μόνων
3745 2550 3860 2600 τῶν

2202 2641 2294 2716 βίᾳ
2339 2639 2462 2713 περὶ
2510 2637 2604 2700 τὰς
2651 2635 2872 2708 ἐξόδους
2911 2635 3334 2710 συνωθουμένων
3363 2637 3460 2692 τοῦ
3491 2637 3672 2710 ἱεροῦ,
3705 2642 3854 2710 τρεῖς

2202 2729 2468 2803 μυριάδας
2535 2725 2812 2782 Ἰουδαίων
2891 2725 3344 2798 συμπατηθέντας
3417 2727 3508 2782 ὑπ’
3575 2724 3850 2796 ἀλλήλων

2197 2819 2504 2884 ἀποθανεῖν,
2565 2817 2642 2878 εἷς
2697 2815 2891 2878 πένθος
2965 2836 3022 2872 τε
3081 2821 3380 2892 στραφῆναι
3439 2817 3716 2888 συμπαντὶ
3769 2819 3854 2888 τῷ

2197 2903 2336 2965 ἔθνει
2391 2910 2489 2978 τήν
2541 2907 2758 2981 ἑορτὴν,
2807 2903 3004 2980 σχεδὸν
3053 2907 3170 2961 κατ’
3221 2905 3393 2961 οἰκίαν
3453 2910 3700 2980 σχοῦσαν
3753 2907 3854 2961 τὸν

2198 2999 2412 3072 θρῆνον.
2450 2995 2671 3070 (Πολλὰ
2731 2993 2789 3050 δὲ
2835 2995 2924 3050 καὶ
2971 2996 3085 3067 ἅμα
3134 2996 3186 3050 οἱ
3226 2992 3482 3052 Ἰουδαῖοι
3525 2996 3668 3050 κακά
3691 3015 3852 3066 τηνι-

2197 3084 2324 3142 κάδε
2373 3085 2619 3158 ἔπαθον.)
2666 3089 2726 3138 Ὃ
2787 3082 2852 3154 δὴ
2912 3084 3002 3139 καὶ
3059 3084 3326 3154 Ἰώσηπος
3384 3085 3641 3154 ἱστορῶν,
3699 3083 3852 3140 οὕτω

441 3181 555 3233 tem
567 3193 700 3246 pore
713 3177 927 3246 experti
958 3177 1330 3248 perpessique
1353 3181 1490 3231 sunt
1513 3175 1703 3244 mala]
1729 3176 1897 3232 Hisce
1921 3195 2088 3248 porro

2208 3176 2337 3232 κατὰ
2389 3175 2528 3246 λέξιν
2579 3175 2746 3252 φησί·
2793 3197 2821 3226 ι(
2870 3171 3146 3235 Κλαύδιος
3189 3171 3584 3250 δὲ’ᾼγρίππαν
3613 3174 3850 3248 Ἀγρίπ-

443 3268 514 3324 de
544 3268 718 3325 rebus
755 3266 1046 3339 Josephus
1078 3283 1306 3338 quoque
1345 3267 1608 3324 scribens
1659 3269 1757 3338 (2),
1809 3269 1879 3324 ad
1931 3268 2086 3324 hunc

447 3357 688 3414 modum
737 3355 946 3412 refert:
1025 3375 1052 3407 ι
1149 3355 1425 3412 Claudius
1504 3361 1694 3412 autem
1774 3358 2088 3430 Agrippam

445 3445 703 3519 Agrippae
738 3446 1302 3516 tilium,Judinorum
1354 3460 1548 3518 regem
1598 3451 1770 3514 creat,
1829 3451 1886 3503 et
1929 3449 2088 3504 Feli—

445 3553 572 3594 cem
605 3535 824 3608 regioni
854 3536 1013 3592 omni
1045 3535 1320 3592 Samaria:
1350 3541 1407 3594 et
1447 3535 1714 3607 Galilaeaa,
1747 3540 1805 3594 et
1841 3539 1969 3610 ejus
1999 3539 2090 3594 in-

447 3642 625 3700 super
671 3641 799 3698 quae
860 3624 1053 3682 Per-aia
1099 3642 1202 3682 seu
1251 3631 1414 3682 trans
1487 3627 1802 3684 Jordanem
1851 3628 2087 3698 dicitur,

449 3720 878 3789 procuratorem
953 3715 1270 3773 constituit.
1339 3716 1446 3780 Qui
1515 3716 1792 3774 Claudius
1848 3717 2090 3791 imperio

450 3805 727 3862 tredecim
785 3805 954 3861 annis
1018 3812 1072 3861 et
1119 3805 1423 3862 mensibus
1481 3811 1609 3863 octo
1658 3807 2090 3878 administrata,

447 3895 691 3964 decedit,
779 3896 1064 3951 Neronem
1149 3894 1332 3950 tilium
1425 3912 1834 3954 successorum
1929 3899 2094 3956 relin-

449 3984 592 4054 quit.
631 4007 652 4034 ιι
689 3985 931 4040 Neronis
973 3999 1140 4054 porro
1189 3983 1574 4055 temporibus,
1639 3986 1824 4042 Felice
1878 3987 2093 4044 Judaeie

453 4073 800 4144 praesidente
821 4073 918 4144 (3),
954 4073 1103 4128 idem
1141 4073 1432 4144 Josephus
1487 4074 1546 4130 in
1601 4074 1874 4131 vicesimo
1939 4077 2093 4132 Anti-

453 4163 723 4232 quitatum
755 4161 1020 4228 libro,de
1059 4161 1211 4218 civili
1273 4163 1426 4218 inter
1475 4179 1536 4219 se
1594 4167 1962 4221 sacerdotum
2013 4167 2094 4222 fa-

453 4252 605 4305 tione
635 4255 809 4321 atque
831 4251 1135 4319 seditione,
1187 4251 1347 4307 hisce
1395 4253 1584 4308 verbis
1629 4261 2090 4312 commemorat:

461 4339 496 4395 Ι
521 4337 564 4396 7
583 4337 626 4396 7
657 4361 678 4392 ιι
709 4340 971 4396 Exoritur
987 4345 1178 4397 autem
1201 4341 1628 4413 et_Pontiﬁcum
1654 4343 1860 4400 seditio
1891 4349 2094 4402 contra

453 4430 782 4486 sacerdotes
829 4435 885 4486 et
943 4431 1228 4502 primores
1290 4431 1473 4502 plebis
1539 4433 2092 4507 llierosolymitanie.

2199 3288 2304 3322 που
2343 3263 2531 3337 παῖδα,
2563 3262 2837 3321 Ἰουδαίων
2887 3264 3176 3334 καθίστησι
3225 3263 3472 3338 βασιλέα,
3507 3263 3730 3334 Φήλικά
3785 3285 3844 3319 τε

2199 3364 2299 3426 τῆς
2356 3357 2542 3431 χώρας
2599 3355 2810 3424 ἁπάσης
2889 3352 3200 3427 Σαμαρείας
3256 3373 3315 3408 τε
3369 3353 3462 3408 καὶ
3519 3351 3840 3422 Γαλιλαίοις9

2201 3445 2290 3502 καὶ
2348 3441 2569 3520 προσέτι
2619 3447 2716 3514 τῆς
2765 3442 3206 3516 ἐπικαλουμένης
3257 3441 3490 3519 Περαίας
3549 3441 3839 3516 ἐπίτροπον

2202 3537 2501 3610 ἐκπέμψας.
2535 3535 2822 3605 Διοικήσας
2881 3531 2937 3588 δὲ
2993 3533 3153 3596 αὐτὸς
3210 3533 3306 3602 τὴν
3361 3533 3654 3608 ἡγεμονίαν
3703 3529 3840 3588 ἔτεσι

2202 3627 2416 3702 τέτρασι
2470 3625 2560 3680 καὶ
2619 3620 2745 3678 δέκα
2799 3623 2935 3697 πρὸς
2997 3623 3160 3696 μησὶν
3219 3621 3387 3694 ὀκτὼ,
3419 3623 3512 3677 τὸν
3567 3623 3684 3678 υἱὸν
3733 3623 3840 3680 Νέ-

2205 3741 2348 3797 ρωνα
2376 3725 2476 3788 τῆς
2507 3717 2685 3793 ἀρχῆς
2716 3713 2972 3792 διάδοχον
3013 3713 3330 3771 καταλιπὼν
3357 3715 3606 3787 τελευτᾷ.
3640 3740 3670 3768 n
3701 3717 3842 3772 Κατά

2207 3809 2263 3866 δὲ
2322 3809 2545 3883 Νέρωνα
2601 3805 2851 3878 Φήλικος
2907 3811 3009 3876 τῆς
3047 3803 3313 3868 Ἰουδαίας
3363 3803 3840 3880 ἐπιτροπεύοντος,

2203 3899 2385 3961 αὐτοῖς
2436 3897 2672 3974 ῥήμασιν
2722 3895 2872 3958 αὖθις
2910 3897 2938 3950 ὁ
2970 3896 3238 3966 Ἰώσηπος
3283 3896 3383 3964 τὴν
3435 3893 3511 3956 εἷς
3559 3893 3838 3964 ἀλλήλους

2204 3993 2312 4045 τῶν
2341 3987 2525 4063 ἱερέων
2559 3987 2739 4041 στάσιν
2773 3982 2878 4040 ὤδέ
2918 4005 3035 4046 πως
3083 3983 3134 4039 ἐν
3177 3984 3406 4056 εἰκοστῷ
3447 3983 3841 4064 ’Δρχαιολο-

2204 4077 2352 4155 γίας
2398 4079 2626 4154 γράφει·
2665 4099 2692 4128 ‹‹
2731 4075 3046 4148 Ἐξάπτεται
3097 4070 3152 4130 δὲ
3211 4073 3302 4128 καὶ
3359 4079 3477 4134 τοῖς
3533 4074 3842 4148 ἀρχιερεῦσι

2207 4166 2388 4230 στάσις
2443 4167 2579 4239 πρὸς
2636 4163 2762 4226 τοὺς
2836 4165 3018 4238 ἱερεῖς,
3068 4164 3159 4218 καὶ
3237 4161 3366 4226 τοὺς
3431 4164 3686 4238 πρώτους
3743 4169 3839 4219 τοῦ

2205 4256 2452 4328 πλήθους
2525 4259 2633 4310 τῶν
2692 4252 3116 4329 Ἱεροσολύμων.
3174 4251 3440 4314 Ἕκαστός
3517 4273 3576 4306 τε
3649 4252 3838 4316 αὐτῶν,

2207 4352 2392 4424 στῖφος
2439 4344 2736 4418 ἀνθρώπων
2787 4347 2891 4399 τῶν
2942 4343 3290 4418 θρασυτάτων
3339 4341 3428 4396 καὶ
3477 4346 3836 4416 νεωτεριστῶν

2206 4437 2378 4508 ἑαυτῷ
2461 4437 2718 4506 ποιήσας,
2800 4434 3025 4508 ἡγεμὼν
3112 4433 3198 4502 ἦν.
3279 4433 3378 4486 Καὶ
3453 4430 3840 4506 συρράσσοντες

451 4521 640 4591 Atque
673 4519 908 4592 quilibet
949 4521 1382 4577 temerariorum
1431 4523 1950 4595 novandarumque
2007 4542 2088 4582 re-

2208 4523 2571 4600 ἐκακολόγουν
2619 4544 2678 4580 τε
2719 4521 3004 4594 ἀλλήλους
3049 4521 3140 4577 καὶ
3189 4521 3364 4583 λίθοις
3413 4515 3653 4577 ἔϐαλλον
3679 4529 3694 4556 ⁸
3737 4519 3840 4577 ὁδ’

455 4627 580 4668 rum
614 4611 1004 4667 studiosorum
1031 4610 1333 4668 hominum
1357 4617 1552 4668 coacta
1575 4630 1772 4681 manu,
1803 4615 1920 4671 dux
1949 4620 2090 4671 erat.

451 4702 648 4773 itaque
678 4701 1156 4772 congressi'inter
1187 4717 1267 4768 se,
1305 4717 1438 4756 cum
1463 4701 1736 4758 conviciis
1757 4707 1932 4775 atque
1977 4723 2097 4762 ma-

456 4791 682 4846 ledictis
739 4791 834 4848 alii
893 4791 1038 4847 alios
1097 4789 1572 4860 proscindcbant,
1629 4796 1748 4846 tum
1797 4791 2094 4864 lapidibus

455 4897 686 4952 quoque
735 4897 793 4936 se
841 4880 1088 4936 invicem
1123 4880 1411 4951 petebant.
1447 4880 1640 4951 Neque
1683 4882 1781 4950 qui
1815 4881 1930 4936 lianc
1965 4900 2094 4953 pro-

453 4971 700 5038 hiberet,
734 4971 1048 5042 quisquam
1081 4971 1276 5025 aderat
1313 4985 1325 5024 :
1375 4970 1473 5024 sed
1513 4969 1635 5025 haec
1696 4971 1892 5026 omnia
1925 4975 2092 5042 quasi

453 5062 510 5115 in
547 5060 708 5128 urbe,
741 5063 930 5114 tutore
965 5061 1417 5128 magistratu-we
1477 5060 1632 5114 omni
1687 5071 1935 5130 carente,
1998 5079 2095 5131 per

525 5185 606 5256 (l)
636 5184 851 5240 Seditio
891 5184 1056 5256 inter
1111 5183 1341 5239 Judaeos
1399 5188 1452 5239 et
1499 5185 1816 5240 Samaritae
1857 5190 2092 5242 exorta:

457 5255 610 5313 unde
643 5255 938 5311 latrocinia
973 5261 1379 5327 provenerunt.
1411 5257 1739 5319 Quadratus
1794 5259 2095 5314 seditionis

457 5332 747 5401 principes
781 5330 836 5382 in
870 5345 1100 5401 crucem
1134 5328 1266 5398 egit.
1301 5327 1551 5398 (Joscpb.
1579 5328 1676 5385 lib.
1727 5347 1821 5399 xx,
1853 5347 1978 5399 cup.
2030 5332 2092 5386 11

455 5400 512 5458 οι
553 5405 617 5455 12
643 5419 655 5467 ;
681 5402 860 5456 Tucit.
894 5400 994 5454 lib.
1023 5401 1146 5470 x11.)

526 5473 604 5542 (2)
629 5473 747 5546 Hoc
772 5472 1082 5546 sicitidcm
1116 5472 1402 5543 reperitur
1423 5472 1576 5546 apud
1617 5471 1978 5546 Euseb._lib.
2031 5489 2093 5546 ιι,

457 5541 971 5614 εερ.ί19.1ιιίὶίυιῃ
1027 5541 1258 5599 tantum
1279 5541 1566 5599 tumultus
1615 5547 1742 5614 ejus
1797 5541 2094 5614 allegatur.

459 5613 904 5741 Seditigdautein
929 5616 1057 5687 ipsa
1087 5616 1252 5673 sicuti
1270 5632 1302 5672 a
1321 5613 2095 5686 Josepbocommemoratur,

463 5700 578 5740 non
611 5701 637 5738 a
729 5701 816 5741 uci
853 5703 938 5741 ur.

463 5700 578 5740 non
611 5700 938 5742 adducitur.

2205 4613 2522 4685 ἐπιπλήξων
2577 4614 2644 4683 ἦν
2695 4609 2822 4667 οὐδὲ
2867 4614 2965 4676 εἷς.
3021 4610 3178 4670 Ἀλλ’
3209 4611 3284 4674 ὡς
3333 4609 3385 4665 ἐν
3431 4611 3840 4685 ἀπροστατεύτῳ

2201 4703 2362 4760 πόλει
2417 4706 2564 4758 ταῦτ’
2622 4701 2914 4776 ἐπράσσετο
2995 4703 3108 4774 μετ’
3163 4699 3424 4772 ἐξουσίας.
3487 4701 3728 4770 Τοσαύτη
3787 4699 3842 4756 δὲ

2204 4792 2330 4854 τοὺς
2380 4791 2656 4868 ἀρχιερεῖς
2707 4784 3004 4846 κατέλαϐεν
3060 4787 3304 4844 ἀναίδεια
3341 4788 3432 4843 καὶ
3479 4786 3684 4862 τόλμα,
3713 4788 3842 4845 ὥστ’

2203 4882 2495 4956 ἐκπέμπειν
2554 4879 2784 4944 δούλους
2843 4878 3092 4952 ἐτόλμων
3153 4878 3238 4934 ἐπὶ
3295 4879 3393 4942 τὰς
3455 4877 3686 4950 ἅλωνας,
3717 4881 3840 4942 τοὺς

2205 4972 2554 5046 ληψομένους
2601 4973 2697 5033 τὰς
2743 4977 2856 5032 τοῖς
2901 4971 3131 5044 ἱερεῦσιν
3195 4968 3562 5048 ὀφειλομένας
3607 4966 3841 5032 δεκάτας.

2205 5061 2304 5118 Καὶ
2364 5057 2644 5116 συνέϐαινε
2693 5063 2819 5122 τοὺς
2865 5053 3277 5136 ἀπορουμένους
3339 5063 3448 5114 τῶν
3507 5057 3692 5133 ἱερέων
3741 5059 3842 5114 ὑπὸ

2274 5191 2352 5262 (3)
2377 5189 2532 5246 Felix
2562 5189 2768 5245 Judaaie
2827 5191 3152 5263 praefectus,
3214 5187 3531 5263 Drusillam
3579 5187 3842 5260 Agrippa

2205 5261 2490 5324 sororum,
2523 5263 2708 5318 Aziazi
2739 5261 3080 5318 Aniasorum
3129 5261 3282 5332 regis
3327 5261 3658 5331 conjugem,
3707 5277 3844 5315 uxo-

2205 5351 2327 5406 rem
2387 5334 2569 5389 duxit.
2637 5335 2897 5406 (Josepb.
2941 5334 3069 5406 eod.
3138 5349 3260 5403 cap.
3312 5333 3423 5404 14.)
3492 5353 3520 5382 (ί
3561 5332 3842 5406 Antonius

2207 5351 2327 5390 rem
2387 5336 2569 5389 duxit.
2637 5336 2897 5461 SJosepb.
2941 5336 3069 5389 eod.
3138 5349 3260 5403 cap.
3312 5336 3423 5404 14.)
3492 5353 3520 5382 (ί
3561 5336 3842 5389 Antonius

2207 5405 2360 5486 lfelix
2389 5407 2627 5486 Claudii
2673 5405 2916 5486 ibertus,
2948 5407 3008 5462 in
3030 5405 3237 5486 ,ludaea
3268 5419 3372 5486 per
3413 5419 3648 5486 omnem
3685 5405 3842 5460 sevi-

2203 5478 2347 5551 tiam
2374 5495 2438 5551 ac
2469 5477 2766 5551 libidinem
2791 5475 3148 5551 jue'regium
3179 5475 3378 5551 servili
3413 5475 3648 5551 ingenio
3685 5490 3846 5532 exer-

2206 5549 2357 5622 cuit:
2393 5549 2646 5606 Drusilla
2678 5547 3087 5622 Cleopalrae'et
3115 5547 3350 5622 Antonii
3390 5547 3562 5622 nepte
3609 5547 3670 5604 in
3727 5562 3844 5605 ma-

2205 5621 2543 5682 trimonium
2579 5619 2832 5693 accepta:
2862 5643 2892 5674 »
2925 5619 3129 5692 (Tacit.
3154 5619 3255 5676 lib.
3298 5619 3426 5691 xu.)
