4016 6206
231 362 348 423 835

1251 362 1873 427 ECCLESIASTlO/E
1917 360 2310 426 HISTORIJE
2351 361 2500 424 LIB.
2549 361 2624 422 ll.

3524 361 3642 424 836

229 492 435 556 ἐνδείας
491 492 910 568 ἀπολλυμένους
960 497 1202 571 θεωρεῖν.
1261 497 1446 561 Οὕτως
1511 498 1718 571 ἐκράτει
1777 505 1872 556 τοῦ

1986 498 2099 556 vim
2128 498 2370 572 impune
2407 496 2645 554 ﬂebant.
2677 497 2864 554 Tanta
2918 511 3086 568 porro
3123 495 3496 568 pontiﬁcibus
3533 497 3632 554 in-

230 581 444 639 δικαίου
501 584 702 648 παντὸς
760 587 795 656 ἡ
851 590 961 641 τῶν
1009 589 1404 657 στασιαζόντων
1465 588 1577 664 βία.
1621 613 1649 642 ››
1705 589 1877 646 Πάλιν

229 671 276 728 δ’
334 675 363 728 6
414 672 574 736 αὐτὸς
628 695 959 752 συγγραφευς
1007 676 1146 732 κατὰ
1190 677 1317 740 τοὺς
1381 677 1580 742 αὐτοὺς
1647 682 1882 756 χρόνους

223 762 278 818 ἐν
310 763 728 839 Ἰεροσολύμοις
763 765 1052 844 ἐπιφυῆναι
1102 766 1320 842 λῃστῶν
1367 789 1418 824 τι
1469 767 1613 832 εἶδος
1651 770 1875 844 ἱστορεῖ·

228 852 284 909 οἳ
343 855 463 926 μεθ’
522 855 757 930 ἡμέραν,
789 852 865 918 ὥς
922 877 1077 934 φησι,
1135 857 1224 913 καὶ
1285 861 1335 912 ἐν
1399 857 1532 935 μέσῃ
1600 863 1670 934 τῇ
1719 860 1878 916 πόλει

228 940 486 1022 ἐφόνευον
547 944 674 1004 τοὺς
735 949 1104 1009 συναντῶντας
1146 967 1160 980 ο
1217 946 1455 1021 μάλιστα
1503 950 1607 1024 γὰρ
1668 949 1719 1004 ἐν
1764 955 1882 1012 ταῖς

228 1033 446 1107 ἑορταῖς
496 1034 732 1097 ἐκείνους
789 1035 1149 1111 μιγνυμένους
1194 1041 1272 1109 τῷ
1327 1035 1527 1108 πλήθει
1559 1055 1574 1070 ⁸
1632 1039 1722 1094 καὶ
1759 1045 1880 1102 ταῖς

227 1121 514 1193 ἐσθήσεσιν
585 1123 1027 1198 ὑποκρύπτὸντας
1106 1126 1273 1202 μικρὰ
1354 1125 1580 1202 ξιφίδια,
1663 1127 1880 1192 τούτοις

230 1211 446 1268 νύττειν
499 1213 628 1278 τοὺς
697 1211 1013 1292 διαφόρους.
1069 1217 1294 1272 Ἔπειτα
1368 1217 1642 1273 πεσόντων
1713 1219 1878 1294 μέρος

232 1300 484 1376 γίνεσθαι
533 1306 635 1358 εῶν
716 1302 1223 1378 ἐπαγανακτούντων
1299 1305 1496 1369 αὐτοὺς
1569 1307 1695 1369 τοὺς
1779 1328 1882 1362 πε-

230 1391 565 1469 φονευκότας
599 1413 613 1428 ο
673 1390 758 1448 διὸ
822 1395 910 1449 καὶ
975 1395 1310 1452 παντάπασιν
1388 1397 1476 1452 ὑπ’
1546 1395 1880 1469 ἀξιοπιστίας

228 1481 558 1556 ἆνευμέτους
623 1484 887 1559 γενέσθαι.
965 1489 1186 1574 ῌρῶτον
1260 1486 1354 1560 μὲν
1406 1487 1496 1541 οὖν
1549 1486 1637 1541 ὑπ’
1697 1486 1873 1542 αὐτῶν

228 1571 484 1630 Ἰωνάθαν
548 1572 640 1628 τὸν
710 1571 986 1652 ἀρχιερέα
1042 1583 1449 1654 κατασφαγῆναι
1526 1593 1541 1609 ’
1622 1577 1755 1651 μετᾶ
1830 1573 1876 1632 δ’

228 1660 388 1717 αύτὸν
451 1661 764 1736 καθημέραν
831 1663 1160 1739 ἀναιρεῖσθαι
1234 1663 1480 1728 πολλούς
1537 1683 1551 1698 ⁸
1619 1667 1709 1721 καὶ
1765 1671 1873 1722 τῶν

226 1756 532 1830 συμφορῶν
589 1753 680 1808 τὸν
730 1747 899 1830 φόϐον
957 1754 1091 1810 εἶναι
1160 1753 1588 1831 χαλεπώτερονο
1651 1757 1877 1812 ἑκάστου

226 1842 469 1917 καθάπερ
503 1841 556 1897 ἐν
597 1840 829 1915 πολέμῳ
875 1845 992 1898 καθ’
1039 1843 1182 1918 ὥρας
1231 1846 1322 1900 τὸν
1371 1843 1591 1900 θάνατον
1642 1843 1874 1921 προσδε-
1903 1885 1950 1951 Β

231 1947 264 1951 ,μ
283 1950 288 1951 ,
360 1930 370 1951 Ι
551 1931 672 1951 ἳτῖὑο
758 1929 800 1951 9‘
939 1931 954 1951 I
1145 1932 1160 1951 τ
1280 1935 1290 1951 1
1515 1937 1560 1951 ne
1587 1932 1612 1951 fl
1775 1935 1794 1951 ς
1829 1935 1838 1951 Ι

231 1930 496 2004 χομένου.
551 1931 706 2004 Ἑξῆς
753 1929 811 1986 δὲ
862 1931 1076 1995 τούτοις
1141 1932 1382 2011 ἐπιφέρει
1443 1937 1560 2008 μεθ’
1587 1932 1743 2010 ἕτερα
1775 1935 1874 1991 λέ-

225 2045 335 2099 γων
373 2041 445 2076 ἀ
506 2023 723 2093 Μείζονι
772 2020 829 2079 δὲ
883 2024 1090 2080 τούτων
1149 2025 1363 2102 πληγῇ,
1417 2023 1715 2089 Ἰουδαίους
1744 2025 1877 2082 ἐκά-

225 2132 399 2167 κωσεν
456 2113 484 2166 6
531 2111 826 2189 Αἰγύπτιος
875 2110 1338 2191 ψευδοπροφήτης
1373 2134 1385 2148 ·
1441 2116 1876 2192 παραγενόμενος

226 2201 329 2278 γὰρ
379 2200 457 2264 εἰς
525 2202 624 2272 τῆν
670 2205 858 2277 χώραν
925 2202 1208 2279 ἅνθρωπος
1269 2205 1406 2278 γόης
1463 2205 1552 2261 xxi
1582 2208 1872 2284 προφήτου

227 2293 415 2347 πίστιν
445 2289 648 2352 ἐπιθεὶς
707 2292 904 2364 ἐαυτῷ,
952 2293 1074 2368 περὶ
1124 2294 1479 2368 τρισμυρίους
1532 2295 1630 2368 μὶν
1683 2295 1875 2371 ἁθροί-

226 2381 303 2452 ξει
331 2385 440 2436 τῶν
468 2380 840 2455 ἠπατημένων
872 2400 885 2413 °
918 2382 1262 2459 περιαγαγὼν
1310 2382 1366 2439 δὲ
1417 2383 1612 2447 αὐτοὺς
1660 2383 1720 2440 ἐκ
1775 2393 1875 2456 τῆς

221 2469 458 2545 ἐρημίας
517 2471 593 2534 εἰς
637 2472 702 2526 τὸ
751 2471 987 2528 Ἐλαιῶν
1041 2471 1384 2547 καλούμενον
1453 2472 1604 2549 ὅρος,
1671 2474 1870 2530 ἐκεῖθεν

223 2561 342 2623 οἷός
389 2581 448 2615 τε
505 2560 570 2630 ἦν
643 2561 718 2624 εἷς
776 2561 1135 2638 Ἰεροσόλυμα
1191 2561 1481 2638 παρελθεῖν
1545 2564 1822 2638 βιάζεσθαι
1857 2584 1871 2599 ·

219 2649 311 2705 καὶ
369 2652 647 2725 κρατήσας
705 2659 806 2722 τῆς
857 2673 914 2708 τε
963 2655 1280 2728 Ῥωμαϊκῆς
1337 2659 1577 2734 φρουρᾶς
1627 2655 1714 2711 καὶ
1773 2660 1870 2712 τοῦ

221 2738 407 2813 δήμου
451 2748 754 2816 τυραννεῖν,
805 2743 1094 2818 χρώμενος
1137 2750 1252 2808 τοῖς
1305 2749 1638 2818 συμπεσοῦσι
1707 2743 1872 2820 δορυ-

222 2831 440 2908 φόροις.
503 2831 699 2886 Φθάνει
757 2829 802 2886 δ’
862 2831 1023 2888 αὐτοῦ
1079 2835 1177 2903 τήν
1240 2835 1417 2909 ὁρμὴν
1485 2833 1659 2905 Φῆλιξ
1709 2836 1872 2891 ὑπαν-

219 2920 414 2984 τιάσας
474 2921 610 2995 μικτᾶ
661 2926 768 2978 τῶν
828 2924 1155 2998 Ῥωμαϊκῶν
1213 2924 1455 2980 ὁπλιτῶν
1499 2943 1512 2957 '
1571 2925 1659 2981 καὶ
1709 2931 1811 2989 τιᾶς
1842 2929 1870 2982 ὁ

221 3007 407 3084 δῆμος
459 3013 800 3088 συνεφήψατο
855 3015 954 3082 τῆς
1021 3013 1258 3087 ἀμύνης.
1337 3017 1500 3072 Ὥστε
1583 3011 1871 3088 συμϐολῆς

219 3098 548 3176 γινομένης,
578 3102 669 3155 τὸν
726 3102 818 3174 μὲν
870 3101 1166 3176 Αἰγύπτιον
1229 3110 1410 3181 φυγεῖν
1471 3106 1586 3178 μετ’
1645 3105 1872 3183 ὀλίγων,

223 3185 586 3266 διαφθαρῆναι
619 3186 675 3244 δὲ
717 3192 806 3245 καὶ
848 3194 1201 3264 ζωγρηθῆναι
1249 3192 1538 3257 πλείστους
1590 3196 1716 3257 τοὺς
1775 3194 1868 3251 σὺν

1989 589 2165 646 cessit
2211 587 2577 660 impudentia
2622 591 2680 642 et
2732 585 2994 655 audacia,
3029 589 3092 642 ut
3134 603 3247 642 non
3297 590 3632 644 vererentur

1988 695 2186 737 servos
2217 695 2355 735 suos
2387 694 2456 735 ex
2495 677 2638 734 urbe
2670 677 2728 732 in
2771 676 2986 749 praedia
3040 680 3096 732 et
3143 676 3331 744 villas,
3380 677 3634 736 decimas

1989 785 2086 826 eas
2117 786 2245 842 quia
2276 768 2679 826 sacerdotibus
2735 766 3114 837 debebantur,
3149 767 3446 839 direptum
3504 767 3638 826 mit-

1988 863 2128 917 tere.
2162 860 2524 931 Quapropter
2545 857 2756 927 evenit,
2787 861 2851 914 ut
2907 872 2976 912 ex
3032 857 3430 913 sacerdotibus
3485 871 3634 913 non-

1989 947 2137 1004 nulli
2168 947 2242 1004 ad
2273 965 2400 1005 eam
2427 947 2728 1019 penuriam
2771 946 3199 1018 redigerentur,
3229 950 3294 1002 ut
3337 945 3532 1002 inedia
3577 947 3637 1003 in

1988 1041 2298 1109 conspectu
2333 1037 2650 1093 multorum
2683 1039 3046 1092 morerentur
3078 1051 3092 1093 :
3126 1051 3310 1106 usque
3335 1035 3474 1092 adeo
3515 1035 3634 1092 fac-

1989 1127 2266 1183 tiosorum
2301 1127 2386 1184 vis
2416 1131 2472 1182 et
2501 1126 2716 1198 injuria
2738 1125 2861 1194 juri
2889 1129 2946 1181 et
2983 1124 3238 1196 aequitati
3279 1125 3440 1180 omni
3492 1141 3634 1196 prai-

1984 1216 2266 1276 valuerat.
2291 1237 2320 1268 »
2356 1217 2513 1272 Idem
2557 1216 2678 1287 ipse
2734 1215 3073 1284 historicus,
3116 1230 3352 1271 rursum
3409 1213 3629 1270 eisdem

1985 1306 2343 1379 temporibus
2391 1310 2657 1364 exortum
2715 1305 3055 1378 praedonum
3110 1304 3402 1376 quoddam
3450 1319 3635 1376 genus

1986 1397 2180 1466 refert,
2214 1421 2244 1450 ι(
2277 1398 2375 1470 qui
2404 1399 2494 1471 (ut
2524 1398 2882 1470 ipseinquit)
2912 1395 3164 1455 interdiu
3195 1401 3366 1466 atque
3405 1394 3465 1450 in
3523 1410 3635 1450 me-

1985 1488 2080 1543 dia
2110 1489 2250 1544 urbe
2306 1488 2505 1545 obvios
2564 1487 2996 1544 interimebant.
3049 1486 3426 1542 Potissimum
3475 1484 3631 1541 enim

1986 1576 2196 1634 diebus
2224 1577 2386 1633 festis
2419 1592 2481 1634 se
2511 1577 2711 1633 medias
2746 1575 2897 1646 plebi
2928 1576 3345 1645 immiscentes,
3377 1578 3434 1630 et
3481 1575 3633 1630 scias

1985 1667 2089 1723 sub
2120 1667 2382 1725 vestibus
2411 1671 2593 1724 tectas
2649 1666 2952 1734 habentes,
2995 1665 3352 1722 adversarios
3381 1664 3462 1736 (1)
3494 1680 3634 1720 con-

1987 1756 2303 1813 fodiebant.
2361 1757 2579 1813 Deinde
2635 1756 2909 1827 collapsis
2967 1754 3300 1811 hominibus
3347 1753 3432 1808 illi
3476 1753 3630 1810 inter

1986 1846 2240 1918 reliquos
2273 1846 2344 1903 de
2390 1846 2602 1903 scelere
2641 1847 3053 1918 querebantur,
3105 1843 3206 1916 qui
3263 1844 3476 1900 cedem
3528 1860 3633 1914 pa-

1981 1940 2204 1992 trarunt
2236 1951 2249 1990 :
2283 1941 2456 2008 atque
2518 1938 2597 1992 ita
2649 1935 2844 2003 fiebat,
2903 1939 2964 1992 ut
3011 1951 3076 1990 eo
3137 1937 3412 2005 praetextu
3464 1933 3628 1988 bones

1981 2026 2115 2082 fidei
2189 2025 2396 2095 habiti,
2456 2026 2806 2097 deprehendi
2885 2041 2998 2080 non
3055 2027 3313 2095 possent.
3372 2021 3631 2079 Primum

1983 2114 2257 2187 equidem
2289 2114 2374 2170 illi
2403 2115 2716 2172 Jonatham
2777 2113 3115 2186 pontiﬁcem
3167 2111 3548 2178 trucidavere,
3580 2113 3636 2166 et

1980 2208 2112 2277 post
2140 2221 2274 2261 eum
2316 2205 2577 2277 quotidie
2607 2203 2937 2275 complures
2973 2219 2986 2258 :
3020 2207 3076 2261 et
3133 2201 3465 2259 calamitate
3514 2201 3639 2272 ipse

1980 2294 2333 2351 calamitatis
2366 2302 2551 2351 metus
2583 2294 2812 2366 gravior
2837 2297 2983 2354 erat.
3012 2309 3147 2348 cum
3199 2309 3300 2363 pro
3358 2307 3422 2347 se
3477 2291 3636 2360 quis-

1980 2401 2112 2456 que,
2144 2384 2322 2440 sicuti
2353 2384 2411 2439 in
2445 2383 2690 2453 bello,in
2721 2382 2894 2439 horas
2927 2387 3172 2438 mortem
3199 2384 3574 2451 exspectaret.
3601 2399 3628 2432 ι

1979 2475 2198 2532 Deinde
2253 2475 2354 2532 illa
2414 2492 2646 2549 quoque
2703 2474 2904 2546 paucis
2980 2472 3299 2543 interjectis
3381 2470 3554 2528 infert
3612 2488 3627 2528 :

1977 2587 2007 2616 «
2040 2565 2257 2636 Majore
2315 2565 2554 2636 insuper
2595 2564 2924 2622 calamitate
2971 2564 3200 2620 Judaaos
3257 2561 3447 2618 atl‘ecit
3503 2576 3631 2632 pro-

1978 2653 2152 2726 pheta
2180 2655 2499 2727 Egyptius.
2532 2653 2864 2711 Adveniens
2904 2651 3060 2708 enim
3088 2651 3148 2706 in
3207 2650 3503 2722 regionem
3545 2665 3631 2705 eo-

1978 2763 2102 2804 rum
2141 2746 2552 2818 praestigiator.
2586 2749 2645 2800 et
2673 2743 2774 2816 qui
2807 2741 3096 2816 prepheta
3148 2740 3259 2796 sibi
3307 2739 3481 2796 ﬁdem
3540 2754 3634 2794 ar-

1980 2841 2232 2910 rogaret,
2282 2836 2354 2892 ad
2421 2835 2659 2904 triginta
2747 2831 3024 2895 millium.
3083 2846 3230 2900 quos
3306 2829 3632 2894 seduxerat,

1978 2927 2283 2984 hominum
2305 2925 2746 2982 multitudinem
2778 2922 3074 2994 oogit.Eos
3112 2936 3181 2975 ex
3210 2917 3530 2975 solitudine
3569 2916 3629 2972 in

1978 3020 2237 3074 montem
2285 3015 2383 3088 qui
2443 3013 2738 3070 Olivarum
2796 3017 2886 3070 est
2938 3010 3148 3078 dictus,
3208 3007 3390 3064 ducit.
3435 3007 3514 3062 Ex
3559 3021 3626 3063 eo

1977 3106 2104 3164 loco
2137 3109 2361 3179 poterat
2390 3101 2786 3172 Hierosolyma
2832 3097 2886 3154 vi
2943 3112 3144 3167 capere
3179 3112 3191 3150 :
3243 3098 3630 3166 superatoque

1986 3197 2382 3254 Romanorum
2415 3191 2702 3265 praesidio,
2732 3187 3098 3262 tyrannidem
3131 3185 3241 3242 sibi
3273 3185 3333 3240 in
3391 3183 3631 3255 populo,

225 3277 401 3348 αὐτῷ,
437 3301 464 3327 ››
489 3281 663 3332 Ταῦτα
711 3277 982 3349 Ἰώσηπος
1033 3279 1085 3334 ἐν
1133 3284 1202 3354 τῇ
1247 3278 1463 3357 δευνέρᾳ
1499 3289 1602 3351 τῆς
1635 3280 1870 3341 Ἰουδαϊ-

1987 3285 2260 3344 satellitio
2317 3247 2586 3355 eo,rquod
2637 3247 2837 3338 secum
2879 3279 3161 3349 impetum
3195 3275 3254 3329 in
3287 3247 3490 3328 urbem
3525 3271 3636 3327 fac-

224 3371 332 3434 :ag":
383 3362 645 3429 ἁλώσεως
694 3363 909 3440 διέξεισι
955 3372 1062 3422 τῶν
1117 3369 1392 3442 ἱστοριῶν.
1424 3371 1628 3426 Τούτου
1661 3369 1727 3440 δὴ
1777 3373 1874 3428 τοῦ

223 3455 542 3529 Αἰγυπτίου
584 3454 675 3510 καὶ
721 3457 779 3511 αἱ
832 3459 1056 3530 Πράξεις
1108 3458 1412 3533 μέμνηνται
1465 3464 1573 3515 τῶν
1637 3461 1874 3517 ἀποστό-

224 3541 367 3612 λων,
398 3541 522 3598 ἔνθα
547 3543 611 3598 τὸ
643 3542 920 3602 Ἰουδαίων
951 3545 1163 3618 πλῆθος
1209 3553 1306 3604 τοῦ
1357 3549 1578 3606 Παύλου
1607 3571 1874 3607 κατεστα-

221 3632 403 3702 σίαζεν
435 3649 450 3666 ⁸
515 3630 662 3709 λέγει
717 3635 824 3710 γὰρ
873 3636 902 3689 6
948 3636 1270 3712 χιλίαρχος.
1317 3636 1445 3692 Οὐκ
1491 3637 1610 3714 ἄρα
1659 3640 1728 3694 σὺ
1758 3639 1872 3695 είὸ

220 3722 619 3797 Αἰγύπτιος,
643 3724 672 3778 6
701 3725 829 3799 πρὸ
853 3725 1105 3781 τούτων
1137 3731 1559 3804 τῶνήμερῶν
1607 3727 1874 3786 ἀναστα-

220 3813 444 3873 τώσας
471 3815 582 3868 καί
613 3811 954 3892 ἐξαγαγὼν
987 3814 1047 3870 ἐν
1076 3819 1153 3890 τῇ
1186 3815 1417 3891 ἐρήμῳ
1447 3818 1602 3881 τοὺς
1632 3839 1871 3894 τετρα-

216 3900 626 3977 κισχιλίους
656 3900 897 3981 ἄνδρας
927 3910 1051 3961 τῶν
1083 3907 1452 3982 σικαρίων;

1985 3379 2188 3432 turum
2221 3384 2395 3442 esset,
2428 3375 2612 3429 fretus
2657 3370 2971 3426 vindicare.
3003 3368 3108 3422 Sed
3153 3364 3307 3422 enim
3359 3366 3635 3420 conatum

1983 3467 2109 3536 ejus
2153 3464 2425 3536 prmvenit
2455 3461 2635 3526 Felix,
2696 3476 2829 3516 nam
2879 3457 2930 3514 is
2987 3458 3380 3512 Romanorum
3435 3449 3630 3522 copias

1984 3571 2101 3612 una
2129 3570 2265 3612 cum
2321 3550 2860 3622 Hieroolymitane
2906 3544 3094 3617 plebis
3137 3541 3387 3608 auxiliis,
3421 3544 3626 3596 contra

1983 3661 2118 3701 eum
2149 3643 2310 3700 ducit
2343 3657 2356 3697 :
2385 3645 2444 3697 et
2500 3655 2695 3712 pugna
2741 3635 3080 3700 commissa,
3122 3629 3422 3702 Egyptius
3477 3644 3613 3684 cum

1983 3733 2189 3806 paucis
2220 3733 2420 3804 iugere
2454 3729 2700 3800 cogitur,
2732 3725 2885 3783 118
2934 3731 2988 3780 et
3044 3735 3215 3794 quam
3261 3716 3501 3791 plurimi
3557 3718 3619 3774 in

1982 3821 2241 3879 exercitu
2270 3820 2402 3891 ejus
2432 3818 2521 3875 vel
2565 3817 2889 3883 caeduntur,
2937 3811 3028 3869 vel
3075 3811 3411 3882 capiuntur.
3446 3827 3476 3858 »
3505 3807 3630 3863 Hinc

1979 3910 2273 3983 Iosephus
2304 3909 2364 3964 in
2396 3908 2652 3965 secundo
2684 3906 2755 3961 de
2783 3903 3122 3976 captivitate
3151 3899 3391 3956 Judaica
3446 3895 3637 3952 Histo-

217 3993 448 4050 riarum
481 3993 628 4072 libro
658 3996 852 4052 refert.
887 3995 1074 4066 Hujus
1118 4000 1313 4054 autem
1379 3999 1629 4071 Egyptii
1685 4005 1740 4057 et
1795 4004 1934 4058 Acta
1977 4000 2375 4072 apostolorum
2439 3996 2792 4052 mentionem
2843 3992 3080 4058 iaciunt,
3133 3988 3230 4046 ubi
3289 3987 3629 4044 Judasorum

216 4068 541 4138 multitudo
567 4083 914 4141 seditionem
955 4094 1154 4142 contra
1186 4085 1429 4144 Paulum
1453 4068 1690 4145 est—citat.
1723 4089 1872 4147 Dicit
1901 4068 2056 4148 enim
2096 4088 2172 4146 ad
2219 4105 2354 4145 eum
2414 4086 2686 4142 tribunus
2719 4101 2734 4140 :
2766 4086 2889 4140 Non
2944 4087 3005 4138 tu
3061 4077 3352 4152 Aigyptius
3401 4077 3497 4132 ille
3553 4091 3631 4142 es,

211 4173 312 4241 qui
338 4172 537 4242 pauci:
567 4177 698 4229 ante
726 4173 915 4232 diebus
944 4177 1193 4232 tumultu
1207 4192 1307 4249 per
1333 4177 1656 4236 seditionem
1681 4182 1946 4238 concitato
1974 4182 2030 4236 in
2053 4177 2406 4238 solitudinem
2422 4175 2493 4232 ad
2514 4178 2750 4248 quatuor
2776 4171 2962 4229 millia
2983 4171 3270 4227 hominum
3297 4167 3632 4224 sicariorum

211 4261 414 4317 eduxit
440 4260 489 4297 ³⁸
516 4265 543 4318 ἵ
574 4285 606 4314 ιο

841 4375 1106 4434 ΚΕΦΑΛ.
1151 4379 1263 4431 KZ‘.

219 4477 548 4566 napi-:63?
598 4476 710 4533 τοῦ
757 4479 1140 4568 ᾇποστόλου
1191 4483 1454 4572 llis-pou,
1501 4481 1875 4572 θαυμάτων,

291 4549 437 4638 καὶ,
463 4553 596 4604 τῶν
629 4551 924 4638 τεράτων
959 4557 1073 4638 τοῦ
1115 4549 1342 4638 Μάγου¹
1379 4549 1688 4638 Σίμωνός
1718 4573 1731 4587 ⁸
1763 4549 1874 4638 καί

293 4622 380 4682 ὡς
413 4621 838 4698 ἀμφοτέρους
869 4631 989 4694 τῆς
1014 4621 1283 4700 Ῥώμης
1315 4626 1342 4681 ὁ
1375 4621 1600 4701 Νδέρων
1641 4625 1877 4698 ἐξήλα-

292 4713 434 4749 σεν.

290 4797 544 4871 Νέρωνος
575 4796 632 4854 δὲ
673 4801 773 4871 τήν
823 4801 1003 4876 ἀρχὴν
1056 4799 1416 4874 διοικοῦντος,
1459 4804 1644 4878 Σίμων
1679 4805 1706 4858 6
1764 4804 1872 4860 Μά-

209 4908 316 4964 γος
350 4888 408 4942 ἐν
454 4888 662 4963 Ῥώμῃ,
710 4897 913 4963 σημεῖα
962 4889 1052 4946 διὰ
1091 4893 1343 4969 γοητείας
1384 4891 1561 4948 τελῶν
1591 4895 1680 4962 ἦν.
1728 4893 1874 4949 Κύνα

202 4981 346 5054 γοῦν
396 4982 616 5050 πρῶτον
667 4981 774 5053 πρὸ
822 4987 920 5049 τῆς
964 4979 1138 5047 ο’ίκίας
1184 4983 1435 5058 μέγιστον
1493 4979 1714 5054 δεσμοῖς
1763 5004 1874 5038 τισι

203 5066 539 5141 κατασχὼν,
600 5063 668 5121 δι’
736 5067 946 5124 ἐκείνου
1005 5069 1099 5133 οὕς
1173 5075 1248 5144 μὴ
1311 5073 1446 5146 πρὸς
1504 5071 1741 5145 γνώμησ
1804 5072 1870 5139 ἦν

203 5157 369 5226 αὐτῷ
430 5155 709 5231 προσιέναι
769 5156 998 5234 ἀνεῖργε.
1031 5160 1232 5236 Πέτρος
1287 5159 1344 5216 δε
1397 5162 1424 5214 ὁ
1488 5161 1655 5234 μέγας
1696 5158 1870 5215 ἐλθὼν

199 5246 512 5301 θεάσασθαι
565 5247 814 5321 Σίμωνα,
873 5250 964 5304 καὶ
1038 5251 1128 5305 τὸν
1211 5251 1346 5306 κύνα
1429 5249 1872 5324 ἀπηγριωμένον,

193 5337 296 5390 καὶ
333 5329 511 5412 φόϐον
541 5334 746 5392 ἐνιέντα
805 5335 958 5410 ἰδὼν,
990 5340 1149 5414 γνούς
1197 5360 1256 5395 τε
1304 5341 1380 5402 ὡς
1427 5339 1666 5403 πολλοῖς
1697 5341 1872 5395 θανεῖν

191 5425 396 5488 α’ίτιος
438 5425 631 5505 γέγονε
660 5429 766 5505 πρὸ
811 5433 910 5486 τοῦ
969 5429 1169 5506 Πέτρον
1230 5429 1426 5505 ἐλθεῖν,
1486 5431 1702 5488 εἰσιέναι
1762 5429 1874 5488 ἐπι-

269 5580 327 5617 ⁸³
357 5582 488 5637 Δοι.
523 5594 640 5649 xxx,
671 5579 762 5636 38.

272 5709 363 5783 (1)
397 5705 724 5785 Διαφόρους,
757 5707 1064 5784 plurimos,
1104 5709 1313 5769 varios.

1906 4380 1953 4445 D

2557 4371 2792 4429 CAPUT
2822 4368 3042 4427 XXVII.

1991 4485 2061 4541 De
2107 4485 2262 4540 Petri
2318 4481 2548 4555 apostoli
2586 4479 2893 4547 miraculis,
2917 4484 2970 4532 et
3015 4475 3151 4555 item
3200 4470 3441 4555 Simonis
3490 4467 3635 4540 Magi

2049 4547 2364 4627 prastigiis'
2387 4570 2407 4610 :
2465 4555 2614 4610 etut
2673 4557 2968 4622 utrumque
3037 4547 3175 4604 Nero
3231 4547 3401 4602 Roma
3469 4557 3632 4612 expu-

2057 4629 2202 4683 (erit.

2053 4803 2281 4863 Nerone
2310 4807 2505 4860 autem
2551 4801 2892 4874 imperante,
2926 4798 3128 4855 Simon
3187 4794 3391 4865 Magus
3429 4791 3625 4848 Romae

1983 4895 2266 4952 miracula
2296 4910 2396 4966 per
2422 4894 2780 4965 imposturas
2808 4895 2866 4947 et
2912 4886 3206 4960 prastigia
3260 4883 3484 4940 edebat.
3519 4882 3625 4939 Ca-

1984 5001 2120 5040 nem
2152 4989 2350 5040 autem
2381 4985 2696 5042 maximum
2727 4998 2829 5053 pro
2861 4979 3082 5036 foribus
3113 4975 3330 5030 catenis
3372 4973 3626 5028 vinctum

1980 5074 2261 5142 habebat,
2290 5091 2394 5146 per
2443 5090 2613 5145 quem
2671 5072 2742 5127 ad
2801 5085 2864 5126 se
2907 5067 3104 5124 venire
3159 5062 3441 5131 volentes,
3473 5061 3524 5118 si
3572 5061 3625 5118 ei

1985 5164 2180 5221 minus
2212 5162 2589 5236 placuissent,
2624 5159 2878 5216 arcebat.
2901 5154 3147 5214 Advenit
3173 5169 3342 5226 porro
3373 5167 3623 5223 magnus

1979 5253 2076 5310 ille
2126 5253 2333 5309 Petrus
2389 5251 2459 5307 ad
2514 5251 2810 5306 Simonem
2866 5245 3224 5302 visendum:
3259 5242 3357 5313 qui
3417 5258 3620 5302 canem

1980 5359 2114 5402 eum
2153 5343 2457 5399 efferatum
2486 5346 2540 5396 et
2570 5336 2924 5394 horrendum
2983 5336 3041 5391 in
3100 5349 3161 5389 se
3214 5331 3350 5388 ferri
3393 5331 3618 5402 videns,

1979 5448 2111 5492 cum
2156 5435 2453 5492 auctorem
2509 5427 2806 5497 eumdem,
2871 5432 3004 5486 ante
3057 5424 3370 5484 adventum
3418 5437 3617 5492 suum.
