4084 6208
393 347 514 408 827

1695 357 2112 420 NICEPHOBI
2157 359 2502 422 CALLISTI

3695 360 3836 421 8‘28

395 483 602 540 mortis
659 485 960 554 permultis
1022 485 1222 554 fuisse,
1280 487 1378 558 qui
1433 487 1656 558 ingredi
1703 490 2045 556 voluissent.

2172 491 2573 568 ιιεχειρηκότας,
2635 488 2751 544 λόει
2811 489 2904 560 μὲν
2961 485 3151 540 αὐτίκα
3215 487 3306 540 τὸν
3375 487 3531 556 κύνα,
3583 491 3678 542 καὶ
3729 491 3836 546 ἂν-

423 571 809 642 ntellexisset,
861 573 1112 630 vinculis
1168 591 1302 630 eum
1347 576 1536 644 solvit,
1581 583 1756 650 atque
1805 579 2060 637 humana

421 675 558 718 voce
583 665 930 718 annuntiare
951 663 1089 720 hero
1127 681 1253 732 suo,
1287 665 1516 722 Petrum
1561 667 1776 724 Christi
1827 685 2058 726 servum

414 751 642 820 adesse,
667 753 1042 824 jubet.Canis
1072 771 1240 826 porro
1271 772 1387 828 quo
1413 757 1615 827 jussus
1647 759 1834 816 fuerat
1863 761 2057 830 modo,

407 844 680 902 nuntium
715 844 948 914 perfert.
983 844 1066 899 Ad
1099 859 1224 899 eam
1271 861 1412 912 rem,
1447 845 1544 917 qui
1595 851 1718 902 tum
1777 864 1910 904 cum
1971 848 2058 903 Si-

405 951 581 991 mone
629 938 817 1003 erant,
879 933 1234 990 consternati
1305 935 1756 1006 obstupuerunt.
1836 937 2058 1003 Quibus

399 1023 498 1080 ille
529 1039 542 1078 :
577 1021 726 1080 nihil
755 1021 812 1078 id
843 1021 976 1077 novi
1033 1039 1183 1088 esse,
1215 1039 1274 1080 se
1325 1041 1554 1096 quoque
1611 1026 1814 1082 eadem
1871 1025 2056 1082 facere

403 1128 574 1185 posse
603 1111 772 1167 dixit.
803 1112 1006 1183 Itaque
1036 1127 1240 1168 canem
1289 1113 1464 1180 exire,
1497 1117 1554 1170 et
1599 1115 1937 1186 Apostolum
1983 1117 2053 1172 ad

400 1218 466 1259 se
495 1219 702 1260 vocare
743 1202 932 1272 jubet.
967 1201 1168 1258 Petrus
1217 1203 1438 1260 accitus
1485 1203 1826 1274 ingreditur.
1861 1205 1946 1261 Ibi
1995 1206 2054 1260 in

406 1293 694 1364 colloquio
727 1297 932 1348 mutuo
963 1291 1150 1348 multa
1175 1292 1326 1350 inter
1355 1309 1418 1349 se
1461 1295 1632 1349 verba
1681 1295 1920 1350 faciunt.
1955 1295 2056 1349 Mi-

405 1383 624 1438 raculis
683 1383 948 1454 equidem
998 1385 1055 1436 et
1101 1381 1275 1437 variis
1335 1383 1730 1454 prodigiorum
1781 1384 2055 1454 operibus

417 1471 618 1528 Simon
649 1471 818 1541 longe
863 1476 1192 1542 superatur.
1221 1472 1583 1543 Quapropter
1613 1473 1782 1528 multi
1826 1489 1894 1528 ex
1933 1473 2053 1530 illis

413 1563 482 1617 ad
516 1559 814 1616 Christum
847 1561 1153 1628 accedunt,
1186 1565 1359 1632 atque
1390 1561 1748 1632 baptismum
1781 1563 2052 1618 subeunt.

409 1650 717 1704 Enimvero
747 1653 804 1704 et
833 1649 1034 1704 Simon
1081 1651 1228 1720 ipse,
1249 1651 1578 1706 daemonum
1635 1651 1684 1706 ei
1733 1651 2055 1708 inservien-

409 1739 560 1793 tium
609 1753 803 1809 opera,
838 1738 1023 1793 multa
1070 1739 1412 1794 admirando
1473 1739 1734 1796 faciebat.
1792 1745 1935 1796 Nam
1995 1747 2054 1795 ut

407 1831 616 1884 statue
649 1833 1020 1882 moverentur
1051 1827 1308 1894 curabat,
1340 1835 1398 1885 et
1429 1829 1486 1883 in
1516 1831 1738 1886 edibus
1785 1847 1918 1886 vasa
1965 1834 2050 1886 at-

2172 1829 2350 1901 σκεύη,
2401 1825 2542 1884 ἔνθεν
2601 1828 2842 1882 κάκεῖθεν
2913 1823 3190 1898 αὐτόματα
3261 1826 3524 1898 μετετίθει

409 1931 524 1988 que
553 1915 944 1972 instrumenta
967 1917 1286 1974 domestica
1313 1934 1374 1974 se
1403 1923 1608 1990 sponte
1653 1921 1884 1991 propria
1918 1919 2053 1976 hinc

401 2004 538 2060 inde
577 2005 1026 2073 transferebant,
1086 2013 1140 2062 et
1187 2008 1310 2078 ipse
1357 2007 1610 2062 ﬂammis
1653 2007 2052 2064 circumdatus

403 2111 520 2150 non
563 2095 859 2162 urebatur,
893 2096 1206 2151 Ferebatur
1258 2112 1488 2168 quoque
1543 2095 1744 2154 volans
1785 2098 1846 2153 in
1897 2113 2048 2154 acre.

401 2185 556 2241 179
588 2184 669 2238 Ex
698 2183 1016 2254 lapidibus,
1049 2185 1178 2240 fuco
1209 2185 1548 2242 hominibus
1593 2188 1843 2257 objecto,
1875 2203 2052 2259 panes

405 2274 674 2330 faciebat.
707 2273 985 2330 Draconis
1014 2289 1246 2346 quoque
1267 2275 1514 2331 formam
1545 2277 1844 2344 induebat,
1877 2281 1934 2332 et
1991 2277 2050 2332 in

405 2362 596 2418 varias
625 2363 1012 2418 animantium
1043 2365 1266 2433 species
1303 2366 1640 2422 mutabatur
1673 2381 1686 2420 :
1717 2364 1934 2436 duplici
1967 2367 2048 2422 fa-

407 2454 493 2509 cie
525 2453 768 2510 indutus
820 2454 1308 2526 conspiciebatur,
1337 2455 1398 2511 in
1438 2473 1642 2512 aurum
1701 2473 1829 2513 sese
1869 2461 2050 2514 totum

411 2543 888 2614 transformabat,
939 2543 1091 2600 fores
1149 2546 1410 2601 vectibus
1467 2553 1521 2601 et
1565 2545 1838 2603 claustris
1877 2547 2054 2618 probe

405 2631 802 2692 communitas
837 2637 894 2688 et
929 2634 1191 2690 occlusae
1249 2635 1403 2692 dicto
1459 2635 1774 2707 aperiebat,
1823 2635 2054 2692 vincula

407 2721 594 2778 ferrea
623 2721 1048 2794 disrumpebat,
1081 2723 1142 2778 in
1184 2725 1462 2781 conviviis
1515 2727 1884 2782 omnifariam
1943 2727 2057 2782 for-

407 2812 703 2867 mularum
761 2811 1076 2869 simulacra
1125 2814 1448 2883 exhibebat,
1503 2821 1564 2871 ut
1603 2815 1869 2886 plurimae
1922 2821 2055 2872 ante

407 2915 544 2956 eum
579 2901 1198 2971 precederentumbrae
1219 2903 1730 2978 efﬁciebant,quas
1763 2905 2059 2962 defuncto-

409 3005 542 3046 rum
601 2989 822 3046 dudum
863 3008 992 3049 esse
1055 2994 1279 3050 animas
1341 2995 1688 3066 uagabatur.
1743 2996 1856 3054 Nec
1933 2997 2058 3066 ipse

415 3078 608 3144 modo,
642 3081 710 3136 ad
743 3097 914 3152 quem
956 3081 1146 3152 vellet,
1181 3083 1708 3140 transformabatur
1753 3085 2002 3155 speciem
2039 3102 2052 3141 :

415 3187 618 3228 verum
643 3173 818 3229 etiam
850 3173 995 3230 alios
1026 3190 1174 3245 quos
1203 3173 1574 3240 voluisset,in
1613 3176 1902 3232 variarum
1934 3175 2057 3232 ani-

417 3261 702 3316 mantium
749 3262 966 3318 formas
1007 3263 1285 3320 mutabat.
1319 3265 1612 3330 Quosdam
1669 3270 1887 3334 autem,
1919 3281 2054 3322 cum

412 3348 654 3422 planum
676 3366 810 3406 eum
843 3356 902 3406 et
932 3367 1198 3408 scurram
1231 3367 1354 3408 esse
1384 3367 1696 3424 coarguere
1745 3361 1798 3410 et
1822 3355 2062 3410 convin-

420 3454 550 3495 cere
605 3443 916 3510 tentarent,
983 3441 1228 3498 amicitaa
1289 3445 1570 3513 praetextu
1635 3441 1927 3512 simulato,
1965 3445 2062 3501 bo-

419 3541 547 3582 vem
576 3528 932 3596 sacriﬁcans,
965 3528 1038 3584 ad
1067 3528 1270 3600 epulas
1299 3529 1604 3596 invitabat,
1637 3535 1694 3586 et
1721 3532 1856 3588 inde
1912 3533 2062 3588 mul-

421 3615 752 3674 tiformibus
783 3619 982 3690 eisque
1011 3619 1428 3676 incurabilibus
1459 3619 1674 3677 morbis
1703 3627 1756 3676 et
1785 3622 2060 3679 immani-

417 3706 526 3762 bus
557 3707 921 3764 daemonibus
951 3709 1464 3779 subjiciebat.Haac
1495 3715 1668 3783 atque
1699 3711 1790 3766 his
1819 3712 2058 3782 similia,

415 3811 548 3853 cum
578 3796 748 3854 divus
786 3797 1020 3870 quidem
1055 3800 1261 3856 Petrus
1305 3814 1441 3855 vere
1495 3815 1562 3856 ac
1615 3801 1826 3872 reipsa,
1859 3801 2060 3858 Simon

409 3895 606 3943 autem
639 3887 782 3943 falso
813 3891 870 3944 et
923 3889 1377 3960 impostorarum
1417 3889 1549 3946 fuco
1605 3889 1880 3957 facerent,
1914 3893 2058 3946 Nero

411 3981 724 4048 utrumque
757 3983 950 4034 evocat
983 4001 997 4034 :
1025 3981 1082 4033 et
1111 3993 1265 4049 cum,
1297 3978 1452 4051 quod
1505 3977 1711 4034 melius
1760 3983 1906 4036 esset
1961 3979 2058 4034 di-

407 4063 626 4133 spicere
657 4081 772 4120 non
827 4069 1046 4136 posset,
1089 4070 1218 4122 tum
1271 4069 1529 4138 quidem,
1563 4072 1626 4124 ut
1681 4068 2056 4125 insolentium

2169 581 2412 654 θρωτιίνῃ
2473 583 2647 659 φωνῇ,
2707 573 3074 651 εἰσαγγέλλειν
3135 574 3396 644 ἐκέλευεν,
3453 577 3530 638 ὡς
3613 579 3832 652 Πέτρος

2169 671 2198 726 ὁ
2251 675 2348 725 τοῦ
2400 672 2634 746 Χριστοῦ
2693 664 2892 728 δοῦλος
2939 668 3040 734 ἧκε
3093 664 3232 740 πρὸς
3281 665 3356 721 σέ.
3416 669 3526 724 Τοῦ
3575 664 3636 721 δὲ
3665 669 3838 730 κυνὸς

2167 762 2286 815 καθ’
2351 761 2410 814 ’ὸν
2467 759 2774 834 προσετάγη
2823 755 3025 828 τρόπον
3079 756 3177 825 τὴν
3237 754 3490 832 ἀγγελίαν
3563 755 3832 812 τελέσαν-

3613 847 3710 901 τὸν
3773 845 3836 901 δὲ

2167 940 2348 1016 φάναι,
2411 939 2488 1010 μὴ
2555 941 2702 1010 ξένον
2747 935 2948 990 οἴεσθαι
3007 935 3070 988 τὸ
3127 933 3371 1007 πραχθέν
3417 953 3432 966 ·
3483 935 3664 1006 κάμοὶ
3723 935 3832 1011 γὰρ

2167 1028 2328 1104 ἰσχὺς
2357 1029 2424 1082 τὰ
2469 1029 2638 1100 ὅμοια
2669 1024 2796 1100 δρᾷν
2832 1045 2846 1058 ⁹
2883 1024 2974 1080 καὶ
3023 1022 3102 1094 τῷ
3145 1023 3265 1076 κυνὶ
3323 1022 3568 1078 ἐκέλευεν
3635 1025 3836 1098 ἐξιέναι

2163 1118 2254 1172 καὶ
2309 1115 2580 1172 εἰσκαλεῖν
2635 1116 2728 1169 τὸν
2789 1112 3120 1168 ἀπόστολον.
3177 1111 3276 1166 Καὶ
3335 1113 3395 1173 ὃς
3441 1112 3622 1186 εἰσῄει
3660 1133 3834 1185 μετα-

2163 1203 2390 1276 κληθείς
2423 1225 2436 1240 δ
2497 1205 2634 1278 πρὸς
2683 1203 2884 1277 λόγους
2938 1221 2997 1256 τε
3055 1203 3188 1270 ἧκον
3235 1201 3438 1264 ἱκανῶς
3516 1198 3842 1274 διαμιλλη-

2165 1295 2342 1356 θέντες
2403 1293 2700 1364 ἀλληλοις.
2759 1297 2888 1352 Τοῖς
2937 1311 2999 1366 γε
3056 1293 3164 1362 μὴν
3217 1291 3522 1364 τεραστίοις
3559 1291 3660 1346 καὶ
3709 1299 3842 1356 ταῖς

2167 1389 2274 1439 τῶν
2323 1383 2616 1457 θαυμάτων
2669 1387 2892 1442 πτκναῖς
2945 1379 3234 1454 ἐνεργείαις
3265 1379 3515 1434 ἀπειπεῖν
3548 1380 3786 1454 Σίμωνα
3819 1402 3836 1414 υ

2163 1471 2414 1551 aculei):
2473 1470 2530 1526 δὲ
2585 1476 2693 1526 τῶν
2743 1469 2952 1526 ἐκείνου
2997 1469 3216 1552 ξοιστῴ
3261 1467 3608 1542 προσελθεῖν,
3639 1470 3834 1525 καὶτὸ

2167 1565 2446 1636 βάπτισμα
2512 1559 2777 1634 δέξασθαι.
2847 1559 3039 1614 Πολλά
3097 1555 3156 1611 δὲ
3211 1557 3302 1610 καὶ
3375 1557 3562 1629 Σίμων
3649 1557 3834 1612 ἐποίει

2160 1657 2278 1712 τοῖς
2319 1651 2720 1727 παρεπομένοις
2781 1648 3032 1722 δαίμοσιν
3083 1645 3468 1720 ἐνεργούμενος
3511 1668 3526 1681 ·
3576 1649 3676 1702 καὶ
3719 1651 3832 1722 γάρ

2161 1739 2480 1814 ἀνδριάντας
2536 1741 2800 1794 κινεῖσθαι
2849 1736 3022 1792 ἐποίει
3083 1755 3096 1767 ·
3155 1737 3248 1790 καὶ
3329 1735 3396 1789 τὰ
3463 1739 3582 1792 κατ’

2167 871 2282 918 τος,
2315 847 2476 903 ἒννεοὶ
2503 849 2597 922 μὲν
2629 848 2765 916 ἦσαν
2807 843 2858 900 οἳ
2899 851 3130 914 συνῆσαν
3161 847 3244 914 τῷ
3295 843 3508 916 Σίμωνι
3543 865 3556 878 ·

3671 1740 3834 1792 οἷκον

3585 1843 3600 1857 ⁸
3663 1825 3836 1888 αὐτός

2159 1941 2220 1976 τε
2269 1919 2397 1994 πυρῖ
2461 1917 2822 1993 βαλλόμενος,
2893 1915 2992 1970 οὐκ
3065 1913 3294 1982 ἐκαίετο,
3354 1915 3444 1968 καὶ
3523 1914 3608 1976 εἰς
3695 1915 3832 1988 ἀέρα

2163 2008 2424 2064 ἂνίπτατο
2469 2023 2484 2040 ·
2539 2005 2599 2060 ἐκ
2651 2005 2818 2062 λίθων
2869 2003 3068 2078 ἅρνους
3117 2004 3400 2080 φαντάζων
3433 2001 3650 2057 ἐποίει*
3687 2001 3829 2077 δρά-

2159 2097 2351 2160 κοντός
2401 2117 2460 2152 τε
2521 2097 2738 2174 μορφὴν
2789 2091 3072 2162 ὒπεδύετο,
3101 2091 3192 2146 καὶ
3251 2092 3328 2154 εἰς
3381 2089 3620 2166 διάφορα
3669 2093 3831 2160 ζώων

2159 2185 2278 2258 εἷ’δη
2339 2181 2626 2258 ἠμείϐετο.
2661 2185 2766 2240 Δύο
2813 2183 3082 2259 πρόσωπα
3137 2181 3520 2254 περεκείμενος
3559 2181 3782 2256 ἑωρᾶτο
3813 2201 3828 2213 ·

2161 2278 2238 2342 εἷς
2269 2275 2474 2352 χρυσὺν
2505 2275 2718 2344 ἀθρόως
2769 2269 3154 2348 μετεϐάλλετο.
3199 2273 3376 2346 Θύρας
3429 2271 3686 2349 μοχλοῖς
3731 2273 3830 2328 καὶ

2159 2368 2340 2423 κλεισὶ
2423 2363 2938 2440 κατησφαλισμένας
3033 2361 3278 2436 διηνοιγε
3363 2359 3572 2435 ῥήματι
3629 2383 3644 2396 ο
3733 2363 3828 2416 καὶ

2163 2453 2336 2529 δεσμά
2383 2455 2442 2510 ἐκ
2499 2452 2738 2527 σιδήρων
2785 2451 2964 2508 διέλυε
2997 2469 3010 2483 ·
3043 2451 3140 2506 κάν
3183 2455 3300 2511 τοῖς
3331 2447 3574 2513 δείπνοις
3605 2449 3670 2506 δὲ
3699 2471 3834 2504 παν-

2160 2543 2412 2602 τοδαπῶν
2465 2542 2621 2600 ἰδεῶν
2677 2541 2884 2598 εἷ’δωλα
2921 2541 3156 2617 παρίστη
3219 2584 3232 2596 .
3309 2541 3461 2602 σκιάς
3517 2561 3578 2596 τε
3637 2561 3832 2616 προη-

2161 2637 2370 2710 γεῖσθαι
2425 2633 2621 2690 τούτου
2687 2633 2944 2694 πλείστας
3022 2628 3436 2705 παρεσκεύαζεν,
3503 2631 3566 2692 ἃς
3637 2633 3830 2705 ψυχας

2165 2725 2296 2780 εἶναι
2345 2729 2452 2779 τῶν
2511 2722 2686 2778 πάλαι
2741 2722 3084 2790 τεθνηκότων
3139 2716 3434 2794 ἐληρώδει.
3495 2719 3608 2773 Οὐκ
3663 2719 3832 2780 αὐτὸς

2165 2811 2223 2869 δὲ
2266 2815 2433 2887 μόνος
2479 2813 2615 2888 πρὸς
2655 2813 2719 2866 τὸ
2770 2809 2961 2866 δοκοῦν
2995 2807 3520 2883 μετεσχηματίζετο,
3553 2808 3706 2862 ἀλλά
3735 2809 3830 2862 καὶ

2167 2903 2260 2965 οὓς
2301 2901 2489 2973 ἤθελε,
2538 2903 2674 2978 πρὸς
2719 2898 2838 2971 εἴδη
2893 2899 3160 2955 παντοίων
3233 2899 3388 2967 ζώων
3461 2891 3778 2970 μετέὸαλλε
3813 2941 3828 2954 .

2165 2993 2256 3048 καὶ
2303 2993 2454 3053 τινὰς
2499 2989 2556 3046 δέ
2597 2988 2804 3044 πλάνον
2853 2989 3227 3062 πειρωμένους
3275 2984 3557 3062 ἐλέγχειν,
3597 3006 3830 3058 προσω-

2165 3081 2306 3154 πείῳ
2379 3081 2488 3136 τινὶ
2581 3077 2766 3158 φιλίας
2853 3077 3354 3149 ὑποποιησάμενος,
3434 3075 3564 3148 βοῦν
3655 3075 3830 3144 θύων,

2169 3176 2443 3243 συνεστιᾷν
2501 3169 2721 3225 ἐποίει·
2781 3170 3060 3224 κάντεῦθεν
3115 3167 3402 3228 ποικίλαις
3459 3165 3552 3219 καὶ

2165 3282 2284 3325 τοις
2337 3261 2520 3322 νόσοις
2576 3260 2668 3314 καὶ
2727 3257 2976 3332 δαίμοσιν
3023 3255 3234 3330 ἀγρίοις
3293 3249 3595 3309 ὑπέϐαλλε.
3647 3258 3828 3308 Ταῦτα

2171 3349 2238 3420 δὴ
2285 3347 2462 3404 καίτοι
2511 3349 2646 3403 αὐτά
2689 3351 2787 3402 τοῦ
2849 3345 2944 3419 μὲν
2993 3345 3216 3414 ἀληθῶς
3263 3346 3361 3398 τοῦ
3402 3341 3551 3396 θείου
3591 3341 3826 3416 Πέτρου,

2171 3439 2419 3512 Σίμωνος
2477 3436 2534 3492 δὲ
2589 3434 2758 3511 ψευδῆ
2827 3434 3210 3514 φαννάζοντος,
3257 3432 3447 3505 Νέρων
3505 3431 3598 3486 καί
3657 3429 3826 3508 ἄμφω

2169 3527 2456 3584 εἰσεκάλει.
2511 3527 2730 3588 Ἰκανῶς
2789 3522 2846 3579 δὲ
2895 3527 2974 3598 μή
3017 3523 3128 3584 οἶός
3171 3542 3230 3576 τε
3279 3519 3352 3575 ὢν
3421 3519 3716 3596 διαγνῶναι
3759 3521 3824 3574 τὸ

2169 3623 2437 3692 κρεῖττον,
2467 3615 2558 3672 καὶ
2605 3617 2696 3670 τὸν
2745 3613 2928 3685 ἀληθῆ
2977 3616 3078 3667 τοῦ
3114 3611 3314 3688 γόητος
3357 3607 3652 3686 διακρῖναι,
3683 3611 3822 3672 τέως

2171 3709 2246 3772 ὡς
2322 3711 2518 3762 καινῶν
2581 3703 2874 3780 τεραστίων
2939 3699 3434 3775 ἐπιδημιουργοὺς,
3501 3700 3594 3754 καὶ
3653 3698 3822 3772 ἄμφω

2167 3798 2260 3852 τόν
2318 3817 2378 3852 τε
2441 3796 2642 3872 Πέτρον
2691 3793 2784 3848 καὶ
2845 3791 3068 3865 Σίμωνα
3123 3791 3248 3845 τότε
3301 3790 3396 3862 μὲν
3456 3795 3556 3857 τῆς
3595 3790 3826 3860 Ῥώμης

2169 3885 2365 3942 ὡσανεὶ
2411 3885 2648 3946 πλάνους
2715 3881 3005 3956 ἐξήλαυνεν
3039 3900 3052 3913 ·
3113 3877 3331 3954 ὕστερον
3367 3876 3447 3946 δὲ,
3489 3878 3680 3950 οἷάπερ
3729 3877 3820 3930 καὶ

2168 3975 2329 4036 αὐτὸς
2374 3969 2615 4048 βέϐηλος
2673 3972 2763 4026 καὶ
2821 3970 3062 4040 ἀνόσιος,
3093 3973 3172 4040 τῷ
3223 3962 3454 4042 βεϐήλῳ
3507 3967 3598 4020 καὶ
3653 3967 3820 4044 γόητι

2173 4063 2404 4138 μέλιστα
2437 4063 2652 4136 Σίμωνι
2681 4061 3011 4138 προσετέθη.

3633 3162 3828 3218 δυσιά-

409 4152 810 4224 prodigiorum
857 4155 1180 4224 effectores,
1239 4158 1464 4226 ambos,
1525 4161 1798 4228 tanquam
1885 4173 2119 4214 errones
2173 4163 2228 4212 et
2283 4171 2538 4225 scurras,
2581 4155 2764 4210 Roma
2837 4150 3090 4222 expellit.
3143 4148 3346 4206 Postea
3397 4151 3599 4204 autem
3690 4147 3818 4202 ani-

410 4256 576 4298 mum
625 4241 698 4298 ad
763 4242 1142 4314 impostorem
1207 4249 1264 4300 et
1318 4245 1614 4317 impurum
1679 4247 2000 4316 Simonem,
2069 4245 2285 4318 quippe
2321 4249 2380 4302 et
2439 4245 2534 4317 ipe
2589 4244 2858 4315 impurus
2919 4245 2976 4298 et
3042 4239 3279 4311 impius,
3349 4236 3604 4294 maxime
3673 4252 3816 4293 con-

403 4329 569 4388 feret.

985 4461 1216 4522 CAPUT
1245 4463 1485 4524 XXVIII.

413 4567 716 4649 Ut_Paulus
749 4567 1142 4649 (lierosolymis
1188 4591 1312 4631 cum
1367 4583 1525 4646 esset,
1557 4593 1669 4634 sese
1725 4573 1956 4649 tempori
1999 4579 2052 4633 et

482 4642 597 4722 loro
623 4643 924 4722 prudenter
947 4642 1402 4722 accommodarit,
1435 4651 1495 4704 in
1512 4642 1574 4704 eo
1605 4650 1753 4722 quod
1783 4642 1862 4704 ib'i
1883 4649 2054 4720 juxta

475 4717 706 4792 veterem
736 4715 872 4792 legis
901 4719 1072 4773 ritum
1100 4723 1244 4774 vixit
1279 4736 1298 4773 :
1327 4715 1456 4777 etut
1495 4715 1652 4792 graui
1679 4715 1896 4776 catena'
1923 4723 2056 4774 vin-

475 4791 593 4864 ctus
621 4803 656 4840 a
683 4789 906 4864 tribuno
934 4792 1432 4860 contionabundus,
1463 4789 1586 4864 quae
1631 4795 1688 4848 ei
1731 4793 2050 4860 acciderint,

475 4859 818 4937 diaseruerit:
847 4861 984 4937 Item
1039 4865 1097 4937 _ut
1141 4859 1446 4937 Caesaream
1471 4859 1546 4921 ad
1572 4864 1864 4937 praesidem
1911 4865 2054 4920 Feli-

475 4943 588 4984 cem
618 4931 690 4986 sit
710 4930 992 5004 deductus,
1023 4935 1082 4990 in
1111 4936 1518 5010 rustodt’amque
1545 4930 1837 5010 cbnjectus.

473 5053 708 5111 Eisdem
739 5059 1125 5131 temporibus,
1159 5061 1370 5118 Paulus
1411 5081 1529 5120 una
1566 5081 1696 5120 cum
1745 5062 2054 5135 discipulis

404 5146 547 5216 suis,
579 5146 838 5204 collectis
870 5151 1139 5220 sarcinis,
1171 5153 1432 5210 Caesarea
1469 5157 1732 5212 ascendit
1785 5155 2054 5210 Hieroso-

398 5233 558 5308 lyma
591 5251 606 5292 :
638 5241 696 5293 et
726 5237 819 5294 die
849 5243 1110 5310 sequenti
1143 5243 1214 5299 ad
1255 5243 1452 5299 divum
1493 5244 1776 5301 Jacobum
1835 5243 2052 5299 bierar-

399 5323 570 5381 cham
604 5331 661 5382 et
693 5327 1062 5400 presbyteros
1099 5331 1362 5400 veniens,
1395 5349 1494 5389 eos
1541 5333 1780 5404 salutat,
1813 5337 1870 5389 et
1925 5349 2051 5403 quae

395 5411 552 5469 Deus
585 5431 686 5485 per
715 5415 908 5487 ipsum
959 5419 1110 5491 apud
1167 5426 1368 5492 gentes
1426 5421 1734 5493 ell'ecisset,
1795 5422 2049 5492 exponit.

393 5499 484 5560 Illi
517 5517 685 5572 porro
717 5503 964 5576 gloriam
1026 5509 1284 5581 primum
1333 5509 1450 5568 Deo
1509 5511 1810 5568 ferebant:
1842 5510 2053 5567 deinde

394 5589 642 5648 Paulum
677 5594 1096 5669 admonebant,
1128 5616 1300 5672 quam
1329 5601 1581 5672 plurima
1640 5616 1768 5659 esse
1821 5601 2051 5657 Judaeu-

401 5694 532 5738 rum
569 5679 828 5740 fidelium
864 5686 1066 5758 millia,
1101 5689 1204 5762 qui
1243 5687 1388 5760 legis
1417 5690 1537 5747 zelo
1569 5693 1627 5748 et
1685 5689 2050 5748 aemulatione

2083 4468 2132 4537 D

2779 4461 3037 4518 ΚΕΦΑΛ.
3079 4463 3191 4517 KH.

2163 4559 3824 4690 ὨςΠαῦλοςένἸεροσολύμοιςγενόέιενοςρίκονοο

2234 4635 3301 4690 μίαέναἰτιατικκατάτὸνπάλαιν
3364 4631 3638 4690 μονπολ
3663 4655 3824 4688 ιτευ-

2231 4631 3638 4716 μίᾳέχρήνσατ-οξκα-τμάτὸνπάξαιᾼνόμρνπο).
3663 4655 3824 4716 uisu:

2287 4716 2298 4732 1

2229 4701 2676 4792 babscos-xui
2701 4701 2784 4774 ὧς
2809 4701 3658 4792 ἀλύσειπεὶδηθεῖςβαρείὲ
3699 4701 3822 4758 ὕπὸ

2227 4777 2343 4841 toi}
2375 4785 2779 4873 χιλιάρχουξ
2805 4781 3060 4868 διεξῄει
3093 4781 3168 4836 τὰ
3197 4779 3344 4864 aut:
3371 4777 3824 4873 αςῦτὸνιδημη-

2231 4851 2819 4938 γξοριῖχᾘαίᾶἶςείς
2843 4851 3358 4938 Καισάρειανρῷ
3385 4851 3824 4938 ᾑγὶμὸνᾏιξξιῇ-

2227 4916 2372 4985 λἰκι
2415 4916 3122 5008 διεπέμφθη-,κάκεῖσε
3153 4916 3420 5002 φυλακῇ
3451 4916 3820 4994 πυρεδύθη.

2235 5055 2460 5118 Τούτοις
2507 5053 2574 5124 δὴ
2619 5060 2734 5117 τοῖς
2785 5054 3010 5132 χρόνοις
3062 5051 3152 5105 καὶ
3201 5047 3418 5108 Παῦλος
3461 5045 3570 5098 ἀπὸ
3613 5051 3820 5099 Καισα-

2169 5147 2312 5224 ρείας
2345 5148 2560 5220 σύναμα
2599 5150 2716 5207 τοῖς
2767 5141 2934 5197 αἶ)τοῦ
2987 5142 3252 5213 μαθηταῖς
3303 5133 3820 5206 ἐπισκευασάμενοι,

2163 5223 2425 5310 ἀνέϐησαν
2483 5237 2559 5301 εἰς
2605 5231 2983 5309 Ἱεροσόλυμα.
3043 5233 3121 5304 Τῇ
3173 5227 3218 5284 δ’
3273 5224 3520 5310 ἐπιούσῃ,
3553 5223 3698 5296 πρὸς
3729 5224 3818 5278 τὸν

2161 5308 2322 5383 θεῖον.
2357 5328 2624 5402 ἱεράρχην
2675 5308 2932 5379 Ἰάκωϐον
2983 5321 3072 5376 καὶ
3118 5319 3245 5380 τοὺς
3293 5308 3698 5392 πρεσϐυτέρους
3733 5311 3818 5368 ἐλ-

2163 5419 2292 5491 θὼν,
2321 5419 2620 5488 ἠσπάζετο,
2651 5413 2944 5488 ἐπιφέρων⁹
2973 5411 3065 5466 καὶ
3101 5409 3160 5464 ἃν
3191 5409 3320 5468 Θεὸς
3361 5403 3432 5460 δι’
3481 5403 3652 5458 αὐτοῦ
3705 5407 3814 5464 τοῖς

2161 5503 2332 5564 ἔθνεσι
2389 5505 2777 5582 κατεπράξατο.
2810 5502 2909 5558 Καὶ
2957 5502 3026 5556 τα
3081 5501 3174 5574 μὲν
3233 5501 3428 5573 πρῶτα
3475 5491 3634 5582 δόξαν
3683 5491 3820 5566 ἀνῇ-

2161 5619 2254 5675 γον
2312 5603 2426 5671 Θεῷ
2460 5617 2473 5632 ·
2525 5579 2648 5652 ε’ίτα
2697 5593 2994 5668 παρῂννυν,
3027 5591 3102 5652 ὡς
3163 5585 3378 5644 Πολλαί
3415 5579 3682 5658 μυριάδες
3711 5585 3814 5636 τῶν

2161 5672 2557 5744 πιστευσάντων
2613 5679 2894 5744 Ἰουδαίων
2941 5681 3042 5737 sic?
3101 5677 3260 5752 ζήλῳ
3315 5679 3412 5733 τοΰ
3467 5672 3650 5747 νόμου
3697 5691 3812 5730 νυτ-
