4084 6208
298 369 419 431 829

1345 372 1964 437 ECCLESIASTICE
2004 374 2396 437 HISTORUE
2433 376 2583 437 LIB.
2628 374 2708 435 II.

3589 369 3710 428 830

297 507 563 582 τόμενοιο
621 506 674 562 ο²ί
719 506 810 561 καὶ
858 506 982 582 περὶ
1031 510 1127 563 σοῦ
1174 509 1541 585 κατήχνηται,
1591 512 1668 574 ὡς
1716 512 1954 568 ἀποστα-

2072 511 2293 584 perciti,
2327 512 2399 569 de
2447 528 2511 568 eo
2550 508 2824 567 certiores
2873 506 3005 565 facti
3044 508 3257 572 essent,
3302 502 3472 577 quasi
3502 518 3706 560 omnes

300 604 416 653 τεῖν
484 596 691 653 ἐκείνου
754 598 957 662 πάντας
1023 595 1313 663 διδάσκεις,
1386 608 1679 679 καταργεῖν
1745 622 1803 657 τε
1859 604 1960 672 τὴν

302 688 637 762 περιτομὴν,
697 689 789 743 καὶ
856 689 930 761 μὴ
1001 693 1119 751 τοῖς
1180 691 1459 765 πατρῴοις
1520 689 1688 746 ἔθεσιν
1755 689 1958 747 ὲθέλειν

305 775 582 850 ἐμμένειν.
654 777 756 833 Καὶ
824 773 1214 835 συνεϐούλευον
1289 780 1578 855 οἰκονομίᾳ
1649 783 1959 857 χρώμενον,

305 865 623 950 ἀγνισθῆναί
649 887 708 921 τε
752 867 889 922 κατὰ
934 873 1026 922 τὸν
1078 870 1250 942 νόμον
1300 871 1390 924 καὶ
1438 871 1582 944 ξυρῷ
1626 872 1959 946 χρήσασθαι,

304 952 395 1009 ἵνα
428 956 507 1027 μὴ
551 952 725 1010 δοκῶν
787 954 872 1026 εἴη
917 954 1065 1011 λύειν
1105 959 1195 1012 τὸν
1236 960 1428 1033 νόμον.
1471 960 1569 1014 Καὶ
1612 960 1639 1014 ὁ
1675 959 1771 1033 μὲν
1812 960 1962 1035 ἀγνι-

306 1047 565 1116 σάμενος,
623 1042 793 1119 εἰσῄει
848 1045 911 1100 τὸ
959 1047 1105 1121 ἱερόν
1131 1066 1144 1080 ·
1179 1045 1231 1103 οἳ
1259 1070 1318 1123 γε
1350 1050 1457 1121 μὴν
1501 1048 1609 1104 ἀπὸ
1638 1056 1738 1118 τῆς
1782 1049 1959 1111 Ἀσίας

307 1132 567 1191 Ἰουδαῖοι
622 1138 816 1188 τοῦτον
877 1135 1222 1209 θεασάμενοι,
1283 1144 1473 1213 χεῖρας
1546 1132 1741 1194 ἔτεινον
1802 1140 1960 1213 θυμῷ

309 1221 954 1298 στρατηγούμενοι.-Καῖ
1002 1232 1467 1303 παρακροτοῦντες
1519 1227 1826 1300 ἀλλήλους,
1887 1230 1961 1290 ὡς

309 1305 656 1385 βεϐηλοῦντα
707 1312 772 1367 τὸ
821 1313 993 1388 ἱερὸν,
1041 1313 1280 1385 ἐξεῖλκον
1329 1316 1531 1372 ἐκεῖθεν
1577 1318 1669 1373 τὸν
1719 1317 1960 1387 Παῦλον,

304 1399 397 1454 καὶ
456 1399 683 1455 κτείνειν
728 1399 956 1476 ἐδίψων.
1006 1403 1064 1458 Ὀ
1115 1402 1172 1459 δὲ
1220 1412 1321 1476 τῆς
1371 1406 1593 1483 σπείρας
1651 1406 1958 1486 χιλίαρχος

305 1489 406 1557 τὴν
440 1488 710 1567 σύγχυσιν
741 1492 1117 1566 ἡνωτισμένος
1144 1501 1245 1564 τῆς
1276 1492 1495 1558 πόλεως
1528 1492 1721 1570 δρόμῳ
1752 1495 1958 1570 πολλῷ

306 1580 705 1648 κατασπεύσας,
735 1585 844 1636 τῶν
881 1582 975 1654 μὲν
1019 1589 1224 1659 χειρῶν
1266 1581 1532 1659 ἐξήρπαξε
1588 1590 1695 1641 τῶν
1741 1586 1959 1665 φονών-

304 1684 449 1722 των·
485 1665 602 1723 δυσὶ
638 1665 695 1723 δὲ
745 1670 992 1744 βαρτίαις
1040 1667 1353 1747 περιϐαλὼν
1409 1675 1684 1746 ἀλύσεσιν,
1735 1675 1811 1738 εἷς
1855 1676 1954 1744 τήν

307 1751 670 1831 παρεμϐολήν
722 1757 849 1834 ἦγε.
897 1760 994 1814 Καὶ
1043 1762 1136 1816 τὸν
1184 1762 1478 1838 Αἰγύπτιον
1526 1763 1657 1819 εἶναι
1705 1763 1955 1838 νομίσας,

2071 605 2303 659 doceret
2349 620 2381 657 a
2424 601 2551 674 lege
2597 600 2862 667 deﬁcere,
2914 596 3419 654 circumcisionem
3456 591 3707 663 abolere,

2070 696 2127 747 et
2157 691 2375 763 patrios
2424 706 2615 747 mores
2673 688 2960 760 negligere
2993 702 3007 742 :
3043 684 3394 756 proindeque
3442 686 3709 738 auctores

2070 796 2456 853 suasoresque
2502 780 2553 836 ei
2602 782 2790 848 erant,
2839 780 2905 832 ut
2951 774 3192 831 consilio
3241 773 3313 829 ad
3365 780 3591 842 tempus
3622 785 3709 827 ac-

2069 872 2457 939 commodato,
2508 868 2936 941 puriﬁcarotur,
2979 870 3037 921 et
3085 879 3155 919 ex
3198 861 3342 935 legis
3374 860 3709 932 praescripto

2069 964 2244 1030 caput
2286 960 2532 1027 raderet,
2584 974 2657 1014 ne
2706 956 2921 1013 scilicet
2970 953 3157 1026 legem
3190 951 3463 1017 abrogare
3493 947 3713 1006 videre-

2068 1051 2183 1103 tur.
2216 1049 2405 1121 Atque
2456 1047 2554 1104 ille
2602 1045 2838 1118 quidem
2889 1044 2967 1100 ita
3018 1040 3379 1114 puriﬁcatus,
3423 1037 3710 1108 templum

2068 1135 2397 1209 ingreditur
2445 1153 2459 1191 :
2508 1135 2695 1192 Judaei
2743 1137 2937 1190 autem
2994 1129 3196 1187 Asiani
3253 1143 3320 1183 eo
3379 1129 3710 1196 conspecto,

2066 1225 2222 1280 180
2254 1226 2341 1282 ira
2386 1224 2818 1282 vehementiore
2863 1220 3045 1289 ducti,
3098 1232 3307 1274 manus
3345 1214 3398 1272 ei
3425 1214 3710 1279 inierunt,

2066 1319 2124 1371 et
2153 1314 2302 1372 alius
2332 1315 2510 1372 alium
2563 1312 2870 1381 cohortati,
2922 1318 3201 1382 tanquam
3248 1322 3385 1363 eum
3429 1304 3526 1375 qui
3572 1310 3712 1360 tem-

2066 1405 2226 1477 plum
2259 1406 2610 1478 profanaret,
2643 1405 2781 1461 inde
2818 1402 3158 1469 extrahunt,
3199 1403 3256 1455 et
3286 1395 3549 1452 occidere
3582 1410 3713 1450 mo-

2065 1493 2312 1550 liuntur.
2358 1493 2639 1552 Caeterum
2680 1492 2933 1550 cohortis
2986 1488 3282 1555 tribunus,
3329 1483 3589 1542 tumultu
3644 1496 3710 1538 eo

2067 1584 2318 1640 civitatis
2349 1584 2567 1654 audito,
2602 1599 2816 1655 magna
2855 1597 2988 1636 cum
3027 1576 3320 1634 celeritate
3351 1572 3618 1639 accurrit,
3652 1574 3710 1628 et

2064 1675 2311 1732 Paulum
2356 1692 2424 1732 ex
2455 1691 2862 1748 percussorum
2913 1671 3189 1728 manibus
3226 1672 3480 1739 raptum,
3511 1662 3706 1736 gravi-

2064 1765 2176 1821 bus
2207 1766 2436 1822 duabus
2483 1765 2705 1822 catenis
2749 1764 3033 1831 vinctum,
3081 1761 3140 1815 in
3188 1761 3377 1814 castra
3407 1753 3567 1810 ducit
3600 1768 3612 1807 :
3646 1753 3706 1807 et

308 1844 436 1915 περὶ
493 1842 556 1899 οὗ
612 1845 720 1921 πρὸ
783 1846 1017 1922 βραχέος
1071 1849 1390 1924 εἰρήκαμεν,
1460 1849 1726 1927 διηρώτα.
1777 1854 1840 1909 Ὀ
1899 1851 1954 1908 δὲ

2064 1856 2219 1927 quod
2267 1872 2402 1911 eum
2432 1856 2769 1927 Egyptium
2812 1852 2983 1907 illum
3032 1864 3182 1916 esse,
3230 1847 3300 1902 de
3356 1860 3471 1915 quo
3530 1840 3703 1928 paulo

309 1933 517 2006 Ταρσέα
580 1934 676 2007 μὲν
734 1935 920 1990 ἑαυτὸν
970 1943 1071 2007 τῆς
1121 1937 1368 2002 Κιλικίας
1414 1941 1545 1995 εἶναι
1592 1936 1817 2017 ἔλεγενο
1867 1940 1955 1997 ἐπὶ

310 2017 371 2075 δε
411 2025 523 2077 τῶν
573 2018 904 2098 ἀναϐαθμῶν
958 2029 1184 2097 στήσας,
1234 2025 1420 2085 ἔπειτα
1467 2029 1647 2106 λέγειν
1693 2029 1959 2090 ἐκέλευεν.

311 2111 378 2168 Ὀ
439 2107 496 2166 δί
554 2111 793 2184 Παῦλος,
847 2114 915 2170 τὰ
970 2118 1088 2172 κατ’
1136 2116 1292 2173 αὐτὸν
1352 2120 1519 2181 ἑστὼς
1579 2117 1821 2196 διεξῄει·
1884 2123 1959 2184 ὡς

312 2198 594 2276 γνώριμος
628 2203 723 2276 μὶν
753 2202 839 2274 εἴη
885 2204 1052 2275 ζῆλον
1101 2210 1198 2262 τοῦ
1247 2208 1501 2282 πατρῴου
1547 2210 1720 2285 νόμου
1751 2210 1958 2286 αὐχῶν,

315 2294 463 2367 παρᾶ
490 2298 571 2366 τῷ
618 2294 914 2368 Γαμάλιήλ
955 2294 1208 2373 τάκριϐὲς
1260 2308 1361 2370 τῆς
1405 2302 1694 2377 θρησκείας
1746 2304 1955 2378 μαθὼν,

312 2382 408 2438 καὶ
440 2384 514 2446 ὡς
541 2381 833 2449 ἐπιστολὰς
865 2388 1011 2462 παρᾶ
1056 2393 1162 2444 τῶν
1212 2386 1590 2466 πρεσϐυτέρων
1642 2389 1852 2464 λαϐὼν,
1884 2393 1960 2457 είς

311 2472 600 2547 Δαμασκὸν
631 2472 860 2545 ἤλαυνε,
893 2473 1078 2550 δεσμῷ
1106 2474 1449 2553 περιϐαλεῖν,
1481 2481 1534 2536 οἳ
1574 2483 1805 2558 Χριστὸν
1838 2482 1959 2555 ἐκή-

310 2580 506 2635 ρυσσον
534 2580 548 2593 ’
579 2564 670 2618 καὶ
723 2564 797 2627 ὡς
854 2570 969 2644 φῶς
1014 2566 1175 2623 αὐτὸν
1229 2569 1450 2645 ἄπειρον
1489 2570 1541 2643 ἐξ
1590 2570 1821 2647 ούρανοῦ
1862 2593 1955 2628 πε-

311 2652 657 2726 ριήστραψε⁸
715 2653 807 2707 καὶ
862 2654 940 2718 ὡς
999 2664 1186 2734 φωνῆς
1243 2660 1388 2721 τινὸς
1445 2657 1601 2732 ξένης
1646 2662 1697 2716 ἐν
1755 2662 1955 2735 μεθέξει

307 2739 755 2815 ἑγὲνετο.Ῑῐηρός
810 2764 868 2800 τε
924 2744 1158 2801 ἀντεῦθεν
1212 2749 1507 2823 γενόμενος
1563 2751 1818 2826 περιῄεισ
1868 2751 1957 2807 καὶ

307 2830 390 2890 ὡς
444 2829 547 2885 ὑπὸ
586 2831 841 2888 Ἀνανίου
886 2833 1054 2889 πάλιν
1100 2833 1229 2912 ἔσχε
1276 2837 1340 2892 τὸ
1387 2843 1501 2918 φῶς
1530 2858 1542 2871 ·
1575 2839 1665 2894 καὶ
1707 2840 1781 2903 ὡς
1829 2839 1958 2916 ἔσχε

304 2917 371 2971 τὸ
432 2919 714 2993 βάπτισμα
762 2925 842 2994 τῷ
872 2923 1056 2993 Ἰησοῦ
1115 2924 1345 2999 ὀνόματι
1397 2917 1762 3004 σφραγισθείς.
1793 2935 1858 2985 *Α
1889 2927 1954 2999 δὴ

307 3007 483 3063 πάντα
536 3008 772 3082 διεξιὼν,
811 3010 886 3073 εἷς
941 3007 1114 3089 ὄχλον
1173 3016 1393 3088 μείζονα
1452 3015 1551 3091 ἦρε
1603 3018 1668 3073 τὸ
1725 3019 1956 3088 πλῆθος,

308 3095 440 3170 Alps
471 3095 655 3171 αὐτὸν,
687 3098 964 3176 λέγοντες.
997 3103 1079 3159 Οὐ
1107 3103 1208 3178 γὰρ
1254 3106 1483 3175 καθήκει
1520 3110 1616 3179 ζῇν
1650 3107 1743 3162 τὸν
1771 3112 1958 3163 τοιοῦ-

2068 1926 2203 1998 ante
2256 1926 2941 2014 diximus,opinaretur,
2984 1936 3243 2008 idipsum
3282 1930 3545 2004 inquirit.
3604 1926 3706 1983 Ille

2069 2036 2267 2088 autem
2298 2033 2646 2089 Tarsensem
2695 2047 2757 2086 se
2802 2046 2871 2086 ex
2910 2026 3111 2086 Cilicia
3140 2038 3265 2081 esse
3295 2020 3456 2077 dicit.
3488 2016 3708 2075 Deinde

2068 2137 2201 2177 cum
2243 2138 2377 2178 eum
2411 2122 2469 2177 in
2520 2120 2739 2194 gradus
2767 2118 3080 2185 statuisset,
3130 2127 3367 2171 causam
3408 2108 3599 2165 dicere
3620 2107 3712 2179 ju-

2070 2211 2182 2267 bet.
2216 2212 2299 2268 Ibi
2332 2210 2547 2268 Paulus
2576 2215 2761 2278 stans,
2814 2209 2883 2265 de
2914 2207 3087 2263 rebus
3118 2203 3240 2259 suis
3270 2199 3706 2265 commemorat,

2070 2303 2224 2374 quod
2256 2306 2582 2373 spectatum
2617 2296 3002 2357 scilicetsatis
3023 2297 3196 2361 esset,
3219 2290 3339 2387 zelo
3343 2305 3425 2387 se
3456 2292 3707 2387 eti-emu-

2067 2393 2282 2449 latione
2325 2392 2522 2464 patriae
2558 2391 2701 2464 legis
2748 2382 3305 2476 ﬂagrantem,-apud
3337 2376 3709 2476 Gamalielem

2067 2483 2441 2538 caeremonias
2472 2481 2595 2553 ejus
2643 2481 2910 2535 accurate
2957 2480 3013 2532 et
3041 2472 3352 2544 diligenter
3380 2466 3657 2522 didicisse
3689 2477 3705 2517 :

2067 2572 2436 2643 acceptisque
2467 2588 2502 2627 a
2554 2568 2885 2627 senioribus
2935 2562 3226 2653 epistolis,
3250 2559 3616 2653 Damascum,
3638 2556 3711 2653 int

2066 2661 2147 2718 ibi
2178 2661 2236 2716 in
2268 2660 2519 2729 vincula,
2568 2658 2669 2730 qui
2716 2656 3009 2713 Christum
3052 2650 3486 2743 pradicassent,
3521 2650 3707 2743 conji-

2067 2754 2240 2816 ceret.
2291 2749 2677 2808 contendisse.
2728 2748 3087 2804 Immensam
3135 2754 3268 2797 vero
3310 2741 3435 2793 tum
3482 2734 3710 2790 coalitus

2066 2842 2256 2899 lucem
2289 2842 2510 2898 circum
2550 2855 2612 2897 se
2642 2851 3007 2905 coruscasse,
3036 2844 3354 2902 vocemque
3383 2823 3709 2922 inauditam

2067 2936 2237 2988 antea
2285 2932 2356 2987 ad
2404 2947 2466 2987 se
2514 2928 2766 2986 delatam
2816 2942 2992 2984 esse:
3041 2923 3385 2980 excaecatum
3438 2915 3713 3012 inde'cir-

2068 3021 2282 3090 cuisse,
2312 3020 2506 3077 visum
2556 3023 2759 3091 postea
2805 3031 3005 3072 rursus
3037 3013 3109 3068 ab
3139 3007 3709 3104 Ananiagrecepisse,

2068 3110 2320 3183 denique
2358 3109 2651 3181 baptismo
2699 3105 3126 3178 consignatum,
3178 3100 3317 3156 Jesu
3357 3095 3580 3152 Christo
3611 3105 3713 3183 no-

307 3205 431 3242 τον.
476 3186 576 3242 Καὶ
626 3189 654 3243 6
702 3186 1025 3265 χιλίαρχος,
1080 3177 1324 3266 μάστιξιν
1360 3194 1521 3250 αὐτὸν
1565 3177 1790 3273 ἤπειγε.
1851 3195 1954 3252 Κᾶν

2068 3219 2198 3258 men
2223 3177 2503 3258 —dediss_e.
2574 3203 2708 3255 Haec
2766 3177 2962 3254 omnia
3018 3208 3152 3249 cum
3213 3177 3712 3287 referret,umag‘is

306 3274 515 3337 ἐκεῖνος
582 3279 855 3351 Ῥωμαῖον
924 3280 1108 3336 ἑαυτὸν
1199 3282 1455 3357 ἐπειπὼν,
1532 3290 1642 3341 τῶν
1720 3284 1950 3363 πληγῶν

306 3362 714 3435 ἀπηλλάττετο.
745 3369 902 3441 ’Ἅμα
933 3365 980 3424 δ’
1007 3366 1082 3442 ἕῳ
1108 3372 1377 3449 τάσφαλὲς
1418 3374 1446 3428 6
1479 3372 1781 3451 χιλίαρχος
1811 3362 1951 3451 γνῶ-

303 3476 388 3511 ναι
446 3455 831 3526 ἐθέλων,τοὺς
890 3460 1171 3537 ἀρχιερεῖς
1227 3464 1319 3519 καὶ
1374 3466 1437 3521 τὸ
1487 3465 1760 3541 συνέδριον
1795 3487 1952 3541 μετε-

304 3542 589 3604 στέλλετο.
640 3549 735 3603 Καὶ
795 3548 963 3605 πάλιν
1009 3551 1037 3605 6
1086 3551 1302 3617 Παῦλος
1344 3551 1665 3631 δημηγόρος
1719 3556 1813 3629 ὢν,
1847 3556 1950 3636 ὑπὸ

300 3633 551 3721 Ἀνανίου
596 3637 659 3692 τὸ
704 3637 879 3711 στόμα
927 3637 1219 3696 ἐτύπτετο·
1277 3642 1334 3697 δν
1383 3644 1411 3698 6
1445 3644 1660 3708 Παῦλος
1692 3633 1950 3721 ἀρχιερέα

299 3744 367 3799 γε
419 3719 546 3780 ὄντα
603 3726 680 3799 μὴ
739 3725 1147 3805 είδὼς,τοῖχόν
1198 3753 1257 3787 τε
1311 3734 1694 3809 κεκονιαμένον
1739 3734 1946 3806 ἐκάλει,

306 3813 400 3870 καὶ
445 3814 592 3889 παρά
636 3815 728 3870 τὸν
773 3816 947 3890 νόμον
992 3820 1095 3889 τὴν
1140 3821 1315 3895 κρίσιν
1347 3820 1626 3899 ἐξάγοντα.
1658 3826 1793 3881 Εἶτα
1853 3847 1950 3900 με-

307 3898 455 3974 θόδῳ
484 3904 591 3958 τινῖ
622 3911 908 3980 φαρισαῖον
939 3906 1127 3963 ἑαυτὸν
1159 3908 1427 3983 ὠνόμαζε,
1458 3913 1547 3968 καὶ
1598 3914 1674 3976 ὡς
1723 3913 1805 3969 ὅτι
1862 3935 1949 3970 νε-

302 3995 451 4065 κρῶν
498 3994 754 4068 κηρύττει
815 3995 1117 4070 ἀνάστασιν,
1167 3998 1243 4062 είς
1292 4002 1577 4076 κριτήριον
1624 4005 1947 4080 παρεισήγε-

302 4104 388 4142 το.
417 4085 497 4138 Δι’
529 4085 592 4140 οὗ
637 4085 728 4141 καὶ
779 4089 915 4164 πρὸς
965 4090 1278 4165 Φαρισαίων
1318 4095 1385 4148 τὰ
1435 4098 1598 4150 πιστὰ
1630 4098 1801 4176 σχὼν,
1838 4120 1948 4171 μη-

306 4170 392 4228 δὲν
427 4195 481 4230 τι
532 4171 937 4251 διαμαρτάνειν,
972 4179 1075 4235 ὑπὸ
1125 4186 1222 4237 τοῦ
1270 4180 1576 4261 χιλιάρχου
1636 4188 1948 4263 ἀνήρπαστο

306 4260 642 4336 δεδοικότος,
692 4269 769 4341 μή
820 4290 873 4324 τι
929 4274 1008 4343 τῷ
1064 4269 1265 4343 πλήθει
1300 4260 1535 4349 ίγένοιτο
1600 4260 1797 4353 πρᾶξαι
1842 4284 1950 4334 τῶν

303 4353 587 4429 ἀπρεπῶν.
649 4356 854 4421 Νυκτὸς
913 4355 960 4413 δ’
1012 4359 1291 4436 ἐπιστῆναι
1354 4362 1518 4440 λόγος
1572 4367 1827 4441 Χριστὸν,
1857 4369 1945 4424 καὶ

306 4444 520 4517 θαρσεῖν
563 4442 960 4518 ἐγκελεύεσθαι.
1001 4448 1230 4521 Ἐπίσης
1285 4472 1343 4507 τε
1396 4453 1470 4517 ὡς
1526 4454 1616 4510 καὶ
1663 4454 1715 4511 ἐν
1762 4460 1951 4532 Ἰερου-

301 4531 500 4619 σαλὴμ
552 4534 650 4588 κάν
705 4539 775 4609 τῇ
832 4536 1020 4611 Ῥώμῃ
1081 4545 1371 4613 μαρτυρεῖν
1434 4543 1695 4605 ὑπετίθει.
1726 4531 1947 4619 Ὅρκοις

305 4618 363 4674 δὲ
390 4641 536 4684 τινες
565 4621 959 4699 ἠσφαλίζοντο,
991 4631 1175 4683 πεῖσαι
1219 4631 1318 4701 μὲν
1360 4630 1487 4694 τοὺς
1538 4634 1701 4710 ἱερεῖς
1747 4635 1953 4714 ἐξάγειν

304 4709 397 4764 τὸν
450 4710 667 4800 Παῦλον
709 4720 809 4784 τῆς
858 4715 1079 4780 πόλεως
1105 4737 1117 4750 ’
1162 4717 1358 4782 αὐτοὺς
1406 4718 1452 4775 δ’
1482 4720 1537 4776 ἐν
1567 4709 1776 4798 ἑτοίμῳ
1806 4709 1952 4800 ἔχειν

306 4798 557 4890 κτείτεινΑ
596 4799 783 4890 αὐτόν.
811 4810 873 4858 Ὃ
905 4800 1041 4876 δῆτα
1088 4808 1307 4870 Παῦλος
1350 4811 1560 4883 μαθὼν,
1591 4809 1802 4889 ἤγγελε
1837 4798 1950 4890 γὰρ

309 4887 339 4941 6
367 4894 469 4957 τῆς
499 4885 742 4969 ἀδελφῆς
768 4893 935 4948 αὐτοῦ
966 4899 1092 4983 παῖς
1118 4896 1219 4965 τὴν
1271 4896 1503 4983 βρυλήν,
1533 4906 1614 4974 τῷ
1647 4885 1951 4982 -χιλιάρχιρ

306 4976 560 5050 ἐμήνυεν.
620 4981 677 5037 Ὀ
762 4979 840 5054 δὲ,
900 4981 1169 5049 Κλαύδιος
1256 4976 1318 5042 δὲ
1397 4990 1597 5054 Λυσίας
1662 4976 1727 5062 ἧν

308 5063 506 5140 ὄνομα,
566 5065 717 5124 δυσὶν
791 5071 1189 5150 ὲκατοντάρχος
1262 5077 1354 5131 καὶ
1422 5075 1721 5146 διακοσίοις
1777 5079 1952 5153 δεξιο-

313 5150 530 5226 λάδοις,
581 5157 672 5213 σὺν
732 5160 984 5216 ἱππεῦσιν
1052 5159 1433 5237 ἑϐδομήκοντα
1507 5167 1801 5243 παρεδίδου
1858 5173 1949 5228 τὸν

309 5246 453 5300 θεῖον
488 5245 824 5305 Ἀπόστολον
849 5267 863 5281 ³
895 5252 1084 5322 κτήνει
1133 5248 1455 5320 ἐπιϐιϐάσας
1506 5257 1581 5320 εἶς
1629 5263 1954 5336 Καισάρειαν

303 5334 519 5404 νυκτὸς,
567 5340 648 5410 τῷ
695 5339 929 5414 ἡγεμόνι
959 5338 1174 5412 Φήλικι
1222 5343 1433 5419 σύναμα
1465 5345 1729 5425 ἔπιστολῇ
1760 5355 1952 5407 τοῦτον

299 5421 647 5514 παρίπεμπε.
680 5427 781 5482 Καὶ
830 5429 889 5491 ὃς
936 5424 1220 5504 δεξάμενος
1267 5434 1395 5497 τοὺς
1449 5433 1500 5505 ἐξ
1550 5421 1952 5514 Ἱεροσολύμων

299 5513 556 5583 ¹ἥκοντας,
582 5517 699 5571 κατ’
751 5516 918 5575 αὐτοῦ
967 5519 1133 5575 εἰπὼν
1189 5522 1321 5586 τοὺς
1372 5532 1805 5603 κατηγορσῦντας
1864 5528 1952 5585 ἐκ·-

299 5597 581 5691 δέχεσθαι,
630 5610 710 5679 τῷ
766 5607 1088 5684 πραιτωρίῳ
1136 5608 1386 5685 Ἡρώδου
1438 5597 1797 5691 φυλάττεσθαι
1847 5640 1953 5676 πα-

300 5688 531 5769 ραγγύα.

2065 3293 2239 3348 etiam
2272 3291 2575 3363 magisque
2605 3284 2950 3344 tumultuari
2973 3279 3287 3340 multitudo
3318 3272 3569 3372 incipit
3599 3267 3711 3324 tol-

2061 3384 2294 3441 lendum
2343 3400 2480 3440 eum
2528 3398 2677 3442 esse.
2727 3393 2915 3450 neque
2959 3375 3133 3432 talem
3175 3366 3489 3460 hominem
3519 3366 3711 3460 vivere

2060 3475 2293 3545 debere,
2324 3473 2655 3531 clamitans.
2700 3449 2843 3525 Tum
2874 3467 3148 3523 tribunus
3182 3459 3424 3548 Paulum
3457 3449 3705 3548 ﬂagellis

2058 3536 2321 3637 urgebat.
2354 3566 2428 3619 At
2464 3561 2583 3629 ille,
2617 3574 2749 3614 cum
2782 3557 3111 3612 Romanum
3150 3567 3210 3606 se
3239 3547 3434 3641 civem.
3455 3555 3581 3641 esse
3612 3536 3701 3641 di-

2057 3624 2234 3721 ceret,
2280 3648 2469 3722 plagis
2517 3624 2815 3702 liberatur.
2867 3641 3104 3706 Deinde,
3155 3650 3289 3692 cum
3349 3624 3698 3722 prima-luce

2057 3715 2353 3806 tribunus,
2382 3715 2521 3793 irem
2570 3749 2805 3791 omnem
2849 3732 3064 3788 certius
3097 3715 3692 3821 cognoscerevolens,

2056 3829 2358 3901 pontifices
2408 3833 2467 3883 et
2523 3823 2834 3883 consilium
2885 3823 3086 3881 evocat
3125 3834 3160 3911 ς-
3189 3819 3365 3911 atque
3411 3808 3692 3911 .ibi'cum

2057 3919 2276 3976 Paulus
2333 3933 2540 3973 rursus
2589 3913 3052 3974 concionaretur,
3113 3906 3184 3962 ab
3238 3906 3464 3958 Anania
3518 3906 3581 3996 in
3635 3908 3697 3950 os

2058 4009 2409 4066 verberatur.
2444 4006 2625 4071 Quem
2659 4001 2873 4059 Paulus
2902 3996 3235 4072 pontificem
3258 4005 3384 4049 esse
3407 3998 3696 4087 nesciens,

2058 4112 2192 4155 cum
2241 4095 2515 4169 parietem
2562 4108 2696 4149 eum
2744 4089 3075 4147 dealbatum
3117 4089 3300 4173 vocat,
3340 4083 3466 4173 tum
3508 4073 3699 4173 illegi-

2057 4162 2266 4242 timurn
2314 4185 2703 4256 iniquumque
2747 4179 2799 4236 ei
2841 4168 3440 4267 judiciumobjicitf
3491 4162 3700 4221 deinde

2060 4275 2305 4333 consilio
2334 4274 2592 4347 quodam
2624 4286 2726 4342 pro
2757 4272 3018 4340 tempore
3040 4266 3230 4336 capto,
3259 4258 3615 4357 Pharisieum
3641 4266 3703 4309 se

2057 4367 2321 4423 nominat
2372 4380 2388 4421 :
2447 4367 2506 4420 et
2560 4360 2715 4434 quod
2784 4365 3144 4415 mortuorum
3216 4349 3701 4434 resurrectionem

2058 4457 2350 4529 pradicet,
2410 4433 2712 4527 propterea
2769 4465 2832 4506 se
2886 4447 2945 4503 in
2998 4446 3100 4542 jus-
3155 4440 3312 4499 trahi
3364 4433 3701 4542 dicitzlloc

2059 4523 2254 4616 modo,
2306 4523 2729 4601 Pharisaeorum
2777 4537 2914 4605 sibi,
2957 4533 3105 4593 nihil
3134 4548 3267 4591 eum
3298 4525 3561 4628 criminis
3593 4523 3699 4580 ad-

2062 4615 2296 4694 misisse
2325 4632 2709 4701 credentium,
2757 4626 3030 4686 conciliat
3071 4623 3268 4681 studia
3298 4638 3311 4677 :
3342 4622 3399 4676 et
3426 4615 3699 4673 tribunus

2059 4724 2297 4794 veritus,
2328 4739 2402 4780 ne
2432 4722 2570 4795 quid
2623 4718 2960 4782 multitudo,
3015 4713 3171 4787 quod
3222 4710 3419 4806 minus
3450 4703 3699 4806 deceret,

2062 4789 2296 4883 faceret,
2342 4789 2479 4870 eum
2528 4810 2790 4867 abducit.
2841 4807 3020 4863 Noctu
3061 4816 3195 4858 vero
3225 4798 3494 4855 Christus
3519 4789 3698 4891 Paulo

2059 4905 2364 4972 assistens,
2412 4900 2546 4957 torti
2593 4898 2791 4955 animo
2834 4909 2960 4952 esse
2996 4891 3170 4963 jubet
3188 4905 3216 4981 ἐ
3248 4883 3699 4981 eumqueﬂsic‘uti

2062 4970 2498 5064 Hierosolymis,
2549 4989 2632 5044 ita
2677 4988 2870 5043 Romae
2900 4996 3130 5054 quoque
3171 4978 3241 5033 de
3270 4992 3333 5031 se
3363 4970 3699 5064 testiﬁcatu-

2064 5100 2195 5140 rum
2226 5062 2355 5140 esse
2385 5082 2544 5137 dicit.
2571 5080 2744 5135 Erant
2760 5079 2957 5133 autem
2980 5070 3219 5161 quidam
3240 5066 3340 5161 qui
3362 5062 3699 5161 juramento

2065 5173 2573 5240 confirmaverant,
2606 5179 2992 5241 persuasuros
3022 5175 3084 5217 se
3116 5158 3351 5231 quidem
3384 5152 3697 5211 sacerdoti-

2063 5265 2197 5333 bus,
2228 5272 2292 5320 ut
2322 5262 2567 5318 Paulum
2607 5276 2639 5315 e
2682 5257 2915 5313 civitate
2945 5251 3348 5325 producerent,
3380 5246 3540 5318 ipsos
3567 5255 3701 5333 vero

2062 5353 2133 5410 ad
2164 5329 2299 5409 eum
2332 5349 2656 5407 necandum
2688 5348 2920 5419 paratos
2953 5343 3092 5398 fore.
3126 5338 3301 5433 Quod
3317 5350 3463 5433 cum.
3477 5329 3703 5433 Paulus

2063 5442 2423 5515 cognovisset
2450 5440 2611 5513 (nam
2650 5436 2711 5492 id
2750 5450 2816 5492 ac
2842 5449 2979 5491 eum
3007 5428 3223 5488 sororis
3252 5426 3380 5497 ejus
3409 5420 3702 5515 ﬁlius‘de-

2063 5510 2324 5605 tulerat),
2358 5510 2590 5587 tribuno
2620 5525 2768 5584 181
2805 5521 3116 5597 signiﬁcat.
3168 5516 3268 5576 Ille
3306 5530 3498 5589 porro,
3532 5510 3702 5605 Clau-

2061 5622 2197 5679 dius
2245 5601 2487 5689 scilicet,
2539 5616 2741 5691 Lysias
2790 5614 2893 5686 (ita
2939 5611 3094 5706 enim
3130 5601 3701 5706 vocabatur‘duobus

2063 5708 2520 5780 centurionibus,
2546 5705 2931 5778 ducentisque
2951 5699 3223 5769 hastatis,
3244 5700 3303 5757 et
3332 5694 3702 5769 septuaginta
