  <div class='ocr_page' id='page_1' title='image "/cluster/home/n/w/nwhite01/storage/ocr_20150623/145/hvd.32044054086921/421.png"; bbox 0 0 4084 6208; ppageno 0'>
   <div class='ocr_carea' id='block_1_1' title="bbox 417 311 532 374">
    <p class='ocr_par' dir='ltr' id='par_1_1' title="bbox 417 311 532 374">
     <span class='ocr_line' id='line_1_1' title="bbox 417 311 532 374; baseline 0.026 -3"><span class='ocrx_word' id='word_1_1' title='bbox 417 311 532 374; x_wconf 87' lang='grc'><strong>831</strong></span> 
     </span>
    </p>
   </div>
   <div class='ocr_carea' id='block_1_2' title="bbox 1717 321 2526 388">
    <p class='ocr_par' dir='ltr' id='par_1_2' title="bbox 1717 321 2526 388">
     <span class='ocr_line' id='line_1_2' title="bbox 1717 321 2526 388; baseline -0.001 -3"><span class='ocrx_word' id='word_1_2' title='bbox 1717 321 2140 388; x_wconf 78' lang='lat' dir='ltr'><strong>NICEPHOBI</strong></span> <span class='ocrx_word' id='word_1_3' title='bbox 2181 322 2526 385; x_wconf 82' lang='lat' dir='ltr'><strong>GALLISTI</strong></span> 
     </span>
    </p>
   </div>
   <div class='ocr_carea' id='block_1_3' title="bbox 3689 328 3843 388">
    <p class='ocr_par' dir='ltr' id='par_1_3' title="bbox 3689 328 3843 388">
     <span class='ocr_line' id='line_1_3' title="bbox 3689 328 3843 388; baseline 0 0"><span class='ocrx_word' id='word_1_4' title='bbox 3689 328 3843 388; x_wconf 75' lang='lat'><strong>832</strong></span> 
     </span>
    </p>
   </div>
   <div class='ocr_carea' id='block_1_4' title="bbox 423 446 3838 531">
    <p class='ocr_par' dir='ltr' id='par_1_4' title="bbox 423 446 3838 531">
     <span class='ocr_line' id='line_1_4' title="bbox 423 446 3838 531; baseline 0.004 -29"><span class='ocrx_word' id='word_1_5' title='bbox 423 446 748 519; x_wconf 76' lang='lat' dir='ltr'><strong>equilibus,</strong></span> <span class='ocrx_word' id='word_1_6' title='bbox 797 449 1056 507; x_wconf 88' lang='lat' dir='ltr'><strong>divinum</strong></span> <span class='ocrx_word' id='word_1_7' title='bbox 1111 453 1428 512; x_wconf 80' lang='lat' dir='ltr'><strong>committit</strong></span> <span class='ocrx_word' id='word_1_8' title='bbox 1476 457 1836 527; x_wconf 86' lang='lat' dir='ltr'><strong>Apostolum,</strong></span> <span class='ocrx_word' id='word_1_9' title='bbox 1887 464 1954 516; x_wconf 89' lang='lat' dir='ltr'><strong>ut</strong></span> <span class='ocrx_word' id='word_1_10' title='bbox 1995 467 2168 516; x_wconf 83' lang='lat' dir='ltr'><strong>noctu</strong></span> <span class='ocrx_word' id='word_1_11' title='bbox 2208 458 2498 529; x_wconf 83' lang='lat' dir='ltr'><strong>jumentis</strong></span> <span class='ocrx_word' id='word_1_12' title='bbox 2545 455 2876 527; x_wconf 78' lang='lat' dir='ltr'><strong>vehentem,</strong></span> <span class='ocrx_word' id='word_1_13' title='bbox 2925 457 3240 514; x_wconf 69' lang='lat' dir='ltr'><strong>Caesaream</strong></span> <span class='ocrx_word' id='word_1_14' title='bbox 3285 474 3420 516; x_wconf 90' lang='lat' dir='ltr'><strong>cum</strong></span> <span class='ocrx_word' id='word_1_15' title='bbox 3463 459 3708 531; x_wconf 86' lang='lat' dir='ltr'><strong>epistola</strong></span> <span class='ocrx_word' id='word_1_16' title='bbox 3753 463 3838 517; x_wconf 83' lang='lat' dir='ltr'><strong>ad</strong></span> 
     </span>
    </p>
   </div>
   <div class='ocr_carea' id='block_1_5' title="bbox 423 535 3840 622">
    <p class='ocr_par' dir='ltr' id='par_1_5' title="bbox 423 535 3840 622">
     <span class='ocr_line' id='line_1_5' title="bbox 423 535 3840 622; baseline 0.004 -30"><span class='ocrx_word' id='word_1_17' title='bbox 423 535 672 598; x_wconf 83' lang='lat' dir='ltr'><strong>Felicem</strong></span> <span class='ocrx_word' id='word_1_18' title='bbox 720 540 1018 598; x_wconf 81' lang='lat' dir='ltr'><strong>ducerent.</strong></span> <span class='ocrx_word' id='word_1_19' title='bbox 1069 543 1135 598; x_wconf 90' lang='lat' dir='ltr'><strong>Et</strong></span> <span class='ocrx_word' id='word_1_20' title='bbox 1185 543 1300 612; x_wconf 90' lang='lat' dir='ltr'><strong>ille,</strong></span> <span class='ocrx_word' id='word_1_21' title='bbox 1351 563 1480 602; x_wconf 91' lang='lat' dir='ltr'><strong>cum</strong></span> <span class='ocrx_word' id='word_1_22' title='bbox 1530 563 1630 604; x_wconf 87' lang='lat' dir='ltr'><strong>eos</strong></span> <span class='ocrx_word' id='word_1_23' title='bbox 1691 550 1787 621; x_wconf 90' lang='lat' dir='ltr'><strong>qui</strong></span> <span class='ocrx_word' id='word_1_24' title='bbox 1853 549 2266 620; x_wconf 83' lang='lat' dir='ltr'><strong>Hierosolymis</strong></span> <span class='ocrx_word' id='word_1_25' title='bbox 2325 548 2642 618; x_wconf 72' lang='lat' dir='ltr'><strong>venissent,</strong></span> <span class='ocrx_word' id='word_1_26' title='bbox 2696 545 3040 620; x_wconf 78' lang='lat' dir='ltr'><strong>excepisset,</strong></span> <span class='ocrx_word' id='word_1_27' title='bbox 3099 553 3686 622; x_wconf 83' lang='lat' dir='ltr'><strong>exspectaturumque</strong></span> <span class='ocrx_word' id='word_1_28' title='bbox 3741 567 3840 620; x_wconf 84' lang='lat' dir='ltr'><strong>se,</strong></span> 
     </span>
    </p>
   </div>
   <div class='ocr_carea' id='block_1_6' title="bbox 423 629 2756 714">
    <p class='ocr_par' dir='ltr' id='par_1_6' title="bbox 423 629 2756 714">
     <span class='ocr_line' id='line_1_6' title="bbox 423 629 2756 714; baseline 0.005 -30"><span class='ocrx_word' id='word_1_29' title='bbox 423 629 524 699; x_wconf 89' lang='lat' dir='ltr'><strong>qui</strong></span> <span class='ocrx_word' id='word_1_30' title='bbox 557 645 690 686; x_wconf 89' lang='lat' dir='ltr'><strong>eum</strong></span> <span class='ocrx_word' id='word_1_31' title='bbox 721 639 1086 702; x_wconf 85' lang='lat' dir='ltr'><strong>accusarent,</strong></span> <span class='ocrx_word' id='word_1_32' title='bbox 1117 634 1381 707; x_wconf 76' lang='lat' dir='ltr'><strong>dixisset,</strong></span> <span class='ocrx_word' id='word_1_33' title='bbox 1415 637 1472 694; x_wconf 91' lang='lat' dir='ltr'><strong>in</strong></span> <span class='ocrx_word' id='word_1_34' title='bbox 1501 637 1744 696; x_wconf 84' lang='lat' dir='ltr'><strong>Herodis</strong></span> <span class='ocrx_word' id='word_1_35' title='bbox 1777 640 2040 714; x_wconf 67' lang='lat' dir='ltr'><strong>praetorio</strong></span> <span class='ocrx_word' id='word_1_36' title='bbox 2073 639 2348 698; x_wconf 77' lang='lat' dir='ltr'><strong>asservari</strong></span> <span class='ocrx_word' id='word_1_37' title='bbox 2379 637 2542 694; x_wconf 88' lang='lat' dir='ltr'><strong>illum</strong></span> <span class='ocrx_word' id='word_1_38' title='bbox 2567 637 2756 708; x_wconf 86' lang='lat' dir='ltr'><strong>jubet.</strong></span> 
     </span>
    </p>
   </div>
   <div class='ocr_carea' id='block_1_7' title="bbox 1009 767 1470 826">
    <p class='ocr_par' dir='ltr' id='par_1_7' title="bbox 1009 767 1470 826">
     <span class='ocr_line' id='line_1_7' title="bbox 1009 767 1470 826; baseline 0.009 -4"><span class='ocrx_word' id='word_1_39' title='bbox 1009 767 1236 823; x_wconf 82' lang='lat' dir='ltr'><strong>CAPUT</strong></span> <span class='ocrx_word' id='word_1_40' title='bbox 1275 769 1470 826; x_wconf 85' lang='lat' dir='ltr'><strong>XXIX.</strong></span> 
     </span>
    </p>
   </div>
   <div class='ocr_carea' id='block_1_8' title="bbox 427 869 2074 950">
    <p class='ocr_par' dir='ltr' id='par_1_8' title="bbox 427 869 2074 950">
     <span class='ocr_line' id='line_1_8' title="bbox 427 869 2074 950; baseline 0.006 -24"><span class='ocrx_word' id='word_1_41' title='bbox 427 869 746 950; x_wconf 38' lang='lat' dir='ltr'><strong>Ul.P_auI_us</strong></span> <span class='ocrx_word' id='word_1_42' title='bbox 793 888 918 950; x_wconf 71' lang='lat' dir='ltr'><strong>cum</strong></span> <span class='ocrx_word' id='word_1_43' title='bbox 960 875 1036 930; x_wconf 83' lang='lat' dir='ltr'><strong>eis</strong></span> <span class='ocrx_word' id='word_1_44' title='bbox 1083 878 1178 946; x_wconf 84' lang='lat' dir='ltr'><strong>qui</strong></span> <span class='ocrx_word' id='word_1_45' title='bbox 1217 877 1619 950; x_wconf 71' lang='lat' dir='ltr'><strong>Hierosolymis</strong></span> <span class='ocrx_word' id='word_1_46' title='bbox 1673 887 1964 946; x_wconf 80' lang='lat' dir='ltr'><strong>venerant,</strong></span> <span class='ocrx_word' id='word_1_47' title='bbox 2019 895 2074 936; x_wconf 79' lang='lat' dir='ltr'><strong>se</strong></span> 
     </span>
    </p>
   </div>
   <div class='ocr_carea' id='block_1_9' title="bbox 493 939 2074 1015">
    <p class='ocr_par' dir='ltr' id='par_1_9' title="bbox 493 939 2074 1015">
     <span class='ocr_line' id='line_1_9' title="bbox 493 939 2074 1015; baseline 0.007 -20"><span class='ocrx_word' id='word_1_48' title='bbox 493 939 784 1015; x_wconf 70' lang='lat' dir='ltr'><strong>defendens</strong></span> <span class='ocrx_word' id='word_1_49' title='bbox 829 939 1150 1015; x_wconf 75' lang='lat' dir='ltr'><strong>disputari&#39;t.</strong></span> <span class='ocrx_word' id='word_1_50' title='bbox 1203 949 1274 1004; x_wconf 83' lang='lat' dir='ltr'><strong>De</strong></span> <span class='ocrx_word' id='word_1_51' title='bbox 1319 939 1501 1007; x_wconf 59' lang='lat' dir='ltr'><strong>Felici</strong></span> <span class='ocrx_word' id='word_1_52' title='bbox 1530 959 1582 1007; x_wconf 84' lang='lat' dir='ltr'><strong>et</strong></span> <span class='ocrx_word' id='word_1_53' title='bbox 1615 953 1858 1008; x_wconf 82' lang='lat' dir='ltr'><strong>Drusilla</strong></span> <span class='ocrx_word' id='word_1_54' title='bbox 1887 973 1906 1008; x_wconf 82' lang='lat'><strong>.-</strong></span> <span class='ocrx_word' id='word_1_55' title='bbox 1939 939 2074 1007; x_wconf 71' lang='lat' dir='ltr'><strong>item</strong></span> 
     </span>
    </p>
   </div>
   <div class='ocr_carea' id='block_1_10' title="bbox 493 1013 2076 1098">
    <p class='ocr_par' dir='ltr' id='par_1_10' title="bbox 493 1013 2076 1098">
     <span class='ocr_line' id='line_1_10' title="bbox 493 1013 2076 1098; baseline 0.008 -31"><span class='ocrx_word' id='word_1_56' title='bbox 493 1013 558 1068; x_wconf 81' lang='lat' dir='ltr'><strong>de</strong></span> <span class='ocrx_word' id='word_1_57' title='bbox 601 1013 924 1098; x_wconf 19' lang='lat' dir='ltr'><strong>Fest-atqui</strong></span> <span class='ocrx_word' id='word_1_58' title='bbox 961 1019 1453 1098; x_wconf 20' lang='lat' dir='ltr'><strong>Felicinsuccessit,</strong></span> <span class='ocrx_word' id='word_1_59' title='bbox 1501 1024 1646 1096; x_wconf 86' lang='lat' dir='ltr'><strong>apud</strong></span> <span class='ocrx_word' id='word_1_60' title='bbox 1696 1041 1854 1098; x_wconf 84' lang='lat' dir='ltr'><strong>quem</strong></span> <span class='ocrx_word' id='word_1_61' title='bbox 1903 1024 2076 1080; x_wconf 77' lang='lat' dir='ltr'><strong>libere</strong></span> 
     </span>
    </p>
   </div>
   <div class='ocr_carea' id='block_1_11' title="bbox 493 1089 1510 1162">
    <p class='ocr_par' dir='ltr' id='par_1_11' title="bbox 493 1089 1510 1162">
     <span class='ocr_line' id='line_1_11' title="bbox 493 1089 1510 1162; baseline 0.013 -24"><span class='ocrx_word' id='word_1_62' title='bbox 493 1100 660 1144; x_wconf 74' lang='lat' dir='ltr'><strong>causa</strong></span> <span class='ocrx_word' id='word_1_63' title='bbox 689 1089 858 1158; x_wconf 79' lang='lat' dir='ltr'><strong>dicta,</strong></span> <span class='ocrx_word' id='word_1_64' title='bbox 882 1092 1178 1162; x_wconf 79' lang='lat' dir='ltr'><strong>appellavit</strong></span> <span class='ocrx_word' id='word_1_65' title='bbox 1209 1093 1510 1151; x_wconf 74' lang='lat' dir='ltr'><strong>Caesarem.</strong></span> 
     </span>
    </p>
   </div>
   <div class='ocr_carea' id='block_1_12' title="bbox 495 1267 2076 1342">
    <p class='ocr_par' dir='ltr' id='par_1_12' title="bbox 495 1267 2076 1342">
     <span class='ocr_line' id='line_1_12' title="bbox 495 1267 2076 1342; baseline 0.007 -19"><span class='ocrx_word' id='word_1_66' title='bbox 495 1267 766 1342; x_wconf 85' lang='lat' dir='ltr'><strong>Quinque</strong></span> <span class='ocrx_word' id='word_1_67' title='bbox 803 1272 926 1328; x_wconf 88' lang='lat' dir='ltr'><strong>dies</strong></span> <span class='ocrx_word' id='word_1_68' title='bbox 971 1272 1369 1342; x_wconf 87' lang='lat' dir='ltr'><strong>intercessere,</strong></span> <span class='ocrx_word' id='word_1_69' title='bbox 1425 1293 1555 1334; x_wconf 88' lang='lat' dir='ltr'><strong>cum</strong></span> <span class='ocrx_word' id='word_1_70' title='bbox 1589 1277 1848 1334; x_wconf 81' lang='lat' dir='ltr'><strong>seniores</strong></span> <span class='ocrx_word' id='word_1_71' title='bbox 1883 1279 2076 1334; x_wconf 80' lang='lat' dir='ltr'><strong>Hiero-</strong></span> 
     </span>
    </p>
   </div>
   <div class='ocr_carea' id='block_1_13' title="bbox 423 1357 2074 1438">
    <p class='ocr_par' dir='ltr' id='par_1_13' title="bbox 423 1357 2074 1438">
     <span class='ocr_line' id='line_1_13' title="bbox 423 1357 2074 1438; baseline 0.006 -26"><span class='ocrx_word' id='word_1_72' title='bbox 423 1357 670 1430; x_wconf 81' lang='lat' dir='ltr'><strong>solymis</strong></span> <span class='ocrx_word' id='word_1_73' title='bbox 717 1376 784 1416; x_wconf 90' lang='lat' dir='ltr'><strong>eo</strong></span> <span class='ocrx_word' id='word_1_74' title='bbox 832 1362 1093 1432; x_wconf 88' lang='lat' dir='ltr'><strong>veniunt,</strong></span> <span class='ocrx_word' id='word_1_75' title='bbox 1143 1366 1396 1422; x_wconf 84' lang='lat' dir='ltr'><strong>Ananiae</strong></span> <span class='ocrx_word' id='word_1_76' title='bbox 1453 1366 1732 1438; x_wconf 79' lang='lat' dir='ltr'><strong>pontifex,</strong></span> <span class='ocrx_word' id='word_1_77' title='bbox 1783 1372 1839 1422; x_wconf 92' lang='lat' dir='ltr'><strong>et</strong></span> <span class='ocrx_word' id='word_1_78' title='bbox 1880 1371 2074 1424; x_wconf 91' lang='lat' dir='ltr'><strong>orator</strong></span> 
     </span>
    </p>
   </div>
   <div class='ocr_carea' id='block_1_14' title="bbox 425 1446 2074 1528">
    <p class='ocr_par' dir='ltr' id='par_1_14' title="bbox 425 1446 2074 1528">
     <span class='ocr_line' id='line_1_14' title="bbox 425 1446 2074 1528; baseline 0.006 -26"><span class='ocrx_word' id='word_1_79' title='bbox 425 1446 668 1518; x_wconf 91' lang='lat' dir='ltr'><strong>quidam</strong></span> <span class='ocrx_word' id='word_1_80' title='bbox 718 1449 1016 1509; x_wconf 83' lang='lat' dir='ltr'><strong>Tertullus</strong></span> <span class='ocrx_word' id='word_1_81' title='bbox 1067 1457 1300 1512; x_wconf 90' lang='lat' dir='ltr'><strong>nomine</strong></span> <span class='ocrx_word' id='word_1_82' title='bbox 1343 1472 1356 1512; x_wconf 92' lang='lat'>:</span> <span class='ocrx_word' id='word_1_83' title='bbox 1409 1457 1510 1528; x_wconf 92' lang='lat' dir='ltr'><strong>qui</strong></span> <span class='ocrx_word' id='word_1_84' title='bbox 1559 1473 1692 1514; x_wconf 88' lang='lat' dir='ltr'><strong>cum</strong></span> <span class='ocrx_word' id='word_1_85' title='bbox 1743 1456 1855 1512; x_wconf 85' lang='lat' dir='ltr'><strong>alia</strong></span> <span class='ocrx_word' id='word_1_86' title='bbox 1887 1455 2074 1512; x_wconf 88' lang='lat' dir='ltr'><strong>multa</strong></span> 
     </span>
    </p>
   </div>
   <div class='ocr_carea' id='block_1_15' title="bbox 425 1535 2072 1618">
    <p class='ocr_par' dir='ltr' id='par_1_15' title="bbox 425 1535 2072 1618">
     <span class='ocr_line' id='line_1_15' title="bbox 425 1535 2072 1618; baseline 0.007 -27"><span class='ocrx_word' id='word_1_87' title='bbox 425 1535 626 1604; x_wconf 89' lang='lat' dir='ltr'><strong>Paulo,</strong></span> <span class='ocrx_word' id='word_1_88' title='bbox 675 1555 980 1612; x_wconf 77' lang='lat' dir='ltr'><strong>accusans,</strong></span> <span class='ocrx_word' id='word_1_89' title='bbox 1023 1545 1194 1616; x_wconf 86' lang='lat' dir='ltr'><strong>nugis</strong></span> <span class='ocrx_word' id='word_1_90' title='bbox 1244 1545 1368 1602; x_wconf 89' lang='lat' dir='ltr'><strong>suis</strong></span> <span class='ocrx_word' id='word_1_91' title='bbox 1407 1551 1464 1602; x_wconf 90' lang='lat' dir='ltr'><strong>et</strong></span> <span class='ocrx_word' id='word_1_92' title='bbox 1493 1545 1836 1618; x_wconf 65' lang='lat' dir='ltr'><strong>eloquentia</strong></span> <span class='ocrx_word' id='word_1_93' title='bbox 1865 1563 2072 1602; x_wconf 89' lang='lat' dir='ltr'><strong>conve-</strong></span> 
     </span>
    </p>
   </div>
   <div class='ocr_carea' id='block_1_16' title="bbox 425 1626 2070 1706">
    <p class='ocr_par' dir='ltr' id='par_1_16' title="bbox 425 1626 2070 1706">
     <span class='ocr_line' id='line_1_16' title="bbox 425 1626 2070 1706; baseline 0.006 -24"><span class='ocrx_word' id='word_1_94' title='bbox 425 1626 644 1682; x_wconf 88' lang='lat' dir='ltr'><strong>nientia</strong></span> <span class='ocrx_word' id='word_1_95' title='bbox 672 1629 872 1700; x_wconf 83' lang='lat' dir='ltr'><strong>objicit</strong></span> <span class='ocrx_word' id='word_1_96' title='bbox 907 1647 920 1687; x_wconf 89' lang='lat'><strong>:</strong></span> <span class='ocrx_word' id='word_1_97' title='bbox 973 1637 1098 1690; x_wconf 90' lang='lat' dir='ltr'><strong>tum</strong></span> <span class='ocrx_word' id='word_1_98' title='bbox 1156 1639 1222 1690; x_wconf 91' lang='lat' dir='ltr'><strong>ut</strong></span> <span class='ocrx_word' id='word_1_99' title='bbox 1270 1635 1610 1706; x_wconf 82' lang='lat' dir='ltr'><strong>pestiferum</strong></span> <span class='ocrx_word' id='word_1_100' title='bbox 1643 1645 1698 1692; x_wconf 87' lang='lat' dir='ltr'><strong>et</strong></span> <span class='ocrx_word' id='word_1_101' title='bbox 1726 1636 2070 1693; x_wconf 87' lang='lat' dir='ltr'><strong>seditiosum</strong></span> 
     </span>
    </p>
   </div>
   <div class='ocr_carea' id='block_1_17' title="bbox 427 1715 2070 1798">
    <p class='ocr_par' dir='ltr' id='par_1_17' title="bbox 427 1715 2070 1798">
     <span class='ocr_line' id='line_1_17' title="bbox 427 1715 2070 1798; baseline 0.007 -28"><span class='ocrx_word' id='word_1_102' title='bbox 427 1715 726 1774; x_wconf 82' lang='lat' dir='ltr'><strong>hominem</strong></span> <span class='ocrx_word' id='word_1_103' title='bbox 777 1721 1048 1778; x_wconf 85' lang='lat' dir='ltr'><strong>conviciis</strong></span> <span class='ocrx_word' id='word_1_104' title='bbox 1091 1725 1434 1796; x_wconf 81' lang='lat' dir='ltr'><strong>proscindit,</strong></span> <span class='ocrx_word' id='word_1_105' title='bbox 1483 1727 1886 1798; x_wconf 74' lang='lat' dir='ltr'><strong>profanantem</strong></span> <span class='ocrx_word' id='word_1_106' title='bbox 1927 1742 2070 1782; x_wconf 88' lang='lat' dir='ltr'><strong>san-</strong></span> 
     </span>
    </p>
   </div>
   <div class='ocr_carea' id='block_1_18' title="bbox 427 1809 2074 1888">
    <p class='ocr_par' dir='ltr' id='par_1_18' title="bbox 427 1809 2074 1888">
     <span class='ocr_line' id='line_1_18' title="bbox 427 1809 2074 1888; baseline 0.007 -27"><span class='ocrx_word' id='word_1_107' title='bbox 427 1809 588 1862; x_wconf 88' lang='lat' dir='ltr'><strong>ctum</strong></span> <span class='ocrx_word' id='word_1_108' title='bbox 621 1813 678 1864; x_wconf 93' lang='lat' dir='ltr'><strong>et</strong></span> <span class='ocrx_word' id='word_1_109' title='bbox 705 1811 988 1882; x_wconf 85' lang='lat' dir='ltr'><strong>templum</strong></span> <span class='ocrx_word' id='word_1_110' title='bbox 1021 1812 1238 1884; x_wconf 89' lang='lat' dir='ltr'><strong>ipsum.</strong></span> <span class='ocrx_word' id='word_1_111' title='bbox 1276 1815 1520 1888; x_wconf 81' lang='lat' dir='ltr'><strong>insuper</strong></span> <span class='ocrx_word' id='word_1_112' title='bbox 1557 1817 1756 1884; x_wconf 90' lang='lat' dir='ltr'><strong>etiam,</strong></span> <span class='ocrx_word' id='word_1_113' title='bbox 1790 1815 1986 1888; x_wconf 85' lang='lat' dir='ltr'><strong>magni</strong></span> <span class='ocrx_word' id='word_1_114' title='bbox 2017 1819 2074 1872; x_wconf 90' lang='lat' dir='ltr'><strong>et</strong></span> 
     </span>
    </p>
   </div>
   <div class='ocr_carea' id='block_1_19' title="bbox 429 1897 2072 1978">
    <p class='ocr_par' dir='ltr' id='par_1_19' title="bbox 429 1897 2072 1978">
     <span class='ocr_line' id='line_1_19' title="bbox 429 1897 2072 1978; baseline 0.007 -27"><span class='ocrx_word' id='word_1_115' title='bbox 429 1897 626 1968; x_wconf 86' lang='lat' dir='ltr'><strong>gravis</strong></span> <span class='ocrx_word' id='word_1_116' title='bbox 674 1899 939 1957; x_wconf 88' lang='lat' dir='ltr'><strong>criminis</strong></span> <span class='ocrx_word' id='word_1_117' title='bbox 987 1902 1113 1960; x_wconf 90' lang='lat' dir='ltr'><strong>loco</strong></span> <span class='ocrx_word' id='word_1_118' title='bbox 1157 1905 1375 1975; x_wconf 83' lang='lat' dir='ltr'><strong>adjicit,</strong></span> <span class='ocrx_word' id='word_1_119' title='bbox 1429 1907 1874 1978; x_wconf 80' lang='lat' dir='ltr'><strong>antesignanum</strong></span> <span class='ocrx_word' id='word_1_120' title='bbox 1917 1906 2072 1962; x_wconf 88' lang='lat' dir='ltr'><strong>hunc</strong></span> 
     </span>
    </p>
   </div>
   <div class='ocr_carea' id='block_1_20' title="bbox 431 1987 2072 2054">
    <p class='ocr_par' dir='ltr' id='par_1_20' title="bbox 431 1987 2072 2054">
     <span class='ocr_line' id='line_1_20' title="bbox 431 1987 2072 2054; baseline 0.007 -12"><span class='ocrx_word' id='word_1_121' title='bbox 431 2001 560 2044; x_wconf 86' lang='lat' dir='ltr'><strong>esse</strong></span> <span class='ocrx_word' id='word_1_122' title='bbox 607 1987 1032 2049; x_wconf 85' lang='lat' dir='ltr'><strong>Nazarenorum</strong></span> <span class='ocrx_word' id='word_1_123' title='bbox 1085 1999 1276 2054; x_wconf 85' lang='lat' dir='ltr'><strong>sectae.</strong></span> <span class='ocrx_word' id='word_1_124' title='bbox 1323 1996 1538 2052; x_wconf 88' lang='lat' dir='ltr'><strong>Paulus</strong></span> <span class='ocrx_word' id='word_1_125' title='bbox 1587 2012 1716 2053; x_wconf 84' lang='lat' dir='ltr'><strong>vero</strong></span> <span class='ocrx_word' id='word_1_126' title='bbox 1763 1997 1928 2053; x_wconf 85' lang='lat' dir='ltr'><strong>facile</strong></span> <span class='ocrx_word' id='word_1_127' title='bbox 1957 1997 2072 2054; x_wconf 89' lang='lat' dir='ltr'><strong>cri-</strong></span> 
     </span>
    </p>
   </div>
   <div class='ocr_carea' id='block_1_21' title="bbox 429 2076 2071 2155">
    <p class='ocr_par' dir='ltr' id='par_1_21' title="bbox 429 2076 2071 2155">
     <span class='ocr_line' id='line_1_21' title="bbox 429 2076 2071 2155; baseline 0.006 -25"><span class='ocrx_word' id='word_1_128' title='bbox 429 2076 684 2134; x_wconf 89' lang='lat' dir='ltr'><strong>minibus</strong></span> <span class='ocrx_word' id='word_1_129' title='bbox 739 2079 869 2136; x_wconf 91' lang='lat' dir='ltr'><strong>aliis</strong></span> <span class='ocrx_word' id='word_1_130' title='bbox 921 2081 1174 2140; x_wconf 89' lang='lat' dir='ltr'><strong>oratione</strong></span> <span class='ocrx_word' id='word_1_131' title='bbox 1223 2085 1382 2140; x_wconf 83' lang='lat' dir='ltr'><strong>suavi</strong></span> <span class='ocrx_word' id='word_1_132' title='bbox 1421 2087 1756 2155; x_wconf 82' lang='lat' dir='ltr'><strong>confutatis,</strong></span> <span class='ocrx_word' id='word_1_133' title='bbox 1789 2085 1978 2141; x_wconf 90' lang='lat' dir='ltr'><strong>colere</strong></span> <span class='ocrx_word' id='word_1_134' title='bbox 2009 2100 2071 2140; x_wconf 89' lang='lat' dir='ltr'><strong>se</strong></span> 
     </span>
    </p>
   </div>
   <div class='ocr_carea' id='block_1_22' title="bbox 428 2155 2147 2243">
    <p class='ocr_par' dir='ltr' id='par_1_22' title="bbox 428 2155 2147 2243">
     <span class='ocr_line' id='line_1_22' title="bbox 428 2155 2147 2243; baseline 0.006 -22"><span class='ocrx_word' id='word_1_135' title='bbox 428 2163 636 2236; x_wconf 90' lang='lat' dir='ltr'><strong>Deum,</strong></span> <span class='ocrx_word' id='word_1_136' title='bbox 663 2168 826 2239; x_wconf 81' lang='lat' dir='ltr'><strong>juxta</strong></span> <span class='ocrx_word' id='word_1_137' title='bbox 856 2187 981 2228; x_wconf 86' lang='lat' dir='ltr'><strong>eam</strong></span> <span class='ocrx_word' id='word_1_138' title='bbox 1015 2189 1190 2243; x_wconf 84' lang='lat' dir='ltr'><strong>quam</strong></span> <span class='ocrx_word' id='word_1_139' title='bbox 1245 2174 1330 2228; x_wconf 89' lang='lat' dir='ltr'><strong>illi</strong></span> <span class='ocrx_word' id='word_1_140' title='bbox 1363 2173 1646 2232; x_wconf 85' lang='lat' dir='ltr'><strong>dixissent</strong></span> <span class='ocrx_word' id='word_1_141' title='bbox 1677 2179 1930 2232; x_wconf 89' lang='lat' dir='ltr'><strong>sectam:</strong></span> <span class='ocrx_word' id='word_1_142' title='bbox 1965 2190 2070 2230; x_wconf 89' lang='lat' dir='ltr'><strong>ne-</strong></span> <span class='ocrx_word' id='word_1_143' title='bbox 2101 2155 2147 2222; x_wconf 83' lang='grc' dir='ltr'><strong>Β</strong></span> 
     </span>
    </p>
   </div>
   <div class='ocr_carea' id='block_1_23' title="bbox 431 2259 2072 2337">
    <p class='ocr_par' dir='ltr' id='par_1_23' title="bbox 431 2259 2072 2337">
     <span class='ocr_line' id='line_1_23' title="bbox 431 2259 2072 2337; baseline 0.006 -25"><span class='ocrx_word' id='word_1_144' title='bbox 431 2273 545 2328; x_wconf 86' lang='lat' dir='ltr'><strong>que</strong></span> <span class='ocrx_word' id='word_1_145' title='bbox 593 2275 655 2314; x_wconf 89' lang='lat' dir='ltr'><strong>se</strong></span> <span class='ocrx_word' id='word_1_146' title='bbox 703 2259 776 2316; x_wconf 89' lang='lat' dir='ltr'><strong>iis</strong></span> <span class='ocrx_word' id='word_1_147' title='bbox 823 2277 950 2332; x_wconf 65' lang='lat' dir='ltr'><strong>qua;</strong></span> <span class='ocrx_word' id='word_1_148' title='bbox 1005 2263 1064 2318; x_wconf 91' lang='lat' dir='ltr'><strong>in</strong></span> <span class='ocrx_word' id='word_1_149' title='bbox 1111 2262 1236 2336; x_wconf 83' lang='lat' dir='ltr'><strong>lege</strong></span> <span class='ocrx_word' id='word_1_150' title='bbox 1266 2269 1367 2321; x_wconf 89' lang='lat' dir='ltr'><strong>aut</strong></span> <span class='ocrx_word' id='word_1_151' title='bbox 1405 2265 1698 2337; x_wconf 85' lang='lat' dir='ltr'><strong>prophetis</strong></span> <span class='ocrx_word' id='word_1_152' title='bbox 1729 2266 1866 2336; x_wconf 88' lang='lat' dir='ltr'><strong>sint,</strong></span> <span class='ocrx_word' id='word_1_153' title='bbox 1898 2265 2072 2322; x_wconf 88' lang='lat' dir='ltr'><strong>dictis</strong></span> 
     </span>
    </p>
   </div>
   <div class='ocr_carea' id='block_1_24' title="bbox 429 2347 2068 2425">
    <p class='ocr_par' dir='ltr' id='par_1_24' title="bbox 429 2347 2068 2425">
     <span class='ocr_line' id='line_1_24' title="bbox 429 2347 2068 2425; baseline 0.005 -25"><span class='ocrx_word' id='word_1_154' title='bbox 429 2347 742 2419; x_wconf 81' lang='lat' dir='ltr'><strong>refragari;</strong></span> <span class='ocrx_word' id='word_1_155' title='bbox 790 2366 974 2422; x_wconf 88' lang='lat' dir='ltr'><strong>neque</strong></span> <span class='ocrx_word' id='word_1_156' title='bbox 1019 2351 1184 2408; x_wconf 87' lang='lat' dir='ltr'><strong>aliter</strong></span> <span class='ocrx_word' id='word_1_157' title='bbox 1232 2369 1408 2425; x_wconf 88' lang='lat' dir='ltr'><strong>quam</strong></span> <span class='ocrx_word' id='word_1_158' title='bbox 1453 2359 1820 2412; x_wconf 84' lang='lat' dir='ltr'><strong>accusatores</strong></span> <span class='ocrx_word' id='word_1_159' title='bbox 1868 2355 2068 2412; x_wconf 66' lang='lat' dir='ltr'><strong>convi-</strong></span> 
     </span>
    </p>
   </div>
   <div class='ocr_carea' id='block_1_25' title="bbox 429 2435 2071 2508">
    <p class='ocr_par' dir='ltr' id='par_1_25' title="bbox 429 2435 2071 2508">
     <span class='ocr_line' id='line_1_25' title="bbox 429 2435 2071 2508; baseline 0.007 -19"><span class='ocrx_word' id='word_1_160' title='bbox 429 2435 786 2508; x_wconf 87' lang='lat' dir='ltr'><strong>ciatoresque</strong></span> <span class='ocrx_word' id='word_1_161' title='bbox 825 2455 964 2496; x_wconf 88' lang='lat' dir='ltr'><strong>suos</strong></span> <span class='ocrx_word' id='word_1_162' title='bbox 997 2442 1228 2498; x_wconf 89' lang='lat' dir='ltr'><strong>credere</strong></span> <span class='ocrx_word' id='word_1_163' title='bbox 1268 2445 1641 2501; x_wconf 86' lang='lat' dir='ltr'><strong>constituisse</strong></span> <span class='ocrx_word' id='word_1_164' title='bbox 1674 2462 1687 2501; x_wconf 91' lang='lat'><strong>:</strong></span> <span class='ocrx_word' id='word_1_165' title='bbox 1723 2445 2071 2502; x_wconf 86' lang='lat' dir='ltr'><strong>annuntiare</strong></span> 
     </span>
    </p>
   </div>
   <div class='ocr_carea' id='block_1_26' title="bbox 425 2525 2068 2605">
    <p class='ocr_par' dir='ltr' id='par_1_26' title="bbox 425 2525 2068 2605">
     <span class='ocr_line' id='line_1_26' title="bbox 425 2525 2068 2605; baseline 0.006 -25"><span class='ocrx_word' id='word_1_166' title='bbox 425 2525 599 2582; x_wconf 90' lang='lat' dir='ltr'><strong>etiam</strong></span> <span class='ocrx_word' id='word_1_167' title='bbox 627 2531 993 2586; x_wconf 89' lang='lat' dir='ltr'><strong>mortuorum</strong></span> <span class='ocrx_word' id='word_1_168' title='bbox 1027 2531 1128 2602; x_wconf 90' lang='lat' dir='ltr'><strong>qui</strong></span> <span class='ocrx_word' id='word_1_169' title='bbox 1157 2533 1244 2586; x_wconf 87' lang='lat' dir='ltr'><strong>vel</strong></span> <span class='ocrx_word' id='word_1_170' title='bbox 1293 2533 1407 2604; x_wconf 87' lang='lat' dir='ltr'><strong>pie,</strong></span> <span class='ocrx_word' id='word_1_171' title='bbox 1445 2533 1534 2589; x_wconf 89' lang='lat' dir='ltr'><strong>vel</strong></span> <span class='ocrx_word' id='word_1_172' title='bbox 1567 2534 1744 2605; x_wconf 88' lang='lat' dir='ltr'><strong>impie</strong></span> <span class='ocrx_word' id='word_1_173' title='bbox 1772 2533 2068 2598; x_wconf 85' lang='lat' dir='ltr'><strong>vixissent,</strong></span> 
     </span>
    </p>
   </div>
   <div class='ocr_carea' id='block_1_27' title="bbox 427 2617 2070 2695">
    <p class='ocr_par' dir='ltr' id='par_1_27' title="bbox 427 2617 2070 2695">
     <span class='ocr_line' id='line_1_27' title="bbox 427 2617 2070 2695; baseline 0.004 -24"><span class='ocrx_word' id='word_1_174' title='bbox 427 2617 933 2686; x_wconf 87' lang='lat' dir='ltr'><strong>resurrectionem,</strong></span> <span class='ocrx_word' id='word_1_175' title='bbox 969 2637 1086 2692; x_wconf 88' lang='lat' dir='ltr'><strong>qua</strong></span> <span class='ocrx_word' id='word_1_176' title='bbox 1119 2621 1190 2678; x_wconf 90' lang='lat' dir='ltr'><strong>de</strong></span> <span class='ocrx_word' id='word_1_177' title='bbox 1217 2637 1276 2678; x_wconf 88' lang='lat' dir='ltr'><strong>re</strong></span> <span class='ocrx_word' id='word_1_178' title='bbox 1306 2623 1679 2693; x_wconf 87' lang='lat' dir='ltr'><strong>potissimum</strong></span> <span class='ocrx_word' id='word_1_179' title='bbox 1711 2624 1770 2678; x_wconf 89' lang='lat' dir='ltr'><strong>in</strong></span> <span class='ocrx_word' id='word_1_180' title='bbox 1803 2624 2070 2695; x_wconf 81' lang='lat' dir='ltr'><strong>praesenti</strong></span> 
     </span>
    </p>
   </div>
   <div class='ocr_carea' id='block_1_28' title="bbox 425 2708 2073 2783">
    <p class='ocr_par' dir='ltr' id='par_1_28' title="bbox 425 2708 2073 2783">
     <span class='ocr_line' id='line_1_28' title="bbox 425 2708 2073 2783; baseline 0.005 -22"><span class='ocrx_word' id='word_1_181' title='bbox 425 2723 604 2764; x_wconf 88' lang='lat' dir='ltr'><strong>causa</strong></span> <span class='ocrx_word' id='word_1_182' title='bbox 619 2708 906 2776; x_wconf 88' lang='lat' dir='ltr'><strong>judicium</strong></span> <span class='ocrx_word' id='word_1_183' title='bbox 931 2711 1027 2772; x_wconf 85' lang='lat' dir='ltr'><strong>sit,</strong></span> <span class='ocrx_word' id='word_1_184' title='bbox 1053 2711 1374 2781; x_wconf 85' lang='lat' dir='ltr'><strong>profitetur.</strong></span> <span class='ocrx_word' id='word_1_185' title='bbox 1395 2713 1620 2776; x_wconf 91' lang='lat' dir='ltr'><strong>Quibus</strong></span> <span class='ocrx_word' id='word_1_186' title='bbox 1639 2714 1877 2783; x_wconf 88' lang='lat' dir='ltr'><strong>auditis,</strong></span> <span class='ocrx_word' id='word_1_187' title='bbox 1914 2715 2073 2770; x_wconf 81' lang='lat' dir='ltr'><strong>Felix</strong></span> 
     </span>
    </p>
   </div>
   <div class='ocr_carea' id='block_1_29' title="bbox 420 2796 2071 2877">
    <p class='ocr_par' dir='ltr' id='par_1_29' title="bbox 420 2796 2071 2877">
     <span class='ocr_line' id='line_1_29' title="bbox 420 2796 2071 2877; baseline 0.005 -27"><span class='ocrx_word' id='word_1_188' title='bbox 420 2796 714 2866; x_wconf 85' lang='lat' dir='ltr'><strong>judicium</strong></span> <span class='ocrx_word' id='word_1_189' title='bbox 753 2799 822 2854; x_wconf 86' lang='lat' dir='ltr'><strong>ad</strong></span> <span class='ocrx_word' id='word_1_190' title='bbox 853 2798 1032 2869; x_wconf 74' lang='lat' dir='ltr'><strong>Lysiae</strong></span> <span class='ocrx_word' id='word_1_191' title='bbox 1065 2802 1286 2858; x_wconf 90' lang='lat' dir='ltr'><strong>tribuni</strong></span> <span class='ocrx_word' id='word_1_192' title='bbox 1317 2803 1628 2860; x_wconf 86' lang='lat' dir='ltr'><strong>adventum</strong></span> <span class='ocrx_word' id='word_1_193' title='bbox 1663 2806 2071 2877; x_wconf 76' lang='lat' dir='ltr'><strong>comperendi-</strong></span> 
     </span>
    </p>
   </div>
   <div class='ocr_carea' id='block_1_30' title="bbox 428 2885 2072 2964">
    <p class='ocr_par' dir='ltr' id='par_1_30' title="bbox 428 2885 2072 2964">
     <span class='ocr_line' id='line_1_30' title="bbox 428 2885 2072 2964; baseline 0.007 -25"><span class='ocrx_word' id='word_1_194' title='bbox 428 2889 548 2940; x_wconf 89' lang='lat' dir='ltr'><strong>nat.</strong></span> <span class='ocrx_word' id='word_1_195' title='bbox 566 2885 674 2952; x_wconf 87' lang='lat' dir='ltr'><strong>Qui</strong></span> <span class='ocrx_word' id='word_1_196' title='bbox 705 2888 980 2946; x_wconf 89' lang='lat' dir='ltr'><strong>tribunus</strong></span> <span class='ocrx_word' id='word_1_197' title='bbox 1007 2891 1444 2964; x_wconf 85' lang='lat' dir='ltr'><strong>quamprimum</strong></span> <span class='ocrx_word' id='word_1_198' title='bbox 1469 2895 1990 2962; x_wconf 86' lang='lat' dir='ltr'><strong>venisset,causam</strong></span> <span class='ocrx_word' id='word_1_199' title='bbox 2009 2911 2072 2952; x_wconf 88' lang='lat' dir='ltr'><strong>se</strong></span> 
     </span>
    </p>
   </div>
   <div class='ocr_carea' id='block_1_31' title="bbox 425 2973 2072 3042">
    <p class='ocr_par' dir='ltr' id='par_1_31' title="bbox 425 2973 2072 3042">
     <span class='ocr_line' id='line_1_31' title="bbox 425 2973 2072 3042; baseline 0.009 -14"><span class='ocrx_word' id='word_1_200' title='bbox 425 2973 634 3032; x_wconf 89' lang='lat' dir='ltr'><strong>iterum</strong></span> <span class='ocrx_word' id='word_1_201' title='bbox 687 2978 1024 3036; x_wconf 88' lang='lat' dir='ltr'><strong>auditurum</strong></span> <span class='ocrx_word' id='word_1_202' title='bbox 1074 2981 1239 3039; x_wconf 90' lang='lat' dir='ltr'><strong>dicit.</strong></span> <span class='ocrx_word' id='word_1_203' title='bbox 1279 2983 1522 3040; x_wconf 87' lang='lat' dir='ltr'><strong>Paulum</strong></span> <span class='ocrx_word' id='word_1_204' title='bbox 1553 2993 1742 3040; x_wconf 86' lang='lat' dir='ltr'><strong>autem</strong></span> <span class='ocrx_word' id='word_1_205' title='bbox 1783 2986 1842 3040; x_wconf 89' lang='lat' dir='ltr'><strong>in</strong></span> <span class='ocrx_word' id='word_1_206' title='bbox 1873 2989 2072 3042; x_wconf 88' lang='lat' dir='ltr'><strong>custo—</strong></span> 
     </span>
    </p>
   </div>
   <div class='ocr_carea' id='block_1_32' title="bbox 427 3065 2073 3146">
    <p class='ocr_par' dir='ltr' id='par_1_32' title="bbox 427 3065 2073 3146">
     <span class='ocr_line' id='line_1_32' title="bbox 427 3065 2073 3146; baseline 0.007 -25"><span class='ocrx_word' id='word_1_207' title='bbox 427 3065 586 3122; x_wconf 86' lang='lat' dir='ltr'><strong>diam</strong></span> <span class='ocrx_word' id='word_1_208' title='bbox 619 3067 821 3140; x_wconf 86' lang='lat' dir='ltr'><strong>mittit,</strong></span> <span class='ocrx_word' id='word_1_209' title='bbox 859 3087 1049 3144; x_wconf 88' lang='lat' dir='ltr'><strong>ncque</strong></span> <span class='ocrx_word' id='word_1_210' title='bbox 1078 3089 1431 3145; x_wconf 89' lang='lat' dir='ltr'><strong>quemquam</strong></span> <span class='ocrx_word' id='word_1_211' title='bbox 1454 3076 1525 3130; x_wconf 91' lang='lat' dir='ltr'><strong>ad</strong></span> <span class='ocrx_word' id='word_1_212' title='bbox 1549 3091 1682 3132; x_wconf 91' lang='lat' dir='ltr'><strong>eum</strong></span> <span class='ocrx_word' id='word_1_213' title='bbox 1715 3077 1894 3146; x_wconf 88' lang='lat' dir='ltr'><strong>adire,</strong></span> <span class='ocrx_word' id='word_1_214' title='bbox 1925 3093 2073 3146; x_wconf 66' lang='lat' dir='ltr'><strong>que-</strong></span> 
     </span>
    </p>
   </div>
   <div class='ocr_carea' id='block_1_33' title="bbox 429 3157 2066 3238">
    <p class='ocr_par' dir='ltr' id='par_1_33' title="bbox 429 3157 2066 3238">
     <span class='ocr_line' id='line_1_33' title="bbox 429 3157 2066 3238; baseline 0.007 -27"><span class='ocrx_word' id='word_1_215' title='bbox 429 3171 542 3229; x_wconf 89' lang='lat' dir='ltr'><strong>que</strong></span> <span class='ocrx_word' id='word_1_216' title='bbox 555 3157 604 3212; x_wconf 92' lang='lat' dir='ltr'><strong>ei</strong></span> <span class='ocrx_word' id='word_1_217' title='bbox 620 3158 750 3214; x_wconf 89' lang='lat' dir='ltr'><strong>usui</strong></span> <span class='ocrx_word' id='word_1_218' title='bbox 763 3165 982 3230; x_wconf 87' lang='lat' dir='ltr'><strong>essent,</strong></span> <span class='ocrx_word' id='word_1_219' title='bbox 996 3161 1438 3220; x_wconf 86' lang='lat' dir='ltr'><strong>subministrare</strong></span> <span class='ocrx_word' id='word_1_220' title='bbox 1450 3165 1734 3222; x_wconf 87' lang='lat' dir='ltr'><strong>volentem</strong></span> <span class='ocrx_word' id='word_1_221' title='bbox 1747 3209 1760 3234; x_wconf 92' lang='lat'><strong>,</strong></span> <span class='ocrx_word' id='word_1_222' title='bbox 1782 3165 2066 3238; x_wconf 87' lang='lat' dir='ltr'><strong>prohibet.</strong></span> 
     </span>
    </p>
   </div>
   <div class='ocr_carea' id='block_1_34' title="bbox 429 3246 2070 3322">
    <p class='ocr_par' dir='ltr' id='par_1_34' title="bbox 429 3246 2070 3322">
     <span class='ocr_line' id='line_1_34' title="bbox 429 3246 2070 3322; baseline 0.007 -21"><span class='ocrx_word' id='word_1_223' title='bbox 429 3246 708 3303; x_wconf 67' lang='lat' dir='ltr'><strong>Caeterum</strong></span> <span class='ocrx_word' id='word_1_224' title='bbox 742 3249 914 3318; x_wconf 85' lang='lat' dir='ltr'><strong>paulo</strong></span> <span class='ocrx_word' id='word_1_225' title='bbox 943 3255 1076 3322; x_wconf 90' lang='lat' dir='ltr'><strong>post</strong></span> <span class='ocrx_word' id='word_1_226' title='bbox 1109 3253 1264 3308; x_wconf 86' lang='lat' dir='ltr'><strong>Felix</strong></span> <span class='ocrx_word' id='word_1_227' title='bbox 1298 3271 1413 3310; x_wconf 89' lang='lat' dir='ltr'><strong>una</strong></span> <span class='ocrx_word' id='word_1_228' title='bbox 1445 3271 1574 3310; x_wconf 90' lang='lat' dir='ltr'><strong>cum</strong></span> <span class='ocrx_word' id='word_1_229' title='bbox 1609 3255 1865 3312; x_wconf 88' lang='lat' dir='ltr'><strong>Drusilla</strong></span> <span class='ocrx_word' id='word_1_230' title='bbox 1895 3271 2070 3312; x_wconf 85' lang='lat' dir='ltr'><strong>uxore</strong></span> 
     </span>
    </p>
   </div>
   <div class='ocr_carea' id='block_1_35' title="bbox 429 3337 2071 3410">
    <p class='ocr_par' dir='ltr' id='par_1_35' title="bbox 429 3337 2071 3410">
     <span class='ocr_line' id='line_1_35' title="bbox 429 3337 2071 3410; baseline 0.006 -18"><span class='ocrx_word' id='word_1_231' title='bbox 429 3337 779 3394; x_wconf 86' lang='lat' dir='ltr'><strong>accersitum</strong></span> <span class='ocrx_word' id='word_1_232' title='bbox 811 3339 1080 3410; x_wconf 89' lang='lat' dir='ltr'><strong>Paulum,</strong></span> <span class='ocrx_word' id='word_1_233' title='bbox 1104 3342 1174 3397; x_wconf 90' lang='lat' dir='ltr'><strong>de</strong></span> <span class='ocrx_word' id='word_1_234' title='bbox 1197 3341 1497 3400; x_wconf 83' lang='lat' dir='ltr'><strong>salutifero</strong></span> <span class='ocrx_word' id='word_1_235' title='bbox 1529 3344 1700 3401; x_wconf 89' lang='lat' dir='ltr'><strong>verbo</strong></span> <span class='ocrx_word' id='word_1_236' title='bbox 1721 3345 2071 3402; x_wconf 88' lang='lat' dir='ltr'><strong>concionan-</strong></span> 
     </span>
    </p>
   </div>
   <div class='ocr_carea' id='block_1_36' title="bbox 429 3427 2070 3506">
    <p class='ocr_par' dir='ltr' id='par_1_36' title="bbox 429 3427 2070 3506">
     <span class='ocr_line' id='line_1_36' title="bbox 429 3427 2070 3506; baseline 0.007 -25"><span class='ocrx_word' id='word_1_237' title='bbox 429 3433 548 3481; x_wconf 91' lang='lat' dir='ltr'><strong>tem</strong></span> <span class='ocrx_word' id='word_1_238' title='bbox 577 3427 757 3484; x_wconf 88' lang='lat' dir='ltr'><strong>audit.</strong></span> <span class='ocrx_word' id='word_1_239' title='bbox 789 3431 994 3502; x_wconf 87' lang='lat' dir='ltr'><strong>Itaque</strong></span> <span class='ocrx_word' id='word_1_240' title='bbox 1027 3435 1182 3488; x_wconf 89' lang='lat' dir='ltr'><strong>metu</strong></span> <span class='ocrx_word' id='word_1_241' title='bbox 1213 3448 1281 3488; x_wconf 88' lang='lat' dir='ltr'><strong>ex</strong></span> <span class='ocrx_word' id='word_1_242' title='bbox 1305 3433 1584 3490; x_wconf 89' lang='lat' dir='ltr'><strong>concione</strong></span> <span class='ocrx_word' id='word_1_243' title='bbox 1613 3435 1740 3505; x_wconf 88' lang='lat' dir='ltr'><strong>ejus</strong></span> <span class='ocrx_word' id='word_1_244' title='bbox 1771 3441 2070 3506; x_wconf 87' lang='lat' dir='ltr'><strong>concepto,</strong></span> 
     </span>
    </p>
   </div>
   <div class='ocr_carea' id='block_1_37' title="bbox 2099 775 2152 842">
    <p class='ocr_par' dir='ltr' id='par_1_37' title="bbox 2099 775 2152 842">
     <span class='ocr_line' id='line_1_37' title="bbox 2099 775 2152 842; baseline 0 0"><span class='ocrx_word' id='word_1_245' title='bbox 2099 775 2152 842; x_wconf 84' lang='lat' dir='ltr'><strong>A</strong></span> 
     </span>
    </p>
   </div>
   <div class='ocr_carea' id='block_1_38' title="bbox 2783 769 3216 826">
    <p class='ocr_par' dir='ltr' id='par_1_38' title="bbox 2783 769 3216 826">
     <span class='ocr_line' id='line_1_38' title="bbox 2783 769 3216 826; baseline 0 0"><span class='ocrx_word' id='word_1_246' title='bbox 2783 774 3048 826; x_wconf 73' lang='grc' dir='ltr'><strong>ΚΕΦΔΛ.</strong></span> <span class='ocrx_word' id='word_1_247' title='bbox 3091 769 3216 826; x_wconf 78' lang='grc' dir='ltr'><strong>ΚΘ⁹.</strong></span> 
     </span>
    </p>
   </div>
   <div class='ocr_carea' id='block_1_39' title="bbox 2183 875 3840 953">
    <p class='ocr_par' dir='ltr' id='par_1_39' title="bbox 2183 875 3840 953">
     <span class='ocr_line' id='line_1_39' title="bbox 2183 875 3840 953; baseline 0 -21"><span class='ocrx_word' id='word_1_248' title='bbox 2183 875 2694 953; x_wconf 41' lang='grc' dir='ltr'>Ὠςζδιει-λέχθη</span> <span class='ocrx_word' id='word_1_249' title='bbox 2751 880 2778 933; x_wconf 86' lang='grc' dir='ltr'>ὁ</span> <span class='ocrx_word' id='word_1_250' title='bbox 2839 876 3096 953; x_wconf 81' lang='grc' dir='ltr'>Παῦλος</span> <span class='ocrx_word' id='word_1_251' title='bbox 3151 883 3298 953; x_wconf 73' lang='grc' dir='ltr'>τοῖς</span> <span class='ocrx_word' id='word_1_252' title='bbox 3357 877 3416 947; x_wconf 78' lang='grc' dir='ltr'>ἐξ</span> <span class='ocrx_word' id='word_1_253' title='bbox 3457 876 3840 952; x_wconf 71' lang='grc' dir='ltr'>Ἱεροσολό-</span> 
     </span>
    </p>
   </div>
   <div class='ocr_carea' id='block_1_40' title="bbox 2258 948 3842 1024">
    <p class='ocr_par' dir='ltr' id='par_1_40' title="bbox 2258 948 3842 1024">
     <span class='ocr_line' id='line_1_40' title="bbox 2258 948 3842 1024; baseline 0.001 -21"><span class='ocrx_word' id='word_1_254' title='bbox 2258 948 2392 1024; x_wconf 73' lang='grc' dir='ltr'><strong>μων</strong></span> <span class='ocrx_word' id='word_1_255' title='bbox 2447 948 2690 1024; x_wconf 70' lang='grc' dir='ltr'>ἥκουσι</span> <span class='ocrx_word' id='word_1_256' title='bbox 2745 951 2854 1004; x_wconf 84' lang='grc' dir='ltr'>καὶ</span> <span class='ocrx_word' id='word_1_257' title='bbox 2915 951 3065 1024; x_wconf 78' lang='grc' dir='ltr'><strong>περί</strong></span> <span class='ocrx_word' id='word_1_258' title='bbox 3105 948 3412 1024; x_wconf 59' lang='grc' dir='ltr'>(ξήλικος</span> <span class='ocrx_word' id='word_1_259' title='bbox 3465 948 3580 1005; x_wconf 68' lang='grc' dir='ltr'><strong>καὶ</strong></span> <span class='ocrx_word' id='word_1_260' title='bbox 3623 961 3842 1024; x_wconf 78' lang='grc' dir='ltr'>Δρου-</span> 
     </span>
    </p>
   </div>
   <div class='ocr_carea' id='block_1_41' title="bbox 2255 1019 3846 1096">
    <p class='ocr_par' dir='ltr' id='par_1_41' title="bbox 2255 1019 3846 1096">
     <span class='ocr_line' id='line_1_41' title="bbox 2255 1019 3846 1096; baseline 0 -20"><span class='ocrx_word' id='word_1_261' title='bbox 2255 1019 2502 1096; x_wconf 68' lang='grc' dir='ltr'>σίλλῃς</span> <span class='ocrx_word' id='word_1_262' title='bbox 2541 1022 2650 1096; x_wconf 59' lang='grc' dir='ltr'><strong>καί</strong></span> <span class='ocrx_word' id='word_1_263' title='bbox 2692 1019 3458 1096; x_wconf 33' lang='grc' dir='ltr'>Φήστουίὸς-διαδοχος</span> <span class='ocrx_word' id='word_1_264' title='bbox 3505 1024 3584 1092; x_wconf 73' lang='grc' dir='ltr'>ἦν</span> <span class='ocrx_word' id='word_1_265' title='bbox 3627 1019 3846 1096; x_wconf 58' lang='grc' dir='ltr'>Φήλι-</span> 
     </span>
    </p>
   </div>
   <div class='ocr_carea' id='block_1_42' title="bbox 2251 1093 3846 1171">
    <p class='ocr_par' dir='ltr' id='par_1_42' title="bbox 2251 1093 3846 1171">
     <span class='ocr_line' id='line_1_42' title="bbox 2251 1093 3846 1171; baseline 0.002 -23"><span class='ocrx_word' id='word_1_266' title='bbox 2251 1114 2399 1171; x_wconf 75' lang='grc' dir='ltr'>κος·</span> <span class='ocrx_word' id='word_1_267' title='bbox 2433 1093 2540 1171; x_wconf 10' lang='grc' dir='ltr'>,ἐφ’</span> <span class='ocrx_word' id='word_1_268' title='bbox 2577 1095 2652 1171; x_wconf 75' lang='grc' dir='ltr'><strong>οὗ</strong></span> <span class='ocrx_word' id='word_1_269' title='bbox 2691 1093 2952 1171; x_wconf 59' lang='grc' dir='ltr'>Παῦλος</span> <span class='ocrx_word' id='word_1_270' title='bbox 2987 1093 3660 1171; x_wconf 64' lang='grc' dir='ltr'>παρρησιασάμενος,</span> <span class='ocrx_word' id='word_1_271' title='bbox 3701 1095 3846 1150; x_wconf 77' lang='grc' dir='ltr'>ἐπε-</span> 
     </span>
    </p>
   </div>
   <div class='ocr_carea' id='block_1_43' title="bbox 2245 1165 3021 1240">
    <p class='ocr_par' dir='ltr' id='par_1_43' title="bbox 2245 1165 3021 1240">
     <span class='ocr_line' id='line_1_43' title="bbox 2245 1165 3021 1240; baseline 0.003 -20"><span class='ocrx_word' id='word_1_272' title='bbox 2245 1165 2518 1220; x_wconf 75' lang='grc' dir='ltr'>καλεῖτο</span> <span class='ocrx_word' id='word_1_273' title='bbox 2556 1167 2667 1221; x_wconf 87' lang='grc' dir='ltr'>τὸν</span> <span class='ocrx_word' id='word_1_274' title='bbox 2707 1165 3021 1240; x_wconf 78' lang='grc' dir='ltr'>Καίσαρα.</span> 
     </span>
    </p>
   </div>
   <div class='ocr_carea' id='block_1_44' title="bbox 2252 1269 3842 1348">
    <p class='ocr_par' dir='ltr' id='par_1_44' title="bbox 2252 1269 3842 1348">
     <span class='ocr_line' id='line_1_44' title="bbox 2252 1269 3842 1348; baseline 0.001 -20"><span class='ocrx_word' id='word_1_275' title='bbox 2252 1271 2414 1328; x_wconf 82' lang='grc' dir='ltr'><strong>Πέντε</strong></span> <span class='ocrx_word' id='word_1_276' title='bbox 2459 1273 2660 1348; x_wconf 79' lang='grc' dir='ltr'>ἡμέραι</span> <span class='ocrx_word' id='word_1_277' title='bbox 2713 1273 2776 1328; x_wconf 84' lang='grc' dir='ltr'><strong>τὸ</strong></span> <span class='ocrx_word' id='word_1_278' title='bbox 2827 1273 2877 1346; x_wconf 79' lang='grc' dir='ltr'>ἐξ</span> <span class='ocrx_word' id='word_1_279' title='bbox 2927 1271 3133 1328; x_wconf 79' lang='grc' dir='ltr'>ἐκείνου</span> <span class='ocrx_word' id='word_1_280' title='bbox 3179 1273 3352 1342; x_wconf 74' lang='grc' dir='ltr'>ἦσαν’</span> <span class='ocrx_word' id='word_1_281' title='bbox 3401 1275 3496 1329; x_wconf 81' lang='grc' dir='ltr'><strong>καὶ</strong></span> <span class='ocrx_word' id='word_1_282' title='bbox 3536 1269 3842 1348; x_wconf 64' lang='grc' dir='ltr'>πρεσϐὂτε-</span> 
     </span>
    </p>
   </div>
   <div class='ocr_carea' id='block_1_45' title="bbox 2181 1361 3844 1440">
    <p class='ocr_par' dir='ltr' id='par_1_45' title="bbox 2181 1361 3844 1440">
     <span class='ocr_line' id='line_1_45' title="bbox 2181 1361 3844 1440; baseline 0 -22"><span class='ocrx_word' id='word_1_283' title='bbox 2181 1384 2268 1440; x_wconf 88' lang='grc' dir='ltr'><strong>ροι</strong></span> <span class='ocrx_word' id='word_1_284' title='bbox 2313 1361 2514 1418; x_wconf 84' lang='grc' dir='ltr'>ἐκεῖθεν</span> <span class='ocrx_word' id='word_1_285' title='bbox 2557 1363 2716 1432; x_wconf 76' lang='grc' dir='ltr'>ἧκον,</span> <span class='ocrx_word' id='word_1_286' title='bbox 2769 1362 3014 1425; x_wconf 79' lang='grc' dir='ltr'><strong>Ἀνανίας</strong></span> <span class='ocrx_word' id='word_1_287' title='bbox 3059 1384 3118 1418; x_wconf 93' lang='grc' dir='ltr'><strong>τε</strong></span> <span class='ocrx_word' id='word_1_288' title='bbox 3165 1365 3192 1418; x_wconf 84' lang='grc' dir='ltr'><strong>ό</strong></span> <span class='ocrx_word' id='word_1_289' title='bbox 3245 1362 3680 1439; x_wconf 72' lang='grc' dir='ltr'>ἆρχιερεῦς,καὶ</span> <span class='ocrx_word' id='word_1_290' title='bbox 3729 1366 3844 1438; x_wconf 70' lang='grc' dir='ltr'><strong>ῥή-</strong></span> 
     </span>
    </p>
   </div>
   <div class='ocr_carea' id='block_1_46' title="bbox 2176 1450 3848 1528">
    <p class='ocr_par' dir='ltr' id='par_1_46' title="bbox 2176 1450 3848 1528">
     <span class='ocr_line' id='line_1_46' title="bbox 2176 1450 3848 1528; baseline 0.001 -20"><span class='ocrx_word' id='word_1_291' title='bbox 2176 1474 2290 1528; x_wconf 87' lang='grc' dir='ltr'><strong>τωρ</strong></span> <span class='ocrx_word' id='word_1_292' title='bbox 2321 1473 2404 1516; x_wconf 90' lang='grc' dir='ltr'><strong>τις</strong></span> <span class='ocrx_word' id='word_1_293' title='bbox 2434 1451 2702 1527; x_wconf 76' lang='grc' dir='ltr'>Τέρτυλος</span> <span class='ocrx_word' id='word_1_294' title='bbox 2735 1451 2910 1526; x_wconf 73' lang='grc' dir='ltr'>ὄνομα</span> <span class='ocrx_word' id='word_1_295' title='bbox 2934 1471 2946 1484; x_wconf 94' lang='grc'><strong>·</strong></span> <span class='ocrx_word' id='word_1_296' title='bbox 2981 1453 3040 1515; x_wconf 84' lang='grc' dir='ltr'><strong>’ὀς</strong></span> <span class='ocrx_word' id='word_1_297' title='bbox 3071 1452 3162 1508; x_wconf 78' lang='grc' dir='ltr'><strong>καὶ</strong></span> <span class='ocrx_word' id='word_1_298' title='bbox 3193 1450 3338 1508; x_wconf 68' lang='grc' dir='ltr'>ἄλλα</span> <span class='ocrx_word' id='word_1_299' title='bbox 3391 1455 3488 1527; x_wconf 75' lang='grc' dir='ltr'>μὲν</span> <span class='ocrx_word' id='word_1_300' title='bbox 3538 1457 3642 1508; x_wconf 76' lang='grc' dir='ltr'><strong>τοῦ</strong></span> <span class='ocrx_word' id='word_1_301' title='bbox 3693 1455 3848 1509; x_wconf 64' lang='grc' dir='ltr'>Παύ-</span> 
     </span>
    </p>
   </div>
   <div class='ocr_carea' id='block_1_47' title="bbox 2181 1541 3844 1622">
    <p class='ocr_par' dir='ltr' id='par_1_47' title="bbox 2181 1541 3844 1622">
     <span class='ocr_line' id='line_1_47' title="bbox 2181 1541 3844 1622; baseline 0 -24"><span class='ocrx_word' id='word_1_302' title='bbox 2181 1541 2282 1598; x_wconf 93' lang='grc' dir='ltr'><strong>λου</strong></span> <span class='ocrx_word' id='word_1_303' title='bbox 2329 1547 2651 1618; x_wconf 80' lang='grc' dir='ltr'>κατηγορῶν</span> <span class='ocrx_word' id='word_1_304' title='bbox 2695 1542 2784 1612; x_wconf 69' lang='grc' dir='ltr'><strong>ἦν,</strong></span> <span class='ocrx_word' id='word_1_305' title='bbox 2823 1541 2948 1612; x_wconf 75' lang='grc' dir='ltr'>ἄξια</span> <span class='ocrx_word' id='word_1_306' title='bbox 3003 1548 3102 1612; x_wconf 77' lang='grc' dir='ltr'>τῆς</span> <span class='ocrx_word' id='word_1_307' title='bbox 3157 1542 3361 1598; x_wconf 76' lang='grc' dir='ltr'>ἐκείνου</span> <span class='ocrx_word' id='word_1_308' title='bbox 3411 1543 3690 1622; x_wconf 79' lang='grc' dir='ltr'>φλυαρίας</span> <span class='ocrx_word' id='word_1_309' title='bbox 3745 1545 3844 1598; x_wconf 74' lang='grc' dir='ltr'><strong>καὶ</strong></span> 
     </span>
    </p>
   </div>
   <div class='ocr_carea' id='block_1_48' title="bbox 2179 1631 3840 1708">
    <p class='ocr_par' dir='ltr' id='par_1_48' title="bbox 2179 1631 3840 1708">
     <span class='ocr_line' id='line_1_48' title="bbox 2179 1631 3840 1708; baseline 0 -20"><span class='ocrx_word' id='word_1_310' title='bbox 2179 1633 2541 1704; x_wconf 81' lang='grc' dir='ltr'>πιθανότητος</span> <span class='ocrx_word' id='word_1_311' title='bbox 2565 1651 2580 1664; x_wconf 80' lang='lat'>&#39;</span> <span class='ocrx_word' id='word_1_312' title='bbox 2613 1631 2748 1694; x_wconf 84' lang='grc' dir='ltr'>τέως</span> <span class='ocrx_word' id='word_1_313' title='bbox 2777 1654 2838 1708; x_wconf 84' lang='grc' dir='ltr'>γε</span> <span class='ocrx_word' id='word_1_314' title='bbox 2873 1633 2980 1706; x_wconf 64' lang='grc' dir='ltr'><strong>μὴν</strong></span> <span class='ocrx_word' id='word_1_315' title='bbox 3029 1633 3102 1694; x_wconf 85' lang='grc' dir='ltr'>ὼς</span> <span class='ocrx_word' id='word_1_316' title='bbox 3150 1631 3348 1706; x_wconf 74' lang='grc' dir='ltr'>λοιμὸν</span> <span class='ocrx_word' id='word_1_317' title='bbox 3396 1633 3488 1688; x_wconf 79' lang='grc' dir='ltr'><strong>καὶ</strong></span> <span class='ocrx_word' id='word_1_318' title='bbox 3549 1631 3840 1704; x_wconf 71' lang='grc' dir='ltr'>στασιώδη</span> 
     </span>
    </p>
   </div>
   <div class='ocr_carea' id='block_1_49' title="bbox 2181 1717 3840 1799">
    <p class='ocr_par' dir='ltr' id='par_1_49' title="bbox 2181 1717 3840 1799">
     <span class='ocr_line' id='line_1_49' title="bbox 2181 1717 3840 1799; baseline -0.001 -22"><span class='ocrx_word' id='word_1_319' title='bbox 2181 1720 2538 1799; x_wconf 80' lang='grc' dir='ltr'>ἐλοιδορεῖτο,</span> <span class='ocrx_word' id='word_1_320' title='bbox 2575 1717 2922 1797; x_wconf 75' lang='grc' dir='ltr'>βεϐηλοῦντά</span> <span class='ocrx_word' id='word_1_321' title='bbox 2947 1743 3006 1777; x_wconf 89' lang='grc' dir='ltr'><strong>τε</strong></span> <span class='ocrx_word' id='word_1_322' title='bbox 3053 1723 3114 1776; x_wconf 84' lang='grc' dir='ltr'>τὸ</span> <span class='ocrx_word' id='word_1_323' title='bbox 3163 1723 3314 1798; x_wconf 80' lang='grc' dir='ltr'>ἅγιον</span> <span class='ocrx_word' id='word_1_324' title='bbox 3371 1723 3462 1777; x_wconf 87' lang='grc' dir='ltr'><strong>καὶ</strong></span> <span class='ocrx_word' id='word_1_325' title='bbox 3518 1723 3584 1778; x_wconf 82' lang='grc' dir='ltr'>τὸ</span> <span class='ocrx_word' id='word_1_326' title='bbox 3645 1723 3840 1796; x_wconf 74' lang='grc' dir='ltr'>ἱερόν·</span> 
     </span>
    </p>
   </div>
   <div class='ocr_carea' id='block_1_50' title="bbox 2177 1809 3838 1886">
    <p class='ocr_par' dir='ltr' id='par_1_50' title="bbox 2177 1809 3838 1886">
     <span class='ocr_line' id='line_1_50' title="bbox 2177 1809 3838 1886; baseline -0.002 -18"><span class='ocrx_word' id='word_1_327' title='bbox 2177 1811 2268 1868; x_wconf 85' lang='grc' dir='ltr'><strong>καὶ</strong></span> <span class='ocrx_word' id='word_1_328' title='bbox 2319 1813 2394 1876; x_wconf 88' lang='grc' dir='ltr'>ὡς</span> <span class='ocrx_word' id='word_1_329' title='bbox 2445 1812 2580 1886; x_wconf 82' lang='grc' dir='ltr'>μέγα</span> <span class='ocrx_word' id='word_1_330' title='bbox 2627 1833 2681 1866; x_wconf 94' lang='grc' dir='ltr'><strong>τι</strong></span> <span class='ocrx_word' id='word_1_331' title='bbox 2739 1809 2911 1866; x_wconf 88' lang='grc' dir='ltr'>δεινὸν</span> <span class='ocrx_word' id='word_1_332' title='bbox 2971 1809 3380 1886; x_wconf 82' lang='grc' dir='ltr'>προσωνείδιζε,</span> <span class='ocrx_word' id='word_1_333' title='bbox 3429 1811 3838 1886; x_wconf 63' lang='grc' dir='ltr'>πρωτοστάτην</span> 
     </span>
    </p>
   </div>
   <div class='ocr_carea' id='block_1_51' title="bbox 2179 1901 3842 1978">
    <p class='ocr_par' dir='ltr' id='par_1_51' title="bbox 2179 1901 3842 1978">
     <span class='ocr_line' id='line_1_51' title="bbox 2179 1901 3842 1978; baseline 0.001 -23"><span class='ocrx_word' id='word_1_334' title='bbox 2179 1901 2359 1978; x_wconf 76' lang='grc' dir='ltr'>λέγων</span> <span class='ocrx_word' id='word_1_335' title='bbox 2417 1903 2550 1958; x_wconf 82' lang='grc' dir='ltr'>εἶναι</span> <span class='ocrx_word' id='word_1_336' title='bbox 2599 1906 2792 1957; x_wconf 83' lang='grc' dir='ltr'>τοῦτον</span> <span class='ocrx_word' id='word_1_337' title='bbox 2845 1907 2946 1971; x_wconf 78' lang='grc' dir='ltr'>τῆς</span> <span class='ocrx_word' id='word_1_338' title='bbox 2991 1901 3320 1976; x_wconf 77' lang='grc' dir='ltr'>Ναζωραίων</span> <span class='ocrx_word' id='word_1_339' title='bbox 3367 1902 3652 1977; x_wconf 78' lang='grc' dir='ltr'>αἱρέσεως.</span> <span class='ocrx_word' id='word_1_340' title='bbox 3695 1907 3842 1956; x_wconf 74' lang='grc' dir='ltr'>Παῦ-</span> 
     </span>
    </p>
   </div>
   <div class='ocr_carea' id='block_1_52' title="bbox 2181 1987 3840 2068">
    <p class='ocr_par' dir='ltr' id='par_1_52' title="bbox 2181 1987 3840 2068">
     <span class='ocr_line' id='line_1_52' title="bbox 2181 1987 3840 2068; baseline 0 -22"><span class='ocrx_word' id='word_1_341' title='bbox 2181 1990 2278 2054; x_wconf 86' lang='grc' dir='ltr'><strong>λος</strong></span> <span class='ocrx_word' id='word_1_342' title='bbox 2311 1989 2370 2046; x_wconf 71' lang='grc' dir='ltr'>δὲ</span> <span class='ocrx_word' id='word_1_343' title='bbox 2397 1990 2464 2047; x_wconf 75' lang='grc' dir='ltr'>τὰ</span> <span class='ocrx_word' id='word_1_344' title='bbox 2495 1993 2588 2065; x_wconf 75' lang='grc' dir='ltr'>μὲν</span> <span class='ocrx_word' id='word_1_345' title='bbox 2628 1989 2772 2047; x_wconf 73' lang='grc' dir='ltr'>ἄλλα</span> <span class='ocrx_word' id='word_1_346' title='bbox 2823 1989 3025 2066; x_wconf 75' lang='grc' dir='ltr'>ῥᾳδίως</span> <span class='ocrx_word' id='word_1_347' title='bbox 3067 1989 3385 2060; x_wconf 72' lang='grc' dir='ltr'>απεωθεῖτο,</span> <span class='ocrx_word' id='word_1_348' title='bbox 3415 1987 3630 2062; x_wconf 73' lang='grc' dir='ltr'>ἡδίστῳ</span> <span class='ocrx_word' id='word_1_349' title='bbox 3677 1991 3840 2068; x_wconf 74' lang='grc' dir='ltr'>λόγῳ</span> 
     </span>
    </p>
   </div>
   <div class='ocr_carea' id='block_1_53' title="bbox 2181 2078 3840 2156">
    <p class='ocr_par' dir='ltr' id='par_1_53' title="bbox 2181 2078 3840 2156">
     <span class='ocr_line' id='line_1_53' title="bbox 2181 2078 3840 2156; baseline 0 -20"><span class='ocrx_word' id='word_1_350' title='bbox 2181 2078 2642 2156; x_wconf 78' lang='grc' dir='ltr'><strong>διακρουόμενος·</strong></span> <span class='ocrx_word' id='word_1_351' title='bbox 2705 2080 2980 2156; x_wconf 77' lang='grc' dir='ltr'>λατρεύειν</span> <span class='ocrx_word' id='word_1_352' title='bbox 3043 2078 3100 2136; x_wconf 72' lang='grc' dir='ltr'>δὲ</span> <span class='ocrx_word' id='word_1_353' title='bbox 3162 2083 3279 2152; x_wconf 83' lang='grc' dir='ltr'><strong>Θεῷ</strong></span> <span class='ocrx_word' id='word_1_354' title='bbox 3333 2081 3452 2135; x_wconf 84' lang='grc' dir='ltr'>καθ’</span> <span class='ocrx_word' id='word_1_355' title='bbox 3511 2083 3572 2150; x_wconf 75' lang='grc' dir='ltr'>ἢν</span> <span class='ocrx_word' id='word_1_356' title='bbox 3631 2079 3840 2136; x_wconf 72' lang='grc' dir='ltr'>ἐκεῖνοι</span> 
     </span>
    </p>
   </div>
   <div class='ocr_carea' id='block_1_54' title="bbox 2176 2168 3838 2248">
    <p class='ocr_par' dir='ltr' id='par_1_54' title="bbox 2176 2168 3838 2248">
     <span class='ocr_line' id='line_1_54' title="bbox 2176 2168 3838 2248; baseline -0.002 -22"><span class='ocrx_word' id='word_1_357' title='bbox 2176 2168 2371 2248; x_wconf 77' lang='grc' dir='ltr'>ἔφασαν</span> <span class='ocrx_word' id='word_1_358' title='bbox 2417 2169 2618 2246; x_wconf 69' lang='grc' dir='ltr'>αἵρεσιν</span> <span class='ocrx_word' id='word_1_359' title='bbox 2653 2171 2960 2246; x_wconf 82' lang='grc' dir='ltr'><strong>ὡμολόγει,</strong></span> <span class='ocrx_word' id='word_1_360' title='bbox 2995 2169 3125 2243; x_wconf 80' lang='grc' dir='ltr'>μηδ’</span> <span class='ocrx_word' id='word_1_361' title='bbox 3155 2170 3263 2224; x_wconf 79' lang='grc' dir='ltr'>ἄπο</span> <span class='ocrx_word' id='word_1_362' title='bbox 3293 2175 3402 2226; x_wconf 79' lang='grc' dir='ltr'><strong>τῶν</strong></span> <span class='ocrx_word' id='word_1_363' title='bbox 3445 2168 3500 2225; x_wconf 80' lang='grc' dir='ltr'>ἒν</span> <span class='ocrx_word' id='word_1_364' title='bbox 3531 2171 3691 2244; x_wconf 85' lang='grc' dir='ltr'>νόμῳ</span> <span class='ocrx_word' id='word_1_365' title='bbox 3740 2173 3838 2226; x_wconf 73' lang='grc' dir='ltr'><strong>καὶ</strong></span> 
     </span>
    </p>
   </div>
   <div class='ocr_carea' id='block_1_55' title="bbox 2177 2257 3834 2338">
    <p class='ocr_par' dir='ltr' id='par_1_55' title="bbox 2177 2257 3834 2338">
     <span class='ocr_line' id='line_1_55' title="bbox 2177 2257 3834 2338; baseline -0.001 -22"><span class='ocrx_word' id='word_1_366' title='bbox 2177 2262 2485 2338; x_wconf 76' lang='grc' dir='ltr'><strong>προφήταις</strong></span> <span class='ocrx_word' id='word_1_367' title='bbox 2515 2259 2814 2334; x_wconf 80' lang='grc' dir='ltr'>εἶρημένῶν</span> <span class='ocrx_word' id='word_1_368' title='bbox 2848 2257 2905 2314; x_wconf 72' lang='grc' dir='ltr'><strong>ὅν</strong></span> <span class='ocrx_word' id='word_1_369' title='bbox 2937 2278 2950 2292; x_wconf 89' lang='grc'><strong>·</strong></span> <span class='ocrx_word' id='word_1_370' title='bbox 2993 2259 3186 2330; x_wconf 74' lang='grc' dir='ltr'>ἐπίσης</span> <span class='ocrx_word' id='word_1_371' title='bbox 3233 2280 3292 2316; x_wconf 84' lang='grc' dir='ltr'><strong>τε</strong></span> <span class='ocrx_word' id='word_1_372' title='bbox 3334 2265 3452 2322; x_wconf 88' lang='grc' dir='ltr'>τοῖς</span> <span class='ocrx_word' id='word_1_373' title='bbox 3504 2257 3834 2335; x_wconf 84' lang='grc' dir='ltr'>λοιδοροῦσι</span> 
     </span>
    </p>
   </div>
   <div class='ocr_carea' id='block_1_56' title="bbox 2179 2345 3831 2426">
    <p class='ocr_par' dir='ltr' id='par_1_56' title="bbox 2179 2345 3831 2426">
     <span class='ocr_line' id='line_1_56' title="bbox 2179 2345 3831 2426; baseline -0.002 -18"><span class='ocrx_word' id='word_1_374' title='bbox 2179 2350 2448 2408; x_wconf 68' lang='grc' dir='ltr'>πιστεύειν</span> <span class='ocrx_word' id='word_1_375' title='bbox 2525 2351 2830 2425; x_wconf 73' lang='grc' dir='ltr'>αἱρεῖσθαι·</span> <span class='ocrx_word' id='word_1_376' title='bbox 2889 2345 3201 2426; x_wconf 82' lang='grc' dir='ltr'>πρεσϐεύειν</span> <span class='ocrx_word' id='word_1_377' title='bbox 3279 2371 3338 2406; x_wconf 91' lang='grc' dir='ltr'><strong>τε</strong></span> <span class='ocrx_word' id='word_1_378' title='bbox 3407 2349 3499 2405; x_wconf 77' lang='grc' dir='ltr'><strong>καὶ</strong></span> <span class='ocrx_word' id='word_1_379' title='bbox 3559 2351 3663 2420; x_wconf 73' lang='grc' dir='ltr'><strong>τήν</strong></span> <span class='ocrx_word' id='word_1_380' title='bbox 3721 2356 3831 2406; x_wconf 70' lang='grc' dir='ltr'>τῶν</span> 
     </span>
    </p>
   </div>
   <div class='ocr_carea' id='block_1_57' title="bbox 2177 2434 3834 2516">
    <p class='ocr_par' dir='ltr' id='par_1_57' title="bbox 2177 2434 3834 2516">
     <span class='ocr_line' id='line_1_57' title="bbox 2177 2434 3834 2516; baseline -0.001 -20"><span class='ocrx_word' id='word_1_381' title='bbox 2177 2445 2382 2516; x_wconf 80' lang='grc' dir='ltr'>νεκρῶν</span> <span class='ocrx_word' id='word_1_382' title='bbox 2433 2440 2800 2511; x_wconf 76' lang='grc' dir='ltr'>ἐξανάστασιν,</span> <span class='ocrx_word' id='word_1_383' title='bbox 2843 2443 2950 2494; x_wconf 81' lang='grc' dir='ltr'>τῶν</span> <span class='ocrx_word' id='word_1_384' title='bbox 2999 2460 3059 2495; x_wconf 88' lang='grc' dir='ltr'><strong>τε</strong></span> <span class='ocrx_word' id='word_1_385' title='bbox 3117 2437 3278 2500; x_wconf 80' lang='grc' dir='ltr'>ὁσίως</span> <span class='ocrx_word' id='word_1_386' title='bbox 3329 2434 3690 2514; x_wconf 86' lang='grc' dir='ltr'>βεϐιωκότων</span> <span class='ocrx_word' id='word_1_387' title='bbox 3740 2441 3834 2496; x_wconf 71' lang='grc' dir='ltr'>καὶ</span> 
     </span>
    </p>
   </div>
   <div class='ocr_carea' id='block_1_58' title="bbox 2185 2528 3834 2607">
    <p class='ocr_par' dir='ltr' id='par_1_58' title="bbox 2185 2528 3834 2607">
     <span class='ocr_line' id='line_1_58' title="bbox 2185 2528 3834 2607; baseline -0.001 -21"><span class='ocrx_word' id='word_1_388' title='bbox 2185 2534 2292 2607; x_wconf 81' lang='grc' dir='ltr'>μή·</span> <span class='ocrx_word' id='word_1_389' title='bbox 2333 2532 2466 2607; x_wconf 74' lang='grc' dir='ltr'>ὑπὲρ</span> <span class='ocrx_word' id='word_1_390' title='bbox 2513 2533 2576 2586; x_wconf 75' lang='grc' dir='ltr'><strong>οὗ</strong></span> <span class='ocrx_word' id='word_1_391' title='bbox 2627 2530 2720 2588; x_wconf 88' lang='grc' dir='ltr'><strong>καὶ</strong></span> <span class='ocrx_word' id='word_1_392' title='bbox 2761 2531 2861 2601; x_wconf 73' lang='grc' dir='ltr'>τὴν</span> <span class='ocrx_word' id='word_1_393' title='bbox 2915 2528 3070 2602; x_wconf 83' lang='grc' dir='ltr'>δίκην</span> <span class='ocrx_word' id='word_1_394' title='bbox 3113 2528 3351 2605; x_wconf 77' lang='grc' dir='ltr'>μάλιστα</span> <span class='ocrx_word' id='word_1_395' title='bbox 3376 2531 3561 2604; x_wconf 76' lang='grc' dir='ltr'>τούτῳ</span> <span class='ocrx_word' id='word_1_396' title='bbox 3621 2530 3834 2600; x_wconf 67' lang='grc' dir='ltr'>ταύτην</span> 
     </span>
    </p>
   </div>
   <div class='ocr_carea' id='block_1_59' title="bbox 2177 2616 3838 2698">
    <p class='ocr_par' dir='ltr' id='par_1_59' title="bbox 2177 2616 3838 2698">
     <span class='ocr_line' id='line_1_59' title="bbox 2177 2616 3838 2698; baseline -0.002 -22"><span class='ocrx_word' id='word_1_397' title='bbox 2177 2619 2441 2698; x_wconf 83' lang='grc' dir='ltr'>γενέσθαι.</span> <span class='ocrx_word' id='word_1_398' title='bbox 2473 2623 2568 2674; x_wconf 89' lang='grc' dir='ltr'>Ὧν</span> <span class='ocrx_word' id='word_1_399' title='bbox 2619 2617 2924 2694; x_wconf 76' lang='grc' dir='ltr'>εἰρημένων</span> <span class='ocrx_word' id='word_1_400' title='bbox 2985 2618 3164 2688; x_wconf 76' lang='grc' dir='ltr'>Φῆλιξ</span> <span class='ocrx_word' id='word_1_401' title='bbox 3213 2616 3467 2686; x_wconf 72' lang='grc' dir='ltr'>ἀκούσας,</span> <span class='ocrx_word' id='word_1_402' title='bbox 3525 2619 3838 2690; x_wconf 81' lang='grc' dir='ltr'>ὑπερετίθει</span> 
     </span>
    </p>
   </div>
   <div class='ocr_carea' id='block_1_60' title="bbox 2178 2704 3832 2785">
    <p class='ocr_par' dir='ltr' id='par_1_60' title="bbox 2178 2704 3832 2785">
     <span class='ocr_line' id='line_1_60' title="bbox 2178 2704 3832 2785; baseline -0.002 -19"><span class='ocrx_word' id='word_1_403' title='bbox 2178 2711 2278 2780; x_wconf 72' lang='grc' dir='ltr'>τὴν</span> <span class='ocrx_word' id='word_1_404' title='bbox 2311 2709 2509 2785; x_wconf 79' lang='grc' dir='ltr'>κρίσιν,</span> <span class='ocrx_word' id='word_1_405' title='bbox 2539 2710 2744 2764; x_wconf 81' lang='grc' dir='ltr'>Λυσίαν</span> <span class='ocrx_word' id='word_1_406' title='bbox 2776 2709 2866 2764; x_wconf 90' lang='grc' dir='ltr'><strong>τὸν</strong></span> <span class='ocrx_word' id='word_1_407' title='bbox 2919 2707 3218 2783; x_wconf 70' lang='grc' dir='ltr'>χιλίαρχον</span> <span class='ocrx_word' id='word_1_408' title='bbox 3267 2704 3588 2782; x_wconf 69' lang='grc' dir='ltr'>ἐκδέχεσθαι</span> <span class='ocrx_word' id='word_1_409' title='bbox 3621 2708 3794 2762; x_wconf 76' lang='grc' dir='ltr'>εἰπών</span> <span class='ocrx_word' id='word_1_410' title='bbox 3817 2728 3832 2741; x_wconf 91' lang='grc'>·</span> 
     </span>
    </p>
   </div>
   <div class='ocr_carea' id='block_1_61' title="bbox 2181 2795 3834 2873">
    <p class='ocr_par' dir='ltr' id='par_1_61' title="bbox 2181 2795 3834 2873">
     <span class='ocr_line' id='line_1_61' title="bbox 2181 2795 3834 2873; baseline -0.001 -17"><span class='ocrx_word' id='word_1_411' title='bbox 2181 2801 2242 2856; x_wconf 77' lang='grc' dir='ltr'><strong>οὗ</strong></span> <span class='ocrx_word' id='word_1_412' title='bbox 2272 2802 2504 2870; x_wconf 73' lang='grc' dir='ltr'>ἥκοντος</span> <span class='ocrx_word' id='word_1_413' title='bbox 2543 2798 2666 2854; x_wconf 76' lang='grc' dir='ltr'>ὅσον</span> <span class='ocrx_word' id='word_1_414' title='bbox 2699 2795 2833 2868; x_wconf 68' lang='grc' dir='ltr'>ἤδη,</span> <span class='ocrx_word' id='word_1_415' title='bbox 2863 2799 2934 2853; x_wconf 75' lang='grc' dir='ltr'><strong>τὰ</strong></span> <span class='ocrx_word' id='word_1_416' title='bbox 2979 2803 3086 2853; x_wconf 78' lang='grc' dir='ltr'><strong>τῶν</strong></span> <span class='ocrx_word' id='word_1_417' title='bbox 3132 2796 3310 2873; x_wconf 83' lang='grc' dir='ltr'>λόγων</span> <span class='ocrx_word' id='word_1_418' title='bbox 3357 2796 3514 2860; x_wconf 74' lang='grc' dir='ltr'>αὖθις</span> <span class='ocrx_word' id='word_1_419' title='bbox 3561 2797 3834 2872; x_wconf 74' lang='grc' dir='ltr'>γενέσθαι.</span> 
     </span>
    </p>
   </div>
   <div class='ocr_carea' id='block_1_62' title="bbox 2177 2884 3838 2966">
    <p class='ocr_par' dir='ltr' id='par_1_62' title="bbox 2177 2884 3838 2966">
     <span class='ocr_line' id='line_1_62' title="bbox 2177 2884 3838 2966; baseline -0.002 -21"><span class='ocrx_word' id='word_1_420' title='bbox 2177 2889 2284 2946; x_wconf 82' lang='grc' dir='ltr'><strong>Καὶ</strong></span> <span class='ocrx_word' id='word_1_421' title='bbox 2317 2893 2527 2966; x_wconf 79' lang='grc' dir='ltr'>φρουρᾷ</span> <span class='ocrx_word' id='word_1_422' title='bbox 2575 2889 2666 2962; x_wconf 70' lang='grc' dir='ltr'>μὲν</span> <span class='ocrx_word' id='word_1_423' title='bbox 2712 2888 2802 2942; x_wconf 86' lang='grc' dir='ltr'><strong>τὸν</strong></span> <span class='ocrx_word' id='word_1_424' title='bbox 2859 2885 3074 2944; x_wconf 78' lang='grc' dir='ltr'>Παῦλον</span> <span class='ocrx_word' id='word_1_425' title='bbox 3117 2884 3336 2942; x_wconf 73' lang='grc' dir='ltr'>ἐδίδουο</span> <span class='ocrx_word' id='word_1_426' title='bbox 3371 2887 3570 2956; x_wconf 79' lang='grc' dir='ltr'>ἥκιστα</span> <span class='ocrx_word' id='word_1_427' title='bbox 3619 2885 3668 2942; x_wconf 83' lang='grc' dir='ltr'>δ’</span> <span class='ocrx_word' id='word_1_428' title='bbox 3701 2886 3838 2942; x_wconf 75' lang='grc' dir='ltr'><strong>ἐκώ-</strong></span> 
     </span>
    </p>
   </div>
   <div class='ocr_carea' id='block_1_63' title="bbox 2179 2975 3838 3054">
    <p class='ocr_par' dir='ltr' id='par_1_63' title="bbox 2179 2975 3838 3054">
     <span class='ocr_line' id='line_1_63' title="bbox 2179 2975 3838 3054; baseline -0.001 -20"><span class='ocrx_word' id='word_1_429' title='bbox 2179 2976 2278 3035; x_wconf 87' lang='grc' dir='ltr'><strong>λυε</strong></span> <span class='ocrx_word' id='word_1_430' title='bbox 2303 2981 2396 3036; x_wconf 84' lang='grc' dir='ltr'><strong>τὸν</strong></span> <span class='ocrx_word' id='word_1_431' title='bbox 2429 2977 2767 3054; x_wconf 85' lang='grc' dir='ltr'>βουλόμενον</span> <span class='ocrx_word' id='word_1_432' title='bbox 2799 2975 3080 3053; x_wconf 84' lang='grc' dir='ltr'>προσιέναι</span> <span class='ocrx_word' id='word_1_433' title='bbox 3109 2998 3168 3032; x_wconf 89' lang='grc' dir='ltr'><strong>τε</strong></span> <span class='ocrx_word' id='word_1_434' title='bbox 3213 2977 3304 3033; x_wconf 77' lang='grc' dir='ltr'><strong>καὶ</strong></span> <span class='ocrx_word' id='word_1_435' title='bbox 3349 2978 3411 3032; x_wconf 84' lang='grc' dir='ltr'>τὸ</span> <span class='ocrx_word' id='word_1_436' title='bbox 3459 2978 3599 3051; x_wconf 84' lang='grc' dir='ltr'>πρὸς</span> <span class='ocrx_word' id='word_1_437' title='bbox 3643 2976 3838 3052; x_wconf 74' lang='grc' dir='ltr'>χρείαν</span> 
     </span>
    </p>
   </div>
   <div class='ocr_carea' id='block_1_64' title="bbox 2177 3066 3838 3143">
    <p class='ocr_par' dir='ltr' id='par_1_64' title="bbox 2177 3066 3838 3143">
     <span class='ocr_line' id='line_1_64' title="bbox 2177 3066 3838 3143; baseline -0.002 -15"><span class='ocrx_word' id='word_1_438' title='bbox 2177 3070 2368 3142; x_wconf 79' lang='grc' dir='ltr'>ἐκείνῳ</span> <span class='ocrx_word' id='word_1_439' title='bbox 2432 3071 2740 3141; x_wconf 83' lang='grc' dir='ltr'>ὑπηρετεῖν.</span> <span class='ocrx_word' id='word_1_440' title='bbox 2801 3070 2929 3124; x_wconf 79' lang='grc' dir='ltr'>Μετ’</span> <span class='ocrx_word' id='word_1_441' title='bbox 2985 3068 3172 3143; x_wconf 82' lang='grc' dir='ltr'>ὀλίγον</span> <span class='ocrx_word' id='word_1_442' title='bbox 3246 3066 3303 3124; x_wconf 75' lang='grc' dir='ltr'>δὲ</span> <span class='ocrx_word' id='word_1_443' title='bbox 3377 3067 3558 3138; x_wconf 79' lang='grc' dir='ltr'>Φῆλιξ</span> <span class='ocrx_word' id='word_1_444' title='bbox 3617 3069 3838 3140; x_wconf 72' lang='grc' dir='ltr'>σύναιμα</span> 
     </span>
    </p>
   </div>
   <div class='ocr_carea' id='block_1_65' title="bbox 2179 3157 3832 3236">
    <p class='ocr_par' dir='ltr' id='par_1_65' title="bbox 2179 3157 3832 3236">
     <span class='ocr_line' id='line_1_65' title="bbox 2179 3157 3832 3236; baseline -0.002 -19"><span class='ocrx_word' id='word_1_445' title='bbox 2179 3157 2492 3236; x_wconf 81' lang='grc' dir='ltr'>Δρουσίλλῃ</span> <span class='ocrx_word' id='word_1_446' title='bbox 2525 3165 2594 3235; x_wconf 80' lang='grc' dir='ltr'><strong>τῇ</strong></span> <span class='ocrx_word' id='word_1_447' title='bbox 2637 3158 2872 3236; x_wconf 82' lang='grc' dir='ltr'>γυναικὶ,</span> <span class='ocrx_word' id='word_1_448' title='bbox 2905 3158 2995 3214; x_wconf 84' lang='grc' dir='ltr'><strong>τὸν</strong></span> <span class='ocrx_word' id='word_1_449' title='bbox 3047 3159 3266 3214; x_wconf 83' lang='grc' dir='ltr'>Παῦλον</span> <span class='ocrx_word' id='word_1_450' title='bbox 3319 3157 3832 3233; x_wconf 79' lang='grc' dir='ltr'>μεταστειλάμενοι,</span> 
     </span>
    </p>
   </div>
   <div class='ocr_carea' id='block_1_66' title="bbox 2178 3246 3834 3325">
    <p class='ocr_par' dir='ltr' id='par_1_66' title="bbox 2178 3246 3834 3325">
     <span class='ocr_line' id='line_1_66' title="bbox 2178 3246 3834 3325; baseline -0.001 -20"><span class='ocrx_word' id='word_1_451' title='bbox 2178 3248 2378 3320; x_wconf 77' lang='grc' dir='ltr'>ἤκουον</span> <span class='ocrx_word' id='word_1_452' title='bbox 2415 3250 2506 3306; x_wconf 90' lang='grc' dir='ltr'><strong>τὸν</strong></span> <span class='ocrx_word' id='word_1_453' title='bbox 2549 3251 2818 3323; x_wconf 84' lang='grc' dir='ltr'>σωτήριον</span> <span class='ocrx_word' id='word_1_454' title='bbox 2868 3247 3038 3325; x_wconf 90' lang='grc' dir='ltr'>λόγον</span> <span class='ocrx_word' id='word_1_455' title='bbox 3084 3246 3368 3322; x_wconf 84' lang='grc' dir='ltr'>διεξιόντα.</span> <span class='ocrx_word' id='word_1_456' title='bbox 3403 3248 3566 3310; x_wconf 86' lang='grc' dir='ltr'>Δέους</span> <span class='ocrx_word' id='word_1_457' title='bbox 3599 3247 3658 3304; x_wconf 77' lang='grc' dir='ltr'>δὲ</span> <span class='ocrx_word' id='word_1_458' title='bbox 3687 3247 3834 3319; x_wconf 76' lang='grc' dir='ltr'>πλη-</span> 
     </span>
    </p>
   </div>
   <div class='ocr_carea' id='block_1_67' title="bbox 2178 3332 3824 3413">
    <p class='ocr_par' dir='ltr' id='par_1_67' title="bbox 2178 3332 3824 3413">
     <span class='ocr_line' id='line_1_67' title="bbox 2178 3332 3824 3413; baseline -0.002 -19"><span class='ocrx_word' id='word_1_459' title='bbox 2178 3341 2347 3408; x_wconf 83' lang='grc' dir='ltr'>σθεὶς,</span> <span class='ocrx_word' id='word_1_460' title='bbox 2377 3339 2558 3413; x_wconf 84' lang='grc' dir='ltr'>ἠρέμα</span> <span class='ocrx_word' id='word_1_461' title='bbox 2613 3343 2802 3396; x_wconf 85' lang='grc' dir='ltr'>τοῦτον</span> <span class='ocrx_word' id='word_1_462' title='bbox 2857 3337 3080 3410; x_wconf 83' lang='grc' dir='ltr'>ἆπέλυε,</span> <span class='ocrx_word' id='word_1_463' title='bbox 3106 3338 3198 3394; x_wconf 83' lang='grc' dir='ltr'><strong>καὶ</strong></span> <span class='ocrx_word' id='word_1_464' title='bbox 3253 3340 3356 3408; x_wconf 79' lang='grc' dir='ltr'>τὴν</span> <span class='ocrx_word' id='word_1_465' title='bbox 3398 3337 3580 3394; x_wconf 84' lang='grc' dir='ltr'>πίστιν</span> <span class='ocrx_word' id='word_1_466' title='bbox 3633 3332 3824 3392; x_wconf 84' lang='grc' dir='ltr'>λαϐεῖν</span> 
     </span>
    </p>
   </div>
   <div class='ocr_carea' id='block_1_68' title="bbox 2179 3424 3828 3504">
    <p class='ocr_par' dir='ltr' id='par_1_68' title="bbox 2179 3424 3828 3504">
     <span class='ocr_line' id='line_1_68' title="bbox 2179 3424 3828 3504; baseline -0.003 -19"><span class='ocrx_word' id='word_1_467' title='bbox 2179 3430 2279 3486; x_wconf 76' lang='grc' dir='ltr'><strong>οὐκ</strong></span> <span class='ocrx_word' id='word_1_468' title='bbox 2307 3427 2526 3498; x_wconf 76' lang='grc' dir='ltr'>ἐθέλων,</span> <span class='ocrx_word' id='word_1_469' title='bbox 2557 3430 2668 3503; x_wconf 81' lang='grc' dir='ltr'><strong>χρή</strong></span> <span class='ocrx_word' id='word_1_470' title='bbox 2681 3449 2821 3502; x_wconf 83' lang='grc' dir='ltr'>ματα</span> <span class='ocrx_word' id='word_1_471' title='bbox 2866 3425 3174 3504; x_wconf 83' lang='grc' dir='ltr'>προσεδόκα</span> <span class='ocrx_word' id='word_1_472' title='bbox 3213 3425 3483 3502; x_wconf 78' lang='grc' dir='ltr'>λήψεσθαι</span> <span class='ocrx_word' id='word_1_473' title='bbox 3512 3447 3529 3462; x_wconf 77' lang='grc' dir='ltr'><strong>ο</strong></span> <span class='ocrx_word' id='word_1_474' title='bbox 3571 3424 3644 3480; x_wconf 84' lang='grc' dir='ltr'><strong>δι’</strong></span> <span class='ocrx_word' id='word_1_475' title='bbox 3675 3428 3704 3480; x_wconf 78' lang='grc' dir='ltr'><strong>ὃ</strong></span> <span class='ocrx_word' id='word_1_476' title='bbox 3735 3427 3828 3481; x_wconf 80' lang='grc' dir='ltr'><strong>καὶ</strong></span> 
     </span>
    </p>
   </div>
   <div class='ocr_carea' id='block_1_69' title="bbox 435 3514 2072 3606">
    <p class='ocr_par' dir='ltr' id='par_1_69' title="bbox 435 3514 2072 3606">
     <span class='ocr_line' id='line_1_69' title="bbox 435 3514 2072 3606; baseline 0.005 -34"><span class='ocrx_word' id='word_1_477' title='bbox 435 3514 592 3606; x_wconf 80' lang='lat' dir='ltr'><strong>Felix</strong></span> <span class='ocrx_word' id='word_1_478' title='bbox 623 3518 904 3588; x_wconf 86' lang='lat' dir='ltr'><strong>paulatim</strong></span> <span class='ocrx_word' id='word_1_479' title='bbox 945 3536 1072 3578; x_wconf 86' lang='lat' dir='ltr'><strong>eam</strong></span> <span class='ocrx_word' id='word_1_480' title='bbox 1101 3522 1452 3580; x_wconf 88' lang='lat' dir='ltr'><strong>absolvebat.</strong></span> <span class='ocrx_word' id='word_1_481' title='bbox 1485 3523 1908 3582; x_wconf 87' lang='lat' dir='ltr'><strong>Professionem</strong></span> <span class='ocrx_word' id='word_1_482' title='bbox 1939 3540 2072 3581; x_wconf 90' lang='lat' dir='ltr'><strong>vero</strong></span> 
     </span>
    </p>
   </div>
   <div class='ocr_carea' id='block_1_70' title="bbox 2186 3514 3830 3606">
    <p class='ocr_par' dir='ltr' id='par_1_70' title="bbox 2187 3515 3830 3606">
     <span class='ocr_line' id='line_1_70' title="bbox 2187 3515 3830 3606; baseline 0 -34"><span class='ocrx_word' id='word_1_483' title='bbox 2187 3523 2425 3594; x_wconf 80' lang='grc' dir='ltr'>συνεχῶς</span> <span class='ocrx_word' id='word_1_484' title='bbox 2484 3518 2996 3606; x_wconf 84' lang='grc' dir='ltr'>μεταπεμπόμενος,</span> <span class='ocrx_word' id='word_1_485' title='bbox 3028 3515 3207 3586; x_wconf 78' lang='grc' dir='ltr'>ἡδέως</span> <span class='ocrx_word' id='word_1_486' title='bbox 3275 3517 3412 3592; x_wconf 85' lang='grc' dir='ltr'>πρὸς</span> <span class='ocrx_word' id='word_1_487' title='bbox 3472 3517 3674 3594; x_wconf 85' lang='grc' dir='ltr'>λόγους</span> <span class='ocrx_word' id='word_1_488' title='bbox 3731 3517 3830 3592; x_wconf 76' lang='grc' dir='ltr'>ἧρ-</span> 
     </span>
    </p>
   </div>
   <div class='ocr_carea' id='block_1_71' title="bbox 433 3603 2072 3686">
    <p class='ocr_par' dir='ltr' id='par_1_71' title="bbox 433 3603 2072 3686">
     <span class='ocr_line' id='line_1_71' title="bbox 433 3603 2072 3686; baseline 0.006 -26"><span class='ocrx_word' id='word_1_489' title='bbox 433 3603 568 3662; x_wconf 84' lang='lat' dir='ltr'><strong>ﬁdei</strong></span> <span class='ocrx_word' id='word_1_490' title='bbox 597 3608 892 3681; x_wconf 88' lang='lat' dir='ltr'><strong>suscipere</strong></span> <span class='ocrx_word' id='word_1_491' title='bbox 923 3609 1146 3680; x_wconf 87' lang='lat' dir='ltr'><strong>nolens,</strong></span> <span class='ocrx_word' id='word_1_492' title='bbox 1197 3613 1476 3684; x_wconf 88' lang='lat' dir='ltr'><strong>pecunias</strong></span> <span class='ocrx_word' id='word_1_493' title='bbox 1515 3628 1576 3670; x_wconf 89' lang='lat' dir='ltr'><strong>se</strong></span> <span class='ocrx_word' id='word_1_494' title='bbox 1607 3613 1678 3670; x_wconf 90' lang='lat' dir='ltr'><strong>ab</strong></span> <span class='ocrx_word' id='word_1_495' title='bbox 1707 3629 1772 3670; x_wconf 92' lang='lat' dir='ltr'><strong>eo</strong></span> <span class='ocrx_word' id='word_1_496' title='bbox 1804 3618 2072 3686; x_wconf 89' lang='lat' dir='ltr'><strong>acceptu-</strong></span> 
     </span>
    </p>
   </div>
   <div class='ocr_carea' id='block_1_72' title="bbox 433 3700 2077 3776">
    <p class='ocr_par' dir='ltr' id='par_1_72' title="bbox 433 3700 2077 3776">
     <span class='ocr_line' id='line_1_72' title="bbox 433 3700 2077 3776; baseline 0.005 -24"><span class='ocrx_word' id='word_1_497' title='bbox 433 3711 566 3752; x_wconf 87' lang='lat' dir='ltr'><strong>rum</strong></span> <span class='ocrx_word' id='word_1_498' title='bbox 599 3700 870 3769; x_wconf 83' lang='lat' dir='ltr'><strong>sperabat</strong></span> <span class='ocrx_word' id='word_1_499' title='bbox 897 3715 910 3756; x_wconf 94' lang='lat'>:</span> <span class='ocrx_word' id='word_1_500' title='bbox 935 3716 1182 3774; x_wconf 90' lang='lat' dir='ltr'><strong>eamque</strong></span> <span class='ocrx_word' id='word_1_501' title='bbox 1211 3703 1284 3759; x_wconf 90' lang='lat' dir='ltr'><strong>ob</strong></span> <span class='ocrx_word' id='word_1_502' title='bbox 1316 3720 1554 3760; x_wconf 88' lang='lat' dir='ltr'><strong>causam</strong></span> <span class='ocrx_word' id='word_1_503' title='bbox 1592 3705 1924 3776; x_wconf 86' lang='lat' dir='ltr'><strong>frequenter</strong></span> <span class='ocrx_word' id='word_1_504' title='bbox 1942 3719 2077 3762; x_wconf 89' lang='lat' dir='ltr'><strong>cum</strong></span> 
     </span>
    </p>
   </div>
   <div class='ocr_carea' id='block_1_73' title="bbox 432 3787 2078 3866">
    <p class='ocr_par' dir='ltr' id='par_1_73' title="bbox 432 3787 2078 3866">
     <span class='ocr_line' id='line_1_73' title="bbox 432 3787 2078 3866; baseline 0.005 -25"><span class='ocrx_word' id='word_1_505' title='bbox 432 3801 498 3842; x_wconf 92' lang='lat' dir='ltr'><strong>eo</strong></span> <span class='ocrx_word' id='word_1_506' title='bbox 530 3787 711 3844; x_wconf 89' lang='lat' dir='ltr'><strong>accito</strong></span> <span class='ocrx_word' id='word_1_507' title='bbox 759 3789 1104 3851; x_wconf 86' lang='lat' dir='ltr'><strong>familiarius</strong></span> <span class='ocrx_word' id='word_1_508' title='bbox 1154 3791 1550 3866; x_wconf 88' lang='lat' dir='ltr'><strong>libentiusque</strong></span> <span class='ocrx_word' id='word_1_509' title='bbox 1597 3810 1897 3852; x_wconf 87' lang='lat' dir='ltr'><strong>sermones</strong></span> <span class='ocrx_word' id='word_1_510' title='bbox 1937 3811 2078 3850; x_wconf 89' lang='lat' dir='ltr'><strong>con-</strong></span> 
     </span>
    </p>
   </div>
   <div class='ocr_carea' id='block_1_74' title="bbox 431 3879 2076 3954">
    <p class='ocr_par' dir='ltr' id='par_1_74' title="bbox 431 3879 2076 3954">
     <span class='ocr_line' id='line_1_74' title="bbox 431 3879 2076 3954; baseline 0.004 -20"><span class='ocrx_word' id='word_1_511' title='bbox 431 3879 670 3936; x_wconf 84' lang='lat' dir='ltr'><strong>ferebat.</strong></span> <span class='ocrx_word' id='word_1_512' title='bbox 714 3879 1018 3940; x_wconf 87' lang='lat' dir='ltr'><strong>Enimvero</strong></span> <span class='ocrx_word' id='word_1_513' title='bbox 1071 3883 1305 3940; x_wconf 89' lang='lat' dir='ltr'><strong>biennio</strong></span> <span class='ocrx_word' id='word_1_514' title='bbox 1353 3893 1572 3954; x_wconf 85' lang='lat' dir='ltr'><strong>exacto,</strong></span> <span class='ocrx_word' id='word_1_515' title='bbox 1604 3886 1836 3942; x_wconf 90' lang='lat' dir='ltr'><strong>Portius</strong></span> <span class='ocrx_word' id='word_1_516' title='bbox 1869 3886 2076 3948; x_wconf 83' lang='lat' dir='ltr'><strong>Festus</strong></span> 
     </span>
    </p>
   </div>
   <div class='ocr_carea' id='block_1_75' title="bbox 427 3969 2078 4048">
    <p class='ocr_par' dir='ltr' id='par_1_75' title="bbox 427 3969 2078 4048">
     <span class='ocr_line' id='line_1_75' title="bbox 427 3969 2078 4048; baseline 0.005 -24"><span class='ocrx_word' id='word_1_517' title='bbox 427 3986 462 4024; x_wconf 90' lang='lat' dir='ltr'><strong>a</strong></span> <span class='ocrx_word' id='word_1_518' title='bbox 491 3969 717 4028; x_wconf 88' lang='lat' dir='ltr'><strong>Nerone</strong></span> <span class='ocrx_word' id='word_1_519' title='bbox 747 3987 1047 4028; x_wconf 86' lang='lat' dir='ltr'><strong>successor</strong></span> <span class='ocrx_word' id='word_1_520' title='bbox 1077 3972 1253 4031; x_wconf 90' lang='lat' dir='ltr'><strong>Felici</strong></span> <span class='ocrx_word' id='word_1_521' title='bbox 1283 3975 1576 4033; x_wconf 89' lang='lat' dir='ltr'><strong>mittitur:</strong></span> <span class='ocrx_word' id='word_1_522' title='bbox 1601 3977 1700 4048; x_wconf 88' lang='lat' dir='ltr'><strong>qui</strong></span> <span class='ocrx_word' id='word_1_523' title='bbox 1737 3992 1868 4032; x_wconf 91' lang='lat' dir='ltr'><strong>cum</strong></span> <span class='ocrx_word' id='word_1_524' title='bbox 1900 3977 2078 4034; x_wconf 75' lang='lat' dir='ltr'><strong>Caesa-</strong></span> 
     </span>
    </p>
   </div>
   <div class='ocr_carea' id='block_1_76' title="bbox 431 4059 2078 4138">
    <p class='ocr_par' dir='ltr' id='par_1_76' title="bbox 431 4059 2078 4138">
     <span class='ocr_line' id='line_1_76' title="bbox 431 4059 2078 4138; baseline 0.004 -25"><span class='ocrx_word' id='word_1_525' title='bbox 431 4075 530 4114; x_wconf 90' lang='lat' dir='ltr'><strong>rea</strong></span> <span class='ocrx_word' id='word_1_526' title='bbox 559 4059 955 4134; x_wconf 81' lang='lat' dir='ltr'><strong>Hierosolyma</strong></span> <span class='ocrx_word' id='word_1_527' title='bbox 1001 4065 1357 4135; x_wconf 83' lang='lat' dir='ltr'><strong>ascenderet,</strong></span> <span class='ocrx_word' id='word_1_528' title='bbox 1404 4067 1658 4124; x_wconf 85' lang='lat' dir='ltr'><strong>Ananiae</strong></span> <span class='ocrx_word' id='word_1_529' title='bbox 1705 4065 1980 4138; x_wconf 77' lang='lat' dir='ltr'><strong>pontifex,</strong></span> <span class='ocrx_word' id='word_1_530' title='bbox 2013 4067 2078 4119; x_wconf 89' lang='lat' dir='ltr'><strong>ut</strong></span> 
     </span>
    </p>
   </div>
   <div class='ocr_carea' id='block_1_77' title="bbox 431 4145 2078 4223">
    <p class='ocr_par' dir='ltr' id='par_1_77' title="bbox 431 4145 2078 4223">
     <span class='ocr_line' id='line_1_77' title="bbox 431 4145 2078 4223; baseline 0.006 -23"><span class='ocrx_word' id='word_1_531' title='bbox 431 4145 678 4203; x_wconf 88' lang='lat' dir='ltr'><strong>Paulum</strong></span> <span class='ocrx_word' id='word_1_532' title='bbox 729 4163 794 4206; x_wconf 87' lang='lat' dir='ltr'><strong>eo</strong></span> <span class='ocrx_word' id='word_1_533' title='bbox 838 4160 1067 4208; x_wconf 88' lang='lat' dir='ltr'><strong>vocaret</strong></span> <span class='ocrx_word' id='word_1_534' title='bbox 1097 4157 1260 4223; x_wconf 84' lang='lat' dir='ltr'><strong>rogat</strong></span> <span class='ocrx_word' id='word_1_535' title='bbox 1292 4171 1305 4210; x_wconf 93' lang='lat'><strong>:</strong></span> <span class='ocrx_word' id='word_1_536' title='bbox 1338 4155 1493 4212; x_wconf 74' lang='lat'><strong>182</strong></span> <span class='ocrx_word' id='word_1_537' title='bbox 1524 4171 1591 4212; x_wconf 90' lang='lat' dir='ltr'><strong>eo</strong></span> <span class='ocrx_word' id='word_1_538' title='bbox 1622 4155 1901 4210; x_wconf 88' lang='lat' dir='ltr'><strong>nimirum</strong></span> <span class='ocrx_word' id='word_1_539' title='bbox 1932 4170 2078 4212; x_wconf 86' lang='lat' dir='ltr'><strong>con-</strong></span> 
     </span>
    </p>
   </div>
   <div class='ocr_carea' id='block_1_78' title="bbox 433 4233 2078 4314">
    <p class='ocr_par' dir='ltr' id='par_1_78' title="bbox 433 4233 2078 4314">
     <span class='ocr_line' id='line_1_78' title="bbox 433 4233 2078 4314; baseline 0.006 -24"><span class='ocrx_word' id='word_1_540' title='bbox 433 4233 588 4306; x_wconf 89' lang='lat' dir='ltr'><strong>silio,</strong></span> <span class='ocrx_word' id='word_1_541' title='bbox 621 4239 684 4292; x_wconf 87' lang='lat' dir='ltr'><strong>ut</strong></span> <span class='ocrx_word' id='word_1_542' title='bbox 715 4237 775 4293; x_wconf 89' lang='lat' dir='ltr'><strong>in</strong></span> <span class='ocrx_word' id='word_1_543' title='bbox 805 4237 1010 4298; x_wconf 85' lang='lat' dir='ltr'><strong>itinere</strong></span> <span class='ocrx_word' id='word_1_544' title='bbox 1041 4241 1192 4298; x_wconf 88' lang='lat' dir='ltr'><strong>clam</strong></span> <span class='ocrx_word' id='word_1_545' title='bbox 1224 4243 1371 4300; x_wconf 89' lang='lat' dir='ltr'><strong>ferro</strong></span> <span class='ocrx_word' id='word_1_546' title='bbox 1401 4243 1502 4300; x_wconf 90' lang='lat' dir='ltr'><strong>ille</strong></span> <span class='ocrx_word' id='word_1_547' title='bbox 1537 4261 1571 4299; x_wconf 87' lang='lat' dir='ltr'><strong>a</strong></span> <span class='ocrx_word' id='word_1_548' title='bbox 1601 4243 1922 4314; x_wconf 87' lang='lat' dir='ltr'><strong>conjuratis</strong></span> <span class='ocrx_word' id='word_1_549' title='bbox 1955 4251 2078 4300; x_wconf 90' lang='lat' dir='ltr'><strong>tru-</strong></span> 
     </span>
    </p>
   </div>
   <div class='ocr_carea' id='block_1_79' title="bbox 433 4323 2077 4402">
    <p class='ocr_par' dir='ltr' id='par_1_79' title="bbox 433 4323 2077 4402">
     <span class='ocr_line' id='line_1_79' title="bbox 433 4323 2077 4402; baseline 0.006 -23"><span class='ocrx_word' id='word_1_550' title='bbox 433 4323 742 4382; x_wconf 87' lang='lat' dir='ltr'><strong>cidaretur.</strong></span> <span class='ocrx_word' id='word_1_551' title='bbox 779 4326 981 4384; x_wconf 86' lang='lat' dir='ltr'><strong>Festus</strong></span> <span class='ocrx_word' id='word_1_552' title='bbox 1009 4329 1344 4400; x_wconf 87' lang='lat' dir='ltr'><strong>petitionem</strong></span> <span class='ocrx_word' id='word_1_553' title='bbox 1367 4347 1496 4388; x_wconf 89' lang='lat' dir='ltr'><strong>eam</strong></span> <span class='ocrx_word' id='word_1_554' title='bbox 1520 4331 1808 4402; x_wconf 88' lang='lat' dir='ltr'><strong>rejiciens,</strong></span> <span class='ocrx_word' id='word_1_555' title='bbox 1833 4348 1930 4390; x_wconf 88' lang='lat' dir='ltr'><strong>eos</strong></span> <span class='ocrx_word' id='word_1_556' title='bbox 1951 4331 2077 4389; x_wconf 83' lang='lat' dir='ltr'><strong>Gae-</strong></span> 
     </span>
    </p>
   </div>
   <div class='ocr_carea' id='block_1_80' title="bbox 430 4415 2073 4493">
    <p class='ocr_par' dir='ltr' id='par_1_80' title="bbox 430 4415 2073 4493">
     <span class='ocr_line' id='line_1_80' title="bbox 430 4415 2073 4493; baseline 0.007 -23"><span class='ocrx_word' id='word_1_557' title='bbox 430 4429 680 4486; x_wconf 86' lang='lat' dir='ltr'><strong>saream,</strong></span> <span class='ocrx_word' id='word_1_558' title='bbox 713 4415 810 4472; x_wconf 88' lang='lat' dir='ltr'><strong>ubi</strong></span> <span class='ocrx_word' id='word_1_559' title='bbox 844 4419 1232 4476; x_wconf 90' lang='lat' dir='ltr'><strong>controversia</strong></span> <span class='ocrx_word' id='word_1_560' title='bbox 1261 4419 1644 4490; x_wconf 89' lang='lat' dir='ltr'><strong>decideretur,</strong></span> <span class='ocrx_word' id='word_1_561' title='bbox 1667 4421 1862 4478; x_wconf 89' lang='lat' dir='ltr'><strong>venire</strong></span> <span class='ocrx_word' id='word_1_562' title='bbox 1885 4421 2073 4493; x_wconf 88' lang='lat' dir='ltr'><strong>jubet.</strong></span> 
     </span>
    </p>
   </div>
   <div class='ocr_carea' id='block_1_81' title="bbox 430 4504 2074 4584">
    <p class='ocr_par' dir='ltr' id='par_1_81' title="bbox 430 4504 2074 4584">
     <span class='ocr_line' id='line_1_81' title="bbox 430 4504 2074 4584; baseline 0.005 -24"><span class='ocrx_word' id='word_1_563' title='bbox 430 4504 507 4561; x_wconf 88' lang='lat' dir='ltr'><strong>Eo</strong></span> <span class='ocrx_word' id='word_1_564' title='bbox 534 4519 665 4560; x_wconf 88' lang='lat' dir='ltr'><strong>cum</strong></span> <span class='ocrx_word' id='word_1_565' title='bbox 696 4505 901 4565; x_wconf 88' lang='lat' dir='ltr'><strong>Festus</strong></span> <span class='ocrx_word' id='word_1_566' title='bbox 931 4511 986 4564; x_wconf 88' lang='lat' dir='ltr'><strong>et</strong></span> <span class='ocrx_word' id='word_1_567' title='bbox 1017 4509 1336 4581; x_wconf 86' lang='lat' dir='ltr'><strong>presbyteri</strong></span> <span class='ocrx_word' id='word_1_568' title='bbox 1375 4511 1695 4583; x_wconf 87' lang='lat' dir='ltr'><strong>venissent,</strong></span> <span class='ocrx_word' id='word_1_569' title='bbox 1727 4511 1943 4569; x_wconf 88' lang='lat' dir='ltr'><strong>Paulus</strong></span> <span class='ocrx_word' id='word_1_570' title='bbox 1971 4529 2074 4584; x_wconf 88' lang='lat' dir='ltr'><strong>pro</strong></span> 
     </span>
    </p>
   </div>
   <div class='ocr_carea' id='block_1_82' title="bbox 427 4593 2072 4674">
    <p class='ocr_par' dir='ltr' id='par_1_82' title="bbox 427 4593 2072 4674">
     <span class='ocr_line' id='line_1_82' title="bbox 427 4593 2072 4674; baseline 0.005 -24"><span class='ocrx_word' id='word_1_571' title='bbox 427 4593 706 4652; x_wconf 87' lang='lat' dir='ltr'><strong>tribunali</strong></span> <span class='ocrx_word' id='word_1_572' title='bbox 737 4596 987 4654; x_wconf 84' lang='lat' dir='ltr'><strong>crimina</strong></span> <span class='ocrx_word' id='word_1_573' title='bbox 1017 4597 1127 4654; x_wconf 89' lang='lat' dir='ltr'><strong>sibi</strong></span> <span class='ocrx_word' id='word_1_574' title='bbox 1159 4598 1230 4654; x_wconf 89' lang='lat' dir='ltr'><strong>ab</strong></span> <span class='ocrx_word' id='word_1_575' title='bbox 1261 4600 1346 4657; x_wconf 87' lang='lat' dir='ltr'><strong>eis</strong></span> <span class='ocrx_word' id='word_1_576' title='bbox 1376 4601 1621 4673; x_wconf 89' lang='lat' dir='ltr'><strong>objecla,</strong></span> <span class='ocrx_word' id='word_1_577' title='bbox 1643 4605 1923 4674; x_wconf 89' lang='lat' dir='ltr'><strong>tanquam</strong></span> <span class='ocrx_word' id='word_1_578' title='bbox 1948 4618 2072 4658; x_wconf 79' lang='lat' dir='ltr'><strong>ara-</strong></span> 
     </span>
    </p>
   </div>
   <div class='ocr_carea' id='block_1_83' title="bbox 427 4685 2073 4762">
    <p class='ocr_par' dir='ltr' id='par_1_83' title="bbox 427 4685 2073 4762">
     <span class='ocr_line' id='line_1_83' title="bbox 427 4685 2073 4762; baseline 0.003 -20"><span class='ocrx_word' id='word_1_579' title='bbox 427 4699 668 4742; x_wconf 89' lang='lat' dir='ltr'><strong>nearum</strong></span> <span class='ocrx_word' id='word_1_580' title='bbox 717 4685 895 4743; x_wconf 87' lang='lat' dir='ltr'><strong>telam</strong></span> <span class='ocrx_word' id='word_1_581' title='bbox 945 4687 1134 4758; x_wconf 88' lang='lat' dir='ltr'><strong>solvit,</strong></span> <span class='ocrx_word' id='word_1_582' title='bbox 1171 4688 1316 4746; x_wconf 90' lang='lat' dir='ltr'><strong>nihil</strong></span> <span class='ocrx_word' id='word_1_583' title='bbox 1347 4705 1410 4747; x_wconf 89' lang='lat' dir='ltr'><strong>se</strong></span> <span class='ocrx_word' id='word_1_584' title='bbox 1437 4689 1527 4748; x_wconf 88' lang='lat' dir='ltr'><strong>vel</strong></span> <span class='ocrx_word' id='word_1_585' title='bbox 1557 4690 1619 4746; x_wconf 90' lang='lat' dir='ltr'><strong>in</strong></span> <span class='ocrx_word' id='word_1_586' title='bbox 1649 4689 1863 4762; x_wconf 86' lang='lat' dir='ltr'><strong>legem,</strong></span> <span class='ocrx_word' id='word_1_587' title='bbox 1893 4690 1982 4746; x_wconf 90' lang='lat' dir='ltr'><strong>vel</strong></span> <span class='ocrx_word' id='word_1_588' title='bbox 2013 4690 2073 4748; x_wconf 89' lang='lat' dir='ltr'><strong>in</strong></span> 
     </span>
    </p>
   </div>
   <div class='ocr_carea' id='block_1_84' title="bbox 427 4776 2071 4853">
    <p class='ocr_par' dir='ltr' id='par_1_84' title="bbox 427 4776 2071 4853">
     <span class='ocr_line' id='line_1_84' title="bbox 427 4776 2071 4853; baseline 0.004 -22"><span class='ocrx_word' id='word_1_589' title='bbox 427 4776 712 4848; x_wconf 87' lang='lat' dir='ltr'><strong>templum</strong></span> <span class='ocrx_word' id='word_1_590' title='bbox 742 4777 1051 4838; x_wconf 86' lang='lat' dir='ltr'><strong>admisisse</strong></span> <span class='ocrx_word' id='word_1_591' title='bbox 1083 4779 1478 4853; x_wconf 88' lang='lat' dir='ltr'><strong>pulcherrime</strong></span> <span class='ocrx_word' id='word_1_592' title='bbox 1526 4782 1958 4840; x_wconf 86' lang='lat' dir='ltr'><strong>demonstrans.</strong></span> <span class='ocrx_word' id='word_1_593' title='bbox 1992 4786 2071 4838; x_wconf 80' lang='lat' dir='ltr'><strong>Ac</strong></span> 
     </span>
    </p>
   </div>
   <div class='ocr_carea' id='block_1_85' title="bbox 427 4865 2073 4944">
    <p class='ocr_par' dir='ltr' id='par_1_85' title="bbox 427 4865 2073 4944">
     <span class='ocr_line' id='line_1_85' title="bbox 427 4865 2073 4944; baseline 0.005 -22"><span class='ocrx_word' id='word_1_594' title='bbox 427 4865 632 4922; x_wconf 82' lang='lat' dir='ltr'><strong>Festus</strong></span> <span class='ocrx_word' id='word_1_595' title='bbox 663 4868 926 4940; x_wconf 89' lang='lat' dir='ltr'><strong>quidem,</strong></span> <span class='ocrx_word' id='word_1_596' title='bbox 975 4873 1040 4926; x_wconf 92' lang='lat' dir='ltr'><strong>ut</strong></span> <span class='ocrx_word' id='word_1_597' title='bbox 1068 4870 1287 4928; x_wconf 81' lang='lat' dir='ltr'><strong>Judaeis</strong></span> <span class='ocrx_word' id='word_1_598' title='bbox 1317 4871 1771 4944; x_wconf 82' lang='lat' dir='ltr'><strong>gratiﬁcaretur,</strong></span> <span class='ocrx_word' id='word_1_599' title='bbox 1800 4873 2073 4930; x_wconf 86' lang='lat' dir='ltr'><strong>Hieroso-</strong></span> 
     </span>
    </p>
   </div>
   <div class='ocr_carea' id='block_1_86' title="bbox 427 4927 2151 5028">
    <p class='ocr_par' dir='ltr' id='par_1_86' title="bbox 427 4927 2151 5028">
     <span class='ocr_line' id='line_1_86' title="bbox 427 4927 2151 5028; baseline 0.004 -16"><span class='ocrx_word' id='word_1_600' title='bbox 427 4955 584 5028; x_wconf 84' lang='lat' dir='ltr'><strong>lyma</strong></span> <span class='ocrx_word' id='word_1_601' title='bbox 617 4927 861 5015; x_wconf 65' lang='lat' dir='ltr'><strong>Paulum</strong></span> <span class='ocrx_word' id='word_1_602' title='bbox 893 4927 1364 5018; x_wconf 43' lang='lat' dir='ltr'><strong>venturumess‘e</strong></span> <span class='ocrx_word' id='word_1_603' title='bbox 1396 4927 1818 5020; x_wconf 70' lang='lat' dir='ltr'><strong>vero</strong></span> <span class='ocrx_word' id='word_1_604' title='bbox 1847 4927 2072 5019; x_wconf 18' lang='lat' dir='ltr'><strong>ililede-</strong></span> <span class='ocrx_word' id='word_1_605' title='bbox 2102 4927 2151 4992; x_wconf 68' lang='grc' dir='ltr'><strong>Β</strong></span> 
     </span>
    </p>
   </div>
   <div class='ocr_carea' id='block_1_87' title="bbox 427 5051 2067 5118">
    <p class='ocr_par' dir='ltr' id='par_1_87' title="bbox 427 5051 2067 5118">
     <span class='ocr_line' id='line_1_87' title="bbox 427 5051 2067 5118; baseline 0.005 -17"><span class='ocrx_word' id='word_1_606' title='bbox 427 5051 715 5118; x_wconf 86' lang='lat' dir='ltr'><strong>precatur,</strong></span> <span class='ocrx_word' id='word_1_607' title='bbox 739 5051 810 5105; x_wconf 91' lang='lat' dir='ltr'><strong>ad</strong></span> <span class='ocrx_word' id='word_1_608' title='bbox 827 5051 1066 5108; x_wconf 70' lang='lat' dir='ltr'><strong>Caesaris</strong></span> <span class='ocrx_word' id='word_1_609' title='bbox 1088 5051 1344 5110; x_wconf 90' lang='lat' dir='ltr'><strong>tribunal</strong></span> <span class='ocrx_word' id='word_1_610' title='bbox 1367 5069 1428 5110; x_wconf 83' lang='lat' dir='ltr'><strong>se</strong></span> <span class='ocrx_word' id='word_1_611' title='bbox 1451 5057 1740 5112; x_wconf 86' lang='lat' dir='ltr'><strong>staturum</strong></span> <span class='ocrx_word' id='word_1_612' title='bbox 1759 5057 2067 5112; x_wconf 86' lang='lat' dir='ltr'><strong>attestans.</strong></span> 
     </span>
    </p>
   </div>
   <div class='ocr_carea' id='block_1_88' title="bbox 425 5136 2070 5216">
    <p class='ocr_par' dir='ltr' id='par_1_88' title="bbox 425 5136 2070 5216">
     <span class='ocr_line' id='line_1_88' title="bbox 425 5136 2070 5216; baseline 0.005 -24"><span class='ocrx_word' id='word_1_613' title='bbox 425 5136 656 5194; x_wconf 88' lang='lat' dir='ltr'><strong>Nemini</strong></span> <span class='ocrx_word' id='word_1_614' title='bbox 714 5141 932 5212; x_wconf 88' lang='lat' dir='ltr'><strong>quippe</strong></span> <span class='ocrx_word' id='word_1_615' title='bbox 979 5141 1062 5198; x_wconf 79' lang='lat' dir='ltr'><strong>fas</strong></span> <span class='ocrx_word' id='word_1_616' title='bbox 1108 5159 1254 5216; x_wconf 88' lang='lat' dir='ltr'><strong>esse,</strong></span> <span class='ocrx_word' id='word_1_617' title='bbox 1306 5143 1606 5200; x_wconf 89' lang='lat' dir='ltr'><strong>hominem</strong></span> <span class='ocrx_word' id='word_1_618' title='bbox 1657 5145 1728 5200; x_wconf 86' lang='lat' dir='ltr'><strong>ad</strong></span> <span class='ocrx_word' id='word_1_619' title='bbox 1785 5144 2070 5202; x_wconf 61' lang='lat' dir='ltr'><strong>Casarem</strong></span> 
     </span>
    </p>
   </div>
   <div class='ocr_carea' id='block_1_89' title="bbox 427 5231 2073 5306">
    <p class='ocr_par' dir='ltr' id='par_1_89' title="bbox 427 5231 2073 5306">
     <span class='ocr_line' id='line_1_89' title="bbox 427 5231 2073 5306; baseline 0.005 -24"><span class='ocrx_word' id='word_1_620' title='bbox 427 5234 859 5301; x_wconf 88' lang='lat' dir='ltr'><strong>provocantem,</strong></span> <span class='ocrx_word' id='word_1_621' title='bbox 881 5231 1101 5289; x_wconf 81' lang='lat' dir='ltr'><strong>Judaeis</strong></span> <span class='ocrx_word' id='word_1_622' title='bbox 1133 5249 1232 5304; x_wconf 88' lang='lat' dir='ltr'><strong>per</strong></span> <span class='ocrx_word' id='word_1_623' title='bbox 1262 5235 1511 5306; x_wconf 89' lang='lat' dir='ltr'><strong>gratiam</strong></span> <span class='ocrx_word' id='word_1_624' title='bbox 1544 5236 1779 5293; x_wconf 90' lang='lat' dir='ltr'><strong>donare.</strong></span> <span class='ocrx_word' id='word_1_625' title='bbox 1804 5235 1888 5290; x_wconf 90' lang='lat' dir='ltr'><strong>Ad</strong></span> <span class='ocrx_word' id='word_1_626' title='bbox 1918 5233 2073 5290; x_wconf 92' lang='lat' dir='ltr'><strong>hunc</strong></span> 
     </span>
    </p>
   </div>
   <div class='ocr_carea' id='block_1_90' title="bbox 427 5320 2070 5396">
    <p class='ocr_par' dir='ltr' id='par_1_90' title="bbox 427 5320 2070 5396">
     <span class='ocr_line' id='line_1_90' title="bbox 427 5320 2070 5396; baseline 0.003 -21"><span class='ocrx_word' id='word_1_627' title='bbox 427 5320 666 5376; x_wconf 89' lang='lat' dir='ltr'><strong>modum</strong></span> <span class='ocrx_word' id='word_1_628' title='bbox 717 5335 852 5378; x_wconf 89' lang='lat' dir='ltr'><strong>cum</strong></span> <span class='ocrx_word' id='word_1_629' title='bbox 897 5321 1112 5380; x_wconf 88' lang='lat' dir='ltr'><strong>Paulus</strong></span> <span class='ocrx_word' id='word_1_630' title='bbox 1145 5323 1352 5382; x_wconf 88' lang='lat' dir='ltr'><strong>tecbna</strong></span> <span class='ocrx_word' id='word_1_631' title='bbox 1379 5325 1630 5396; x_wconf 90' lang='lat' dir='ltr'><strong>quadam</strong></span> <span class='ocrx_word' id='word_1_632' title='bbox 1663 5325 1896 5382; x_wconf 87' lang='lat' dir='ltr'><strong>Festum</strong></span> <span class='ocrx_word' id='word_1_633' title='bbox 1931 5340 2070 5380; x_wconf 89' lang='lat' dir='ltr'><strong>con-</strong></span> 
     </span>
    </p>
   </div>
   <div class='ocr_carea' id='block_1_91' title="bbox 2187 3605 3828 3684">
    <p class='ocr_par' dir='ltr' id='par_1_91' title="bbox 2187 3605 3828 3684">
     <span class='ocr_line' id='line_1_91' title="bbox 2187 3605 3828 3684; baseline -0.001 -20"><span class='ocrx_word' id='word_1_634' title='bbox 2187 3627 2338 3684; x_wconf 91' lang='grc' dir='ltr'>χετο.</span> <span class='ocrx_word' id='word_1_635' title='bbox 2375 3609 2592 3672; x_wconf 80' lang='grc' dir='ltr'>Διετίας</span> <span class='ocrx_word' id='word_1_636' title='bbox 2637 3605 2696 3662; x_wconf 75' lang='grc' dir='ltr'>δὲ</span> <span class='ocrx_word' id='word_1_637' title='bbox 2721 3607 3132 3682; x_wconf 76' lang='grc' dir='ltr'>πληρωθείσης,</span> <span class='ocrx_word' id='word_1_638' title='bbox 3169 3609 3404 3683; x_wconf 89' lang='grc' dir='ltr'>Πόρκιος</span> <span class='ocrx_word' id='word_1_639' title='bbox 3451 3614 3672 3676; x_wconf 79' lang='grc' dir='ltr'>Φῆστος</span> <span class='ocrx_word' id='word_1_640' title='bbox 3725 3607 3828 3663; x_wconf 68' lang='grc' dir='ltr'>ὑπὸ</span> 
     </span>
    </p>
   </div>
   <div class='ocr_carea' id='block_1_92' title="bbox 2181 3695 3830 3777">
    <p class='ocr_par' dir='ltr' id='par_1_92' title="bbox 2181 3695 3830 3777">
     <span class='ocr_line' id='line_1_92' title="bbox 2181 3695 3830 3777; baseline 0 -25"><span class='ocrx_word' id='word_1_641' title='bbox 2181 3697 2438 3773; x_wconf 79' lang='grc' dir='ltr'>Νέρωνος</span> <span class='ocrx_word' id='word_1_642' title='bbox 2495 3695 2759 3777; x_wconf 87' lang='grc' dir='ltr'>διάδοχος</span> <span class='ocrx_word' id='word_1_643' title='bbox 2817 3696 3068 3776; x_wconf 82' lang='grc' dir='ltr'>ἐπέμφθη</span> <span class='ocrx_word' id='word_1_644' title='bbox 3135 3697 3406 3768; x_wconf 77' lang='grc' dir='ltr'>Φήλικος.</span> <span class='ocrx_word' id='word_1_645' title='bbox 3441 3698 3506 3776; x_wconf 83' lang='grc' dir='ltr'>ᾯ</span> <span class='ocrx_word' id='word_1_646' title='bbox 3553 3697 3664 3752; x_wconf 81' lang='grc' dir='ltr'><strong>ἀπὸ</strong></span> <span class='ocrx_word' id='word_1_647' title='bbox 3707 3703 3830 3753; x_wconf 82' lang='grc' dir='ltr'>Και-</span> 
     </span>
    </p>
   </div>
   <div class='ocr_carea' id='block_1_93' title="bbox 2185 3782 3836 3863">
    <p class='ocr_par' dir='ltr' id='par_1_93' title="bbox 2185 3782 3836 3863">
     <span class='ocr_line' id='line_1_93' title="bbox 2185 3782 3836 3863; baseline -0.001 -19"><span class='ocrx_word' id='word_1_648' title='bbox 2185 3787 2400 3860; x_wconf 82' lang='grc' dir='ltr'>σαρείας</span> <span class='ocrx_word' id='word_1_649' title='bbox 2473 3787 2549 3850; x_wconf 83' lang='grc' dir='ltr'>εἷς</span> <span class='ocrx_word' id='word_1_650' title='bbox 2608 3786 2968 3861; x_wconf 82' lang='grc' dir='ltr'>Ἰεροσόλυμα</span> <span class='ocrx_word' id='word_1_651' title='bbox 3039 3782 3319 3858; x_wconf 78' lang='grc' dir='ltr'>ἀναϐάντι,</span> <span class='ocrx_word' id='word_1_652' title='bbox 3380 3787 3434 3841; x_wconf 78' lang='lat' dir='ltr'><strong>oi.</strong></span> <span class='ocrx_word' id='word_1_653' title='bbox 3506 3785 3634 3863; x_wconf 83' lang='grc' dir='ltr'><strong>περί</strong></span> <span class='ocrx_word' id='word_1_654' title='bbox 3693 3789 3836 3843; x_wconf 75' lang='grc' dir='ltr'>Ἀναο</span> 
     </span>
    </p>
   </div>
   <div class='ocr_carea' id='block_1_94' title="bbox 2181 3875 3834 3954">
    <p class='ocr_par' dir='ltr' id='par_1_94' title="bbox 2181 3875 3834 3954">
     <span class='ocr_line' id='line_1_94' title="bbox 2181 3875 3834 3954; baseline -0.001 -20"><span class='ocrx_word' id='word_1_655' title='bbox 2181 3877 2292 3934; x_wconf 87' lang='grc' dir='ltr'>νίαν</span> <span class='ocrx_word' id='word_1_656' title='bbox 2339 3879 2431 3934; x_wconf 86' lang='grc' dir='ltr'>τὸν</span> <span class='ocrx_word' id='word_1_657' title='bbox 2477 3878 2744 3954; x_wconf 77' lang='grc' dir='ltr'>ἱεράρχην</span> <span class='ocrx_word' id='word_1_658' title='bbox 2785 3876 2994 3950; x_wconf 80' lang='grc' dir='ltr'>ἠξίουν,</span> <span class='ocrx_word' id='word_1_659' title='bbox 3024 3875 3099 3940; x_wconf 77' lang='grc' dir='ltr'>εἷς</span> <span class='ocrx_word' id='word_1_660' title='bbox 3138 3875 3496 3951; x_wconf 88' lang='grc' dir='ltr'>Ἱεροσόλυμα</span> <span class='ocrx_word' id='word_1_661' title='bbox 3543 3876 3638 3932; x_wconf 85' lang='grc' dir='ltr'>τὸν</span> <span class='ocrx_word' id='word_1_662' title='bbox 3695 3882 3834 3932; x_wconf 82' lang='grc' dir='ltr'>Παῦ-</span> 
     </span>
    </p>
   </div>
   <div class='ocr_carea' id='block_1_95' title="bbox 2185 3964 3832 4044">
    <p class='ocr_par' dir='ltr' id='par_1_95' title="bbox 2185 3964 3832 4044">
     <span class='ocr_line' id='line_1_95' title="bbox 2185 3964 3832 4044; baseline -0.001 -20"><span class='ocrx_word' id='word_1_663' title='bbox 2185 3966 2281 4024; x_wconf 87' lang='grc' dir='ltr'><strong>λον</strong></span> <span class='ocrx_word' id='word_1_664' title='bbox 2324 3967 2511 4024; x_wconf 86' lang='grc' dir='ltr'>καλεῖν</span> <span class='ocrx_word' id='word_1_665' title='bbox 2537 3986 2549 4001; x_wconf 88' lang='grc'><strong>·</strong></span> <span class='ocrx_word' id='word_1_666' title='bbox 2585 3968 2659 4030; x_wconf 83' lang='grc' dir='ltr'>ὡς</span> <span class='ocrx_word' id='word_1_667' title='bbox 2699 3966 2760 4024; x_wconf 78' lang='grc' dir='ltr'>ἄν</span> <span class='ocrx_word' id='word_1_668' title='bbox 2801 3988 2862 4044; x_wconf 89' lang='grc' dir='ltr'>γε</span> <span class='ocrx_word' id='word_1_669' title='bbox 2908 3968 3046 4024; x_wconf 82' lang='grc' dir='ltr'>κατὰ</span> <span class='ocrx_word' id='word_1_670' title='bbox 3092 3967 3189 4036; x_wconf 73' lang='grc' dir='ltr'>τὴν</span> <span class='ocrx_word' id='word_1_671' title='bbox 3243 3964 3393 4038; x_wconf 84' lang='grc' dir='ltr'>ὁδὸν,</span> <span class='ocrx_word' id='word_1_672' title='bbox 3425 3971 3608 4042; x_wconf 72' lang='grc' dir='ltr'>κρύφα</span> <span class='ocrx_word' id='word_1_673' title='bbox 3639 3964 3832 4042; x_wconf 72' lang='grc' dir='ltr'>διαχειο</span> 
     </span>
    </p>
   </div>
   <div class='ocr_carea' id='block_1_96' title="bbox 2185 4056 3825 4136">
    <p class='ocr_par' dir='ltr' id='par_1_96' title="bbox 2185 4056 3825 4136">
     <span class='ocr_line' id='line_1_96' title="bbox 2185 4056 3825 4136; baseline -0.001 -23"><span class='ocrx_word' id='word_1_674' title='bbox 2185 4059 2394 4132; x_wconf 87' lang='grc' dir='ltr'>ρισθείη</span> <span class='ocrx_word' id='word_1_675' title='bbox 2439 4062 2520 4131; x_wconf 79' lang='grc' dir='ltr'><strong>τῷ</strong></span> <span class='ocrx_word' id='word_1_676' title='bbox 2563 4056 2702 4136; x_wconf 81' lang='grc' dir='ltr'>ξίφει</span> <span class='ocrx_word' id='word_1_677' title='bbox 2751 4057 2886 4132; x_wconf 84' lang='grc' dir='ltr'>πρὸς</span> <span class='ocrx_word' id='word_1_678' title='bbox 2933 4063 3045 4114; x_wconf 83' lang='grc' dir='ltr'><strong>τῶν</strong></span> <span class='ocrx_word' id='word_1_679' title='bbox 3087 4061 3440 4130; x_wconf 82' lang='grc' dir='ltr'>συνωμοτῶν.</span> <span class='ocrx_word' id='word_1_680' title='bbox 3472 4057 3580 4113; x_wconf 82' lang='grc' dir='ltr'><strong>Τὸν</strong></span> <span class='ocrx_word' id='word_1_681' title='bbox 3613 4064 3825 4128; x_wconf 78' lang='grc' dir='ltr'>Φῆστον</span> 
     </span>
    </p>
   </div>
   <div class='ocr_carea' id='block_1_97' title="bbox 2186 4144 3830 4222">
    <p class='ocr_par' dir='ltr' id='par_1_97' title="bbox 2186 4144 3830 4222">
     <span class='ocr_line' id='line_1_97' title="bbox 2186 4144 3830 4222; baseline 0 -19"><span class='ocrx_word' id='word_1_682' title='bbox 2186 4145 2244 4203; x_wconf 78' lang='grc' dir='ltr'>δὲ</span> <span class='ocrx_word' id='word_1_683' title='bbox 2301 4147 2624 4204; x_wconf 85' lang='grc' dir='ltr'>ἀπείπασθαι</span> <span class='ocrx_word' id='word_1_684' title='bbox 2678 4149 2777 4219; x_wconf 80' lang='grc' dir='ltr'>τήν</span> <span class='ocrx_word' id='word_1_685' title='bbox 2823 4146 3079 4218; x_wconf 82' lang='grc' dir='ltr'>ἀξίωσιν·</span> <span class='ocrx_word' id='word_1_686' title='bbox 3131 4145 3371 4210; x_wconf 79' lang='grc' dir='ltr'>ἐκείνους</span> <span class='ocrx_word' id='word_1_687' title='bbox 3431 4144 3488 4202; x_wconf 67' lang='grc' dir='ltr'>δὲ</span> <span class='ocrx_word' id='word_1_688' title='bbox 3530 4151 3602 4222; x_wconf 79' lang='grc' dir='ltr'><strong>τῇ</strong></span> <span class='ocrx_word' id='word_1_689' title='bbox 3647 4153 3830 4203; x_wconf 74' lang='grc' dir='ltr'>Καισαο</span> 
     </span>
    </p>
   </div>
   <div class='ocr_carea' id='block_1_98' title="bbox 2185 4232 3826 4315">
    <p class='ocr_par' dir='ltr' id='par_1_98' title="bbox 2185 4232 3826 4315">
     <span class='ocr_line' id='line_1_98' title="bbox 2185 4232 3826 4315; baseline 0.002 -23"><span class='ocrx_word' id='word_1_690' title='bbox 2185 4237 2302 4314; x_wconf 79' lang='grc' dir='ltr'>ρείᾳ</span> <span class='ocrx_word' id='word_1_691' title='bbox 2367 4232 2726 4313; x_wconf 86' lang='grc' dir='ltr'>προσϐαλεῖν,</span> <span class='ocrx_word' id='word_1_692' title='bbox 2793 4238 2883 4291; x_wconf 89' lang='grc' dir='ltr'><strong>καί</strong></span> <span class='ocrx_word' id='word_1_693' title='bbox 2959 4237 3021 4292; x_wconf 87' lang='grc' dir='ltr'>τὸ</span> <span class='ocrx_word' id='word_1_694' title='bbox 3095 4232 3407 4315; x_wconf 81' lang='grc' dir='ltr'>ἀμφίϐολον</span> <span class='ocrx_word' id='word_1_695' title='bbox 3489 4234 3826 4296; x_wconf 64' lang='grc' dir='ltr'>διαλύεσθαι.</span> 
     </span>
    </p>
   </div>
   <div class='ocr_carea' id='block_1_99' title="bbox 2183 4323 3828 4404">
    <p class='ocr_par' dir='ltr' id='par_1_99' title="bbox 2183 4323 3828 4404">
     <span class='ocr_line' id='line_1_99' title="bbox 2183 4323 3828 4404; baseline -0.003 -18"><span class='ocrx_word' id='word_1_696' title='bbox 2183 4329 2337 4386; x_wconf 86' lang='grc' dir='ltr'>Ἐπεὶ</span> <span class='ocrx_word' id='word_1_697' title='bbox 2386 4325 2445 4384; x_wconf 73' lang='grc' dir='ltr'>δὲ</span> <span class='ocrx_word' id='word_1_698' title='bbox 2493 4334 2712 4399; x_wconf 80' lang='grc' dir='ltr'>Φῆστος</span> <span class='ocrx_word' id='word_1_699' title='bbox 2753 4327 2843 4384; x_wconf 79' lang='grc' dir='ltr'><strong>καὶ</strong></span> <span class='ocrx_word' id='word_1_700' title='bbox 2891 4327 2953 4384; x_wconf 83' lang='grc' dir='ltr'>τὸ</span> <span class='ocrx_word' id='word_1_701' title='bbox 3001 4323 3390 4404; x_wconf 74' lang='grc' dir='ltr'>πρεσϐυτέριον</span> <span class='ocrx_word' id='word_1_702' title='bbox 3421 4329 3582 4398; x_wconf 69' lang='grc' dir='ltr'>ἧκον,</span> <span class='ocrx_word' id='word_1_703' title='bbox 3615 4327 3704 4384; x_wconf 81' lang='grc' dir='ltr'><strong>ἐπὶ</strong></span> 
     </span>
    </p>
   </div>
   <div class='ocr_carea' id='block_1_100' title="bbox 2185 4416 3826 4497">
    <p class='ocr_par' dir='ltr' id='par_1_100' title="bbox 2185 4416 3826 4497">
     <span class='ocr_line' id='line_1_100' title="bbox 2185 4416 3826 4497; baseline -0.003 -20"><span class='ocrx_word' id='word_1_704' title='bbox 2185 4437 2357 4497; x_wconf 84' lang='grc' dir='ltr'>ματος</span> <span class='ocrx_word' id='word_1_705' title='bbox 2415 4417 2630 4481; x_wconf 88' lang='grc' dir='ltr'>Παῦλος</span> <span class='ocrx_word' id='word_1_706' title='bbox 2675 4417 2742 4474; x_wconf 77' lang='grc' dir='ltr'><strong>τὰ</strong></span> <span class='ocrx_word' id='word_1_707' title='bbox 2793 4421 2920 4492; x_wconf 86' lang='grc' dir='ltr'>παρ’</span> <span class='ocrx_word' id='word_1_708' title='bbox 2951 4416 3167 4474; x_wconf 78' lang='grc' dir='ltr'>ἐκείνων</span> <span class='ocrx_word' id='word_1_709' title='bbox 3223 4417 3548 4495; x_wconf 79' lang='grc' dir='ltr'>εἰσαγόμενα</span> <span class='ocrx_word' id='word_1_710' title='bbox 3584 4419 3662 4481; x_wconf 78' lang='grc' dir='ltr'>ὡς</span> <span class='ocrx_word' id='word_1_711' title='bbox 3687 4419 3826 4474; x_wconf 76' lang='grc' dir='ltr'>ἱστὸν</span> 
     </span>
    </p>
   </div>
   <div class='ocr_carea' id='block_1_101' title="bbox 2181 4505 3828 4586">
    <p class='ocr_par' dir='ltr' id='par_1_101' title="bbox 2181 4505 3828 4586">
     <span class='ocr_line' id='line_1_101' title="bbox 2181 4505 3828 4586; baseline -0.002 -20"><span class='ocrx_word' id='word_1_712' title='bbox 2181 4509 2431 4586; x_wconf 84' lang='grc' dir='ltr'>ἀράχνης</span> <span class='ocrx_word' id='word_1_713' title='bbox 2486 4506 2687 4581; x_wconf 83' lang='grc' dir='ltr'>διέλυε,</span> <span class='ocrx_word' id='word_1_714' title='bbox 2733 4505 2902 4581; x_wconf 81' lang='grc' dir='ltr'>μηδέν</span> <span class='ocrx_word' id='word_1_715' title='bbox 2962 4529 3014 4563; x_wconf 86' lang='grc' dir='ltr'><strong>τι</strong></span> <span class='ocrx_word' id='word_1_716' title='bbox 3075 4506 3530 4584; x_wconf 74' lang='grc' dir='ltr'>ἐξημαρτηκέναι,</span> <span class='ocrx_word' id='word_1_717' title='bbox 3575 4505 3702 4565; x_wconf 65' lang='grc' dir='ltr'>οὔτε</span> <span class='ocrx_word' id='word_1_718' title='bbox 3755 4509 3828 4572; x_wconf 75' lang='grc' dir='ltr'><strong>εἰς</strong></span> 
     </span>
    </p>
   </div>
   <div class='ocr_carea' id='block_1_102' title="bbox 2180 4595 3828 4673">
    <p class='ocr_par' dir='ltr' id='par_1_102' title="bbox 2180 4595 3828 4673">
     <span class='ocr_line' id='line_1_102' title="bbox 2180 4595 3828 4673; baseline 0 -17"><span class='ocrx_word' id='word_1_719' title='bbox 2180 4601 2270 4656; x_wconf 85' lang='grc' dir='ltr'><strong>τὸν</strong></span> <span class='ocrx_word' id='word_1_720' title='bbox 2303 4601 2496 4673; x_wconf 83' lang='grc' dir='ltr'>νόμον,</span> <span class='ocrx_word' id='word_1_721' title='bbox 2529 4595 2652 4654; x_wconf 71' lang='grc' dir='ltr'>οὕτε</span> <span class='ocrx_word' id='word_1_722' title='bbox 2685 4598 2794 4670; x_wconf 74' lang='grc' dir='ltr'>μὴν</span> <span class='ocrx_word' id='word_1_723' title='bbox 2822 4597 2899 4661; x_wconf 78' lang='grc' dir='ltr'>εἷς</span> <span class='ocrx_word' id='word_1_724' title='bbox 2935 4597 2999 4654; x_wconf 80' lang='grc' dir='ltr'><strong>τὸ</strong></span> <span class='ocrx_word' id='word_1_725' title='bbox 3047 4597 3196 4673; x_wconf 77' lang='grc' dir='ltr'>ἱερὸν</span> <span class='ocrx_word' id='word_1_726' title='bbox 3246 4596 3568 4662; x_wconf 74' lang='grc' dir='ltr'>ἀποδεικνὺς</span> <span class='ocrx_word' id='word_1_727' title='bbox 3621 4598 3828 4672; x_wconf 79' lang='grc' dir='ltr'>ἄριστα.</span> 
     </span>
    </p>
   </div>
   <div class='ocr_carea' id='block_1_103' title="bbox 2181 4684 3830 4767">
    <p class='ocr_par' dir='ltr' id='par_1_103' title="bbox 2181 4684 3830 4767">
     <span class='ocr_line' id='line_1_103' title="bbox 2181 4684 3830 4767; baseline -0.001 -21"><span class='ocrx_word' id='word_1_728' title='bbox 2181 4689 2284 4748; x_wconf 81' lang='grc' dir='ltr'>Καὶ</span> <span class='ocrx_word' id='word_1_729' title='bbox 2344 4695 2562 4758; x_wconf 80' lang='grc' dir='ltr'>Φῆστος</span> <span class='ocrx_word' id='word_1_730' title='bbox 2624 4689 2718 4762; x_wconf 77' lang='grc' dir='ltr'>μὶν</span> <span class='ocrx_word' id='word_1_731' title='bbox 2779 4684 3068 4752; x_wconf 83' lang='grc' dir='ltr'>Ἰουδαίοις</span> <span class='ocrx_word' id='word_1_732' title='bbox 3125 4689 3512 4767; x_wconf 85' lang='grc' dir='ltr'>χαριζόμενος,</span> <span class='ocrx_word' id='word_1_733' title='bbox 3545 4687 3624 4750; x_wconf 83' lang='grc' dir='ltr'>εἷς</span> <span class='ocrx_word' id='word_1_734' title='bbox 3681 4691 3830 4764; x_wconf 65' lang='grc' dir='ltr'>Ἱεροη</span> 
     </span>
    </p>
   </div>
   <div class='ocr_carea' id='block_1_104' title="bbox 2182 4773 3828 4854">
    <p class='ocr_par' dir='ltr' id='par_1_104' title="bbox 2182 4773 3828 4854">
     <span class='ocr_line' id='line_1_104' title="bbox 2182 4773 3828 4854; baseline 0 -20"><span class='ocrx_word' id='word_1_735' title='bbox 2182 4778 2400 4854; x_wconf 86' lang='grc' dir='ltr'>σόλυμα</span> <span class='ocrx_word' id='word_1_736' title='bbox 2429 4773 2728 4834; x_wconf 84' lang='grc' dir='ltr'>ἀναϐαίνειν</span> <span class='ocrx_word' id='word_1_737' title='bbox 2758 4777 2849 4834; x_wconf 83' lang='grc' dir='ltr'><strong>τὸν</strong></span> <span class='ocrx_word' id='word_1_738' title='bbox 2879 4775 3099 4834; x_wconf 77' lang='grc' dir='ltr'>Παῦλον</span> <span class='ocrx_word' id='word_1_739' title='bbox 3142 4775 3346 4853; x_wconf 76' lang='grc' dir='ltr'>ἔλεγεν.</span> <span class='ocrx_word' id='word_1_740' title='bbox 3379 4779 3436 4833; x_wconf 77' lang='lat'><strong>&#39;0</strong></span> <span class='ocrx_word' id='word_1_741' title='bbox 3485 4775 3531 4832; x_wconf 86' lang='grc' dir='ltr'>δ’</span> <span class='ocrx_word' id='word_1_742' title='bbox 3577 4778 3828 4852; x_wconf 79' lang='grc' dir='ltr'>ἀπηξίου,</span> 
     </span>
    </p>
   </div>
   <div class='ocr_carea' id='block_1_105' title="bbox 2181 4866 3832 4947">
    <p class='ocr_par' dir='ltr' id='par_1_105' title="bbox 2181 4866 3832 4947">
     <span class='ocr_line' id='line_1_105' title="bbox 2181 4866 3832 4947; baseline -0.002 -21"><span class='ocrx_word' id='word_1_743' title='bbox 2181 4869 2270 4926; x_wconf 78' lang='grc' dir='ltr'>ἐπὶ</span> <span class='ocrx_word' id='word_1_744' title='bbox 2325 4871 2406 4941; x_wconf 76' lang='grc' dir='ltr'>τῷ</span> <span class='ocrx_word' id='word_1_745' title='bbox 2463 4866 2730 4942; x_wconf 85' lang='grc' dir='ltr'>Καίσαρος</span> <span class='ocrx_word' id='word_1_746' title='bbox 2793 4868 3002 4947; x_wconf 75' lang='grc' dir='ltr'>βήματι</span> <span class='ocrx_word' id='word_1_747' title='bbox 3059 4869 3391 4941; x_wconf 80' lang='grc' dir='ltr'>παρεστᾶναι</span> <span class='ocrx_word' id='word_1_748' title='bbox 3439 4868 3832 4947; x_wconf 78' lang='grc' dir='ltr'>φάσκων.Ἐν-</span> 
     </span>
    </p>
   </div>
   <div class='ocr_carea' id='block_1_106' title="bbox 2183 4943 3830 5036">
    <p class='ocr_par' dir='ltr' id='par_1_106' title="bbox 2183 4943 3830 5036">
     <span class='ocr_line' id='line_1_106' title="bbox 2183 4943 3830 5036; baseline 0 -20"><span class='ocrx_word' id='word_1_749' title='bbox 2183 4961 2268 5016; x_wconf 87' lang='grc' dir='ltr'><strong>θεν</strong></span> <span class='ocrx_word' id='word_1_750' title='bbox 2329 4954 2511 5030; x_wconf 81' lang='grc' dir='ltr'>οὐδενὶ</span> <span class='ocrx_word' id='word_1_751' title='bbox 2565 4955 2735 5028; x_wconf 76' lang='grc' dir='ltr'>ἔξεστι</span> <span class='ocrx_word' id='word_1_752' title='bbox 2793 4943 3040 5036; x_wconf 59' lang='grc' dir='ltr'>χαρίζειν</span> <span class='ocrx_word' id='word_1_753' title='bbox 3104 4955 3391 5020; x_wconf 87' lang='grc' dir='ltr'>Ἰουδαίοις</span> <span class='ocrx_word' id='word_1_754' title='bbox 3437 4943 3608 5026; x_wconf 61' lang='grc' dir='ltr'>ἄνδρα</span> <span class='ocrx_word' id='word_1_755' title='bbox 3657 4958 3830 5016; x_wconf 62' lang='lat' dir='ltr'><strong>ist-.m-</strong></span> 
     </span>
    </p>
   </div>
   <div class='ocr_carea' id='block_1_107' title="bbox 2184 5047 3830 5128">
    <p class='ocr_par' dir='ltr' id='par_1_107' title="bbox 2184 5047 3830 5128">
     <span class='ocr_line' id='line_1_107' title="bbox 2184 5047 3830 5128; baseline -0.003 -22"><span class='ocrx_word' id='word_1_756' title='bbox 2184 5047 2451 5122; x_wconf 78' lang='grc' dir='ltr'>λούμενον</span> <span class='ocrx_word' id='word_1_757' title='bbox 2513 5049 2777 5122; x_wconf 84' lang='grc' dir='ltr'>Καίσαρα.</span> <span class='ocrx_word' id='word_1_758' title='bbox 2836 5047 2990 5104; x_wconf 73' lang='grc' dir='ltr'>Οὕτω</span> <span class='ocrx_word' id='word_1_759' title='bbox 3043 5052 3140 5103; x_wconf 88' lang='grc' dir='ltr'><strong>τοῦ</strong></span> <span class='ocrx_word' id='word_1_760' title='bbox 3191 5047 3413 5104; x_wconf 80' lang='grc' dir='ltr'>Παύλου</span> <span class='ocrx_word' id='word_1_761' title='bbox 3457 5049 3632 5128; x_wconf 77' lang='grc' dir='ltr'>τέχνῃ</span> <span class='ocrx_word' id='word_1_762' title='bbox 3677 5071 3830 5106; x_wconf 73' lang='grc' dir='ltr'>κατα-</span> 
     </span>
    </p>
   </div>
   <div class='ocr_carea' id='block_1_108' title="bbox 2185 5135 3826 5214">
    <p class='ocr_par' dir='ltr' id='par_1_108' title="bbox 2185 5135 3826 5214">
     <span class='ocr_line' id='line_1_108' title="bbox 2185 5135 3826 5214; baseline 0 -20"><span class='ocrx_word' id='word_1_763' title='bbox 2185 5139 2413 5214; x_wconf 85' lang='grc' dir='ltr'>σχόντος</span> <span class='ocrx_word' id='word_1_764' title='bbox 2481 5137 2572 5193; x_wconf 86' lang='grc' dir='ltr'>τὸν</span> <span class='ocrx_word' id='word_1_765' title='bbox 2620 5143 2866 5207; x_wconf 81' lang='grc' dir='ltr'>Φῆστον,</span> <span class='ocrx_word' id='word_1_766' title='bbox 2927 5135 3126 5202; x_wconf 78' lang='grc' dir='ltr'>ἐκεῖνος</span> <span class='ocrx_word' id='word_1_767' title='bbox 3179 5137 3361 5213; x_wconf 81' lang='grc' dir='ltr'>σκέψει</span> <span class='ocrx_word' id='word_1_768' title='bbox 3429 5135 3556 5200; x_wconf 80' lang='grc' dir='ltr'>δοὺς</span> <span class='ocrx_word' id='word_1_769' title='bbox 3613 5140 3682 5194; x_wconf 75' lang='grc' dir='ltr'><strong>τὰ</strong></span> <span class='ocrx_word' id='word_1_770' title='bbox 3737 5145 3826 5195; x_wconf 83' lang='grc' dir='ltr'><strong>τοῦ</strong></span> 
     </span>
    </p>
   </div>
   <div class='ocr_carea' id='block_1_109' title="bbox 2183 5226 3825 5306">
    <p class='ocr_par' dir='ltr' id='par_1_109' title="bbox 2183 5226 3825 5306">
     <span class='ocr_line' id='line_1_109' title="bbox 2183 5226 3825 5306; baseline -0.001 -21"><span class='ocrx_word' id='word_1_771' title='bbox 2183 5228 2524 5306; x_wconf 82' lang='grc' dir='ltr'>πράγματος,</span> <span class='ocrx_word' id='word_1_772' title='bbox 2609 5227 2872 5303; x_wconf 87' lang='grc' dir='ltr'>Καίσαρα,</span> <span class='ocrx_word' id='word_1_773' title='bbox 2953 5227 3140 5306; x_wconf 78' lang='grc' dir='ltr'>φησὶν,</span> <span class='ocrx_word' id='word_1_774' title='bbox 3225 5226 3585 5299; x_wconf 77' lang='grc' dir='ltr'>ἐπικέκλησαι</span> <span class='ocrx_word' id='word_1_775' title='bbox 3621 5248 3635 5262; x_wconf 80' lang='grc'><em>’</em></span> <span class='ocrx_word' id='word_1_776' title='bbox 3697 5230 3825 5306; x_wconf 76' lang='grc' dir='ltr'>πρὸς</span> 
     </span>
    </p>
   </div>
   <div class='ocr_carea' id='block_1_110' title="bbox 2184 5318 2712 5396">
    <p class='ocr_par' dir='ltr' id='par_1_110' title="bbox 2184 5318 2712 5396">
     <span class='ocr_line' id='line_1_110' title="bbox 2184 5318 2712 5396; baseline 0 -20"><span class='ocrx_word' id='word_1_777' title='bbox 2184 5319 2424 5395; x_wconf 85' lang='grc' dir='ltr'>Καίσαρα</span> <span class='ocrx_word' id='word_1_778' title='bbox 2451 5318 2712 5396; x_wconf 75' lang='grc' dir='ltr'>πορεύσῃ.</span> 
     </span>
    </p>
   </div>
   <div class='ocr_carea' id='block_1_111' title="bbox 428 5411 3830 5522">
    <p class='ocr_par' dir='ltr' id='par_1_111' title="bbox 428 5411 3830 5522">
     <span class='ocr_line' id='line_1_111' title="bbox 428 5411 3830 5522; baseline 0.002 -57"><span class='ocrx_word' id='word_1_779' title='bbox 428 5411 776 5522; x_wconf 61' lang='lat' dir='ltr'><strong>:trinxisset,</strong></span> <span class='ocrx_word' id='word_1_780' title='bbox 829 5414 926 5473; x_wconf 88' lang='lat' dir='ltr'><strong>ille</strong></span> <span class='ocrx_word' id='word_1_781' title='bbox 981 5430 1042 5474; x_wconf 89' lang='lat' dir='ltr'><strong>re</strong></span> <span class='ocrx_word' id='word_1_782' title='bbox 1091 5415 1152 5474; x_wconf 88' lang='lat' dir='ltr'><strong>in</strong></span> <span class='ocrx_word' id='word_1_783' title='bbox 1211 5415 1517 5476; x_wconf 77' lang='lat' dir='ltr'><strong>consilium</strong></span> <span class='ocrx_word' id='word_1_784' title='bbox 1569 5415 1752 5476; x_wconf 86' lang='lat' dir='ltr'><strong>relata</strong></span> <span class='ocrx_word' id='word_1_785' title='bbox 1799 5419 1970 5522; x_wconf 61' lang='lat' dir='ltr'><strong>atque</strong></span> <span class='ocrx_word' id='word_1_786' title='bbox 2023 5413 2366 5484; x_wconf 87' lang='lat' dir='ltr'><strong>deliberata,</strong></span> <span class='ocrx_word' id='word_1_787' title='bbox 2415 5413 2678 5482; x_wconf 85' lang='lat' dir='ltr'><strong>tandem,</strong></span> <span class='ocrx_word' id='word_1_788' title='bbox 2727 5411 3038 5486; x_wconf 67' lang='lat' dir='ltr'><strong>Gesarem,</strong></span> <span class='ocrx_word' id='word_1_789' title='bbox 3095 5413 3309 5485; x_wconf 87' lang='lat' dir='ltr'><strong>inquit,</strong></span> <span class='ocrx_word' id='word_1_790' title='bbox 3367 5411 3708 5488; x_wconf 86' lang='lat' dir='ltr'><strong>appellasti,</strong></span> <span class='ocrx_word' id='word_1_791' title='bbox 3761 5413 3830 5471; x_wconf 85' lang='lat' dir='ltr'><strong>ad</strong></span> 
     </span>
    </p>
   </div>
   <div class='ocr_carea' id='block_1_112' title="bbox 429 5498 876 5565">
    <p class='ocr_par' dir='ltr' id='par_1_112' title="bbox 429 5498 876 5565">
     <span class='ocr_line' id='line_1_112' title="bbox 429 5498 876 5565; baseline 0.02 -9"><span class='ocrx_word' id='word_1_792' title='bbox 429 5498 710 5564; x_wconf 62' lang='lat' dir='ltr'><strong>Caesarem</strong></span> <span class='ocrx_word' id='word_1_793' title='bbox 739 5505 876 5565; x_wconf 77' lang='lat' dir='ltr'><strong>ibis.</strong></span> 
     </span>
    </p>
   </div>
  </div>
