4084 6208
261 401 382 468 833

912 533 1166 588 ΚΕΦΔΛ.
1200 535 1278 590 Λ’.

1281 363 1904 461 EGCLESIASTICAJ
1943 393 2344 458 msroaus
2385 396 2536 460 LIB.
2583 396 2658 460 ιι.

1945 533 1998 602 A

3551 403 3672 467 834

2630 531 2862 590 CAPUT
2900 533 3064 592 XXX.

264 625 426 704 Περί
465 619 805 718 Ἀγρίπποξ
851 621 958 678 καὶ
1013 618 1365 718 Βερνίκης,
1409 621 1695 718 gains-ﬁl;
1752 619 1916 698 πρὸς

2055 621 2101 680 le
2130 621 2372 698 Agrippa
2417 627 2470 681 et
2518 625 2778 718 Berenice
2805 643 2824 718 ς
2851 630 2904 683 et
2925 625 3304 718 defendens,
3335 644 3501 702 quam
3527 633 3676 707 apud

485 692 729 760 αὖτοὺς
777 692 1211 770 δημηγορίας
1255 698 1370 751 τοῦ
1409 692 1701 752 Παύλου.

341 805 466 864 Ἐπὶ
523 803 742 868 τούτοις
785 800 1095 879 Ἀγρίππας
1144 801 1172 858 ὁ
1230 801 1503 878 βασιλεὺς,
1539 801 1748 876 σύναμα
1787 807 1918 877 Bap-

267 895 396 971 νίκῃ
467 897 538 970 τῇ
612 892 847 972 γυναικὶ,
905 891 983 955 εἰς
1057 892 1382 968 Καισάρειαν
1460 891 1720 967 ἀφίκοντο
1783 891 1921 965 πρὸς

271 991 514 1056 Φῆστον.
549 977 854 1057 Διατριϐῆς
903 980 952 1036 δ’
980 979 1061 1060 ἐφ’
1097 980 1304 1058 ἡμέρας
1335 979 1552 1044 πολλὰς
1600 979 1772 1036 ἐκεῖσε
1818 1001 1920 1058 γε-

269 1072 609 1151 γενημένης,
639 1077 855 1142 Φῆστος
882 1072 951 1128 τὰ
995 1071 1132 1127 κατὰ
1178 1071 1272 1126 τὸν
1305 1069 1521 1144 Παῦλον
1571 1073 1653 1143 τῷ
1705 1067 1924 1146 βασιλεῖ

275 1163 526 1220 ἀνεῖπεν
577 1159 728 1224 ὅπως
777 1157 1000 1234 δέσμιος
1054 1159 1158 1216 ὑπὸ
1207 1157 1459 1232 Φήλικος
1517 1157 1919 1233 καταληφθείη,

273 1251 368 1308 καὶ
419 1251 494 1314 ὡς
545 1247 701 1322 δίκην
755 1249 872 1306 κατ’
929 1249 1098 1305 αὐτοῦ
1145 1248 1479 1324 αἰτουμένων
1527 1251 1634 1304 τῶν
1679 1242 1924 1323 πρεσϐυ-

273 1343 448 1417 τέρων
479 1341 574 1397 καὶ
603 1340 924 1416 ἀρχιερέων,
959 1337 1046 1395 ἐπὶ
1083 1340 1148 1396 τὸ
1181 1340 1334 1414 βῆμα
1371 1339 1463 1396 τὸν
1504 1335 1670 1416 ἄνδρα
1713 1339 1922 1416 ἤγαγον

276 1436 386 1488 τῶν
423 1431 746 1508 κατηγόρων
795 1427 1118 1504 παρόντωνο
1172 1427 1444 1503 μηδεμιᾶς
1492 1427 1540 1484 δ’
1585 1427 1761 1493 αἰτίας
1801 1429 1924 1485 τάν-

281 1517 370 1596 δρί
415 1519 700 1600 φανείσης,
736 1517 810 1584 ὥς
855 1539 917 1586 γε
957 1517 1204 1574 ὑπονοεῖν
1250 1518 1341 1590 ἦν,
1372 1519 1509 1595 πρός
1559 1539 1622 1596 γε
1674 1519 1782 1592 μὴν
1830 1517 1924 1573 αὐ·-

279 1610 393 1680 τόν,
440 1608 730 1682 ζητήματά
772 1627 895 1664 τινα
934 1604 1246 1684 προύτεινον
1293 1608 1417 1682 περὶ
1464 1615 1564 1678 τῆς
1615 1611 1762 1687 σφῶν
1812 1604 1926 1664 δει-

285 1697 650 1772 σιδαιμονίας,
697 1698 790 1753 καὶ
860 1697 982 1772 περὶ
1036 1718 1184 1760 τινος
1230 1697 1414 1768 Ἰησοῦ
1455 1697 1817 1766 τεθνηκότος·
1868 1697 1926 1754 ’ὸν

286 1789 513 1870 ἔφασκεν
547 1789 574 1844 ὁ
605 1787 826 1850 Παῦλος
859 1790 979 1860 ζῇν.
1011 1787 1182 1860 Ἐμοῦ
1223 1785 1269 1842 δ’
1299 1785 1354 1842 ἒν
1401 1785 1603 1860 ἀπορίᾳ
1649 1789 1929 1843 καθεστῶ-

2559 713 2649 755 eos
2678 698 2886 755 Paulus
2918 699 3129 756 habuit.

2101 803 2326 861 Interea
2367 804 2621 878 Agrippa
2667 822 2784 876 rex,
2836 823 2954 864 una
2983 824 3117 865 cum
3159 809 3399 868 Bernice
3428 814 3677 889 conjuge

2029 893 2344 952 Caesaream
2375 893 2448 951 ad
2479 895 2710 952 Festum
2751 896 2927 954 venit.
2969 899 3157 970 Atque
3200 898 3280 956 ibi
3309 915 3444 959 cum
3476 901 3674 975 plures

2030 979 2158 1042 dies
2191 989 2541 1057 moraretur,
2573 987 2783 1045 Festus
2812 1003 3052 1044 causam
3085 987 3248 1047 Pauli
3270 992 3390 1064 regi
3419 996 3676 1066 exponit,

2029 1078 2096 1131 ut
2125 1073 2350 1131 scilicet
2379 1075 2430 1132 is
2457 1075 2686 1133 vinctus
2719 1093 2754 1134 a
2782 1077 2970 1134 Felice
3011 1077 3246 1136 relictus
3293 1081 3486 1152 fuerit,
3529 1087 3588 1142 et
3617 1093 3679 1142 ut

2030 1164 2368 1237 praesbyteri
2399 1168 2454 1222 et
2502 1167 2828 1238 pontiﬁces,
2873 1167 3126 1224 ofﬁcium
3153 1169 3375 1240 judicia
3403 1173 3678 1233 adversus

2031 1268 2166 1310 eum
2197 1253 2610 1326 implorarint:
2641 1259 2704 1312 ut
2732 1257 2984 1330 denique
3021 1273 3124 1330 pro
3175 1258 3458 1316 tribunali
3489 1261 3679 1320 homi-

2033 1359 2166 1400 nem
2200 1345 2640 1402 accusatoribus
2671 1347 3056 1418 praesentibus
3079 1348 3366 1420 statuerit,
3393 1354 3567 1424 atque
3597 1352 3682 1410 ibi

2034 1430 2179 1488 nihil
2211 1431 2476 1490 criminis
2524 1433 2584 1490 in
2633 1451 2752 1504 reo,
2803 1439 3086 1509 quantum
3118 1439 3400 1509 suspicari
3428 1438 3678 1511 licuerit,

2035 1525 2396 1594 compertum
2431 1523 2526 1594 sit,
2561 1527 2944 1596 praeterquam
2977 1527 3131 1597 quod
3155 1527 3508 1600 quaestiones
3535 1547 3688 1602 qua:-

2035 1609 2172 1666 dam
2206 1610 2277 1667 de
2310 1613 2728 1684 superstitione
2759 1614 3044 1685 ipsorum,
3069 1619 3125 1672 et
3154 1616 3225 1672 de
3255 1619 3509 1687 quodam
3537 1619 3682 1679 Jesu

2036 1697 2334 1766 defuncto,
2370 1715 2542 1772 quem
2577 1699 2788 1757 Paulus
2825 1701 3015 1758 vivere
3063 1709 3370 1772 assereret,
3400 1707 3472 1763 ab
3503 1723 3684 1768 accu-

2037 1787 2333 1844 satoribus
2361 1787 2414 1844 ei
2445 1789 2852 1859 obiicerentur.
2895 1791 2961 1848 Et
2994 1808 3129 1848 cum
3168 1793 3294 1866 ipse
3323 1795 3540 1854 dubius
3579 1815 3683 1856 an-

282 1901 379 1944 τος
433 1878 568 1954 πρὸς
613 1879 713 1948 τήν
760 1875 970 1932 τούτων
1013 1873 1304 1952 διάκρισιν,
1355 1877 1384 1932 ὁ
1437 1875 1656 1940 Παῦλος
1699 1877 1797 1947 τήν
1829 1881 1927 1933 τοῦ

287 1968 389 1980 _.
611 1963 690 1980 ..
967 1965 982 1980 ς
1100 1963 1173 1980 ,ς
1310 1964 1754 1980 ..-.....

2055 1891 2298 1980 cepsque
2325 1877 2396 1932 de
2419 1877 2644 1949 judicio
2677 1878 2788 1936 hoc
2813 1897 3025 1951 essem,
3047 1883 3267 1941 Paulus
3297 1884 3369 1940 ad
3401 1887 3684 1958 cognitio-

287 1968 552 2043 Καίσαρος
609 1963 898 2045 διάγνωσιν
964 1963 1341 2038 ἐπικέκληται.
1403 1969 1462 2024 '0
1507 1964 1556 2022 δ’
1603 1966 1930 2043 Ἀγρίππας,

283 2053 666 2132 Ἦϐουλόμην,
722 2049 849 2130 ἔφη,
879 2055 970 2110 καὶ
1026 2054 1186 2116 αὐτὸς
1242 2049 1467 2130 τάνδρὸς
1523 2055 1788 2111 ἀκοῦσαι⁹
1836 2053 1932 2111 καί

289 2149 318 2204 ὁ
349 2153 590 2218 Φῆστος,
612 2147 701 2209 Ἐς
731 2142 944 2221 αὔριον,
974 2142 1145 2223 ἔλεγε.
1179 2143 1327 2202 Μετὰ
1358 2142 1520 2217 δόξης
1563 2141 1609 2201 δ’
1641 2144 1726 2201 ὅτι
1770 2142 1930 2201 πλεί-

288 2258 422 2308 στης
497 2237 589 2292 σὺν
657 2234 885 2310 Βερνίκῃ
964 2237 1078 2308 ἅμα
1159 2229 1232 2308 ἕῳ
1292 2233 1594 2312 Ἀγρίππας
1675 2230 1930 2310 μέγιστον

288 2327 664 2403 συγκροτήσας
713 2325 1100 2400 ἀκροατήριον,
1159 2326 1452 2398 συμπαρῆν
1507 2320 1563 2379 δὲ
1617 2322 1708 2378 καὶ
1746 2323 1934 2379 τούπί-

295 2437 472 2492 σημον
519 2416 654 2472 ἅπαν
701 2415 800 2484 τῆς
849 2411 1089 2482 πόλεως,
1121 2415 1342 2484 Φήστου
1390 2411 1762 2484 κελεύσαντος,
1801 2411 1934 2490 ἆγε-

291 2529 384 2564 ται
414 2505 632 2570 Παῦλος
661 2501 884 2578 δεσμοῖς
916 2501 1205 2582 ἐχόμενος.
1240 2501 1338 2558 Καὶ
1367 2507 1468 2559 τυῦ
1511 2501 1680 2577 λόγου
1712 2510 1930 2574 Φῆστος

291 2599 510 2671 ἡγεῖτο,
560 2594 834 2670 Ἀγρίππα
885 2589 1135 2668 βασιλεῦ,
1181 2589 1378 2668 λέγων,
1430 2592 1520 2648 καὶ
1581 2593 1632 2648 οἳ
1673 2590 1936 2666 συμπλη-

292 2689 455 2758 ροῦτε
481 2686 571 2740 τὸν
601 2682 894 2759 σύλλογον,
928 2683 1108 2753 οὗτος,
1141 2682 1264 2757 περὶ
1296 2683 1358 2738 οὗ
1401 2703 1496 2756 μοι
1539 2682 1602 2738 τὸ
1650 2682 1760 2737 τῶν
1793 2683 1934 2738 Ἰου-

295 2774 460 2833 δαίων
506 2774 722 2845 πλῆθος
771 2771 1016 2849 ἐντυχὸν,
1065 2765 1300 2846 θορύϐου
1351 2769 1585 2846 πλήρεις
1643 2772 1802 2844 ἦσαν,
1858 2773 1934 2844 μὴ

297 2864 408 2923 δεῖν
456 2865 615 2920 αὐτὸν
675 2867 770 2938 ζῇν
832 2863 1010 2938 ἁπάσῃ
1059 2860 1226 2938 τέχνῃ
1259 2859 1670 2937 διατεινάμενοι.
1707 2861 1850 2936 Ἐγὼ
1881 2857 1939 2916 δὲ

301 2955 470 3030 μηδέν
531 2976 583 3010 τι
639 2952 800 3009 αὐτὸν
857 2948 1000 3024 ἄξιον
1062 2949 1292 3006 θανάτου
1339 2951 1533 3027 πρᾶξαι
1586 2945 1936 3021 καταλαϐὼν,

298 3047 388 3102 καὶ
429 3043 597 3100 αὐτοῦ
645 3040 704 3098 δὲ
747 3043 846 3114 τήν
891 3043 987 3097 τοῦ
1025 3035 1303 3097 Σεϐαστοῦ
1351 3038 1618 3116 ἐπίκρισιν
1671 3039 1939 3098 ἐκκαλου-

305 3133 493 3210 μένου,
527 3132 638 3188 ἐκεῖ
692 3134 904 3208 πέμψαι
953 3129 1112 3186 αὐτὸν
1159 3127 1269 3186 δεῖν
1315 3130 1571 3206 ἥγημαιο
1609 3127 1739 3205 μηδ’
1770 3131 1940 3210 ἀσφα-

304 3223 437 3288 λοῦς
487 3221 532 3279 δ’
581 3221 796 3284 ἐνόντος
841 3223 1084 3300 γράφειν,
1115 3219 1205 3276 ἐπὶ
1233 3221 1334 3290 τήν
1367 3222 1466 3292 σήν
1498 3222 1808 3298 προήγαγον
1857 3216 1940 3275 δί-

2044 1979 2176 2020 nem
2220 1963 2459 2022 Caesaris
2506 1969 2851 2038 provocavit.
2903 1969 3006 2026 Hic
3043 1971 3344 2044 Agrippa:
3377 1973 3681 2048 Pervelim,

2038 2053 2250 2126 inquit,
2283 2063 2337 2111 et
2379 2054 2504 2127 ipse
2533 2055 2722 2112 virum
2753 2057 2992 2127 audire;
3033 2064 3089 2116 et
3122 2061 3324 2118 Festus
3356 2079 3370 2119 :
3405 2063 3544 2121 Cras
3575 2082 3689 2122 au-

2041 2141 2185 2210 dies,
2217 2141 2320 2199 ait.
2353 2142 2550 2215 Itaque
2581 2143 2838 2202 maximo
2869 2162 3006 2203 cum
3037 2153 3319 2222 apparatu
3343 2152 3526 2222 prima
3557 2153 3688 2211 luce

2041 2231 2296 2305 Agrippa
2352 2249 2486 2289 cum
2535 2233 2774 2292 Bernice
2825 2237 3098 2308 frequens
3141 2245 3419 2298 convocat
3456 2243 3684 2302 audito-

2040 2321 2221 2379 rium.
2251 2322 2321 2378 Et
2349 2323 2590 2380 aderant
2623 2321 2701 2380 ibi
2732 2325 2932 2394 etiam,
2965 2327 3116 2383 Festi
3135 2327 3329 2398 jussu,
3352 2331 3688 2406 quicunque

2042 2409 2102 2466 in
2133 2427 2198 2467 ea
2228 2409 2372 2467 urbe
2402 2413 2562 2468 fuere
2613 2413 2719 2468 viri
2766 2413 2930 2470 clari.
2977 2417 3175 2487 Itaque
3219 2417 3429 2476 Paulus
3459 2421 3688 2481 vinctus

2041 2499 2371 2556 adducitur.
2429 2501 2574 2557 Tum
2631 2501 2710 2558 ibi
2770 2502 2970 2560 Festus
3019 2520 3349 2564 sermonem
3395 2524 3682 2568 exorsus:

2041 2587 2298 2661 Agrippa
2346 2604 2467 2660 rex,
2516 2592 2574 2646 et
2619 2590 2954 2664 quicunque
3002 2593 3061 2650 in
3117 2602 3400 2654 conventu
3433 2597 3541 2656 hoc
3587 2601 3686 2657 ad-

2043 2678 2206 2746 estis,
2237 2677 2448 2749 inquit,
2483 2679 2574 2736 hic
2603 2679 2703 2736 ille
2751 2685 2860 2752 est,
2903 2698 3075 2755 quem
3112 2685 3451 2744 Judasorum
3482 2689 3686 2747 multi-

2045 2768 2210 2836 tudo,
2243 2766 2502 2824 tumultu
2551 2769 2775 2842 ingenti
2818 2773 3121 2841 concitato,
3154 2775 3226 2832 ad
3266 2792 3360 2834 me
3388 2779 3628 2837 veniens
3657 2796 3689 2837 ο

2045 2855 2190 2914 vivis
2241 2855 2559 2914 tollendum
2615 2875 2746 2916 esse
2791 2862 3070 2920 omnibus
3124 2865 3313 2922 modis
3367 2869 3688 2926 contendit.

2048 2945 2202 3002 188
2233 2947 2348 3020 Ego
2375 2963 2530 3023 vero,
2561 2963 2696 3005 cum
2729 2949 2875 3006 nihil
2905 2969 3036 3010 eum
3061 2959 3246 3011 morte
3267 2956 3512 3030 dignum
3537 2975 3697 3016 com-

2050 3037 2285 3093 misisse
2315 3037 2849 3110 animadverterim,
2881 3046 2938 3098 et
2972 3042 3098 3116 ipse
3121 3045 3410 3116 judicium
3440 3049 3692 3122 Augusti

2051 3125 2448 3198 appellaverit,
2471 3141 2536 3184 eo
2561 3127 2914 3186 mittendum
2941 3147 3070 3189 esse
3101 3135 3262 3191 duxi.
3281 3135 3424 3194 Cum
3447 3153 3580 3194 vero
3603 3139 3698 3196 ni-

2050 3214 2133 3272 hil
2164 3216 2328 3282 certi,
2351 3217 2506 3289 quod
2528 3217 2600 3272 de
2625 3233 2690 3275 eo
2717 3219 2993 3284 scribam,
3024 3220 3295 3291 habeam,
3319 3226 3694 3298 adjudicium

302 3336 430 3387 κην,
463 3311 585 3386 ἅναξ
625 3287 930 3388 Ἀγρίπτέόυ
960 3287 1082 3374 ’ὡς’
1113 3307 1196 3382 ἂν,
1247 3287 1673 3388 δι-αγνωσθείσης
1713 3287 1814 3381 τῆς
1863 3307 1943 3364 δίο

2058 3313 2220 3362 tuum
2243 3287 2385 3360 eum
2409 3305 2676 3375 produxi,
2709 3324 2808 3364 rex
2836 3309 3130 3382 Agrippa:
3162 3321 3223 3369 ut
3253 3287 3427 3371 causa
3448 3315 3700 3388 cognita,

305 3425 433 3476 κης,
491 3401 610 3484 ἔχω
683 3423 734 3458 τι
806 3398 1178 3477 παραδηλοῦν.
1240 3401 1342 3458 Καὶ
1415 3403 1516 3478 γὰρ
1593 3397 1788 3480 ἔμοιγε
1820 3403 1950 3456 ιτῶν

309 3492 532 3551 ἆτόπωο
581 3490 749 3560 δοκεῖ,
783 3487 1003 3564 δέσμιον
1054 3488 1362 3564 πέμποντα,
1389 3492 1466 3565 μὴ
1515 3491 1605 3547 καὶ
1645 3491 1742 3554 τὰς
1776 3487 1949 3554 αἰτίας

310 3580 597 3657 σημαίνειν
633 3578 838 3636 ἐθέλειν
866 3583 968 3646 τῆς
1017 3576 1196 3650 δίκης.
1231 3579 1539 3656 Ἀγρίππας
1591 3577 1648 3636 δὲ
1693 3580 1772 3652 τῷ
1807 3579 1950 3636 Παύ-

309 3671 396 3745 λῳ
442 3667 566 3750 ἔφη,
602 3670 838 3748 Ἐιρεῑται
884 3667 969 3725 σοί
1029 3669 1161 3745 ὑπὲρ
1201 3674 1428 3724 σεαυτοῦ
1459 3668 1492 3724 ἃ
1523 3667 1714 3746 βούλει
1761 3665 1952 3739 διεξιέ-

309 3782 396 3818 ναι
421 3778 437 3794 ο
473 3759 729 3831 συνηθείᾳ
764 3755 822 3816 δέ
867 3780 974 3814 τινι
1014 3759 1042 3814 ὁ
1085 3756 1303 3822 Παῦλος
1331 3758 1462 3822 ἴσως
1505 3759 1820 3834 χρώμενος,
1850 3761 1949 3830 τὴν

313 3857 476 3928 χεῖρα
525 3848 778 3921 ἐκτείνας,
836 3843 988 3926 ἔλεγε
1039 3846 1265 3906 τοιάδε·
1322 3855 1548 3924 Πρῶτον
1607 3848 1768 3928 σοφίᾳ
1821 3848 1954 3922 τινὶ,

313 3942 389 4004 ὡς
420 3939 630 3996 δίκαιον
658 3937 844 4016 ἄνδρα,
879 3937 1017 4014 ἴδριν
1051 3937 1109 3995 δὲ
1147 3943 1255 3996 τῶν
1303 3937 1444 3996 κατά
1473 3935 1773 4002 Ἰουδαίους
1822 3935 1955 3993 ἐθῶν

309 4052 370 4087 τε
398 4031 489 4086 καὶ
521 4028 848 4104 ζητημάτων
897 4029 990 4084 τὸν
1019 4030 1318 4107 Ἀγρίππαν
1371 4028 1604 4084 ἐπαινῶν
1655 4027 1754 4084 οὐκ
1797 4027 1954 4102 ἀνίει,

311 4117 611 4192 εὐδαίμονά
665 4139 722 4174 τε
767 4118 951 4175 ἑαυτὸν
1003 4118 1278 4193 οἰόμενος,
1309 4119 1396 4182 οἷς
1449 4116 1689 4194 ἀκροατῇ
1735 4115 1955 4194 περιτύ-

313 4231 412 4290 χοι
441 4207 678 4281 τοιούτῳ
705 4225 721 4242 '
755 4207 898 4264 οὕτω
939 4206 1004 4279 δὴ
1059 4209 1562 4284 προοιμιασάμενος
1608 4206 1676 4262 τὰ
1722 4207 1839 4262 κατ’
1867 4205 1958 4262 αύ-

311 4301 406 4355 τὸν
441 4295 662 4372 διεξῄει,
693 4299 800 4370 Τήν
835 4299 929 4372 μὶν
962 4295 1023 4354 ἐκ
1071 4298 1194 4353 νέου
1245 4317 1372 4372 μου,
1406 4295 1602 4375 λέγων,
1633 4297 1842 4376 τροφὴν
1891 4295 1960 4351 εῖ-

314 4408 404 4444 ναι
458 4387 596 4443 κατά
649 4387 748 4456 τήν
809 4381 1008 4462 ἀκριϐῆ
1065 4385 1156 4442 καὶ
1212 4387 1440 4462 πάτριον
1497 4389 1604 4441 τῶν
1645 4383 1958 4461 Φαρισαίων

317 4475 528 4553 αἵρεσιν
553 4494 567 4510 ο
616 4475 706 4530 καὶ
753 4477 841 4531 νῦν
899 4471 948 4530 δ’
989 4475 1202 4530 ἑστάναι
1232 4475 1338 4552 πρὸ
1367 4475 1616 4550 βήματος
1648 4475 1724 4549 μή
1757 4471 1826 4530 δι’
1857 4471 1961 4529 ἄλ-

319 4567 428 4638 λην
486 4564 662 4622 αἰτίαν
691 4565 727 4636 ἢ
760 4564 842 4622 δτι
902 4565 1076 4641 λέγων
1126 4565 1240 4640 εἰμί
1291 4564 1574 4621 ἀνάστασιν
1604 4569 1808 4640 νεκρῶν
1840 4559 1963 4619 ἔσε-

2057 3393 2290 3476 tandem
2340 3393 2612 3462 habeam,
2662 3395 2801 3468 quid
2860 3399 2932 3455 de
2975 3416 3040 3456 eo
3091 3399 3302 3458 Caesari
3351 3403 3698 3476 signiﬁcem.

2057 3471 2387 3540 Admodum
2437 3485 2590 3540 enim
2621 3485 2943 3544 absurdum
2979 3489 3118 3546 mibi
3158 3471 3702 3560 videtur,—vinctum

2059 3587 2413 3646 quamquam
2447 3573 2702 3644 mittere,
2733 3579 2790 3630 et
2822 3593 2938 3633 non
2971 3578 3150 3634 simul
3183 3596 3416 3636 causam
3445 3581 3705 3639 vinculo-

2060 3677 2192 3716 rum
2225 3661 2479 3717 indicare
2505 3661 2672 3718 velle.
2703 3663 2850 3720 Tum
2882 3667 3140 3740 Agrippa
3163 3669 3233 3724 ad
3256 3667 3501 3724 Paulum
3531 3687 3544 3725 :
3569 3670 3704 3728 Per-

2061 3749 2318 3806 mittitur
2348 3749 2476 3819 tibi,
2507 3751 2722 3823 inquit,
2770 3755 2842 3810 de
2887 3759 2946 3814 te
2993 3757 3122 3830 ipso
3171 3759 3327 3830 quod
3366 3759 3559 3818 visum
3591 3767 3702 3833 est,

2062 3839 2272 3896 dicere.
2311 3839 2397 3896 lbi
2447 3841 2664 3898 Paulus
2695 3843 3118 3902 consuetudine
3150 3847 3392 3904 fortasse
3428 3851 3702 3920 quadam,

2063 3945 2242 3986 manu
2290 3934 2544 3999 extenta,
2593 3932 2768 3988 verba
2815 3933 2967 3991 fecit.
3017 3935 3085 3991 Et
3133 3936 3386 4008 primum
3423 3943 3548 3996 arte
3578 3956 3707 4012 qua-

2064 4022 2197 4078 dam
2229 4021 2544 4094 prudenter
2568 4023 2908 4096 Agrippam,
2941 4029 3006 4082 ut
3051 4027 3244 4084 virum
3285 4029 3542 4100 justum,
3570 4047 3711 4090 oon-

2065 4111 2561 4185 suetudinumque
2585 4117 2642 4170 et
2665 4115 3057 4185 quaestionum
3081 4117 3460 4176 Judaicarum
3483 4122 3716 4196 egregie

2067 4201 2345 4274 peritum,
2377 4200 2618 4259 laudare
2647 4219 2764 4260 non
2795 4205 3012 4262 omisit.
3044 4205 3264 4264 Deinde
3295 4207 3524 4266 felicem
3555 4227 3618 4268 se
3649 4227 3716 4269 eo

2067 4291 2322 4360 nomine,
2351 4293 2504 4364 quod
2537 4293 2596 4350 in
2628 4293 2808 4351 talem
2838 4295 3167 4354 auditorem
3199 4315 3386 4357 causa
3416 4317 3536 4358 sua:
3565 4301 3716 4360 inci-

2068 4381 2270 4451 disset,
2332 4381 2669 4453 judicavit;
2729 4388 2902 4458 atque
2966 4383 3309 4458 hujusmodi
3380 4389 3720 4462 praefatione

2070 4470 2390 4544 praemissa,
2465 4487 2557 4526 res
2642 4487 2780 4528 suas
2854 4489 3147 4546 exponens
3215 4492 3230 4532 :
3315 4477 3402 4534 Ab
3484 4477 3720 4535 ineunte

2071 4563 2257 4630 astate,
2287 4558 2502 4632 inquit,
2537 4563 2806 4617 accurate
2836 4565 2892 4618 et
2921 4562 3230 4636 diligenter
3262 4565 3323 4622 in
3351 4567 3537 4638 patria
3566 4568 3719 4624 Pha-

321 4659 466 4728 σθαι,
515 4657 547 4712 ’ὀ
601 4661 720 4718 τοῖς
769 4655 1003 4732 πατράσι
1051 4655 1224 4712 πάλαι
1271 4655 1404 4711 ποτε
1460 4654 1590 4719 Θεὸς
1647 4651 1942 4729 ἐπηγγείλα

2075 4649 2377 4705 risaaorum
2426 4653 2586 4706 secta
2631 4651 2911 4710 educatus
2969 4657 3028 4710 et
3073 4653 3281 4711 doctus
3330 4671 3482 4713 sum.
3521 4657 3601 4711 Ac
3647 4672 3721 4712 ne

321 4768 404 4804 το.
449 4745 579 4821 Περί
613 4749 797 4817 μέντοι
825 4751 925 4816 τῆς
956 4742 1207 4816 κλήσεως
1244 4745 1430 4816 Ἰησοῦ
1478 4745 1574 4798 τοῦ
1618 4741 1964 4816 Ναζωραίου,

322 4836 432 4912 ἐγὼ
489 4836 586 4911 μὲν
645 4831 866 4892 ἐδόκουν
928 4833 1100 4906 ζῆλαν
1151 4834 1282 4909 ὑπὲρ
1329 4839 1436 4890 τῶν
1488 4831 1731 4907 πατρίων
1781 4831 1967 4905 νόμων

324 4925 536 5001 αὐχῶν,
568 4922 756 4981 πολλὰ
802 4928 911 4980 τῶν
971 4926 1046 5000 μὴ
1098 4922 1283 4980 καλῶν
1337 4921 1765 4998 διαπράξασθαι·
1799 4921 1828 4977 ’ὁ
1877 4921 1970 4976 καὶ

326 5015 525 5089 δράσας
573 5011 801 5096 ὤφθηνο
865 5015 1070 5091 μάρτυς
1135 5018 1280 5070 πᾶσα
1327 5013 1720 5090 Ἰεροσόλυμαο
1771 5011 1858 5068 καί
1909 5033 1972 5090 γε

326 5105 532 5163 πολλοὶ
577 5103 959 5162 κατάκλειστοι
1009 5103 1276 5183 φυλακαῖς
1320 5103 1407 5160 ὑπ’
1449 5101 1584 5176 ἐμοῦ
1631 5101 1972 5178 γεγένηνται,

324 5199 425 5268 τὴν
473 5196 620 5273 παρὰ
665 5199 775 5252 τῶν
824 5193 1012 5270 ἱερέων
1063 5193 1305 5266 ἐξουσίαν
1355 5187 1640 5254 λαϐόντος.
1690 5191 1857 5248 Τόσον
1923 5188 1972 5246 δ’

327 5285 395 5356 ἦν
447 5306 540 5358 μοι
588 5285 651 5340 τὸ
700 5292 799 5358 τῆς
847 5284 1040 5360 μανίας
1071 5281 1282 5358 περιὸν,
1314 5281 1456 5338 ὥστε
1492 5281 1582 5338 καὶ
1613 5280 1690 5344 εἰς
1713 5281 1810 5344 τὰς
1839 5278 1974 5355 πόρ-

329 5377 410 5452 ῥω
457 5375 686 5450 προῄειν
735 5373 954 5448 πόλεις,
987 5371 1200 5430 δίὡκων
1249 5372 1340 5428 καὶ
1375 5373 1547 5429 πάντα
1569 5368 1754 5428 κάλων
1783 5375 1970 5440 κινῶν,

328 5466 392 5522 τὸ
447 5470 548 5521 τοῦ
607 5463 798 5541 λόγου,
848 5463 1158 5539 ἀνατρέπειν
1207 5465 1409 5534 ταύτην
1453 5463 1554 5532 τὴν
1601 5459 1827 5538 α’ίρεσιν.
1874 5461 1972 5516 Καὶ

330 5552 470 5624 δῆτα
527 5554 617 5610 καὶ
676 5553 752 5619 εἰς
807 5553 1091 5630 Δαμασκὸν
1146 5548 1464 5626 ποιουμένῳ
1521 5571 1617 5625 μοι
1670 5551 1772 5621 τήν
1823 5547 1972 5619 ὁδὸν,

329 5643 541 5720 ἡμέρας
587 5645 651 5700 τὸ
703 5641 1077 5723 μεσημϐρινὸν
1128 5640 1458 5718 ἐπεχούσης,
1503 5637 1641 5698 εἶδον
1685 5639 1974 5716 οὐρανόθεν

2079 4753 2235 4794 nunc
2263 4737 2496 4808 quidem
2531 4737 2644 4795 alia
2676 4740 2747 4796 de
2777 4757 2957 4798 causa
2991 4741 3064 4798 ad
3109 4742 3364 4799 tribunal
3399 4749 3510 4812 sto,
3541 4759 3720 4815 quam

2079 4827 2230 4898 quod
2268 4831 2630 4884 mortuorum
2663 4835 3149 4888 resurrectionem
3183 4832 3434 4888 futuram
3466 4847 3594 4892 esse
3619 4833 3722 4890 do-

2079 4931 2201 4985 ceo,
2233 4932 2410 4988 quam
2440 4917 2591 4974 Deus
2620 4917 2760 4974 olim
2793 4919 3062 4976 Patribus
3093 4921 3376 4992 promisit.
3401 4921 3564 4986 Quod
3591 4921 3722 4994 qui-

2080 5007 2212 5062 dem
2255 5006 2327 5062 ad
2371 5021 2582 5064 nomen
2620 5008 2760 5065 Jesu
2810 5009 3089 5068 Nazareni
3137 5011 3406 5082 pertinet,
3445 5011 3630 5070 zelum
3669 5015 3728 5070 et

2081 5093 2480 5153 defensionem
2517 5098 2834 5168 patriarum
2865 5098 3060 5171 legum
3092 5099 3348 5173 spirans,
3382 5102 3569 5160 multa
3598 5118 3726 5175 qua

2083 5199 2198 5240 non
2228 5185 2550 5243 decuerunt
2579 5189 2811 5254 admisi,
2859 5205 3044 5260 eaque
3086 5191 3287 5248 omnia
3315 5195 3513 5266 aperte
3542 5191 3731 5249 facere

2081 5287 2211 5332 sum
2241 5274 2424 5332 visus.
2468 5276 2746 5333 Testatur
2793 5277 2850 5334 id
2905 5278 3169 5337 universa
3196 5280 3569 5352 Jerusalem;
3599 5297 3732 5355 per-

2081 5365 2248 5422 multi
2278 5365 2434 5422 enim
2463 5383 2496 5422 a
2527 5382 2640 5436 me,
2691 5366 2793 5440 qui
2841 5373 3187 5442 potestatem
3230 5388 3359 5430 eam
3391 5389 3427 5430 ο,
3455 5373 3723 5431 sacerdo-

2080 5455 2238 5512 tibus
2260 5471 2618 5528 acceperam,
2633 5457 2694 5514 in
2716 5459 3015 5517 custodias
3032 5465 3173 5519 sunt
3194 5462 3461 5535 coniecti.
3477 5463 3734 5521 Tantum

2080 5549 2274 5601 autem
2295 5544 2354 5600 in
2379 5560 2471 5600 me
2503 5545 2664 5602 furor
2693 5546 2744 5602 is
2767 5547 3210 5622 exuberaverat,
3244 5555 3308 5607 ut
3325 5552 3499 5610 etiam
3521 5552 3581 5610 in
3602 5551 3737 5610 lon-

2089 5633 2424 5706 ginquiores
2453 5635 2627 5693 urbes
2678 5635 2787 5693 sim
2835 5637 3153 5710 profectus,
3193 5655 3563 5714 persequens,
3613 5657 3737 5700 om-

333 5735 470 5810 ὖπὶρ
510 5733 602 5790 τὸν
632 5731 794 5804 ἥλιον
828 5734 1252 5813 περιαστριάψαν
1287 5752 1352 5808 με
1373 5735 1516 5809 οφῶς.
1549 5731 1646 5786 Καὶ
1691 5733 1760 5806 τῇ
1804 5729 1945 5804 ὑπερ

2089 5723 2268 5797 nique
2308 5725 2485 5798 (quod
2515 5725 2752 5800 dicitur)
2799 5726 2938 5787 fune
2985 5736 3162 5804 moto,
3210 5735 3468 5792 evertere
3511 5736 3731 5792 sectam
