4084 6208
422 336 540 396 835

1731 336 1778 395 Ν
1791 335 2165 399 [CEPHORI
2208 338 2559 405 CALLISTI

3718 364 3850 425 836

428 468 575 528 hanc
625 470 1007 527 contendens.
1061 470 1261 541 Itaque
1301 468 1657 524 Damascum
1689 485 1824 524 cum
1856 468 1963 526 iter
1995 470 2064 526 fa-

2188 464 2332 563 GoXAﬁ
2391 473 2490 537 τῆς
2546 472 2744 563 αί¹γλης
2797 476 2894 540 τὰς
2953 473 3106 553 ὄψεις
3163 479 3589 563 περιλαμφθεῖς,
3640 490 3847 547 σκότου

425 575 642 621 cerem,
675 559 919 616 meridie
948 558 1075 630 ipso
1120 557 1220 613 lux
1269 558 1386 614 sole
1416 556 1703 614 illustrior
1731 557 1956 613 caelitus
1983 574 2075 615 me

426 646 839 704 circumfulsit.
873 647 1053 716 Cujus
1085 644 1412 716 splendoris
1443 643 1842 716 magnitudine
1875 646 2074 703 oculos

423 737 788 809 perstrictus,
833 738 890 791 et
927 736 1169 807 proinde
1209 734 1458 805 caligine
1488 734 1734 805 obsitus,
1769 734 1827 790 in
1861 743 2072 791 terram

423 826 632 882 decidi.
664 826 749 882 Ad
782 826 902 882 hth
948 842 1055 883 vox
1084 826 1156 881 de
1185 825 1330 882 cmlo
1362 825 1582 893 audita,
1621 842 1748 897 qua:
1777 826 2073 884 Christum

419 916 690 988 persequi
722 915 967 985 vetabat,
1007 919 1063 972 et
1114 931 1247 970 mox
1290 919 1356 970 ut
1384 930 1751 987 exsurgerem
1775 916 2021 987 jubebat
2054 934 2067 971 :

419 1020 544 1061 eam
576 1006 650 1061 ob
680 1021 923 1062 causam
954 1005 1234 1061 visionem
1270 1003 1411 1059 mihi
1453 1003 1624 1060 talem
1665 1004 1918 1062 oblatam
1949 1023 2072 1063 esse

418 1092 706 1163 indicans,
761 1097 825 1149 ut
875 1110 968 1150 me
1014 1097 1223 1149 testem
1265 1093 1608 1164 produceret
1654 1110 1879 1161 earum,
1924 1112 2069 1167 quas

420 1182 710 1250 vidissem,
762 1198 1029 1255 quasque
1075 1180 1249 1254 paulo
1299 1185 1428 1253 post
1477 1182 1843 1239 indicaturus
1892 1188 2066 1255 esset,

419 1287 611 1327 rerum
648 1288 663 1325 :
694 1274 761 1326 ut
805 1269 1028 1327 scilicet
1082 1287 1366 1327 caecorum
1414 1271 1698 1343 aperirem
1750 1271 1970 1341 oculos,
2012 1278 2069 1330 et

326 1396 329 1409 ι
417 1359 685 1417 homines
717 1377 751 1415 a
782 1359 1036 1416 tenebris
1079 1361 1149 1416 ad
1183 1359 1395 1429 lucem,
1428 1362 1486 1416 et
1516 1376 1549 1415 a
1579 1364 1859 1431 potestate
1889 1367 2067 1435 atque

417 1449 661 1522 imperio
691 1450 916 1505 Satanas
968 1450 1036 1505 ad
1068 1448 1367 1505 Christum
1407 1454 1819 1519 converterem,
1855 1450 2066 1507 remis-

418 1539 637 1595 sionem
674 1542 1067 1610 peccatorum,
1123 1538 1634 1611 hereditatemque
1665 1539 1815 1595 inter
1845 1542 2067 1596 sancti-

419 1627 619 1684 ficatos
652 1628 805 1682 I84
831 1643 932 1700 per
980 1643 1109 1682 eam
1160 1644 1287 1698 quae
1334 1626 1394 1683 in
1426 1628 1617 1700 ipsum
1660 1633 1767 1697 est,
1803 1629 1975 1686 fidem
2008 1635 2065 1687 et

418 1716 854 1790 persuasionem
903 1720 1257 1789 recepturos.
1309 1716 1536 1772 Visioni
1576 1734 1748 1789 porro
1780 1718 1901 1790 ta‘li,
1936 1736 2060 1790 quae

2185 556 2411 647 πλήρης
2467 561 2779 637 γενόμενος,
2827 565 2915 623 ἐπὶ
2960 575 3063 642 γῆν
3111 556 3583 647 ἔπιπτονξάιωνῆ
3644 576 3705 635 δέ
3751 603 3846 643 τις

2183 643 2383 704 ἄνωθεν
2440 649 2749 725 ἐξηκούετο,
2808 657 2885 732 μή
2948 679 3015 730 με
3081 656 3296 716 διώκειν
3368 667 3627 738 Χριστόν.
3693 670 3846 726 Ἐχέ-

2184 735 2307 833 λευέ
2359 760 2417 795 τε
2473 741 2834 800 ἀνίστασθαι·
2891 748 2979 803 καὶ
3035 747 3229 805 τούτου
3289 773 3351 829 γε
3407 735 3573 833 χάριν
3624 756 3839 816 οὕτωσὶ

2183 825 2381 923 (Bo-0a),
2429 828 2566 923 ὥστε
2608 829 2982 923 προϐαλέσθαι
3035 858 3102 912 με
3161 825 3531 916 μάρτυραηῶν
3579 866 3639 902 τε
3668 845 3844 923 εἶδον,

2180 918 2272 1010 καί
2317 918 2394 1010 ὧν
2442 921 2558 992 μετ’
2604 921 2788 1010 δλίγον
2834 922 3039 998 δείξει·
3092 928 3303 1001 ἀνοῖξαι
3349 930 3573 1010 τυῳλῶν
3622 918 3845 1009 ὀφθαλξ

2184 1006 2341 1081 μοὺς,
2372 1009 2478 1065 ἀπὸ
2531 1009 2753 1076 σκότους
2795 1036 2855 1069 τε
2899 1016 2974 1078 εἷς
3021 1022 3138 1095 φῶς
3179 1018 3541 1099 ἐπιστρέφειν,
3582 1028 3675 1081 καὶ
3730 1029 3842 1084 ἀπὸ

2177 1103 2278 1165 τῆς
2347 1096 2692 1172 ἐπικρατείας
2759 1108 2856 1158 τοῦ
2928 1111 3142 1162 Σατανᾶ
3210 1108 3287 1172 εἰς
3362 1096 3637 1188 Χριστόν
3706 1115 3844 1171 ὥστ’

2177 1182 2368 1281 ἄφεσιν
2398 1189 2676 1281 αμαρτιῶν
2709 1188 2920 1263 λαϐεῖν,
2952 1193 3159 1271 κλῆρόν
3191 1218 3250 1253 τε
3298 1198 3350 1254 ἐν
3394 1182 3517 1266 τοῖς
3567 1204 3844 1281 ἡγιασμέ-

2177 1295 2311 1344 νοις,
2345 1273 2433 1332 διὰ
2478 1285 2577 1348 τῆς
2628 1281 2763 1356 πρὸς
2813 1282 2972 1339 αὐτὸν
3017 1285 3274 1351 πίστεως.
3315 1292 3592 1347 Ἀπειθιῖν
3641 1296 3839 1350 τοίνυν

2172 1371 2242 1441 τῇ
2280 1369 2540 1447 ὑπερφυεῖ
2567 1369 2799 1445 ὀπτασίᾳ
2840 1375 2942 1431 οὐκ
2978 1375 3066 1445 ἦν.
3099 1377 3391 1444 Ἰουδαίοις
3446 1384 3541 1451 μὲν
3587 1383 3687 1441 οὖν
3738 1388 3840 1442 καὶ

2174 1462 2290 1518 τοῖς
2349 1456 2401 1529 ἐξ
2459 1458 2623 1515 ἐθνῶν
2685 1463 2940 1535 μετανοίᾳ
2997 1466 3311 1541 χρωμένοις
3353 1471 3491 1545 πρὸς
3524 1475 3660 1530 Θεὸν
3710 1475 3841 1532 ἐπι-

2173 1547 2416 1623 στρέφειν
2487 1547 2635 1638 λέγω
2697 1548 2817 1624 ἄξια
2875 1550 3010 1631 ἔργα
3068 1558 3356 1628 μετανοίας
3416 1558 3836 1638 διαπραττομέο

2171 1655 2334 1698 νους·
2400 1634 2568 1711 μηδὲν
2624 1640 2697 1693 ὧν
2756 1642 2808 1696 οἱ
2866 1651 3142 1722 προφῆται
3227 1649 3315 1703 καὶ
3372 1634 3579 1722 Μωσῆς
3637 1634 3833 1719 αὐτὸς,

2171 1723 2325 1788 ἐκτὸς
2396 1726 2784 1805 καταγγέλλων
2827 1751 2840 1764 ·
2902 1733 2977 1796 ὡς
3034 1736 3275 1807 παθητὸς
3332 1739 3362 1793 ’ὀ
3420 1743 3682 1816 Χριστὸς,
3731 1746 3833 1799 καὶ

420 1811 689 1862 naturam
723 1822 952 1861 omnem
1003 1807 1174 1878 longe
1222 1807 1759 1879 supergrederetur,
1796 1825 1910 1863 non
1945 1826 2061 1865 mo-

2178 1818 2387 1889 πρῶτος
2437 1816 2498 1871 ἐκ
2551 1823 2750 1893 νεκρῶν
2807 1820 3061 1894 ἀναστὰς,
3094 1829 3207 1903 φῶς
3260 1831 3380 1889 τοῖς
3436 1807 3608 1885 ἒὸνεσι
3667 1807 3829 1904 νζωήν

419 1912 539 1952 rem
574 1910 789 1966 gerere,
844 1894 1046 1967 religio
1095 1898 1239 1951 erat.
1292 1896 1495 1966 Itaque
1540 1896 1750 1951 Iudaeis
1799 1897 1973 1953 simul
2004 1903 2062 1955 et

2178 1904 2360 1997 τεκαὶ
2420 1906 2691 1982 σωτηρίαν
2769 1909 2990 1966 αἰώνιον
3044 1894 3125 1985 τῶ
3191 1912 3375 1990 οῗκείῳ
3447 1894 3827 1997 καταγγέλλει

422 1984 717 2057 gentibus,
751 1988 815 2039 ut
848 2001 951 2056 per
981 1984 1442 2056 resipiscentiam
1475 1992 1527 2039 et
1560 1984 1956 2057 paenitentiam
1991 1989 2062 2044 ad

2178 1990 2307 2063 λαῷ.
2339 1998 2513 2050 Ταὖτα
2563 1997 2654 2050 σὺν
2702 1998 2952 2075 ῥᾳστώνῃ
3010 1984 3107 2057 τοῦ
3158 1984 3376 2061 Παύλου
3426 1984 3748 2080 διεξιόντος,
3791 2013 3822 2067 ὁ

423 2078 598 2132 Deum
651 2079 1082 2141 convertantur,
1142 2074 1437 2147 dignaque
1493 2075 1846 2146 paenitentiae
1892 2094 2064 2150 opera

2178 2087 2413 2170 :chtoq,
2446 2086 2683 2164 ψυχικάς
2739 2108 2822 2150 τις
2878 2074 2952 2144 ὢν
3012 2090 3322 2167 ἅνθρωπος,
3357 2095 3449 2151 καὶ
3613 2074 3826 2163 ἱκανῶς

418 2164 742 2238 perﬁciant,
776 2164 1079 2233 annuntio,
1106 2164 1250 2220 nihil
1283 2181 1528 2236 prorsus
1557 2169 1719 2222 extra
1752 2166 2063 2239 prophetas

2178 2161 2317 2243 ἔχων
2366 2172 2680 2244 προσίεσθαι
2727 2176 2794 2229 τὰ
2841 2180 2939 2230 τοῦ
2990 2178 3333 2252 ΙΙνεύματος,
3372 2161 3582 2259 μωρίαν
3615 2182 3678 2240 δὲ
3729 2186 3823 2241 καί

410 2259 466 2311 et
496 2255 687 2326 ipsum
740 2254 937 2309 Mosen
986 2256 1222 2321 docens,
1275 2253 1556 2309 nimirum
1592 2255 1745 2326 quod
1778 2256 2059 2326 Christus,

2178 2257 2363 2329 μανίαν
2404 2263 2573 2314 ταῦτα
2614 2260 2881 2330 ὑπονοῶν,
2914 2264 2989 2326 ὡς
3039 2266 3142 2321 ὑπὸ
3190 2253 3419 2326 πολλῶν
3465 2253 3819 2348 γραμμάτων

411 2343 512 2416 qui
563 2342 865 2414 passibilis
916 2342 1108 2413 fuerit,
1154 2347 1211 2398 et
1239 2342 1465 2414 primus
1495 2358 1560 2398 ex
1594 2344 1839 2399 mortuis
1872 2361 2064 2401 resur-

2178 2343 2506 2437 ἐξεστηκότα,
2549 2349 2638 2405 καὶ
2696 2349 2730 2405 ἃ
2777 2350 2927 2428 λέγει
2981 2356 3055 2428 μή
3106 2352 3366 2428 διειδότα,
3413 2342 3819 2437 διελοίδορεῖτο

412 2434 645 2503 rexerit,
677 2432 861 2489 lucem
894 2432 1191 2506 gentibus,
1223 2432 1517 2505 vitamque
1547 2441 1595 2489 et
1621 2432 1871 2490 salutem
1905 2439 2063 2490 teter-

2178 2433 2262 2523 τὸν
2324 2435 2580 2491 Παῦλον·
2611 2439 2703 2493 τὸν
2757 2437 2814 2494 δὲ
2864 2443 2942 2513 μή
2995 2441 3274 2516 μαίνεσθαι
3324 2448 3507 2523 φάναι,
3550 2432 3821 2521 ἀληθείας

412 2540 548 2580 nam
582 2521 813 2595 proprio
845 2537 949 2577 suo
981 2522 1286 2578 denuntiet
1318 2521 1553 2593 populo.
1591 2522 1723 2578 Haec
1757 2539 1886 2578 cum
1920 2523 2060 2579 Pau-

2178 2519 2224 2614 δὲ
2278 2523 2369 2614 καὶ
2425 2527 2806 2600 σωφροσύνης,
2852 2528 3076 2604 ῥήματα
3130 2530 3305 2609 λέγειν
3335 2519 3821 2614 διισχυρίζεσθαι,

412 2611 507 2667 lus
546 2627 681 2666 cum
724 2611 940 2666 diserta
988 2609 1266 2666 facilitate
1313 2611 1548 2679 diceret,
1600 2610 1825 2679 Festus,
1860 2616 2060 2684 utpote

2178 2612 2239 2674 bc,
2270 2612 2359 2666 καί
2389 2618 2468 2685 τῷ
2500 2614 2719 2688 βασιλεῖ
2745 2618 2883 2687 πρὸς
2922 2619 2981 2674 ὃν
3030 2619 3097 2675 τὰ
3147 2628 3247 2692 τῆς
3285 2624 3617 2701 παρῥησίας,
3650 2630 3820 2702 ἀκρι-

411 2699 685 2757 animalis
717 2698 954 2772 quidam
997 2699 1195 2768 homo,
1228 2699 1326 2772 qui
1356 2716 1470 2755 non
1504 2699 1649 2755 satis
1679 2717 1747 2757 ea
1776 2718 1907 2772 quas
1938 2704 2057 2773 spi-

2178 2696 2277 2764 ὅῶς
2318 2696 2600 2778 ἔγνωσται.
2631 2703 2709 2762 Ού
2758 2706 2861 2784 γάρ
2907 2729 3013 2763 που
3074 2710 3229 2784 οἶμαι
3276 2718 3470 2770 τοῦτον
3523 2716 3822 2775 λανθάνειν

412 2791 562 2845 ritus
593 2793 732 2845 sunt
762 2794 1192 2861 assequeretur,
1240 2788 1669 2861 stultitiamque
1709 2791 1852 2848 adeo
1884 2795 1939 2848 et
1969 2792 2057 2848 in-

2178 2786 2359 2860 ιηδὲν,
2410 2792 2730 2849 πιστεύοντα
2792 2801 2952 2852 πᾶσιν
2999 2796 3032 2852 ἃ
3089 2804 3364 2878 προφῆται
3410 2808 3817 2883 κατήγγειλαν.

407 2879 634 2935 saniem
668 2893 738 2933 ea
767 2894 891 2934 esse
941 2878 1355 2950 suspicaretur,
1396 2882 1678 2951 tanquam
1708 2896 1811 2951 per
1842 2880 2056 2939 multas

2178 2879 2304 2954 Ἱρὸς
2351 2879 2408 2934 ὃν
2443 2881 2739 2957 Ἀγρίππας
2787 2882 2985 2956 ἡδέως,
3018 2888 3106 2944 Ἐν
3158 2888 3337 2966 ὀλίγῳ
3369 2914 3438 2967 με
3466 2878 3700 2965 πείθεις,
3732 2899 3822 2954 εἶ’-

405 2967 632 3025 litteras
665 2972 857 3023 mente
886 2972 1147 3041 captum,
1180 2985 1370 3039 neque
1397 2969 1543 3025 satis
1576 2986 1703 3042 qua
1734 2969 1949 3026 diceret
1973 2971 2058 3027 in-

2178 2989 2250 3040 τε,
2273 2970 2601 3045 Χριστιανὸν
2649 2972 2920 3048 γενέσθπι.
2954 2977 3062 3032 Καὶ
3107 2980 3188 3046 ὃς,
3219 2982 3379 3054 Ἐμοὶ
3424 2980 3482 3038 δὲ
3524 2982 3600 3039 δι’
3628 2988 3813 3062 εὐχῆς

405 3057 783 3129 telligenlem,
806 3074 940 3113 cum
961 3057 1219 3114 convicio
1254 3057 1502 3113 Paulum
1536 3058 1777 3113 ridebat.
1803 3058 1904 3115 Cui
1936 3058 2051 3115 ille.

2178 3055 2305 3112 ἕσται
2336 3058 2423 3147 καὶ
2456 3058 2507 3114 ἒν
2541 3059 2715 3137 ὀλίγῳ
2768 3065 2858 3119 καὶ
2906 3064 2957 3120 ἐν
3002 3066 3209 3142 πολλῷ
3247 3071 3312 3126 οὗ
3346 3073 3404 3128 σὲ
3436 3073 3624 3147 μόνον,
3658 3055 3814 3135 ἀλλὰ

401 3164 520 3205 non
547 3148 804 3203 insanire
854 3164 932 3213 se,
985 3148 1087 3203 sed
1117 3147 1376 3204 veritatis
1416 3152 1473 3203 et
1518 3148 1848 3205 sobrietatis
1878 3149 2051 3205 verba

2178 3147 2251 3202 ιαὶ
2279 3146 2478 3212 πάντας
2509 3151 2562 3204 οἳ
2593 3155 2701 3207 τῶν
2737 3153 2882 3227 ἐμῶν
2934 3156 3117 3233 λόγων
3168 3146 3575 3238 μετεσχηκότες
3625 3167 3762 3222 εἰσίν
3794 3187 3812 3201 ⁶

403 3235 558 3308 loqui
606 3212 925 3292 asseverat.
972 3236 1475 3300 Quemadmodum
1525 3236 1582 3289 id
1634 3235 1753 3308 regi
1802 3235 1933 3308 ipsi,
1975 3237 2049 3293 ad

2767 3212 2777 3227 .
3019 3212 3031 3233 ι
3101 3212 3105 3213 ν
3168 3212 3574 3238 r""'l\.'a'"‘"
3625 3212 3759 3222 ""'

2178 3237 2353 3299 'mo't'oc
2410 3236 2549 3304 δῆτα
2603 3240 2757 3317 κάγὼ
2816 3246 3095 3321 σήμερον·
3154 3248 3274 3305 ἄνευ
3332 3251 3518 3325 μέντοι
3577 3262 3690 3312 τῶν
3746 3257 3814 3323 ἃς

402 3342 576 3399 quem
624 3325 747 3380 haec
797 3324 980 3381 libere
1028 3324 1262 3392 diceret,
1308 3324 1483 3396 probe
1516 3325 1814 3397 cognitum
1845 3330 2042 3384 esset:

2178 3325 2468 3402 περίκειμαι
2498 3327 2696 3393 ταύτας
2728 3331 2990 3394 ἁλύσεων.

403 3431 577 3489 quem
631 3415 777 3471 nihil
837 3431 1038 3470 earum
1097 3430 1291 3470 rerum
1349 3413 1573 3483 lateret,
1614 3416 1887 3470 omnibus
1941 3434 2071 3488 qua:
2136 3418 2429 3490 pr0phetaa
2499 3423 2931 3482 annuntiarunt
2987 3429 3336 3487 credentem.
3396 3433 3481 3491 Ibi
3538 3437 3612 3492 ad
3670 3454 3813 3495 eum

405 3506 658 3579 Agrippa
689 3505 1126 3576 perhumaniter
1159 3522 1172 3559 :
1210 3504 1434 3562 Modica
1458 3521 1526 3560 ex
1566 3510 1745 3578 parte,
1797 3505 2009 3579 inquit,
2063 3506 2229 3576 mihi,
2282 3512 2345 3564 ut
2395 3508 2757 3569 Christianus
2803 3512 2962 3583 fiam,
3013 3522 3353 3590 persuades.
3386 3524 3585 3583 Atille
3619 3543 3632 3581 :
3663 3527 3817 3585 Mihi

406 3613 540 3653 vero
580 3596 636 3651 in
687 3595 893 3669 primis
940 3595 1093 3667 apud
1142 3597 1323 3652 Deum
1376 3595 1436 3652 in
1484 3596 1699 3668 optatis
1747 3600 1856 3663 est,
1900 3613 2015 3652 non
2064 3597 2255 3653 solum
2302 3598 2551 3667 modica,
2606 3618 2807 3659 verum
2848 3605 3023 3662 etiam
3058 3611 3315 3668 maxima
3344 3629 3416 3669 ex
3453 3623 3637 3687 parte,
3690 3634 3815 3675 non

407 3697 459 3744 te
490 3687 706 3755 solum,
735 3703 933 3743 verum
966 3687 1141 3743 etiam
1176 3686 1273 3759 qui
1305 3688 1625 3744 orationem
1658 3702 1846 3744 meam
1883 3687 2049 3743 hodie
2088 3688 2403 3747 audierunt
2441 3707 2661 3756 omnes,
2712 3694 2860 3753 tales
2890 3697 3035 3767 fieri,
3076 3701 3268 3773 qualis
3298 3719 3404 3776 ego
3435 3720 3563 3762 sum
3599 3724 3614 3764 :
3647 3713 3815 3765 extra

405 3778 637 3835 vincula
665 3779 950 3835 duntaxat
978 3779 1111 3846 ista,
1141 3778 1355 3851 quibus
1385 3778 1695 3836 obstrictus
1726 3795 1881 3848 sum,
1914 3784 2272 3836 catenarum.

984 3906 1211 3963 CAPUT
1250 3906 1456 3962 XXXI.

2752 3917 3009 3969 ΚΕΦΔΛ.
3053 3919 3181 3972 ΛΑ’.

396 4032 469 4088 De
518 4031 839 4105 trajectione
888 4033 1051 4087 Pauli
1098 4032 1161 4115 ira
1207 4032 1455 4157 (italiam,
1504 4035 1555 4087 et
1619 4031 1687 4087 de
1731 4031 2040 4104 naufragio

1086 4120 1202 4157 eius
1242 4120 1349 4157 em.

2178 4031 2308 4157 [sai
2358 4035 2476 4085 τοῦ
2525 4032 2619 4094 εἷς
2658 4034 2948 4091 Ἰταλίαν
2995 4039 3305 4097 ἆπόπλου
3353 4044 3473 4099 τοῦ
3510 4046 3811 4102 ἀποστό-

2304 4123 2373 4157 ου
2416 4103 2698 4157 Παύλου-
2740 4107 2845 4157 καί
2885 4107 2970 4157 ὣς
3008 4113 3283 4157 ναυαγία
3324 4112 3668 4157 ἓνηιίηηινη

1086 4104 1349 4172 eiusdem.
1949 4103 1957 4104 “
2251 4103 2373 4157 λου
2416 4103 2701 4178 Παύλου,
2740 4107 2845 4162 καί
2885 4107 2970 4173 ὥς
3008 4113 3289 4187 ναυαγίᾳ
3324 4112 3691 4191 ἐχρήσατο.

461 4229 715 4301 Agrippa
762 4234 982 4300 autem,
1031 4237 1085 4287 et
1124 4230 1221 4300 qui
1272 4247 1404 4286 cum
1451 4246 1517 4286 eo
1562 4241 1746 4299 erant,
1792 4245 1858 4286 ex
1890 4246 2036 4288 con-

390 4334 551 4375 sessu
575 4319 772 4374 statim
799 4324 1238 4393 consurgentes,
1266 4323 1324 4375 et
1354 4319 1595 4375 seorsim
1626 4319 2035 4391 consistentes,

2220 4227 2523 4304 Ἀγρίππας
2554 4226 2603 4285 δ’
2632 4230 2787 4297 εὐθὺς
2830 4236 2918 4291 καὶ
2969 4237 3025 4291 οἱ
3077 4239 3473 4316 συμπαρόντες,
3505 4247 3607 4299 τοῦ
3654 4266 3809 4302 aova-

2148 4314 2300 4394 δρίου
2341 4318 2742 4393 ἐξαναστάντες,
2770 4325 2862 4379 καὶ
2912 4323 3025 4397 ίδίᾳ
3073 4314 3384 4403 γενόμενοι,
3414 4329 3612 4402 Οὐδὲν,
3663 4330 3799 4409 ἔφα-

388 4407 543 4464 Nihil
567 4408 889 4481 (inquiunt)
913 4412 1087 4465 homo
1110 4408 1242 4476 iste,
1265 4408 1419 4480 quod
1446 4407 1693 4463 vinculis
1722 4412 1826 4465 aut
1848 4415 2033 4467 morte

2179 4428 2292 4477 κον,
2347 4409 2493 4479 ἄξιον
2555 4411 2780 4466 θανάτου
2836 4413 2873 4484 ἢ
2931 4412 3146 4489 δεσμῶν
3202 4419 3230 4473 ὁ
3288 4417 3574 4495 ἅνθρωπος
3630 4407 3799 4488 οὗτος

388 4497 631 4570 dignum
662 4497 760 4567 sit,
791 4498 945 4588 facit.
977 4500 1064 4555 Ad
1097 4499 1251 4588 quod
1279 4498 1574 4572 Aggrippa
1605 4498 1821 4571 adjicit,
1846 4500 2037 4556 absol-

2178 4496 2391 4588 τράσσει.
2425 4501 2482 4588 ᾯ
2529 4496 2575 4553 δ’
2626 4499 2936 4576 Ἀγρίππας
2982 4508 3314 4580 προσετίθει,
3369 4510 3443 4571 ὡς
3506 4511 3600 4566 καὶ
3649 4512 3797 4569 ἀπο-

386 4588 642 4644 vendam
673 4603 807 4644 eum
841 4587 1044 4657 fuisse,
1094 4587 1208 4644 nisi
1239 4588 1523 4645 Caesarem
1554 4588 1922 4660 appellasset.
1957 4590 2035 4645 Ea

2183 4584 2406 4641 ελύσθαι
2438 4584 2646 4651 δίκαιος
2678 4590 2706 4645 ὁ
2737 4589 3023 4666 ἅνθρωπος
3054 4594 3143 4665 ἦν,
3175 4595 3221 4649 εἰ
3256 4598 3334 4668 μὴ
3387 4598 3628 4675 Καίσαρα
3680 4601 3801 4658 ἐπες

384 4694 555 4750 porro
580 4677 650 4733 de
680 4693 857 4735 causa
888 4678 945 4732 in
979 4676 1203 4734 Italiam
1235 4678 1287 4732 ei
1318 4677 1716 4748 navigandum
1749 4693 1894 4748 esse,
1932 4679 2033 4734 de-

2178 4674 2410 4745 ἐκλητο·
2463 4677 2554 4731 καὶ
2614 4675 2726 4733 δεῖν
2768 4680 2925 4736 πλεῖν
2973 4682 3049 4745 εἷς
3102 4684 3331 4741 Ἰταλίαν
3379 4674 3637 4762 ἐκρίνετο.
3695 4693 3797 4747 Καὶ

382 4766 658 4823 cernitur.
713 4766 796 4823 Ita
852 4766 1007 4824 Julio
1064 4766 1297 4824 cuidam
1354 4783 1420 4822 ex
1482 4766 1717 4823 cohorte
1774 4768 2031 4840 Augusta

2178 4766 2281 4832 ἦτα
2322 4764 2539 4839 Ἰουλίῳ
2569 4768 2674 4822 τινὶ
2724 4770 2950 4845 σπείρης
2997 4768 3263 4844 σεϐαστῆς
3306 4774 3659 4851 παρεδίδοτο.
3696 4781 3800 4837 Καὶ

380 4856 787 4913 committitur.
820 4856 985 4914 Nacti
1018 4862 1209 4913 autem
1235 4874 1442 4913 navem
1474 4856 1942 4926 Adrumetinam,
1967 4858 2028 4914 in

2178 4852 2315 4908 atvuv
2388 4853 2440 4925 ἐξ
2499 4853 2867 4931 Ἀδραμυτίου
2939 4859 3123 4935 πλοίῳ
3195 4867 3606 4940 περιτυχόντες,
3669 4869 3796 4924 ἐπέ-

378 4962 506 5001 eam
539 4948 959 5003 conscendunt.
992 4947 1168 5003 Porro
1200 4963 1329 5002 cum
1374 4945 1554 5001 Paulo
1585 4955 1699 5002 erat
1734 4950 1939 5017 Lucas,
1972 4952 2031 5005 et

2178 4969 2343 5007 αινον.
2403 4950 2504 5005 Ἦν
2563 4947 2621 5004 δὲ
2675 4949 2765 5004 καὶ
2849 4955 3059 5015 Λουκᾶς
3144 4952 3234 5007 σὺν
3295 4958 3375 5026 τῷ
3435 4956 3639 5030 Παύλῳ
3701 4960 3797 5014 καὶ

377 5037 750 5094 Aristarchus
797 5055 867 5094 ex
912 5039 1247 5095 Macedonia
1276 5036 1839 5095 Thessalonicensis.
1888 5040 2029 5097 Inde

2178 5037 2516 5115 ίρίσταρχος,
2624 5036 2884 5095 Μακεδὼν
2999 5041 3446 5107 Θεσσαλονικεύς.
3552 5047 3793 5104 Ἐνεῖθεν

374 5127 651 5184 Sidonem
702 5131 843 5195 sunt
898 5127 1127 5185 delati:
1180 5144 1316 5184 mox
1354 5127 1813 5201 progredientes,
1855 5130 2028 5202 juxta

2178 5135 2193 5183 ὲ
2268 5128 2344 5192 εἷς
2435 5127 2650 5184 Σιδῶνα
2733 5132 3111 5207 κατήχθησαν,
3182 5130 3623 5211 Παροδιύσαντες
3712 5135 3793 5200 δὲ.

373 5218 625 5291 Cyprum
673 5217 947 5291 navigant
988 5236 1003 5288 ;
1066 5225 1120 5273 et
1166 5218 1442 5290 deinceps
1497 5216 1652 5273 I85
1704 5217 1919 5276 Ciliciae
1968 5224 2026 5276 et

2178 5219 2230 5289 ἦν
2313 5219 2531 5294 Κύπρον
2608 5218 2971 5279 ὑπέπλευσαν.
3030 5221 3129 5276 Καὶ
3203 5219 3339 5294 δῆτα
3412 5223 3477 5279 τὸ
3545 5222 3637 5280 διὰ
3700 5234 3792 5283 Κι-

372 5306 725 5378 Pamphyliae
758 5307 905 5363 mari
935 5307 1307 5377 transmisso,
1333 5307 1406 5363 ad
1431 5308 1599 5381 Myra
1623 5307 1807 5378 Lyciis
1831 5309 2024 5381 appel-

2178 5310 2317 5371 ικίας
2399 5310 2490 5365 καὶ
2587 5309 2916 5387 Παμφυλίας
3010 5310 3251 5389 πέλαγος
3335 5311 3787 5391 διαπλεύσαντες,

371 5396 525 5453 lunt.
557 5397 643 5454 Ibi
671 5397 1066 5454 Alexandrina
1089 5399 1219 5455 navi
1239 5399 1298 5454 in
1328 5398 1556 5454 Italiam
1598 5398 1892 5466 tendente,
1925 5397 2021 5453 ia-

2178 5410 2210 5461 ’ς
2267 5398 2334 5454 τὰ
2386 5404 2543 5473 Μῦρα
2600 5405 2701 5470 τῆς
2754 5400 2954 5462 Λυκίας
3019 5408 3285 5477 κατῆραν.
3333 5403 3539 5460 Ἐκεῖσε
3595 5403 3783 5480 πλοίῳ

371 5489 566 5552 venia,
597 5485 792 5542 Julius
821 5503 953 5552 cum
985 5488 1195 5543 vinctis
1230 5486 1287 5542 in
1319 5503 1447 5543 eam
1480 5486 1822 5559 imponitur.
1852 5486 1920 5542 Et
1949 5489 2019 5543 ad

2178 5494 2181 5557 ξ
2240 5485 2649 5564 Ἀλεξανδρείας
2726 5490 3039 5567 περιτυχὼν
3100 5492 3128 5546 ὁ
3188 5491 3449 5563 Ἰούλιος,
3508 5492 3588 5556 εἷς
3647 5497 3784 5554 ἰτα.

371 5573 626 5631 Guidum
679 5591 813 5630 cum
853 5577 1091 5648 propius
1127 5575 1492 5647 accessisset,
1527 5582 1729 5648 praeter
1759 5575 2019 5646 Cretam,

2178 5576 2248 5632 ἷαν
2307 5575 2556 5649 πλέοντι,
2621 5577 2713 5634 σὸν
2772 5584 2891 5642 τοῖς
2960 5575 3268 5654 δεσμώταις
3312 5580 3569 5658 ἀνήγετο.
3635 5585 3781 5641 Κατὰ

360 5658 532 5734 juxta
577 5662 915 5721 Salmonam
964 5665 1214 5725 vehitur.
1266 5664 1487 5720 Dehinc
1536 5666 1607 5721 ad
1660 5664 1878 5737 locum,
1923 5666 2020 5724 cui

2178 5669 2226 5738 ἣν
2292 5664 2487 5723 Κνίδον
2569 5665 2628 5725 δὲ
2710 5669 2977 5748 γεγονὼς,
3034 5670 3133 5740 τὴν
3213 5671 3434 5744 Κρήτην
3507 5672 3777 5746 παρέπλει
