4084 6208
256 354 377 418 837

1270 345 1899 414 ΕΟΟΒΕΞΙΑΞΤΙΟΛΈ
1940 338 2334 405 ΗΙΞΤΟΒῙΛΕ
2377 340 2521 402 LIB.
2568 340 2648 402 II.

3549 345 3671 405 838

256 486 397 542 κατά
429 482 763 557 Σαλμώνην.
795 483 1021 537 Ἔπειτα
1050 478 1104 536 ἐν
1136 481 1332 560 χώρῳ,
1364 481 1410 553 ᾧ
1462 479 1634 537 Καλοὶ
1684 479 1903 555 λιμένες

2027 476 2161 534 Boni
2210 478 2413 547 portus
2463 492 2676 534 nomen
2727 481 2835 548 est,
2880 478 3269 535 deferuntur:
3324 496 3356 534 a
3407 495 3519 552 quo
3550 498 3672 539 non

259 574 463 647 ὄνομα,
505 573 777 646 ἤχθησαν.
833 568 1000 631 Πόλις
1050 566 1096 623 δ’
1140 567 1298 645 ἐγγὺς
1344 569 1412 638 ἧν
1460 567 1650 643 ἐκείνῳ
1698 566 1909 624 Λασαία

259 665 363 734 τήν
412 662 628 731 κλῆσιν.
664 659 1002 739 Ἐπιφαλοῦς
1031 656 1089 714 δὲ
1135 663 1232 714 τοῦ
1276 656 1421 714 πλοῦ
1471 657 1649 729 ὄντος,
1692 656 1912 720 Παῦλος

264 752 608 829 προήγγελεν
641 750 716 811 ὡς
746 751 833 804 καὶ
866 749 960 805 τὸν
989 747 1186 825 φόρτον
1228 744 1588 805 ἀποϐαλεῖται
1618 749 1681 805 τὸ
1712 748 1910 804 πλοῖον

271 838 648 916 μεθ’ῧὸρεως,
678 840 768 895 καὶ
818 840 870 894 ἐν
910 842 1036 914 χρῷ
1080 835 1326 893 κινδύνου
1375 837 1510 916 ἄχρι
1560 837 1628 906 δὴ
1672 839 1760 892 καὶ
1809 840 1914 911 ψυ-

271 936 393 1010 χῶν
452 929 694 1005 γενέσθαι
730 947 742 961 ⁸
802 928 1036 1003 παρῄνει
1089 948 1149 983 τε
1207 927 1284 999 μὴ
1344 925 1543 982 ἐκεῖθεν
1605 927 1913 1001 ἀνάγεσθαι.

269 1021 333 1077 Ὀ
391 1016 438 1073 δ’
494 1017 904 1092 ἑκατοντάρχης
959 1020 1041 1089 τῷ
1104 1010 1410 1090 κυϐερνήτῃ
1474 1013 1690 1088 μᾶλλον
1743 1016 1778 1084 ἢ
1835 1017 1917 1086 τῷ

269 1109 477 1181 Παύλῳ
535 1108 795 1163 ἐπείθετο.
858 1107 1089 1164 Ἐκεῖθεν
1139 1106 1321 1162 τοίνυν
1374 1104 1667 1180 ἀνήγοντο,
1720 1104 1918 1174 ἥκιστα

267 1195 649 1273 παραχείμασι
709 1197 898 1251 ἱκανοῦ
956 1195 1119 1259 ὅντος
1165 1200 1265 1251 τοῦ
1324 1194 1568 1268 λιμένος.
1629 1194 1810 1252 Νότου
1869 1191 1917 1248 δ’

267 1287 679 1356 ἐκπνεύσαντος,
765 1283 989 1361 ἄραντες
1074 1292 1263 1355 ’¹Ασον,
1346 1283 1713 1361 παρελέγοντο
1814 1285 1912 1353 τὴν

268 1379 507 1450 Κρήτην.
577 1377 889 1453 Τυφωνικός
961 1372 1007 1430 δ’
1083 1373 1278 1449 ἄνεμος
1352 1374 1666 1445 ἐκπνεύσας,
1743 1372 1917 1449 Εὐρο-

265 1465 484 1522 κλύδων
544 1463 861 1539 ὠνόμασται
891 1483 905 1498 ⁸
959 1464 1050 1520 καὶ
1102 1468 1201 1520 τοῦ
1271 1463 1470 1520 πλοίου
1528 1462 1920 1535 συναρπασθέν-

265 1577 387 1624 τος,
436 1555 842 1628 ἀντοφθαλμεῖν
882 1575 940 1609 τε
992 1555 1068 1628 μή
1123 1553 1411 1629 ἰσχύοντος
1457 1558 1538 1626 τῷ
1583 1553 1794 1627 ἀνέμῳ,
1832 1572 1921 1626 μι-

268 1646 401 1718 κρὸν
459 1641 737 1706 ἐπιδόντες
809 1637 1065 1719 ἐφέροντο
1099 1659 1113 1674 ⁸
1191 1643 1282 1698 καὶ
1357 1640 1496 1713 δῆτα
1568 1639 1813 1713 νησίδιόν
1865 1662 1919 1696 τι

272 1732 679 1808 ὑποδραμόντες
712 1730 758 1804 ᾦ
811 1728 1039 1801 Κλαύδη
1092 1732 1157 1801 ἧν
1207 1727 1401 1806 ὄνομα,
1438 1732 1601 1805 μόλις
1647 1739 1748 1801 τῆς
1792 1729 1920 1786 σκά-

2020 567 2191 635 longe
2219 565 2419 621 civitas
2449 568 2588 629 erat,
2624 566 2776 624 Lassa
2819 566 2993 623 dicta.
3040 567 3107 622 Et
3156 583 3291 624 cum
3343 569 3679 641 periculosa

2020 657 2173 713 esset
2201 652 2480 725 navigati,
2507 654 2724 710 Paulus
2756 672 2957 712 navem
2992 659 3350 729 tempestate
3382 658 3451 714 ad
3476 658 3682 729 jactu-

2021 761 2147 802 ram
2187 758 2373 815 usque
2398 758 2529 799 cum
2577 744 2816 815 injuria,
2865 752 3239 818 vectoresque
3289 746 3360 803 de
3398 747 3516 803 vita
3546 747 3677 820 ipsa

2021 847 2255 890 summe
2302 830 2734 902 periclitaturos
2782 848 3172 904 praemonens,
3215 849 3328 891 non
3362 835 3671 891 transmit-

2024 920 2266 979 tendum
2297 920 2433 977 inde
2463 923 2686 977 suadet.
2735 922 2848 978 Sed
2881 923 3141 979 centurio
3188 923 3249 980 in
3280 941 3346 981 eo
3377 926 3669 995 guberna-

2022 1015 2204 1068 torem
2235 1009 2419 1078 navis,
2453 1010 2642 1082 magis
2696 1028 2872 1083 quam
2912 1011 3163 1068 Paulum
3197 1012 3495 1070 audiebat.
3524 1015 3675 1079 Qua-

2024 1105 2257 1175 propter
2302 1100 2459 1169 inde,
2510 1102 2668 1174 quod
2718 1106 2918 1174 portus
2982 1104 3055 1159 ad
3116 1103 3496 1161 hiemandum
3551 1123 3669 1161 non

2022 1192 2168 1249 satis
2196 1190 2443 1247 idoneus
2489 1199 2661 1260 esset,
2694 1191 3051 1248 discedunt:
3101 1197 3159 1248 et
3199 1192 3344 1250 Noto
3395 1194 3676 1265 spirante,

2022 1283 2171 1338 Asso
2201 1284 2489 1353 superata,
2542 1280 2773 1337 Cretam
2829 1281 3118 1353 legebant.
3149 1281 3277 1339 Mox
3309 1287 3513 1339 ventus
3545 1299 3678 1339 exo-

2024 1375 2190 1444 rytur
2219 1370 2571 1443 typhonicus
2600 1375 2656 1427 et
2671 1371 3068 1443 turbulentus,
3092 1387 3267 1444 quem
3288 1373 3680 1444 procellosum

2024 1465 2264 1530 Eurum,
2321 1476 2425 1516 seu
2475 1460 2966 1533 Euroaquilonem
3016 1465 3245 1521 vocant.
3296 1463 3501 1534 Itaque
3544 1462 3679 1519 navi

2025 1551 2098 1608 ab
2146 1567 2213 1606 eo
2260 1554 2450 1622 rapta,
2499 1566 2633 1606 cum
2682 1560 2880 1607 contra
2931 1551 3039 1607 niti
3092 1568 3208 1607 non
3241 1556 3504 1624 possent,
3534 1560 3679 1609 tem-

2026 1640 2232 1714 pestati
2264 1638 2633 1711 aliquantum
2665 1641 2956 1709 cedentes,
2993 1642 3279 1698 feruntur.
3312 1644 3381 1698 Et
3414 1643 3485 1699 ad
3517 1643 3679 1699 insu-

2025 1729 2140 1786 lam
2170 1728 2482 1801 quamdam
2528 1745 2789 1800 parvam,
2833 1747 2959 1802 quas
2991 1730 3211 1787 Clauda
3236 1730 3470 1799 dicitur,
3504 1747 3680 1788 cursu

273 1842 381 1899 φης
439 1824 783 1897 περικρατεῖς
841 1820 1000 1889 ἦσαν.
1052 1820 1151 1876 Καὶ
1201 1825 1282 1892 τῷ
1338 1818 1521 1893 πλοίῳ
1576 1820 1778 1891 ταύτην
1839 1818 1917 1875 ἐν·

2027 1819 2265 1885 directo,
2310 1818 2402 1873 vix
2436 1818 2674 1906 scaphae
2718 1825 3017 1891 compotes
3049 1819 3173 1876 fieri
3206 1824 3536 1892 potuerunt.
3568 1823 3681 1876 Ea-

275 1911 515 1983 θέμενοι,
572 1909 733 1986 ῥώμῃ
792 1910 937 1984 πάσῃ
996 1910 1094 1978 τήν
1165 1914 1293 1965 ναῦν
1366 1908 1709 1979 διεζώννυον,
1780 1910 1916 1984 πρὸς

272 2002 369 2063 τὰς
428 1994 670 2073 ἐμϐολὰς
737 2003 842 2053 τῶν
919 1999 1179 2072 κυμάτων
1258 1997 1500 2073 ἀντέχειν
1580 2002 1919 2073 παρασκευά-

275 2095 476 2159 ζοντες.
536 2092 622 2144 Ἐν
678 2082 833 2164 φόϐῳ
882 2085 932 2143 δ’
978 2086 1127 2150 ὄντες
1180 2089 1256 2162 μὴ
1306 2088 1430 2160 περί
1478 2087 1575 2151 τὰς
1624 2087 1920 2163 λεγομένας

275 2177 501 2253 Σύρτεις
528 2175 830 2250 ἐμπέσωσι,
859 2175 923 2231 τὸ
970 2174 1142 2231 ἱστιόν
1187 2180 1285 2231 τοῦ
1314 2173 1532 2231 πολλοῦ
1577 2175 1734 2230 τόνου
1773 2175 1920 2232 ἀνέν-

267 2290 379 2341 τες,
439 2267 719 2345 ἐφέροντο.
780 2265 1032 2343 Σφοδροῦ
1101 2263 1148 2320 δ’
1223 2265 1543 2342 ἐγκειμένου
1617 2270 1919 2340 χειμῶνος,

265 2363 503 2432 τριταῖοι
553 2356 870 2433 αὐτόχειρες
918 2356 1016 2424 τήν
1075 2355 1270 2423 σκευὴν
1316 2360 1415 2411 τοῦ
1465 2353 1668 2410 πλοίου
1713 2355 1919 2410 ἅπασαν

260 2452 343 2519 τῷ
389 2446 617 2521 πελάγει
660 2445 904 2522 ἀφίεσαν.
954 2445 1185 2507 Ἱκαναῖς
1244 2442 1292 2499 δ’
1349 2443 1429 2523 ἐφ’
1487 2442 1720 2519 ἡμέραις
1783 2445 1921 2518 μήθ’

269 2536 442 2606 ἡλίου
504 2538 644 2610 μήτε
698 2534 908 2609 ἄστρων
973 2535 1107 2609 ὑπὲρ
1165 2532 1392 2609 οὐρανὸν
1453 2532 1773 2607 ὁρωμένων,
1826 2536 1916 2590 καὶ

266 2624 489 2681 πολλοῦ
546 2622 647 2680 τοῦ
704 2620 984 2685 κλύδωνος
1042 2621 1446 2697 περιρρέοντος,
1504 2628 1651 2677 πᾶσα
1706 2625 1741 2691 ἡ
1819 2630 1919 2693 τῆς

271 2713 553 2788 σωτηρίας
611 2718 928 2789 περιῃρεῖτο
985 2711 1163 2774 ἐλπίς.
1226 2710 1436 2782 ’Δσιτίᾳ
1492 2732 1550 2766 τε
1609 2709 1699 2766 διὰ
1751 2717 1922 2768 ταῦτα

273 2803 614 2878 πιεζομένων
678 2808 785 2859 τῶν
837 2803 889 2858 έν
946 2807 1027 2873 τῷ
1084 2800 1266 2875 πλοίῳ
1328 2799 1543 2875 πολλῇ,
1592 2802 1621 2856 ὁ
1680 2800 1921 2872 Παῦλος,

274 2894 483 2968 Ἐχρῆν
532 2894 650 2968 μὲν,
703 2890 877 2969 ἔλεγε,
906 2893 1221 2962 πειθηνίους
1266 2912 1329 2967 γε
1371 2889 1547 2960 ὄντας,
1591 2891 1668 2963 μὴ
1716 2889 1775 2946 ἐκ
1818 2897 1919 2959 τῆς

278 2986 500 3059 Κρήτης
547 2982 856 3055 ἀνάγεσθαι,
905 2983 1002 3050 τῆς
1046 3001 1105 3036 τε
1152 2976 1359 3055 ὕϐρεως
1408 2987 1499 3034 καί
1558 2980 1786 3054 ζημίας,
1845 2981 1920 3041 ὡς

272 3071 615 3147 πορρωτάτω
662 3072 791 3127 εἶναι
828 3089 840 3104 ⁸
893 3068 1041 3126 ἀλλά
1085 3070 1175 3126 καὶ
1224 3073 1311 3125 νῦν
1360 3074 1609 3143 παραινῶ
1666 3071 1920 3142 εὐθύμως

271 3160 417 3238 ἔχειν
480 3162 621 3235 ὑμᾶς
654 3181 668 3195 ⁸
729 3159 876 3231 πλὴν
931 3161 1038 3236 γὰρ
1092 3163 1190 3215 τοῦ
1248 3157 1471 3231 πλοίου,
1520 3156 1750 3233 οὐδεμία
1807 3164 1913 3215 τῶν

267 3248 420 3308 ἔνδον
475 3252 827 3308 ἀποπεσεῖται
878 3251 1056 3326 ψυχή.
1107 3248 1284 3323 Ταύτῃ
1339 3250 1443 3325 γὰρ
1502 3245 1570 3319 δὴ
1619 3252 1689 3323 τῇ
1739 3249 1912 3319 νυκτὶ,

2026 1923 2139 1980 que
2166 1906 2223 1961 in
2256 1906 2447 1962 navim
2479 1905 2733 1975 sublata,
2766 1909 2964 1964 navim
2998 1909 3189 1980 ipsam
3222 1925 3397 1981 quam
3430 1913 3681 1980 possunt

2027 1995 2388 2064 ﬁrmissime,
2445 2004 2646 2053 contra
2701 1997 3067 2054 incursiones
3110 2001 3168 2053 et
3217 1996 3502 2070 procellas
3562 1998 3678 2053 ﬂu-

2028 2090 2229 2145 ctuum
2261 2086 2582 2160 cingentes,
2613 2088 2911 2144 instruunt
2931 2091 2989 2144 et
3012 2089 3435 2145 communiunt.
3460 2088 3680 2145 Deinde

2030 2193 2103 2234 ne
2158 2178 2218 2233 in
2274 2178 2491 2246 Syrtes,
2548 2193 2672 2247 qua:
2747 2177 3047 2245 dicuntur,
3106 2178 3428 2235 inciderent
3484 2178 3679 2247 veriti,

2028 2264 2153 2323 velo
2210 2266 2400 2322 laxato
2439 2263 2753 2321 vehuntur.
2806 2267 2874 2321 Et
2922 2265 3424 2324 turbulentissima
3487 2275 3685 2325 coorta

2029 2355 2223 2412 hieme
2266 2363 2321 2411 et
2368 2358 2734 2425 tempestate,
2778 2356 2947 2412 tertio
2977 2356 3215 2411 demum
3270 2355 3362 2411 die
3389 2356 3686 2427 jacturam

2029 2446 2273 2512 faciunt,
2308 2451 2363 2500 et
2407 2444 2675 2501 manibus
2722 2444 2837 2516 ipsi
2881 2445 3007 2501 suis
3058 2445 3256 2502 omnia
3287 2444 3451 2500 navis
3481 2461 3682 2502 arma-

2030 2538 2228 2593 menta
2275 2533 2336 2588 in
2385 2532 2624 2605 pelagus
2673 2534 3009 2605 projiciunt.
3060 2538 3204 2590 Cum
3248 2537 3443 2591 autem
3476 2534 3681 2592 diebus

2029 2623 2320 2694 pluribus,
2353 2637 2542 2693 neque
2573 2620 2683 2689 sol,
2735 2639 2924 2694 neque
2973 2627 3133 2679 astra
3176 2622 3236 2679 in
3268 2623 3412 2679 ccelo
3442 2625 3676 2696 conspi-

2031 2717 2318 2781 cerentur,
2369 2710 2764 2781 immanisque
2814 2715 3089 2782 praeterea
3139 2711 3476 2768 immineret
3521 2717 3679 2770 tem-

2030 2811 2246 2875 pestas,
2297 2801 2489 2858 omnis
2537 2817 2671 2872 spes
2720 2800 2929 2857 salutis
2976 2801 3328 2873 przsciditur.
3382 2803 3575 2875 anue
3604 2805 3679 2858 de

2031 2907 2207 2949 causa
2237 2897 2492 2945 vectores
2538 2889 2654 2945 cibi
2703 2889 3059 2946 abstinentia
3105 2894 3163 2946 et
3191 2889 3388 2945 inedia
3417 2889 3680 2963 longiore

2031 2982 2421 3034 macerantur.
2471 2978 2657 3049 Atque
2702 2977 2784 3033 ibi
2837 2977 3097 3034 Paulus:
3152 2979 3415 3040 Decebat,
3468 2978 3678 3050 inquit,

2030 3084 2131 3123 vos
2162 3067 2303 3123 mihi
2354 3082 2576 3122 morem
2628 3082 2845 3138 gerere,
2895 3071 2953 3123 et
2998 3082 3029 3123 e
3074 3067 3244 3123 Creta
3292 3084 3406 3123 non
3438 3068 3680 3125 solvere.

2032 3156 2127 3212 Sic
2157 3156 2314 3212 enim
2347 3155 2711 3224 tempestatis
2741 3155 2920 3228 hujus
2951 3156 3164 3229 injuria
3186 3156 3491 3227 etjaotura
3520 3173 3677 3212 care-

2031 3248 2192 3302 retis.
2240 3246 2349 3302 Sed
2383 3261 2538 3300 nunc
2576 3260 2808 3316 quoque
2857 3245 3055 3317 quieto
3104 3261 3205 3302 vos
3252 3245 3520 3317 bonoque
3549 3263 3675 3303 esse

266 3346 405 3398 Θεοῦ
463 3338 694 3417 ἅγγελος
742 3340 788 3412 ᾧ
846 3337 1038 3414 λάτρις
1093 3337 1207 3413 εἰμὶ
1265 3336 1563 3412 παραστὰς,
1621 3339 1916 3413 παρηγγύα

2027 3335 2195 3407 iubeo
2225 3334 2439 3391 animo.
2471 3336 2684 3390 Praeter
2731 3334 2924 3390 navim
2978 3335 3134 3392 enim
3184 3334 3349 3391 nulla
3378 3339 3678 3392 vectorum

262 3452 323 3487 τε
360 3432 436 3504 μή
487 3425 772 3511 φοϐεῖσθαι
807 3449 819 3463 ⁸
868 3435 956 3484 Δεῖ
1005 3427 1108 3505 γάρ
1159 3448 1218 3482 σε
1248 3428 1476 3502 Καίσαρι
1522 3433 1863 3501 παραστῆναι
1896 3444 1911 3459 ⁸

265 3520 428 3597 χάριν
457 3540 518 3575 τε
547 3519 632 3575 σοὶ
677 3517 941 3590 πλείστην
990 3515 1172 3587 εἰδὼς,
1213 3515 1341 3579 τοὺς
1390 3514 1725 3591 συμπλώτας
1776 3517 1917 3571 πάν-

2025 3423 2330 3480 intercidet
2378 3425 2596 3479 anima.
2650 3422 2769 3478 Hac
2815 3425 2969 3479 enim
3031 3424 3157 3494 ipsa
3206 3431 3374 3480 nocte
3419 3422 3677 3496 Angelus

2026 3513 2150 3578 Dei,
2184 3528 2355 3584 quem
2407 3511 2556 3578 colo,
2606 3511 2754 3566 mihi
2800 3510 3103 3581 assistens,
3144 3512 3408 3568 timorem
3452 3529 3541 3568 me
3572 3513 3678 3569 ab-

263 3631 360 3672 τας
419 3609 504 3665 σοί
569 3630 631 3684 γε
706 3607 983 3684 δωρεῖται.
1044 3609 1317 3663 Ἐκπεσεῖν
1378 3604 1422 3662 δ’
1493 3607 1698 3681 ἀνάγκη
1770 3608 1917 3680 ἡμᾶς

2027 3601 2203 3673 jicere
2227 3599 2409 3671 jussit
2440 3617 2453 3654 :
2487 3600 2724 3671 Oportet
2745 3600 2930 3667 enim,
2961 3600 3181 3667 dicens,
3219 3601 3371 3671 apud
3393 3602 3678 3657 Cmsarem

263 3702 418 3772 νήσῳ
474 3698 601 3757 τινί.
656 3693 1209 3772 Τεσσαρεσκαιδεκάτη
1269 3695 1355 3766 νὺξ
1422 3694 1673 3770 παρῆλθε
1728 3695 1791 3750 τὸ
1865 3694 1917 3765 ἐξ

267 3787 499 3858 ἐκείνου,
560 3788 612 3842 οἱ
671 3786 728 3843 δὲ
780 3791 860 3858 τῷ
935 3783 1126 3860 Ἀδρίᾳ
1179 3783 1592 3860 ἐταλαιπώρουν
1628 3804 1640 3819 ⁸
1708 3784 1802 3839 καὶ
1854 3785 1916 3840 τὸ

270 3879 440 3953 βάθος
517 3874 943 3954 ἀναδιφώμενοι,
1021 3875 1147 3950 περὶ
1221 3876 1441 3951 ὀργυιὰς
1519 3873 1762 3949 εὕρισκον
1841 3870 1918 3928 εἷ’-

267 3989 413 4025 κοσι.
459 3972 691 4045 Τραχεῖς
734 3964 792 4022 δὲ
847 3966 1051 4029 τόπους
1112 3965 1354 4020 ἐκπεσεῖν
1414 3960 1671 4033 δεδιότες,
1727 3963 1921 4019 τέσσα-

270 4077 367 4131 ρας
444 4056 683 4131 ἀγκύρας
758 4055 1010 4131 ῥίψαντες
1083 4054 1421 4131 πρύμνηθεν,
1496 4052 1704 4128 ἡμέραν
1781 4054 1920 4129 γενέ-

270 4146 393 4200 σθαι
455 4143 824 4201 ἐθεοκλύτουν.
885 4144 953 4201 Οἱ
1014 4143 1071 4198 δὲ
1126 4147 1311 4199 ναῦται
1377 4142 1468 4198 καὶ
1541 4143 1641 4212 τὴν
1714 4141 1921 4220 σκάφην

268 4233 329 4289 ἐκ
380 4238 479 4289 τοῦ
547 4231 748 4289 πλοίου
822 4235 960 4289 κάτᾶ
1015 4232 1297 4310 πελάγους
1373 4229 1650 4309 ἔρῥιπτον,
1708 4233 1918 4310 φεύγειν

273 4320 754 4397 διασκοπούμενοι.
810 4322 1108 4398 Είσηγήσει
1168 4319 1225 4378 δί
1281 4320 1507 4378 Παύλου
1557 4322 1610 4376 οἱ
1659 4323 1784 4396 περὶ
1833 4322 1925 4378 τὸν

269 4412 695 4488 ἑκατόνταρχον,
756 4413 851 4474 τὰς
926 4413 1187 4487 σχοίνους
1265 4410 1473 4482 ἐκείνης
1554 4408 1923 4486 διατεμόντες,

268 4504 351 4572 τῷ
409 4499 636 4576 πελάγει
704 4502 801 4570 τὴν
874 4501 1084 4578 σκάφην
1141 4498 1263 4556 ε’ίων
1339 4499 1564 4574 ἀνέμοις
1645 4500 1920 4576 φέρεσθαι.

2027 3698 2082 3747 te
2112 3689 2262 3745 sisti.
2293 3689 2356 3743 Et
2386 3690 2542 3760 quod
2575 3688 2864 3759 gratiosus
2893 3690 3047 3760 apud
3078 3688 3261 3745 Deum
3293 3703 3376 3759 es,
3420 3694 3674 3747 vectores

2026 3777 2206 3836 simul
2262 3792 2467 3833 omnes
2516 3778 2625 3833 tibi
2671 3776 2769 3833 ille
2816 3779 3043 3834 donat:
3087 3776 3148 3833 in
3189 3777 3437 3835 insulam
3479 3784 3674 3836 autem

2026 3885 2133 3925 nos
2189 3867 2501 3939 quamdam
2546 3866 2678 3937 ejici
2728 3882 2963 3923 necesse
3014 3871 3120 3922 est.
3178 3867 3395 3931 Quarta
3443 3866 3673 3923 decima

2026 3956 2235 4014 deinde
2281 3956 2614 4028 supervenit
2658 3971 2789 4025 nox,
2842 3955 2995 4011 186
3045 3960 3102 4011 et
3147 3954 3231 4010 illi
3283 3954 3342 4011 in
3379 3956 3672 4013 Adriatico

2028 4044 2386 4103 afﬂictantur
2435 4044 2583 4099 mari
2617 4058 2633 4098 :
2667 4053 2843 4115 atque
2894 4043 3269 4100 altitudinem
3322 4043 3685 4116 inquirentes

2031 4135 2223 4201 unde,
2253 4135 2323 4190 ad
2356 4133 2564 4207 viginti
2594 4149 2809 4205 passus
2843 4132 3179 4190 inveniunt.
3202 4134 3268 4189 Et
3291 4150 3360 4190 ne
3388 4135 3446 4191 in
3479 4151 3689 4207 aspera

2030 4225 2356 4281 inciderent
2384 4226 2509 4279 loca
2539 4226 2892 4290 metuentes,
2912 4227 3166 4294 quatuor
3196 4239 3228 4278 e
3260 4223 3437 4296 puppi
3472 4224 3686 4281 ancho-

2032 4314 2112 4371 ris
2159 4313 2452 4386 projeetis,
2496 4312 2653 4368 diem
2704 4330 2738 4368 a
2779 4314 2895 4369 Deo
2947 4312 3213 4383 precibus
3265 4317 3485 4386 optant.
3532 4315 3685 4370 Tum

2032 4404 2269 4460 demum
2301 4408 2493 4459 nautae
2522 4401 2803 4475 scapham
2836 4418 2867 4459 e
2898 4402 3027 4458 navi
3059 4402 3118 4457 in
3154 4418 3315 4459 mare
3345 4403 3682 4474 projiciunt,

2032 4498 2089 4552 et
2122 4494 2269 4564 fugae
2319 4491 2627 4549 consilium
2677 4492 2929 4565 capiunt.
2963 4492 3234 4550 Centurio
3267 4498 3484 4564 autem,
3519 4493 3683 4549 Pauli

266 4590 445 4663 Πρινὴ
504 4586 552 4644 δ’
604 4591 814 4663 ἡμέραν
872 4588 1141 4664 γενέσθαι,
1197 4594 1407 4666 τροφῆς
1477 4587 1724 4663 μετέχειν
1781 4593 1911 4643 πᾶσι

2033 4599 2230 4650 suasu,
2262 4582 2429 4638 funes
2482 4581 2711 4654 scaphas
2761 4582 2939 4638 incidi
2982 4583 3171 4655 jubet,
3211 4598 3460 4655 eamque
3494 4583 3682 4638 ventis

263 4679 503 4753 παρῄνει
535 4680 563 4733 ὁ
596 4677 812 4741 Παῦλος
847 4698 860 4711 ⁸
916 4676 1056 4751 μηδὲ
1085 4680 1185 4753 γὰρ
1215 4677 1384 4757 τρίχα
1434 4677 1554 4739 ἑνὸς
1599 4681 1705 4733 τῶν
1749 4676 1921 4732 ἀπάν-

263 4772 380 4823 τῶν
416 4775 550 4837 ,τῆς
622 4767 867 4842 κεφαλῆς
945 4768 1296 4825 ἀποπίπτειν.
1375 4767 1638 4829 Κάκεῖνος
1701 4771 1919 4843 πρῶτος

268 4862 389 4929 Θεῷ
437 4856 832 4936 ἀφοσιούμενος
859 4858 927 4912 τὰ
977 4857 1183 4927 εἰκότα,
1227 4863 1442 4935 τροφῆς
1490 4854 1715 4925 ἥπτετο.
1768 4854 1920 4912 Ἐπί-

270 4967 373 5016 σης
408 4945 464 5001 δὲ
508 4947 600 5001 καὶ
633 4947 684 5001 οἱ
715 4950 812 5002 τοῦ
860 4944 1059 5001 πλοίου
1109 4945 1348 5018 ἐποίουν,
1379 4945 1433 5016 ’ἐξ
1485 4944 1635 5008 ὄντες
1683 4940 1922 5019 ἐϐδομή-

266 5036 437 5090 κοντά
477 5057 535 5091 τε
577 5035 667 5090 καὶ
718 5032 1010 5092 διακόσιοι.
1063 5040 1153 5099 Ὡς
1203 5033 1248 5090 δ’
1296 5035 1477 5111 ἡμέρα
1533 5035 1623 5104 ἦν,
1684 5031 1918 5109 διαγνῶ-

264 5145 355 5180 ναι
391 5125 485 5197 μὶν
515 5123 615 5179 οὐκ
666 5126 818 5200 εἶχον
868 5125 964 5193 τήν
1015 5131 1118 5201 γῆν
1151 5143 1165 5158 ⁸
1216 5122 1423 5180 κόλπον
1472 5121 1528 5178 δέ
1571 5143 1688 5177 τινα
1732 5123 1917 5198 ἐώρων

268 5214 526 5290 αἰγιαλὸν
576 5208 800 5290 ἔχοντα.
832 5215 935 5276 Τάς
988 5212 1080 5269 οὖν
1130 5214 1366 5289 ἀγκύρας
1413 5210 1782 5285 περιελόντες,
1828 5211 1919 5266 καὶ

262 5302 363 5365 τὰς
419 5306 529 5359 τῶν
587 5300 882 5375 πηδαλίων
944 5303 1263 5376 ζευκτηρίας
1318 5303 1545 5372 ἀνέντες,
1610 5301 1803 5376 μικρὸν
1863 5298 1920 5355 δὲ

266 5393 692 5467 μετεωρίσαντες
733 5395 826 5448 τὸν
886 5394 1194 5468 ἀρτέμωνα,
1244 5396 1314 5467 τῇ
1375 5391 1699 5465 έπιπνεούσῃ
1760 5387 1918 5445 δυνάο

265 5502 357 5556 μει
414 5482 491 5545 εἷς
540 5483 632 5538 τὸν
681 5482 930 5558 αἰγιαλὸν
980 5488 1242 5557 κατῆγον.
1295 5488 1359 5539 Ἡ
1420 5482 1516 5556 μὲν
1575 5480 1665 5536 οὖν
1724 5481 1918 5556 πρώρα

261 5572 316 5628 ἐν
355 5576 435 5644 τῷ
466 5569 699 5647 ἀσφαλεῖ
744 5572 1034 5629 καθίστατο
1068 5592 1083 5606 ⁸
1119 5574 1153 5641 ἡ
1203 5569 1259 5626 δὲ
1298 5573 1520 5647 πρύμνα
1560 5575 1630 5646 τῇ
1667 5569 1761 5646 βίᾳ
1810 5574 1917 5625 τῶν

263 5662 526 5735 κυμάτων
576 5659 787 5722 ἐλύετο.
842 5663 939 5719 Καὶ
991 5659 1273 5738 βούλευμα
1324 5660 1420 5734 μὶν
1470 5659 1537 5733 ἦν
1599 5658 1736 5736 ξίφει
1792 5655 1916 5714 δια-

2030 4672 2409 4729 aut‘erendam
2440 4670 2773 4728 committit.
2811 4671 2876 4726 Et
2916 4672 3262 4744 priusquam
3296 4671 3679 4732 illucesceret,

2029 4762 2245 4818 Paulus
2277 4776 2503 4831 omnes,
2537 4767 2597 4816 ut
2636 4761 2833 4817 cibum
2879 4760 3131 4832 capiant,
3163 4760 3449 4829 hortatur,
3483 4775 3555 4814 ne
3584 4774 3682 4815 ca-

2030 4851 2234 4923 pillum
2271 4851 2508 4922 quidem
2562 4850 2803 4906 unicum
2855 4866 2885 4906 e
2926 4849 3114 4921 capite
3160 4864 3363 4904 eorum
3412 4847 3682 4904 omnium

2028 4944 2357 5000 decisurum
2408 4941 2710 5014 pollicens.
2768 4941 3015 5012 Ipseque
3072 4939 3297 5011 primus
3357 4940 3468 4994 Deo
3528 4954 3677 5009 quas

2029 5031 2268 5088 decebat
2296 5030 2499 5101 gratiis
2528 5029 2785 5098 sacratis,
2819 5029 3017 5085 cibum
3048 5027 3229 5084 sumit
3256 5043 3270 5083 :
3293 5027 3449 5099 quod
3473 5026 3676 5084 itidem

2029 5124 2283 5178 vectores
2335 5120 2563 5193 reliqui,
2613 5120 2714 5191 qui
2758 5117 2992 5174 ducenti
3040 5121 3096 5174 et
3146 5118 3519 5190 septuaginta
3576 5134 3677 5175 sex

2026 5214 2214 5277 erant,
2247 5209 2488 5266 faciunt.
2540 5209 2610 5265 Ut
2655 5213 2849 5265 autem
2893 5207 3017 5264 dies
3050 5207 3259 5279 illuxit,
3291 5212 3506 5264 terram
3539 5208 3678 5280 qui—

2028 5300 2159 5356 dem
2188 5298 2526 5369 dignoscere
2555 5302 2853 5369 nequeunt
2877 5313 2891 5354 :
2917 5298 3117 5353 sinum
3142 5313 3275 5353 vero
3302 5296 3679 5369 conspiciunt

2024 5388 2186 5445 littus
2214 5389 2548 5445 habentem.
2583 5387 2900 5444 Subductis
2947 5385 3146 5457 itaque
3177 5388 3428 5455 ancoris,
3459 5388 3676 5459 guber-

2027 5477 2484 5551 naculorumque
2516 5477 2779 5535 remissis
2804 5478 3123 5549 juncturis,
3157 5481 3213 5534 et
3243 5485 3540 5535 artemone
3567 5478 3670 5535 ali-

2025 5570 2375 5640 quantulum
2402 5568 2652 5635 sublato,
2682 5567 2966 5640 spirantis
2996 5568 3147 5625 venti
3169 5568 3223 5623 vi
3247 5568 3319 5625 ad
3349 5566 3515 5626 littus
3549 5577 3676 5627 ten-

2024 5658 2187 5716 dunt.
2221 5659 2289 5716 Et
2335 5674 2507 5732 prora
2557 5658 2796 5734 quidem
2848 5658 3072 5731 integra
3101 5662 3423 5732 permanet,
3456 5661 3671 5734 puppis
3709 5700 3715 5707 -
