4084 6208
222 329 344 390 841

1254 339 1877 402 ECCLESIASTICAE
1921 338 2310 400 HISTORIA?
2354 340 2495 401 LIB.
2546 343 2619 402 ll.

3522 353 3639 419 842

224 463 428 532 πάλαι,
473 467 717 541 καθάπερ
773 467 1026 538 ἐπόθουν,
1097 475 1212 532 τοῖς
1279 471 1653 546 ψευδωνύμως
1720 476 1870 527 ταῦτα

1999 473 2289 540 volebant,
2322 473 2468 530 falso
2507 474 2744 530 creditis
2775 476 2907 543 diis,
2941 477 3182 549 picturis
3220 499 3318 540 eas
3349 484 3638 544 inscribe-

225 573 532 626 γραφοντες
599 558 1031 630 παρεσημαινον.
1102 559 1187 612 Ἐν
1263 561 1444 615 τοίνυν
1501 566 1580 633 τῷ
1648 563 1881 634 τοιούτῳ

224 640 417 714 πλοίῳ
469 645 606 716 μετὰ
662 645 842 718 τρίτον
899 640 1180 708 ἐπιϐάντες
1243 655 1390 721 μῆνα
1475 651 1526 704 οἱ
1602 652 1724 723 περί
1790 651 1881 704 τὸν

227 734 375 787 θεῖον
431 734 647 789 Παῦλον
709 735 785 800 είς
838 737 1178 811 Συρακούσας
1248 742 1552 815 κατήγοντο
1607 761 1621 775 ·
1679 739 1880 797 ἐκεῖθεν

228 818 290 876 δὲ
349 821 425 884 είς
479 825 703 899 Ῥήγιον
753 840 768 858 ⁸
828 826 917 880 καὶ
978 823 1277 902 δευτεραῖοι
1348 828 1501 894 αὖθις
1576 828 1750 900 ἦλθον
1807 831 1881 892 εἰς

229 912 558 975 Ποτιόλους.
619 914 893 970 Ἐντευθεν
949 913 1007 970 δὲ
1083 915 1157 980 εἷς
1231 920 1452 993 Ῥώμην
1531 918 1879 990 διεσώζοντο.

227 998 491 1079 ’Δδελφοί
525 999 582 1058 δέ
629 1022 770 1066 τινες
815 1006 915 1075 τήν
959 1009 1256 1082 παρουσίαν
1303 1008 1606 1083 ᾐσθημένοι
1640 1010 1880 1082 Παύλου,

226 1087 394 1164 ἄχρις
451 1093 646 1146 Ἀπίου
694 1093 877 1170 Φόρου
926 1096 1013 1149 καὶ
1077 1101 1249 1170 Τριῶν
1304 1094 1590 1173 Ταϐερνῶν
1667 1101 1880 1176 προῦπ-

227 1180 432 1249 ήντων.
495 1181 769 1257 Ἐμπόρια
841 1179 896 1238 δὲ
971 1189 1140 1240 ταῦτα
1233 1193 1332 1256 τῆς
1400 1189 1626 1262 Ῥώμης
1689 1185 1880 1258 ἔξωθεν

225 1270 478 1342 κείμενα.
531 1270 664 1331 Τοὺς
735 1272 827 1344 μὲν
877 1271 969 1326 οὖν
1020 1271 1281 1348 δεσμίους
1329 1275 1624 1351 παρεδίδου
1676 1279 1704 1332 ὁ
1763 1278 1880 1332 ἑκα-

224 1358 559 1434 τοντάρχης,
607 1361 822 1414 Παῦλον
871 1357 926 1414 δὲ
978 1363 1143 1436 μόνον
1193 1366 1287 1419 σὺν
1336 1364 1482 1438 αύτῷ
1531 1367 1665 1441 εἶχε.
1706 1366 1876 1441 Τρίτη

229 1448 295 1502 τὸ
325 1447 375 1516 ἐξ
409 1447 616 1502 ἐκείνου
646 1447 824 1522 ἡμέρα
854 1450 920 1519 ἦν
945 1467 957 1480 ·
992 1452 1081 1505 καὶ
1127 1453 1155 1506 ὁ
1201 1451 1416 1516 Παῦλος
1446 1455 1572 1516 τοὺς
1627 1458 1878 1530 πρώτους

225 1538 338 1590 τῶν
389 1534 669 1592 Ἰουδαίων
725 1537 1079 1611 μετεκαλεῖτο
1133 1560 1146 1575 ·
1195 1541 1285 1597 καί
1336 1541 1506 1619 λέγων
1549 1540 1878 1616 διεϐεϐαίου,

233 1623 406 1697 μηδὲν
437 1647 488 1680 τι
529 1630 607 1698 τῷ
657 1627 871 1700 πατρίῳ
931 1630 1086 1702 νόμῳ
1145 1627 1482 1707 διαμαρτεῖν,
1543 1630 1764 1706 δέσμιος
1822 1632 1878 1690 δὲ

225 1715 519 1786 Ῥωμαίων
579 1713 974 1788 παραδεδόσθαι
1033 1720 1218 1795 χερσίν
1260 1737 1274 1752 ’
1351 1722 1404 1776 οἳ
1479 1724 1567 1777 καὶ
1641 1725 1876 1795 τάληθὲς

233 1801 258 1820 κ
405 1804 417 1822 ο
673 1805 686 1824 Ι
828 1806 850 1824 ν
1089 1807 1112 1826 Ν
1143 1815 1166 1825 ν
1322 1817 1342 1826 υ
1467 1811 1508 1832 ἢν
1587 1815 1598 1830 ο
1745 1815 1756 1834 Ι

229 1822 557 1878 οιαγνοντες,
622 1805 768 1860 λυειν
826 1828 1032 1882 εκρινον
1085 1825 1216 1867 οειν.
1271 1819 1386 1866 Των
1464 1832 1490 1867 ο
1580 1815 1878 1888 ομοφυλων

230 1893 488 1973 σφοδρῶς
552 1894 894 1970 ἐγκειμένων,
955 1897 1024 1952 δι’
1077 1901 1320 1976 ἀναγκης
1377 1903 1548 1972 ἦλθον
1626 1903 1878 1960 ἐπικαλέ-

233 1986 424 2038 σασθαι
470 1984 705 2060 Καίσαρα
739 2005 751 2019 ’
815 1987 922 2061 οὐχ
968 1989 1044 2052 ὡς
1088 1994 1187 2044 τοῦ
1235 1992 1365 2065 ’μοῦ
1415 1989 1598 2056 ἔθνους
1647 1990 1791 2068 ἔχων
1824 2018 1874 2051 τι

236 2079 531 2142 κατειπεῖν,
583 2073 708 2130 ἀλλ’
754 2075 892 2130 ὥστε
943 2077 1158 2150 μᾶλλον
1205 2079 1345 2152 ὓμᾶς
1392 2079 1519 2136 ἰδεῖν
1570 2085 1657 2137 καί
1716 2105 1879 2158 προσ-

239 2162 504 2234 λαλῆσαι.
558 2169 660 2223 ’Ἢν
707 2170 810 2244 γὰρ
859 2171 1018 2246 ὁρᾶτε
1069 2170 1451 2244 περικειμένην
1511 2195 1604 2247 μοι
1665 2175 1878 2248 ἅλυσιν,

237 2252 441 2324 ταύτην
492 2251 644 2310 ἕνεκα
690 2264 789 2327 τῆς
845 2263 940 2314 σοῦ
980 2257 1202 2333 Ἰσραὴλ
1267 2257 1488 2325 ἐλπίδος
1542 2265 1877 2338 περίκειμαι.

236 2345 303 2400 Οἱ
346 2341 413 2434 δὲ
451 2352 790 2421 παρῃτοῦντο
851 2350 938 2404 καὶ
1009 2350 1187 2421 αὐτοὶ,
1248 2349 1415 2424 μηδέν
1502 2375 1551 2409 τι
1638 2356 1880 2434 φλαῦρον

232 2433 358 2506 περί
416 2434 585 2490 αὑτοῦ
641 2438 676 2506 ἢ
733 2438 873 2512 ἀκοῇ
932 2439 966 2508 ἢ
1014 2441 1302 2515 γράμματι
1350 2440 1616 2516 δέξασθαι.
1652 2433 1876 2499 Διοικοῦ-

231 2521 324 2573 σαί
365 2541 424 2596 γε
483 2523 590 2594 μὴν
639 2523 894 2597 ἀξιοῦμεν
941 2528 1062 2600 περὶ
1113 2529 1184 2581 ὢν
1238 2528 1415 2605 λέγειν
1467 2528 1640 2606 ἔχοις.
1699 2541 1878 2607 Ίσμεν

227 2611 320 2662 καὶ
382 2611 507 2686 γὰρ,
540 2612 614 2674 ὼς
664 2615 698 2676 ἡ
751 2613 954 2688 α’ίρεσις
1002 2614 1138 2688 αὕτη
1190 2620 1224 2686 ἦ
1258 2620 1392 2672 κατὰ
1434 2622 1660 2695 Χριστὸν
1705 2624 1874 2678 ἁπαν-

222 2702 405 2772 ταχοῦ
469 2699 820 2774 ἀντιλὲγεται.
882 2705 978 2758 Καὶ
1056 2702 1177 2774 δῆθ’
1252 2707 1460 2780 ἡμέρας
1546 2709 1874 2784 ὁρισθείσης,

223 2793 476 2860 παρῇσαν
534 2792 726 2852 πάντες
762 2810 774 2823 ⁸
825 2791 912 2845 καὶ
977 2790 1044 2846 δι’
1101 2792 1241 2864 ὅλης
1318 2793 1524 2869 ἡμέρας
1602 2798 1668 2851 τὰ
1742 2799 1877 2855 κατᾶ

227 2877 462 2949 Χριστὸν
520 2880 604 2932 καὶ
669 2882 766 2949 τὴν
823 2881 987 2935 αὐτοῦ
1045 2879 1244 2957 διεξῄει
1324 2883 1620 2958 βασιλείαν,
1679 2888 1878 2944 πείθων

225 2958 289 3018 ἔκ
336 2987 392 3020 τε
450 2971 547 3022 τοῦ
603 2968 776 3042 νόμου
834 2971 924 3025 καὶ
983 2975 1093 3027 τῶν
1143 2992 1466 3046 προφητῶν,
1499 2975 1587 3028 καὶ
1640 2974 1720 3054 ἐφ’
1751 2976 1875 3031 ἑκά-

229 3076 345 3128 στῳ
410 3056 752 3132 ἁρμόζουσαν
822 3062 921 3130 τὴν
990 3061 1288 3137 μαρτυρίαν
1361 3065 1695 3136 παρατιθείς.
1775 3068 1872 3122 Καὶ

228 3147 281 3198 οἱ
328 3146 424 3219 μὲν
479 3150 757 3219 πειθήνιοί
812 3171 870 3204 τε
924 3150 1060 3219 ἦυαν
1119 3153 1208 3204 καὶ
1266 3151 1447 3226 ἡρέμα
1501 3152 1627 3216 τοὺς
1673 3153 1868 3229 λόγούς

1351 1722 1404 1776 οἳ
1479 1724 1567 1777 καὶ

224 3216 486 3310 ἐδέχοντο
513 3256 526 3269 ·
563 3239 614 3292 οἱ
650 3235 706 3293 δὲ
736 3240 930 3308 ἥκιστα
962 3239 1118 3296 εἶχον
1165 3245 1281 3303 τοῖς
1308 3216 1645 3316 ἐίρημὲνοις
1696 3216 1868 3319 προσσ
1901 3216 1944 3281 C

222 3323 462 3379 τίθεσθαι
499 3345 512 3360 ο
575 3327 916 3404 ἀσυμφώνως
966 3325 1012 3382 δ’
1061 3324 1298 3404 ἔχοντες,
1333 3326 1632 3392 διελύοντο.
1674 3338 1790 3388 Τῶν
1816 3331 1873 3388 δὲ

223 3415 568 3487 γραμμάτων
631 3420 856 3487 Φήστου
909 3422 976 3491 τῇ
1035 3417 1157 3488 ἐξῆς
1207 3423 1286 3491 τῷ
1344 3419 1550 3491 Νέρωνι
1619 3419 1872 3477 ἀποδεδο-

227 3504 432 3575 μένων,
498 3509 577 3576 τῷ
651 3504 856 3561 ἐκείνου
932 3507 1253 3582 παρίσταται
1340 3509 1576 3584 βήματι.
1637 3510 1870 3566 Ἀπολο-

217 3593 366 3666 γίαις
421 3593 598 3648 τοίνυν
654 3594 904 3670 εὐλόγοις
938 3599 1040 3667 ,καὶ
1088 3596 1233 3652 πολύ
1289 3619 1340 3654 τι
1397 3599 1458 3654 τὸ
1510 3597 1787 3675 ἐπαγωγόν
1813 3622 1870 3656 τε

217 3681 311 3735 καὶ
345 3684 618 3758 πάνσοφον
659 3682 916 3759 ἐχούσαις
947 3685 1038 3740 τὸν
1088 3685 1448 3742 πολύπλοκον
1493 3686 1698 3744 ἐκεῖνον
1730 3693 1871 3766 θῆρα

220 3769 520 3849 διαφυγὼν,
555 3770 677 3829 οὔτε
731 3779 838 3829 τῶν
882 3775 1172 3849 ὁμοσύλων
1219 3778 1524 3851 καθήψατο,
1580 3779 1668 3834 καὶ
1707 3779 1866 3834 αὐτὸν

219 3862 298 3923 ὡς
331 3862 447 3937 εἶχε
489 3867 598 3916 τῶν
659 3863 1024 3938 ἐγκλημάτων
1075 3863 1296 3921 ἀπέλυε.
1358 3865 1460 3921 Καὶ
1517 3867 1579 3920 τὸ
1627 3868 1675 3940 ἐξ
1733 3867 1867 3924 ἐκεί-

215 3970 320 4004 νου
369 3949 579 4013 δτετοῦς
630 3953 832 4030 χρόνου
882 3953 1301 4029 παραρῥυὲντος,
1335 3953 1422 4008 ἐπὶ
1470 3957 1691 4029 Ῥώμης
1725 3961 1867 4012 Παῦ-

219 4039 323 4102 λος
355 4043 620 4110 καθῆστο,
653 4040 704 4096 ἐν
739 4041 861 4115 ἰδίῳ
891 4047 1000 4098 τῶν
1052 4038 1224 4118 ἔργων
1281 4045 1594 4117 μισθώματι
1645 4043 1861 4117 διαζῶν,

216 4130 312 4183 καὶ
372 4129 572 4193 πάντας
628 4133 752 4194 τοὺς
827 4133 962 4206 πρὸς
1039 4131 1238 4188 ἐκεῖνον
1301 4132 1554 4205 ἣκοντας,
1614 4135 1863 4209 ἄσμὲνως

219 4215 655 4294 ὑποδεχόμενος,
713 4220 804 4275 καὶ
866 4218 1058 4282 διττῶς
1115 4220 1345 4301 τρέφων,
1405 4225 1494 4277 καί
1554 4222 1720 4278 πλέον
1795 4228 1865 4298 τῇ

212 4307 383 4381 ἐνθὲῳ
413 4310 500 4363 καὶ
556 4308 789 4384 οὐρανίῳ
835 4313 1010 4388 τροφῇ
1071 4309 1346 4387 παρῥησίᾳ
1394 4333 1452 4367 τε
1499 4312 1587 4367 καὶ
1635 4313 1859 4390 γλώσσῃ

211 4397 390 4470 ἀνέτῳ
449 4399 548 4466 τήν
605 4403 702 4453 τοῦ
760 4404 892 4454 Θεοῦ
953 4397 1234 4473 βασιλείαν
1293 4403 1608 4477 κηρύττων,
1656 4403 1745 4458 καὶ
1795 4405 1860 4459 τὰ

211 4488 348 4542 κατὰ
397 4489 490 4542 τὸν
551 4490 745 4564 Κύριον
797 4492 957 4562 ἡμῶν
1004 4492 1215 4560 Ἰησοῦν
1293 4491 1530 4566 Χριστὸν
1609 4490 1859 4568 ἐλευθέρᾳ

208 4578 492 4652 κηρύττων
536 4577 785 4654 γλώσσῃ,
843 4580 931 4633 καί
986 4577 1285 4641 ἀκωλύτως

209 4667 527 4740 λιζόμενος.

827 4872 1087 4925 ΚΕΦΑΛ.
1132 4868 1252 4924 AA'.

208 4979 312 5037 Ὠς
363 4972 524 5045 μετά
574 4976 777 5028 ταῦτα
824 4974 1008 5044 ἐξιὼν
1054 4980 1173 5047 τῆς
1214 4975 1564 5047 Ῥώμηςρ
1599 4973 1858 5047 Παῦλος

272 5047 477 5123 πμάλιν
510 5047 791 5123 εἱςτὸκή
814 5045 1443 5123 ρυγμαέπορεύετος
1469 5046 1585 5101 αὗθ
1609 5045 1854 5123 ιςᾼδ⁹ἐπί

276 5118 723 5196 “Ρώμην.γεῗνό
745 5116 1350 5196 μενοςλὺφίστοεται
1371 5119 1443 5196 to
1464 5119 1851 5196 μαρτύριον.

273 5191 382 5243 καὶ
411 5187 558 5263 περὶ
581 5187 716 5245 ’τῶν
746 5187 944 5244 θείων
977 5187 1354 5246 ἐπίστολῶν
1387 5187 1604 5247 αυτοῦ.

276 5296 358 5354 Τὰ
391 5298 485 5371 μὲν
543 5294 610 5366 δὴ
665 5297 830 5372 μέχρι
876 5301 972 5351 τοῦ
1017 5298 1284 5372 παρόντος
1323 5298 1351 5351 ὁ
1403 5297 1546 5372 ίερὸς
1583 5297 1673 5352 καὶ
1705 5299 1850 5360 θεῖος

195 5384 514 5448 ἀπόστολος
562 5387 651 5440 καὶ
699 5385 1091 5462 εύαγγελιστής
1139 5390 1350 5448 Λουκᾶς
1406 5387 1505 5455 τήν
1555 5389 1662 5442 τῶν
1716 5387 1849 5442 ἀπο-

193 5474 470 5532 στολικῶν
531 5474 783 5550 Πράξεων
844 5475 1116 5554 ἀφήγησιν
1180 5477 1532 5551 περιέγραψεν
1593 5495 1606 5510 ο

192 5569 285 5622 θεν
337 5563 396 5619 δὲ
445 5569 564 5630 τοῖς
617 5565 712 5626 τὰς
771 5563 1224 5637 ἐκκλησιαπικάς
1270 5564 1510 5642 ἱστορίας
1569 5564 1850 5640 ἀριδήλως

188 5655 619 5729 ἀναταξαμένοις
672 5655 900 5712 κατόπιν
959 5653 1241 5730 ὶπόμενοι,
1299 5654 1366 5712 τὰ
1414 5655 1536 5728 ἑξῆς
1567 5662 1666 5726 τῆς
1697 5656 1846 5712 ἱστο-

523 5759 785 5822 ΡΑτιιοι..
830 5760 944 5822 Gn.
991 5757 1216 5823 CXLV.

1669 5476 1852 5532 ἐντεῦ-

1992 563 2152 618 bant.
2183 563 2312 619 Hac
2357 563 2536 635 igitur
2585 565 2736 631 navi,
2784 567 2955 622 tertio
3009 575 3140 640 post
3195 589 3416 643 mense,
3466 576 3637 633 divus

1992 653 2208 708 Paulus
2238 669 2575 720 conscensa,
2607 653 2943 727 Syracusas,
2975 658 3184 716 deinde
3219 662 3526 734 Rhegium,
3558 671 3640 722 at-

1992 758 2107 813 que
2134 741 2270 799 inde
2303 741 2616 814 perendino
2647 744 2740 800 die
2763 744 3028 803 Puteolos
3059 751 3365 819 perfertur.
3399 757 3476 810 Ac
3510 771 3638 826 pos-

1994 837 2174 888 tremo
2203 833 2399 888 salvus
2447 833 2690 888 Romam
2732 836 3009 905 pervenit.
3060 837 3272 896 Verum
3342 843 3636 900 enimvero

1993 919 2201 975 fratres
2231 919 2496 991 quidam,
2544 920 2704 976 Pauli
2764 922 3010 980 adventu
3065 928 3314 996 cognito,
3347 945 3530 1001 usque
3561 931 3633 987 ad

1991 1006 2163 1077 Appii
2199 1007 2406 1062 Forum
2430 1011 2487 1063 et
2517 1008 2658 1064 Tres
2688 1009 2986 1066 Tabernas
3017 1014 3165 1083 (quis
3205 1020 3345 1071 sunt
3373 1019 3632 1089 emporia

1989 1098 2148 1152 extra
2179 1095 2380 1152 urbem
2414 1095 2648 1152 Romam
2690 1097 2825 1168 sita)
2863 1099 3092 1156 obviam
3125 1101 3176 1156 ei
3210 1111 3629 1174 processerant.

1993 1181 2186 1239 Roma:
2219 1200 2388 1256 porro
2418 1185 2678 1241 centurio
2705 1194 2936 1242 caateros
2959 1189 3192 1260 quidem
3225 1192 3469 1262 vinctos,
3510 1195 3634 1266 qui.

1994 1271 2097 1327 bus
2129 1273 2408 1346 oportuit,
2442 1273 2616 1330 tradit
2645 1291 2660 1328 :
2694 1275 2946 1333 Paulum
2988 1293 3119 1334 vero
3169 1295 3364 1336 secum
3397 1281 3525 1352 ipse
3557 1300 3634 1339 rec

1990 1359 2152 1416 tinet.
2204 1361 2421 1417 Triduo
2467 1367 2598 1432 post
2639 1363 2852 1420 Paulus
2907 1366 3262 1437 primoribus
3299 1369 3631 1428 Judaeorum

1989 1449 2060 1503 ad
2089 1465 2148 1503 se
2178 1451 2411 1517 vocatis,
2440 1451 2589 1507 I88
2620 1453 2878 1509 oratione
2909 1455 3236 1524 confirmat,
3273 1457 3434 1514 nulla
3459 1460 3518 1515 in
3553 1477 3634 1516 re-

1990 1537 2236 1608 patriam
2286 1538 2468 1610 legem
2520 1557 2581 1596 se
2627 1542 3064 1612 praevaricatum
3132 1562 3306 1614 esse;
3356 1556 3630 1605 caeterum

1989 1643 2122 1682 cum
2155 1629 2382 1683 vinctus
2415 1629 2470 1684 in
2509 1629 2898 1687 Romanorum
2935 1649 3148 1690 manus
3177 1643 3327 1692 esset
3359 1637 3628 1708 traditus,

1989 1715 2210 1788 illique,
2243 1734 2420 1774 causa
2439 1720 2690 1790 cognita,
2715 1735 2778 1776 se
2795 1719 3212 1780 absolvendum
3236 1725 3626 1796 judicassent,

1987 1805 2296 1877 populares
2339 1810 2531 1865 autem
2589 1808 2696 1880 sui.
2727 1809 3127 1868 vehementius
3165 1829 3300 1869 eum
3343 1818 3630 1885 persecuti

1985 1900 2198 1965 essent,
2229 1898 2553 1954 necessario
2610 1913 2672 1955 se
2721 1915 2786 1956 eo
2835 1901 3228 1970 descendisse,
3264 1913 3321 1958 ut
3353 1909 3628 1962 Caesarem

1985 1983 2318 2056 appellaret.
2377 1986 2502 2043 Non
2569 1987 2866 2060 equidem,
2913 1989 3121 2060 inquit,
3192 1991 3348 2062 quod
3395 1998 3628 2063 gentem

1989 2089 2170 2130 meam
2200 2075 2260 2130 in
2293 2075 2569 2148 quopiam
2602 2093 2891 2144 accusem,
2941 2080 3042 2134 sed
3086 2081 3298 2150 potius,
3335 2086 3394 2137 ut
3425 2098 3524 2137 vos
3543 2085 3627 2138 vi-

1987 2163 2179 2220 derem
2213 2169 2388 2236 atque
2421 2165 2768 2238 alloquerer.
2799 2169 2983 2232 Quam
3015 2167 3170 2224 enim
3204 2169 3627 2228 circumdatam

1988 2251 2132 2308 mihi
2163 2253 2420 2321 cernitis,
2454 2260 2686 2327 propter
2714 2255 2900 2326 ipsam
2925 2256 3155 2313 Israelis
3184 2275 3346 2329 spem
3371 2277 3503 2330 gero
3534 2278 3627 2317 ca-

1987 2345 2206 2398 tenam.
2240 2342 2342 2408 Qui
2394 2341 2506 2414 ipsi
2565 2360 2790 2416 quoque
2840 2345 3234 2416 suspicionem
3269 2355 3626 2418 amoventes,

1987 2430 2133 2488 nihil
2174 2448 2232 2486 se
2264 2431 2583 2502 quidquam
2616 2433 2753 2488 mali
2784 2433 2871 2488 vel
2901 2435 3270 2492 sermonibus
3303 2436 3391 2492 vel
3414 2437 3627 2496 litteris

1987 2520 2056 2574 de
2085 2535 2150 2576 eo
2204 2519 2516 2592 accepisse,
2557 2527 2907 2593 paratosque
2957 2540 3100 2591 esse,
3155 2541 3266 2595 res,
3303 2528 3371 2582 de
3410 2527 3625 2598 quibus

1987 2609 2254 2666 dicturus
2283 2615 2451 2676 esset,
2486 2611 2706 2679 audire,
2740 2615 3030 2667 testantur
3063 2630 3076 2667 :
3125 2615 3273 2670 scire
3303 2631 3382 2684 se,
3417 2616 3626 2688 ubique

1985 2703 2152 2754 sectae
2197 2699 2534 2755 Christiana:
2587 2699 2927 2767 contradici,
2969 2701 3307 2772 allegantes.
3343 2704 3622 2775 Designa-

1984 2793 2081 2844 tur
2109 2803 2246 2860 ergo
2297 2789 2440 2855 dies,
2489 2793 2546 2844 et
2589 2789 2674 2845 illi
2712 2805 2912 2846 omnes
2961 2790 3193 2846 adsunt.
3237 2793 3386 2848 Tum
3420 2793 3499 2849 ibi
3533 2795 3624 2850 die

1986 2878 2207 2950 integro
2257 2878 2472 2934 Paulus
2503 2878 2572 2934 de
2619 2877 2846 2935 Christo
2895 2883 3068 2951 atque
3116 2881 3242 2951 ejus
3292 2897 3467 2952 regno
3499 2899 3628 2938 ora-

1985 2967 2195 3023 tionem
2231 2967 2398 3023 habet
2431 2985 2443 3022 :
2479 2971 2648 3039 atque
2697 2984 2764 3023 ex
2789 2968 2914 3040 lege
2962 2974 3018 3024 et
3069 2970 3386 3042 prophetis,
3420 2972 3489 3027 ad
3542 2972 3632 3026 lo-

1983 3072 2115 3113 cum
2165 3072 2456 3128 quemque
2514 3060 2927 3126 congruentem
2979 3058 3229 3113 all‘erens
3262 3059 3636 3115 testiﬁcatio-

1985 3161 2138 3214 nem,
2165 3145 2532 3216 probationes
2562 3146 2819 3201 adducit.
2858 3145 2943 3200 illi
2975 3164 3144 3218 porro
3170 3149 3377 3219 partim
3399 3148 3635 3220 quidem

1982 3234 2401 3306 obsequuntur,
2432 3235 2836 3307 paulatimque
2867 3252 3164 3292 sermones
3213 3238 3338 3308 ejus
3367 3237 3634 3310 comple-

1983 3327 2187 3380 tuntur
2219 3341 2231 3379 :
2269 3325 2478 3396 partim
2504 3326 2678 3393 ivero,
2715 3329 2780 3382 ut
2827 3325 2998 3381 dictis
3049 3325 3175 3396 ejus
3215 3327 3388 3382 fidem
3449 3327 3632 3385 babe-

1984 3417 2133 3483 rent,
2169 3430 2284 3469 non
2335 3415 2726 3482 adducuntur,
2777 3419 2834 3470 et
2873 3414 2958 3470 sic
3011 3415 3069 3470 in
3120 3415 3378 3472 diversas
3433 3415 3629 3489 Opinio

1983 3517 2085 3557 nes
2113 3503 2279 3558 scissi
2323 3502 2647 3559 discedunt.
2703 3502 2918 3560 Deinde
2967 3504 3117 3559 Festi
3163 3503 3374 3560 litteris
3415 3506 3623 3560 Neroni

1981 3591 2242 3662 redditis,
2286 3591 2500 3647 Paulus
2529 3592 2597 3646 ad
2632 3590 2886 3646 tribunal
2909 3592 3035 3661 ejus
3067 3592 3330 3647 sistitur:
3365 3593 3627 3648 etdefcn-

1981 3682 2248 3737 sionibus
2287 3682 2542 3747 disertis,
2576 3683 3013 3754 admodumque
3045 3684 3362 3754 prudenter
3390 3685 3459 3739 ad
3495 3701 3628 3754 per-

1980 3771 2342 3828 suadendum
2359 3771 3059 3838 accommodatis,variam
3077 3772 3235 3828 illam
3262 3777 3318 3828 et
3331 3777 3623 3828 versutum

1979 3860 2182 3928 feram,
2219 3877 2331 3916 non
2365 3860 2460 3915 ille
2518 3859 2754 3932 quidem
2807 3860 3113 3932 populares
3157 3878 3295 3916 suos
3338 3861 3623 3934 perstrin-

1977 3965 2138 4020 gens,
2181 3951 2282 4006 sed
2333 3949 2572 4005 crimina
2622 3953 2849 4005 tantum
2900 3949 3009 4004 sibi
3062 3949 3291 4020 objecta
3329 3949 3620 4018 refellens,

1976 4037 2200 4108 effugit.
2243 4037 2323 4092 Ex
2370 4053 2436 4094 eo
2486 4043 2742 4110 tempore
2801 4040 3101 4095 biennium
3167 4041 3382 4096 Paulus
3432 4041 3626 4096 Romae

1976 4126 2318 4198 permansit,
2353 4129 2643 4184 mercedes
2693 4129 2885 4200 operis
2937 4130 3030 4185 sui
3062 4130 3217 4185 vives
3251 4146 3264 4185 :
3310 4146 3628 4200 omnesque

1973 4217 2045 4272 ad
2076 4231 2138 4271 se
2176 4215 2492 4280 venientes,
2547 4217 2984 4289 perhumaniter
3033 4223 3322 4290 exceptos,
3382 4218 3621 4290 duplici.

1972 4305 2030 4361 in
2065 4306 2266 4378 primis
2299 4309 2493 4362 tamen
2525 4307 2719 4364 divina
2751 4311 2808 4363 et
2837 4307 3054 4364 caelesti
3091 4307 3368 4364 alimonia
3399 4309 3617 4364 fovens.

1970 4397 2153 4467 Atque
2174 4396 2243 4451 ad
2278 4396 2431 4452 hunc
2465 4397 2699 4453 modum
2733 4413 2862 4454 cum
2899 4414 3108 4470 magna
3138 4398 3318 4454 simul
3351 4404 3410 4454 et
3439 4399 3619 4455 animi

1971 4488 2028 4538 et
2055 4484 2262 4556 linguae
2293 4485 2576 4554 libertate,
2623 4501 2867 4558 regnum
2916 4487 3016 4544 Dei
3054 4493 3112 4544 et
3163 4487 3476 4544 Dominum
3513 4503 3624 4544 no-

1360 4579 1552 4634 ἅπασιν
1631 4578 1854 4658 εῦαγγε·

1984 4581 2152 4630 atrum
2174 4575 2378 4630 Jesum
2419 4575 2735 4646 Christum,
2781 4577 2941 4633 nullo
2981 4578 3402 4634 interveniente
3434 4577 3621 4648 impe-

1974 4663 2254 4732 dimento,
2289 4663 2630 4736 praedicans,
2686 4666 3059 4738 Evangelium
3093 4667 3364 4724 omnibus
3397 4681 3625 4722 annun-

1973 4749 2157 4807 tiavit.

2534 4860 2767 4918 CAPUT
2798 4861 3040 4918 XXXIV.

1969 4967 2033 5022 Ut
2079 4973 2262 5037 postea
2312 4969 2479 5023 Roma
2541 4969 2826 5035 excedens,
2879 4985 3070 5022 rursus
3125 4967 3198 5022 ad
3265 4965 3613 5034 przcdicandi

2035 5054 2238 5093 munus
2282 5042 2444 5103 ierit;
2485 5046 2535 5095 et
2593 5042 2768 5096 denuo
2822 5043 3053 5094 Romam
3117 5041 3344 5098 venerit,
3393 5044 3607 5110 marty-

2034 5110 2292 5181 riumque
2320 5112 2549 5168 subierit
2580 5129 2600 5174 ;
2630 5115 2680 5167 et
2715 5112 2778 5167 de
2809 5112 3018 5166 divinis
3055 5111 3170 5182 ejus
3202 5111 3473 5183 Epistolis.

2032 5295 2321 5352 Hactenus
2382 5310 2544 5350 sacer
2590 5301 2642 5348 et
2693 5292 2926 5348 divinus
2957 5293 3255 5365 apostolus
3278 5297 3333 5349 et
3363 5309 3617 5365 evange-

1961 5384 2097 5441 lista
2127 5385 2312 5442 Lucas
2345 5382 2644 5438 historiam
2691 5383 2968 5438 Actorum
3004 5382 3615 5454 apostolicorumscri-

1961 5475 2094 5547 psit.
2146 5473 2427 5546 Deinceps
2478 5489 2645 5544 porro
2718 5470 3242 5528 ecclesiasticarum
3303 5471 3609 5528 historico-

1959 5579 2088 5620 rum
2138 5566 2337 5635 aperta
2383 5560 2630 5632 vestigia
2676 5565 3006 5631 sequentes,
3058 5561 3311 5634 reliquas
3343 5561 3609 5618 Historiae

1958 5656 2171 5710 nostra!
2202 5667 2316 5723 res,
2348 5650 2463 5708 Deo
2518 5649 2672 5706 I89
2724 5649 2951 5722 confisi,
2983 5665 3366 5725 exponemus,
3394 5655 3450 5708 et
3477 5651 3608 5722 Spi-

3213 5753 3284 5814 9'1
