4016 6206
464 336 584 401 843

1764 284 2182 400 ΝῘΕῈΡΗΟΗΙ
2225 331 2579 396 CALLISTI

3749 341 3842 404 ειι

464 473 617 531 ritus
638 473 825 531 sancti
857 473 1155 538 instinctu,
1204 486 1331 543 quae
1369 473 1706 542 supersunt,
1741 470 2103 543 adjiciamus.

2225 463 2341 538 ρίας
2385 467 2502 537 Θεῷ
2547 463 2870 542 θαρῥοῦντες
2920 465 3298 542 ἐκθησόμενοι,
3343 469 3434 526 καὶ
3485 468 3556 541 δὴ
3616 477 3698 544 τῷ
3742 475 3842 547 θείῳ

376 615 384 629 ,
464 563 546 621 Ac
576 567 703 620 tum
753 561 989 634 quidem
1037 559 1339 618 absolutus
1367 575 1403 614 a
1431 563 1658 618 Nerone
1687 558 2110 632 Apostolus(t),

465 655 536 710 ad
569 652 912 710 concionum
961 649 1356 707 ministerium
1397 665 1634 707 rursum
1676 653 1764 706 est
1795 650 2108 722 profectus.

465 743 610 800 Cum
640 744 835 800 autem
861 739 1076 797 iterum
1125 739 1185 796 in
1233 739 1438 796 urbem
1481 743 1802 797 Romanam
1833 737 2110 801 venisset,

467 830 740 902 martyrio
788 829 867 886 ibi
907 829 1092 887 vitam.
1134 828 1364 885 (iniisse
1407 829 1665 885 creditur
1711 827 1807 901 (2).
1853 827 1980 884 Non
2006 825 2115 880 mi-

461 935 594 978 rum
626 919 842 993 quippe
869 922 1014 992 erat,
1044 919 1354 986 Neronem,
1405 919 1558 990 quod
1607 918 1681 974 ab
1712 917 1875 974 initio
1907 916 2114 972 huma-

467 1009 654 1067 nitate
701 1009 958 1082 quadam
1006 1009 1290 1081 praeditus
1345 1011 1516 1080 esset,
1569 1007 1734 1064 facile
1793 1005 1957 1062 Pauli
2011 1020 2112 1076 pro

471 1098 739 1156 doctrina
784 1097 1065 1155 institutae
1115 1097 1439 1155 defensioni
1497 1096 1865 1169 acquiescere
1897 1111 1913 1152 :
1945 1099 2112 1168 post-

463 1203 640 1261 quam
665 1191 860 1247 autam
907 1188 1065 1244 idem
1108 1187 1169 1242 in
1198 1187 1382 1260 impia
1431 1189 1606 1258 atque
1645 1185 1864 1242 nefaria
1893 1183 2114 1257 ﬂagitia

463 1287 740 1351 tanquam
769 1276 829 1332 in
886 1275 1158 1350 scopulos
1188 1275 1551 1348 impegisset,
1582 1275 1654 1332 ad
1686 1273 1835 1331 alias
1863 1273 2110 1330 aliorum

465 1367 652 1424 credes
700 1381 930 1440 quoque
975 1365 1373 1440 apostolorum
1427 1365 1698 1436 adjicere.
1741 1363 1943 1436 Itaque
1981 1367 2112 1419 tum

463 1457 740 1531 primum,
786 1457 942 1515 sicut
981 1456 1203 1512 dictum
1251 1459 1358 1522 est,
1389 1453 1696 1522 dimissus,
1737 1453 1984 1526 priorem
2039 1452 2111 1508 ad

463 1545 837 1602 Timotheum
885 1543 1118 1618 scripsit
1157 1543 1488 1615 epistolam,
1547 1557 1720 1616 quem
1769 1541 2110 1615 episcopum

463 1639 638 1694 antea
681 1633 892 1706 Ephesi
939 1631 1322 1692 constituerat
1366 1633 1461 1705 (3).
1502 1631 1569 1688 In
1607 1631 1718 1688 hac
1745 1634 2021 1703 tanquam
2052 1631 2109 1686 in

463 1725 653 1782 forma
681 1723 1046 1792 adumbrata,
1079 1723 1366 1779 rationem
1399 1729 1456 1778 et
1483 1721 1664 1777 vitam
1689 1720 2110 1777 bierarchicam

2220 555 2480 628 ἑπόμενοι
2530 553 2822 628 Πνεύματι,
2871 560 2989 619 τοῖς
3039 558 3226 637 ἑφεξῆς
3301 555 3701 634 ἐπιϐάλλομεν.
3741 564 3842 618 Τότε

2224 645 2320 716 μὲν
2368 641 2469 707 οὖν
2512 644 2648 718 πρὸς
2699 645 2949 720 Νέρωνος
2996 644 3207 723 ἀφεθεὶς
3273 649 3302 703 ὁ
3364 648 3734 718 Ἀπόστολος,
3777 650 3839 706 ἐπὶ

2217 734 2320 802 τὴν
2365 737 2464 789 τοῦ
2517 733 2877 812 κηρύγματος
2935 733 3206 792 διακονίαν
3277 739 3432 803 αὖθις
3521 739 3839 797 ἐστέλλετοο

2222 820 2468 900 δεύτερον
2525 820 2572 878 δ’
2629 819 2890 880 ἐπιϐαντα
2943 829 3013 901 τῇ
3070 826 3238 883 αὐτοῦ
3294 829 3478 898 πόλει,
3539 834 3620 904 τῷ
3681 852 3841 904 μαρτυ-

2221 910 2323 988 ρίῳ
2376 909 2739 983 τελειωθῆναι
2795 913 2960 992 λόγος
3015 921 3246 991 κρατεῖ·
3303 917 3392 973 καὶ
3449 919 3554 995 γὰρ
3611 920 3682 990 ἧν
3731 921 3843 986 εἰκὸς

2218 1004 2316 1056 τοῦ
2391 1001 2636 1076 Νέρωνος
2729 1003 3009 1082 καταρχὰς
3097 1006 3407 1082 ἠπιώτερον
3502 1004 3839 1083 διακειμένου,

2221 1091 2349 1166 ῥᾷον
2397 1093 2498 1162 τήν
2553 1091 2685 1169 ὑπὲρ
2737 1097 2836 1149 τοῦ
2884 1091 3157 1172 δόγματος
3215 1096 3524 1174 ἀπολογίαν
3588 1103 3840 1175 προσήκα-

2221 1182 2342 1236 σθαι
2397 1180 2619 1238 Παύλου
2654 1199 2669 1216 ⁸
2732 1183 2810 1244 είς
2871 1181 2918 1238 δ’
2975 1184 3268 1259 ἀθεμίτους
3323 1185 3674 1259 ἐξοκείλαντα
3729 1191 3842 1266 πρὶς

2222 1269 2353 1342 ξεις,
2388 1271 2660 1346 μετὰτῶν
2706 1269 2894 1329 ἄλλων
2937 1273 3029 1330 καὶ
3074 1276 3173 1338 τὰς
3217 1280 3327 1332 τῶν
3370 1276 3698 1335 ἀποστόλων
3753 1280 3842 1335 ἐτι-

2224 1360 2504 1436 τολμῆσαι
2552 1363 2784 1440 σφαγάς.
2840 1363 2970 1420 Τότε
3048 1365 3145 1440 μὶν
3215 1365 3308 1422 οὖν
3383 1368 3698 1445 ἀφειμένος,
3761 1373 3842 1441 τήν

2221 1449 2359 1524 πρὸς
2411 1451 2676 1526 Τιμόθεον
2741 1453 2966 1529 πρώτην
3012 1455 3208 1534 γράφει
3265 1455 3586 1532 ἐπιστολὴν,
3643 1460 3711 1514 ’ὀν
3753 1459 3842 1516 ἐπί·

2221 1559 2420 1595 σκοπον
2498 1539 2722 1615 Ἐφέσου
2804 1541 3064 1618 πρότερον
3150 1548 3558 1618 καταστήσειεν,
3643 1550 3724 1612 ὡς
3802 1549 3841 1604 ἐν

2218 1628 2376 1716 τόπῳ
2429 1629 2523 1686 τὸν
2580 1631 2900 1708 ἱεραρχικὸν
2959 1631 3077 1709 βίον
3148 1634 3238 1690 καὶ
3313 1635 3479 1714 λόγον
3557 1638 3839 1716 ἀναγκαίως

2221 1714 2432 1792 διεξιών
2467 1735 2481 1750 ·
2513 1718 2706 1776 ὁποῖόν
2753 1741 2870 1776 τινα
2921 1722 3039 1798 βίον
3090 1725 3270 1800 χρεὼν
3315 1725 3549 1800 μετιέναι
3581 1714 3707 1793 τοῖς
3733 1731 3841 1784 uti

463 1813 692 1887 cepiose
720 1812 1012 1886 exprimit,
1045 1810 1322 1884 qualibus
1356 1810 1620 1868 moribus
1647 1825 1777 1867 esse
1806 1810 2103 1868 conveniat

2224 1811 2456 1908 Χριστὸν
2526 1811 3198 1908 ἱερόξισθαιβουλομένοις
3268 1819 3713 1898 καθυπογρᾶιρων
3779 1826 3840 1894 τῷ

463 1919 584 1971 eos,
615 1901 715 1974 qui
743 1901 1091 1959 Christianis
1112 1901 1295 1958 sacris
1326 1915 1576 1973 prasesse
1597 1899 1821 1970 volunt,
1853 1899 2109 1972 Spiritus

463 1989 662 2048 aﬂlatu
692 1989 982 2047 scribens.
1037 1989 1163 2044 Non
1212 1989 1398 2046 solum
1449 1993 1648 2046 autem
1694 1988 2020 2059 Timotheo,
2054 1997 2110 2044 et

466 2097 567 2154 per
596 2079 762 2136 illum
792 2078 1049 2136 ecclesiis
1079 2077 1295 2134 Christi
1340 2079 1631 2147 omnibus,
1665 2079 1761 2136 sed
1803 2077 1975 2134 etiam
2007 2095 2110 2135 sa-

466 2185 562 2228 cro
613 2170 742 2226 Tito
789 2167 963 2225 aliam
994 2166 1302 2238 epistolam
1333 2166 1610 2240 scripsit;
1659 2183 1833 2240 quem
1866 2167 2109 2226 antehac

465 2258 671 2316 insulis
699 2258 879 2315 Creta
908 2257 1248 2330 episcopum
1280 2255 1734 2328 ordinatum,ibl
1768 2257 2106 2330 reliquerat,

466 2352 534 2406 ut
575 2347 623 2406 si
669 2347 808 2420 quid
857 2347 917 2403 in
965 2345 1296 2418 evangelica
1343 2346 1750 2419 praedicatione
1781 2363 1887 2404 sua
1919 2347 2109 2404 adhuc

465 2439 712 2506 deesset,
769 2437 868 2493 ille
944 2437 1312 2510 adimpleret.
1370 2438 1454 2494 Ad
1532 2435 1862 2494 Corinthios
1909 2437 2106 2508 etiam,

465 2526 766 2600 Ephesios,
795 2525 1057 2598 Galatas,
1081 2525 1910 2600 Colossenses,Pbilippenses,
1939 2527 2108 2585 Thes-

464 2617 875 2686 salonicenses,
925 2619 1204 2689 praeterea
1259 2616 1330 2672 ad
1386 2615 1636 2686 Judrcos,
1685 2619 1743 2672 et
1788 2616 2106 2686 Romanos,

463 2709 524 2762 et
551 2703 862 2778 plerosque
889 2703 1035 2760 alios
1080 2720 1230 2776 quos
1264 2719 1399 2760 eum
1439 2703 1598 2760 adire
1625 2702 1882 2776 Spiritus
1919 2705 2104 2760 sancti

461 2793 550 2850 vis
589 2797 646 2850 et
675 2792 882 2866 gratia}
903 2793 1179 2864 iusserat,
1219 2808 1482 2866 quosque
1511 2807 1612 2865 per
1642 2792 1814 2848 tidem
1844 2791 1904 2849 in
1935 2791 2106 2848 Chri-

463 2887 623 2940 stum
669 2882 1064 2955 evangelicam
1093 2881 1414 2955 [magnifice
1471 2886 1926 2954 regeneraveral,
1978 2899 2104 2954 quis

463 2988 718 3044 praesens
748 2972 1007 3029 oratione
1036 2989 1142 3028 sua
1171 2971 1426 3028 dilucide
1451 2973 1746 3041 docuerat,
1768 2973 1979 3028 eadem
2007 2989 2106 3045 per

461 3063 872 3136 compendium
923 3063 1134 3119 absens
1156 3061 1232 3117 'in
1281 3061 1619 3118 memoriam
1652 3077 1948 3130 revocans,
1981 3063 2102 3134 epi-

2225 1901 2519 1974 Πνεύματι.
2555 1901 2644 1956 καὶ
2675 1898 2746 1957 δι’
2791 1900 2998 1958 ἐκείνου
3053 1906 3252 1968 πάσαις
3307 1911 3428 1968 ταῖς
3487 1909 3728 1983 Χριστοῦ
3771 1911 3840 1965 ἐκ·

2219 1987 2494 2058 κλησίαις.
2545 1989 2618 2044 Οὐ
2678 1992 2832 2066 μόνῳ
2890 1989 2948 2048 δὶ
2993 1989 3262 2068 Τιμοθέῳ,
3293 1993 3440 2050 ἀλλᾶ
3486 1995 3578 2052 καὶ
3625 2003 3709 2071 τῷ
3733 2000 3840 2072 ἰερῷ

2218 2075 2361 2150 Τίτῳ
2389 2073 2570 2149 ἄλλην
2620 2072 2844 2134 ἔστελλε
2891 2079 3114 2158 γράφων
3139 2100 3154 2116 ·
3210 2084 3269 2138 ὃν
3314 2082 3579 2160 πρότερον
3621 2089 3724 2152 τῆς
3761 2088 3840 2158 νή-

2219 2184 2315 2220 σου
2349 2167 2569 2240 Κρήτης
2616 2171 2958 2240 καταστήσας
3008 2169 3307 2228 ἐπίσκοπον
3355 2169 3614 2252 διαφῆκεν
3669 2175 3838 2242 ἐκεῖσε,

2216 2255 2283 2309 τὰ
2333 2254 2468 2311 κατᾶ
2523 2256 2584 2311 τὸ
2668 2256 2997 2333 Εὐαγγέλιον
3069 2261 3234 2317 αὐτοῦ
3296 2262 3644 2338 ὑστερήματα
3701 2265 3840 2340 ἀκορο

2217 2345 2482 2401 θώσοντα.
2545 2345 2644 2402 Καὶ
2715 2348 2854 2424 πρὸς
2931 2351 3242 2426 Κορινθίους
3297 2348 3355 2407 δὲ
3407 2355 3498 2408 καὶ
3558 2354 3838 2432 Ἐφεσίους,

2217 2433 2463 2497 Γαλάτας
2501 2456 2560 2491 τε
2614 2436 2704 2491 καὶ
2760 2437 3114 2513 Κολασσαεῖς,
3173 2437 3591 2516 Φιλιπμησίους
3649 2465 3708 2500 τε
3763 2445 3838 2499 καὶ

2217 2524 2626 2590 Θεσσαλονικεῖς
2659 2545 2672 2558 ⁸
2719 2523 2796 2582 ἔτι
2846 2525 2903 2583 δὲ
2947 2529 3039 2584 καὶ
3077 2531 3213 2596 πρὸς
3261 2528 3556 2596 Ἰουδαίους
3585 2535 3676 2590 καί
3724 2541 3840 2590 Ῥω-

2221 2611 2435 2688 μαίους.
2491 2615 2581 2670 καὶ
2621 2615 2823 2679 πάντας
2865 2617 2950 2693 ἐφ’
3007 2617 3100 2681 οὕς
3169 2619 3329 2676 αὐτὸν
3399 2623 3534 2696 μετά
3601 2625 3839 2698 σώματος

2215 2705 2252 2774 ἡ
2299 2708 2396 2759 τοῦ
2442 2703 2596 2780 ἁγίου
2645 2707 2962 2782 Πνεύματος
3029 2705 3254 2782 δύναμις
3313 2709 3403 2766 καὶ
3473 2715 3636 2787 χάρις
3704 2711 3840 2768 ἐπελ-

2215 2795 2324 2848 θεῖν
2377 2793 2768 2870 παρεσκεύασεν
2801 2815 2815 2830 ·
2871 2795 2963 2858 οὕς
3001 2797 3090 2852 καὶ
3149 2795 3237 2853 διὰ
3293 2806 3393 2871 τῆς
3469 2801 3547 2862 εἷς
3621 2804 3836 2880 Χριστὸν

2214 2881 2444 2946 πίστεως
2500 2889 2581 2957 τῷ
2637 2883 2961 2964 Εὖαγγελίῳ
3044 2885 3314 2961 λαμπσῶς
3398 2889 3764 2966 ἀνεγέννησεν,
3816 2891 3842 2947 ἃ

2213 2973 2401 3048 παρὼν
2447 2970 2536 3028 διὰ
2582 2974 2853 3048 στόματος
2900 2976 3255 3056 κατεφώτιζε,
3312 2983 3481 3036 ταῦτα
3529 2978 3604 3036 δι’
3647 2981 3840 3038 ἐπιστο-

2215 3063 2325 3118 λῶν
2373 3065 2793 3138 συντετμημένῳ
2849 3063 3005 3142 λόγῳ
3065 3067 3520 3142 ὑπομιμνήσκων.
3573 3077 3614 3126 Α
3671 3069 3728 3126 δὲ
3763 3079 3841 3132 καὶ

461 3152 641 3212 stolas
677 3152 855 3210 dedit.
907 3153 992 3209 lta
1039 3167 1174 3208 vero
1225 3167 1294 3208 ea
1342 3166 1575 3223 quoque
1621 3167 1747 3223 qua:
1777 3152 2100 3209 secretioris

2212 3151 2287 3214 ὡς
2348 3150 2702 3226 μυστηριώδη
2760 3173 2818 3208 τε
2873 3154 2964 3209 καί
3023 3153 3278 3230 ἀνέφικτα
3335 3153 3510 3212 ἒδίδοε
3557 3163 3626 3234 τῇ
3671 3163 3840 3233 σιωπῇ

459 3242 734 3318 mysterii,
761 3241 1059 3313 magisque
1088 3220 1560 3296 abstrusa—antea
1587 3220 1818 3296 silentio
1851 3242 2102 3312 praeteri-

2212 3239 2496 3317 πρότερον,
2550 3240 2770 3319 ὕστερον
2837 3240 2926 3298 διὰ
2973 3247 3085 3300 τῶν
3139 3244 3304 3320 ἱερῶν
3369 3247 3538 3302 αὐτοῦ
3593 3249 3840 3326 γραμμιὶο

459 3336 604 3402 erat,
645 3335 848 3405 postea
891 3345 989 3402 per
1008 3345 1176 3386 sacra
1221 3329 1440 3402 scripta
1468 3343 1596 3398 sua,
1643 3335 1742 3385 aut
1773 3328 2098 3400 grandioris

458 3421 754 3496 sapientia:
797 3420 987 3477 verbis
1033 3423 1300 3476 accurate
1361 3423 1418 3474 et
1465 3417 1719 3474 dilucide
1765 3418 2096 3485 declaravit,

458 3515 558 3570 eut
607 3511 811 3569 saltem
861 3509 951 3581 (ut
998 3509 1081 3566 ita
1129 3508 1348 3578 dicam)
1389 3507 1791 3580 parabolarum
1842 3523 1996 3565 more
2041 3513 2098 3565 et

456 3603 649 3676 specie
675 3605 957 3674 tanquam
1011 3615 1114 3672 per
1149 3598 1456 3670 aenigmata
1486 3597 1880 3666 adumbravit;
1909 3613 2098 3670 neque

455 3699 688 3764 propter
735 3705 833 3746 eos
881 3689 982 3761 qui
1027 3689 1100 3745 ad
1151 3703 1240 3744 res
1284 3686 1510 3746 divinas
1551 3687 1874 3745 audiendas
1903 3687 2096 3744 idonei

362 3843 368 3856 ι
456 3781 638 3837 futuri
669 3781 856 3847 erant,
905 3795 973 3835 ea
1019 3777 1341 3843 occultans,
1385 3792 1574 3848 neque
1603 3781 1836 3848 propter
1864 3777 2096 3850 inepros

455 3873 630 3942 atque
651 3867 944 3939 indignos,
983 3866 1234 3923 dilucide
1266 3881 1504 3938 prorsus
1531 3869 1590 3922 et
1617 3871 1832 3938 aperte,
1863 3866 1933 3922 ad
1965 3883 2099 3922 con-

453 3959 740 4030 templum
763 3956 1450 4028 evitandum,exponens.
1483 3958 1625 4011 Cum
1659 3959 1851 4012 autem
1883 3955 2094 4024 denuo,

455 4049 521 4102 ut
566 4046 788 4102 dictum
820 4047 928 4112 est,
973 4047 1104 4114 post
1147 4044 1380 4116 longam
1423 4043 1761 4115 variamque
1789 4042 2094 4114 protectio-

457 4149 592 4190 nem
625 4138 681 4190 et
704 4149 966 4200 cursum,
998 4133 1237 4189 Romam
1269 4131 1445 4196 venit,
1475 4135 1659 4188 morte
1690 4131 1769 4186 ibi
1800 4148 1904 4203 pro
1932 4131 2095 4188 Chri-

455 4223 546 4278 sto
575 4229 660 4278 est
690 4221 974 4277 multatus
1007 4237 1022 4276 :
1055 4237 1170 4292 quo
1201 4225 1458 4291 tempore
1488 4236 1616 4274 cum
1649 4219 1841 4276 adhuc
1870 4221 2096 4276 vinctus

455 4313 632 4380 esset,
666 4309 1040 4381 posteriorem
1073 4309 1145 4365 ad
1193 4308 1564 4363 Timotheum
1595 4308 1922 4378 composuit
1963 4309 2094 4380 Epi-

454 4398 686 4460 stolam,
719 4398 779 4453 in
811 4414 950 4468 qua,
997 4412 1131 4453 cum
1179 4396 1428 4468 priorem
1479 4395 1874 4453 defensionem
1925 4413 2092 4453 suam

454 4487 729 4554 ostendit,
749 4491 876 4542 tum
907 4501 1033 4542 eam
1065 4502 1194 4560 qua
1217 4486 1340 4558 jam
1375 4485 1486 4542 sibi
1517 4485 1862 4542 imminebat
1893 4494 2096 4558 marty-

2202 3351 2338 3398 των,
2369 3330 2404 3400 ἢ
2451 3328 2653 3393 τελέως
2705 3333 2956 3406 μείζονος
2999 3332 3194 3410 λόγοις
3241 3336 3532 3415 θεοσοφίας
3579 3339 3839 3395 dvenien-

2206 3439 2318 3493 ρεν,
2347 3418 2384 3489 ἢ
2428 3417 2747 3496 ὁλοσχερῶς
2796 3422 2875 3484 ὡς
2921 3421 2983 3477 ἄν
3026 3444 3110 3486 τις
3157 3423 3300 3480 εἴποι
3349 3423 3404 3480 ἐν
3446 3425 3578 3482 εἴδει
3609 3425 3840 3504 παραϐο-

2207 3507 2311 3574 λῆς
2365 3508 2705 3583 ὑπῃνίσσετο,
2739 3511 2880 3585 μήτε
2919 3508 3008 3567 διὰ
3047 3512 3176 3576 τοὺς
3235 3513 3398 3584 ἀξίως
3445 3514 3663 3572 ἀκούειν
3713 3516 3840 3591 μὲλ-

2206 3595 2402 3658 λςοντας
2460 3599 2527 3653 τὰ
2581 3599 2698 3654 θεῖα
2761 3599 3264 3676 ὑποκρυπτόμενος,
3339 3605 3480 3676 μήτε
3549 3603 3637 3661 διὰ
3720 3605 3838 3667 τοὺς

2206 3685 2452 3758 ἀναξίους
2496 3691 2665 3744 ταῦτα
2721 3691 2864 3766 σαφῆ
2922 3687 3097 3760 πάντη
3151 3691 3242 3745 καὶ
3298 3687 3592 3768 πρόχειρα,
3617 3691 3710 3749 ’ἕνα
3769 3695 3837 3768 μή

2205 3780 2614 3854 περιφρονοῖτο,
2673 3775 3028 3848 ηαραδιδούς.
3089 3778 3248 3842 Αὖθις
3305 3779 3508 3855 τοίνυν,
3567 3783 3639 3845 ὡς
3701 3783 3839 3858 εἴρη-

2202 3885 2314 3934 ται,
2349 3865 2483 3938 μετᾶ
2525 3865 2626 3934 τὴν
2689 3865 2908 3937 πολλὴν
2947 3865 3200 3942 περίοδον
3243 3868 3333 3925 ἐπὶ
3379 3871 3597 3947 Ῥώμην
3648 3872 3843 3944 ἐληλα-

2203 3953 2336 4024 κὼς,
2375 3957 2457 4026 τῷ
2504 3953 2636 4029 ὑπὲρ
2681 3955 2916 4030 Χριστοῦ
2957 3954 3104 4012 τελει
3150 3955 3428 4036 ἐχρήσατο
3463 3978 3477 3992 ’
3531 3959 3617 4015 ὅτε
3659 3957 3726 4030 δὴ
3756 3959 3840 4014 καὶ

2206 4042 2426 4119 δεσμοῖς
2477 4044 2761 4119 ἐχόμενος,
2789 4047 2890 4116 τὴν
2947 4047 3084 4122 πρὸς
3131 4047 3392 4122 Τιμόθεον
3443 4047 3695 4124 δευτέραν
3735 4071 3844 4106 συν-

2203 4135 2382 4189 τάττει
2430 4131 2772 4205 ἐπιστολήν·
2829 4133 2884 4190 ἐν
3029 4137 3132 4208 τήν
3199 4158 3258 4194 τε
3331 4141 3599 4215 προτέραν
3685 4140 3844 4196 αὐτοῦ

2202 4222 2507 4299 ἀπολογίαν
2557 4221 2830 4301 ἐμφαίνει,
2877 4225 2969 4279 καὶ
3033 4225 3135 4296 τήν
3191 4229 3340 4302 παρὶ
3398 4227 3570 4291 πόδας
3623 4227 3843 4285 τελείω-

2205 4333 2308 4368 σιν.
2359 4313 2558 4385 Ἰζντῇ
2607 4313 2840 4388 πρώτῃ
2898 4315 3000 4390 γ’ἀρ
3056 4336 3206 4387 μου,
3264 4317 3456 4393 φησὶν,
3517 4317 3846 4393 ἀπολογίᾳ

2205 4398 2424 4462 οὐδείς
2497 4421 2608 4474 μοι
2672 4403 3230 4478 συμπαρεγένετο,
3277 4403 3448 4460 ἀλλὰ
3490 4408 3731 4468 πάντες
3779 4425 3845 4481 με

2208 4488 2675 4566 ἐγκατέλιπον.
2712 4492 2808 4562 Mi;
2842 4491 3070 4556 αὐτοῖς
3120 4492 3499 4569 λογισθείη.
3534 4499 3598 4550 '0
3627 4493 3699 4550 δὲ
3730 4495 3849 4552 Κό-

454 4577 526 4636 rii
564 4575 1134 4635 consummationem
1191 4574 1464 4632 declarat.
1531 4575 1688 4631 I90
1738 4597 1766 4628 α
1797 4575 1861 4630 In
1909 4575 2094 4648 prima

2212 4578 2346 4642 οιός
2379 4599 2492 4653 μοι
2524 4581 2979 4655 συμπαρέστη,
3027 4581 3134 4637 καὶ
3187 4581 3568 4658 ἐδυνάμωσέ
3615 4607 3722 4657 με,
3747 4583 3848 4638 ’ίνα

454 4669 620 4734 enim,
654 4666 867 4740 inquit,
898 4665 1210 4737 defensione
1251 4682 1379 4722 mea
1407 4681 1579 4722 meme
1607 4665 1746 4721 mihi
1783 4663 1971 4738 affuit,
2001 4665 2095 4722 sed

453 4773 644 4815 omnes
683 4771 768 4813 me
787 4755 1151 4812 destituerunt
1187 4773 1202 4810 :
1233 4771 1304 4812 ne
1339 4755 1396 4811 id
1425 4754 1542 4812 ittis
1569 4755 1889 4826 imputetur.
1913 4757 2102 4812 Domi-

452 4863 559 4903 nus
588 4852 774 4902 autem
800 4845 946 4901 mihi
965 4849 1170 4917 praesto
1197 4847 1330 4917 fuit,
1363 4847 1414 4901 et
1442 4845 1769 4915 confortavit
1797 4859 1903 4912 me,
1927 4852 1986 4900 ut
2004 4859 2105 4916 per

452 4953 540 4992 me
571 4936 887 5008 praedicatio
946 4935 1170 5007 impleta
1216 4935 1587 5008 perﬁceretur,
1643 4947 1868 5005 eamque
1913 4949 2100 4990 omne:

452 5028 640 5094 gentes
670 5023 930 5081 audirent
963 5040 976 5081 :
1009 5028 1061 5080 et
1095 5023 1358 5081 liberatus
1397 5040 1520 5079 sum
1543 5039 1616 5079 ex
1644 5039 1736 5080 ore
1766 5021 1939 5080 leonis
1967 5023 2013 5059 ⁸⁸
2044 5044 2094 5078 ››.

451 5114 737 5171 Neronem
770 5114 868 5180 ita,
900 5117 1140 5186 propter
1169 5130 1388 5170 saevum
1441 5118 1500 5170 et
1530 5113 1775 5170 ferocem
1814 5114 1940 5184 ejus
1973 5111 2096 5168 ani-

455 5219 638 5279 mum,
680 5203 1014 5275 designans.
1047 5203 1115 5258 Et
1143 5219 1274 5260 cum
1306 5203 1366 5260 in
1399 5203 1608 5276 spiritu
1640 5203 1834 5269 sciret,
1860 5203 2096 5274 jamjam

523 5369 622 5428 3‘ll
649 5370 797 5427 Tim.
831 5385 908 5439 ιν,
933 5370 1020 5426 17.

526 5512 606 5586 (6)
644 5513 911 5586 Secundo
963 5511 1308 5586 imperantis
1363 5514 1606 5573 Neronis
1651 5529 1806 5573 anno
1843 5513 2101 5586 primum

459 5583 948 5665 Paulusiiomam
979 5583 1136 5642 venit
1157 5589 1208 5665 ΔΑ
1241 5603 1372 5665 quo.
1387 5589 1564 5665 etiam
1607 5591 1741 5665 tum
1757 5583 2104 5665 est:a_bso_lu-

456 5663 576 5730 tus,
622 5657 777 5712 intra
805 5657 1274 5730 quinquennium
1313 5658 1476 5729 illud,
1521 5675 1637 5732 quo
1666 5657 1982 5715 tolerabilis
2013 5659 2104 5731 ty-

2205 4664 2294 4722 δι’
2324 4667 2488 4743 ἐμοῦ
2515 4669 2588 4724 τὸ
2617 4670 2932 4746 κήρυγμα
2956 4668 3480 4750 πληροφορηθῇ,
3511 4675 3614 4729 καὶ
3661 4671 3849 4729 ἀκού-

2208 4775 2373 4811 σωσι
2404 4757 2609 4812 πάντα
2637 4755 2897 4830 τὰἔθνη
2933 4779 2948 4794 ο
2979 4759 3087 4814 καὶ
3137 4759 3475 4837 ἐῤῥύσθην
3522 4761 3590 4816 ἐκ
3635 4764 3850 4835 στόμα

2204 4863 2315 4906 τος
2347 4843 2621 4908 λέοντος
2646 4865 2659 4877 ·
2693 4845 2786 4901 τὸν
2813 4844 3035 4923 Νέρωνα
3064 4844 3156 4902 διὶ
3183 4849 3245 4904 τὸ
3275 4849 3558 4924 ὁμόθυμον
3585 4847 3737 4906 οὕτω
3764 4871 3851 4904 κα-

2206 4933 2338 4990 λῶν.
2395 4930 2572 4997 Εἱδώς
2628 4956 2692 5011 γε
2751 4937 2858 5010 μὴν
2917 4935 2971 4991 ἐν
3030 4936 3304 5011 Πυεῦματι
3362 4939 3465 5008 τήν
3513 4937 3634 4994 ὅσον
3701 4938 3849 4993 οῧπω

2203 5021 2468 5096 ἐσομένην
2525 5023 2692 5080 αὐτοῦ
2753 5025 2883 5100 ὑπὲρ
2943 5027 3182 5100 Χριστοῦ
3249 5027 3539 5099 τελευτὴν,
3602 5027 3850 5106 ἐπιφέρει

2202 5110 2585 5187 παραπλήσιόν
2611 5134 2663 5168 τι
2698 5133 2712 5146 ο
2747 5113 2864 5168 Καὶ
2897 5113 3166 5190 ῥύσεταί
3217 5137 3292 5190 με
3353 5117 3381 5172 ὁ
3443 5117 3694 5192 Κύριος
3734 5116 3852 5170 ἀπὸ

2203 5203 2458 5265 παντὺς
2487 5197 2689 5278 ἔργου
2739 5209 3040 5281 πονηροῦ
3072 5225 3085 5240 ο
3138 5205 3244 5260 καὶ
3277 5207 3475 5262 σώσει
3511 5227 3582 5282 με
3611 5209 3712 5268 είς
3742 5207 3850 5276 τὴν

2214 5529 2435 5573 rannus
2465 5515 2515 5574 is
2547 5516 2724 5576 fuisse
2763 5518 2997 5578 dicitur.

2281 5589 2363 5666 (gl
2391 5589 2730 5666 Tredecimo
2769 5591 2994 5666 imperii
3024 5593 3267 5666 Neronis
3288 5611 3463 5652 anno.

2285 5659 2367 5732 (3)
2398 5661 2438 5716 E
2468 5661 2748 5721 Laodicea
2779 5659 3038 5741 Phrygia
3074 5665 3392 5724 Pacatiane
3423 5661 3757 5740 metropoli.
