4084 6208
305 352 425 412 845

1320 350 1941 416 ECCLESIASTICJE
1986 354 2381 416 HISTORUE
2426 352 2570 416 LIB.
2617 355 2699 415 Il.

3596 356 3719 418 846

310 483 660 563 βασιλείαν
699 484 900 543 αὐτοῦ
937 486 1053 556 τήν
1096 483 1527 562 επουρανιονο
1557 487 1623 543 τὸ
1651 489 1953 563 παραυτίκα

2071 490 2224 562 ipsui
2272 507 2377 563 pro
2407 488 2635 545 Christo
2684 489 2890 544 adesse
2917 491 3187 558 mortem,
3220 487 3407 545 simile
3435 489 3717 561 quiddam

311 575 609 653 μαρτύριον
638 573 1029 650 αἰνιττόμενος,
1064 576 1092 631 ὃ
1125 575 1215 630 καὶ
1263 576 1585 654 σαφέστερον
1638 575 1690 630 ἔν
1717 580 1786 648 τῇ
1817 576 1953 651 αὐτῇ

307 660 667 743 προφοιϐάζει
698 662 987 738 ἐπιστολῇ,
1023 665 1185 740 Ἐγὼ
1235 665 1354 742 γὰρ
1402 662 1529 735 ἤδη
1567 664 1952 739 σπένδομαι,

308 754 506 831 λέγων,
562 755 668 810 καὶ
739 755 767 809 ὁ
831 756 1067 829 καιρὸς
1141 758 1262 821 τῆς
1335 753 1503 828 ἐμῆς
1578 754 1957 818 ἀναλύσεως

309 841 690 922 ἒφὲστηκεν.
753 844 1138 918 Ἑπισημαίνει
1216 843 1402 917 μέντοι
1476 843 1530 899 ἐν
1601 848 1670 911 τῇ
1726 844 1953 921 τυιαύτῃ

311 929 535 1008 δευτέρᾳ
590 933 726 1007 πρὸς
781 932 1042 1006 Τιμόθεον
1095 932 1185 988 κκὶ
1266 932 1460 1008 ὑστέρᾳ
1532 931 1797 1007 ἐπιστολῇ
1865 936 1959 990 τὸν

312 1026 526 1076 Δουκᾶν
563 1021 714 1095 αύτῷ
768 1027 1127 1098 συμπαρεῖναι
1169 1041 1182 1057 ⁸
1243 1023 1382 1079 κατᾶ
1430 1020 1486 1078 δὲ
1541 1023 1640 1093 τήν
1696 1023 1960 1099 προτέραν

310 1108 617 1186 ἀπολογίαν
693 1107 817 1165 οὐδὲ
880 1115 1094 1168 τοῦτον.
1160 1112 1322 1169 ¹⁷Οθεν
1380 1110 1606 1173 εἰκότως
1680 1113 1955 1189 συνάγεται

309 1201 410 1263 τὰς
445 1204 554 1255 τῶν
606 1200 931 1257 ἀποστόλων
976 1201 1202 1276 Πράξεις
1266 1203 1357 1258 τὸν
1418 1203 1561 1257 θεῖον
1614 1206 1826 1259 Λουκᾶν
1875 1203 1960 1258 ἐπ’

312 1289 522 1345 ἐκεῖνον
572 1291 907 1368 περιγράψαι
952 1292 1045 1346 τὸν
1089 1292 1287 1367 χρόνον
1313 1311 1327 1326 ο
1359 1293 1449 1348 καὶ
1478 1294 1578 1362 τήν
1608 1294 1728 1348 κατ’
1759 1290 1960 1356 αὐτοὺς

312 1379 557 1454 ἱστορίαν
610 1378 882 1456 λαμπρῶς
927 1379 1451 1459 ὑφηγήσασθαι,ἓως
1506 1382 1567 1437 οὗ
1625 1385 1704 1455 τῷ
1756 1380 1959 1455 Παύλῳ

315 1476 476 1540 συνῆν
529 1470 815 1546 πρότερον.
856 1471 959 1525 Καὶ
1014 1474 1184 1527 ταῦτα
1241 1469 1566 1546 διήλθομεν,
1613 1468 1781 1542 δεῖξαι
1837 1491 1959 1526 πει-

316 1560 575 1633 ρώμενοι,
612 1560 689 1634 μή
730 1559 793 1614 τὸ
836 1559 1130 1637 μαρτύριον
1178 1565 1259 1634 τῷ
1306 1558 1797 1636 Παύλῳ.γενέσθαι
1843 1561 1961 1616 καθ’

314 1649 383 1717 ἦν
441 1649 470 1702 ὁ
522 1653 734 1713 Λουκᾶς
791 1646 1087 1723 ἐπιδημίαν
1144 1652 1241 1705 τοῦ
1311 1649 1530 1705 Παύλου
1590 1650 1676 1705 ἐπὶ
1733 1651 1957 1723 Ῥώμης

313 1738 632 1813 ἀνέγραψεν,
692 1736 819 1793 ἀλλ’
883 1737 937 1800 ἐς
1017 1739 1262 1816 ὕστερον.
1337 1743 1514 1793 Πᾶσαν
1585 1740 1690 1815 γάρ
1760 1738 1956 1814 σχεδὸν

312 1827 414 1895 τὴν
456 1833 560 1903 γῆν
601 1823 851 1898 διελθὼν,
880 1830 970 1882 καὶ
1023 1826 1112 1882 ἐπὶ
1156 1829 1313 1883 πέντε
1358 1828 1448 1883 καὶ
1480 1830 1771 1903 τριάκοντα
1822 1827 1956 1903 ὑπὲρ
1992 1860 2039 1925 Β

315 1920 552 1990 Χριστοῦ
624 1921 705 1990 τῷ
764 1914 1077 1994 Εὐαγγελίῳ
1141 1914 1463 1980 διαθλεύσας
1529 1918 1819 1982 ἐνιαυτοῖς,
1872 1938 1962 1975 τε·

316 2006 563 2060 λευταῖον
624 2005 713 2061 ἐπὶ
772 2007 993 2081 Ῥώμης
1044 2008 1108 2063 τὸ
1159 2004 1405 2083 δεύτερον
1449 2010 1706 2085 γεγονὼς,
1736 2008 1826 2063 καὶ
1880 2013 1960 2083 τῷ

310 2094 595 2173 κορυφαίῳ
637 2099 745 2150 τῶν
790 2092 1113 2152 ἀποστόλων
1164 2097 1350 2172 Πέτρῳ
1397 2096 1791 2172 ἐντετυχηκὼς,
1849 2095 1960 2152 ἐκεῖ

316 2184 527 2257 σύναμα
585 2190 764 2258 τούτῳ
827 2186 920 2239 τὸν
984 2192 1085 2256 τῆς
1143 2185 1438 2262 ἀφθαρσίας
1492 2184 1789 2257 ἀνεδήσατο
1844 2187 1961 2241 στέ-

313 2295 416 2353 (ραν
426 2295 482 2329 ον
493 2319 505 2330 .

920 2565 1186 2619 ΚΕΦΑΛ.
1228 2565 1356 2620 ΛΕ’.

317 2667 636 2742 Περὶᾼτῶν
669 2666 1068 2742 ,ἀποδημιῶν
1104 2669 1353 2742 Πέτρου
1390 2672 1505 2724 τοῦ
1544 2667 1956 2725 ἀποστόλου⁶

388 2688 471 2742 ιρι
510 2688 636 2723 των
675 2688 1068 2741 αποοημιων
1104 2688 1223 2725 υετ
1281 2689 1353 2724 ου
1390 2690 1505 2724 του
1544 2688 1956 2725 αποστοΑου·

388 2738 497 2793 καὶ
535 2740 684 2816 περὶ
722 2743 835 2816 τρῦ
874 2743 1062 2816 tepetii
1116 2688 1510 2816 Klipevroc
1547 2742 1670 2816 _xai_
1717 2744 1834 2816 τοῦ
1870 2742 1964 2816 γέ-

390 2831 541 2889 νους
582 2809 983 2889 αὐτοῦ’-καὶ
1012 2813 1096 2876 ὼς
1139 2809 1412 2889 ὕστερον
1452 2812 1561 2869 καὶ
1602 2813 1804 2876 αὐτὸς
1841 2809 1959 2884 τῆν

387 2883 649 2956 Ῥώμην
689 2879 1038 2940 κατέλαϐε.

390 2988 501 3045 Ούκ
554 2993 718 3061 ἧττον
775 2993 879 3069 γάρ
932 2992 1022 3047 καὶ
1075 2994 1276 3068 Πέτρος
1319 2999 1418 3065 τήν
1452 3001 1554 3073 γῆν
1584 2991 1839 3064 διελθὼν,
1870 2992 1960 3048 κάὶ

313 3084 437 3142 τοῖς
495 3080 555 3136 ἐκ
619 3086 926 3157 περιτομῆς
982 3083 1199 3153 ἅπασιν,
1258 3081 1311 3139 ἔν
1358 3104 1418 3139 τε
1475 3080 1810 3157 Παλαιστίνῃ
1870 3082 1960 3137 καὶ

320 3170 494 3243 Συρίᾳ
522 3172 613 3224 καὶ
640 3173 710 3244 τῇ
743 3168 891 3245 ἄλλῃ
940 3168 1134 3247 σχεδὸν
1182 3175 1255 3247 γῇ
1305 3171 1371 3227 τὸ
1413 3173 1670 3248 κήρυγμα
1718 3168 1960 3226 διασπεί-

319 3277 439 3334 ρας,
487 3258 586 3314 κάν
642 3264 762 3323 ταῖς
820 3259 1023 3336 ἀρχαῖς
1077 3260 1320 3335 Νέρωνος
1376 3266 1447 3337 τῇ
1502 3260 1793 3335 Ῥωμαίων
1839 3259 1961 3314 ἐπι-

318 3346 598 3423 δημήσας,
656 3346 746 3404 διὰ
819 3350 913 3405 τὸν
972 3348 1213 3426 μυσαρδν
1289 3351 1508 3425 Σίμωνα
1583 3353 1714 3406 Θεὸν
1771 3350 1961 3406 ἑαυτὸν

313 3438 715 3516 ἀναγράφοντα,
767 3439 858 3493 καὶ
925 3440 990 3494 τὸ
1064 3439 1200 3496 κατὰ
1280 3441 1509 3515 Χριστὸν
1570 3437 1961 3516 διαστρέφοντα

313 3530 605 3605 κήρυγμαο
638 3526 821 3606 ἔργοις
878 3526 928 3583 δ’
975 3526 1067 3584 οὖν
1115 3528 1205 3584 καὶ
1236 3529 1433 3608 ’λόγων
1499 3526 1724 3604 δυνάμει
1770 3532 1961 3584 τοῦτον

310 3614 552 3690 ἐλέγξας,
595 3617 696 3688 τήν
749 3637 808 3672 τε
861 3617 1147 3691 Ῥωμαίων
1207 3617 1537 3689 Ἐκκλησίαν
1603 3622 1793 3693 πρῶτα
1861 3617 1957 3690 μὲν

312 3705 482 3778 Λίνῳ,
514 3704 613 3760 εἶτ’
657 3704 1010 3781 ’Δνεγκλήτω
1059 3704 1184 3768 δοὺς
1234 3703 1473 3763 διέπεινο
1520 3707 1692 3781 τρίτῳ
1739 3704 1797 3761 δὲ
1843 3706 1960 3780 μετ’

310 3792 536 3861 αὐτοὺς,
562 3794 698 3870 πρὸς
752 3793 913 3857 τέλος
969 3796 1144 3866 ἥκων,
1182 3799 1264 3869 τῷ
1321 3796 1623 3874 σοφωτάτῳ
1679 3793 1957 3869 Κλήμεντι

307 3884 407 3945 τὰς
463 3881 616 3946 κλεῖς
672 3881 985 3959 ἐπιτρέψας,
1056 3879 1338 3958 μετέϐαινε
1392 3886 1529 3961 πρὸς
1584 3884 1736 3942 Θεόν.
1767 3885 1857 3945 Ὠς
1911 3881 1957 3939 δ’

312 3972 407 4029 οὖν
456 3972 590 4047 μετᾶ
632 3972 889 4048 Σίμωνος
939 3973 1043 4029 ὑπὸ
1117 3973 1366 4051 Νέρωνος
1416 3976 1510 4030 οἷα
1565 3975 1802 4051 τεράτων
1860 3972 1960 4028 αὗ-

309 4061 538 4140 τουργοῖ
614 4064 700 4119 καὶ
774 4061 942 4139 ἄμφω
1010 4069 1109 4134 τῆς
1159 4065 1382 4139 Ῥώμης
1438 4063 1765 4135 ἠλαύνοντο,
1823 4063 1959 4139 πρὸς

310 4155 411 4224 τήν
444 4151 848 4230 Ἱεροσολύμων
903 4153 1054 4219 αὖθις
1109 4156 1198 4212 καὶ
1236 4157 1333 4218 τὰς
1388 4163 1487 4226 τῆς
1528 4157 1666 4231 ἑῴας
1695 4156 1723 4210 ὁ
1757 4154 1958 4230 Πέτρος

310 4240 517 4317 ἐχώρει
565 4241 797 4308 πόλεις·
845 4244 935 4300 καὶ
986 4245 1084 4315 τήν
1145 4244 1380 4325 ὑφήλιον
1434 4247 1785 4322 καταυγάζων
1842 4249 1960 4306 τοῖς

313 4330 573 4405 θαύμασι,
640 4332 930 4404 Φαυστίνῳ
1004 4334 1096 4389 καὶ
1172 4338 1548 4407 Φαυστινιανῷ
1622 4332 1958 4410 ἐντυγχάνει,

316 4420 492 4477 εἴτουν
550 4422 761 4494 Νικήτᾳ
834 4423 924 4478 καὶ
983 4422 1228 4496 ’Λκύλᾳο
1288 4424 1341 4479 οἳ
1388 4421 1455 4494 δὴ
1510 4425 1644 4487 υἱεῖς
1707 4425 1802 4498 μὲν
1857 4427 1960 4479 τοῦ

310 4508 603 4586 περιδόξου
678 4512 935 4569 Φαύστου
1010 4512 1064 4569 ἰν
1139 4514 1328 4590 Ῥώμῃ
1397 4513 1554 4586 ἦσαν,
1609 4513 1747 4586 πρὸς
1802 4513 1959 4589 γένος

2063 579 2284 635 interit:
2317 580 2384 634 Et
2403 577 2658 635 liberabit
2673 593 2757 632 me
2781 579 3046 634 Dominus
3083 579 3154 633 ab
3183 579 3340 635 omni
3367 595 3532 651 opere
3550 580 3716 648 male,

2064 672 2117 724 et
2142 667 2555 725 eomervabztin
2570 683 2800 738 regnum
2827 682 2987 723 etcum
2998 667 3215 724 caeleste
3256 668 3303 702 ⁸⁸
3341 669 3719 741 ;martyrium

2064 757 2408 828 impendens
2438 755 2875 829 signiﬁcans.ld
2902 757 3059 829 quod
3089 756 3525 828 stgniﬁcantius
3546 757 3607 813 in
3629 775 3719 815 ea-

2066 848 2195 903 dem
2227 847 2357 917 ipsa
2394 847 2588 903 divino
2639 845 2946 913 instinctu,
2990 845 3250 916 praedicit
3302 846 3581 917 Epitola,
3612 848 3720 919 Ego

2066 938 2214 992 enim
2241 936 2365 1007 jam
2410 934 2706 1007 inquiens,
2746 935 2961 991 detibor
3016 945 3072 990 et
3127 935 3343 1006 efferor,
3405 938 3724 1008 tempusque

2066 1025 2416 1082 resolutioni:
2470 1040 2598 1081 mea:
2643 1026 2808 1081 instat
2862 1024 2935 1080 “.
2986 1023 3214 1080 [ndicat
3271 1040 3439 1096 porro
3494 1026 3553 1080 in
3611 1026 3721 1081 hac

2068 1116 2385 1189 posteriore
2415 1114 2736 1186 ultimaque
2767 1114 2839 1169 ad
2871 1112 3251 1170 Timotheum
3303 1114 3546 1186 epistola
3600 1119 3722 1170 Lu-

2069 1219 2196 1261 cam
2240 1204 2353 1261 sibi
2407 1203 2696 1261 etfuisse:
2745 1203 2804 1258 in
2864 1202 3057 1275 priore
3115 1205 3309 1259 autem
3360 1202 3759 1275 defensione,

2068 1308 2144 1349 ne
2173 1308 2306 1349 eum
2339 1292 2571 1364 quidem
2602 1292 2820 1364 ipsum.
2860 1290 3020 1348 Unde
3051 1290 3247 1363 colligi
3307 1300 3457 1349 recte
3508 1293 3720 1364 potest,

2066 1379 2456 1452 apostolorum
2490 1384 2634 1437 Acta
2654 1382 2849 1438 divum
2884 1381 3093 1436 Lucam
3126 1395 3316 1454 usque
3338 1382 3405 1436 ad
3440 1381 3496 1437 id
3531 1380 3718 1452 ipsum

2067 1475 2300 1544 tempus
2331 1471 2761 1544 perscripsisse,
2795 1470 3221 1542 historiumque
3259 1485 3494 1526 omnem
3555 1472 3633 1543 (t)
3665 1476 3722 1528 et

2068 1563 2199 1616 acta
2227 1575 2425 1616 eorum
2459 1560 2790 1632 magnifice,
2831 1559 3109 1632 tantisper
3139 1559 3277 1615 dum
3322 1558 3504 1616 Paulo
3556 1561 3721 1632 prius

2067 1650 2273 1719 adfuit,
2308 1654 2679 1721 prosecutum
2711 1665 2857 1706 esse.
2889 1651 3074 1721 Atque
3096 1648 3216 1705 hac
3247 1648 3487 1720 quidem
3521 1666 3735 1709 recena

2067 1738 2182 1807 sui,
2213 1738 2359 1796 illud
2402 1740 2705 1796 ostendere
2747 1736 2969 1796 volens.
3000 1737 3245 1794 Paulum
3306 1738 3713 1796 testimonium

2068 1842 2266 1895 suum,
2299 1828 2456 1901 quod
2488 1828 2656 1884 Lucas
2688 1828 2972 1901 perhibet,
3007 1843 3121 1885 non
3155 1828 3226 1884 ad
3266 1827 3323 1883 id
3356 1829 3508 1899 quod
3529 1827 3626 1886 ille
3651 1832 3719 1885 de

2069 1918 2316 1974 adventu
2340 1916 2505 1973 Pauli
2535 1917 2777 1974 Romam
2806 1917 2867 1974 in
2890 1918 3045 1973 Actis
3076 1916 3203 1973 suis
3234 1916 3487 1989 scripsit,
3522 1919 3621 1975 sed
3658 1921 3717 1975 in

2070 2004 2358 2079 posterius
2381 2007 2615 2079 tempus
2659 2006 2890 2063 referre.
2922 2006 3064 2062 Toto
3086 2005 3243 2063 enim
3270 2007 3385 2062 fere
3415 2007 3555 2063 orbe
3588 2024 3717 2079 per-

2071 2100 2293 2168 agrato,
2324 2101 2500 2169 atque
2530 2096 2774 2168 triginta
2803 2099 2865 2151 et
2893 2096 3153 2167 quinque
3183 2096 3354 2152 annis
3390 2097 3722 2169 evangelica

2071 2202 2174 2258 pro
2220 2186 2449 2244 Christo
2479 2185 2801 2243 certamine
2834 2193 3085 2258 peracto,
3126 2202 3260 2242 cum
3296 2189 3585 2258 postremo
3616 2187 3719 2242 ite-

2071 2293 2199 2333 rum
2232 2278 2426 2334 Romrs
2456 2281 2610 2335 esset
2635 2277 2733 2349 ('2),
2764 2278 2899 2333 etin
2931 2276 3303 2349 coryphmum
3327 2277 3721 2349 praecipuum-

2071 2383 2182 2440 que
2208 2368 2607 2441 apostolorum
2639 2368 2872 2425 Petrum
2922 2366 3230 2434 incideret,
3264 2383 3381 2422 una
3426 2383 3563 2424 cum
3622 2366 3722 2422 illo

2069 2457 2151 2513 ibi
2184 2456 2641 2515 immortalitatis
2672 2473 2943 2515 coronam
2977 2457 3216 2530 accepit.

2649 2564 2885 2622 CAPUT
2916 2564 3136 2623 XXXV.

2073 2675 2146 2732 De
2187 2674 2746 2802 [peregrinationibus
2806 2672 2959 2731 Petri
3005 2673 3289 2745 apostoli:
3341 2682 3399 2729 et
3444 2673 3512 2730 de
3565 2687 3719 2730 sacro

2144 2746 2183 2801 C
2207 2752 2440 2802 emente.
2472 2753 2525 2802 et
2550 2762 2745 2802 genere
2773 2746 2889 2802 eius
2910 2763 2930 2798 .·
2949 2749 3002 2800 et
3028 2747 3086 2801 ut
3108 2744 3223 2802 ipse
3268 2760 3480 2802 auoaue
3532 2752 3718 2802 postea

2144 2744 2440 2813 Clemente,
2472 2753 2525 2803 et
2549 2762 2745 2815 genere
2773 2746 2889 2819 ejus
2910 2763 2930 2798 .·
2949 2749 3002 2800 et
3028 2744 3086 2801 ut
3108 2744 3223 2818 ipse
3268 2760 3480 2818 quoque
3530 2752 3718 2816 postea

2145 2819 2372 2875 Romam
2391 2820 2624 2875 venerit.

2140 2998 2265 3056 Non
2290 2998 2483 3055 minus
2515 2998 2715 3056 etenim
2736 3000 2944 3055 Petrus
2968 3014 3203 3072 quoque
3223 2989 3359 3055 orbe
3388 3002 3714 3070 peragrato.

2069 3095 2127 3147 et
2154 3090 2226 3147 iis
2257 3090 2357 3163 qui
2385 3105 2452 3145 ex
2484 3087 2925 3146 circumcisione
2954 3091 3141 3158 erant,
3172 3087 3444 3144 omnibus
3491 3087 3549 3143 in
3606 3087 3714 3143 Pa-

2069 3180 2294 3237 lmstina
2324 3179 2565 3253 etSyria
2596 3181 2649 3234 et
2683 3178 2898 3250 ubique
2933 3179 3049 3234 fere
3094 3185 3377 3233 terrarum
3440 3177 3718 3248 praedica-

2070 3272 2224 3328 tione
2255 3268 2641 3342 promulgata,
2657 3284 2791 3324 cum
2807 3268 2919 3323 sub
2934 3265 3432 3338 Neronisimperio
3446 3266 3715 3336 Romam,

2069 3363 2302 3432 propter
2328 3358 2734 3415 detestandum
2767 3355 2930 3413 illum
2981 3356 3297 3425 Simonem,
3323 3356 3422 3428 qui
3468 3355 3714 3429 publicis

2067 3448 2551 3522 inscriptionibus
2573 3447 2754 3502 Deum
2795 3463 2854 3503 se
2874 3462 3101 3513 vocare,
3140 3444 3289 3500 191
3349 3445 3710 3516 praedicatio-

2069 3554 2321 3613 nemque
2349 3536 2558 3595 Christi
2588 3538 2839 3593 evertere
2870 3539 3187 3602 est,ausus,
3216 3533 3486 3599 venisset,
3520 3533 3713 3589 factis-

2066 3645 2176 3700 que
2199 3627 2365 3684 illum
2396 3625 2573 3682 simul
2603 3628 2660 3681 et
2688 3640 3027 3681 sermonum
3059 3623 3113 3679 vi
3135 3621 3512 3695 coarguisset,
3537 3626 3712 3694 atque

2065 3720 2459 3774 Romanorum
2502 3713 2785 3783 Ecclesiae,
2825 3713 3078 3787 primum
3152 3712 3386 3784 quidem
3419 3709 3578 3780 Lino,
3612 3712 3712 3767 de-

2068 3807 2204 3863 inde
2232 3805 2522 3873 Anacleto,
2555 3808 2611 3860 et
2650 3807 2780 3876 post
2827 3802 2931 3859 hos
2980 3801 3170 3869 tertio,
3202 3803 3273 3858 ad
3322 3803 3566 3857 mortem
3615 3817 3714 3856 va-

2067 3896 2230 3963 dens,
2264 3893 2697 3967 sapientissimo
2745 3892 3023 3949 Clemenli
3064 3892 3253 3948 claves
3297 3891 3705 3960 commisisset,

2068 3987 2136 4042 ad
2167 3984 2351 4042 Deum
2384 3983 2674 4056 migravit.
2709 3984 2765 4040 Is
2796 3998 2964 4053 porro
2996 3997 3114 4037 una
3133 3997 3266 4037 cum
3299 3980 3554 4048 Simone,
3591 3986 3715 4037 tan-

2067 4092 2243 4149 quam
2276 4072 2674 4147 prodigiorum
2697 4071 2999 4141 etrector,a
3026 4071 3253 4127 Nerone
3283 4070 3467 4126 Roma
3485 4068 3714 4141 pulsus,

2068 4163 2461 4236 Hierosolyma
2491 4177 2726 4218 rursum
2759 4164 2817 4217 et
2846 4159 3163 4216 Orientales
3195 4159 3461 4215 civitates
3509 4160 3673 4231 petiit
3699 4176 3712 4216 :

2067 4259 2126 4311 et
2178 4253 2375 4309 orbem
2431 4250 2731 4307 miraculis
2779 4249 3110 4319 illustrans,
3160 4247 3217 4304 in
3268 4248 3615 4306 Faustinum
3662 4252 3719 4304 et

2069 4339 2679 4408 Faustimianum,sive
2705 4338 2965 4395 Nicetam
2987 4342 3045 4394 et
3066 4336 3339 4410 Aquilam
3361 4337 3587 4404 incidit,
3618 4337 3719 4410 qui

2069 4430 2173 4489 filii
2205 4430 2440 4504 quidem
2470 4428 2778 4485 clarissimi
2826 4426 2934 4483 viri
2983 4426 3182 4483 Fausti
3217 4427 3486 4491 Romani,
3528 4427 3721 4482 Caesa-

2069 4537 2192 4578 rem
2223 4535 2435 4594 genere
2489 4516 2861 4591 attingentes,
2895 4517 3104 4573 fratres
3154 4520 3346 4571 autem
3405 4514 3718 4569 Clementis

313 4584 465 4665 ὄντες
508 4584 607 4657 τοῦ
653 4603 942 4677 Καίσαρος,
973 4601 1196 4684 ἀδελφὼ
1245 4584 1312 4660 δὲ’
1354 4584 1691 4677 Κλήμεντος.
1723 4584 1958 4665 Τούτους

2071 4584 2390 4668 οταιιίίΗοε
2411 4623 2542 4665 cum
2597 4584 2672 4662 ab
2718 4584 2977 4662 Simonis
3020 4602 3326 4677 praestigiis
3371 4600 3716 4673 prodigiosis

314 4687 373 4745 δὲ
419 4696 521 4761 τῆς
563 4690 838 4767 τερατείας
877 4696 975 4748 τοῦ
1035 4694 1285 4768 Σίμωνος
1333 4694 1672 4765 ἀποστήσας,
1716 4692 1815 4755 τὰς
1861 4691 1959 4748 πό-

314 4778 439 4844 λεις
489 4777 653 4856 διῄει,
684 4779 753 4837 τὶ
810 4780 1066 4856 Σίμωνος
1110 4781 1390 4859 σπέρματα
1447 4781 1496 4856 ἐξ
1546 4783 1726 4839 αὐτῶν
1791 4782 1959 4857 ῥιζῶν

310 4867 592 4940 ἀνασπῶν,
651 4867 705 4933 ἐς
754 4872 974 4948 ὕστερον
1036 4869 1093 4926 δὲ
1147 4872 1239 4928 καὶ
1315 4873 1406 4928 τὸν
1465 4872 1609 4948 ἱερὸν
1667 4870 1961 4945 Κλήμεντά

313 4960 688 5035 σαγηνεύσαςο
746 4960 838 5016 όὶτε
896 4958 963 5031 δὴ
1021 4965 1137 5024 τοῖς
1190 4961 1398 5017 ἐκείνου
1443 4960 1779 5037 ἀποῤῥήτοις
1835 4960 1957 5037 περὶ

311 5051 502 5125 ψυχῆς
552 5050 643 5105 καί
690 5049 1180 5115 ἀποκαταστάσεως
1237 5052 1328 5106 καὶ
1376 5050 1563 5108 ἄλλων
1626 5053 1960 5124 ζητημάτων

304 5139 373 5194 τὸ
456 5135 661 5215 εὓγενὲς
737 5146 838 5211 τῆς
915 5139 1121 5204 λύσεως
1184 5142 1510 5217 παρασχὼν,
1568 5141 1657 5197 καὶ
1718 5142 1955 5215 θαύμασι

305 5224 546 5290 πολλοῖς
590 5228 681 5283 καὶ
741 5230 933 5307 σοφίας
991 5230 1313 5308 ἀποῤῥήτου
1388 5227 1614 5305 δυνάμει
1675 5230 1955 5304 ᾠκειωσά-

376 5385 507 5444 =51!
537 5386 695 5444 Tim.
731 5401 809 5458 ιν,
845 5385 934 5456 ιε,
1010 5383 1058 5422 εδ
1088 5385 1235 5443 ibid.
1268 5387 1323 5443 6.

2069 4697 2422 4765 abduxisset,
2454 4695 2713 4753 civitates
2759 4693 3006 4763 visebat,
3029 4691 3284 4748 Simonis
3324 4688 3551 4746 semina
3586 4688 3715 4743 ubi-

2071 4804 2182 4859 que
2211 4786 2491 4843 radicitus
2522 4783 2793 4841 eveliens.
2822 4782 3036 4839 Deinde
3066 4796 3200 4837 vero
3256 4779 3431 4835 etiam
3483 4794 3713 4835 sacrum

2069 4875 2417 4933 Clementem
2449 4874 2521 4930 ad
2557 4890 2618 4930 se
2667 4870 2962 4944 pertraxit,
2993 4884 3241 4938 cumque
3279 4866 3388 4924 sibi
3437 4867 3508 4923 ad
3556 4882 3716 4922 arca-

2070 4982 2178 5022 nas
2199 4965 2596 5036 obseurasque
2620 4961 2779 5018 illius
2809 4961 2880 5016 de
2910 4959 3107 5015 anima
3136 4961 3193 5015 et
3220 4955 3586 5013 restitutione
3610 4956 3717 5011 ho-

2071 5054 2248 5111 minis
2292 5052 2541 5125 aliisque
2598 5051 2771 5107 rebus
2822 5046 3161 5120 ingentibus
3209 5045 3578 5119 qumstiones,
3617 5060 3713 5116 per

2066 5142 2355 5217 appositas
2377 5140 2694 5199 solutiones
2724 5138 2833 5194 rite
2862 5140 2919 5192 et
2949 5136 3217 5209 praesenti
3249 5136 3447 5192 animo
3475 5149 3714 5207 respon-

2065 5234 2231 5303 dens,
2265 5236 2439 5307 atque
2467 5232 2709 5301 insuper
2740 5225 3044 5283 miraculis
3068 5224 3266 5284 multis
3294 5228 3353 5280 et
3390 5221 3714 5280 secretioris

374 5541 457 5613 (l)
482 5540 666 5599 Lucas
695 5541 837 5598 Acta
855 5555 962 5597 sua
993 5536 1315 5613 apostolica
1362 5536 1435 5613 ad
1483 5538 1734 5612 priorem
1791 5535 1957 5594 Pauli
2065 5535 2267 5613 theum
2301 5533 2461 5613 dedit
2507 5532 2838 5607 epistolam,
2870 5535 2929 5589 et
2968 5530 3216 5590 vinculis
3247 5547 3280 5586 a
3317 5530 3540 5587 Nerone
3586 5545 3717 5586 con-

305 5609 516 5671 urbem
537 5617 710 5670 Rom.
740 5609 1060 5670 adventum
1090 5609 1469 5668 continuavit.

377 5685 461 5759 (2)
492 5687 615 5754 Quo
644 5684 869 5743 scilicet
923 5687 1186 5758 tempore
1227 5682 1604 5756 posteriorem
1653 5682 1725 5739 ad
1766 5680 1961 5738 Timo-

2068 5608 2305 5665 strictus
2329 5606 2454 5664 fuit.
