4084 6208
460 348 578 411 81⁸7
1758 343 2179 407 NICEPHORI
2222 344 2571 409 CALLISTI
3748 353 3868 414 848

2747 480 2773 500 δ

461 482 765 556 sapientia
796 484 852 542 vi
881 483 1226 541 familiarius
1273 483 1556 556 conjunit.
1589 482 1788 539 Multis
1832 496 1966 538 vero
2009 482 2074 538 de

2251 501 2401 542 ιενος,
2452 481 2692 544 Πολλοῖς
2744 480 2793 537 δ’
2850 484 2905 548 ἒς
2960 483 3180 559 ὕστερον
3230 480 3370 541 ἔτεσι
3417 488 3509 542 καὶ
3560 488 3864 561 Ματθιδαν,

461 574 668 646 inceps
696 573 866 631 annis
902 578 961 631 et
998 573 1386 641 Mattbidiam,
1411 573 1664 630 nobilem
1718 576 1964 628 matrem
2013 589 2074 628 eo

2256 571 2313 640 ἣν
2370 571 2559 646 εὐγενῆ
2618 572 2834 627 τούτων
2894 573 3128 649 μητέρα,
3187 572 3239 629 ἔν
3293 596 3402 630 τινι
3458 578 3614 650 νήσῳ
3668 579 3728 633 ἐκ
3774 602 3869 633 πα-

460 679 620 734 rum,
649 681 826 737 quam
875 664 935 721 in
971 666 1161 722 insula
1211 665 1464 737 quadam
1504 681 1574 721 ex
1622 662 1926 735 naufragio
1970 679 2073 717 aere

2258 663 2377 713 αιοῦ
2421 662 2657 734 ναυαγίῳ
2699 664 3226 736 ταγαιπωρουμένην
3273 665 3471 741 εὑρὼν,
3535 669 3629 722 ἅτε
3687 666 3755 739 δή
3819 669 3871 723 ἐκ

461 769 668 810 mnose
689 753 985 812 viventem
999 756 1243 828 reperit;
1261 753 1480 827 quippe
1497 771 1625 825 qua:
1653 753 1835 810 Roma
1855 753 2074 809 Athena

2256 748 2434 820 ’ώμης
2484 749 2570 803 ἐπ’
2627 752 2860 821 Ἀθήνας
2914 750 3164 816 παιδείας
3239 752 3401 830 χᾶριν
3471 760 3584 811 τῶν
3662 755 3869 812 παίδων

464 842 784 901 liberorum
825 861 1067 900 suorum
1115 843 1387 900 doctrinae
1416 843 1603 915 gratia
1643 858 1758 898 una
1803 857 1937 897 cum
1991 840 2072 895 illi

2253 836 2420 909 ύναμα
2468 839 2684 901 τούτοις
2728 838 2858 912 πλῷ
2921 842 3243 917 χρωμένην,
3292 845 3382 899 καὶ
3448 848 3866 920 ναυαγζσασαν·

460 929 759 1003 navigans,
780 931 1149 1003 naufragium
1173 948 1346 1004 passa
1378 930 1578 986 fuerit:
1603 946 1738 986 cum
1759 929 1844 983 illi
1867 929 2073 999 quidem

2255 925 2489 988 ὶκείνους
2524 928 2619 1001 μὶν
2672 927 2843 983 ἄλλον
2892 928 3171 1006 ἀλλαχόθι
3213 933 3332 1004 θείᾳ
3378 930 3448 1003 δὴ
3478 936 3722 1008 προνοίᾳ
3773 957 3868 991 πε-

459 1018 611 1076 alius
641 1020 755 1077 alio
815 1020 1012 1077 divina
1052 1020 1416 1092 providentia
1471 1020 1792 1077 incolumes
1848 1033 2072 1073 evasere

2254 1016 2532 1084 ισωθῆναι,
2589 1017 2759 1085 αὐτὴν
2820 1015 2869 1071 δ’
2926 1018 3002 1079 εἷς
3058 1026 3226 1089 νῆσον
3286 1015 3706 1097 ὲκόρασθεῖσαν,
3762 1025 3867 1099 ἐρι-

459 1107 591 1181 ipsa
617 1125 752 1165 vero
782 1110 840 1165 in
871 1109 1123 1166 insulam
1146 1111 1349 1181 ejecta,
1373 1109 1552 1166 vitam
1583 1108 1838 1164 lanificio
1870 1111 2069 1162 susten

2253 1102 2463 1158 εὖουσαν
2512 1102 2732 1178 διαζῇν·
2791 1107 2997 1177 ταύτην
3058 1106 3127 1176 δὴ
3182 1111 3211 1163 ὁ
3261 1112 3404 1173 θεῖος
3457 1111 3668 1186 Πέτρος
3699 1116 3866 1187 εὑρὼν

456 1198 622 1255 tavit.
673 1198 834 1255 Hane
880 1198 1049 1255 divus
1099 1199 1301 1254 Petrus
1348 1198 1425 1253 ibi
1478 1199 1787 1265 inventam,
1834 1213 1965 1252 cum
2030 1212 2069 1251 at

2248 1195 2379 1246 ιεῖσε
2438 1194 2573 1247 κατᾶ
2627 1194 2747 1249 θέαν
2809 1199 2916 1249 τῶν
2992 1195 3311 1270 ἂμπελίσων
3366 1199 3585 1255 στόλων
3643 1201 3861 1257 ἐλθών·

456 1288 806 1358 spectandas
834 1288 1089 1344 vitiferas
1125 1288 1433 1344 columnas
1464 1287 1817 1352 divertisset,
1850 1302 2066 1358 emuqu

2251 1279 2431 1337 ἷποντο
2465 1280 2523 1337 δέ
2553 1285 2605 1338 οἱ
2641 1285 2733 1338 καὶ
2764 1286 2814 1338 οἱ
2843 1286 3046 1357 ταύτης
3074 1285 3264 1352 παῖδες
3298 1295 3446 1364 τρεῖς
3470 1309 3483 1322 ·
3519 1292 3584 1359 ἣν
3646 1290 3715 1361 δη
3777 1295 3864 1347 καὶ

454 1375 627 1447 (quos
657 1375 938 1449 diximus)
961 1376 1129 1432 liberi
1176 1376 1335 1432 illius
1381 1381 1501 1432 tres
1546 1380 1952 1448 sequerentur,
1979 1390 2067 1429 ma

2249 1378 2326 1434 οῖς
2366 1374 2519 1429 παισί
2550 1373 2870 1450 παραδόξως
2918 1380 3326 1454 γνωρισθεῖσαν,
3357 1385 3437 1453 τῷ
3482 1382 3620 1455 θείῳ
3670 1384 3862 1457 βαπτί-

454 1470 717 1538 tremque
743 1482 914 1522 suam
936 1469 1140 1538 prater
1161 1481 1324 1536 spem
1365 1469 1423 1521 et
1449 1465 1935 1536 exspectationem
1966 1481 2067 1518 om

2250 1483 2376 1534 ματι
2421 1461 2796 1539 ἂνεγέννησεν·
2843 1467 2918 1528 ὡς
2968 1465 3024 1521 δὲ
3072 1469 3162 1522 καὶ
3212 1473 3459 1525 Φαῦστον
3506 1471 3603 1526 τὸν
3652 1472 3863 1527 τούτων

456 1568 591 1612 nem
649 1558 1089 1626 cognoscerent,
1138 1553 1334 1610 divino
1381 1555 1742 1626 regeneravit
1781 1553 2069 1626 baptismo

2250 1552 2412 1627 ατέρα
2455 1555 2592 1608 κατὰ
2641 1557 2869 1627 ζήτησιν
2916 1563 3017 1626 τῆς
3073 1561 3329 1633 γυναικὸς
3377 1561 3471 1615 καὶ
3512 1565 3625 1617 τῶν
3658 1561 3863 1617 παίδων

455 1641 528 1699 Ut
558 1646 825 1700 autemet
843 1646 1005 1715 pater
1034 1659 1234 1699 eorum
1286 1642 1539 1699 Faustus
1596 1644 1781 1699 Roma
1832 1644 1905 1698 ad
1964 1660 2068 1698 uxo

2246 1643 2303 1705 ἧς
2361 1642 2585 1715 Ῥώμης
2634 1643 2861 1714 ἐξιόντα,
2920 1644 3199 1722 Αἴγυπτόν
3254 1658 3313 1703 τι
3369 1650 3462 1704 καὶ
3520 1652 3726 1725 Συρίαν
3775 1654 3859 1707 καί

454 1748 578 1790 rem
600 1738 658 1789 et
686 1732 901 1790 liberos
929 1734 1268 1805 quaerendos
1300 1734 1597 1804 profectus
1625 1733 1726 1804 (1),
1755 1737 2063 1805 Egyptum

2245 1727 2463 1801 ιοινίκην
2516 1729 2826 1802 διελθόντα,
2863 1738 3052 1809 Πέτρῳ
3108 1757 3166 1791 τε
3226 1737 3472 1817 ἐντυχεῖν
3531 1744 3673 1795 Θεοῦ
3716 1762 3858 1816 προ-

454 1837 591 1894 que,
621 1823 844 1894 Syriam
874 1828 933 1880 et
964 1823 1300 1879 Phoenicem
1343 1840 1682 1896 peragrans,
1716 1824 1912 1879 divino
1952 1841 2066 1894 quo

2245 1818 2319 1889 )ίᾳ
2375 1822 2660 1897 σοφῇ,καί
2715 1827 2831 1884 τοῖς
2887 1822 3114 1888 οἰκείοις
3173 1833 3516 1902 περιτυχεῖν,
3558 1828 3762 1900 ἐπίσης
3815 1833 3858 1886 τ’

454 1927 569 1985 que
590 1916 734 1968 nutu
765 1914 823 1968 in
856 1912 1087 1969 Petrum
1128 1928 1381 1985 suosque
1413 1913 1638 1981 incidit,
1677 1921 1731 1968 et
1780 1913 1980 1969 itidem
2033 1932 2065 1969 u

2244 1909 2438 1970 ιείνους
2494 1913 2591 1965 τοῦ
2643 1912 2793 1965 θείου
2852 1917 3086 1987 λουτροῦ
3155 1921 3471 1991 μετασχεῖν,
3512 1916 3606 1972 καὶ
3671 1919 3857 1993 σῦναμ’

451 2000 558 2071 illi,
591 2017 824 2058 sacrum
855 2002 1109 2073 suscepit
1160 2001 1473 2063 lavacrum,
1497 2018 1614 2057 una
1644 2018 1777 2057 cum
1808 2002 1925 2059 illis
1954 2020 2062 2074 apo

2243 1997 2428 2060 ιείνοις
2484 2003 2567 2071 τῷ
2623 1999 2918 2073 ἆποστόλῳ
2977 2003 3078 2071 τὴν
3138 2005 3240 2077 γῆν
3299 2005 3719 2082 περιέρχεσθαι,
3766 1992 3856 2079 κη-

451 2090 668 2147 stolum
700 2107 803 2162 per
830 2090 1031 2146 orbem
1062 2092 1377 2146 comitatus
1398 2091 1603 2148 est.lta
1637 2090 1717 2146 illi
1748 2091 1921 2162 longo
1952 2096 2064 2147 tem

2243 2107 2367 2148 97.1;
2463 2084 2712 2161 ἀψευδεῖς
2815 2095 2924 2145 τῶν
3019 2089 3207 2165 ἐκείνῳ
3306 2094 3678 2171 εἰργασμένων
3762 2098 3856 2154 οὐκ

446 2196 583 2252 pore
612 2181 731 2237 veri
762 2180 1021 2251 certique
1046 2196 1241 2235 rerum
1291 2180 1416 2249 ejus
1464 2186 1753 2252 gestarum
1802 2197 2059 2253 praecone

2242 2173 2415 2249 λίγοις
2465 2173 2518 2229 ἐν
2569 2178 2789 2251 χρόνοις
2832 2179 2993 2251 εἶναι,
3023 2182 3113 2235 καὶ
3163 2187 3264 2236 τοῦ
3302 2185 3438 2239 κατὰ
3472 2188 3716 2260 Χριστὸν
3764 2209 3855 2258 κηο

448 2269 631 2337 fuere,
652 2267 949 2340 simulque
975 2284 1110 2325 cum
1141 2283 1207 2323 eo
1237 2267 1530 2323 Christum
1553 2268 1962 2340 praedicarunt.
1986 2270 2061 2325 Pe

2235 2267 2472 2339 ύγματος
2538 2266 2981 2345 συνεφάπτεσθαι.
3039 2273 3148 2340 Τήν
3199 2292 3261 2346 γε
3321 2274 3429 2346 μὴν
3480 2274 3848 2349 οἰκουμένην

448 2360 577 2413 trus
603 2372 775 2429 porro
800 2358 873 2412 ad
899 2371 1030 2413 eum
1066 2356 1306 2411 modum
1338 2372 1437 2427 per
1467 2356 1666 2413 orbem
1711 2357 2061 2413 habitabiles

2235 2351 2385 2424 ὖκλῳ
2432 2355 2681 2428 περιιὼν,
2725 2357 2821 2417 τὰς
2879 2358 3196 2434 ἁπανταχοῦ
3251 2359 3548 2433 ἒκκλησίας
3596 2368 3847 2435 καθίστα,

449 2446 670 2517 passim
700 2447 941 2515 vadens,
970 2444 1246 2502 ecclesias
1279 2444 1488 2518 ubique
1518 2446 1838 2502 constituit.
1871 2448 1939 2502 Et
1969 2447 2062 2502 Ro

2234 2440 2286 2494 αἱ
2343 2443 2565 2515 Ῥώμην
2626 2444 2722 2516 μὲν
2773 2451 2890 2507 τοῖς
2968 2446 3278 2522 εἰρημένοις
3356 2449 3559 2507 ἄνωθεν
3618 2454 3679 2508 ἐκ
3739 2453 3847 2510 δια-

452 2550 709 2604 manam,
737 2552 886 2608 quos
923 2550 1104 2608 supra
1141 2533 1414 2604 diximus,
1446 2535 1882 2593 successoribus
1935 2537 2065 2593 19!

2233 2532 2373 2604 οχῆς
2429 2529 2700 2591 ἐπεδίδου.
2732 2538 2897 2596 Δῖνος
2956 2536 3118 2601 οὗτος
3173 2538 3262 2592 καὶ
3310 2540 3704 2616 ’Δνὲγκλητος,
3763 2548 3846 2599 καί

442 2624 765 2684 commisit:
798 2625 942 2681 Lino
974 2623 1263 2690 videlicet,
1295 2623 1593 2693 Anacleto,
1625 2629 1682 2681 et
1722 2626 1891 2681 tertio
1924 2642 2055 2682 sacri

2232 2620 2377 2693 ρίτος
2453 2619 2689 2695 Κλήμης
2758 2623 2787 2676 ό
2842 2624 3008 2698 ἱερὸς,
3070 2625 3159 2681 ὑπ’
3233 2628 3399 2683 αὐτοῦ
3481 2632 3719 2706 Πέτρου,
3775 2635 3845 2695 ὡς

441 2715 744 2773 Clementi.
770 2718 897 2789 Ipse
918 2717 1153 2789 quidem
1184 2717 1452 2774 Clemens
1482 2732 1544 2772 se
1572 2733 1604 2771 a
1632 2717 1794 2772 Petro
1834 2715 1893 2773 in
1924 2715 2054 2773 obitw

2232 2707 2357 2770 ὐτός
2406 2731 2539 2785 φησι
2590 2710 2847 2797 Κλήμης,
2898 2718 3312 2788 χειροτονηθεὶς
3362 2715 3415 2772 ἐν
3458 2722 3530 2792 τῇ
3588 2720 3841 2797 τελευτῇ.

444 2804 569 2875 ejus
596 2803 810 2862 lectum
842 2806 1052 2874 dicere,
1084 2810 1138 2861 et
1160 2823 1194 2861 a
1231 2807 1397 2862 Petro
1427 2806 1750 2861 secundum
1783 2822 2054 2862 numerar

2228 2802 2252 2850 )
2296 2799 2389 2870 μὲν
2446 2797 2535 2853 οὗν
2581 2796 2829 2875 δεύτερον
2879 2805 3014 2875 μετά
3064 2804 3265 2879 Πέτρον
3315 2807 3504 2862 ἑαυτὸν
3555 2806 3704 2865 ἔοικε
3754 2809 3841 2865 λέ-

444 2892 689 2951 videtur.
713 2894 824 2951 Alii
853 2901 1046 2951 autem
1079 2899 1351 2968 quartum
1395 2911 1526 2951 cum
1563 2912 1597 2950 a
1628 2899 1792 2950 Petro
1820 2911 1949 2951 esse
1996 2913 2057 2951 re

2230 2906 2341 2941 ειν”
2389 2884 2565 2963 ’ἕτεροι
2610 2886 2667 2943 δὲ
2732 2892 2986 2966 τέταρτον
3032 2893 3140 2949 ἀπὸ
3188 2894 3400 2976 Πέτρου
3443 2898 3582 2952 εἶναί
3643 2921 3839 2976 φασιν·

443 2982 657 3052 ferunt,
704 2983 765 3040 in
817 2984 1032 3056 quibus
1086 2956 1259 3041 etiam
1309 2988 1399 3039 est
1446 2983 1729 3039 Eusebius
1779 2983 2056 3056 Pamphili

2233 3000 2268 3029 ιν
2301 2975 2411 3031 ἐστι
2460 2956 2551 3032 καὶ
2609 2979 2637 3032 ὁ
2698 2956 2991 3057 Παμφίλου
3046 2956 3571 3059 Εὺσέϐιοςῖῑίάρκῳ
3634 2959 3692 3043 δὲ
3749 2991 3846 3058 τὴν

441 3071 843 3130 Alexandrinis
894 3078 1088 3130 autem
1133 3074 1389 3130 Marcum
1422 3073 1719 3145 praefecit:
1776 3073 1833 3129 in
1911 3074 2047 3145 euju

2229 3068 2310 3120 ατ’
2358 3064 2762 3144 Ἀλεξάνδρειαν
2834 3068 3160 3149 ἐνεχείριζεν
3217 3071 3582 3148 ἐκκλησίανέι
3619 3078 3685 3131 οὗ
3740 3080 3840 3147 τὴν

442 3179 604 3221 sacro
635 3162 983 3232 ministerio,
1017 3167 1239 3219 Nerone
1281 3166 1543 3219 octavum
1601 3165 1921 3234 imperante
1978 3181 2050 3219 an

2233 3154 2807 3231 ειτουργίαν⁷Ανιανὸς
2865 3156 3198 3235 διαδέχεται,
3258 3161 3454 3239 ὄγδοον
3511 3161 3637 3228 ἔτος
3686 3165 3841 3241 ἆγονο

442 3213 600 3221 ---η
636 3213 983 3232 ._-_-------,
1018 3213 1237 3219 _.---_-
1285 3213 1543 3219 ---_-__
1602 3213 1919 3234 ---τνπη
1980 3213 2050 3219 __

441 3269 610 3321 num,
639 3252 903 3309 Anianus
933 3251 1237 3308 successit.
1274 3253 1451 3307 Porro
1500 3250 1917 3308 Antiochenam
1970 3253 2054 3325 pri

2383 3213 2393 3229 ι
2428 3213 2440 3231 I
2617 3213 2630 3215 ἡ
2793 3213 2805 3221 ’
2973 3213 3198 3235 "I\.“"‘,
3264 3213 3447 3239 '|""
3512 3213 3636 3228 ""
3688 3213 3809 3241 ’⁸8⁷⁷

2224 3263 2282 3304 ος
2340 3245 2610 3319 Νέρωνος.
2643 3248 2731 3302 Ἐν
2792 3244 2838 3302 δ’
2896 3250 3204 3329 Ἀντιοχείᾳ
3261 3258 3478 3325 πρῶτον
3539 3256 3635 3328 μὶν
3685 3256 3837 3313 E616-

439 3356 604 3400 mum
631 3341 848 3398 Evodio
869 3341 1082 3399 deinde
1117 3355 1312 3397 revera
1349 3339 1589 3396 numine
1638 3340 1831 3397 afﬂalo
1871 3346 2049 3398 Deum

2228 3353 2328 3402 ιον,
2361 3333 2494 3406 μετᾶ
2541 3331 2597 3388 δὲ
2643 3339 2838 3391 τοῦτον
2891 3339 2982 3392 τὸν
3029 3335 3199 3402 ὅντως
3251 3337 3559 3412 θεόληπτον
3588 3342 3684 3398 τόν
3716 3346 3840 3399 θεο-

440 3448 555 3505 que
583 3431 788 3488 ferenti
822 3432 1041 3505 Ignatio
1073 3431 1385 3503 regendam
1418 3430 1659 3487 tradidit
1684 3448 1697 3486 :
1722 3448 1890 3504 quem
1915 3432 2053 3504 lgna

2223 3424 2361 3498 ›όρον
2418 3422 2579 3479 ἒτίθει
2639 3425 2939 3500 ’ῐγνάτιονο
2997 3427 3056 3481 ’ὸν
3123 3425 3201 3484 ἔτι
3274 3433 3470 3501 νήπιον
3550 3430 3702 3504 ὄντα,
3759 3436 3836 3497 ὡς

440 3523 589 3580 tium
628 3522 910 3580 tenellum
955 3522 1303 3590 etiamnum,
1334 3524 1612 3592 tanquam
1658 3520 1987 3593 simplicem
2028 3539 2053 3579 e

2229 3511 2398 3568 πλοῦν
2456 3513 2547 3568 καὶ
2599 3513 2848 3590 ἀκέραιον
2914 3515 3340 3591 ἐνδεικνύμενος,
3399 3520 3446 3576 εἰ
3504 3525 3583 3596 μή
3641 3521 3840 3595 ἒπίσης

439 3611 755 3685 integrum,
801 3611 1068 3668 manibus
1116 3609 1237 3667 suis
1276 3609 1576 3666 sublatum
1621 3608 1885 3666 Christus
1920 3610 2050 3666 cxbi

2225 3603 2379 3676 κείνῳ
2434 3603 2704 3679 γένοιντο,
2760 3603 3044 3678 διεδείκνυ,
3105 3608 3305 3678 ἥκιστα
3370 3604 3523 3687 ἔλεγε
3578 3620 3681 3685 τῆς
3740 3637 3838 3685 x7,-

440 3699 593 3757 buit:
626 3705 799 3771 atque
820 3698 1255 3771 simplicitatem
1288 3697 1801 3772 integritatemque
1831 3699 2053 3772 diseipu

2227 3692 2520 3767 υττομένης
2583 3693 2860 3765 βασιλείας
2917 3695 3321 3773 ἐπιτυχεῖν.Τῇ
3385 3697 3532 3756 δἀὗ
3592 3703 3840 3759 Σικελῶν

438 3789 510 3848 iis
541 3790 846 3847 ostendere
900 3793 957 3845 et
1007 3789 1418 3847 commendare
1454 3788 1675 3854 volens,
1708 3787 1819 3844 nisi
1872 3794 1929 3845 et
1967 3788 2051 3861 ips

2224 3784 2523 3858 [αγκραὶτιον
2554 3784 2884 3861 ἐχειροτόνει
2906 3804 2921 3820 ⁸
2954 3786 3044 3840 καὶ
3089 3785 3263 3843 ἄλλον
3312 3787 3494 3861 ἄλλης
3534 3791 3837 3863 ἐκκλησίας

436 3878 659 3937 similes
682 3878 907 3949 fierent,
949 3892 1321 3950 nequaquam
1355 3876 1487 3933 illos
1516 3877 1573 3933 in
1623 3892 1893 3950 regnum,
1926 3894 2049 3948 quoi

2225 3876 2513 3944 πιστατεῖν,
2571 3873 2759 3947 χώρας
2815 3895 2874 3929 τε
2949 3875 3039 3930 καὶ
3086 3878 3255 3948 νήσου
3302 3880 3388 3933 καὶ
3451 3878 3674 3945 πόλεως
3714 3900 3731 3915 ’
3785 3883 3838 3936 οἳ

435 3976 556 4026 tum
588 3967 1031 4040 praedicabatur,
1057 3971 1438 4039 perventuros
1468 3981 1587 4021 esse
1635 3966 1782 4023 dixit
1811 3967 1876 4024 ³⁷.
1915 3967 2048 4022 Sicu

2225 3965 2347 4036 ερῶς
2405 3963 2581 4034 τούτῳ
2626 3968 2727 4032 τῆς
2793 3963 2846 4018 έν
2909 3970 3129 4040 Χριστῷ
3178 3967 3594 4044 μετελὰγχανον
3647 3973 3838 4044 μαθη⁴

433 4055 625 4111 lorum
672 4074 807 4114 vero
848 4056 1101 4113 ecclesiae
1137 4055 1531 4123 Pancratium,
1584 4055 1833 4126 aliisque
1887 4056 2044 4128 regio

2225 4049 2350 4113 είας.
2384 4050 2558 4113 Αὐτὸς
2619 4048 2676 4105 δὲ
2729 4049 3355 4130 ΙΙαλαιστίνην,Συρίαν
3412 4078 3472 4113 τε
3521 4060 3614 4112 καὶ
3657 4059 3838 4115 Φοινῖ-

436 4145 631 4215 nibus,
663 4145 892 4213 insulis,
917 4152 973 4202 et
1019 4144 1261 4201 urbibus
1304 4145 1609 4216 episcopos
1655 4144 1822 4211 alios,
1865 4146 1966 4216 qui
2006 4148 2049 4201 al

2226 4162 2305 4213 ην,
2339 4139 2540 4196 Πόντον
2599 4161 2656 4196 τε
2710 4145 2799 4196 καί
2853 4140 3139 4214 Γαλατίαν,
3182 4143 3571 4202 Καππαδοκίαν
3632 4170 3691 4203 τε
3746 4151 3839 4203 καὶ

434 4246 503 4287 eo
535 4247 758 4289 sacrum
791 4232 1005 4289 Christi
1036 4232 1405 4302 disciplinam
1447 4232 1832 4302 accepissent,
1865 4250 2047 4305 praape

2225 4227 2459 4292 ιιθυνίδα.
2517 4230 2607 4285 καὶ
2674 4229 2917 4293 συνόλως
2987 4231 3147 4309 φάναι
3206 4232 3306 4289 ὅσα
3380 4256 3441 4291 τε
3494 4239 3684 4300 Ἀσίας
3741 4240 3838 4293 καὶ

434 4319 573 4376 suit.
618 4321 705 4376 Ad
755 4321 906 4377 hanc
964 4321 1205 4377 modum
1237 4320 1358 4392 ipse
1406 4319 1467 4375 in
1520 4318 1847 4375 Palaestina.
1888 4322 2047 4395 Syria

2223 4318 2454 4395 ἰύρώπης
2510 4316 2751 4392 κλίματα
2807 4318 2996 4391 ἐπιὼν,
3056 4321 3186 4376 πᾶσί
3236 4342 3295 4377 τε
3349 4329 3467 4387 τοῖς
3523 4327 3575 4379 ἐν
3613 4327 3684 4397 τῇ
3714 4324 3836 4381 διαο

432 4409 724 4481 Pbmnice,
785 4410 985 4479 Ponto,
1056 4409 1306 4479 Galatia,
1347 4409 1733 4483 Cappadocia,
1788 4411 2045 4485 Bithynia

2221 4413 2360 4484 πορᾷ
2414 4405 2700 4471 Ἰουδαίοις
2757 4430 2817 4464 τε
2872 4409 2963 4464 καὶ
3016 4409 3256 4481 Ἕλλησι
3324 4411 3510 4488 τέρασι
3584 4417 3678 4469 καὶ
3731 4437 3833 4487 ση-

430 4499 678 4558 breviter
705 4501 763 4556 in
808 4493 993 4556 totius
1034 4499 1177 4556 Asia
1217 4503 1272 4555 et
1310 4500 1548 4572 Europae
1594 4498 1733 4568 oris,
1767 4501 2042 4557 omnibus

2234 4498 2387 4567 είοις,
2438 4496 2592 4573 ἰσχύϊ
2646 4520 2704 4553 τε
2754 4496 2927 4576 λόγου
2965 4501 3049 4555 καὶ
3101 4501 3411 4571 πνεύματος
3457 4504 3551 4559 τὸν
3597 4506 3843 4581 Χριστὸν

429 4606 545 4663 que
588 4590 752 4659 adeo,
790 4590 890 4662 qui
921 4588 981 4645 in
1014 4589 1375 4661 dispersione
1415 4593 1581 4646 erant
1600 4588 1814 4645 Judaeis
1846 4594 1902 4646 et
1922 4590 2042 4646 Cres

2225 4585 2695 4665 ὂαγγελισάμενος,
2744 4610 2887 4644 ουτω
2934 4590 3027 4645 καὶ
3073 4591 3227 4652 οὗτος
3272 4590 3408 4646 κατὰ
3458 4592 3684 4648 Παῦλον
3743 4597 3838 4650 τὸν

428 4679 534 4749 cis,
584 4678 886 4753 Evangelia
927 4678 1138 4735 Christi
1171 4678 1381 4735 virtute
1404 4683 1460 4735 et
1480 4679 1533 4734 vi
1566 4678 1723 4734 verbi
1757 4678 1964 4751 (signis
2021 4696 2041 4735 ε

2231 4682 2329 4731 εῖον
2374 4675 2428 4732 ἐν
2467 4683 2585 4739 τοῖς
2628 4676 2882 4752 ἐσχάτοις
2933 4680 3183 4753 Νέρωνος
3234 4680 3462 4757 χρόνοις
3515 4685 3620 4751 τὴν
3676 4685 3844 4759 βασι-

426 4770 730 4829 miraculis
776 4769 1212 4835 accedentibus)
1244 4769 1628 4842 promulgata,
1660 4770 1933 4825 extremis
1963 4770 2039 4825 Ne

1413 4769 1628 4841 ulguto,
1660 4770 1933 4825 extremis
1963 4770 2074 4825 Ne-
2184 4764 2310 4823 λίδα
2340 4767 2561 4839 Ῥώμην
2594 4763 3020 4841 καταλαμϐάνει.

425 4860 584 4919 renis
614 4859 976 4934 temporibus
1008 4859 1276 4929 Romam,
1308 4859 1542 4915 urbium
1601 4858 1865 4914 omnium
1924 4857 2076 4930 regi-

426 4966 585 5020 nam,
617 4966 751 5007 oum
783 4949 862 5005 ibi
895 4965 1124 5022 quoque
1153 4947 1368 5004 Paulus
1398 4951 1577 5017 esset,
1609 4948 1923 5020 pervengit.

491 5092 536 5127 ³⁷
567 5091 769 5148 Matth.
802 5108 961 5162 xvm,
990 5092 1045 5147 3.

491 5235 591 5307 (t),
626 5234 813 5307 Divus
874 5232 1142 5307 Clemens
1198 5248 1349 5307 cum
1392 5232 1619 5307 duobus
1679 5230 1977 5301 fratribus,
2037 5236 2095 5288 et
2146 5232 2352 5290 deinde
2418 5238 2654 5305 parente
2719 5242 2982 5307 utroque,
3047 5253 3242 5294 comes
3311 5243 3367 5294 et
3421 5241 3624 5297 socius
3686 5245 3837 5300 Petri

419 5303 769 5379 praedicandi
802 5306 858 5361 in
893 5306 1030 5361 orbe
1060 5303 1373 5376 Evangelii.
1407 5304 1534 5360 fuit.
1611 5324 1618 5330 ·
