4016 6206
265 344 390 406 849

872 491 1124 542 sariam.
1170 487 1316 562 Ag".

270 590 1308 679 [lepi‘u'uv‘év'Pugpppauuaiuuv
1333 599 1458 650 τῶν
1482 595 1912 650 ἀποστόλωνο

341 661 759 742 καὶπερὶτῆς
791 661 1130 742 ἀπωλείας
1159 671 1274 742 του
1307 669 1787 742 Ἀντμιχρίστου
1820 669 1919 721 Σί-

342 753 614 820 μηωνοςνο
649 736 750 789 καὶ
777 736 860 797 ὡς
890 736 1566 820 Πέτρος-καίΚΠαΡλός
1601 739 1660 794 ἐν
1693 740 1917 812 Ῥώμῃ

337 807 451 860 τὸν
485 809 598 860 τοῦ
632 807 1001 882 μαρτυρίου
1028 807 1253 884 ⁷ἁγιῖἱινα
1282 807 1664 885 διέδραμον.

342 929 595 1003 Θαύμασι
664 929 710 984 δ’
768 931 860 986 οὖν
915 932 1170 1002 ἐξαισίοις
1211 934 1302 989 καὶ
1353 932 1518 1014 ἄμφω
1574 937 1636 990 τὸ
1700 936 1913 1005 πλῆθος

272 1017 650 1094 ἐπαγομένων,
699 1021 774 1082 ὡς
834 1021 966 1095 ὑπὲρ
1022 1021 1254 1096 ἀριθμὸν
1299 1023 1432 1078 εἶναι
1478 1026 1602 1086 τοὺς
1658 1026 1915 1099 προσιόν-

266 1132 387 1179 τας,
422 1112 450 1164 ὁ
510 1109 698 1184 Νέρων
742 1115 909 1166 ταῦτα
955 1113 1158 1186 μαθὼν,
1214 1113 1289 1177 ὠς
1356 1118 1779 1190 κραταιοόμενος
1844 1122 1912 1190 τῇ

268 1198 447 1276 ἀρχῇ,
536 1198 612 1260 εἷς
695 1199 944 1264 ἀνοσίους
1033 1201 1424 1277 ἐκτρεπόμενος
1499 1205 1736 1280 πράξεις,
1795 1209 1914 1262 κατ’

266 1288 440 1357 αὐτῆς
491 1295 592 1358 τῆς
661 1285 927 1354 εὐσεϐείας
983 1291 1254 1361 ὡπλίζετο
1289 1313 1303 1328 ο
1353 1295 1440 1348 καὶ
1490 1294 1732 1369 πέμψας,
1772 1295 1910 1370 ξίφει

263 1375 521 1439 πολλοὺς
590 1377 795 1452 ἀναιρεῖ
874 1384 976 1434 νῶν
1057 1382 1493 1437 πεπιστευκότων
1577 1384 1862 1457 Ῥωμαίων
1896 1404 1910 1417 ·

262 1467 353 1519 καὶ
412 1467 728 1539 τοσούτους,
780 1470 854 1532 ὡς
912 1471 1001 1524 καὶ
1057 1475 1155 1539 τήν
1210 1473 1517 1546 σύγκλητον
1573 1473 1742 1542 αὐτὴν
1784 1472 1913 1528 δυσ-

262 1560 500 1629 χερᾶναι
554 1561 636 1628 τῷ
689 1563 796 1612 τῶν
853 1559 1198 1634 ἀνῃρσμένων
1275 1561 1442 1639 φόνῳ,
1520 1562 1710 1632 ἀσθενῆ
1789 1563 1912 1619 λίαν

262 1642 377 1714 ἤδη
433 1649 502 1718 τῇ
565 1645 973 1722 ὀλιγανθρωπία
1028 1650 1415 1724 γεγενημένην.
1484 1651 1751 1706 Ἐντεῦθεν
1830 1657 1910 1724 τῷ

267 1736 488 1805 Σίμωνι
536 1734 722 1806 πολλή
771 1757 853 1798 τις
900 1737 1159 1812 πάροδος,
1209 1744 1328 1802 τοῖς
1374 1740 1704 1804 ἀποστόλοις
1737 1741 1910 1796 έπιτι-

262 1822 501 1895 θεμένῳ,
543 1823 598 1878 ἔν
657 1846 714 1879 τε
762 1825 1052 1902 συγκλήτῳ
1095 1850 1150 1884 τε
1193 1831 1284 1883 καὶ
1333 1830 1481 1902 αὖτῷ
1531 1831 1757 1905 Νέρωνι.
1811 1831 1906 1886 Καὶ
1942 1853 1988 1918 Β

261 1913 438 1966 πάντα
496 1912 677 1969 κάλων
734 1915 823 1984 ἦν,
862 1917 923 1971 τὸ
979 1921 1074 1972 τοῦ
1132 1917 1322 1992 λόγου,
1381 1925 1564 1992 κινῶν,
1625 1919 1684 1975 ἐκ
1742 1922 1907 1992 μέσου

259 2003 433 2056 Θεῖναι
483 2004 579 2064 τὰς
647 2003 869 2074 κλήσεις
954 2006 1151 2079 αὐτῶν,
1211 2009 1284 2071 ὡς
1360 2009 1548 2065 αἰτίων
1632 2009 1911 2073 ἀπωλείας

261 2090 512 2165 τοσούτῳ
569 2091 766 2163 πλήθει
822 2097 1213 2170 γεγενημένων.
1277 2099 1377 2155 Καὶ
1438 2100 1624 2174 Νέρων
1689 2099 1908 2176 ὕστερον

262 2184 649 2255 προσοχθίσας
689 2184 895 2253 αὐτοῖς,
943 2192 1022 2259 τῷ
1073 2186 1262 2261 πλάνῳ
1313 2189 1524 2262 Σίμωνι
1574 2193 1664 2245 οἷα
1704 2191 1909 2253 πλάνος

265 2269 486 2342 μᾶλλον
546 2275 883 2346 προσέκειτο.
945 2276 1223 2340 Πολλάκις
1281 2278 1376 2333 οὖν
1436 2285 1514 2351 τῷ
1589 2281 1797 2352 Σίμωνι
1882 2283 1909 2336 ὁ

266 2359 472 2434 Πέτρος
538 2361 939 2434 ἀντικαταστάς,
1001 2367 1226 2422 ὕστατον
1288 2367 1338 2421 ἐν
1401 2370 1588 2443 Ῥώμῃ
1637 2377 1734 2439 τῆς
1793 2371 1912 2425 ἀσε-

265 2444 417 2509 ϐείας
509 2451 978 2525 ὁπερογκωθείσης
1048 2456 1219 2527 αὐτῷ,

265 2538 470 2600 ἐκεῖνος
527 2545 608 2610 τῷ
669 2543 856 2615 Πέτρῳ
911 2539 1010 2620 ἔφη
1047 2562 1061 2575 ⁸

1313 2455 1591 2530 παρῥησία
1675 2460 1910 2530 πάντων,

1123 2548 1196 2600 Σὺ
1230 2543 1285 2600 δὲ
1334 2546 1434 2620 ἄρα
1463 2547 1512 2601 τί
1556 2549 1661 2622 φῄς
1697 2569 1710 2617 ;
1746 2548 1909 2623 μέγας

263 2629 292 2680 ὁ
343 2629 438 2689 σὸς
507 2630 736 2702 Χριστὸς
790 2631 974 2707 ὅτιπερ
1028 2635 1192 2708 γῆθεν
1243 2635 1318 2696 εἷς
1377 2636 1630 2711 οὐρανοὺς
1682 2635 1909 2709 ἅνεισις

266 2716 443 2787 Κάμοέ
498 2715 555 2771 δὲ
601 2721 746 2774 τοῦτ’
795 2719 846 2774 ἐν
891 2722 1096 2795 ἑτοίμῳ
1144 2725 1396 2796 πράττειν
1449 2725 1577 2780 ἐστί.
1624 2728 1722 2782 Καὶ
1756 2725 1909 2789 εὓΟὺς

259 2805 440 2865 τείνας
499 2805 595 2866 τὰς
652 2813 860 2881 χεῖρας,
916 2811 1023 2863 ἄνω
1074 2811 1288 2890 ἐφέρετο
1335 2819 1452 2874 τοῖς
1502 2813 1688 2889 ἄγουσι
1720 2813 1912 2887 δαιμο-

260 2895 402 2958 νίοις
450 2895 637 2950 ἑαυτὸν
697 2896 1004 2972 ἐπιτρέψας.
1064 2901 1260 2976 Πέτρος
1305 2901 1350 2956 δ’
1406 2902 1457 2958 έν
1513 2904 1721 2980 ἀγωνίᾳ
1780 2909 1912 2977 μᾶλ-

263 2983 360 3036 λον
394 2985 484 3053 ἦν,
517 2985 606 3038 καί
636 2991 714 3056 τῷ
761 2993 876 3059 Θεῷ
915 2989 968 3042 έν
999 2989 1192 3064 καρδίᾳ
1233 2989 1574 3065 διωμιλεῖτο.
1612 2993 1709 3047 Καὶ
1745 2996 1913 3048 [Ινεύ-

265 3093 439 3144 ματος
487 3072 711 3149 πλήρης
761 3077 1051 3150 γενόμενος
1101 3079 1327 3153 ἐπετίμα
1377 3087 1495 3144 ταῖς
1553 3085 1913 3158 μετεωριζού-

262 3183 381 3224 σαις
453 3161 766 3237 δυνάμεσιν,
841 3166 1160 3243 ἀποχωρεῖν
1236 3171 1464 3227 ἒκείνου.
1530 3180 1626 3227 Καὶ
1710 3174 1908 3228 αὐτίκα

592 3227 602 3237 υ
753 3227 763 3234 υ
961 3227 998 3243 η.
1051 3227 1059 3240 Ι
1759 3227 1766 3228 7
1799 3227 1803 3228 7
1896 3227 1903 3228 ί

260 3252 481 3324 πρηνής
532 3251 621 3328 ἀφ’
669 3253 839 3326 ὕψους
901 3253 1139 3330 ἐφέρετο,
1204 3259 1291 3312 καὶ
1365 3256 1691 3333 συντριϐεὶς,
1769 3227 1981 3337 διεῤ-Ο

260 3340 399 3414 Ιἐάγη
437 3343 633 3396 θανών.
667 3341 731 3397 Ο’ί
763 3365 822 3418 γε
859 3346 966 3414 μὴν
999 3350 1105 3399 τῶν
1159 3345 1352 3420 δήμων
1402 3351 1493 3403 οἷα
1545 3355 1660 3420 Θεῷ
1709 3352 1770 3405 τὸ
1833 3352 1909 3406 σέ·

252 3425 353 3490 ϐας
463 3429 740 3503 αἰρομένῳ
837 3432 1140 3510 εὐφήμουν,
1231 3435 1480 3507 ἐξαπίνης
1573 3439 1908 3512 παλινῳδίαν

262 3518 484 3589 ᾅδοντες
534 3520 693 3588 ἦσαν,
745 3517 1076 3598 διερῥωγότα
1125 3526 1357 3597 ὁρωντες
1392 3546 1404 3559 ·

252 4341 393 4396 τρου
446 4324 539 4376 καὶ
603 4322 821 4378 Παύλου
882 4326 1067 4398 Σίμων
1147 4325 1457 4404 διέφθαρτο,

250 4406 559 4484 κύμϐαχον
622 4412 794 4474 οὕτως
854 4415 1168 4485 αἰτήσαντα,
1233 4418 1379 4490 ξύλῳ
1437 4419 1856 4475 ἀνεσκολόπισεν
1891 4441 1905 4455 ·

251 4498 475 4571 ἀνάξιον
543 4499 842 4573 ἡγούμενον
898 4502 1090 4576 έπίσης
1148 4511 1224 4576 τῷ
1282 4504 1600 4579 Διδασκάλῳ
1633 4510 1820 4562 παθεῖν
1866 4508 1919 4564 έν

1283 350 1908 414 ECCLESIASTICAS
1951 352 2342 414 HISTORIA]
2384 353 2530 413 LIB.
2579 351 2659 413 ΙΙ.

1941 491 1996 556 Α

1458 3534 1662 3606 φῶναῖς
1703 3551 1758 3584 τε
1791 3527 1911 3585 δια-

261 3610 545 3682 πρυσίαις,
599 3612 714 3678 Εἷς,
774 3607 965 3681 ἐϐόων,
1015 3617 1142 3676 Θεὸς
1209 3615 1399 3688 μέγας,
1461 3619 1488 3672 ὁ
1546 3619 1649 3672 ὑπὸ
1708 3617 1910 3692 Πέτρου

257 3699 347 3752 καί
412 3697 633 3752 Παύλου
671 3707 852 3779 σαφῶς
892 3705 1316 3776 κηρυττόμενος.
1361 3705 1447 3778 Τᾦ
1494 3729 1553 3781 γε
1603 3710 1710 3780 μὴν
1759 3709 1912 3782 τόπῳ

257 3785 340 3858 ἐφ’
401 3788 467 3840 οὗ
547 3787 686 3860 έαμα
756 3789 1028 3846 οἴκτιστον
1104 3795 1409 3866 πέπτωκεν,
1465 3791 1640 3868 ὄνομα
1722 3799 1910 3870 Σιμω-

257 3896 404 3930 νειον
474 3875 527 3937 ἐς
588 3875 745 3951 δεῦρο
799 3879 1173 3951 κικλήσκεται,
1231 3885 1330 3950 τὴν
1384 3889 1480 3938 τοῦ
1536 3886 1910 3959 Ἀντιχρίστου

261 3966 522 4037 Σίμωνος
575 3965 852 4022 ἀπώλειαν
901 3966 1212 4048 διελέγχον.
1271 3969 1596 4028 Ἀναϐιῶναι
1657 3976 1750 4046 μὲν
1817 3975 1910 4032 οὗν

257 4055 418 4117 αὖθις
461 4053 637 4109 ἐδόκει
686 4078 817 4126 τισι,
868 4059 957 4112 καὶ
1006 4059 1093 4114 ἐπὶ
1138 4061 1395 4116 πλεῖστον
1433 4063 1720 4137 προῦκειτο
1774 4084 1788 4098 ⁸
1836 4068 1909 4126 ὡς

256 4142 316 4198 δέ
369 4142 640 4218 δεαῤῥέειν
694 4147 893 4220 ἤρξατο
950 4149 1041 4202 καὶ
1099 4147 1344 4220 όδωδὼς,
1380 4154 1468 4220 ἦν,
1503 4153 1825 4214 ἀπειπόντες
1857 4154 1908 4208 έν

255 4232 569 4308 ἀρῥήήτοις
627 4229 876 4292 ἔθαπτον.
939 4237 1119 4310 Νέρων
1180 4234 1238 4293 δὲ
1296 4242 1477 4313 μαθὼν
1537 4242 1610 4302 ὡς
1666 4241 1769 4296 ὑπὸ
1812 4243 1909 4298 Πέ-

1548 4331 1748 4404 Πέτρον
1817 4333 1911 4403 μὶν

3551 355 3672 418 850

2594 485 2827 543 CAPUT
2857 487 3104 546 XXXVI.

2027 595 2100 648 De
2148 592 2432 647 miraculis
2466 592 2827 660 apostolorum
2881 595 3054 648 Romae
3092 595 3271 650 editis.
3327 596 3400 649 De
3432 595 3668 651 interim

2096 663 2425 719 Antichristi
2454 663 2689 718 Simonis
2721 682 2738 716 :
2759 673 2806 720 et
2836 672 2893 718 ut
2934 667 3127 720 Petrus
3159 676 3213 721 et
3241 667 3452 722 Paulus
3485 668 3667 723 Romae

2095 737 2360 806 martyrii
2387 745 2663 792 certamen
2711 736 3060 792 absolverunt.

2095 939 2203 994 Sed
2228 939 2383 994 enim
2434 955 2565 995 cum
2597 939 2676 994 ibi
2710 937 2969 993 miriﬁcis
3012 939 3316 996 amborum
3370 938 3666 993 miraculis

2023 1031 2185 1083 tanta
2215 1028 2284 1081 ad
2336 1027 2847 1083 Christianismum
2880 1027 3196 1082 conflueret
3229 1025 3570 1094 multitudo,
3605 1034 3666 1082 ut

2024 1133 2303 1172 numerus
2352 1117 2480 1188 ejus
2557 1116 2690 1172 iniri
2752 1132 2866 1171 non
2952 1119 3140 1186 posset
3199 1131 3214 1171 :
3264 1115 3431 1186 |Nero
3492 1132 3666 1187 penes

2019 1219 2195 1276 quem
2245 1223 2479 1262 summa
2521 1221 2714 1262 rerum
2761 1209 2904 1274 erat,
2948 1207 3017 1260 ad
3068 1205 3333 1274 improba
3362 1205 3665 1278 impieque

2021 1293 2297 1365 delapsus
2328 1294 2560 1365 ﬂagitia,
2610 1311 2676 1350 ea
2713 1310 2772 1350 re
2801 1293 3055 1365 cognita,
3105 1297 3306 1349 contra
3352 1293 3536 1364 ipsam
3577 1296 3666 1350 di-

2020 1381 2138 1436 vini
2172 1383 2366 1438 cultus
2396 1387 2651 1438 armatur
2708 1383 2978 1454 pietatem
3037 1399 3050 1438 :
3102 1387 3160 1438 et
3218 1382 3664 1454 percussoribus

2020 1473 2336 1544 dispositis,
2399 1479 2484 1532 tot
2545 1475 2742 1531 fideles
2793 1476 2942 1530 ferro
3001 1480 3168 1531 necat
3226 1475 3542 1544 Romanos,
3603 1483 3667 1532 ut

2019 1563 2191 1619 etiam
2235 1568 2477 1620 senatus
2520 1566 2835 1621 admodum
2868 1565 2997 1635 jam
3049 1569 3282 1636 propter
3311 1565 3664 1637 paucitatem

2024 1651 2120 1707 sui
2151 1653 2371 1710 ordinis
2420 1653 2724 1710 hominum
2773 1653 3102 1719 imbecillis,
3137 1653 3279 1709 alias
3312 1669 3490 1726 super
3521 1653 3666 1711 alias

2016 1741 2417 1798 accumulatae
2465 1743 2645 1798 caedes
2692 1759 2839 1812 aegre
2897 1743 3088 1798 ferret.
3123 1743 3263 1798 Inde
3293 1743 3527 1799 :Simoni
3560 1744 3665 1798 ad-

2022 1831 2256 1885 modum
2293 1831 2589 1902 apostolos
2608 1832 3002 1904 persequenti.
3019 1832 3210 1887 aditus
3241 1831 3386 1887 liber
3412 1833 3482 1888 ad
3506 1847 3665 1888 sena-

2020 1923 2145 1975 tum
2187 1924 2243 1975 et
2283 1920 2568 1976 Neronem
2609 1921 2804 1976 datus.
2863 1921 3051 1991 Atque
3095 1919 3147 1976 is
3196 1935 3431 1976 omnem
3477 1922 3559 1992 (ut
3605 1920 3664 1974 in

2022 2011 2317 2080 proverbio
2369 2014 2482 2082 est)
2515 2016 2700 2067 movet
2733 2012 2952 2079 funem,
2985 2014 3046 2067 ut
3074 2010 3316 2068 illorum
3346 2011 3522 2068 etiam
3555 2029 3667 2068 no—

2023 2099 2180 2155 mine
2209 2115 2238 2155 e
2270 2100 2458 2156 medio
2500 2099 2748 2168 tolleret,
2801 2108 3076 2171 tanquam
3125 2101 3224 2170 qui
3269 2099 3442 2156 caedis
3488 2103 3664 2156 tanta:

2021 2189 2418 2244 multitudinis
2475 2197 2743 2246 auctores
2775 2189 3040 2246 fuissent.
3091 2189 3255 2246 193
3286 2189 3486 2262 itaque
3516 2189 3664 2246 Nero

2020 2276 2297 2347 apostolis
2329 2279 2596 2334 infensus
2648 2279 2884 2349 planum
2936 2278 3231 2335 Simonem
3271 2278 3391 2349 ipse
3429 2295 3664 2350 quoque

2019 2367 2225 2438 planus
2257 2371 2346 2422 est
2392 2369 2747 2436 complexus.
2790 2367 2934 2422 Cum
2975 2367 3148 2438 igitur
3179 2367 3403 2436 Petrus,
3441 2367 3663 2423 Simoni

2019 2456 2315 2518 resistens,
2349 2473 2482 2511 cum
2532 2473 2598 2512 eo
2629 2471 2780 2528 saepe
2821 2457 3181 2512 conﬂictatus
3228 2460 3406 2526 esset,
3436 2461 3662 2512 tumor.

2020 2559 2135 2614 que
2166 2542 2486 2614 impietatis
2518 2544 2576 2599 in
2627 2544 2890 2600 maleﬁco
2930 2544 3032 2600 illo
3077 2561 3256 2616 supra
3285 2544 3526 2600 modum
3561 2560 3662 2600 ex-

2018 2632 2313 2700 crevisset,
2347 2637 2638 2704 postremo
2687 2649 2862 2704 quam
2912 2632 3376 2690 licentiosissime
3426 2634 3485 2688 in
3517 2649 3664 2690 con-

2019 2725 2222 2791 spectu
2270 2721 2530 2777 omnium
2581 2721 2771 2776 Roma
2819 2722 2890 2777 ad
2937 2722 3190 2790 Petrum,
3239 2723 3321 2776 Tu
3355 2737 3491 2778 vero
3521 2719 3661 2792 quid

2019 2809 2150 2865 ais?
2180 2810 2373 2880 inquit
2429 2827 2444 2866 :
2495 2813 2873 2881 proptereane
2914 2810 3183 2866 Christus
3238 2818 3371 2867 tuus
3411 2826 3664 2882 magnus

2023 2907 2126 2967 est,
2160 2901 2313 2970 quod
2349 2918 2380 2955 a
2412 2904 2566 2956 terra
2614 2900 2788 2956 ccelos
2833 2900 3221 2957 conscendit?
3255 2899 3398 2972 quin
3427 2905 3486 2956 et
3518 2899 3663 2957 mihi

2020 2987 2076 3043 id
2110 2989 2295 3044 facere
2351 2988 2600 3060 proclive
2637 2994 2746 3045 est.
2789 2989 2856 3044 Et
2903 2989 3210 3045 confestim
3253 2989 3525 3046 manibus
3563 3006 3666 3046 ex-

2019 3077 2220 3144 tensis,
2251 3094 2492 3134 sursum
2542 3093 2796 3142 versum,
2850 3077 3211 3134 daemonibus
3249 3095 3407 3148 eum,
3444 3079 3661 3150 quibus

2020 3183 2079 3222 se
2111 3167 2471 3238 permiserat,
2502 3166 2846 3223 ducentibus
2876 3168 3186 3223 ferebatur.
3232 3166 3436 3224 Petrus
3467 3171 3664 3225 autem

2021 3257 2332 3312 admodum
2366 3255 2572 3312 anxius
2622 3272 2770 3322 esse,
2803 3259 2860 3312 et
2907 3271 3042 3312 cum
3092 3256 3207 3312 Deo
3255 3255 3318 3312 in
3366 3257 3539 3313 corde
3569 3273 3669 3328 per

2021 3345 2410 3416 precationem
2459 3345 2732 3416 colloqui.
2791 3349 2848 3400 et
2892 3345 3124 3401 tandem
3174 3345 3379 3416 spiritu
3433 3343 3666 3417 plenus,

2020 3438 2334 3507 potestates
2366 3434 2493 3489 illas
2526 3451 2652 3505 quas
2684 3433 2970 3490 nefarium
2992 3433 3288 3490 hominem
3321 3434 3378 3489 in
3418 3433 3667 3491 sublime

2019 3520 2378 3590 attollebant,
2424 3523 2743 3594 increpare,
2795 3526 2852 3576 et
2884 3525 2946 3576 ut
2976 3522 3048 3576 ab
3079 3538 3144 3578 eo
3174 3521 3540 3578 discederent
3558 3523 3663 3592 ju-

2020 3610 2171 3667 bere.
2206 3611 2275 3665 At
2316 3610 2412 3664 ille
2441 3611 2638 3666 statim
2674 3626 2928 3680 preceps
2975 3611 3248 3665 deorsum
3279 3625 3515 3666 versum
3547 3611 3664 3666 fer-

2021 3701 2136 3765 tur,
2169 3704 2225 3752 et
2257 3698 2418 3753 humi
2473 3697 2676 3753 sllisus
2729 3702 3106 3768 mortuusque
3127 3697 3438 3769 rumpitur.
3477 3698 3563 3754 lbi
3593 3714 3662 3754 ex

2018 3787 2232 3858 populo
2282 3788 2382 3859 qui
2434 3795 2601 3842 antea
2660 3787 2958 3843 Simonem
3007 3787 3230 3844 divinos
3281 3795 3660 3859 usurpantem

2018 3876 2267 3932 honores
2317 3877 2583 3932 laudibus
2639 3876 3093 3938 celebraverunt.
3154 3877 3352 3932 subito
3409 3877 3491 3932 ita
3520 3894 3660 3948 pro-

2017 3972 2261 4025 stratum
2293 3968 2579 4035 videntes,
2636 3968 2953 4039 laudesque
3003 3967 3276 4038 pristinas
3307 3983 3407 4039 per
3435 3967 3664 4039 palino-

2017 4057 2168 4112 diam
2202 4060 2585 4120 recantantes,
2605 4057 2826 4128 ingenti
2861 4057 3132 4128 claraque
3162 4073 3297 4113 voce
3329 4074 3342 4113 :
3380 4057 3546 4112 Unus
3577 4064 3664 4114 est

2019 4161 2270 4218 magnus
2319 4146 2491 4213 Deus,
2541 4145 2886 4213 acclamaut,
2919 4162 3094 4217 quem
3128 4146 3331 4202 Petrus
3362 4150 3418 4201 et
3446 4146 3661 4204 Paulus

2018 4243 2210 4306 aperte
2257 4242 2312 4290 et
2375 4234 2526 4291 clare
2576 4234 2906 4306 praedicant.
2969 4235 3152 4291 Locus
3207 4251 3344 4291 sane
3403 4235 3546 4306 ipse,
3598 4237 3659 4293 in

2017 4340 2192 4395 quem
2223 4324 2577 4381 luctuoslum
2611 4324 2720 4380 hoc
2740 4329 3119 4394 spectacuum
3149 4323 3375 4392 incidit,
3396 4324 3470 4381 ad
3497 4324 3660 4381 hodi-

2015 4430 2221 4469 ernum
2257 4430 2440 4483 usque
2471 4415 2624 4470 diem
2668 4414 2992 4470 Simonium
3026 4419 3280 4483 vocatur,
3312 4415 3658 4472 etiammum

2017 4501 2271 4556 Simonis
2302 4503 2638 4558 Antichristi
2692 4503 3008 4575 perniciem
3039 4509 3096 4560 et
3125 4503 3423 4561 interitum
3464 4503 3658 4562 decla-

250 4589 433 4661 όρθίῳ
481 4594 561 4660 τῷ
607 4593 853 4665 σχήματι
888 4611 901 4624 ⁸
934 4594 1022 4647 καὶ
1081 4595 1156 4656 ὡς
1206 4594 1266 4649 ἄν
1299 4617 1360 4670 γε
1389 4596 1606 4669 κούφως
1636 4592 1757 4672 ἔχοι
1788 4597 1908 4672 τρέ-

2021 4609 2154 4648 rans
2186 4593 2283 4665 (ί).
2312 4592 2378 4646 Et
2406 4600 2568 4648 erant
2601 4593 2679 4649 lbi
2712 4593 3106 4665 nonnulli,qui
3137 4610 3270 4650 eum
3303 4594 3652 4653 revicturum

248 4697 378 4750 χειν
413 4678 489 4737 εἰς
522 4677 746 4752 οὐρανόν
779 4699 790 4710 ·
829 4681 1045 4736 Παῦλον
1097 4680 1152 4738 δὲ
1195 4689 1275 4755 τῷ
1323 4685 1459 4760 ξίφει
1504 4685 1690 4759 ἀνῄρει
1733 4687 1818 4740 ἐπί
1849 4707 1910 4742 τι

241 4772 436 4837 ταυτῷ
480 4774 655 4840 καιρῷ
695 4770 783 4823 καὶ
829 4773 1008 4844 ἡμέρᾳ
1062 4777 1179 4844 μιᾷ.
1241 4775 1526 4843 Ἐτέθησαν
1579 4773 1635 4829 ’δὲ
1685 4774 1736 4829 έν
1794 4774 1907 4848 ὁδῷ

320 4894 399 4963 (l)
431 4917 458 4942 «κ
500 4895 672 4976 Dicat.
693 4895 889 4952 Simon
927 4900 1120 4976 qui‘se
1161 4918 1432 4976 magnam
1472 4903 1736 4957 virtutem
1779 4903 1895 4976 Dei,

238 4967 773 5046 et‘meretriculam
808 4967 970 5024 suam
1025 4967 1303 5046 Spiritum
1337 4978 1604 5028 sanctum
1637 4967 1898 5045 appella?

239 5038 353 5099 vit,
388 5038 680 5106 quomodo
711 5045 974 5112 tempore
1002 5038 1156 5100 certo
1185 5045 1648 5100 Romadebitum
1675 5038 1894 5101 uatum

239 5124 352 5187 per
385 5112 823 5187 successionem
839 5116 906 5187 ad
939 5130 1000 5168 se
1028 5113 1282 5187 delatum
1303 5117 1895 5187 persolverit,quando

237 5186 303 5259 in
342 5181 534 5259 media
587 5182 714 5259 ipsa
774 5185 916 5239 urbe
955 5186 1276 5259 concidens
1304 5181 1652 5244 'rxstinctus
1685 5181 1825 5243 est?
1867 5210 1893 5237 υ

231 5251 563 5376 ἓερὶρὴοη.
613 5251 896 5311 adversus
944 5257 1285 5313 Simoniam.
1342 5259 1658 5330 haeresim.)
1692 5283 1717 5309 ‹‹
1762 5262 1897 5313 Cum

281 5327 448 5376 isnon
483 5339 546 5376 se
600 5326 895 5376 Christum
930 5328 1163 5376 diceret-
1196 5336 1539 5376 Htlnnnnam
1591 5333 1774 5376 ﬁlmm
1827 5331 1893 5376 ml

281 5327 448 5401 isnon
483 5339 546 5376 se
600 5326 895 5401 Christum
930 5328 1164 5394 diceret,
1196 5336 1252 5384 et
1278 5339 1541 5401 tanquam
1591 5326 1774 5386 lilium
1827 5331 1895 5385 ad

232 5397 568 5470 patremgse
599 5396 763 5452 volan
783 5400 854 5452 do
885 5407 1166 5455 assereret
1200 5417 1363 5470 posse
1379 5396 1783 5466 conscendere,
1809 5407 1894 5456 at-

227 5480 355 5543 que
387 5463 579 5543 elatus
607 5470 801 5543 subito
835 5471 1073 5541 magicis
1127 5463 1294 5527 artih'
1324 5491 1352 5528 s
1393 5484 1580 5530 volare
1611 5463 1894 5543 cmpléset,

227 5542 384 5620 tunc
415 5540 622 5620 Petrus
672 5540 800 5597 lixis
847 5540 1092 5620 genibus
1133 5553 1398 5620 precatus
1443 5551 1531 5620 est
1561 5540 1894 5609 Dominum,

224 5612 662 5690 et‘precatione
719 5619 922 5690 sancta
950 5615 1084 5690 vicit
1133 5612 1422 5690 magicam
1463 5618 1789 5690 ,levitatem,
1841 5621 1898 5690 et

218 5677 400 5736 velut
446 5678 707 5740 vinctum
756 5684 923 5744 illum
968 5685 1040 5743 de
1069 5677 1305 5745 sublimi
1351 5677 1481 5747 aere
1519 5677 1810 5763 deposuit,
1841 5689 1898 5744 et

2019 4696 2146 4735 esse
2177 4681 2637 4752 opinarentur,et
2666 4682 2738 4737 ob
2769 4683 2823 4738 id
2855 4682 3076 4737 diutius
3099 4683 3156 4736 in
3190 4680 3418 4750 publico
3445 4681 3650 4750 jacuit.

2017 4769 2297 4826 Caeterum
2332 4771 2427 4826 ubi
2465 4772 2588 4842 jam
2618 4773 2858 4828 cadaver
2887 4771 3170 4839 dillluere,
3203 4770 3470 4839 maleque
3498 4767 3653 4826 olere

2008 4893 2325 4964 praacipitio
2357 4895 2413 4948 in
2439 4912 2573 4950 saxo
2603 4895 2825 4951 elidens
2846 4911 3012 4949 crura
3042 4895 3168 4964 ejus
3198 4893 3649 4962 confregit.,»etc.

2006 4965 2415 5034 (Augustinus,
2450 4967 2506 5021 in
2540 4966 2920 5022 Sermonibus
2947 4969 3018 5020 De
3037 4966 3280 5032 sanctis.)
3313 4965 3468 5018 [dum
3500 4967 3645 5035 Aug.

2008 5035 2179 5107 epist.
2231 5037 2322 5098 86,
2373 5039 2444 5091 de
2502 5039 2730 5107 jejunio
2766 5036 2877 5092 diei
2923 5035 3161 5107 sabbati
3209 5052 3428 5104 agens:
3473 5058 3502 5086 ‹‹
3546 5037 3649 5092 Est

2009 5106 2267 5180 quidem,
2302 5106 2712 5180 inquit,’eth:.ec
2738 5108 2931 5180 opinio
2965 5106 3646 5180 plurimorum,quamvis

2005 5177 2134 5250 eam
2171 5177 2425 5250 plerique
2477 5180 2678 5234 falsam
2743 5177 3098 5250 perhibeant,
3129 5179 3305 5250 quod
3343 5177 3645 5250 apostolus

2007 5249 2209 5305 Petrus
2227 5249 2422 5306 Roma}
2452 5268 2582 5305 cum
2599 5249 2831 5304 SimOne
2855 5266 3062 5322 magno
3086 5249 3498 5322 die’Dominico
3522 5264 3645 5322 cer-

2009 5325 2253 5389 taturus,
2289 5326 2519 5392 propter
2549 5324 2742 5390 ipsum
2804 5321 3025 5392 magna:
3076 5321 3396 5376 testationis
3419 5321 3644 5390 pericu-

2009 5392 2130 5448 lum
2164 5393 2347 5462 pridie
2368 5410 2498 5447 cum
2531 5393 2791 5462 ejusdem
2823 5393 2984 5448 urbis
3005 5393 3249 5448 ecclesia
3270 5394 3641 5463 jejunaverit,

2006 5467 2062 5518 et
2093 5468 2400 5520 consecuto
2450 5469 2569 5518 tam
2613 5478 2887 5536 prospero
2944 5463 3638 5536 gloriosoquesuccessu,

2003 5535 2271 5608 eumdem
2336 5552 2550 5590 morem
2601 5534 2880 5608 tenuerit,
2921 5534 3172 5608 eumque
3229 5534 3464 5592 imitate:
3521 5535 3640 5594 sint

2005 5607 2296 5661 nonnulla!
2335 5606 2721 5663 occidentales
2761 5606 3044 5662 Ecclesiae.
3076 5606 3104 5656 »3
