4084 6208
424 401 546 464 855

958 533 1197 591 CAPUT
1235 533 1533 590 XXXVIII.

429 624 702 695 Quomodo
729 627 909 693 frater
939 624 1156 679 Domini
1179 623 1409 679 Iacobus
1437 631 1716 680 certamen
1745 639 1844 695 pro
1865 623 2076 679 Christo

1103 697 1392 766 peregerit.

501 803 610 859 Sed
645 802 766 858 hac
797 801 867 858 de
909 799 1264 872 primoribus
1323 801 1538 858 Christi
1595 801 1902 875 discipulis
1961 801 2082 857 sint

432 891 578 948 satis
635 907 882 963 quorum
934 889 1232 962 martyriis
1289 890 1584 961 expositis,
1617 905 1746 947 cum
1805 891 1878 947 ad
1929 891 2082 946 hunc

430 979 618 1038 locum
669 979 1126 1052 pervenerimus,
1166 995 1527 1052 consequens
1557 995 1684 1036 esse
1731 980 1980 1051 videtur,
2024 983 2082 1036 et

430 1071 784 1144 reliquorum
816 1073 1014 1128 decem
1047 1073 1174 1127 vitae
1208 1072 1382 1128 finem
1413 1072 1472 1128 in
1503 1073 1757 1129 secundo
1780 1072 1888 1128 hoc
1924 1076 2082 1127 torno

429 1161 861 1234 perstringere:
910 1179 1023 1217 non
1083 1163 1238 1234 quod
1284 1162 1480 1218 eodem
1531 1165 1793 1234 tempore
1844 1161 2078 1217 beatum

432 1251 774 1323 felicemque
811 1253 1026 1307 exitum
1081 1267 1284 1307 omnes
1345 1251 1470 1306 sint.
1517 1251 1828 1316 consecuti,
1865 1249 1964 1306 sed
2027 1251 2080 1306 id

431 1340 554 1396 fieri
583 1345 848 1412 oportere
877 1342 1176 1407 duximus,
1209 1345 1273 1396 ut
1309 1347 1364 1396 et
1391 1341 1808 1412 compendiosa
1839 1345 1895 1396 et
1925 1339 2084 1396 dilu-

431 1429 562 1485 cida
617 1429 785 1484 nobis
835 1435 1062 1486 constet
1121 1430 1382 1486 historia.
1435 1429 1652 1485 Deinde
1719 1430 1820 1502 qui
1885 1445 2082 1486 eorum

430 1518 768 1592 conjugium
801 1519 919 1576 sint
956 1519 1264 1590 complexi,
1297 1518 1516 1590 quique
1555 1519 1784 1576 sincera
1817 1519 2086 1574 Ecclesiae

431 1609 654 1679 scripta
721 1607 1084 1680 reliquerint,
1165 1608 1563 1676 memoraturi,
1627 1609 1920 1679 finemque
2005 1608 2087 1664 ita

433 1697 696 1754 secundo
729 1696 862 1752 huic
889 1715 1068 1753 sacrae
1101 1697 1355 1754 Historias
1383 1697 1665 1753 volumini
1703 1697 2032 1766 imposituri
2069 1713 2082 1751 :

432 1791 500 1842 ut
530 1786 760 1842 scilicet
777 1791 908 1856 post
931 1787 1206 1858 primum,
1231 1788 1328 1858 qui
1362 1787 1576 1842 Christi
1599 1803 1692 1842 res
1726 1803 1928 1842 omnes
1949 1803 2088 1841 con-

1721 399 2144 464 NICEPHORI
2191 399 2541 464 CALLISTI

2105 533 2156 601 Α

3717 407 3834 468 856

2805 541 3060 593 ΚΕΦΑΛ.
3105 545 3143 591 Λ
3155 538 3238 595 Η’.

2184 625 2290 684 Ὠς
2323 623 2770 703 ὁτοῦξυρίου
2813 621 3472 703 ἀδελλφίζςςίἁκωϐος
3521 628 3630 682 τὸν
3679 629 3834 682 κατί

2517 695 2814 772 Χριστὸν
2851 695 3210 768 διεξῆλθεν
3253 699 3500 774 ἀγῶνα.

2255 801 2414 874 Ἐμοὶ
2459 800 2516 857 δὲ
2563 801 2666 877 ἄρα
2715 801 2940 858 ἐνταῦθα
3000 803 3280 880 γενομένῳ
3337 809 3434 860 τοῦ
3497 803 3698 883 λόγου,
3751 807 3830 862 καὶ

2183 896 2292 946 τῶν
2343 891 2651 968 κορυῳαίων
2692 891 3016 949 ἀποστόλων
3061 894 3124 948 τὸ
3185 893 3344 956 τέλος
3397 891 3830 968 διεξεληλυθότι,

2185 977 2490 1034 ἀκόλουθον
2545 979 2676 1035 εἶναι
2733 985 2974 1056 κρίνεται
3031 982 3122 1036 καὶ
3169 985 3276 1036 τῶν
3329 983 3540 1037 λοιπῶν
3609 980 3740 1038 δέκα
3781 985 3834 1038 τὸ

2185 1073 2283 1124 τοῦ
2319 1069 2440 1143 βίου
2471 1069 2636 1144 πὲρας
2677 1075 2756 1142 τῷ
2793 1070 3022 1142 παρόντι
3073 1092 3172 1145 μοι
3216 1067 3450 1147 δευτέρῳ
3496 1076 3606 1127 τῶν
3651 1073 3834 1146 τόμων

2188 1153 2508 1231 διαδραμεῖν
2543 1174 2556 1187 ⁸
2599 1158 2646 1212 εἰ
2683 1157 2771 1212 καὶ
2817 1161 2892 1232 μή
2939 1159 2990 1215 ἐν
3031 1158 3132 1232 ἴσῳ
3181 1158 3370 1234 χρόνῳ
3419 1164 3516 1214 τοῦ
3571 1159 3835 1236 μακαρίου

2187 1243 2380 1307 τέλους
2421 1245 2629 1301 τούτων
2669 1244 2895 1310 ἕκαστος
2938 1247 3205 1324 εἷ’ληχεν·
3247 1248 3382 1304 ἀλλ’
3407 1247 3464 1302 ’ίν
3509 1247 3834 1306 εὐσύνοπτον

2191 1333 2275 1405 εἴη
2307 1337 2370 1390 τὸ
2423 1335 2776 1411 σύγγραμμα,
2827 1337 2973 1392 οὕτω
3023 1335 3131 1393 δεῖν
3177 1338 3434 1412 ἥγημαι·
3493 1339 3608 1395 εἶτα
3657 1337 3840 1395 διαλα-

2194 1419 2331 1492 ϐεῖν,
2391 1424 2482 1478 καὶ
2549 1423 2668 1479 ὅσοι
2723 1423 2929 1480 τούτων
2984 1427 3082 1494 τὴν
3143 1427 3399 1500 συζυγίαν
3475 1429 3788 1497 ἠσπάσαντο
3821 1447 3833 1461 ·

2195 1512 2314 1567 ὅσοι
2369 1535 2426 1567 τε
2481 1513 2744 1591 ἀκραιψνῆ
2807 1516 3212 1592 συγγράμματα
3267 1519 3336 1590 τῇ
3388 1517 3694 1590 Ἐκκλησία
3751 1541 3838 1574 κι-

2191 1600 2513 1666 ταλιπόντες
2582 1603 2848 1679 ἀπῄεσαν,
2915 1605 3004 1659 καὶ
3073 1603 3216 1660 οὕτω
3283 1606 3372 1660 καὶ
3439 1608 3532 1662 τὸν
3601 1605 3841 1682 δεύτερον

2192 1693 2408 1747 τουτονὶ
2459 1693 2631 1766 τόμον
2679 1700 2780 1763 τῆς
2829 1695 2975 1770 ἱερᾶς
3025 1693 3267 1770 ἱστορίας
3317 1691 3660 1771 διαπερᾶναι,
3715 1699 3842 1771 μετᾶ

2194 1781 2286 1836 τὸν
2314 1787 2532 1857 πρῶτον
2589 1783 2658 1838 τὰ
2707 1785 2832 1859 περὶ
2877 1787 3121 1858 Χριστοῦ
3167 1785 3342 1840 πάντα
3393 1783 3678 1860 διεξιόντα,
3729 1785 3838 1842 δεῦ-

433 1879 598 1944 tinet,
631 1878 956 1932 secundum
995 1877 1148 1932 hunc
1201 1877 1270 1933 de
1327 1876 1630 1932 duodecim
1687 1877 2082 1948 apostolorum

2205 1892 2352 1947 τερον
2409 1877 2601 1928 τοῦτον
2651 1873 2718 1929 τὰ
2763 1877 2872 1928 τῶν
2916 1871 3126 1930 δώδεκα
3178 1877 3438 1948 μαθητῶν
3483 1878 3574 1931 καὶ
3625 1875 3842 1932 ἀποστό-

433 1966 577 2022 actis
607 1966 983 2023 absolvemus
1014 1966 1230 2022 librum
1267 1982 1279 2018 :
1314 1965 1576 2034 quamvis
1627 1965 1863 2037 longius
1923 1965 2088 2020 nobis

435 2055 706 2112 instituta
735 2059 1034 2112 excrescat
1077 2054 1338 2109 historia.
1372 2055 1480 2108 Sed
1542 2054 1698 2108 enim
1759 2057 1888 2123 post
1941 2055 2092 2109 Petri

435 2149 494 2201 et
539 2143 704 2201 Pauli
767 2143 1010 2210 obitum,
1067 2141 1289 2208 Jacobi,
1324 2142 1424 2213 qui
1485 2143 1664 2197 frater
1721 2143 1953 2198 Domini
2005 2147 2096 2199 est

435 2233 796 2302 nominatus,
819 2237 876 2288 et
896 2231 1214 2288 Ecclesium
1252 2230 1831 2302 Hierosolymitanam
1871 2231 2094 2302 primus

437 2323 508 2378 ab
539 2321 666 2394 ipso
706 2323 1010 2379 Servatore
1039 2321 1290 2388 Christo,
1323 2335 1426 2375 seu
1457 2321 1547 2390 (ut
1583 2319 1821 2391 quidam
1869 2309 2093 2376 volunt)

435 2411 510 2468 ab
539 2411 682 2484 ipsis
713 2411 888 2468 etiam
933 2413 1133 2481 postea
1190 2408 1468 2480 apostolis
1535 2408 1647 2464 sibi
1711 2409 2094 2466 commissam

435 2500 967 2557 administrandam
1021 2499 1302 2571 suscepit,
1335 2497 1650 2570 Obliasque
1705 2499 1808 2570 (l),
1840 2497 1952 2554 hoc
2011 2505 2094 2554 est

433 2589 662 2656 Justus,
715 2587 1048 2661 appellatus
1095 2591 1206 2655 et,
1253 2591 1500 2644 mortem
1557 2603 1863 2659 exponam.
1933 2586 2082 2642 I97

434 2679 597 2744 Quod
658 2677 814 2736 enim
865 2678 1033 2734 divus
1077 2677 1291 2734 Paulus
1343 2677 1678 2734 Judaaorum
1735 2676 1960 2746 dolum,
1993 2693 2098 2749 per

433 2771 658 2824 Festum
687 2773 744 2825 et
801 2767 1264 2840 provocationem
1304 2767 1374 2822 ad
1407 2769 1710 2834 Casuram,
1741 2765 2038 2838 effugisset
2076 2784 2088 2820 :

437 2856 526 2912 illi
557 2874 682 2927 quas
705 2857 762 2912 in
798 2857 1042 2913 Paulum
1077 2859 1307 2912 structa
1365 2871 1480 2912 non
1534 2859 1961 2927 processerant,
1993 2873 2095 2912 eas

437 2945 496 3000 in
519 2945 798 3002 Jacobum
848 2949 1199 3002 convertunt
1242 2945 1506 3000 insidias.
1540 2943 1780 3008 Qualem
1825 2951 2016 2998 autem
2051 2947 2098 2998 is

437 3034 701 3092 habuerit
732 3033 1444 3107 ﬂnem,Hegssippus,qui
1479 3033 1679 3105 prima:
1703 3033 2097 3088 successionis

435 3117 830 3197 apostoldrum
853 3124 1211 3196 temporibus
1231 3123 1392 3190 vixit,
1417 3122 1476 3176 in
1494 3121 1692 3193 quinto
1723 3121 2095 3178 Commenta-

439 3215 660 3270 riorum
679 3229 918 3270 suorum
937 3213 1081 3270 libro
1095 3213 1168 3268 ad
1181 3212 1336 3268 hunc
1351 3213 1588 3267 modum
1606 3215 1886 3267 recenset:
1909 3213 2098 3267 Susci-

443 3304 734 3374 pitaulem
749 3303 1066 3360 Rcclesiam
1094 3319 1208 3356 una
1225 3317 1356 3357 cum
1379 3299 1661 3372 apostolis
1683 3297 2096 3356 administran-

441 3393 572 3448 dam
608 3393 778 3448 frater
813 3390 1036 3448 Domini
1068 3392 1341 3459 Jacobus,
1363 3391 1462 3462 qui
1495 3389 1566 3444 ab
1599 3389 1874 3444 omnibus
1891 3389 2098 3466 Justus

445 3482 900 3553 cognominatus
931 3485 1042 3552 est,
1075 3479 1346 3552 abipsius
1367 3478 1681 3536 Dominiad
1697 3482 1898 3535 nostra
1917 3494 2100 3548 usque

442 3575 735 3644 tempora.
770 3571 972 3628 Plures
1003 3571 1272 3643 equidem
1305 3569 1414 3625 hoc
1445 3567 1680 3624 nomine
1703 3567 2097 3624 fuereJacobi:

443 3663 543 3718 sed
578 3663 688 3716 iste
718 3678 788 3718 ex
817 3662 946 3734 ipso
962 3660 1300 3718 matrissuae
1319 3668 1478 3715 utero
1493 3661 1734 3713 sanctus
1751 3657 2098 3713 fuilzvinum

444 3749 756 3806 etsiceram
798 3767 912 3807 non
945 3750 1388 3821 bibit,nequede
1407 3745 1988 3818 animantequopiam
2003 3763 2100 3802 co-

450 3839 653 3910 medit,
685 3839 1158 3912 novaculasuper
1187 3839 1503 3910 caputejus
1535 3853 1648 3892 non
1674 3835 1957 3904 ascendit,
1976 3835 2101 3892 oleo

451 3938 664 3987 unctus
678 3945 792 3986 non
807 3933 920 3998 est,
936 3929 1142 3986 balneo
1162 3927 1646 4000 quoqueminime
1661 3941 1826 3982 usus.
1841 3925 1986 3980 Huic
2001 3925 2102 3980 uni

451 4019 512 4074 in
553 4025 756 4076 sancta
813 4018 1035 4090 ingredi
1077 4019 1164 4074 fas
1211 4022 1372 4074 erat:
1402 4031 1590 4088 neque
1629 4018 1844 4070 vestem
1875 4013 2102 4070 laneam

451 4107 658 4174 ullam,
691 4109 788 4164 sed
817 4108 1029 4163 lineam
1055 4111 1285 4164 tantum
1318 4105 1606 4178 gestabat.
1641 4104 1814 4160 Solus
1843 4103 2102 4174 quando-

451 4209 564 4266 que
593 4197 652 4250 in
684 4195 964 4266 templum
994 4197 1136 4264 ibat,
1169 4197 1366 4268 ibique
1398 4197 1455 4250 in
1497 4208 1683 4265 genus
1729 4193 2104 4263 procumbere

451 4285 512 4338 et
542 4297 644 4353 pro
675 4283 1016 4340 remissione
1055 4287 1426 4356 peccatorum
1479 4279 1677 4352 populi
1725 4295 1892 4336 orare
1948 4295 2100 4336 com-

451 4372 805 4444 periebatur.
837 4373 1032 4428 Genua
1074 4373 1308 4444 quidem
1357 4371 1485 4442 ejus
1525 4369 1730 4426 cameli
1779 4369 1965 4424 instar
2003 4385 2104 4441 per

453 4459 664 4518 callum
703 4459 1111 4530 induruerunt,
1164 4466 1470 4534 prepterea
1545 4460 1700 4531 quod
1751 4475 1984 4529 semper
2031 4475 2102 4516 ea

451 4551 792 4620 inﬂecteret,
825 4551 1076 4608 adorans
1119 4552 1190 4607 ad
1249 4551 1454 4607 Deum.
1489 4551 1632 4606 Cum
1682 4550 1876 4620 itaque
1937 4549 2102 4604 multi

2207 1960 2317 2016 λων
2370 1959 2819 2037 διαπεραίνοντα·
2850 1961 2945 2018 κᾶν
2978 1963 3068 2018 καί
3117 1963 3192 2027 είς
3243 1971 3421 2038 μῆκος
3467 1965 3536 2021 τὰ
3577 1973 3678 2036 τῆς
3709 1989 3840 2042 παρα

2205 2050 2372 2120 οῦσης
2429 2059 2746 2131 συγγραφῆς
2813 2055 3158 2127 προχωρήσῃ
3237 2075 3356 2125 μοι,
3417 2056 3506 2109 καὶ
3571 2053 3640 2124 δὴ
3715 2057 3842 2128 μετὰ

2203 2141 2300 2208 τὴν
2363 2140 2566 2215 Πέτρου
2621 2142 2712 2196 καὶ
2780 2139 3000 2197 Παύλου
3065 2140 3346 2197 τελείωσιν
3413 2145 3512 2211 τὴν
3571 2141 3842 2200 Ἰωκώόου

2204 2229 2263 2290 ὃς
2323 2227 2560 2307 ἀδελφὸς
2617 2235 2714 2285 τοῦ
2793 2230 2992 2305 Κυρίου
3061 2228 3273 2306 ἐλέγετο
3307 2251 3320 2264 ·
3379 2232 3472 2286 καὶ
3537 2235 3642 2302 τήν
3697 2235 3848 2306 Ἱερο·

2205 2318 2468 2390 σολῦμων
2559 2319 2890 2389 Ἐκκλησίαν
2969 2325 3185 2394 πρῶτος
3251 2319 3396 2396 παρὰ
3477 2326 3575 2376 τοῦ
3657 2329 3842 2390 Σωτῆ-

2207 2429 2298 2483 ρος
2361 2413 2594 2481 Χριστοῦ
2653 2407 3026 2484 ἐγκεχείριστο
3063 2431 3076 2444 ·
3133 2410 3205 2470 ὠς
3263 2406 3320 2464 δέ
3375 2430 3541 2478 τινες,
3609 2411 3698 2465 καί
3753 2433 3844 2465 πα-

2207 2499 2274 2570 ρὰ
2335 2502 2447 2552 τῶν
2513 2496 2836 2552 ἀποστόλων
2907 2499 3082 2552 αὐτῶν
3170 2495 3387 2572 ὕστερον
3451 2495 3730 2572 (Ὀϐλίας
3791 2498 3844 2554 δὲ

2207 2585 2494 2658 ἐκαλεῖτο,
2563 2587 2594 2642 δ
2660 2586 2770 2642 ἐστι
2840 2585 3086 2658 δίκαιος)
3163 2585 3548 2662 διηγήσομαι.
3635 2589 3842 2643 Παύλου

2203 2677 2306 2751 γὰρ
2361 2681 2456 2730 τοῦ
2517 2677 2666 2731 θείου
2717 2677 2820 2744 τὴν
2883 2681 2992 2732 τῶν
3049 2673 3326 2732 Ἰούδαίων
3386 2672 3694 2747 ἐπιϐουλὴν
3761 2675 3842 2732 διεὶ

2207 2767 2428 2834 Φήστου
2495 2763 2848 2840 ἀποδράντος,
2915 2767 3006 2820 ἅτε
3065 2761 3128 2834 δή
3209 2766 3298 2819 τὸν
3377 2765 3616 2840 Καίσαρα
3670 2765 3844 2822 ἐπικα-

2207 2853 2529 2928 λεσαμένου,
2568 2857 2767 2910 ἒκεῖνοι
2813 2863 2914 2925 τῆς
2965 2851 3265 2928 ἐπιόουλῇς
3315 2857 3381 2926 ἤν
3414 2857 3608 2930 ἐκείνῳ
3649 2857 3841 2934 ἤρτυον

2207 2944 2544 3013 ἒκπεσόντες,
2605 2945 2692 3000 ἐπὶ
2753 2947 2841 3000 τὸν
2901 2941 3158 3001 Ἰάκωϐον
3215 2948 3530 3020 τρέπονται.
3599 2951 3724 3002 Οἷον
3791 2945 3842 3002 δὲ

2207 3035 2358 3107 αὐτῷ
2383 3037 2446 3090 τὸ
2483 3033 2664 3103 τέλος,
2713 3035 3054 3109 Ἡγήσιππος
3105 3033 3156 3090 ἐν
3197 3038 3264 3108 τῇ
3314 3037 3506 3110 πρώτῃ
3549 3043 3659 3092 τῶν
3709 3037 3846 3092 απος

2208 3121 2416 3176 στόλων
2451 3119 2690 3199 διαδοχῇ
2720 3122 3028 3197 γενόμενος,
3059 3127 3128 3196 τῇ
3158 3124 3377 3198 πέμπτῃ
3420 3129 3531 3178 τῶν
3575 3127 3846 3198 Ὑπομνη-

2211 3212 2394 3284 μάτων
2427 3213 2594 3268 αὐτοῦ
2623 3217 2816 3268 τοῦτον
2851 3215 3062 3288 ἱστορεῖ
3107 3214 3200 3269 τὸν
3247 3216 3473 3286 τρόπον’
3527 3241 3556 3266 «
3591 3214 3846 3290 Διαδὲχε-

2205 3322 2293 3356 ται
2327 3300 2383 3356 δὲ
2413 3303 2509 3370 τήν
2565 3301 2892 3371 Ἐκκλησίαν
2945 3304 3082 3376 μετᾶ
3131 3307 3238 3358 τῶν
3287 3303 3614 3360 ἀποστόλων
3645 3307 3672 3360 6
3699 3303 3847 3360 ἀδελο

2207 3392 2304 3467 φὸς
2343 3395 2440 3445 τοῦ
2491 3390 2686 3464 Κυρίου
2737 3387 3018 3460 Ἰάκωϐος,
3052 3393 3080 3446 6
3115 3391 3436 3464 ὀνομασθείς
3489 3393 3592 3450 ὑπὸ
3642 3397 3843 3448 πάντων

2209 3481 2423 3542 Δίκαιος
2481 3481 2587 3534 ἀπὸ
2643 3485 2750 3535 τῶν
2805 3485 2903 3535 τοῦ
2971 3481 3168 3554 Κυρίου
3237 3483 3456 3558 χρόνων
3525 3483 3688 3558 μέχρι
3757 3484 3840 3538 καὶ

2207 3572 2367 3642 ἡμῶν
2403 3590 2416 3602 ·
2454 3567 2568 3625 ἐπεὶ
2601 3567 2806 3626 πολλοὶ
2837 3565 3090 3625 Ἰάκωϐοι
3131 3569 3448 3627 ἐκαλοῦντο.
3501 3571 3672 3634 Οὗτος
3703 3570 3762 3627 δὲ
3791 3572 3846 3627 ἐκ

2207 3655 2424 3720 κοιλίας
2487 3659 2694 3732 μητρὸς
2745 3656 2908 3714 αῦτοῦ
2959 3656 3116 3734 ἅγιος
3147 3659 3211 3733 ᾖν
3247 3681 3260 3693 ν
3315 3663 3463 3716 οἶνον
3513 3663 3604 3716 καὶ
3663 3663 3842 3736 σίκερα

2209 3747 2312 3801 οὐκ
2349 3742 2521 3818 ἔπιεν,
2573 3746 2700 3802 οὐδὲ
2739 3746 2989 3823 ἔμψυχον
3037 3743 3233 3824 ἔφαγε·
3285 3751 3443 3825 ξυρὸς
3491 3750 3580 3805 ἐπὶ
3621 3753 3718 3818 τήν
3769 3771 3844 3804 κε-

2209 3833 2388 3913 φαλήν
2413 3835 2575 3890 αὐτοῦ
2615 3836 2714 3892 οὐκ
2760 3833 2946 3908 ἀνέϐη.
2989 3837 3213 3893 ’Έλαιον
3265 3839 3364 3894 οὐκ
3411 3837 3698 3914 ἠλείψατο,
3761 3839 3842 3893 καὶ

2215 3925 2488 3999 βαλανείῳ
2545 3925 2644 3979 οῦκ
2695 3926 2991 4000 ἐχρήσατο.
3046 3926 3232 4000 Τούτῳ
3285 3927 3436 4000 μόνῷ
3503 3929 3622 3998 ἐξῆν
3663 3927 3744 3990 εἷς
3787 3931 3842 3983 τὸ

2213 4013 2336 4088 ἅγια
2368 4011 2609 4070 εἰσιέναι.
2663 4011 2802 4070 Οὐδὲ
2845 4014 2946 4091 γὰρ
2995 4013 3178 4091 ἐρεοῦν
3221 4015 3424 4092 ἐφόρει,
3475 4016 3620 4072 ἀλλᾶ
3671 4015 3843 4072 σινδό-

2209 4121 2320 4163 νας.
2381 4101 2481 4156 Καὶ
2536 4101 2695 4175 μόνος
2738 4101 3030 4178 εἰσήρχετο
3087 4101 3164 4164 εἷς
3205 4104 3295 4157 τὸν
3349 4105 3478 4158 ναόν
3511 4123 3526 4136 ο
3579 4105 3846 4178 εὐρίσκετό

2209 4211 2268 4248 τε
2321 4193 2566 4264 κείμενος
2621 4191 2708 4246 ἐπὶ
2766 4197 2881 4254 τοῖς
2925 4193 3135 4268 γόνασι,
3196 4193 3287 4247 καὶ
3345 4193 3667 4266 αἰτοῦμενος
3722 4195 3844 4268 ὑπὲρ

2209 4285 2306 4336 τοῦ
2333 4280 2470 4336 λαοῦ
2497 4279 2682 4356 ἄφεσιν
2705 4298 2720 4313 ·
2767 4281 2840 4343 ὡς
2893 4281 3294 4353 ἀπεσκληκέναί
3323 4281 3390 4337 τὰ
3437 4284 3639 4357 γόνατα
3683 4285 3842 4338 αὐτοῦ

2213 4367 2369 4438 δίκην
2417 4368 2700 4442 καμήλου,
2751 4367 2841 4424 διὰ
2885 4371 2947 4426 τὸ
2997 4369 3080 4424 ἀεὶ
3133 4371 3398 4444 κάμπτειν
3447 4379 3846 4446 προσκυνοῦντα

2211 4459 2290 4531 τῷ
2321 4463 2438 4531 Θεῷ
2471 4457 2702 4514 Πολλῶν
2737 4457 2827 4513 οῦν
2863 4461 3229 4515 πιστευόντων
3260 4460 3352 4515 καὶ
3381 4465 3490 4513 τῶν
3543 4462 3844 4540 ἀρχόντων,

2213 4543 2444 4620 θόρυϐος
2473 4548 2540 4616 ἧν
2589 4553 2696 4602 τῶν
2733 4545 3013 4604 Ἰουδαίων
3045 4549 3134 4604 καὶ
3182 4550 3550 4624 γραμματέων
3601 4553 3692 4606 καὶ
3743 4557 3850 4606 Φα-

451 4639 628 4699 etiam
647 4657 718 4697 ex
730 4641 1094 4714 principibus
1109 4641 1283 4697 fidem
1297 4639 1802 4712 amplecterentur,
1821 4643 1938 4693 tum
1951 4637 2094 4693 ultus

2215 4635 2434 4712 ρισαίων
2477 4635 2751 4711 λεγόντων
2795 4638 2879 4692 δτι
2929 4634 3226 4693 κινδυνεύει
3276 4643 3377 4700 πᾶς
3407 4640 3435 4693 6
3469 4638 3602 4700 λαὸς
3645 4641 3848 4710 Ἰησοῦν

453 4729 778 4787 concitatus
799 4737 886 4786 est
925 4747 958 4786 ι
1003 4729 1244 4798 Judmis,
1265 4729 1476 4785 scribis
1503 4737 1558 4786 et
1608 4727 1920 4784 Pharismis
1957 4743 1968 4780 :
2003 4727 2102 4798 qui

453 4837 520 4876 eo
571 4819 810 4888 periculi
861 4836 981 4878 rem
1048 4819 1353 4876 devenisse
1409 4817 1700 4887 dicebant,
1749 4820 1815 4872 ut
1854 4815 2104 4887 pepulus

453 4908 647 4964 omnis
677 4908 873 4966 Jesum
903 4925 1006 4982 pro
1043 4912 1374 4980 exspectato
1422 4907 1522 4964 illo
1569 4906 1796 4964 Christo
1846 4903 2100 4960 haberet.

454 4999 660 5064 Quare,
693 4999 763 5054 ad
791 4998 1074 5055 Jacobum
1107 4995 1874 5068 convenientes,inquiunt:
1897 4993 2108 5050 Cohor-

452 5087 650 5142 tamur
679 5092 752 5153 te,
777 5091 841 5144 ut
868 5089 1143 5145 cohibeas
1176 5087 1480 5161 populum,
1515 5087 1614 5160 qui
1663 5085 1735 5140 de
1777 5085 1919 5141 Jesu
1980 5083 2104 5154 ipso

455 5177 734 5232 seductus
763 5183 870 5246 est,
899 5178 1192 5234 Christum
1235 5194 1366 5234 sum
1410 5192 1540 5234 esse
1569 5174 1936 5232 existimans.
1969 5170 2106 5228 Dis-

457 5267 658 5335 euade,
709 5281 1060 5338 quassumus,
1103 5269 1175 5324 iis
1225 5268 1327 5341 qui
1365 5269 1436 5324 ad
1489 5268 1644 5324 diem
1702 5263 1936 5322 Pasch
1991 5261 2107 5318 huc

453 5371 682 5423 venere,
723 5355 1054 5428 opinionem
1105 5363 1160 5415 et
1205 5359 1378 5414 fidem
1438 5359 1509 5414 de
1563 5358 1727 5414 Jesu.
1780 5353 1910 5412 Tibi
1947 5352 2105 5408 enim

458 5459 732 5514 paremus
783 5461 1004 5516 omnes,
1045 5453 1102 5504 et
1147 5463 1282 5504 cum
1323 5446 1533 5520 populo
1572 5447 1842 5503 universo
1897 5440 2108 5497 testiﬁ-

459 5545 664 5590 camur
686 5539 742 5590 te
760 5535 985 5606 justum
1015 5551 1163 5605 esse,
1181 5553 1368 5610 usque
1398 5551 1784 5609 personarum
1817 5531 2104 5589 rationem

2210 4725 2302 4780 τὸν
2331 4726 2561 4800 Χριστὸν
2603 4722 2934 4800 προσδοκᾷν.
2983 4724 3212 4799 Ἔλεγον
3259 4725 3350 4781 οῦν
3401 4727 3748 4790 συνελθόντες
3777 4733 3850 4798 τῷ

2213 4809 2496 4886 ’ἰακώ6ῲ·
2545 4813 2972 4890 Παρακαλοῦμεν
3014 4836 3092 4887 σε,
3141 4813 3363 4890 ἒπίσχες
3411 4817 3505 4872 τὸν
3535 4816 3691 4888 λαὸν,
3741 4815 3850 4871 επεὶ

2211 4901 2492 4974 ἐπλανήθη
2529 4902 2602 4966 εἷς
2637 4905 2868 4976 Ἰησοῦν,
2901 4905 2976 4966 ὡς
3015 4904 3180 4960 αὐτοῦ
3229 4904 3380 4968 ὄντος
3433 4911 3529 4962 τοῦ
3575 4909 3848 4982 Χριστοῦ’

2213 4991 2640 5068 παρακαλοῦμεν
2677 5013 2736 5048 σε
2764 4997 2942 5047 πεῖσαι
2981 4991 3108 5055 τοὺς
3153 4994 3412 5056 ἐλθόντας
3458 4995 3538 5056 εἷς
3586 4997 3688 5064 τήν
3721 4995 3851 5068 ἡμέ-

2217 5102 2310 5158 ραν
2341 5086 2438 5136 τοῦ
2470 5085 2664 5156 Πάσχα
2711 5083 2832 5156 περὶ
2885 5083 3066 5152 Ἰησοῦ
3093 5103 3106 5117 ·
3163 5085 3248 5138 σοὶ
3294 5085 3398 5158 γὰρ
3439 5086 3638 5148 πάντες
3679 5085 3852 5140 πειθό-

2218 5173 2354 5246 μεθα
2381 5192 2392 5204 ·
2435 5173 2597 5244 ἡμεῖς
2637 5169 2740 5245 γὰρ
2785 5172 3162 5246 μαρτυροῦμὲ-
3215 5191 3300 5227 σοι
3361 5173 3448 5227 καὶ
3495 5177 3602 5238 πᾶς
3647 5175 3676 5229 ὁ
3705 5173 3850 5240 λαός,

2215 5258 2299 5314 ὅτι
2333 5255 2540 5318 δίκαιος
2591 5257 2655 5326 εἶ,
2686 5256 2776 5310 καὶ
2824 5257 3120 5330 πρόσωπον
3171 5257 3232 5312 οὐ
3285 5253 3608 5330 λαμϐάνεις.
3669 5265 3846 5314 Πεῖσον

2217 5346 2308 5404 οῦν
2343 5345 2404 5401 σὺ
2431 5345 2523 5400 τὸν
2557 5343 2730 5420 ὄχλον
2760 5345 2880 5420 περὶ
2910 5347 3092 5416 Ἰησοῦ
3123 5349 3200 5418 μὴ
3233 5347 3542 5402 πλανᾶσθαί
3571 5369 3584 5382 ·
3635 5351 3724 5404 καί
3755 5349 3850 5422 Ti;

2215 5441 2316 5497 πᾶς
2347 5435 2375 5489 6
2409 5434 2541 5497 λαὸς
2581 5433 2670 5488 καὶ
2701 5436 2893 5496 πάντες
2939 5433 3232 5504 πειθόμεθὰ
3281 5457 3382 5492 σοι.
3429 5439 3598 5506 Στῆθι
3649 5436 3740 5492 οῦν
3771 5435 3846 5492 ἐπὶ

2213 5527 2276 5581 τὸ
2333 5524 2622 5596 πτερύλιον
2679 5524 2776 5579 τοῦ
2823 5525 2991 5598 ἱεροῦ,
3053 5523 3142 5578 ἵνα
3189 5521 3390 5580 ἄνωθεν
3451 5527 3521 5598 ᾖς
3571 5525 3849 5603 ἔπιφανής,

535 5711 618 5784 (1)
647 5711 844 5769 Dictus
871 5716 1046 5772 etiam
1079 5717 1295 5786 Oblias,
1329 5718 1439 5774 hoc
1473 5727 1556 5775 est
1585 5713 2013 5772 munimentum
2042 5703 2243 5780 populi
2267 5709 2324 5761 et
2345 5703 2600 5775 justitia.
