4016 6206
195 380 316 445 857

1215 376 1843 453 ECCLESIASTICE
1889 392 2273 456 meream
2317 392 2462 454 LIB.
2512 392 2588 454 11.

3500 388 3620 450 858

197 516 289 572 καὶ
322 516 361 591 ᾖ
418 515 714 573 εύὰκουστά
760 538 856 573 σου
899 520 968 575 τὰ
1011 519 1228 597 ῥήματα
1266 522 1420 578 παντῖ
1455 527 1534 596 τῷ
1580 524 1719 597 λαῷ.
1752 526 1849 581 Διά

1978 530 2193 587 labere.
2254 527 2546 585 Persuade
2614 541 2750 598 ergo
2799 480 3187 591 multitudini,
3240 538 3312 579 ne
3364 524 3434 580 de
3472 523 3617 580 Jesu

197 609 300 683 γὰρ
351 607 414 662 τὸ
466 605 658 683 Πάσχα
707 608 1138 680 συνεληλύθασιν
1189 614 1242 667 οἱ
1289 619 1455 669 πᾶσαι
1503 612 1670 693 φυλαὶ
1715 614 1850 689 μετᾶ

195 700 305 753 τῶν
354 695 543 755 ἐθνῶν.
586 700 857 771 Ἔστησαν
907 699 1002 755 οὖν
1056 701 1107 755 ot
1159 703 1551 778 προειρημένοι
1583 725 1849 780 γραμμα-

195 789 309 848 τεῖς
364 785 458 840 καὶ
498 792 789 863 Φαρισαῖοι
851 787 944 843 τὸν
1000 787 1259 845 Ἰάκωϐον
1317 791 1404 848 ἐπὶ
1452 795 1514 848 τὸ
1555 795 1847 870 πτερύγιον

198 880 299 932 τοῦ
353 881 486 931 ναοῦ
536 894 550 910 ’
607 879 698 932 καὶ
746 876 970 953 ἔκραξαν
1017 880 1184 953 αὐτῷ,
1237 883 1326 937 καὶ
1373 886 1526 939 εἷπον
1569 900 1583 917 ⁸
1637 885 1847 957 Δίκαιε,

202 965 289 1021 σοὶ
339 967 535 1029 πάντες
589 968 865 1023 πείθεσθαι
904 968 1198 1046 ὀφείλομεν
1245 991 1256 1001 ·
1319 973 1408 1027 καὶ
1463 971 1577 1029 ἐπεὶ
1635 976 1663 1029 ὁ
1716 972 1848 1035 λαὸς

200 1054 477 1111 πλανᾶται
525 1056 704 1111 ὀπίσω
752 1058 931 1129 Ἰησοῦ
1004 1063 1102 1115 τοῦ
1178 1060 1601 1138 σταυριυθὲντος,
1672 1062 1847 1139 ἀπέγ-

202 1143 393 1218 γειλον
444 1146 579 1218 ἡμῖν
622 1145 706 1208 τίς
755 1148 791 1216 ἡ
841 1146 974 1221 θύρα
1018 1153 1115 1204 τοῦ
1155 1150 1359 1220 Ἰησοῦ.
1395 1151 1491 1206 Καὶ
1523 1151 1848 1227 ἀπεκρίνατο

202 1237 364 1309 φωνῇ
424 1232 644 1309 μεγάλῃ
700 1253 713 1267 ’
764 1237 829 1292 Τί
896 1258 963 1306 με
1005 1236 1308 1314 ἐπερωτᾶτε
1351 1241 1475 1315 περί
1524 1241 1704 1312 Ἰησοῦ
1751 1247 1849 1297 τοῦ

202 1324 326 1377 υἱοῦ
356 1327 458 1377 τοῦ
489 1323 776 1398 ἀνθρώπου
805 1347 820 1396 ;
858 1327 958 1382 Καὶ
995 1327 1153 1389 αὐτὸς
1184 1331 1414 1401 κάθηται
1447 1330 1497 1385 ἐν
1525 1335 1607 1404 τῷ
1636 1331 1849 1407 οὐρανῷ

203 1410 264 1468 ἑκ
304 1409 500 1482 δεξιῶν
528 1414 630 1481 τῆς
670 1413 912 1491 μεγάλης
945 1414 1263 1490 δυνάμεως·
1313 1418 1400 1474 καὶ
1454 1419 1645 1493 μέλλει
1698 1419 1851 1496 ἔρχε-

204 1501 325 1554 σθαι
360 1500 447 1554 ἐπὶ
478 1506 585 1556 τῶν
618 1500 857 1579 νεφελῶν
887 1509 983 1559 τοῦ
1022 1504 1277 1580 ούρανοῦ,
1313 1510 1407 1562 Καὶ
1440 1508 1667 1565 πολλῶν
1705 1510 1850 1581 πλη-

206 1588 621 1666 ροφορηθὲντων
669 1591 756 1645 καὶ
799 1590 1128 1664 δοξαζόντων
1176 1594 1263 1651 ἐπὶ
1310 1602 1379 1671 τῇ
1437 1597 1705 1673 μαρτυρίᾳ
1753 1602 1851 1655 τοῦ

206 1673 503 1749 Ἰακώϐου,
559 1678 649 1734 καὶ
708 1679 1003 1758 λεγόντων,
1060 1686 1288 1741 Ὡσαννὰ
1341 1686 1420 1759 τῷ
1467 1688 1570 1760 υίῷ
1645 1684 1849 1743 Δαϐιδ·

205 1767 329 1822 τότε
372 1766 538 1823 πάλιν
586 1770 641 1825 οἱ
687 1771 839 1827 αύτοὶ
888 1783 1231 1849 γραμματεῖς
1278 1779 1366 1833 καὶ
1399 1785 1685 1853 Φαρισαῖοι
1717 1779 1851 1854 πρὸς

210 1855 504 1968 ἀλλιήλους
540 1858 729 1968 ἕλεγοῖι
764 1880 777 1893 ⁶
835 1871 1024 1966 {iam}:
1055 1865 1386 1940 ἐποιήσαμεν
1426 1870 1681 1938 τοιαύτην
1717 1889 1852 1943 μαρ-
1886 1902 1933 1968 Β

210 1944 398 2021 τυρίρν
456 1950 832 2024 παρασχόντες
905 1954 986 2025 τῷ
1047 1956 1248 2026 Ἰησοῦ.
1304 1955 1458 2014 Ἀλλ’
1543 1954 1851 2028 ἀναϐάντες,

209 2030 610 2109 καταϐάλωμεν
663 2038 846 2110 αὐτὸν,
892 2039 980 2096 ἵνα
1028 2040 1376 2120 φοϐηθέντες,
1425 2049 1501 2119 μὴ
1560 2047 1856 2102 πιστεύσωο

210 2144 293 2178 σιν
320 2123 492 2196 αὐτῷ.
534 2126 630 2181 Καὶ
661 2125 881 2201 ἔκραξαν
916 2129 1166 2207 λέγοντες
1201 2152 1214 2166 ο
1266 2136 1326 2190 Ὠ
1357 2132 1421 2205 ὢ,
1453 2137 1543 2191 καὶ
1575 2138 1603 2192 ὁ
1635 2137 1853 2199 Δίκαιος

210 2211 498 2283 ἐπλανήθη
535 2234 547 2247 ο
590 2215 683 2270 καὶ
738 2214 1050 2289 ἀναϐάντες,
1094 2218 1433 2279 κατέϐαλλον
1480 2226 1570 2279 τὸν
1618 2225 1856 2294 Δίκαιον,

212 2302 301 2390 καὶ
336 2297 527 2377 ἔλεγον
560 2303 858 2376 ἀλλήλοις,
893 2309 1210 2383 Λιθάσιυμεν
1245 2311 1401 2367 αὐτόν
1434 2330 1448 2345 ⁸
1490 2314 1576 2369 καὶ
1623 2314 1857 2390 ἤρξαντο

213 2388 483 2459 λιθάζειν.
536 2394 688 2449 Ἐπεὶ
742 2392 800 2451 δὲ
855 2393 1219 2470 καταϐληθεὶς
1263 2401 1362 2456 οὐκ
1402 2388 1681 2474 ἀπέθανεν,
1714 2402 1859 2459 ἀλλὰ

214 2480 473 2554 στραφεὶς
498 2476 660 2553 ἔθηκε
707 2484 772 2540 τὰ
797 2485 993 2561 γόνατα
1040 2486 1213 2565 λέγων
1251 2508 1267 2522 ⁸
1318 2490 1720 2567 Παραπαλῶ,
1753 2493 1863 2549 Κύ-

216 2587 317 2642 ριε
347 2571 463 2625 Θεέ
505 2571 734 2648 Πάτερ,
782 2574 940 2653 ἄφες
985 2578 1250 2641 αὐτοῖς·
1285 2580 1355 2635 οὐ
1399 2583 1522 2657 γὰρ
1549 2580 1769 2639 οἴδασι
1799 2582 1859 2637 τί

215 2663 530 2714 ποιοῦσιν
574 2678 588 2692 ’
639 2662 782 2717 οὕτω
821 2663 1403 2725 καταλιθοϐολούντων
1435 2669 1617 2741 αὺτὸν,
1651 2674 1723 2735 εἷς
1755 2676 1865 2729 τῶν

218 2746 407 2819 ἱερέων
453 2754 565 2804 τῶν
620 2753 751 2806 υἱῶν
791 2751 1006 2834 Ῥηχάϐ
1068 2761 1174 2813 τῶν
1250 2760 1708 2835 μαρτυρουμένων
1761 2762 1866 2818 ὑπὸ

215 2836 490 2910 Ἰερεμίου
536 2843 635 2894 τοῦ
681 2845 994 2918 προφήτου,
1044 2842 1231 2922 ἕκραζε
1271 2850 1449 2925 λέγων
1481 2867 1494 2880 ·
1542 2850 1817 2907 Παύσασθε
1849 2872 1863 2885 “

213 2926 267 2980 τί
295 2932 538 2991 ποιεῖτες
571 2948 586 2996 ;
616 2928 846 3007 Εὕχεται
878 2934 1012 3010 ὑπὲρ
1041 2938 1203 3009 ἡμῶν
1244 2940 1277 2999 ¹ὁ
1328 2938 1569 3003 Δίκαιος.
1622 2940 1724 2999 Καὶ
1768 2941 1867 2997 λα-

215 3011 334 3070 ϐών
384 3038 468 3079 τις
517 3023 624 3074 τῶν
671 3021 908 3099 κναφέων
937 3026 1000 3079 τὸ
1048 3025 1212 3096 ξύλον
1261 3028 1307 3100 ᾧ
1355 3026 1531 3098 ἐπίεζε
1558 3030 1624 3084 τὰ
1654 3032 1864 3103 ἱμάτια,

216 3108 421 3182 ἤνεγκε
467 3110 605 3164 κατὰ
661 3119 760 3181 τῆς
809 3113 1049 3191 κεφαλῆς
1103 3121 1200 3171 τοῦ
1267 3114 1497 3174 δικαίου.
1554 3121 1651 3175 Καὶ
1696 3120 1869 3184 οὕτως

1955 624 2127 677 erret.
2160 620 2417 677 Cunclus
2465 616 2622 674 enim
2680 615 2931 689 populus
2993 618 3049 670 et
3101 630 3304 670 omnes
3364 631 3469 671 nos
3509 608 3617 670 tibi

1956 710 2447 782 obtemperamus.
2478 706 2741 764 Consiste
2770 705 2950 778 igitur
2981 704 3039 760 in
3059 696 3614 775 templipinnaculo,

1957 801 2021 854 ut
2051 813 2183 853 cum
2216 812 2285 853 ex
2314 794 2615 868 superiore
2642 793 2767 849 loco
2796 791 3070 849 omnibus
3113 791 3195 847 sis
3226 791 3616 861 conspicuus,-

1958 889 2083 943 tum
2124 886 2303 943 verba
2332 888 2430 941 tua
2465 885 2535 941 ab
2566 883 2723 940 omni
2771 880 3156 939 exaudiantur
3211 879 3613 937 multitudine.

1958 976 2200 1050 Propter
2245 978 2459 1033 festum
2519 974 2673 1031 enim
2708 973 2941 1029 Paschas
2975 974 3371 1027 convenerunt
3427 970 3617 1027 tribus

1956 1084 2162 1125 omnes
2222 1084 2341 1124 una
2393 1083 2527 1123 cum
2573 1064 2863 1137 gentibus.
2886 1063 3229 1119 Statuerunt
3275 1061 3473 1132 igitur,
3514 1060 3615 1132 qui

1958 1157 2096 1214 dicti
2128 1160 2269 1214 sunt
2298 1155 2511 1212 Scribis
2547 1158 2605 1210 et
2620 1151 3209 1221 Pharismi,Jacobum
3238 1149 3298 1205 in
3332 1149 3617 1219 pinuacu-

1959 1246 2079 1302 lum
2134 1244 2358 1317 templi,
2415 1248 2472 1299 et
2517 1241 2808 1298 vociferati
2871 1244 3013 1297 sunt
3069 1239 3329 1295 dicentes
3362 1238 3448 1291 :0
3505 1237 3620 1292 Ju—

1960 1340 2072 1403 ste,
2106 1335 2210 1392 tibi
2240 1348 2445 1391 omnes
2475 1333 2878 1404 obtemperare
2907 1330 3190 1386 debemus
3225 1343 3239 1383 :
3272 1330 3329 1381 et
3361 1326 3620 1397 quando-

1960 1424 2198 1498 quidem
2232 1422 2488 1496 pOpulus
2511 1420 2624 1477 ﬁde
2654 1422 2842 1476 suade
2859 1420 2995 1475 Jesu
3028 1417 3306 1473 cruciﬁxo
3338 1416 3617 1472 seductus

1960 1520 2139 1583 errat,
2170 1513 2460 1570 annuntia
2485 1511 2672 1579 nobis,
2710 1511 2861 1582 quod
2896 1509 2944 1566 si
3000 1509 3139 1565 Jesu
3196 1504 3434 1564 ostium.
3467 1504 3621 1560 198

1963 1603 2064 1660 Ille
2085 1620 2217 1660 vero
2245 1619 2383 1658 voce
2413 1616 2630 1673 magna
2670 1598 3008 1671 respondit:
3037 1596 3186 1660 Quid
3229 1611 3322 1651 me
3371 1593 3442 1649 de
3487 1595 3622 1649 Jesu

1966 1694 2104 1751 Filio
2135 1692 2390 1750 hominis
2417 1689 2786 1760 interrogatis
2806 1689 2834 1745 τ
2866 1691 2989 1760 Ipse
3020 1688 3180 1743 sedet
3231 1685 3292 1741 in
3335 1684 3517 1751 cmlis,
3548 1685 3621 1739 ad

1962 1784 2222 1841 dextram
2256 1797 2477 1853 magnae
2510 1778 2742 1835 virtutis
2770 1780 2828 1833 et
2870 1774 3197 1849 potestatis,
3227 1776 3625 1842 venturasque

1962 1875 2052 1928 est
2088 1870 2147 1927 in
2182 1867 2603 1926 nubibuscmli.
2640 1866 2748 1936 Ibi,
2782 1882 2915 1922 cum
2950 1864 3148 1920 multis
3170 1864 3240 1920 de
3267 1865 3423 1918 certa
3445 1860 3619 1915 indu-

1967 1961 2266 2032 hitataque
2298 1958 2411 2015 ﬁde
2440 1956 2804 2014 satisfactum
2846 1959 3021 2022 esset,
3062 1951 3464 2025 gloriabantur
3503 1948 3624 2004 laeti

1962 2052 2032 2106 de
2050 2047 2249 2105 Jacobi
2284 2046 2634 2113 testimonio,
2670 2048 2724 2101 et
2755 2043 3045 2109 dicebant,
3079 2042 3315 2097 Osanna
3348 2037 3463 2093 ﬁlio
3512 2036 3599 2093 Da

1963 2138 2079 2195 vid.
2110 2137 2326 2194 Scriba;
2348 2140 2545 2192 autem
2579 2134 2691 2207 ipsi
2722 2137 2779 2189 et
2827 2130 3098 2187 Pharisaei
3144 2130 3295 2185 inter
3333 2144 3395 2184 se
3447 2126 3623 2183 dice-

1966 2227 2131 2284 bant:
2164 2226 2313 2283 Male
2343 2223 2726 2295 fecimus,qui
2751 2225 2974 2278 tantum
3008 2220 3149 2276 Jesu
3173 2215 3619 2290 procuravimus

1967 2316 2387 2373 testimonium.
2414 2317 2630 2370 Verum
2645 2314 2746 2382 age
2760 2311 3170 2376 ascendamus,
3189 2314 3241 2363 et
3273 2305 3619 2377 dejiciamus

1967 2424 2126 2473 eum,
2170 2410 2235 2461 ut
2290 2402 2543 2476 populus
2600 2400 2951 2457 conterritus
2999 2414 3113 2455 non
3166 2397 3365 2451 credat
3417 2394 3489 2450 ei.
3548 2393 3627 2447 Et

1969 2494 2146 2554 simul
2195 2491 2592 2549 exclamarunt
2622 2489 2882 2547 dicentes
2914 2503 2928 2543 :
2957 2487 3022 2553 Ο,
3056 2504 3110 2555 o,
3141 2489 3197 2543 et
3224 2486 3430 2541 Justus
3485 2482 3612 2554 ipse

1968 2600 2073 2660 per
2098 2599 2350 2642 errorem
2372 2581 2651 2638 seductus
2671 2583 2779 2636 est.
2806 2579 3006 2650 Itaque
3020 2573 3616 2649 piuuaculumascen-

1968 2677 2194 2746 dentes,
2249 2673 2482 2729 Justum
2532 2671 2723 2742 ipsum
2781 2666 3410 2739 pessumdederunt,et
3465 2661 3615 2717 alius

1973 2765 2045 2823 ad
2078 2763 2267 2818 illium
2308 2760 2474 2816 dixit.
2506 2760 2834 2817 Obruamus
2864 2772 2993 2813 cum
3028 2753 3357 2827 lapidibus:
3391 2755 3450 2807 et
3477 2750 3623 2805 ince-

1976 2855 2186 2926 perunt
2212 2865 2345 2906 eum
2378 2848 2655 2920 lapidare.
2689 2847 2828 2903 Cum
2866 2851 3057 2903 autem
3099 2843 3360 2913 dejectus
3386 2839 3445 2895 in
3479 2855 3624 2910 pras-

1975 2956 2111 3015 ceps
2142 2940 2402 2996 nondum
2429 2942 2694 2994 mortuus
2738 2939 2910 3002 esset,
2942 2934 3040 2990 sed
3086 2946 3401 2989 conversus
3435 2943 3627 2999 genua

1977 3030 2288 3105 posuisset,
2321 3027 2520 3084 dicens
2553 3026 2839 3083 :Obsecro
2868 3030 2943 3091 te,
2975 3023 3217 3079 Domine
3257 3020 3411 3076 Deus
3462 3016 3625 3072 Pater

1981 3120 2207 3179 remitte
2256 3117 2423 3191 ipsis,
2457 3115 2726 3173 nesciunt
2780 3114 2935 3171 enim
2995 3111 3133 3184 quid
3188 3108 3454 3165 faciunt:
3516 3106 3622 3170 sic,

218 3196 626 3303 ἐμαρτύρησεν,
657 3196 762 3303 ἔτει
783 3198 1047 3303 ἑϐδόμῳ.
1078 3212 1179 3275 τῆς
1220 3207 1399 3283 ἀρχῆς
1448 3209 1695 3284 Νέρωνος
1726 3227 1739 3242 ⁸
1780 3211 1868 3265 καὶ

1979 3212 2241 3280 inquam,
2274 3223 2408 3264 cum
2439 3205 2663 3278 lapides
2702 3203 2760 3259 in
2798 3218 2931 3259 eum
2991 3200 3252 3258 obterere
3301 3196 3626 3268 pergerent,

222 3282 427 3361 ἔθαψαν
492 3288 651 3344 αὐτόν
710 3289 799 3346 ἐπὶ
855 3297 934 3365 τῷ
986 3294 1140 3368 τόπῳ
1378 3303 1457 3369 τῷ
1487 3279 1636 3371 ναῷ.
1670 3302 1757 3355 καὶ
1789 3295 1868 3355 ἔτι

1983 3279 2137 3356 unus
2174 3313 2245 3354 ex
2275 3295 2675 3352 sacerdotibus
2708 3292 2843 3348 ﬁliis
2875 3290 3128 3356 Rechab,
3164 3289 3235 3344 de
3272 3285 3488 3373 quibus
3542 3287 3629 3373 te-

224 3374 364 3444 αὕτη
417 3378 455 3445 ἡ
506 3377 684 3448 στήλη
740 3378 884 3453 μένει
935 3382 1065 3439 ἐκεῖ.
1105 3408 1130 3433 η
1182 3385 1400 3460 Μάρτυς
1443 3387 1605 3450 οὗτος
1663 3389 1878 3459 ἀληθὴς

224 3462 524 3529 Ἰουδαίοις
571 3488 629 3522 τε
668 3470 756 3524 καὶ
809 3469 1049 3542 Ἕλλησι
1095 3471 1399 3548 γεγένηται,
1455 3475 1538 3531 ὅτι
1591 3479 1803 3547 Ἰησοῦς
1853 3476 1881 3530 ὀ

225 3548 479 3628 Χριστός
526 3554 660 3612 ἐστι.
696 3559 794 3613 Καὶ
845 3559 1002 3622 εὐθὺς
1052 3563 1087 3629 ἡ
1120 3560 1418 3638 πολιόρκία
1455 3569 1569 3624 τοῖς
1600 3561 1883 3625 Ἰουδαίοις

228 3642 414 3715 ἀρχὴν
462 3640 783 3716 ἐλάμϐανεν.
826 3647 984 3705 Οὕτω
1033 3647 1092 3704 δέ
1144 3672 1226 3713 τις
1264 3652 1331 3721 ἦν
1382 3653 1680 3726 θαυμασιος
1727 3654 1753 3708 ὁ
1784 3654 1885 3710 Ἰά-

231 3728 421 3795 κωϐος
469 3734 562 3787 καὶ
612 3732 701 3788 ἐπὶ
752 3733 1065 3813 δικαιοσύνῃ
1127 3735 1442 3811 διαϐόητος,
1498 3743 1572 3803 ὼς
1629 3744 1718 3797 καὶ
1757 3744 1884 3806 τοὺς

232 3819 365 3892 παρ’
412 3817 703 3889 Ἰουδαίοις
751 3818 1026 3902 ἔμφρονας
1074 3826 1275 3897 ταύτην
1307 3826 1676 3905 ἀνομολογεῖν
1709 3828 1884 3885 αἲτίαν

231 3914 337 3977 τῆς
388 3907 719 3983 πολιορκίας
768 3911 967 3982 αὐτῶν,
1015 3916 1076 3970 τὸ
1124 3918 1243 3971 κατ’
1292 3916 1456 3971 αὐτοῦ
1504 3916 1631 3991 ἄγος
1664 3937 1678 3950 ·
1711 3918 1786 3981 ὡς
1817 3916 1885 3988 δὴ

234 3997 327 4050 καὶ
388 3996 552 4060 αὐτὸς
621 4000 891 4072 Ἰώσηπος
959 4001 1245 4084 ἐγγράφως
1302 4003 1724 4082 διαμαρτύρεται
1783 4005 1891 4063 ὧδέ

231 4106 315 4155 πη
351 4084 533 4163 λέγων
577 4105 592 4120 ⁸
644 4111 671 4144 α
703 4094 883 4148 Ταῦτα
934 4089 992 4148 δὲ
1047 4089 1390 4167 συμϐέϐηκεν
1445 4092 1728 4159 Ἰουδαίοις
1774 4099 1892 4153 κατ’

232 4171 532 4264 ἐκδίκησιν,
557 4174 820 4236 Ἰακώϐου
849 4184 947 4236 τοῦ
979 4179 1191 4238 δικαίου
1223 4203 1237 4217 ο
1289 4184 1349 4246 ὃς
1397 4185 1464 4253 ἦν
1513 4182 1747 4264 ἀδελφὸς
1770 4189 1891 4256 Ἰη-

234 4268 494 4369 σοῦ.τοὶ
524 4263 829 4369 λεγομένου
864 4273 1114 4369 ’χριστοῦ
1146 4292 1160 4305 ·
1209 4270 1502 4347 ἐπειδήπερ
1550 4263 1889 4331 δικαιότατον

233 4353 405 4407 κιότὸν
464 4353 590 4410 ὄντα
647 4358 700 4411 οἱ
748 4356 1001 4414 Ἰουδαῖοι
1059 4361 1389 4419 ἀπέκτειναν.
1429 4387 1456 4411 ιι
1513 4364 1611 4418 Ναὶ
1664 4366 1773 4437 μὴν
1803 4365 1893 4420 καὶ

232 4442 289 4498 ἐν
322 4447 408 4515 τῷ
465 4443 695 4518 εἰκοστῷ
742 4454 843 4517 τῆς
874 4450 1373 4527 Ἀρχαιλογίας
1422 4454 1508 4508 καὶ
1548 4454 1638 4508 τὸν
1668 4454 1893 4509 θάνατον

231 4532 412 4589 αὑτοῦ
463 4531 554 4589 διὰ
591 4537 772 4592 τούτω
821 4536 988 4608 δηλοῖ
1020 4559 1033 4572 °
1079 4565 1108 4594 ιι
1149 4541 1355 4615 Πέμπει
1387 4540 1443 4597 δὲ
1475 4548 1672 4615 Καῖσαρ
1702 4540 1896 4599 Ἀλϐῖ-

1985 3387 2271 3444 stiﬁcatus
2293 3389 2381 3442 est
2424 3383 2699 3456 propheta
2745 3380 3050 3445 Jeremias,
3082 3377 3414 3434 exclamans
3440 3371 3629 3429 :Desi-

1984 3476 2139 3544 stite,
2155 3474 2366 3546 inquit,
2386 3474 2525 3545 quid
2559 3471 2748 3528 facitis
2768 3469 2796 3525 τ
2825 3468 3166 3539 Justusipse
3180 3482 3279 3537 pro
3300 3463 3460 3521 vobis
3484 3464 3631 3516 orat.

1988 3565 2056 3622 Et
2083 3564 2372 3620 fullonum
2402 3561 2662 3633 quidam,
2686 3559 2846 3631 ligno
2879 3574 2993 3629 quo
3017 3558 3204 3611 vestes
3225 3548 3637 3623 complanabat

1986 3656 2237 3724 arrepto,
2278 3655 2450 3721 caput
2513 3648 2665 3705 Justi
2716 3643 3115 3703 comminuit:
3167 3644 3340 3712 atque
3395 3636 3493 3693 ille
3548 3635 3632 3724 ita

1990 3720 2267 3811 martyrio
2296 3720 2385 3794 est
2415 3738 2725 3794 defunctus
2782 3734 2878 3805 (1),
2911 3748 3064 3788 anno
3095 3729 3346 3801 septimo
3402 3720 3636 3795 imperii

1986 3828 2259 3896 Neronis;
2283 3832 2341 3884 et
2370 3825 2632 3897 sepultus
2665 3828 2754 3880 est
2783 3824 2842 3878 in
2877 3823 3000 3878 loco
3024 3819 3279 3892 quodam
3300 3817 3468 3887 juxta
3497 3821 3638 3868 tem-

1990 3922 2175 3995 plum,
2203 3924 2263 3975 et
2303 3915 2613 3975 columella
2663 3916 2792 3986 ejus
2832 3912 3066 3969 nomine
3115 3907 3396 3978 inscripta
3444 3902 3636 3959 adhuc

1992 3992 2073 4068 ibi
2106 4013 2299 4066 manet
2329 4030 2378 4061 ».
2411 4006 2597 4062 Verus
2628 4005 2679 4061 is
2700 4005 2868 4061 testis
2899 4000 3115 4059 Judsais
3147 3997 3324 4054 simul
3383 4002 3436 4052 ct
3490 3992 3645 4049 Grae-

1994 4100 2077 4156 cis
2107 4096 2449 4166 fuit,Jesum
2471 4110 2601 4151 esse
2629 4093 2949 4151 Christum.
2974 4086 3391 4147 Posteastatim
3419 4082 3645 4141 Judaao-

1996 4205 2127 4247 rum
2157 4185 2535 4261 oppugnatio,
2572 4184 2854 4257 urbisque
2908 4176 3443 4251 Hierosolymitanse
3491 4175 3645 4232 obsi-

1997 4279 2093 4337 dio
2121 4278 2312 4350 ccepit.
2342 4276 2492 4333 Tum
2517 4274 2798 4331 miriﬁcus
2829 4278 3022 4328 autem
3059 4267 3402 4341 iustitiaque
3450 4265 3640 4322 clarus

1997 4367 2111 4423 fuit
2135 4364 2411 4431 Jacobus,
2437 4367 2503 4419 ut
2531 4361 2699 4417 etiam
2734 4358 3142 4434 prudentiores
3191 4356 3343 4425 apud
3400 4353 3641 4408 Judeeos

1998 4455 2106 4511 viri
2137 4455 2197 4510 in
2228 4453 2524 4524 piaculum
2555 4452 2834 4507 adversus
2866 4463 2999 4505 eum
3060 4448 3448 4517 perpetratum
3505 4458 3647 4496 cau-

2002 4560 2128 4602 sam
2157 4541 2389 4601 Judaici
2423 4540 2554 4597 belli
2586 4556 2654 4597 ex
2685 4538 2945 4611 professo
2976 4531 3645 4598 referant.Quemadmo-

230 4645 328 4679 νον
361 4624 441 4687 εἷς
472 4626 574 4695 τήν
602 4623 868 4683 Ἰουδαίαν
917 4622 1181 4706 ἔπαρχον,
1231 4634 1452 4703 Φήστου
1494 4633 1597 4701 τὴν
1639 4632 1866 4703 τελευτή

2007 4634 2148 4689 dum
2179 4631 2238 4688 id
2274 4631 2399 4702 ipse
2424 4645 2655 4701 quoque
2684 4626 2973 4698 Josephus
3016 4622 3241 4694 scriptis
3275 4619 3417 4712 suis
3471 4621 3647 4712 testa-

232 4715 576 4788 πυθόμενος.
624 4720 681 4770 Ὁ
737 4715 794 4772 δὲ
839 4719 1096 4794 νεώτερος
1149 4723 1391 4795 Ἄνανος,
1443 4723 1502 4777 ὃν
1558 4723 1658 4792 τήν
1704 4723 1896 4797 ἀρχιε-

229 4802 499 4879 ρωσύνην
550 4802 773 4878 εἴπομεν
828 4806 1244 4888 παρειληφέναι,
1290 4810 1485 4886 θρασὺς
1523 4812 1590 4881 ἦν
1637 4811 1731 4866 τὸν
1773 4811 1897 4887 τρό-

230 4914 371 4962 πον,
430 4893 523 4949 καὶ
571 4894 861 4970 τολμητὴς
928 4894 1307 4978 διαφερόντως.
1369 4899 1585 4977 Δί’ρεσιν
1664 4898 1721 4956 δὲ
1792 4901 1895 4971 τὴν

234 4980 638 5040 Σαδδουκαῖων
681 4986 908 5061 ,μετῄεῃ
966 4987 1123 5063 ο⁹ίπερ
1190 4988 1293 5045 εἶσὶ
1348 4992 1472 5061 περὶ
1528 4994 1623 5054 τᾶς
1688 4990 1894 5065 κρίσεις

230 5074 397 5149 ὠμοὶ
454 5076 602 5150 παρὰ
659 5077 855 5139 πάνιας
921 5077 1049 5141 τοὺς
1112 5076 1431 5143 Ἰουδαίους.
1481 5081 1606 5136 ’Δτε
1675 5076 1741 5149 δὴ
1802 5078 1895 5135 οὖν

227 5168 498 5225 τοιοῦτος
530 5161 608 5219 ὢν
658 5167 911 5235 Ἀνανος,
970 5167 1201 5240 νομίσας
1252 5164 1402 5244 ἔχειν
1458 5173 1643 5244 καιρὸν
1703 5167 1894 5239 ἐπιτή-

228 5251 418 5324 δειον,
466 5251 556 5309 διὰ
600 5256 664 5310 τὸ
716 5256 962 5312 τεθνάναι
1014 5262 1255 5327 Φῆστον,
1280 5253 1530 5315 Ἀλϐῖνον
1567 5254 1705 5313 δέετι
1755 5256 1893 5313 κατὰ

224 5347 340 5414 τήν
404 5341 531 5398 ὁδὸν
592 5345 881 5421 ὑπάρχειν,
925 5344 1133 5415 καθίζει
1192 5343 1467 5421 συνέδριον
1506 5350 1704 5420 κριτῶν
1742 5365 1754 5378 ·
1800 5345 1892 5401 καὶ

223 5434 578 5510 παραγαγὼν
623 5434 701 5499 είς
756 5434 886 5491 αὐτὸ
932 5436 1023 5491 τὸν
1082 5433 1315 5509 ἀδελφὸν
1374 5437 1553 5505 Ἰησοῦ
1612 5438 1708 5489 τοῦ
1758 5441 1892 5509 Χρι-

221 5532 372 5584 στοῦ
434 5524 752 5599 λεγομένου,
798 5521 1058 5590 Ἰάκωϐος
1125 5525 1297 5599 ὄνομα
1370 5525 1535 5597 αὐτῷ,
1594 5524 1683 5579 καί
1738 5545 1890 5588 τινας

2006 4730 2118 4791 tur,
2139 4718 2354 4778 alicubi
2386 4721 2466 4776 ita
2495 4718 2726 4776 dicens:
2751 4739 2780 4768 ‹‹
2802 4714 3017 4773 Judssis
3048 4715 3239 4769 autem
3275 4709 3395 4763 haec
3429 4705 3645 4761 accide—

2003 4816 2164 4879 runt,
2226 4813 2460 4883 propter
2503 4808 2788 4866 Jacobum
2838 4805 3094 4869 Justum,
3126 4798 3225 4870 qui
3288 4797 3467 4851 frater
3520 4794 3645 4883 erat

2000 4900 2163 4967 Jesu,
2195 4881 2294 4971 qui
2325 4881 2515 4955 dictus
2547 4897 2656 4953 fuit
2692 4895 2982 4956 Christus,
3014 4888 3234 4944 ultione
3263 4883 3461 4941 divina
3498 4881 3649 4971 vin-

2003 4970 2316 5045 dicandum
2351 5004 2366 5043 :
2398 4984 2871 5058 quandoquidem
2899 4978 3087 5044 illum,
3110 4989 3240 5032 cum
3278 4970 3647 5045 justissimus

2003 5085 2176 5148 esset,
2234 5076 2421 5134 Judaei
2480 5073 2918 5131 interemerunt.
2982 5088 3010 5117 »
3067 5063 3181 5122 Sed
3229 5063 3289 5119 in
3347 5060 3646 5116 vicesimo.

2001 5169 2413 5239 Antiquitatum
2446 5170 2687 5221 mortem
2719 5160 2892 5217 etiam
2918 5159 3045 5229 ejus
3069 5155 3231 5211 hisce
3255 5150 3443 5209 verbis
3470 5164 3659 5239 expo-

2001 5257 2090 5315 nit
2120 5238 2188 5313 τι(
2222 5259 2406 5314 Caesar
2436 5253 2585 5309 Festi
2619 5254 2801 5308 morte
2831 5248 3053 5312 audita,
3082 5244 3352 5301 Albinum
3379 5239 3438 5294 in
3459 5238 3660 5295 Judae-

1999 5364 2092 5403 am
2128 5346 2456 5418 praefectum
2489 5340 2689 5397 mittit.
2715 5341 2956 5395 Auanus
2990 5345 3183 5392 autem
3231 5332 3448 5404 junior,
3481 5343 3650 5399 quem

2002 5417 2401 5508 pontiﬁcatum
2462 5431 2664 5487 iniisse
2711 5427 2984 5494 diximus,
3010 5424 3269 5481 moribus
3325 5417 3647 5487 conﬁdens,

1999 5535 2055 5585 et
2082 5528 2271 5584 audax
2298 5523 2719 5589 admodum,ex
2775 5525 2930 5574 secta
2984 5515 3437 5572 Sadducaeorum
3494 5511 3645 5577 erat,

302 5659 397 5731 (ι)
427 5656 678 5731 Quidam
711 5655 927 5731 cladem
957 5655 1156 5714 Jacobi
1179 5656 1252 5731 _in_
1278 5655 1510 5731 tertium
1542 5653 1786 5711 Neronis
1818 5652 2047 5726 imperii
2078 5670 2296 5711 annum
2344 5654 2601 5708 referunt
2636 5667 2649 5708 :
2678 5647 3001 5705 secundum
3056 5640 3297 5708 scilicet,
3331 5639 3647 5711 postquam

225 5727 472 5790 Paulus
498 5728 730 5787 vinctus
761 5728 1004 5789 Romam
1032 5732 1123 5787 est
1144 5727 1453 5786 abductus.
