4016 6206
371 353 493 414 859

1671 351 2099 414 NICEPHOBI
2144 350 2493 413 CALLISTl

3667 356 3784 418 860

373 487 530 544 190
563 483 665 558 qui
718 483 777 540 in
821 481 1064 554 judieiis
1123 499 1300 556 supra
1358 501 1560 541 omnes
1607 485 1752 541 alios
1798 485 2030 543 Judteos

2153 482 2382 558 ἐτέρους,
2437 483 2514 547 ὡς
2576 487 3085 560 παρανομησάντων
3150 487 3480 566 κατηγορίαν
3548 489 3788 560 ποιησά-

379 575 518 632 εωνὶ
549 576 687 631 sunt
713 575 770 628 et
798 570 1080 628 crudeles.
1113 572 1272 629 Talis
1301 573 1492 644 itaque
1519 588 1655 630 cum
1685 578 1842 632 esset
1869 580 2028 632 Ana-

378 681 512 733 nus,
545 665 935 734 opportunum
980 660 1372 734 idoneumque
1428 668 1666 735 tempus
1719 681 1805 736 se,
1861 665 2027 724 Festo

383 753 678 820 defuncto,
727 766 861 806 eum
915 750 1106 806 adhuc
1162 751 1411 808 Albinus
1469 754 1526 810 in
1589 755 1795 812 itinere
1851 760 2027 823 esset,

381 845 616 898 nactum
647 854 774 896 esse
805 838 1161 909 existimans,
1187 841 1456 912 judicum
1489 848 1793 904 consilium
1825 846 1980 918 cogit
2011 861 2024 902 :

377 935 434 988 et
472 930 650 986 fratre
691 928 854 997 Jesu,
903 929 1002 1000 qui
1044 929 1345 988 dicebatur
1393 935 1680 1005 Christus,
1711 937 1922 993 Jacobo
1977 935 2029 992 ei

379 1035 593 1076 nomen
623 1020 769 1086 erat,
803 1018 1275 1092 quibusdamque
1302 1020 1432 1080 aliis
1470 1025 1525 1080 in
1565 1025 1854 1097 judicium
1905 1041 2031 1098 pro-

375 1108 587 1175 ductis,
619 1110 675 1164 et
705 1107 933 1163 actione
963 1107 1156 1180 legum
1196 1113 1702 1181 praevaricatarum
1734 1114 2028 1183 instituta,

373 1201 437 1253 ut
475 1196 876 1269 lapidarentur
905 1197 1108 1255 eti‘ecit.
1143 1201 1482 1272 Quicunque
1526 1208 1719 1262 autem
1770 1206 1828 1262 in
1888 1205 2032 1260 urbe

376 1287 660 1357 aequiores
687 1285 998 1358 legumque
1051 1287 1351 1360 peritiores
1381 1291 1731 1350 videbantur
1759 1310 1886 1350 esse
1915 1311 2033 1365 gra.

375 1375 518 1433 viter
547 1375 604 1432 id
637 1375 840 1434 tulere.
881 1376 952 1431 Et
1009 1378 1077 1431 ad
1149 1377 1552 1450 imperatorem
1611 1383 1762 1439 clam
1815 1382 2034 1455 legatos

380 1465 589 1522 misere
643 1470 898 1533 oratum,
942 1468 1004 1521 ut
1051 1465 1151 1524 ille
1203 1469 1272 1524 ad
1329 1472 1622 1540 Ananum,
1654 1489 1728 1527 ne
1781 1471 2034 1544 amplius

375 1553 518 1610 talia
574 1555 800 1622 faceret,
855 1553 1193 1613 scriberet:
1247 1573 1383 1613 cum
1443 1559 1656 1630 quippe
1705 1577 1810 1617 nec
1863 1565 2036 1618 antea

377 1652 528 1700 recte
559 1643 762 1700 fecisse
801 1649 1216 1701 asseverantes.
1250 1646 1526 1704 Nonnulli
1586 1650 1766 1706 etiam
1823 1650 2034 1706 Albino

382 1731 614 1789 obviam
645 1733 1358 1804 processere.A1exandria
1381 1737 1487 1792 iter
1510 1737 1764 1806 facienti,
1785 1755 2035 1812 eumque

377 1819 650 1885 docuere,
692 1835 809 1874 non
841 1819 1074 1876 licuisse
1098 1823 1320 1890 Anano,
1355 1823 1502 1880 citra
1530 1825 1655 1895 ejus
1683 1789 2032 1882 sententiam
2067 1789 2114 1852 Β

382 1913 444 1965 et
489 1907 870 1975 voluntatem,
919 1909 1229 1966 consilium
1265 1913 1474 1982 judicii
1539 1915 1790 1971 faciendi
1845 1916 2036 1988 gratia

382 2013 613 2069 cogere.
646 1997 892 2054 Albinus
927 2015 1093 2069 porro
1119 2001 1316 2058 verbis
1372 2003 1667 2072 ejusmodi
1698 2021 2032 2076 persuasus,

383 2087 459 2142 ad
491 2089 760 2144 Ananum
792 2087 986 2143 animo
1016 2094 1306 2148 commoto
1349 2093 1606 2164 scripsit,
1640 2111 1949 2168 pmnasque
1977 2112 2039 2154 se

382 2175 457 2234 ab
489 2193 555 2234 eo
599 2179 972 2248 sumpturum
1019 2178 1279 2236 minatus
1326 2185 1433 2238 est.
1467 2182 1616 2248 Quin
1663 2187 1722 2240 et
1783 2185 2039 2258 Agrippa

383 2281 480 2322 rex
528 2281 662 2322 eam
719 2264 792 2321 ab
847 2282 1088 2323 causam
1137 2269 1540 2339 pontificatum
1598 2271 1672 2342 ei,
1705 2289 1880 2345 quem
1922 2278 2040 2330 tres

2148 593 2327 644 μενος,
2387 571 2668 648 παρέδωκε
2724 573 3210 652 λευσθητομένους.
3270 580 3426 636 "Osci
3461 575 3514 633 δ’
3571 575 3788 634 ἐδόκουν

2143 659 2536 716 ἐπιεικέστατοι
2590 668 2700 717 τῶν
2745 666 2881 719 κατᾶ
2933 665 3032 733 τήν
3099 666 3262 722 πόλιν
3342 668 3500 735 εἶναι,
3558 667 3651 720 καὶ
3727 667 3787 722 τΞι

2142 750 2264 823 περὶ
2325 749 2453 812 τοὺς
2532 751 2734 826 νόμους
2803 749 3064 828 ἀκριϐεῖς,
3128 755 3335 830 βαρέως
3415 757 3654 832 ἤνεγκαν
3705 753 3786 810 ἐπὶ

2139 840 2338 912 τούτῳ.
2373 839 2471 895 Καὶ
2527 841 2803 914 πέμπουσι
2861 845 2996 919 πρὸς
3049 845 3144 900 τὸν
3191 843 3419 918 βασιλέα
3449 843 3651 922 κρύφα,
3683 866 3791 899 πα-

2142 927 2502 1004 ρακαλοόντες
2561 929 2863 988 ἐπιστεῖλαι
2919 937 2999 1005 τῷ
3055 935 3261 1006 ’Δνάνφ
3320 935 3520 1007 μηκέτι
3565 940 3790 990 τοιαῦτα

2141 1019 2394 1088 πράσσειν
2454 1038 2470 1054 ο
2529 1020 2670 1095 μηδὲ
2717 1022 2820 1098 γὰρ
2869 1023 2930 1077 τὸ
2978 1029 3199 1098 πρῶτον
3248 1022 3407 1078 αὐτὸν
3463 1023 3646 1096 ὀρθῶς
3703 1045 3788 1080 πε-

2141 1109 2425 1180 ποιηκέναι
2458 1128 2473 1144 ·
2532 1113 2680 1174 Τινὲς
2739 1109 2787 1166 δ’
2834 1111 3012 1168 αὐτῶν
3069 1113 3155 1167 καὶ
3201 1113 3292 1167 τὸν
3331 1107 3594 1169 Ἀλϐῖνον
3631 1114 3788 1168 ὕπαν-

2141 1199 2438 1270 τιάζουσιν,
2495 1199 2600 1255 ἀπὸ
2689 1206 2789 1270 τῆς
2867 1198 3272 1276 Ἀλεξανδρείας
3349 1199 3788 1276 ὁδοιποροῦντα’

2144 1288 2235 1342 καὶ
2295 1287 2628 1360 διδάκουσιν,
2662 1291 2736 1352 ὡς
2793 1291 2895 1346 οὐκ
2950 1291 3064 1363 ἐξὸν
3115 1293 3179 1362 ἦν
3233 1293 3434 1365 Ἀνάνῳ
3483 1293 3666 1368 χωρές
3698 1292 3791 1348 azi-

2143 1380 2244 1430 τοῦ
2278 1379 2508 1455 γνώμης
2537 1380 2752 1436 καθίσαι
2806 1377 3099 1455 συνέδριον.
3135 1378 3392 1443 Ἀλϐῖνος
3439 1378 3501 1436 δὲ
3555 1383 3794 1444 πεισθεὶς

2143 1471 2259 1528 τοῖς
2307 1465 2647 1544 λεγομένοις,
2679 1467 2869 1546 γράφει
2923 1471 3039 1544 μετ’
3085 1471 3252 1545 ὀργῆς
3296 1475 3376 1542 τῷ
3419 1471 3656 1543 Ἀνάνῳ,
3687 1469 3796 1541 λή-

2145 1557 2337 1628 ψεσθαι
2394 1557 2521 1633 παρ’
2574 1557 2740 1612 αὐτοῦ
2790 1555 2943 1620 δίκας
2991 1557 3250 1616 ἀπειλῶν.
3297 1560 3516 1615 Ἔοικεν
3557 1557 3656 1614 οὖν
3710 1561 3795 1616 καὶ

2145 1645 2174 1700 ὁ
2226 1644 2482 1720 βασιλεὺς
2535 1647 2860 1722 ’Δγρίππας,
2895 1645 2984 1704 διὰ
3033 1651 3176 1704 τοῦτ’
3232 1647 3582 1727 ἀφελόμενος
3635 1649 3794 1704 αὐτοῦ

2145 1735 2247 1804 τήν
2295 1736 2618 1809 ἱερωσύνην,
2670 1735 2924 1812 ἄρξαντος
2990 1744 3162 1812 μῆνας
3226 1743 3393 1814 τρεῖς,
3455 1740 3548 1793 καὶ
3613 1739 3792 1810 Ἰησοῦ

2143 1828 2221 1896 τῷ
2268 1828 2365 1879 τοῦ
2413 1826 2688 1898 Δαμναίου
2740 1827 2907 1896 αὐτὴν
2965 1833 3288 1904 παρασχεῖν.
3323 1852 3352 1881 ››
3411 1832 3654 1884 Τοιαῦτα
3701 1827 3792 1900 μὲν

2144 1913 2328 1970 καὶτὰ
2357 1913 2492 1969 κατᾶ
2531 1915 2623 1970 τὸν
2674 1911 2957 1987 Ἰάκωϐον,
3007 1918 3069 1971 οὔ
3125 1919 3160 1986 ἡ
3219 1917 3412 1992 πρώτη
3471 1921 3584 1972 τῶν
3633 1919 3794 1972 καθο-

2147 2003 2314 2058 λικῶν
2375 2004 2510 2058 εἶναι
2569 2004 2876 2062 πιστεύεται
2935 2005 3262 2078 ἐπιστολῶν,
3322 2008 3398 2070 ὡς
3455 2008 3547 2063 καὶ
3613 2009 3648 2076 ἡ
3703 2010 3798 2063 τοῦ

2145 2090 2344 2162 Ἰούδα,
2395 2095 2591 2156 πάσαις
2655 2093 2974 2166 ἐκκλησίαις
3033 2093 3306 2170 λαμπρῶς
3344 2095 3797 2173 παρῥησιαζόμε-

2145 2202 2233 2237 ναι
2269 2202 2282 2216 ·
2343 2183 2439 2239 κᾶν
2499 2183 2587 2238 καὶ
2637 2182 2774 2248 τέως
2833 2185 2910 2257 μή
2965 2205 3108 2248 τινες
3161 2189 3268 2241 τῶν
3343 2185 3467 2242 λίαν
3552 2184 3796 2261 ἀρχαίων

2155 2270 2338 2348 μνείαν
2367 2272 2578 2328 τούτων
2607 2272 2950 2346 πεποίηνται.

383 2355 888 2412 administraverat
915 2373 1168 2427 menses,
1194 2361 1504 2431 ademisse,
1537 2377 1792 2434 eumque
1809 2363 1951 2421 Jesu
1979 2363 2236 2422 Damnasi
2274 2363 2390 2420 ﬁlio
2419 2365 2497 2437 (t)
2527 2365 2760 2421 dedisse
2790 2366 3037 2422 videtur.
3063 2388 3092 2416 ››
3137 2366 3202 2422 Et
3221 2366 3421 2424 Jacobi
3443 2366 3689 2438 quidem
3710 2383 3792 2424 res

383 2447 468 2504 sic
498 2462 561 2502 se
582 2445 860 2504 habuere.
890 2449 1080 2520 Hujus
1137 2466 1262 2507 esse
1307 2451 1563 2508 creditur
1620 2453 1811 2524 prima
1859 2453 2016 2510 inter
2069 2454 2386 2512 catholicas
2445 2453 2726 2528 Epistula,
2757 2456 2828 2512 ad
2886 2472 3093 2513 omnes
3141 2457 3453 2514 ecclesias:
3488 2457 3550 2512 ul
3613 2457 3793 2530 ipsius

387 2551 620 2608 quoque
649 2535 836 2608 Judte,
875 2538 1177 2610 magniﬁce
1206 2555 1334 2597 cum
1356 2539 1620 2600 libertate
1642 2543 1832 2600 multa
1864 2543 2094 2616 scripiae
2128 2561 2142 2600 :
2175 2543 2443 2616 quamvis
2476 2544 2777 2617 utriusque
2804 2545 3146 2603 vetustiores
3183 2547 3543 2604 mentionem
3576 2545 3791 2604 nullam

391 2623 626 2682 faciant.

971 2737 1202 2794 CAPUT
1239 2739 1491 2796 XXXIX.

389 2824 462 2880 De
501 2824 726 2902 Andrea
756 2829 811 2880 et
868 2827 1272 2902 Bartholomeeo
1333 2830 1694 2886 sacrosanctis
1748 2832 2032 2902 apostolis,

494 2897 756 2969 quomodo
776 2899 1050 2972 martyrio
1079 2916 1182 2970 pro
1213 2900 1424 2958 Christo
1441 2903 1554 2959 sint
1581 2897 1934 2960 cohonestali.

457 3082 593 3137 Post
647 3081 803 3138 hunc
859 3085 918 3138 et
969 3084 1251 3146 Andreas,
1285 3085 1572 3158 coryphazi
1631 3085 1784 3142 Petri
1829 3087 2034 3164 frater,

293 3213 303 3216 -
385 3171 491 3244 qui
523 3171 779 3244 primum
819 3171 1137 3228 Dominum
1177 3174 1423 3230 Joannis
1476 3175 1690 3232 indicio
1747 3176 2034 3248 cognovit,

387 3277 852 3334 germanamque
873 3279 1042 3318 suum
1076 3263 1148 3319 ad
1179 3264 1457 3320 eumdum
1473 3265 1738 3333 adduxit,
1753 3266 1861 3321 rite
1881 3281 2034 3331 vero,

389 3354 448 3406 et
506 3355 570 3406 ut
630 3351 872 3408 decebat
929 3369 1169 3424 prorsus
1215 3367 1370 3422 eum,
1405 3354 1504 3425 qui
1562 3358 1797 3410 vocatus
1856 3355 2038 3411 fuerat

391 3440 638 3512 primus,
675 3456 861 3514 usque
890 3443 962 3498 ad
993 3441 1202 3499 Christi
1237 3441 1296 3497 in
1353 3443 1566 3499 coelum
1609 3443 2036 3514 ascensionem,

388 3530 649 3602 vestigiis
706 3531 835 3602 ejus
892 3530 1190 3600 insistens,
1227 3533 1418 3589 officio
1471 3549 1578 3588 suo
1637 3533 1872 3589 iunctus
1925 3536 2036 3588 est.

389 3623 458 3675 Et
483 3619 714 3678 coalitus
734 3619 792 3676 in
826 3621 1018 3692 specie
1047 3621 1352 3693 ignearum
1411 3621 1744 3694 linguarum
1790 3620 2040 3694 Spiritus

389 3713 578 3766 sancti
635 3711 820 3782 gratia
859 3713 1116 3782 accepta,
1150 3716 1305 3766 sorte
1345 3727 1578 3783 quoque
1634 3711 1686 3767 ei
1746 3710 2042 3783 provincia

392 3815 460 3854 ea
491 3797 721 3871 obtigit,
754 3801 820 3854 ut
877 3799 948 3854 ad
1007 3805 1210 3871 gentes
1270 3799 1646 3856 mitteretur:
1701 3800 1760 3854 in
1819 3802 2039 3872 Cappa-

390 3889 620 3946 dociam
683 3888 926 3958 scilicet,
967 3888 1254 3946 Galatiam
1313 3893 1370 3946 et
1433 3889 1786 3961 Bithyniam.
1823 3889 2044 3956 Quibus

389 3979 486 4036 ille
520 3980 858 4053 peragratis,
893 3981 962 4036 ad
997 3997 1128 4036 eam
1177 3996 1408 4052 quoque
1446 3980 1692 4037 accessit
1747 3995 1872 4050 qum
1927 3980 2046 4034 An-

392 4070 932 4143 thropophagorum
961 4071 1200 4138 dicitur,
1231 4074 1289 4126 et
1321 4071 1393 4126 ad
1435 4070 1780 4144 Scytharum
1832 4068 2044 4124 solitu-

395 4156 588 4223 dines,
622 4159 695 4214 ad
725 4162 1041 4230 utrumque
1071 4159 1319 4214 Pontum
1353 4159 1662 4226 Euxinum,
1691 4158 1847 4214 που
1874 4173 2044 4214 oras-

399 4261 513 4318 que
573 4247 1056 4317 septentrionales
1113 4251 1170 4302 et
1225 4245 1534 4312 australes,
1567 4247 1638 4302 ad
1661 4245 1856 4317 ipsum
1896 4261 2044 4316 quo-

400 4349 514 4406 que
549 4335 816 4408 Byzantia
864 4335 1076 4390 solum.
1117 4335 1223 4391 Ubi
1279 4333 1534 4391 ecclesia
1581 4351 1614 4390 a
1669 4351 1732 4390 se
1790 4335 2045 4406 primum

393 4425 693 4492 institutae,
726 4424 984 4497 primum
1015 4424 1352 4496 episcopum
1385 4424 1584 4480 divum
1607 4423 1860 4494 Stachyn
1895 4442 2040 4497 prae-

393 4513 552 4570 fecit.
613 4513 898 4584 Deinceps
957 4513 1283 4580 Thraciam,
1336 4511 1758 4583 Macedoniam,
1798 4513 2044 4570 Thessa-

393 4602 640 4674 liam,et
669 4602 948 4660 Achaiam
985 4603 1324 4675 peragravit.
1356 4603 1419 4659 In
1477 4601 1689 4675 quibus
1735 4601 2049 4674 provinciis

387 4695 692 4763 omnibus,
724 4693 897 4767 longo
944 4696 1208 4765 tempore
1252 4693 1623 4750 sermonibus
1679 4691 1917 4760 divinis,
1976 4690 2052 4747 si-

391 4786 645 4857 gnisque
677 4788 734 4840 et
763 4782 1036 4856 prodigiis
1067 4782 1332 4839 miriﬁcis
1365 4781 1662 4838 Christum
1697 4780 2049 4853 gloriﬁcans,

397 4875 639 4932 tandem
671 4891 706 4931 a
762 4872 1108 4947 proconsule
1143 4871 1392 4946 Egaiato
1450 4871 1509 4928 in
1559 4887 1788 4928 crucem
1821 4886 2053 4942 quoque

389 4971 478 5020 est
509 4967 675 5022 actus
712 4963 852 5020 :illo
875 4963 927 5020 ei
970 4961 1214 5019 crimine
1256 4963 1511 5034 objecto,
1543 4961 1697 5034 quod
1742 4960 2051 5032 conjugem

391 5053 521 5124 ejus
571 5051 970 5122 Maximillam,
1031 5051 1386 5124 fratremque
1433 5049 1800 5118 Stratoclem,
1850 5047 2058 5120 impie-

391 5145 570 5200 tatem
605 5143 736 5214 ejus
768 5139 1046 5199 detestari
1069 5141 1363 5199 docuisset
1386 5145 1444 5198 et
1487 5139 1562 5198 ad
1606 5138 1818 5196 Christi
1877 5138 2052 5194 fidem

391 5231 760 5290 adduxisset.
819 5230 1126 5304 Philippus
1187 5235 1380 5288 autem
1449 5234 1509 5287 et
1585 5227 2050 5284 Bartholomasus

391 5320 622 5390 Syriam
675 5329 730 5378 et
788 5322 980 5378 Asiam
1031 5321 1391 5394 superiorem
1440 5319 1628 5377 sortiti
1683 5325 1840 5375 sunt.
1872 5319 2058 5388 Atque

395 5409 455 5466 in
487 5429 689 5468 eorum
718 5411 977 5470 locorum
1021 5409 1348 5467 civitatibus
1403 5409 1700 5478 omnibus,
1731 5407 1866 5464 fidei
1923 5408 2062 5462 fun-

395 5499 694 5558 damentis
720 5503 920 5574 jaetis,
953 5503 1066 5558 tem
1077 5500 1171 5573 pla
1201 5501 1670 5566 construxerunt,
1701 5496 2061 5554 sacerdotes-

2763 2743 3190 2800 ΚΕΦΑΛ.ΔΘἏ

2159 2830 2318 2928 Περὶ
2351 2827 2650 2928 Ἀνδρέον
2697 2831 2806 2921 καὶ
2855 2831 3547 2928 ρα’ρθ“ολργμαίου”τῶν
3612 2831 3790 2928 ἱερῶν

2223 2901 2661 2980 άῖποστόλωνς
2695 2902 2782 2965 ὡς
2808 2907 2898 2976 τῷ
2929 2901 3090 2980 ὅπερ
3121 2901 3406 2979 Χριστοῦ
3455 2901 3795 2979 μαρτυρίῳ

2223 2976 2857 3048 κατεποσμήθησαν.

2221 3077 2340 3132 Ἐπὶ
2376 3075 2443 3148 δὴ
2483 3077 2663 3151 τούτῳ
2710 3077 2798 3132 καὶ
2845 3075 3101 3154 ’Λνδρέας
3151 3079 3180 3133 ὁ
3225 3082 3323 3134 τοῦ
3352 3080 3659 3158 κορυφαίου
3701 3078 3799 3133 Πέ-

2146 3187 2281 3241 τρου
2337 3166 2687 3242 κασίγνητος,
2748 3171 2964 3241 πρῶτον
3027 3169 3120 3240 μέν
3179 3167 3322 3243 παρὰ
3383 3167 3647 3224 Ἰωάννου
3707 3170 3792 3223 τὸν

2149 3257 2348 3332 Κύριον
2407 3255 2680 3332 ἐπιγνοὺς,
2709 3256 2800 3312 καὶ
2856 3258 2948 3312 τὸν
3007 3256 3266 3332 σύγγονον
3321 3261 3544 3332 πρῶτος
3593 3257 3672 3320 εἰς
3701 3255 3800 3311 αύ-

2146 3346 2239 3400 τὸν
2299 3343 2550 3414 ἑλκύσας,
2601 3342 2786 3409 καλῶς
2833 3367 2892 3400 τε
2949 3345 3039 3400 καὶ
3097 3346 3172 3408 ὡς
3225 3345 3404 3422 χρεών
3474 3366 3540 3420 γε
3595 3347 3664 3416 ἧν
3717 3349 3790 3417 τῷ

2149 3433 2554 3507 πρωτοκλήτῳ,
2586 3433 2720 3510 ἄχρι
2772 3432 2838 3504 δὴ
2900 3436 2987 3489 καὶ
3039 3440 3139 3504 τῆς
3198 3433 3275 3496 εἷς
3323 3434 3559 3508 οὐρανὸν
3607 3431 3794 3488 ἀνόδου

2150 3528 2372 3600 Χριστῷ
2421 3529 2537 3579 κατ’
2578 3522 2736 3599 ἴχνος
2787 3523 3272 3598 πολιτευσάμενος,
3311 3525 3403 3580 καὶ
3441 3525 3544 3594 τήν
3595 3524 3790 3579 ἄνωθεν

2147 3612 2202 3668 έν
2255 3611 2386 3668 εἴδει
2442 3613 2681 3688 πυρίνων
2736 3613 3002 3690 γλωσσῶν
3063 3615 3225 3688 χάριν
3303 3617 3400 3669 τοῦ
3481 3615 3790 3689 Πνεύματος

2151 3700 2545 3776 εἷσδεξάμενος,
2606 3702 2802 3776 κλήρῳ
2855 3703 2945 3758 καὶ
3005 3703 3164 3764 οὗτος
3221 3705 3318 3774 τήν
3375 3701 3452 3764 είς
3512 3705 3580 3760 τὰ
3667 3701 3786 3774 ἔθνη

2149 3791 2460 3850 ἐστέλλετο.
2511 3790 2865 3848 Καππαδοκία
2910 3792 3006 3865 μὶν
3053 3791 3144 3848 οὖν
3196 3791 3342 3865 αὐτῷ
3395 3790 3488 3846 καὶ
3555 3789 3791 3848 Γαλατία

2151 3881 2243 3936 καὶ
2293 3883 2327 3950 ἡ
2387 3885 2494 3936 τῶν
2541 3883 2778 3936 Βιθυνῶν
2830 3878 3218 3956 διελάγχανον.
3263 3880 3504 3950 Ἐπῆλθέ
3551 3902 3618 3956 γε
3686 3883 3788 3954 μὴν

2151 3970 2242 4026 καὶ
2291 3973 2412 4040 τὴν,
2471 3970 2507 4040 ἢ
2563 3975 2697 4026 τῶνι
2754 3973 3232 4051 ’Δνθρωποφάγων
3287 3969 3628 4044 ὠνόμασται,
3737 3992 3791 4026 τε

2156 4062 2380 4116 Σκυθῶν
2436 4060 2658 4136 ἐρημία,
2719 4058 2966 4134 Εὕξεινός
3028 4082 3087 4116 τε
3143 4059 3338 4124 πόντος
3383 4059 3682 4134 ἑκάτερος·
3731 4061 3792 4116 τά

2152 4171 2212 4205 τε
2261 4151 2396 4225 πρὸς
2449 4146 2660 4224 Βορρᾶν
2724 4151 2814 4204 καί
2876 4148 3056 4208 Νότον
3107 4148 3269 4206 αὐτοῦ
3315 4148 3582 4225 κλίματα,
3634 4153 3695 4206 τό
3740 4171 3793 4206 τε

2157 4240 2422 4308 Βύζαντος
2469 4235 2630 4293 πέδον
2662 4259 2675 4272 ο
2733 4237 2816 4316 ἐφ’
2871 4241 2917 4311 ᾧ
2964 4243 3054 4294 καί
3094 4244 3310 4316 πρῶτον
3354 4237 3654 4296 ἐπίσκοπον
3705 4241 3790 4296 τὸν

2156 4332 2297 4384 θεῖον
2358 4328 2569 4402 Στάχυν
2619 4329 2957 4400 καταστήσας
3014 4330 3066 4385 ἐν
3130 4329 3432 4402 Ἐκκλησία
3487 4332 3557 4401 ἣν
3633 4329 3796 4386 ἐκεῖσε

2079 4388 2122 4452 D
2154 4423 2372 4492 πρῶτος
2405 4414 2561 4480 οὗτος
2594 4416 2826 4489 ἐπήξατο
2859 4439 2872 4452 ·
2920 4420 3033 4474 εἶτα
3071 4415 3160 4474 διὰ
3207 4419 3425 4493 Θρᾴκης
3475 4419 3570 4474 καὶ
3621 4427 3796 4476 Μακε-

2158 4505 2364 4574 δονίας,
2412 4505 2707 4570 Θεσσαλίας
2761 4527 2820 4562 τε
2866 4507 2958 4562 καὶ
3017 4505 3245 4587 Ἀχαίας
3294 4505 3467 4563 ἐλθών
3516 4529 3532 4543 ·
3581 4507 3668 4585 ἐφ’
3719 4507 3795 4569 οἷς

2159 4595 2320 4652 δπασι
2372 4594 2557 4670 λόγοις
2615 4596 2934 4671 θεοπρεπέσι
2991 4598 3080 4652 καὶ
3150 4597 3406 4670 σημείοις
3471 4597 3564 4652 καὶ
3617 4597 3796 4671 τέρασι

2157 4687 2248 4742 τὸν
2279 4686 2518 4761 Χριστὸν
2553 4683 2778 4756 δοξάσας
2807 4688 2909 4741 οὐκ
2938 4684 3256 4761 ἐλαχίστοις
3299 4686 3350 4742 ἐν
3395 4686 3651 4762 χρόνοις,
3701 4685 3798 4740 ὑπὸ

2155 4780 2254 4831 τοῦ
2285 4775 2591 4831 ἀνθυπάτου
2621 4775 2922 4854 Δίγαιάτου
2949 4780 3030 4848 τῷ
3059 4780 3273 4850 σταυρῷ
3317 4775 3410 4832 καὶ
3440 4773 3604 4839 οὗτος
3633 4794 3802 4846 προσ-

2161 4863 2398 4936 ήλωται,
2429 4860 2688 4940 ἔγκλημά
2724 4866 2779 4920 οἱ
2817 4864 3215 4939 ἀπαγαγόντος,
3248 4863 3436 4939 ὅτιπερ
3483 4865 3586 4934 τήν
3635 4883 3800 4940 γαμε·

2156 4957 2260 5026 τὴν
2291 4955 2456 5010 αὐτοῦ
2503 4953 2866 5028 Μαξιμίλλαν,
2899 4955 2988 5010 καὶ
3032 4955 3124 5010 τὸν
3168 4953 3404 5034 ἀδελφὸν
3437 4952 3800 5030 Στρατοκλέα,

2161 5047 2376 5117 Χριστῷ
2455 5044 2814 5120 προσαγάγοι,
2898 5044 3000 5112 τήν
3079 5041 3286 5099 ἐκείνου
3372 5041 3803 5119 βδελυξαμένους

2163 5129 2492 5190 δυσσέϐειαν.
2525 5131 2794 5205 Φιλίππῳ
2843 5130 2900 5188 δὲ
2947 5135 3038 5188 καὶ
3087 5131 3488 5206 Βαρθολομαίῳ
3537 5131 3712 5206 Συρία
3750 5149 3803 5184 τε

2163 5223 2250 5279 καὶ
2274 5222 2424 5280 Ἀσία
2479 5224 2514 5292 ἠ
2550 5222 2658 5278 ἀνω
2714 5221 3056 5296 κεκλήρωτο.
3109 5221 3210 5276 Τὸν
3261 5219 3473 5298 ἆρῥαγῆ
3517 5222 3800 5295 τοιγαροῦν

2163 5321 2262 5383 τῆς
2307 5311 2543 5374 πίστεως
2589 5310 2844 5384 θεμέλιον
2893 5311 2981 5366 ἐπὶ
3028 5313 3124 5374 τὰς
3165 5309 3382 5366 ἐκείνων
3413 5310 3590 5371 πάσας
3621 5307 3800 5368 πόλεις

2165 5403 2586 5474 καταπήξαντες,
2613 5400 2774 5463 ναούς
2821 5423 2879 5456 τε
2923 5398 3265 5474 ᾠκοδόμουν,
3297 5399 3388 5454 καὶ
3427 5397 3606 5474 ἱερέας
3636 5396 3801 5472 πρού-

2169 5489 2462 5548 ϐάλλοντο.
2494 5494 2559 5546 Ὅ
2587 5512 2649 5565 γε
2679 5493 2788 5564 μὴν
2813 5490 3094 5553 Φίλιππος
3135 5489 3231 5551 τὰς
3283 5496 3384 5558 τῆς
3423 5489 3619 5550 Ἀσίας
3655 5484 3798 5542 διιὼν

455 5685 536 5758 (1)
564 5683 770 5742 Jesum
797 5686 958 5745 hunc
987 5683 1176 5743 filium
1201 5681 1532 5742 Gamalielis
1563 5679 1768 5752 fuisse,
1789 5676 1936 5735 dixit
1964 5692 2138 5748 supra
2159 5676 2366 5734 eodem
2389 5691 2516 5746 cap.
2547 5675 2600 5730 4.
