4016 6206
129 371 227 434 861

1139 371 1764 435 ECCLESIASTICE
1804 373 2195 436 HISTORIA“.
2235 373 2381 434 LlB.
2429 373 2505 434 ll.

3399 379 3516 438 862

126 505 328 577 πόλεις,
390 509 479 562 καὶ
539 507 618 570 είς
693 505 1002 580 Ἰεράπολιν
1051 513 1150 574 τῆς
1223 505 1462 582 Φρυγίας
1520 501 1752 581 ἔρχεται.

1879 525 1992 578 que
2019 514 2074 566 et
2105 507 2406 580 episcopos
2451 506 2536 563 eis
2567 508 2966 579 praefecerunt.
3001 509 3305 582 Philippus
3345 511 3519 568 etiam

127 595 387 669 ἐπίσημόν
438 619 498 653 τε
546 595 728 668 οὖσαν,
775 593 1002 667 πλούτῳ
1051 593 1252 667 πολλῷ
1303 597 1618 670 βρίθουσαν,
1672 598 1762 651 καὶ

127 684 212 739 οὐκ
251 685 599 758 ἀμοιροῦσαν
659 685 931 757 ὀνόματος
965 703 979 715 ·
1027 683 1186 737 τόσον
1235 704 1292 759 γε
1346 685 1452 756 μὴν
1508 681 1763 746 εἰδώλοις

127 781 574 848 προστετηκυῖαν,
620 775 695 836 ὡς
753 773 842 827 καὶ
903 769 1119 848 ἔχιδναν
1177 771 1368 846 θηρίον
1429 769 1648 829 ἰοϐόλον
1707 795 1764 829 τε

125 864 201 917 καὶ
273 863 582 938 ἀκάθαρτον
659 863 1007 935 θαλαμεύειν,
1086 860 1293 936 ἐντίμῳ
1367 883 1426 918 τε
1507 864 1764 937 θεραπείᾳ

124 957 269 1024 τιμᾷν
333 955 432 1008 οἷα
503 956 640 1024 Θεῷ,
697 952 787 1006 καί
846 971 955 1006 τισι
1032 949 1244 1016 θυσίαις
1313 950 1606 1032 ἐκτρέφειν,
1673 953 1762 1007 καὶ

127 1040 406 1120 ὑπερφυῶς
452 1041 808 1115 προσανέχειν
856 1041 1016 1113 αὐτῇ.
1053 1037 1232 1095 Ἀλλὰ
1280 1045 1380 1095 τοῦ
1420 1040 1761 1098 Ἀποστόλου

127 1129 196 1200 τῷ
221 1131 384 1202 τόπῳ
427 1127 889 1202 ἐπιδημήσαντος,
923 1129 1202 1185 συνείπετο
1253 1127 1310 1185 δέ
1341 1131 1393 1185 οἱ
1443 1132 1530 1185 καὶ
1563 1133 1596 1200 ἡ
1632 1129 1764 1207 σύγ-

127 1241 270 1293 γονος
324 1219 479 1292 αὐτῷ
525 1221 846 1294 Μαριάμνη,
896 1219 1184 1293 παρθενίαν
1237 1217 1620 1293 ἐπανῃρημένη
1664 1221 1764 1290 τὴν

124 1307 202 1364 δια
230 1309 384 1384 βίου,
419 1309 572 1370 εὐθὺς
622 1310 684 1365 τό
709 1330 766 1366 τε
813 1306 1145 1364 κατείδωλον
1192 1315 1292 1378 τῆς
1338 1309 1526 1384 χώρας
1570 1305 1760 1364 εσϐέν-

123 1420 255 1465 νυτο,
285 1400 382 1452 καί
433 1399 496 1453 τὸ
543 1399 740 1472 Θράσος
790 1402 898 1454 τῶν
948 1399 1183 1454 ἐποίκων
1229 1395 1506 1470 δαιμόνων
1554 1399 1764 1460 ἀσθενὲς

121 1488 201 1555 ἦν.
231 1489 300 1543 ’Ἡ
335 1507 404 1564 γε
451 1487 558 1558 μὴν
607 1486 872 1561 εἰρημένη
920 1489 1051 1551 Θεὸς
1098 1483 1288 1561 ἔχιδνα
1337 1485 1551 1542 θ’ίκοθεν
1605 1486 1765 1564 ἀνερο

126 1574 380 1652 ῥιίγνυτο,
427 1576 517 1630 καὶ
566 1577 642 1638 ὡς
693 1576 799 1632 ἀπὸ
847 1577 1016 1652 πυρὸς
1066 1575 1365 1652 φλέγοντος
1415 1574 1760 1648 ἐξηλαύνετο,

124 1664 348 1740 αἰσχύνῃ
384 1685 442 1720 τε
486 1667 536 1719 οἱ
579 1663 748 1740 ταύτῃ
784 1662 851 1733 δὴ
902 1665 1329 1740 προσανέχοντες
1370 1663 1760 1722 ἐκαλύπτοντο.

125 1754 415 1827 Θιυμάτων
489 1753 594 1828 γὰρ
641 1755 733 1809 καὶ
787 1755 1083 1828 τεραστίων
1142 1755 1226 1809 ὅτι
1284 1753 1554 1810 πλείστων
1607 1753 1764 1830 ἐπιρ-

1873 597 2020 652 Asiaa
2063 596 2308 652 urbibus
2326 595 2662 666 peragratis,
2705 596 3054 668 Hierapolim
3089 597 3350 670 Phrygiae
3385 616 3524 672 per-

1871 686 2050 753 venit,
2101 685 2390 741 civitatem
2437 684 2767 756 opulentam
2835 689 3005 757 atque
3062 687 3372 756 celebrem,
3415 707 3520 745 no-

1875 774 2138 846 minique
2193 775 2377 846 ipsam
2429 791 2535 831 suo
2586 776 3055 846 respondentem.
3114 779 3270 834 Adeo
3319 783 3517 834 autem

1870 863 2042 920 idolis
2091 864 2323 920 addicta
2373 871 2515 932 erat,
2570 867 2632 919 ut
2680 863 2854 920 etiam
2898 865 3175 936 viperam,
3221 867 3516 939 impuram

1872 969 2334 1024 venenosamque
2367 955 2571 1021 feram,
2605 954 2859 1010 sacrario
2891 954 3198 1024 inclusam,
3232 960 3516 1030 tanquam

1871 1043 2054 1100 Deum
2105 1042 2408 1114 magniﬁco
2467 1043 2875 1115 praeciquoque
2931 1043 3088 1100 cultu
3133 1051 3516 1109 veneraretur,

1871 1131 2290 1204 sacriﬁciisque
2321 1133 2676 1204 quibusdam
2713 1133 2948 1201 foveret,
2982 1137 3039 1188 et
3070 1138 3191 1191 tota
3221 1135 3304 1190 illi
3350 1137 3519 1192 miri-

1872 1223 1978 1278 fice
2035 1221 2266 1278 addicta
2321 1226 2492 1278 esset.
2554 1222 2824 1278 Sedenim
2887 1239 3021 1278 cum
3080 1239 3146 1280 eo
3206 1225 3518 1296 apostolus.

1873 1311 2242 1383 pervenisset,
2301 1328 2418 1367 una
2466 1328 2600 1367 cum
2634 1329 2829 1368 sorore
2879 1329 2989 1368 sua
3031 1313 3520 1385 Mariamne,quae

1873 1417 2030 1470 eum,
2064 1417 2195 1456 cum
2227 1401 2447 1456 dudum
2483 1401 2656 1457 vitam
2689 1419 2790 1473 per
2812 1402 3206 1473 virginitatem
3249 1403 3359 1458 sibi
3394 1405 3519 1460 exi-

1871 1492 2120 1562 gendam
2150 1491 2473 1556 statuisset,
2529 1491 2912 1547 comitabatur
2945 1506 2958 1548 :
2993 1492 3192 1548 statim
3232 1493 3505 1550 idoloruc

1873 1579 2067 1635 cultus
2112 1579 2170 1634 in
2212 1596 2279 1635 ea
2318 1578 2552 1651 regione
2597 1580 2941 1648 exstinctus,
2987 1585 3045 1636 et
3073 1581 3386 1638 insolentia
3429 1584 3521 1638 in-

1872 1668 2191 1725 colentium
2242 1668 2320 1724 ibi
2370 1670 2690 1726 daemonum
2739 1673 2824 1725 est
2869 1669 3174 1726 labefacta.
3216 1671 3514 1740 Siquidem

1873 1759 2070 1829 vipera
2101 1757 2198 1813 illa
2229 1758 2381 1815 Deus
2403 1758 2712 1830 appellata,
2736 1775 2804 1814 ex
2834 1758 3131 1815 domicilio
3165 1775 3272 1816 suo
3303 1762 3515 1832 erupit,

124 1843 339 1916 ῥεόντων
372 1842 464 1899 διά
507 1865 564 1898 τε
615 1842 897 1899 Φιλίππου
928 1846 1017 1899 καὶ
1068 1846 1423 1918 Μαριάμνης,
1474 1845 1656 1905 στάσις
1685 1849 1752 1916 τᾷ

162 1932 178 1947 ς
213 1935 257 1947 ,η
375 1931 388 1947 .
471 1931 516 1947 ς.
597 1932 644 1947 ...
865 1935 878 1947 .
961 1935 974 1947 .
1107 1935 1119 1947 .
1254 1939 1275 1947 -
1340 1941 1369 1947 κ
1452 1935 1474 1947 ,ς
1517 1933 1536 1947 ς
1675 1933 1685 1947 .

1875 1855 1924 1903 et
1958 1848 2128 1918 quasi
2161 1849 2234 1903 ab
2265 1848 2504 1904 ardente
2533 1848 2668 1919 igne
2689 1848 3177 1920 profugit.lllicet,
3198 1850 3312 1920 'qui
3345 1851 3514 1908 illum

123 1932 311 2002 πλήθει
362 1931 734 2007 ἀνερριπίζετο
767 1951 780 1965 ’
833 1935 884 1988 οἱ
919 1935 1014 2006 μὶν
1063 1935 1160 2008 γὰρ
1211 1939 1289 2005 τῷ
1339 1933 1753 2006 Βαρθολομαίου

125 2022 200 2074 καί
227 2020 520 2077 Φιλίππου
552 2026 670 2094 Θεῷ
698 2023 1078 2098 προσετίθεντο
1114 2041 1124 2054 '
1177 2024 1246 2092 ἦν
1276 2023 1380 2097 γὰρ
1411 2022 1500 2077 καὶ
1550 2025 1757 2096 Βαρθο-

122 2113 345 2183 λομαῖος
401 2112 453 2183 ἐξ
513 2111 753 2188 ὑπογύου
813 2111 890 2176 εἰς
946 2110 1228 2186 συνεργίαν
1287 2111 1555 2184 Φιλίππῳ
1611 2113 1758 2186 παρά

119 2204 204 2254 τοῦ
233 2202 442 2277 Κυρίου
497 2198 817 2263 ἀκοσταλείς
856 2220 868 2233 ·
897 2201 948 2255 oi.
998 2199 1175 2256 δὲκαὶ
1223 2199 1300 2256 ἔτι
1346 2206 1416 2275 τῇ
1451 2198 1757 2274 δαιμονιώ-

121 2288 189 2346 δει
250 2291 535 2367 προλήψει
591 2293 1021 2366 προστετηκότες
1078 2292 1233 2360 ἦσαν.
1291 2293 1354 2346 Οἳ
1413 2292 1504 2346 καὶ
1563 2289 1757 2347 ἐπισύ-

116 2401 288 2436 στασιν
343 2383 738 2452 ποιησάμενοι.
801 2380 1137 2443 εἰσπεσόντες
1195 2379 1414 2454 ἁθρόον,
1473 2379 1754 2436 Φίλιππον

115 2472 201 2543 μὲν
261 2470 463 2526 ἐκεῖθέν
524 2473 684 2526 ποθεν
745 2468 1152 2544 διαπράσαντες,
1205 2472 1444 2545 καθαπερ
1496 2491 1548 2526 τι
1624 2468 1755 2543 σφά-

109 2582 216 2634 γιον
246 2559 336 2615 ἐπί
367 2581 516 2622 τινος
547 2562 728 2622 κίονος
771 2561 906 2615 κατά
937 2559 1182 2638 κεφαλῆς
1233 2560 1527 2634 ἀπῃώρουν
1562 2579 1574 2592 ο
1628 2566 1754 2632 Βαρ-

111 2650 406 2723 θολομαῖον
439 2647 499 2704 δὲ
541 2651 723 2724 ὄρθιον
757 2649 844 2704 ἐπὶ
899 2648 1066 2720 ξύλου
1115 2650 1253 2704 κατά
1297 2656 1489 2723 σχῆμα
1522 2652 1753 2722 σταυροῦ

111 2741 427 2815 ἀναρτόηιν.
489 2739 646 2795 Οὕτω
705 2736 752 2794 δ’
813 2737 1035 2814 ἔχοντες
1091 2740 1404 2818 σχήματος,
1462 2738 1750 2811 τρέπονται

113 2830 197 2900 μὶν
223 2829 298 2891 εἷς
330 2829 510 2907 εὐχήν
537 2847 552 2862 ο
591 2830 868 2884 ὑπενόστει
900 2827 958 2883 δὲ
989 2829 1016 2883 ὁ
1063 2833 1246 2903 χῶρνς
1278 2827 1432 2889 εὐθὺς
1465 2825 1540 2888 εἷς
1590 2828 1751 2900 βάθος

111 2919 362 2994 μέγιστον
397 2919 694 2988 συνιζάνων
730 2938 742 2950 ·
791 2923 1232 2994 συγκατεσπῶντο
1282 2915 1337 2973 δὲ
1383 2919 1435 2972 οἱ
1467 2915 1612 2973 λαοί.
1662 2918 1747 2974 Ἐν

109 3013 222 3082 χρῷ
252 3006 312 3064 δὲ
370 3005 624 3064 κινδύνου
675 3009 764 3064 καὶ
814 3010 849 3077 ἡ
899 3007 1062 3069 πόλις
1113 3011 1256 3062 πᾶσα
1302 3008 1612 3062 καθίστατο.
1651 3005 1750 3062 Αί-

107 3099 355 3170 σθόμενοι
409 3096 467 3154 δὲ
515 3099 568 3153 οἱ
610 3098 1044 3174 περιλειφθέντες
1096 3097 1169 3157 ὡς
1218 3095 1417 3158 ἔκτισις
1469 3093 1746 3158 ἀπωλείας

103 3191 190 3252 τῆς
223 3188 301 3252 εἷς
334 3191 467 3251 τοὺς
521 3188 721 3262 μύστας
767 3191 1000 3262 Χριστοῦ
1043 3185 1325 3261 παροινίας
1370 3185 1536 3240 ταῦταὶ
1577 3185 1739 3255 ἐστιν,

1872 1942 2028 1993 tanto
2061 1936 2275 2001 fstudio
2310 1935 2631 2006 coluerant,
2681 1938 2901 2008 pudore
2934 1937 3120 1993 ati‘ecti
3165 1954 3293 1995 sese
3323 1942 3516 1996 occul-

1867 2031 2008 2084 tant.
2055 2028 2336 2082 Caeterum
2387 2041 2518 2080 cum
2569 2026 3007 2098 quamplurima
3056 2045 3090 2083 a
3138 2026 3408 2100 Philippo
3459 2035 3518 2086 et

1866 2114 2186 2172 Mar-iamne
2229 2113 2514 2170 miracula
2543 2114 2872 2182 ederentur,
2907 2115 3119 2171 seditio
3156 2116 3217 2172 in
3249 2117 3517 2174 multitu-

1866 2204 2002 2261 dine
2044 2203 2322 2261 exoritur.
2363 2202 2581 2258 Partim
2629 2203 2784 2258 enim
2834 2203 3234 2261 Bartholomaai
3283 2210 3342 2262 et
3379 2207 3513 2262 Phi-

1866 2292 2010 2364 lippi
2056 2292 2171 2348 Deo
2220 2291 2594 2347 adhaerebant
2654 2291 2748 2362 (ex
2805 2292 3127 2363 propinquo
3169 2293 3324 2349 enim
3371 2296 3512 2350 Bar-

1864 2379 2212 2437 tholomaaus
2284 2378 2549 2449 Philippo
2607 2396 2640 2434 a
2700 2378 2944 2434 Domino
3017 2379 3230 2436 auxilio
3287 2381 3507 2437 missus

1864 2469 2089 2540 fuerat),
2122 2469 2333 2541 partim
2364 2483 2497 2524 vero
2518 2468 3007 2541 deemouiacm,per
3031 2469 3508 2540 anticipationem

1863 2561 2155 2631 conceptae
2187 2556 2631 2630 praesumptioni
2663 2557 2869 2614 intenti
2916 2558 3329 2629 permanebant
3363 2575 3376 2616 :
3411 2559 3510 2630 qui

1861 2647 2034 2705 etiam
2066 2645 2563 2718 conjurationezet
2609 2646 2854 2704 coitione
2897 2647 3064 2717 facta,
3099 2663 3234 2704 eum
3285 2648 3509 2720 impetu

1861 2753 2099 2809 prorsus
2163 2735 2223 2791 in
2289 2735 2586 2808 apostolos
2642 2735 2892 2804 irruunt,
2969 2736 3170 2808 eisque
3236 2738 3508 2810 arreptis,

1859 2826 2200 2899 Philippum
2250 2825 2488 2897 quidem
2538 2830 2813 2896 tanquam
2862 2826 3159 2882 victimam
3191 2827 3505 2896 quamdam

1860 2917 1920 2973 in
1978 2915 2255 2973 columna
2323 2916 2506 2985 capite
2573 2915 2964 2987 suspendunt,
3018 2915 3501 2972 Bartbolommum

1861 3010 2056 3063 autem
2087 3005 2371 3062 directum
2399 3004 2459 3060 in
2502 3004 2727 3075 lignum
2754 3005 2868 3060 sub
2897 3005 3087 3061 crucis
3117 3005 3301 3060 forma
3322 3008 3504 3075 agunt

1860 3093 2016 3150 20]
2081 3095 2268 3165 Atque
2307 3092 2393 3150 illi
2452 3092 2665 3148 talibus
2691 3093 2876 3149 affecti
2910 3091 3234 3164 suppliciis,
3267 3093 3336 3148 ad
3370 3110 3500 3164 pre-

1859 3183 2433 3253 ceslconvertuntur.
2481 3181 2729 3238 Cedebat
2765 3185 2960 3238 autem
2991 3181 3183 3236 statim
3216 3181 3397 3246 locus,
3439 3180 3496 3235 in

101 3276 314 3347 ἐξάπινα
347 3280 541 3342 πάντες
569 3279 672 3347 τήν
714 3279 851 3332 κατὰ
880 3277 1110 3350 Χριστὸν
1156 3275 1463 3346 ἠσπάζοντο
1508 3274 1687 3330 πίστιν
1723 3294 1735 3308 ·

1863 3271 2103 3328 multam
2119 3271 2491 3327 altitudinem
2523 3269 3166 3342 subsidens,simulque
3181 3269 3496 3327 multitudo

100 3372 178 3420 καί
210 3370 238 3422 ό
290 3371 391 3442 μὶν
441 3366 852 3441 Βαρθολομαῖος
901 3371 1008 3422 τῶν
1061 3362 1272 3436 δεσμῶν
1327 3363 1590 3419 ἀπελύετο
1624 3383 1638 3396 ·
1681 3365 1739 3425 ὃς

97 3457 178 3511 τὸν
211 3462 463 3533 γενναῖον
514 3457 797 3512 Φίλιππον
848 3457 1012 3518 ὁσίως
1059 3459 1358 3526 τηνικαῦτα
1403 3459 1483 3525 τῷ
1534 3473 1739 3528 μαρτυ-

101 3547 191 3618 pqu
216 3546 584 3602 τελειωθέντα
628 3549 700 3618 τῇ
750 3551 824 3621 γῇ
875 3545 1259 3618 καταθέμενος,
1289 3546 1380 3598 καὶ
1429 3545 1528 3611 τήν
1576 3541 1738 3598 πόλιν

101 3639 262 3690 πᾶσαν
339 3635 582 3715 murrina:
671 3636 762 3689 καὶ
847 3635 1064 3708 Χριστῷ
1148 3630 1540 3706 παραθέμενος,
1611 3630 1743 3704 μετὰ

98 3725 322 3797 χρόνους
360 3725 413 3786 ἐς
459 3723 680 3799 ὕστερον
727 3723 817 3779 καὶ
863 3724 1044 3792 αὐτὸς,
1076 3721 1130 3777 έν
1181 3717 1595 3792 Οὐρϐανοπόλει
1642 3727 1740 3789 τῆς

99 3812 342 3869 Κιλίκων
403 3813 671 3892 ἐπαρχίας
752 3818 964 3886 σταυρῷ
1022 3812 1189 3868 πάλιν
1261 3812 1551 3881 ἀνατιθεῖς,
1609 3810 1744 3882 πρὸς

93 3904 178 3956 τὸν
212 3906 392 3976 μόνον
421 3903 760 3976 ποθούμενον
793 3902 1077 3977 ἀνατρέχει
1110 3901 1370 3976 Χριστόν.

1848 3362 2310 3432 demergebatur,
2359 3370 2531 3434 atque
2589 3361 2672 3418 ita
2716 3362 2773 3416 in
2832 3377 3130 3417 summum
3187 3365 3307 3417 tota
3354 3361 3494 3416 urbs

1847 3452 2062 3508 decidit
2092 3450 2431 3522 periculum.
2478 3450 2581 3519 lbi,
2628 3451 2728 3522 qui
2775 3450 2981 3522 reliqui
3011 3455 3194 3518 erant,
3235 3449 3494 3505 sentien-

1849 3544 1934 3596 tes
1966 3540 2279 3610 perniciem
2311 3544 2368 3594 et
2402 3539 2652 3604 cladem,
2676 3555 2804 3594 eam
2836 3539 3154 3593 vindictam
3187 3553 3311 3591 esse
3339 3537 3490 3606 ejus.

1849 3647 1976 3702 quas
2013 3629 2074 3684 in
2113 3646 2312 3685 sacros
2350 3627 2563 3682 Christi
2598 3627 2895 3683 ministros
2936 3624 3350 3680 contumeliose
3381 3641 3490 3694 pa-

1850 3723 2004 3774 trata
2035 3717 2223 3771 fuerat
2256 3715 2488 3785 injuria,
2522 3715 2828 3771 confestim
2853 3730 3056 3769 omnes
3077 3715 3245 3769 fidem
3280 3711 3493 3768 Christi

1849 3804 2182 3876 suscipiunt
2214 3823 2225 3860 :
2266 3809 2324 3860 et
2359 3804 2820 3860 Bartholomaeus
2852 3804 2924 3858 ab
2969 3802 3052 3858 eis
3103 3802 3351 3860 vinculis
3383 3803 3496 3857 sol-

1850 3896 2020 3961 vitur,
2051 3894 2146 3964 qui
2180 3893 2448 3965 Philippo
2485 3896 2687 3949 sancte
2718 3892 3058 3962 fortiterque
3089 3895 3213 3946 tum
3248 3890 3494 3961 matyrio

92 3993 392 4062 defuncto,
435 3993 750 4066 sepultum
799 3993 1016 4050 honore
1067 3991 1310 4065 praestio,
1350 3996 1408 4046 et
1456 3990 1596 4046 urbe
1655 3991 1775 4044 tota
1826 3984 2135 4043 illustrata,
2173 3981 2520 4052 Christoque
2568 3981 2777 4044 dicata,
2830 3979 3127 4050 aliquanto
3179 3983 3313 4051 post
3342 3982 3494 4033 tem-

87 4103 214 4156 pore
291 4084 650 4155 Urbenopoli
718 4083 1026 4155 provinciae
1089 4082 1334 4138 Ciliciaer
1413 4081 1474 4135 in
1523 4093 1756 4134 crucem
1807 4091 2013 4132 rursus
2072 4076 2258 4141 actus,
2325 4072 2420 4137 ad,
2488 4068 2657 4126 unice
2724 4068 3117 4124 desideratum
3191 4068 3490 4126 Christum

86 4177 383 4249 migravit.

727 4285 980 4335 ΚΕΦΑΛ.
1024 4285 1106 4333 M'.

85 4388 236 4459 Περὶ
281 4391 510 4460 enipi,
541 4381 858 4470 Ἰακώϐου
896 4389 1012 4470 1:01;)
1052 4387 1109 4440 ’Δ
1131 4384 1400 4470 λῗαίου,
1433 4382 1738 4470 Σιξωινός

142 4452 211 4514 τέ
269 4452 414 4514 τοῖί
451 4452 795 4526 Ζηλωτοῦ,
835 4455 1052 4512 Ἰούδα
1105 4452 1222 4510 τοῦ
1278 4452 1394 4526 καὶ
1431 4452 1739 4522 Λεϐαίου,

145 4533 259 4586 καὶ
305 4525 639 4602 Ματθίου,
677 4534 796 4586 τοῦ
834 4529 982 4585 ἀντὶ
1020 4533 1138 4584 τοῦ
1178 4525 1516 4602 προδότου
1556 4545 1743 4581 κατα·
1776 4546 1821 4609 D

148 4603 510 4678 λεγέντος.

144 4716 332 4784 Θωμᾶ
365 4707 423 4764 δὲ
465 4713 564 4764 τοῦ
594 4708 682 4762 καὶ
735 4705 976 4781 Διδύμου
1014 4712 1134 4768 πῶς
1185 4707 1244 4762 ἃν
1293 4703 1743 4780 παραδράμοιμεν

77 4803 199 4866 τοὺς
247 4805 579 4876 περιμανεῖς
611 4797 702 4854 διὰ
750 4801 978 4873 Χριστὸν
1028 4793 1231 4873 ἔρωτας
1261 4820 1276 4869 ;
1305 4798 1366 4860 ’ὸς
1418 4795 1485 4865 δὴ
1531 4797 1738 4852 καὶτὸν

75 4893 155 4947 ἐπ’
197 4891 485 4952 Αἰθίοπας
529 4891 623 4944 καὶ
667 4887 873 4951 Ἰνδοὺς
915 4888 1124 4964 κλῆρον
1180 4889 1398 4966 λαχὼν,
1448 4887 1584 4962 πρὸς
1641 4888 1740 4955 τήν

74 4980 300 5052 πορείαν
369 4976 683 5032 ἀποκναίων
734 4979 800 5046 ἦν
841 4977 930 5032 καὶ
986 4974 1398 5050 ἀναδυόμενος·
1453 4977 1515 5031 τὸ
1576 4975 1744 5047 μέλαν

72 5073 153 5124 καῖ
204 5069 544 5141 δύσμορφον
591 5073 691 5136 τῆς
725 5063 926 5140 ὅψεως,
972 5068 1108 5140 πρὸς
1157 5063 1214 5121 δὲ
1261 5066 1350 5120 καὶ
1393 5065 1456 5120 τὸ
1503 5067 1599 5118 τοῦ
1648 5067 1742 5117 νοῦ

75 5157 323 5236 ζοφῶδες
381 5158 473 5211 καὶ
526 5153 797 5211 δύσκολον
849 5155 1262 5229 ἐκτρεπόμενος,
1310 5156 1410 5222 τήν
1457 5154 1594 5228 πρὸς
1646 5153 1741 5207 αὐ-

71 5255 193 5314 τοὺς
227 5250 424 5330 ἄφιξιν
470 5241 789 5305 ἀνεϐάλετο.
825 5248 1116 5324 Ἐμφανῶς
1164 5243 1209 5300 δ’
1241 5247 1268 5301 ὁ
1301 5244 1494 5300 κάλλει
1540 5245 1741 5317 ὡραῖος

73 5345 220 5412 σύτῷ
271 5339 582 5413 παραστὰς,
633 5337 918 5412 ἀνηρέθιζε
964 5345 1064 5406 τῆς
1120 5335 1396 5400 διακονίας
1451 5336 1746 5391 ἀντιποιεῖ-

72 5433 185 5486 σθαι
225 5454 241 5466 ·
282 5429 388 5484 καί
416 5449 476 5504 γε
522 5425 796 5504 τάσφαλὲς
844 5427 1188 5500 πρυτανεύων
1235 5428 1302 5494 ἦν
1337 5447 1349 5459 ο
1403 5425 1635 5480 συνεῖναί
1687 5445 1742 5478 τε

71 5523 216 5593 αύτῷ
252 5519 359 5575 διὰ
392 5519 519 5591 βίου
549 5519 640 5572 καὶ
671 5521 768 5571 τοῦ
809 5515 979 5572 ἄθλου
1029 5515 1370 5590 σῦναίρεσθαι
1403 5537 1416 5548 ’

71 5612 152 5666 ui
213 5629 333 5664 τινι
393 5611 502 5662 τῶν
562 5607 865 5678 Αἰθιόπων,
923 5609 1005 5668 οἷς
1066 5605 1365 5680 ἐμπορικὸς
1418 5607 1507 5660 καὶ
1562 5605 1743 5673 ἥττων

70 5699 306 5777 κέρδους
358 5697 392 5750 ὁ
443 5696 586 5773 βίος,
631 5701 824 5756 τοῦττν
873 5693 1277 5755 διαπιποάσκει.
1331 5695 1431 5754 Καὶ
1482 5695 1627 5751 οὕτω
1673 5691 1742 5765 δὴ

1468 5515 1660 5588 ἀμέλει
1690 5536 1743 5569 τι

2483 4268 2723 4326 CAPUT
2763 4269 2878 4323 XL.

1852 4381 1924 4434 De
1962 4379 2186 4443 Thoma,
2231 4377 2424 4435 Iacobo
2475 4378 2708 4449 Alphzi,
2782 4377 3001 4449 Simone
3067 4377 3280 4449 iZelote,
3331 4378 3493 4441 Iuda,

1923 4451 2020 4522 qui
2073 4462 2123 4507 et
2155 4451 2406 4506 Lebbzeus
2456 4448 2548 4504 est
2591 4449 2766 4504 dictus
2793 4464 2814 4510 ,°
2870 4448 3014 4504 etde
3057 4448 3277 4502 Malthiu
3306 4451 3406 4518 qui
3439 4452 3493 4502 in

1923 4521 2100 4579 locum
2125 4522 2420 4594 proditoris
2449 4529 2524 4576 est
2550 4521 2906 4590 subrogatus.

1922 4702 2216 4768 Quomodo
2239 4704 2434 4757 autem
2459 4700 2718 4772 Thomas,
2779 4701 2880 4772 qui
2911 4707 2965 4756 et
2993 4699 3275 4774 Didymus
3305 4698 3496 4754 dictus

1851 4799 1956 4859 est,
1987 4791 2571 4848 vehementissimum
2622 4792 2683 4846 in
2737 4791 3033 4846 Christum
3091 4805 3348 4845 amorem
3382 4804 3494 4859 pra:

1851 4881 2192 4936 tereamus?
2222 4881 2319 4952 qui
2376 4881 2674 4952 Ethiopes
2721 4883 2778 4937 et
2825 4879 2998 4936 Indos
3030 4882 3273 4934 sortitus
3304 4896 3336 4933 a
3368 4893 3496 4949 pro—

1851 4969 2095 5026 fectione
2119 4987 2184 5025 ea
2223 4970 2532 5035 abborens,
2564 4985 2692 5026 sese
2740 4969 3140 5025 subducebat:
3175 4967 3494 5039 nigrosque

1850 5063 1907 5115 et
1937 5059 2228 5115 deformes
2283 5076 2475 5116 earnm
2523 5059 2780 5130 gentium
2831 5057 3050 5125 vultus,
3101 5061 3494 5128 prestereaque

1851 5148 2198 5219 caliginosae
2229 5155 2401 5221 atque
2430 5147 2824 5204 intractabiles
2856 5163 3058 5202 earum
3084 5151 3309 5203 mentes
3340 5161 3498 5200 aver-

1851 5255 2011 5304 sans,
2049 5240 2156 5294 iter
2209 5241 2281 5296 ab
2333 5256 2428 5294 eos
2479 5253 2650 5293 suum
2699 5237 3020 5293 differebat.
3081 5238 3286 5307 Aperte
3317 5235 3496 5306 igitur

1852 5333 1907 5383 et
1937 5328 2090 5383 clare
2136 5329 2212 5395 ei,
2259 5330 2305 5382 is
2363 5328 2464 5399 qui
2512 5329 2698 5383 forma
2745 5326 3047 5398 speciosus
3104 5331 3214 5392 est,
3248 5325 3492 5389 assistit,

1851 5435 2101 5488 eumque
2124 5420 2192 5472 ad
2230 5419 2617 5473 ministerium
2651 5433 2825 5470 suum
2850 5417 3266 5487 capessendum
3299 5413 3494 5468 cohor-

1852 5513 2026 5564 tatur.
2063 5511 2124 5564 Et
2178 5515 2235 5564 ut
2275 5513 2496 5564 certum
2529 5522 2912 5576 securumque
2946 5506 3227 5572 redderet,
3260 5520 3393 5558 cum
3425 5520 3492 5559 eo

1853 5615 1915 5653 se
1942 5615 2041 5667 per
2071 5601 2246 5653 vitam
2276 5614 2508 5653 omnem
2540 5599 2821 5656 futurum,
2864 5596 3255 5663 auxiliumque
3287 5593 3345 5647 in
3368 5609 3490 5648 cer-

1851 5687 2176 5746 taminibus
2200 5688 2451 5746 laturum
2485 5686 2812 5760 pollicetur.
2844 5685 2997 5754 Quin
3053 5682 3226 5740 etiam
3256 5681 3490 5742 cuidam
