4084 6208
466 325 588 390 863

1753 337 2174 402 NICEPHORI
2216 341 2572 404 CALLISTI

3751 333 3878 394 864

469 489 540 531 ex
567 474 961 549 Ethiopibus,
993 475 1210 548 quibus
1238 492 1309 532 ex
1361 481 1688 534 mercatura
1718 476 1898 534 lucris
1925 477 2109 533 inser-

2245 476 2320 544 τήν
2371 475 2452 530 ἐπ’
2505 475 2766 538 Αἰθίοπας
2817 472 3028 531 εἶ’σοδον
3077 473 3340 531 ἐποιεῖτο.
3385 471 3666 527 Ἐντεῦθεν
3716 474 3882 542 Σμινο

470 565 632 622 viens
660 573 746 622 est
803 565 940 631 vita,
996 570 1060 622 ut
1112 566 1398 624 vendatur
1438 567 1649 635 ell'ecit,
1689 571 1864 638 atque
1922 567 2003 623 ita
2062 566 2115 623 ei

472 656 698 712 aditum
725 655 797 710 ad
845 653 1146 726 IEthiopes
1177 655 1336 712 facit.
1370 656 1506 712 Inde
1537 657 1598 713 in
1639 656 1894 713 notitiam
1925 657 2120 712 Smin-

474 743 606 809 dmi,
637 743 892 815 regionis
921 745 1050 816 ejus
1098 743 1404 816 principis,
1437 761 1681 816 regnum
1723 744 1810 800 illi
1840 743 2116 800 caelorum

473 831 906 889 studiosissime
953 848 1185 904 parans,
1236 833 1522 904 pervenit,
1564 837 1620 890 et
1651 833 1950 891 miraculis
1995 849 2123 905 pro-

473 919 764 992 digiisque
795 921 1070 978 maximis
1093 921 1356 991 Parthos,
1388 922 1604 993 Medos,
1625 921 1822 992 Indos,
1853 922 2124 994 ipsosque

471 1008 770 1082 Ethiopes
799 1009 861 1065 in
918 1010 1362 1068 admirationem
1427 1012 1682 1069 adducit.
1711 1011 1947 1079 Adhaec,
1993 1011 2126 1082 qui-

475 1113 704 1170 cunque
746 1098 805 1154 in
855 1102 1116 1156 extrema
1165 1099 1414 1157 Orientis
1465 1117 1585 1170 ora,
1637 1104 1694 1156 et
1723 1100 1798 1157 ad
1847 1100 2122 1156 ultimum

473 1187 769 1243 Oceanum
821 1186 1022 1244 colunt
1053 1204 1068 1242 :
1098 1188 1352 1244 insulam
1409 1205 1640 1260 quoque
1697 1206 1864 1261 quam
1909 1194 2123 1260 Tapro~

477 1275 688 1331 banem
739 1285 962 1346 vocant,
993 1283 1340 1349 gentemque
1380 1279 1810 1335 Brachmanum
1844 1277 2124 1350 praedica-

477 1364 636 1421 tione
667 1365 821 1421 verbi
874 1365 1148 1424 illustrat.
1181 1367 1557 1440 Templisque
1588 1368 1799 1438 ubique
1830 1367 2124 1434 maximis,

2221 563 2360 638 δαίῳ
2405 571 2485 638 τῷ
2530 573 2631 636 τῆς
2681 566 2872 642 χώρας
2920 563 3152 641 ἄρχοντι
3197 565 3512 619 καθίσταται
3568 560 3880 635 γνώριμος,

2221 654 2571 730 λεπτουργῶν
2617 655 2806 729 ἐκείνῳ
2855 656 2908 711 ἐν
2969 657 3225 727 οὐρανοῖς
3283 653 3351 707 τὰ
3411 649 3698 727 βασίλεια.
3750 649 3882 704 91'3-

2225 766 2357 818 μασι
2388 743 2446 801 δὲ
2490 747 2578 800 καὶ
2627 745 2866 821 τεράτων
2913 744 3168 818 ἐξαισίοις
3215 737 3394 820 ἔργοις
3448 741 3731 816 Πάρθους,
3776 739 3884 809 Iri-

2222 832 2349 897 δους
2377 855 2436 889 τε
2463 835 2554 889 καὶ
2599 833 2824 900 Ἰνδοὺς,
2875 835 3012 908 πρὸς
3045 830 3101 888 δὲ
3147 832 3241 887 καὶ
3274 829 3544 892 Αἰθίοπας
3597 825 3885 896 καταπλή-

2221 925 2314 993 ξας
2343 943 2356 956 ·
2391 921 2480 979 ἐπὶ
2533 921 2599 992 δὴ
2631 923 2847 986 τούτοις
2891 924 3018 978 ὅσοι
3044 941 3104 976 τε
3144 919 3214 975 τὰ
3261 916 3400 994 ἄκρα
3437 925 3541 990 τῆς
3593 919 3742 990 ἑῴας
3789 919 3884 990 γῆς

2224 1011 2432 1086 ἔλαχον
2463 1017 2762 1082 κατοικεῖν,
2793 1015 2883 1067 καὶ
2912 1013 2980 1066 τὰ
3011 1009 3216 1066 ἔσχατα
3245 1011 3341 1063 τοῦ
3371 1011 3639 1065 Ὠκεανοῦ
3695 1005 3838 1078 μέρη
3868 1025 3883 1040 ·

2222 1105 2392 1171 νῆσόν
2421 1123 2480 1156 τε
2504 1103 2566 1170 ἣν
2619 1097 2984 1176 Ταπροῦἀνην
3035 1098 3288 1166 καλοῦσι,
3315 1096 3408 1152 καὶ
3455 1097 3519 1152 τὸ
3549 1099 3664 1151 τῶν
3699 1101 3884 1166 Βραχο

2229 1190 2413 1264 μάνων
2457 1187 2612 1252 ἔθνος
2662 1188 2813 1263 αύτῷ
2857 1187 2988 1244 εἷ’σω
3047 1189 3276 1261 θέμενος
3319 1190 3418 1242 τοῦ
3469 1184 3839 1258 κηρύγματος
3868 1203 3883 1215 ⁸

2223 1281 2364 1342 νεώς
2421 1299 2478 1335 τε
2537 1278 2826 1356 μεγίστους
2884 1279 3224 1352 ἁπανταχοῦ,
3269 1276 3359 1332 καὶ
3415 1274 3603 1330 τᾶλλα
3659 1272 3767 1327 ὅσα
3824 1268 3884 1341 δὴ

2226 1374 2471 1442 προσῆκε
2518 1368 2998 1440 καταστησάμενος
3045 1369 3226 1439 ἱερῶς,
3269 1363 3324 1420 ἐν
3377 1365 3590 1438 ὑστέρῳ
3647 1360 3887 1438 λόγχαις

481 1453 730 1526 aliisque
749 1471 850 1528 pro
881 1472 948 1512 eo
971 1459 1145 1529 atque
1175 1457 1420 1514 decebat
1434 1458 1608 1513 rebus
1631 1456 1905 1514 omnibus
1927 1465 2125 1513 sancte

2245 1456 2538 1531 Βιατρηθεὶς
2586 1457 2688 1526 τήν
2735 1455 2995 1532 πλευρὰν,
3042 1457 3180 1530 πρὸς
3225 1455 3318 1510 τὸν
3375 1453 3436 1508 οὗ
3489 1455 3594 1523 τήν
3650 1453 3890 1524 πλευρὶν

482 1543 788 1612 ordinatis,
837 1550 1134 1617 postremo
1177 1545 1396 1602 lanceis
1458 1545 1610 1602 latus
1671 1547 2002 1612 confossus,
2052 1545 2126 1602 ad

2245 1545 2581 1625 ἐψηλάφησε,
2635 1545 3014 1619 μετεχώρησε.
3062 1543 3168 1600 Ναὶ
3223 1545 3333 1617 μὴν
3383 1543 3474 1598 καὶ
3528 1543 3559 1597 ὁ
3619 1545 3724 1596 τοῦ
3770 1539 3890 1596 Ἀλο

483 1645 616 1686 eum
683 1633 852 1703 cujus
921 1635 1047 1706 ipse
1113 1639 1556 1706 pertrectaverat
1623 1635 1796 1704 latus,
1850 1635 2126 1706 pervenit.

2245 1637 2396 1714 palen
2438 1630 2724 1698 Ἰάκωϐος,
2759 1637 2837 1696 εἷς
2867 1631 2926 1688 δὲ
2972 1633 3062 1692 καὶ
3110 1633 3270 1696 οὗτος
3319 1637 3426 1687 τῶν
3475 1629 3720 1700 δώδεκα,
3762 1630 3892 1685 κατὰ

485 1719 646 1778 202
678 1721 851 1780 Porro
895 1725 1145 1781 Jacobus
1187 1725 1364 1781 etiam
1408 1725 1629 1798 Alphasi
1677 1724 1854 1792 illius,
1903 1733 1957 1781 et
2005 1725 2129 1796 ipse

2245 1727 2331 1795 τὴν
2375 1729 2473 1779 τοῦ
2522 1721 2754 1800 ἄγοντος
2805 1723 2966 1778 αὐτὸν
3018 1721 3229 1798 βουλήν
3277 1743 3334 1778 τε
3382 1721 3474 1776 καὶ
3517 1721 3756 1796 ⁴ἡγεσίσιν
3801 1725 3891 1774 τοῦ

482 1826 552 1866 ex
580 1812 890 1869 duodecim
912 1813 1034 1869 illis
1065 1831 1240 1882 unus,
1263 1815 1424 1886 juxta
1451 1815 1578 1886 ejus
1601 1814 1700 1886 qui
1732 1830 1864 1870 eum
1899 1815 2129 1885 regebat

2245 1819 2512 1885 ζωοποιοῦ
2565 1813 2904 1887 Πνεύματος,
2941 1815 3149 1888 μακρὰν
3199 1813 3278 1884 τῴ
3328 1811 3544 1884 σώματι
3596 1810 3716 1865 τῶν
3759 1809 3891 1864 ἀπο-

481 1899 738 1970 Spiritus
767 1901 955 1957 sancti
993 1902 1351 1960 voluntatem
1396 1909 1452 1960 et
1480 1904 1747 1973 ductum,
1793 1903 1866 1957 ab
1896 1907 2128 1975 aposto-

485 1987 675 2044 lorum
724 2005 962 2062 corpore
1007 1993 1330 2062 sejunctus,
1385 1997 1546 2048 Gaza:
1597 1993 1878 2064 primum,
1920 1992 2128 2048 deinde

488 2077 938 2150 Eleutheropoli,
974 2084 1032 2136 et
1079 2080 1138 2136 in
1184 2081 1392 2138 vicinis
1435 2081 1516 2137 ibi
1545 2082 1889 2139 eorumdem
1939 2097 2127 2154 popu-

486 2164 678 2224 lorum
709 2168 1043 2226 civitatibus
1089 2185 1347 2241 versans,
1389 2171 1638 2227 maxime
1663 2175 1916 2243 ,queque
1947 2169 2129 2226 mira-

485 2255 618 2313 cula
647 2257 765 2312 edit
794 2275 808 2313 :
843 2261 898 2313 et
920 2258 1252 2316 coelestibus
1273 2260 1526 2332 Spiritus
1547 2261 1734 2316 sancti
1764 2259 2131 2316 sermonibus

486 2345 559 2401 ab
583 2362 648 2401 eo
670 2352 878 2417 pacata
896 2348 1145 2418 quadam
1175 2354 1233 2406 et
1260 2349 1466 2405 inermi
1497 2349 1549 2406 vi
1572 2350 1644 2405 ad
1675 2354 1880 2420 gentes
1901 2348 2131 2417 delatis,

489 2433 891 2491 testimonium
950 2436 1109 2508 regni
1179 2436 1395 2492 Christi
1455 2437 1710 2492 maxima
1775 2437 2136 2492 incrementa

489 2524 666 2596 capit.
698 2525 957 2582 Posthasc
1003 2527 1077 2582 ad
1127 2527 1421 2600 Egyptios
1468 2533 1902 2599 extremamque
1930 2544 2132 2584 eorum

491 2613 788 2686 regionem
825 2615 1195 2686 perveniens,
1227 2623 1285 2674 et
1314 2618 1622 2674 Christum
1670 2618 2031 2674 Servatorem
2079 2620 2138 2674 et

490 2701 678 2759 Deum
751 2719 882 2760 esse
939 2706 1319 2768 annuntians,
1395 2709 1463 2763 ad
1516 2709 1716 2763 urbem
1761 2707 1996 2762 tandem
2051 2705 2134 2761 cri

491 2792 802 2848 Ostracine
852 2810 1062 2850 nomen
1107 2803 1214 2863 est,
1264 2795 1404 2852 adit.
1445 2799 1634 2868 Atque
1685 2796 1764 2852 ibi
1815 2812 1946 2851 cum
1993 2795 2138 2852 satis

491 2880 662 2952 longo
678 2885 939 2955 tempore
964 2884 1219 2955 vixisset,
1235 2885 1628 2958 periculisque
1643 2890 1699 2944 et
1719 2884 2138 2942 certaminibus

492 2968 766 3042 plurimis
795 2972 1166 3030 conﬂictatus
1193 2979 1367 3045 esset,
1404 2977 1640 3032 tandem
1675 2975 1750 3032 ad
1782 2975 2137 3031 conﬁrman-

495 3059 632 3114 dam
688 3075 888 3118 eorum
937 3079 1086 3134 quos
1131 3063 1404 3120 docuerat
1467 3063 1745 3132 salutem,
1812 3062 1964 3119 cruci
2017 3064 2142 3134 ipse

497 3165 726 3222 quoque
772 3169 806 3208 a
861 3153 1241 3224 quibusdam,
1319 3155 1421 3227 qui
1471 3155 1646 3211 verbo
1689 3153 1820 3210 ﬁdei
1868 3153 2143 3209 adversa-

2238 1903 2446 1960 στόλων
2504 1904 2818 1978 γενόμενος,
2876 1901 2928 1958 ἐν
2993 1904 3136 1976 Γάζῃ
3202 1901 3294 1974 μὲν
3365 1905 3586 1976 πρῶτα,
3649 1901 3772 1954 εἶτα
3843 1897 3889 1952 ἐν

2237 1991 2745 2068 Ἐλευθερουπόλει,
2802 1992 2895 2047 καὶ
2965 1997 3088 2054 ταῖς
3158 1989 3330 2046 ἐκεῖσε
3399 1988 3717 2064 περιοίκοις
3786 1992 3889 2043 τῶν

2240 2083 2539 2158 ὁμοφύλων
2585 2081 2782 2137 πόλεσι
2830 2079 3136 2155 διατρίψας,
3173 2079 3429 2156 τεράστια
3473 2077 3612 2134 ἅττα
3666 2079 3892 2154 μέγιστα

2240 2171 2581 2250 διεπράξατο.
2627 2173 2863 2246 Ῥήμασι
2914 2167 2972 2225 δὲ
3025 2168 3340 2244 Πνεύματος
3391 2169 3548 2244 ἁγίου
3603 2167 3891 2244 ὑπερφυέσι

2239 2262 2376 2337 πρὸς
2423 2260 2554 2323 τοὺς
2611 2259 2662 2334 ἐξ
2721 2258 2889 2315 ἐθνῶν
2946 2257 3277 2336 ἐπεισφέρων
3335 2257 3495 2332 ἰσχύϊ
3549 2255 3783 2331 ἀμάχῳ,
3832 2255 3892 2310 1:6

2241 2352 2543 2426 μαρτύριον
2590 2357 2694 2420 τῆς
2751 2352 2988 2423 Χριστοῦ
3039 2347 3322 2423 βασιλείας
3369 2345 3572 2420 ἄριστα
3619 2343 3888 2401 ἐπεδίδου.

2241 2439 2507 2496 Ἐντεῦθεν
2570 2442 2638 2511 τῇ
2688 2437 2950 2512 Αἰγύπτῳ
3004 2431 3357 2511 προσϐαλὼν,
3409 2433 3500 2490 καὶ
3555 2439 3682 2492 ταῖς
3742 2433 3926 2506 ἐσχα-·

2239 2533 2383 2591 τιαῖς
2430 2525 2622 2598 αὑτῆς,
2653 2528 2748 2582 τὸν
2797 2526 3036 2599 Χριστὸν
3077 2527 3293 2596 Ἰησοῦν
3339 2527 3576 2599 Σωτῆρα
3623 2523 3721 2577 καὶ
3767 2523 3894 2577 Θεὸν

2243 2617 2752 2694 εὐαγγελισάμενος,
2808 2616 2872 2672 τὸ
2926 2615 3238 2670 τελευταῖον
3294 2612 3386 2670 ἐπὶ
3440 2615 3512 2686 τῇ
3569 2612 3892 2686 ὈστριικίνῖΙ

2247 2705 2521 2784 λεγομένῃ
2553 2703 2714 2760 πόλει
2745 2705 3054 2779 γενόμενος,
3086 2702 3286 2776 πολλῷ
3315 2707 3398 2776 τῷ
3431 2703 3625 2778 χρόνῳ
3655 2702 3756 2765 τὰς
3782 2697 3896 2755 δια-

2243 2792 2436 2870 τριϐὰς
2491 2796 2662 2850 ἐκεῖσε
2717 2792 3036 2864 πεποιηκώς
3070 2813 3084 2826 ·
3143 2789 3416 2855 κινδύνοις
3479 2811 3542 2846 τε
3619 2791 3734 2862 ἅμα
3807 2789 3894 2844 καὶ

2247 2885 2434 2947 ἄθλοις
2467 2885 2542 2946 ὡς
2573 2883 2852 2944 πλείστοις
2893 2880 3239 2952 ἐνηθληκὼς,
3271 2880 3492 2958 ὕστερον
3526 2879 3607 2942 εἰς
3659 2874 3896 2954 βεϐαίω-

2248 2997 2328 3030 σιν
2361 2981 2468 3030 τῶν
2519 2973 2961 3048 μαθητευθέντων
3005 2973 3153 3045 αύτῷ
3195 2971 3496 3046 σωτηρίας,
3545 2976 3768 3045 σταυρῷ
3809 2971 3898 3024 καὶ

2249 3065 2406 3126 οὗτος
2465 3065 2601 3140 πρός
2657 3085 2820 3118 τινων
2875 3061 3276 3135 ἀνθισταμένων
3321 3061 3400 3133 τῷ
3448 3059 3604 3136 λόγῳ
3655 3067 3756 3130 τῆς
3806 3057 3899 3114 πί-

2253 3175 2420 3218 στεως
2470 3155 2870 3230 προσηλοῦται,
2913 3151 3006 3208 ἳνα
3052 3153 3150 3207 κᾶν
3197 3151 3376 3224 τούτῳ
3427 3152 3506 3224 μή
3566 3148 3764 3224 πόρῥω
3808 3147 3897 3215 ε’ίη

497 3239 734 3309 bantur,
783 3241 1064 3312 afﬁgitur,
1113 3249 1178 3299 ut
1223 3249 1280 3300 et
1315 3224 1375 3300 in
1422 3245 1548 3316 ipso
1598 3260 1714 3300 non
1763 3243 1842 3298 ita
1893 3240 2139 3297 multum

2253 3253 2354 3316 τῆς
2409 3251 2507 3301 τοῦ
2560 3243 2894 3301 Διδασκάλον
2954 3245 3260 3317 μιμήσεως.
3310 3241 3495 3312 Ἄξιον
3557 3239 3616 3296 δὲ
3663 3243 3760 3295 καὶ
3805 3237 3899 3294 τὸν

499 3329 750 3388 imitatio
783 3332 987 3389 mortis
1007 3334 1268 3406 Magistri
1294 3333 1384 3390 sui
1407 3335 1866 3404 abesseLOperas
1899 3331 2148 3404 pretium

501 3420 668 3475 etiam
744 3422 938 3492 fuerit,
1024 3425 1324 3482 Simonem
1394 3427 1554 3482 Cana
1628 3423 1879 3480 Galilaeaa
1933 3426 2150 3494 ortum,

499 3509 599 3582 qui
632 3520 866 3583 prOpter
913 3513 1258 3587 ﬂagrantem
1317 3515 1379 3570 in
1427 3515 1773 3587 Magistrum
1835 3529 2009 3570 suum
2060 3529 2150 3568 ar-

498 3599 722 3670 dorem,
772 3619 1185 3676 summamque
1233 3604 1574 3677 evangelicae
1649 3605 1728 3661 rei
1796 3620 1900 3676 per
1953 3601 2153 3659 omnia

497 3705 726 3758 curam,
774 3691 992 3750 Zelotes
1075 3694 1520 3764 cognominatus
1591 3699 1704 3764 est,
1756 3694 1854 3750 hic
1916 3694 2148 3749 referre.

497 3779 752 3852 Accepto
783 3782 940 3837 enim
965 3783 1015 3840 is
1047 3783 1278 3841 coalitus
1308 3784 1652 3841 adveniente
1681 3788 1879 3841 sancto
1905 3782 2149 3854 Spiritu»

501 3869 823 3942 Egyptum,
894 3872 1196 3945 Cyrenem,
1249 3879 1306 3930 et
1360 3875 1638 3944 Africam,
1695 3874 1904 3929 deinde
1935 3870 2152 3928 Mauri-

498 3961 746 4024 taniam,
796 3967 853 4018 et
902 3963 1140 4034 Libyam
1190 3981 1451 4034 omnem,
1510 3963 1888 4037 Evangelium
1938 3964 2154 4033 depres-

499 4047 698 4104 dicans
728 4052 1017 4122 percurrit
1075 4070 1089 4108 :
1151 4056 1538 4127 eamdemque
1593 4053 1915 4110 doctrinam
1969 4052 2148 4108 etiam

501 4136 570 4190 ad
617 4139 1036 4197 occidentalem
1072 4159 1377 4209 oceanum,
1409 4145 1748 4216 insulasque
1787 4141 2150 4199 Britannicas

503 4224 731 4293 perfert.
792 4229 1101 4287 Permultis
1132 4249 1266 4288 vero
1315 4234 1613 4304 signorum
1664 4237 1720 4288 et
1767 4232 2150 4302 prodigiorum

505 4315 823 4384 miraculis,
882 4318 1192 4392 divinaque
1257 4320 1524 4376 doctrina
1587 4320 1900 4391 Christum,
1956 4321 2038 4376 ita
2085 4321 2150 4376 ut

506 4403 728 4475 debuit,
777 4406 1144 4475 celebrando,
1209 4408 1856 4481 innumerabilibusque
1909 4409 2150 4482 insuper

507 4493 781 4552 aerumnis
822 4500 880 4552 et
907 4495 1320 4554 afﬂictionibus
1349 4500 1576 4556 obviam
1605 4502 1819 4570 eundo,
1855 4506 2146 4572 postremo

2253 3335 2361 3390 ἀπὸ
2407 3340 2551 3391 Κανᾶ
2594 3344 2694 3405 τῆς
2743 3332 3038 3394 Γαλιλαίας
3087 3331 3334 3406 Σίμωνα,
3383 3331 3443 3393 ὃς
3493 3329 3765 3400 Ζηλωτής
3815 3326 3900 3383 διὰ

2257 3426 2350 3480 τὸν
2394 3426 2526 3498 πρὸς
2574 3425 2665 3481 τὸν
2717 3421 3049 3479 Διδάσκαλον
3098 3419 3358 3495 διάπυρον
3418 3417 3616 3489 ζῆλον,
3663 3419 3755 3473 καὶ
3807 3419 3903 3484 τήν

2257 3515 2344 3570 ἐπὶ
2376 3521 2504 3571 πᾶσι
2531 3521 2631 3584 τῆς
2680 3512 3040 3588 εύαγγελικῆς
3071 3511 3352 3573 πολιτείας
3401 3505 3678 3585 ἀκριϐειαν
3727 3509 3901 3568 οὕτως

2258 3604 2569 3678 ὠνόμαστο,
2628 3609 2745 3664 τοῖς
2802 3606 3065 3676 παροῦσιν
3137 3599 3366 3670 ἐντάξαι.
3423 3599 3576 3657 Μετᾶ
3645 3597 3748 3673 γὰρ
3807 3597 3901 3664 τὴν

2258 3692 2555 3749 ἔπιπτᾶσαν
2604 3693 2752 3765 αὐτῷ
2792 3696 2888 3746 τοῦ
2934 3689 3199 3768 παναγίου
3250 3687 3568 3761 Πνεύματος
3612 3685 3906 3762 ἐπιφοίτη-

2259 3805 2364 3856 σιν,
2417 3783 2674 3859 Αἰγύπτῳ
2723 3783 2942 3857 Κυρήνῃ
2991 3801 3051 3836 τε
3099 3779 3190 3835 καὶ
3237 3783 3304 3853 τῇ
3365 3779 3606 3862 Ἀφρικῇ
3658 3772 3900 3848 προσϐα-

2261 3875 2394 3936 λὼν,
2445 3873 2807 3946 Μαυριτανίαν
2835 3892 2894 3926 τε
2941 3869 3032 3925 καὶ
3082 3869 3204 3925 ὅσον
3255 3875 3354 3938 τῆς
3406 3863 3618 3937 Λιϐύης
3663 3865 3901 3936 ἐστὶ,τῷ

2261 3964 2572 4041 Εὐαγγελίῳ
2619 3961 2956 4036 διαδραμὼν,
3016 3961 3105 4016 καὶ
3164 3959 3302 4035 πρὸς
3357 3958 3606 4032 ἑσπέριον
3665 3957 3894 4012 ὠκεανὸν

2255 4050 2546 4124 εἰσϐαλὼν,
2597 4053 2686 4108 καὶ
2738 4054 2834 4114 τὰς
2894 4051 3241 4125 Βρεταννικᾶς
3288 4049 3490 4119 νήσους
3551 4045 3895 4121 εὐαγγελισά-

2261 4163 2418 4215 μενος
2449 4161 2462 4175 ·
2524 4142 2759 4203 πολλοῖς
2806 4137 2864 4194 δὲ
2907 4141 3161 4212 σημείοις
3214 4138 3300 4192 καὶ
3361 4138 3654 4208 θαυμάτων
3703 4132 3900 4190 ἐπιδεί-

2253 4234 2384 4302 ξεσι,
2419 4231 2676 4308 θεολογίᾳ
2721 4252 2780 4284 τε
2823 4229 2913 4284 καὶ
2953 4225 3276 4298 διδασκαλίᾳ
3325 4225 3558 4302 Χριστὸν
3599 4225 3679 4287 ὡς
3720 4224 3896 4299 χρεὼν

2253 4323 2607 4394 ἀνυμν·ιςσας’
2669 4320 2916 4394 ἀπείροις
2973 4316 3030 4372 δὲ
3086 4323 3196 4372 τῶν
3264 4315 3503 4389 θλίψεων
3581 4313 3895 4385 ἐξετασθεὶς,

2253 4411 2411 4475 τέλος
2456 4411 2546 4466 καὶ
2595 4412 2774 4480 οὗτος,
2824 4409 2914 4466 τὸν
2971 4405 3062 4463 ’διά
3118 4409 3350 4480 σταυροῦ
3399 4405 3630 4460 θάνατον
3677 4403 3898 4473 ἀλήκτῳ

2253 4501 2359 4558 τινὶ
2399 4508 2544 4577 χαρᾷ
2591 4498 2990 4574 εἲσδεξάμενος,
3015 4499 3154 4572 πρὸς
3202 4497 3295 4552 τὸν
3341 4494 3510 4550 αὐτοῦ
3563 4492 3894 4549 Διδάσκαλον

504 4587 563 4640 et
614 4583 738 4657 ipse
780 4587 1104 4645 incredibili
1152 4591 1403 4660 quadam
1475 4591 1673 4647 laetitia
1741 4596 1986 4648 mortem
2046 4606 2139 4662 per

2258 4593 2666 4669 μετεχώρησεν.
2701 4589 2974 4651 Ὡσαύτως
3022 4589 3109 4644 καὶ
3167 4584 3370 4648 Ἰούδας
3416 4587 3444 4640 6
3488 4587 3636 4646 θεῖος
3673 4603 3688 4616 ’
3742 4585 3848 4656 οὺχ
3871 4584 3898 4636 6

505 4690 734 4734 crucem
765 4677 1097 4747 subiens,ad
1131 4678 1474 4750 Magistrum
1515 4696 1687 4735 suum
1735 4679 1986 4736 transiit.
2020 4679 2144 4738 Non

508 4767 706 4825 minus
747 4772 806 4826 et
857 4769 1029 4826 divus
1075 4769 1280 4836 Judas,
1335 4785 1450 4826 non
1505 4769 1812 4825 lscariotes
1871 4767 1990 4837 ille,
2043 4769 2142 4825 sed

507 4855 678 4924 alter,
707 4858 804 4915 cui
829 4857 1041 4930 duplex
1098 4874 1418 4931 cognomen
1462 4857 1589 4927 fuit,
1621 4858 1894 4914 Thaddasi
1925 4858 2147 4916 scilicet

507 4950 564 5004 et
611 4947 860 5019 Lebbtei,
902 4947 1060 5008 tilias
1115 4950 1351 5020 quidem
1403 4949 1664 5021 Josephi,
1733 4949 1908 5006 frater
1954 4957 2144 5005 autem

503 5035 724 5108 Jacobi,
781 5039 882 5110 qui
937 5057 968 5096 e
1022 5039 1336 5112 pinnaculo
1381 5038 1580 5111 templi
1628 5040 1885 5110 deiectus
1941 5041 2144 5106 fuerat,

507 5127 768 5185 Judeam
823 5128 1080 5203 primum
1128 5136 1187 5187 et
1223 5129 1540 5198 Galilaam,
1570 5129 1896 5186 Samariam
1926 5135 1984 5186 et
2013 5129 2145 5186 ldu-

511 5237 738 5290 maaam,
771 5221 980 5278 deinde
1034 5221 1254 5278 Arabia
1286 5223 1561 5290 civitates,
1615 5237 1840 5280 necnon
1880 5221 2060 5294 Syriae
2091 5225 2148 5276 et

511 5311 939 5384 Mesopotamia
996 5313 1282 5383 regiones,
1347 5327 1557 5383 sagena
1631 5311 1926 5384 Evangelii
1973 5311 2145 5380 cepit.

512 5399 808 5459 Postremo
863 5401 1142 5458 Edessam
1218 5401 1495 5472 pervenit,
1553 5401 1768 5472 Abgari
1835 5399 2148 5468 civitatem,

517 5487 615 5543 ubi
651 5495 822 5547 antea
867 5491 1009 5546 alter
1057 5506 1290 5562 quoque
1326 5489 1656 5546 Thaddtsus
1685 5506 1754 5546 ex
1783 5489 2153 5560 septuaginta

517 5575 636 5633 illis
689 5593 838 5635 unus
893 5579 1192 5635 Christum
1238 5579 1526 5636 docuerat.
1573 5579 1726 5636 208
1773 5581 1959 5649 Atque
2023 5593 2154 5633 cum

520 5664 624 5737 ibi,
654 5665 704 5720 si
743 5667 881 5737 quid
911 5668 1104 5724 adhuc
1133 5684 1201 5726 ex
1229 5667 1470 5728 alterius
1511 5668 1674 5727 illius
1702 5665 2027 5726 ministerio
2057 5668 2156 5724 de-

2253 4682 2628 4756 Ἰσκαριώτης,
2660 4681 2786 4736 ἀλλ’
2833 4680 2880 4752 ᾧ
2926 4681 2960 4748 ἠ
3006 4677 3205 4748 κλῆσις
3255 4674 3529 4748 διώνυμος
3565 4694 3579 4710 ο
3635 4671 3897 4734 Θαδδαῖος

2251 4774 2354 4847 γὰρ
2377 4770 2469 4826 καὶ
2516 4765 2750 4833 Λεϐαῖος
2780 4765 3042 4838 ἐκέκλητο
3077 4784 3089 4798 ⁶
3143 4766 3206 4820 οὗ
3235 4765 3418 4839 πατὴρ
3452 4765 3550 4838 μὲν
3591 4764 3625 4817 6
3677 4764 3897 4839 Ἰωσήφ,

2252 4855 2514 4922 Ἰάκωϐος
2545 4857 2603 4914 δὲ
2639 4861 2668 4914 ὁ
2715 4859 2852 4913 κατᾶ
2879 4861 2978 4912 τοῦ
3027 4854 3316 4931 πτερυγίου
3365 4853 3590 4924 Βληθεὶς
3643 4852 3898 4928 κασίγνηο

2251 4969 2346 5012 τος
2375 4947 2665 5023 ἐτύγχανεν
2695 4944 2793 5017 ὣν,
2825 4945 2876 5000 ἐν
2927 4941 3168 5015 Ἰουδαίᾳ
3209 4943 3428 5018 πρῶτον
3473 4939 3566 4995 καὶ
3611 4937 3896 5008 Γαλιλαίᾳ,

2257 5037 2535 5112 Σαμαρείᾳ
2579 5056 2638 5090 τε
2687 5036 2777 5090 καὶ
2823 5031 3105 5106 Ἰδουμαίᾳ
3134 5052 3148 5065 ·
3199 5038 3302 5100 τῆς
3361 5023 3646 5106 ’Δραὸείας
3707 5050 3767 5084 τε
3809 5028 3895 5086 τὰς

2255 5127 2467 5197 πόλεις,
2517 5129 2652 5202 πρὸς
2704 5123 2772 5194 δὴ
2813 5123 3031 5186 τούτοις
3082 5123 3287 5196 Συρίας
3333 5121 3425 5176 καὶ
3479 5118 3896 5190 Μεσοποταμίας

2255 5223 2426 5274 πᾶσαν
2469 5218 2569 5284 τὴν
2615 5219 2738 5288 γῆν,
2788 5214 2855 5288 τῇ
2902 5215 3110 5289 σαγήνῃ
3152 5215 3251 5267 τοῦ
3302 5209 3646 5284 Εύαγγελίοτ
3689 5208 3893 5282 ζωγρήο

2257 5328 2350 5369 σας
2388 5326 2400 5339 ⁸
2432 5303 2656 5379 Ἐδέσσῃ
2700 5325 2782 5372 τε,
2811 5306 2847 5374 ἢ
2899 5302 3153 5378 Αύγάρου
3183 5300 3347 5362 πόλις
3392 5299 3482 5368 ἦν,
3515 5296 3746 5372 ὕστερον
3792 5295 3893 5351 ἐπι-

2258 5397 2407 5468 στὰς,
2452 5396 2588 5450 ὅπου
2639 5392 2706 5463 δὴ
2757 5392 3022 5468 πρότερον
3071 5389 3162 5445 καὶ
3211 5391 3240 5444 ὁ
3286 5386 3472 5462 ἕτερος
3514 5385 3807 5456 Θαδδαῖος,
3843 5384 3894 5444 ὃς

2254 5490 2362 5542 τῶν
2416 5480 2795 5558 ἐϐδομήκοντα
2841 5483 2906 5552 ἧν
2957 5483 3056 5548 εἷς,
3102 5479 3170 5536 τὰ
3223 5480 3361 5534 κατὰ
3417 5478 3653 5553 Χριστὸν
3711 5493 3894 5550 προσε-

2258 5577 2490 5632 σάλπισε
2521 5593 2534 5605 ·
2567 5575 2656 5630 καὶ
2691 5575 2752 5629 τὸ
2783 5569 2960 5628 ἐνδέον
2990 5569 3176 5642 ἐκείνῳ
3207 5566 3478 5624 κάλλιστα
3521 5565 3888 5642 ἐκπληρώσας,

2259 5665 2412 5744 λόγῳ
2439 5684 2496 5720 τε
2526 5662 2677 5738 θείῳ,
2725 5662 2816 5719 καὶ
2863 5659 3115 5735 ἐξαισίοις
3146 5655 3332 5735 ἔργοις
3375 5653 3604 5731 δοξάσας
3653 5655 3889 5734 Χριστὸν,
