4084 6208
231 385 365 446 865

1269 371 1894 440 ECCLESIAS'NCE
1935 370 2332 434 HISTORIIE
2373 371 2523 434 LIB.
2573 371 2646 434 ΙΙ.

3533 337 3656 444 866

234 518 508 592 είρηνικῷ
555 512 702 570 τέλει
758 512 894 588 πρὸς
952 511 1116 567 αὐτὸν
1176 504 1460 566 διαϐαίνει.
1505 510 1564 564 Ὀ
1612 505 1660 562 δ’
1717 507 1784 562 αὖ
1830 527 1890 580 γε

2018 511 2174 574 asset,
2209 507 2597 580 pulcherrime
2627 509 2992 581 explevisset,
3026 515 3444 592 Christumque
3475 519 3648 578 simul

233 604 510 670 Ματθίας,
544 605 572 658 ὃ
602 604 666 658 τὸ
713 597 994 676 ἔλλειμμα
1020 607 1120 670 τῆς
1171 597 1478 662 δωδεκαδος
1515 597 1898 674 ἐφαρμοσάμε-

233 715 362 768 νος,
393 695 550 756 οὗτος
583 691 642 748 δὲ
673 695 742 766 τῇ
787 691 979 766 πρώτῃ
1016 690 1273 760 Αἰθιοπία
1302 683 1654 764 προσϐαλὼν,
1685 687 1775 741 καὶ
1823 687 1893 760 τῇ

239 781 520 860 Θηριωδίᾳ
545 781 636 837 καὶ
679 777 945 857 ἀπεχθείᾳ
991 783 1099 835 τῶν
1133 776 1440 853 ἀλογίστων
1481 773 1700 831 ἐκείνων
1731 773 1898 830 ἐθνῶν

239 873 480 930 πλεῖστα
523 869 868 941 πεπονηκὼς,
901 867 1000 924 ὅσα
1047 869 1096 922 τ’
1143 867 1316 943 ἐχρῆν
1366 865 1554 941 λόγοις
1603 862 1690 921 καί
1719 862 1898 942 ἔργοις

237 967 327 1035 τῷ
375 961 503 1034 θείῳ
551 958 874 1036 Εὗαγγελίῳ
923 955 1352 1031 ἐπιδειξάμενος,
1401 955 1492 1011 καὶ
1549 959 1630 1028 τῷ
1681 956 1898 1030 Χριστῷ

241 1053 315 1106 τα
371 1049 562 1122 πλήθη
623 1049 936 1126 ὑπαγαγὼν,
991 1051 1072 1120 τῷ
1129 1044 1383 1122 λογισμῷ
1449 1045 1897 1121 κραταιούμενος,

241 1142 341 1196 τὸν
373 1143 472 1196 τοῦ
504 1137 805 1215 μαρτυρίου
837 1136 1096 1217 στέφανον
1125 1133 1452 1208 ἀνεδήσατο.

2005 600 2062 652 et
2119 597 2334 652 divinis
2392 597 2766 654 concionibus
2831 606 2887 656 et
2961 605 3234 674 operibus
3291 608 3647 666 admirandis

2005 685 2410 759 gloriﬁcasset,
2470 694 2654 743 morte
2703 689 2939 759 paciﬁca
2987 697 3042 748 et
3082 696 3282 766 quieta
3339 699 3410 754 ad
3478 699 3648 757 illum

2005 775 2429 846 commigravit.
2463 775 2735 833 Matthiae
2782 796 2970 850 porro,
3004 783 3103 854 qui
3147 787 3442 856 jacturam
3511 790 3659 846 duo.-

2007 865 2232 921 denarii
2285 867 2686 936 apostolorum
2769 870 2996 926 numeri
3052 879 3329 946 sarserat,
3393 877 3648 949 primam

2006 953 2356 1024 Ethiopiam
2415 955 2614 1011 adiit:
2670 960 2846 1029 atque
2918 960 2996 1014 ibi
3072 978 3106 1018 ο,
3168 963 3322 1036 feris,
3400 967 3654 1036 infestis,

2006 1041 2480 1114 immanibusque
2511 1045 2784 1116 gentibus
2823 1049 3012 1104 multa
3042 1051 3295 1119 pertulit.
3322 1054 3466 1112 Cum
3495 1073 3654 1127 vero,

2009 1148 2137 1202 quae
2167 1133 2438 1203 oportuit,
2471 1137 2528 1188 et
2556 1134 2747 1192 verbis
2786 1140 2844 1192 et
2889 1137 3056 1194 factis
3103 1140 3298 1199 divino
3345 1143 3654 1218 Evangelio

241 1231 654 1290 annuntiando
726 1229 1110 1303 przesﬁtisset,
1185 1232 1244 1286 et
1316 1227 1544 1284 Christo
1629 1238 1905 1297 magnam
1992 1221 2305 1279 huminum
2401 1223 2832 1283 multitudinem
2927 1230 3374 1302 aocumulasset,
3453 1237 3650 1294 animo

243 1321 539 1394 intrepido
568 1329 620 1378 et
653 1319 784 1377 forti
815 1319 1076 1390 martyrii
1108 1334 1380 1375 coronam
1411 1316 1666 1389 suscepit
1695 1315 1796 1386 (i).

849 1431 1115 1484 ΚΕΦΔΛ.
1155 1427 1288 1484 ΜΑ’.

242 1521 407 1595 Περὶ
445 1523 560 1575 τοῦ
598 1517 793 1594 ἁγίου
832 1517 1220 1595 ἀποστόλου
1259 1515 1365 1570 καὶ
1407 1510 1904 1590 εὐαγγελιστοῦ

891 1591 1258 1646 Ματθαίου.

2629 1417 2856 1481 CAPUT
2897 1427 3039 1482 XLI.

2185 1511 2259 1566 De
2284 1516 2470 1569 sancto
2499 1515 2746 1585 apostolo
2775 1526 2826 1572 et
2853 1519 3186 1587 evangelista
3217 1521 3484 1581 Μαιιιιέεο.

320 1683 416 1738 Ἐκ
465 1679 523 1735 δὲ
567 1679 833 1736 τελωνίου
891 1681 1165 1740 Ματθαῖος
1224 1675 1601 1752 παρείληπται
1637 1693 1651 1708 ⁸
1704 1691 1900 1762 πυρινῃ

2083 1675 2408 1743 Mattheus,
2432 1681 2652 1748 autem,
2672 1693 2743 1736 ex
2759 1680 3084 1750 publicanis
3113 1691 3472 1759 assumptus,
3488 1689 3658 1762 ignea

248 1769 310 1827 δὲ
341 1771 565 1846 γλώσσῃ
591 1770 695 1825 οὐκ
745 1766 970 1825 ἔλαττον
997 1773 1114 1829 τοῖς
1166 1767 1406 1842 πρώτοις
1435 1769 1542 1820 τῶν
1578 1761 1900 1819 ἀποστόλων

246 1858 690 1934 κληρωσάμενος
737 1857 898 1932 γέρας
945 1858 1042 1926 τήν
1101 1858 1218 1912 κατ’
1275 1855 1437 1910 αὐτὸν
1493 1851 1735 1929 ἱστορίαν
1791 1856 1902 1906 τῶν

245 1949 416 2026 ἱερῶν
475 1947 830 2024 Εὐαγγελίων
903 1951 1119 2022 πρῶτος
1193 1939 1468 2020 Ἐἶραίοις
1543 1941 1900 2016 κατάρχεται.

249 2035 504 2098 Πολλαῖς
535 2039 824 2112 τοιγαροῦν
875 2036 962 2090 καὶ
1009 2035 1168 2096 οὗτος
1217 2035 1245 2088 ὁ
1275 2036 1420 2095 θεῖος
1471 2031 1778 2092 ἀπόστολος
1811 2050 1900 2084 πε·

248 2124 462 2201 ριόδοις
506 2125 598 2180 τὸν
655 2124 883 2199 Χριστὸν
936 2123 1448 2198 εὐαγγελισάμενος,
1499 2121 1689 2199 χώραν
1738 2140 1796 2174 τε
1845 2119 1902 2173 ἐκ

245 2217 443 2292 χώρας
493 2208 762 2286 ἀμείϐων,
811 2212 903 2267 καί
965 2209 1114 2274 ἔθνος
1161 2211 1211 2283 ἐξ
1269 2207 1478 2280 ἔθνους,
1527 2209 1756 2286 ἔσχατον
1801 2209 1904 2264 ὑπὸ

241 2309 348 2362 τοῦ
406 2303 636 2380 ἄγοντος
693 2303 853 2358 αὐτὸν
925 2302 1238 2376 Πνεύματος
1311 2303 1402 2356 καὶ
1459 2301 1547 2356 ἐπὶ
1621 2302 1719 2369 τὴν
1794 2303 1906 2353 τῶν

245 2393 721 2470 ’Δνθρωποφάγων
793 2393 980 2466 χώραν
1054 2390 1336 2466 ἀπάγεται,
1397 2387 1452 2444 ἔν
1531 2411 1638 2444 τινι
1715 2388 1902 2443 πόλει,

245 2485 528 2560 Μυρμήνη
573 2483 643 2551 ἦν
685 2481 834 2552 αὐτῷ
877 2476 1056 2553 ὄνομα
1087 2495 1102 2511 ⁸
1154 2479 1236 2553 ἐφ’
1371 2476 1437 2548 δὴ
1487 2479 1576 2532 καὶ
1625 2476 1891 2532 Πλάτωνα

242 2573 347 2628 τὸν
395 2571 562 2628 αὐτοῦ
620 2571 900 2648 φοιτητὴν
954 2567 1248 2624 ἐπίσκοπον
1307 2565 1577 2634 ἄνειπὼν,
1624 2565 1784 2626 αὐτὸς
1843 2564 1910 2618 ἐπ

246 2681 359 2718 τινι
385 2665 494 2717 τῶν
544 2658 859 2736 ἁγχιθύρων
887 2661 956 2730 τῇ
1005 2656 1167 2713 πόλει
1215 2657 1377 2712 ἀνιὼν
1432 2657 1623 2731 ὀρέων,
1655 2655 1756 2724 τήν
1801 2653 1898 2708 τοῦ

223 2747 437 2811 -ἔθνους
482 2749 757 2824 σωτηρίαν
809 2747 1258 2824 ἀποκαλυφθῆναι
1309 2744 1683 2821 προσηύχετο.
1735 2741 1896 2800 Οὕτω

253 2837 306 2894 δ’
364 2834 548 2914 ἔχοντι
604 2841 686 2910 τῷ
742 2833 1056 2908 ἆποστόλῳ,
1101 2838 1130 2890 ὁ
1188 2834 1390 2909 Κύριος
1448 2835 1660 2904 Ἰησοῦς
1716 2832 1904 2908 ὡραίῳ

253 2929 360 2996 τήν
410 2927 536 3002 ὄψιν
584 2923 740 2982 παιδὶ
787 2923 1182 3000 ἀφομοιωθεὶς,
1213 2924 1302 2978 καὶ
1350 2922 1586 2994 πλησίον
1639 2921 1787 2992 στὰς,
1831 2919 1906 2974 εί-

2012 1763 2212 1836 lingua
2253 1781 2368 1821 non
2399 1765 2684 1822 minorem
2717 1785 2887 1840 quam
2917 1772 3181 1842 primarii
3216 1776 3464 1846 apostoli
3513 1793 3658 1850 gra-

2015 1855 2151 1910 tiam
2181 1862 2555 1925 consecutus,
2576 1875 2872 1916 sacrorum
2889 1861 3336 1934 Evangeliorum
3360 1867 3658 1925 historiam

2014 1943 2238 2014 primus
2271 1945 2522 2000 Hebraeis
2569 1947 2821 2018 scripsit.
2855 1949 2911 2005 Is
2951 1967 3180 2023 quoque
3230 1958 3470 2011 sanctus
3527 1973 3662 2028 apo-

2013 2031 2218 2101 stolus,
2250 2033 2705 2104 profectionibus
2737 2038 2953 2106 multis,
2986 2055 3053 2094 ex
3085 2040 3199 2096 alia
3221 2043 3454 2114 regione
3485 2048 3660 2118 atque

2013 2128 2184 2194 gente
2211 2122 2268 2178 in
2300 2121 2474 2180 aliam
2530 2125 2780 2182 subinde
2839 2127 3123 2199 migrans,
3155 2131 3466 2204 Evangelia
3517 2151 3660 2207 pra:-

2013 2211 2258 2268 dicando
2306 2213 2594 2283 perfectis,
2639 2215 2708 2270 ad
2764 2223 3120 2286 postremum
3177 2219 3430 2292 Spiritus
3478 2224 3660 2280 sancti

2015 2301 2190 2357 ductu
2213 2300 2285 2355 ad
2343 2301 2965 2374 Anthropophagorum
2999 2310 3231 2376 terram,
3265 2309 3324 2364 in
3364 2310 3660 2368 civitatem

2015 2390 2108 2444 cui
2139 2405 2350 2446 nomen
2383 2392 2819 2460 estMyrmenaa,
2839 2393 3124 2462 pervenit:
3159 2395 3218 2450 in
3265 2413 3378 2466 qua
3398 2397 3659 2468 Platone,

2013 2481 2299 2534 scctatore
2345 2493 2474 2547 suo,
2507 2477 2776 2550 episcopo
2833 2481 3143 2550 declarato,
3165 2483 3288 2555 ipse
3333 2486 3392 2540 in
3451 2503 3663 2558 quem-

2013 2571 2148 2626 dam
2208 2570 2425 2627 civitati
2483 2571 2814 2642 proximum
2875 2571 3078 2629 collem
3133 2577 3550 2647 conscendens,
3599 2584 3663 2636 ut

2013 2661 2126 2716 sibi
2183 2659 2369 2730 gentis
2425 2661 2556 2732 ejus
2599 2659 2758 2716 salus
2803 2661 3176 2732 revelaretur,
3227 2671 3374 2725 orat.
3417 2667 3534 2723 Hoc
3582 2669 3660 2726 ita

2012 2749 2203 2820 agenti
2268 2749 2549 2822 apostolo,
2614 2750 2893 2806 Dominus
2963 2753 3099 2808 Jesu
3177 2755 3414 2813 formosi
3490 2759 3659 2830 pueri

2011 2839 2200 2911 specie
2255 2839 2559 2908 assistens,
2611 2853 2742 2896 cum
2786 2856 2986 2911 pacem
3045 2841 3130 2897 illi
3182 2849 3468 2915 precatur,
3527 2851 3655 2904 tum

2010 2929 2230 3002 virgam
2261 2929 2320 2986 in
2371 2945 2581 2986 manus
2613 2929 2664 2985 ei
2697 2930 2815 2986 dat.
2849 2931 3012 3001 Eam,
3045 2948 3177 2989 cum
3237 2935 3654 3010 descendisset,

254 3019 432 3093 ρήνην
468 3037 527 3072 τε
573 3015 717 3088 αὐτῷ
761 3013 1135 3094 ἐπιφθέγγεται
1169 3032 1183 3046 ⁸
1236 3009 1422 3068 ἔπειτα
1472 3007 1670 3088 ῥάϐδον
1720 3009 1891 3088 ἐγχει-

2018 3020 2066 3075 ln
2101 3019 2243 3074 urbe
2273 3019 2342 3074 ad
2386 3018 2662 3087 ecclesias,
2695 3036 2874 3090 quam
2921 3020 3046 3092 ipse
3102 3027 3161 3078 et
3207 3024 3470 3083 Andreas
3511 3007 3654 3083 con;

260 3107 438 3184 ρίσασ,
488 3106 716 3176 Ταύτην,
765 3101 891 3185 ἔφη,
935 3105 1138 3160 κατιὼν
1185 3103 1237 3159 ἐν
1294 3107 1363 3178 τῇ
1414 3103 1574 3158 πόλει
1631 3103 1769 3178 πρὸς
1827 3106 1896 3175 τῇ

253 3195 410 3271 πύλῃ
464 3200 566 3262 τῆς
614 3193 930 3265 ἐκκλησίας,
986 3195 1048 3264 ἣν
1104 3195 1168 3248 σὺ
1223 3193 1313 3248 καὶ
1361 3191 1612 3269 Ἀνδρέας
1685 3189 1902 3265 ᾠκοδο-

267 3289 498 3361 μήσατε.
557 3285 980 3362 καταφύτευσον,
1039 3283 1132 3338 καὶ
1190 3283 1267 3344 είς
1331 3279 1550 3357 δένδρον
1608 3281 1744 3358 μέγα
1814 3282 1904 3337 καὶ

269 3377 486 3452 ὑψηλὸν
541 3375 696 3438 εὐθὺς
755 3373 1040 3430 ἐπιδώσει.
1091 3377 1162 3433 "0
1215 3395 1275 3451 γε
1335 3376 1442 3448 μὴν
1501 3375 1708 3448 καρπὸς
1764 3373 1912 3446 αύτῷ

267 3464 447 3529 πολὺς
479 3462 624 3522 ἔσται
674 3463 902 3543 σφόδρα,
949 3463 1348 3538 παραλλάττων
1387 3485 1447 3519 τε
1493 3463 1622 3526 τοὺς
1663 3462 1910 3526 πολλοὺς

269 3563 350 3632 τῷ
403 3557 636 3630 μεγέθει,
681 3553 776 3610 κᾶν
827 3559 894 3628 τῇ
939 3554 1115 3631 γεύσει
1165 3553 1431 3631 διαφέρων
1482 3555 1554 3616 ὡς
1604 3552 1865 3610 πλεῖστον
1897 3573 1911 3589 ⁸

265 3649 422 3722 πηγὴ
456 3645 514 3700 δὲ
561 3645 796 3724 ἀφθόνου
842 3644 934 3699 καὶ
968 3641 1202 3708 διειδοῦς
1247 3641 1465 3711 ὕδατος,
1499 3643 1558 3698 ἐκ
1601 3650 1702 3712 τῆς
1748 3643 1913 3700 αὐτοῦ

277 3737 436 3814 ῥίζης
492 3731 863 3810 κελαρύζουσα
919 3731 1335 3808 προσελεύσεται
1370 3751 1383 3764 ⁸
1434 3732 1486 3786 ἐν
1541 3732 1587 3804 ᾧ
1633 3736 1740 3788 τῶν
1795 3735 1909 3790 Ἀν·

267 3823 648 3902 θρωποφάγων
707 3825 857 3886 ὅσοις
917 3821 1209 3876 λούσασθαι
1265 3820 1504 3898 γένοιτο,
1565 3822 1600 3891 ἥ
1658 3843 1715 3876 τε
1791 3822 1914 3897 ὄψις

261 3915 402 3992 πρὸς
451 3915 515 3970 τὸ
572 3913 833 3990 εὐπρεπὲς
881 3909 1400 3989 μεταβρυθμισθείη,
1454 3909 1508 3965 α⁶ί
1574 3931 1633 3966 τε
1689 3910 1909 3987 καρδίαι

273 4007 340 4060 τὸ
391 4003 581 4082 ἄγριον
623 4001 980 4076 ἀποθέμεναι,
1027 4001 1171 4076 πρὸς
1229 4002 1294 4056 τὸ
1353 4001 1630 4076 εἰρηναῖόν
1689 4022 1918 4080 μεταχω

263 4096 516 4171 ρήσουσι,
566 4091 658 4147 καὶ
706 4093 806 4162 τὴν
855 4091 942 4146 ἐπὶ
989 4091 1052 4146 τὸ
1105 4089 1325 4166 βέλτιον
1371 4089 1671 4146 ἀλλοίωσιν
1708 4089 1913 4164 ἕξουσι.

263 4185 359 4239 Καὶ
423 4181 491 4252 δὴ
545 4181 807 4245 κατιόντι,
867 4183 894 4235 ὁ
950 4187 1050 4251 τῆς
1105 4179 1322 4241 πόλεως
1382 4179 1592 4252 ἐκείνης
1651 4178 1907 4254 βασιλεὺς

257 4273 636 4346 προσυπήντα,
705 4271 916 4344 σύναμα
968 4270 1178 4346 γυναικὶ
1235 4269 1324 4326 καὶ
1376 4271 1564 4344 τέκνῳ.
1615 4266 1900 4325 Φουλϐια-

2009 3107 2342 3176 struxisset,
2389 3112 2614 3178 portam
2677 3107 2937 3178 plantare
3011 3109 3202 3180 jubet.
3261 3113 3320 3168 in
3385 3115 3655 3172 arborem

2010 3213 2284 3270 magnam
2307 3200 2366 3252 et
2394 3196 2680 3252 excelsam
2718 3196 2870 3254 illico
2924 3214 3250 3260 evasuram.
3285 3203 3658 3278 fructumque

2016 3287 2337 3360 plurimum
2371 3286 2774 3358 magnitudine
2804 3287 2980 3342 simul
3006 3297 3058 3344 et
3090 3306 3294 3362 sapore
3327 3291 3456 3350 aliis
3493 3295 3658 3367 longe

2017 3375 2374 3448 superiorem
2431 3374 2686 3432 laturum
2723 3392 2737 3431 :
2772 3377 2985 3433 fontem
3046 3383 3322 3450 prasterea
3371 3384 3670 3456 copiosum

2019 3469 2077 3520 et
2103 3463 2484 3536 pellucidum,
2518 3479 2650 3520 cum
2698 3463 2816 3521 leni
2873 3482 3136 3536 susurro,
3171 3483 3238 3526 ex
3295 3471 3486 3527 radice
3543 3475 3672 3544 ejus

2021 3561 2363 3625 erupturum
2441 3569 2567 3608 esse
2641 3552 2934 3623 pollicitus
2983 3570 2998 3611 :
3058 3556 3115 3611 in
3166 3575 3281 3629 quo
3337 3562 3673 3632 quicunque

2022 3649 2502 3722 Anthropophagi
2554 3651 2850 3718 iuvissent,
2885 3667 3086 3708 eorum
3141 3654 3318 3710 simul
3375 3661 3431 3712 et
3478 3659 3674 3714 vultus

2027 3741 2097 3796 ad
2159 3740 2402 3796 formam
2482 3737 2870 3796 decentiorem
2932 3743 3323 3814 compositum
3386 3749 3443 3802 et
3493 3747 3674 3804 corda

2028 3830 2234 3902 agresti
2283 3831 2507 3886 feritate
2564 3830 2769 3900 posita,
2803 3831 2874 3886 ad
2920 3831 3364 3902 placabilitatem
3425 3841 3481 3892 et
3529 3839 3676 3894 leni-

2028 3924 2214 3975 tatum
2268 3934 2628 3986 conversum,
2661 3934 3020 3991 prorsusque
3043 3937 3138 3978 eos
3168 3921 3228 3978 in
3287 3923 3498 3980 melius
3541 3943 3674 3982 mu-

2029 4012 2214 4065 tatum
2255 4007 2346 4062 iri.
2379 4007 2764 4063 Descendenti
2812 4007 3006 4080 igitur,
3039 4008 3289 4067 civitatis
3335 4011 3464 4082 ejus
3522 4013 3681 4086 prin.

2031 4113 2168 4172 cepe
2200 4113 2318 4152 una
2346 4111 2480 4153 cum
2513 4095 2762 4167 conjuge
2791 4099 2848 4150 et
2903 4097 3023 4152 lilio
3053 4098 3206 4155 204
3239 4099 3678 4172 (Fulvianorum

2032 4186 2182 4261 patri
2208 4192 2263 4240 et
2315 4184 2456 4252 filio,
2492 4183 2778 4240 Fulvianus
2810 4190 3004 4242 autem
3038 4189 3211 4246 matri
3242 4189 3482 4246 nomina
3497 4194 3681 4264 erant)

2035 4275 2243 4333 obvius
2273 4275 2359 4332 fit.
2393 4272 2663 4346 Malignis
2694 4277 2887 4330 autem
2919 4273 3004 4330 illi
3046 4278 3530 4336 excruciabantur
3563 4281 3686 4356 spi-

259 4360 351 4424 νδς
403 4357 464 4415 δὲ
509 4361 602 4416 καὶ
653 4355 970 4416 ψουλϐιάνα
1015 4360 1106 4414 καὶ
1158 4354 1500 4421 Φουλϐιανὸς
1541 4359 1678 4429 ἦσαν
1728 4360 1904 4414 αὐτοῖς

2029 4366 2258 4424 ritibus.
2310 4363 2530 4432 Quibus
2570 4379 2698 4419 cum
2749 4379 2964 4420 manus
3031 4369 3227 4424 statim
3282 4354 3679 4443 imposuisset,

260 4453 331 4506 τὰ
389 4450 654 4522 ὀνόματα,
705 4447 969 4523 πνεύμασι
1017 4455 1286 4523 πονηροῖς
1337 4449 1712 4523 ἐξεταζόμενοι
1751 4466 1766 4484 ⁸
1830 4451 1915 4512 ὀῖς

263 4537 361 4601 τὰς
419 4543 612 4616 γεῖρας
684 4536 838 4601 εὐθὺς
911 4537 1135 4607 ἐπιθεὶς,
1196 4537 1458 4609 ἐξήλαυνε
1525 4538 1590 4592 τὸ
1665 4537 1900 4596 λυποῦν.

265 4629 508 4701 Ἐπήγνυ
561 4625 619 4682 δὲ
662 4627 753 4682 καὶ
800 4628 899 4697 τὴν
938 4624 1162 4700 ῥάϐδον,
1211 4628 1301 4682 καὶ
1351 4627 1428 4690 είς
1478 4624 1702 4702 δένδρον
1751 4629 1910 4691 εὐθὺς

269 4715 680 4792 μετεσκεύαστα
718 4715 817 4770 Καὶ
847 4717 882 4786 ἡ
928 4719 1079 4793 πηγή
1115 4715 1322 4792 ῥιζόθεν
1373 4716 1436 4772 τὸ
1491 4715 1638 4790 ὕδωρ
1689 4717 1909 4792 προῄει,

264 4807 503 4878 πότιμον
551 4805 644 4859 καὶ
681 4803 877 4866 διειδές
928 4800 1318 4875 ἀναϐλύζουσα.
1353 4805 1504 4862 Ἐπεὶ
1563 4803 1621 4860 δὲ
1662 4806 1725 4862 τὸ
1767 4805 1914 4876 πλῆ-

268 4896 363 4956 θος
410 4891 677 4970 συνέρρει,
723 4892 787 4947 τὸ
838 4889 1146 4968 παράδοξον
1203 4889 1664 4966 ἐκπληττόμενοι,
1711 4894 1912 4956 ἒκεῖνος

267 4982 357 5040 ἐπὶ
392 4981 668 5058 μετεώρου
715 4980 909 5052 ἑστὼς,
939 4986 1008 5056 τῇ
1057 4981 1271 5056 πατρίῳ
1319 4981 1540 5038 ἐκείνων
1587 4981 1811 5057 γλώττῃ
1851 4983 1914 5038 τὸ

269 5074 543 5148 σωτήριον
575 5070 929 5148 κατήγγελλε
975 5073 1254 5146 κήρσγμα.
1292 5073 1392 5126 Καὶ
1441 5069 1594 5135 εὐθὺς
1623 5071 1728 5146 ὅλῃ
1759 5074 1916 5151 ψυχῇ

267 5166 351 5234 τῷ
405 5161 606 5216 ἐκεῖθεν
667 5161 844 5238 ῥέοντι
903 5157 1058 5216 ὕδατι
1116 5156 1492 5230 ἐϐαπτίζοντο.
1551 5160 1650 5216 Καί
1705 5181 1768 5238 γε
1821 5164 1920 5218 τοῦ

268 5255 486 5326 καρποῦ
541 5254 637 5305 τοῦ
707 5247 933 5324 δένδρου
1015 5244 1550 5324 μεταλαμϐάνοντες,
1609 5251 1710 5319 τήν
1782 5251 1920 5306 καλ-

270 5339 464 5410 λίστην
498 5335 664 5403 ὄντως
715 5337 1018 5394 ἀλλοίωσιν
1069 5337 1430 5408 ἤλλοιοῦντο.
1483 5335 1814 5414 Φουλϐιανῷ
1863 5339 1920 5396 δέ

273 5427 571 5504 μετέμελεν
603 5428 759 5492 εὐθύς
795 5447 808 5462 ⁸
841 5428 934 5484 καὶ
977 5430 1041 5483 τὸ
1071 5427 1288 5498 πλῆθος
1343 5427 1632 5505 μεταρῥέον
1665 5435 1742 5502 τῷ
1781 5431 1918 5486 ἀπο-

267 5517 457 5592 στόλῳ
489 5519 651 5594 ὁρῶν,
685 5519 841 5592 ζήλῳ
871 5519 1290 5595 περικαιόμενος
1321 5519 1528 5592 ἤχθετο
1563 5542 1576 5555 ⁸
1617 5520 1705 5574 καὶ
1757 5539 1920 5595 στρα-

2026 4459 2322 4514 daemones
2349 4451 2434 4508 illi
2465 4451 2794 4508 turbatores
2854 4453 3260 4527 profugerunt.
3301 4458 3506 4530 Pangit
3549 4475 3682 4516 vero

2021 4549 2078 4602 et
2105 4543 2328 4615 virgam
2359 4541 2542 4609 illam,
2575 4545 2632 4598 et
2661 4543 2970 4600 confestim
3015 4561 3080 4601 ea
3133 4545 3193 4602 in
3260 4549 3527 4604 arborem
3586 4566 3684 4605 ex-

2023 4631 2232 4690 crescit
2263 4649 2278 4688 :
2310 4630 2604 4703 simulque
2653 4649 2684 4687 a
2717 4632 2908 4690 radice
2959 4635 3205 4703 undam,
3239 4653 3373 4692 cum
3439 4641 3678 4709 aspectu

2022 4736 2335 4792 amoenam,
2365 4724 2492 4776 tum
2527 4721 2748 4793 potioni
2781 4724 3173 4791 commodam,
3199 4726 3512 4780 scatentem
3547 4742 3681 4797 pro-

2023 4811 2152 4866 fert.
2187 4809 2305 4868 Hoc
2331 4813 2450 4868 tam
2481 4811 2698 4882 insigni
2732 4811 3013 4868 miraculo
3046 4811 3362 4868 multitudo
3401 4819 3676 4872 conster-

2025 4901 2186 4968 nata,
2231 4915 2366 4957 cum
2415 4915 2482 4956 eo
2537 4901 2891 4958 conﬂueret:
2937 4900 3036 4956 ille
3089 4916 3120 4956 ο
3175 4901 3470 4974 superiore
3527 4903 3678 4976 loco,

2024 4989 2216 5060 patria
2235 4989 2362 5060 ejus
2391 4991 2584 5062 gentis
2613 4989 2837 5061 lingua,
2865 4989 3232 5047 salutiferam
3253 4990 3341 5048 eis
3369 4994 3682 5050 annuntiat

2023 5076 2424 5150 Evangelium.
2459 5079 2527 5136 Et
2553 5081 2751 5136 statim
2783 5093 2852 5134 ex
2882 5079 3089 5136 intimo
3121 5079 3302 5136 animi
3351 5081 3587 5150 ati'ectu,
3619 5083 3678 5139 in

2027 5183 2094 5224 co
2125 5169 2253 5239 ipso
2285 5167 2462 5238 fonte,
2495 5183 2660 5224 sacro
2688 5167 2954 5224 lavantur
2973 5167 3260 5239 baptismo
3296 5185 3310 5225 :
3343 5171 3680 5242 fructusque

2026 5255 2228 5313 itidem
2250 5255 2472 5313 arboris
2503 5256 2663 5312 illius
2691 5259 2944 5328 gustato,
2969 5257 3234 5314 omnium
3284 5258 3679 5330 pulcherrima

2029 5345 2131 5402 illa
2161 5345 2482 5403 mutatione
2512 5346 2908 5418 perfruuntur.
2945 5345 3263 5404 Fulvianus
3301 5364 3434 5405 vero
3478 5349 3678 5406 statim

2029 5434 2375 5506 pmnitentia
2404 5435 2630 5503 ductus,
2653 5439 2711 5490 et
2742 5435 2896 5508 quod
2929 5434 3369 5494 multitudinem
3407 5439 3478 5494 ad
3538 5455 3678 5510 apo-

2031 5522 2244 5581 stolum
2309 5521 2601 5581 conﬂuere
2670 5524 2908 5586 videret.
2992 5525 3358 5583 semulatioaﬁ
3443 5527 3680 5584 sinistra

342 5701 420 5775 (1)
443 5700 764 5782 Lapidibu
793 5716 941 5776 pene
969 5701 1234 5772 obrutus,
1270 5703 1344 5759 ad
1369 5705 1730 5776 postremum
1761 5704 1946 5761 securi
1979 5720 2306 5779 percussus.
