4016 6206
456 366 576 428 867

1752 357 2176 423 NICEPHORI
2218 358 2568 424 CALLISTI

3747 366 3869 430 868

458 517 763 569 accensus,
796 499 1045 572 graviter
1067 498 1124 554 id
1171 497 1335 567 ferre,
1385 509 1743 568 manumque
1787 495 2088 553 militarem

2214 493 2333 547 τιὰν
2370 493 2630 568 πέμπων,
2678 492 2972 551 συλλαϐεῖν
3019 493 3290 573 ἐπειρᾶτο.
3343 499 3445 565 Ὡς
3490 495 3549 552 δὲ
3593 495 3867 561 ἀδυνάτως

459 592 530 648 ad
560 608 692 649 eum
743 588 1346 659 eomprehendendum
1404 586 1651 643 mittere.
1676 588 1811 652 Quae
1859 602 1995 642 cum
2044 601 2106 642 re

454 680 665 736 infecta
752 678 987 748 rediret,
1054 677 1305 750 ipsemet
1378 674 1832 748 quamplurimis
1903 691 2105 731 secum

456 769 668 837 ductis,
702 773 902 824 contra
942 768 1266 840 apostolum
1297 767 1379 835 it;
1416 771 1589 840 atque
1644 768 1794 824 inter
1844 768 2102 824 eundum

453 860 626 931 plaga
669 857 949 914 invisibili
998 859 1170 919 ictus,
1224 857 1413 913 visum
1461 857 1695 913 amittit.
1751 857 1836 913 Ibi
1894 856 2099 912 multis

452 948 722 1021 precibus
751 949 1017 1021 apostolo
1041 952 1294 1017 exorato,
1327 949 1627 1005 oculorum
1686 947 1921 1020 quidem
1981 947 2098 1002 vim

449 1038 762 1108 pristinam
794 1038 1020 1110 recipit,
1053 1056 1151 1095 cor
1175 1043 1369 1095 autem
1419 1039 1547 1109 eius
1595 1038 1931 1094 induratum
1995 1055 2097 1093 cm~

450 1146 704 1202 cumque
744 1134 1064 1202 permanet.
1097 1130 1266 1187 Nulla
1321 1130 1477 1187 enim
1531 1130 1871 1202 interposita
1917 1144 2101 1197 mora,

449 1218 779 1290 apostolum
813 1219 992 1276 clavis
1014 1218 1203 1289 longis
1234 1223 1398 1276 terras
1413 1218 2019 1291 atl'igijubet,picique
2048 1226 2101 1273 et

448 1307 727 1364 bitumini
772 1307 1028 1364 ministri
1087 1308 1213 1378 ejus
1264 1307 1445 1364 multa
1492 1307 2102 1379 superaccumulantes

449 1401 770 1466 sarmenta,
803 1396 1227 1469 materiamque
1257 1397 1430 1454 aliam
1465 1396 1632 1453 facile
1669 1396 1864 1469 ignem
1914 1396 2098 1452 corri-

447 1487 704 1558 pientem
736 1484 1082 1556 injicientes,
1106 1485 1178 1541 ab
1208 1486 1478 1543 inferiore
1509 1490 1667 1556 parte
1723 1500 1850 1542 eam
1900 1501 2099 1543 accen-

447 1574 614 1631 dunt.
647 1575 861 1631 Verum
894 1591 961 1630 ea
991 1591 1082 1631 res
1112 1578 1320 1646 praeter
1348 1590 1512 1647 spem
1531 1579 1589 1630 et
1608 1574 2096 1645 exspectationem

446 1662 507 1717 in
542 1662 689 1718 roris
719 1662 1356 1734 evadit'refrigerium.
1411 1663 1573 1727 Quod
1629 1662 1728 1719 ubi
1782 1662 2097 1719 multitudo

442 1751 610 1822 vidit,
645 1751 898 1807 Matthtei
958 1751 1073 1807 Deo
1125 1757 1497 1824 aggregatur.
1558 1752 1831 1824 Princeps
1901 1759 2095 1808 autem

441 1839 704 1936 ediverso
736 1839 1057 1936 praestigias
1089 1856 1237 1936 esse,
1268 1857 1393 1912 quae
1424 1841 1687 1913 apostolo
1729 1841 2094 1936 accidebant,
2136 1871 2183 1936 Β

448 1929 716 1997 credens,
749 1933 807 1984 et
865 1928 953 1985 ira
1010 1930 1415 1998 exardescens,
1438 1946 1587 2002 quos
1644 1947 1712 1985 ex
1759 1934 1999 2002 argento
2046 1937 2102 1986 et

445 2034 587 2074 auro
647 2017 904 2075 habebat
961 2018 1210 2074 factitios
1280 2020 1419 2075 deos
1482 2019 1812 2089 (duodecim
1901 2025 2097 2076 autem

444 2108 635 2181 erant)
656 2108 845 2165 efferri
877 2108 1071 2180 iubet;
1103 2109 1304 2180 eisque
1335 2108 1555 2166 circum
1606 2109 1859 2165 Matthei
1897 2126 2097 2184 pyram

446 2197 770 2269 dispositis,
805 2201 867 2253 ut
906 2197 1173 2254 videlicet
1225 2214 1423 2254 eorum
1479 2215 1586 2269 epe
1632 2198 1787 2270 ignis
1843 2199 2098 2257 ofﬁcium

443 2303 616 2344 suum
651 2287 887 2356 faceret,
928 2287 1236 2344 incendere
1293 2287 1453 2344 illam
1501 2287 1777 2360 praecipit.
1829 2288 1914 2345 ita
1969 2306 2099 2345 sar-

443 2379 644 2433 menta
699 2375 933 2447 quidem
991 2375 1290 2433 ﬂammam
1354 2377 1701 2450 corripiunt,
1759 2377 2094 2433 incendium

443 2468 640 2522 autem
724 2466 999 2522 adversus
1057 2466 1199 2522 deos
1247 2465 1624 2533 convertitur,
1681 2482 1896 2539 eosque
1939 2483 2096 2524 com-

443 2554 655 2612 minuit
726 2552 1074 2611 difﬂuentes.
1137 2554 1300 2612 Unde
1374 2554 1742 2613 simulacrum
1815 2560 2090 2628 tanquam

444 2643 737 2716 serpentis
768 2643 1029 2701 ardentis
1077 2644 1351 2716 prosilit:
1402 2649 1459 2701 et
1505 2663 1537 2700 a
1595 2649 1752 2718 tergo
1814 2645 2094 2718 principis

443 2746 763 2805 prorepens
821 2749 954 2789 eum
1006 2732 1228 2806 ingenti
1276 2733 1451 2790 sibilo
1510 2749 1645 2790 eum
1705 2734 2090 2807 persequitur,

442 2826 526 2879 ita
557 2826 760 2879 utnon
791 2821 958 2877 facile
990 2822 1071 2878 illi
1120 2826 1277 2879 esset
1330 2822 1391 2879 in
1452 2824 1671 2895 regiam
1733 2840 1904 2881 suam
1960 2841 2090 2880 con-

442 2912 663 2983 fugere.
685 2910 1051 2983 Quapmpter
1079 2912 1405 2985 desperatis
1438 2912 1610 2969 rebus
1666 2911 1964 2981 omnibus,
1994 2913 2092 2971 ille

439 3001 633 3056 denuo
664 3000 737 3055 ad
804 3001 1133 3071 apostolum
1182 3002 1557 3070 convertitur,
1589 3018 1841 3074 eumque
1897 3005 1963 3059 ut
2017 3003 2090 3059 ab

434 3089 655 3162 impetu
715 3091 1128 3161 consequentis
1202 3107 1337 3147 eum
1434 3091 1721 3163 serpentis
1787 3090 2085 3160 liberetur,

431 3179 747 3236 obscerect.
780 3178 1093 3252 Apostolus
1122 3181 1508 3252 autem,quod
1533 3180 1676 3237 hora
1693 3181 1818 3252 jam
1844 3181 2086 3237 instaret

2214 582 2391 661 εἶχον,
2423 583 2584 649 αὐτὸς
2627 585 2711 639 ὅτι
2760 584 3050 649 πλείστους
3100 582 3603 663 περιϐαλλόμενος,
3635 586 3819 643 ἄπεισι
3850 607 3862 622 ⁵

2214 673 2303 727 καὶ
2331 670 2546 746 ἀοράτῳ
2598 674 2825 752 μάστιγι
2871 675 2966 738 τὰς
3008 674 3160 751 ὄψεις
3206 678 3530 752 πεπήρωτο.
3566 676 3768 734 Πολλᾶ
3814 674 3863 733 δὲ

2211 765 2315 816 τοῦ
2382 761 2696 819 ἀποστόλου
2752 762 3128 836 καταδεηθεὶς,
3181 766 3298 822 ίᾶτο
3354 768 3451 841 μὶν
3508 769 3606 829 τάς
3668 763 3861 841 ὄψεις*

2212 853 2315 922 τὴν
2349 849 2407 912 δὲ
2451 851 2673 928 καρδίαν
2716 851 2795 910 ἔτι
2824 857 3000 930 πηρὸς
3049 856 3141 927 ἦν.
3191 858 3290 912 Καὶ
3342 859 3542 935 μικρὸν
3591 856 3725 913 ὅσον
3772 878 3862 913 κα-

2214 941 2385 1013 θηλοῖ
2414 944 2510 1015 μὲν
2560 945 2653 1000 τὸν
2703 944 3006 1001 ἀπόστολον
3038 945 3202 1016 ἥλοις
3255 953 3489 1023 μακροῖς
3529 950 3672 1003 κατᾶ
3715 954 3817 1022 γῆν
3846 969 3860 984 ·

2215 1032 2384 1104 πίσσῃ
2437 1031 2494 1087 δὲ
2540 1034 2633 1088 καὶ
2691 1033 2955 1113 ἀσφάλτῳ
3005 1037 3096 1092 καὶ
3152 1035 3375 1107 πολλὴν
3434 1036 3863 1117 ἐπιφορήσαντες

2213 1119 2552 1195 κληματίδα,
2596 1123 2686 1177 καὶ
2741 1123 2880 1196 ὅλην
2930 1122 3109 1197 ἄλλην
3156 1126 3290 1201 πυρὶ
3349 1125 3523 1203 φίλην
3566 1124 3862 1183 ἐπιδαλόν-

2212 1230 2324 1281 τες,
2350 1214 2460 1288 πῦρ
2506 1211 2744 1268 κάτωθεν
2801 1213 3132 1286 ὑπανῆπτον.
3159 1216 3230 1271 Τὸ
3281 1212 3338 1270 δὲ
3383 1215 3531 1291 παρὰ
3579 1212 3746 1287 δόξαν
3792 1217 3861 1276 εἷς

2214 1297 2407 1374 δρόσον
2460 1300 2895 1375 μετεσκευάζετο.
2927 1305 3089 1360 Ταῦτ’
3139 1301 3344 1367 ἰδόντες
3388 1306 3453 1361 τὸ
3502 1304 3750 1376 πλῆθος.
3790 1310 3861 1377 τῷ

2215 1390 2495 1446 Ματθαίου
2543 1395 2662 1463 Θεῷ
2707 1391 3106 1468 προσετίθεντο.
3157 1398 3222 1454 Ὁ
3277 1391 3324 1448 δ’
3380 1392 3447 1448 αὖ
3503 1414 3568 1470 γε
3624 1399 3865 1469 κρατῶν,

2213 1477 2466 1552 γοητείαν
2517 1480 2651 1535 εἶναι
2698 1480 2765 1536 τὰ
2809 1485 2888 1553 τῷ
2933 1481 3229 1556 ἀποστόλῳ
3271 1480 3582 1557 τελούμενα
3633 1483 3861 1554 οἲηθεῖς.

2212 1567 2419 1640 καὶτῷ
2464 1569 2625 1643 θυμῷ
2671 1574 2974 1648 περιοργής
3021 1573 3287 1651 γεγονὼς,
3335 1571 3468 1636 τοὺς
3518 1570 3568 1643 ἐξ
3620 1573 3862 1650 ἀργύρου

2213 1656 2305 1710 καὶ
2362 1662 2574 1731 χρυσοῦ
2630 1661 3040 1733 πεποιημένους
3094 1661 3243 1734 αὖτῷ
3308 1663 3488 1731 θεοὺς,
3546 1659 3767 1717 δώδεκα
3820 1659 3863 1718 δ’

2211 1744 2371 1813 ἦσαν,
2434 1746 2727 1823 ἐξενεγκεῖν
2787 1747 3023 1820 ἐκέλευε,
3081 1750 3401 1828 περικύκλῳ
3456 1771 3516 1806 τε
3571 1758 3681 1823 τῆς
3736 1752 3862 1807 κατὰ

2212 1837 2307 1887 τοῦ
2354 1834 2630 1889 Ματθαίου
2678 1843 2942 1911 πυρκαϊᾶς
3001 1839 3322 1909 στήσαντας,
3367 1840 3469 1909 τὴν
3534 1838 3683 1909 ὕλην
3736 1840 3859 1895 ivi-

2216 1942 2386 1994 πτειν,
2421 1925 2495 1985 ὡς
2540 1923 2599 1977 ἄν
2648 1946 2708 2001 γε
2749 1931 2819 2000 τῇ
2868 1927 3045 1982 αὐτῶν
3090 1929 3282 2003 ἀρωγῇ
3336 1927 3404 1983 τά
3458 1927 3639 1983 οἰκεῖα
3695 1927 3861 2003 δράσι

2214 2011 2277 2066 τὸ
2325 2016 2452 2085 πῦρ.
2494 2013 2718 2069 Τούτων
2766 2011 2823 2068 δὲ
2864 2015 3196 2090 γενομένων,
3244 2016 3485 2087 ἀνῆπτον
3538 2018 3644 2087 τήν
3703 2015 3856 2087 ὕλην.

2213 2099 2282 2155 Τὸ
2314 2098 2370 2155 δὲ
2401 2105 2507 2177 πῦρ
2554 2102 2690 2157 κατᾶ
2718 2108 2827 2158 τῶν
2876 2105 3010 2159 θεῶν
3060 2104 3275 2179 μᾶλλον
3323 2105 3550 2180 ἐχώρει,
3600 2104 3698 2160 καῖ
3738 2107 3857 2160 τοὺ.

2211 2209 2338 2255 τους
2366 2189 2623 2247 ἐλέπτυνε
2669 2190 2909 2266 ῥέοντας.
2942 2192 3231 2267 Ὀμοίωμα
3261 2191 3308 2249 δ’
3351 2193 3555 2250 ἐκεῖθεν
3598 2196 3679 2257 ὡς
3705 2215 3862 2250 καιο-

2215 2278 2378 2351 μένου
2432 2279 2641 2355 ἐξέθορε
2697 2278 3014 2357 δράκοντος,
3064 2282 3154 2337 καὶ
3208 2287 3308 2339 τοῦ
3365 2284 3645 2358 βασιλέως
3692 2285 3862 2339 κατό-

2211 2371 2397 2424 πισθεν
2447 2372 2621 2445 εἷρπε,
2663 2371 2753 2425 καὶ
2804 2371 3050 2448 συρίττον
3104 2371 3243 2449 μέγα
3292 2372 3513 2429 ἐδίωκεν
3548 2393 3563 2407 ·
3607 2375 3688 2438 ὡς
3732 2372 3861 2447 μηδ’

2211 2458 2270 2513 ἐκ
2314 2462 2411 2515 τοῦ
2470 2458 2670 2535 ῥᾴστου
2720 2457 2909 2533 ἐκείνῳ
2966 2460 3161 2517 ἐνεῖναι
3207 2466 3315 2517 τῶν
3377 2461 3682 2538 βασιλείων
3732 2463 3862 2520 εἴσω

2210 2553 2437 2626 χωρεῖν.
2497 2549 2768 2604 Ἀπειπὼν
2828 2548 2945 2613 οὖν,
3012 2549 3100 2605 ἐπὶ
3167 2552 3260 2606 τὸν
3319 2551 3634 2608 ἀπόστολον
3707 2554 3859 2616 αὖθις

2208 2635 2436 2713 ἐγίνετο,
2485 2638 2576 2692 καὶ
2624 2645 2723 2708 τῆς
2773 2638 2953 2714 ὁρμῆς
3004 2643 3103 2694 τοῦ
3159 2641 3519 2715 καθέρποντος
3566 2639 3859 2713 ἠντιϐόλει

2207 2726 2485 2800 ῥυσθῆναι.
2534 2728 2592 2782 Ὀ
2641 2725 2688 2782 δ’
2737 2727 3045 2792 ἄπόστολος
3091 2735 3193 2800 τῆς
3244 2728 3389 2807 ὥρας
3434 2730 3544 2804 ἤδη
3596 2731 3863 2804 ἐνστάσης

2204 2817 2341 2890 πρὸς
2393 2816 2486 2871 τὸν
2539 2817 2886 2889 ποθοῦμενον
2943 2812 3238 2875 διαϐαίνειν
3313 2820 3566 2895 Χριστὸν,
3639 2823 3858 2877 πάντων

2204 2901 2305 2975 ἔξω
2360 2906 2673 2981 γενόμενος,
2731 2906 2962 2980 ἐπετίμα
3020 2908 3117 2981 μὶν
3168 2911 3249 2981 τῷ
3302 2908 3454 2983 πυρὶ,
3501 2909 3596 2965 καὶ
3660 2909 3854 2965 αὖτίκα

2203 2990 2482 3050 ἐσϐέννυτο
2514 3014 2528 3029 ·
2574 3009 2665 3050 και
2714 2996 2743 3050 ὁ
2792 2993 3005 3073 δράκῶν
3049 2996 3205 3061 εὐθὺς
3262 2998 3468 3074 ἀφανὴς
3517 3000 3611 3068 ἦν.
3663 3001 3852 3075 Ὑπερ-

2201 3084 2320 3138 πὼν
2370 3081 2428 3139 δὲ
2472 3088 2553 3156 τῷ
2598 3082 2824 3160 ἄρχοντι
2871 3085 2971 3141 ὅσα
3017 3084 3213 3165 ἐχρῆν,
3257 3088 3346 3142 καὶ
3399 3088 3606 3151 πάντας
3654 3088 3849 3164 εὐχαῖς

2200 3172 2475 3247 στηρίξας,
2524 3171 2576 3227 ἐν
2626 3172 2818 3248 εἷ’ρήνῃ
2872 3173 3017 3251 ἀφίει
3069 3176 3133 3231 τὸ
3180 3179 3413 3250 πνεῦμα,
3459 3177 3553 3232 καὶ
3612 3174 3852 3233 διέϐαινε

431 3234 563 3343 q...
584 3234 662 3327 .5
682 3234 1085 3328 dessem
1103 3234 2084 3341 .413:sua.m"t.1.‘.:.i;gij..i.'.;.

2202 3234 2333 3336 πρός
2364 3234 2618 3336 λριῖστόν.
2877 3234 2986 3336 μην
3031 3264 3176 3335 ἱερὸν
3225 3234 3327 3320 τοῦ
3371 3234 3691 3322 άποστόλου
3722 3276 3829 3339 σκῆ

431 3360 705 3416 omnibus
735 3357 1314 3433 postpositis,ignem
1364 3360 1667 3433 increpat:
1703 3361 1852 3419 205
1914 3366 2090 3434 atque

426 3446 481 3505 is
501 3452 734 3520 repente
789 3448 1191 3520 exstinguitur,
1224 3452 1282 3503 et
1321 3464 1563 3521 serpens
1612 3449 1710 3506 ille
1762 3452 2083 3509 evanescit.

428 3537 685 3612 Principi
715 3543 911 3596 autem
957 3538 1257 3604 extremis,
1291 3555 1415 3610 quas
1465 3540 1743 3611 oportuit,
1796 3541 2089 3598 mandatis

426 3629 726 3700 expositis,
784 3628 1169 3700 omnibusque
1231 3629 1561 3701 precatione
1612 3629 1993 3699 conﬁrmatis,
2028 3631 2085 3687 in

427 3733 570 3788 pace
599 3717 819 3774 emittit
846 3717 1141 3790 spiritum,
1159 3724 1212 3773 et
1243 3718 1315 3774 ad
1339 3718 1633 3775 Christum
1656 3719 1888 3776 transit.
1906 3720 2087 3791 Cujus

430 3806 665 3878 quidem
700 3822 925 3863 sacrum
959 3823 1172 3880 corpus
1213 3807 1271 3863 in
1301 3824 1476 3864 aureo
1507 3809 1858 3880 respositum
1911 3808 2080 3880 lecto,

431 3894 877 3968 splendidisque
910 3895 1228 3953 involutum
1253 3896 1761 3969 vestibus,pa|atio
1775 3898 2083 3957 Fulvianus

433 3987 633 4044 infert.
666 3987 849 4060 quue
876 4004 1023 4044 arcte
1068 3988 1285 4056 ferrea),
1319 3987 1558 4061 plumbo
1613 3988 1857 4061 insuper
1904 3989 2081 4061 probe

429 4077 798 4133 communita)
856 4076 1173 4146 inclusum,
1218 4078 1524 4134 demittere
1571 4077 1630 4133 in
1690 4094 1850 4134 mare
1893 4079 2078 4150 jubet,

430 4164 539 4219 hoc
567 4164 654 4222 sic
683 4166 946 4235 cogitans
973 4182 987 4220 :
1013 4166 1069 4220 Si
1100 4165 1173 4233 is,
1205 4167 1301 4237 qui
1333 4166 1474 4222 illud
1518 4165 1590 4221 ab
1649 4167 1784 4237 igne
1837 4182 2084 4224 conser-

428 4255 628 4309 vatum
656 4257 875 4309 tutatus
903 4259 1079 4321 esset,
1113 4254 1183 4309 ab
1216 4254 1391 4309 undis
1423 4269 1656 4324 quoque
1678 4258 1743 4309 ut
1780 4253 1840 4309 in
1899 4255 2082 4312 ferrea

429 4356 577 4397 urna
624 4341 883 4414 positum
952 4345 1374 4412 supernateret,
1433 4341 1780 4410 vindicaret,
1831 4358 1893 4399 se
1966 4344 2080 4402 diis

2197 3371 2289 3414 νος
2331 3349 2420 3406 ἐπὶ
2468 3349 2663 3422 κλίνης
2711 3347 2945 3427 χρυσέας
2994 3351 3048 3408 ἐν
3102 3349 3408 3428 διαφὰνέσιν
3461 3354 3768 3429 ἐσθήμαοιν
3825 3358 3855 3411 ὃ

2197 3435 2544 3504 Φουλϐιανὸς
2572 3438 2774 3503 ἐπιθεὶς
2822 3441 3023 3516 εἰσάγει
3055 3442 3189 3518 πρὸς
3237 3443 3306 3498 τὰ
3343 3443 3635 3519 ἀνάκτορα.
3671 3447 3856 3502 Γλωσ-

2195 3529 2421 3604 σοκόμῳ
2452 3527 2508 3585 δὲ
2553 3527 2785 3603 σιδήρου
2831 3533 3193 3605 πεποιημένῳ
3221 3532 3311 3587 καὶ
3361 3528 3623 3608 μολιϐδῳ
3673 3534 3849 3615 ἆσκφα⁸

2193 3618 2510 3693 λισάμενος,
2556 3618 2694 3676 κατᾶ
2737 3617 3013 3692 θαλάσσης
3060 3620 3273 3701 ἀφεῖναι
3312 3624 3669 3697 προστάσσει,
3701 3625 3856 3682 τοῦτ’

2191 3709 2246 3764 ἐν
2297 3714 2375 3783 νῷ
2442 3709 2689 3783 θέμενος,
2747 3710 2821 3771 ὡς
2871 3708 2932 3766 Εἰ
2979 3710 3008 3765 ὁ
3061 3714 3162 3767 τοῦ
3212 3711 3385 3788 πυρὸς
3442 3711 3619 3769 ἐκεῖνο
3671 3712 3855 3785 δείξας

2191 3799 2508 3877 ὑπέρτερον,
2543 3799 2657 3876 εἷ’γε
2699 3798 2768 3870 δὴ
2811 3802 2902 3856 καὶ
2948 3804 3047 3856 τοῦ
3094 3798 3287 3865 ὓδατος
3337 3799 3689 3874 διανήξασθαι
3748 3804 3852 3859 ὑπὸ

2188 3887 2414 3965 σιδηρέᾳ
2457 3893 2527 3963 τῇ
2587 3888 2813 3966 λάρνακι
2871 3888 3242 3965 κατισχύσειε,
3292 3895 3372 3962 τῷ
3429 3889 3642 3947 ἐκείνου
3693 3896 3852 3966 μόνῳ

2187 3978 2468 4054 λατρεῦσω
2526 3983 2666 4052 Θεῷ,
2715 3979 2863 4053 παρᾶ
2918 3977 3127 4058 φαῦλον
3181 3980 3311 4044 τοὺς
3363 3980 3534 4055 ἐμοὺς
3589 3983 3849 4056 θέμενος.

2185 4069 2333 4124 Ἐπεὶ
2369 4066 2416 4123 δ’
2445 4067 2618 4131 οὕτως
2668 4066 2813 4143 ἔχων
2856 4068 3160 4143 ερῥίπτετο,
3188 4070 3277 4125 καὶ
3320 4072 3457 4144 μετά
3506 4071 3699 4148 βραχὺ
3746 4080 3849 4142 τῆς

2185 4156 2387 4214 ἄνωθεν
2466 4152 2911 4230 διακυϐερνώσης
2984 4160 3197 4238 χειρὸς.
3271 4164 3342 4235 τῇ
3421 4159 3613 4237 χέρσῳ
3691 4162 3846 4225 αὖθις

2186 4247 2572 4318 ἐπανεσώζετο,
2630 4249 2666 4317 ἦ
2723 4246 2889 4310 πόλις
2959 4252 3105 4303 πᾶσα
3161 4248 3388 4323 χυθεῖσα
3455 4254 3556 4306 τοῦ
3626 4250 3847 4319 ἄστεος,

2182 4346 2280 4397 τοῦ
2328 4339 2626 4397 ἐπισκόπου
2678 4338 2967 4403 Πλάτωνος
3016 4342 3353 4417 ἡγουμένου,
3380 4343 3473 4398 τὸν
3527 4343 3637 4399 ὑπὸ
3693 4352 3850 4401 Ματ-

429 4431 554 4488 suis
579 4430 858 4487 omnibus
876 4430 1214 4503 repudiatis,
1239 4431 1341 4487 uni
1377 4447 1550 4504 quem
1581 4430 1678 4489 ille
1707 4433 2079 4505 prmdieasset

2202 4431 2340 4486 Ιαίου
2407 4430 2812 4507 κηρυττόμενον
2883 4430 3157 4504 ἀνόμνουν
3218 4432 3371 4491 Θεόν.
3428 4432 3719 4490 Ἀπειπὼν
3795 4432 3851 4489 δὲ

428 4522 564 4590 Deo,
610 4536 711 4592 per
758 4519 987 4591 pietatis
1038 4519 1283 4588 cultum,
1333 4520 1704 4579 serviturum.
1737 4523 1880 4581 Cum
1940 4541 2075 4596 ergo

2202 4525 2296 4582 ςοῖς
2351 4519 2507 4584 ὅλοις
2574 4521 2662 4575 καὶ
2743 4514 3113 4585 Φουλϐιανδς,
3171 4520 3234 4577 τὸ
3310 4523 3454 4577 θεῖον
3528 4520 3850 4600 εἰσδέχεται

423 4610 507 4667 ita
553 4610 613 4667 in
670 4626 831 4667 mare
896 4610 1292 4682 proiiceretur,
1353 4611 1665 4684 statimque
1729 4613 1927 4670 divina
2012 4616 2067 4671 id

2202 4608 2505 4683 ὶάπτισμα’
2564 4610 2652 4665 καὶ
2710 4610 2830 4679 τὴν,
2889 4610 3182 4681 Ματθαῖος,
3241 4605 3584 4684 διαμείϐεται
3639 4613 3848 4685 κλῆσιν

426 4700 655 4757 caelitus
685 4700 1050 4772 gubernante
1080 4716 1252 4757 manu
1321 4700 1379 4756 in
1428 4701 1620 4758 littore
1678 4718 1910 4759 rursum
1971 4721 2073 4760 ex-

2202 4708 2235 4752 ῐν
2280 4696 2583 4773 ἀπορρήτῳ
2630 4701 2728 4753 τοῦ
2778 4697 3089 4754 ἀποστόλου
3139 4697 3498 4776 μυσταγωγίᾳ
3526 4717 3544 4733 ⁸
3594 4701 3699 4757 καὶ
3743 4704 3849 4758 αὖ·

424 4796 740 4866 poneretur
778 4809 792 4850 :
837 4792 1091 4866 populus
1131 4793 1436 4851 universus
1483 4795 1624 4852 urbe
1668 4796 1910 4860 effusus,
1942 4797 2071 4852 Pla-

2202 4787 2303 4843 είκα
2360 4788 2556 4853 πάντες
2612 4789 2665 4843 οἱ
2725 4788 2827 4844 ὑπὸ
2885 4793 3049 4866 χεῖρα
3100 4789 3202 4860 τήν
3255 4790 3512 4864 πατρῴαν
3565 4788 3845 4849 δεισιδοι-

422 4890 556 4940 tone
612 4882 882 4955 episcopo
930 4887 1243 4954 praeeunte,
1294 4884 1530 4958 hymnis
1598 4884 1986 4957 laudibusque
2041 4905 2072 4943 a

2202 4877 2375 4933 κονίαν
2421 4876 2906 4955 ἀποῤῥαπίζοντες,
2957 4878 3021 4933 τὸ
3067 4879 3211 4934 θεῖον
3266 4877 3499 4955 λουτρὸν
3557 4886 3851 4954 κατησπάο

424 4971 694 5029 Mattbteo
739 4971 1111 5044 praedicatum
1153 4972 1513 5030 concelebrat
1534 4973 2072 5033 Deum.Fulvinnus

421 5076 579 5124 vero,
611 5060 785 5117 rebus
816 5062 1088 5118 omnibus
1142 5061 1495 5134 posthabitis
1540 5076 1776 5120 sacrum
1828 5063 2074 5135 suscipit

424 5150 807 5224 baptismum,
883 5157 935 5207 et
1015 5150 1271 5208 Matthaai
1331 5151 1443 5207 sibi
1527 5166 1739 5208 nomen
1816 5157 2067 5223 arrogat,

422 5238 646 5297 occulto
676 5239 932 5311 quodam
971 5256 1302 5313 arcanaque
1328 5240 1574 5313 apostoli
1624 5240 1825 5298 ductu.
1859 5241 2071 5298 Simul-

420 5328 675 5400 que,qui
704 5328 832 5401 ejus
861 5327 1107 5400 imperio
1127 5329 1348 5386 subditi
1379 5334 1564 5399 erant,
1585 5345 1787 5387 omnes
1819 5332 2067 5403 patriam

420 5414 892 5488 superstitionem
995 5415 1344 5488 rejieientes,
1443 5417 1702 5475 divinum
1809 5419 2070 5492 comple-

420 5508 662 5562 ctuntur
707 5505 1023 5562 lavacrum.
1088 5505 1307 5564 Deinde
1364 5511 1498 5579 post
1543 5525 1727 5565 annos
1778 5513 1895 5565 tres
1942 5509 2067 5581 epi-

419 5609 637 5667 scopus
707 5610 940 5668 quoque
996 5595 1157 5653 Plato
1216 5597 1287 5653 ad
1333 5598 1692 5670 sempiterna
1733 5598 2069 5655 conscendit

422 5682 815 5744 tabernacula.
850 5685 1024 5742 Porro
1067 5685 1382 5744 Fulvianus
1434 5686 1623 5744 adhuc
1670 5687 1895 5744 vivente
1942 5688 2068 5760 epi-

2181 4973 2358 5037 ζοντο.
2391 4968 2582 5043 Τρίτος
2631 4966 2808 5039 ἐξήκει
2853 4968 2986 5041 μετὰ
3034 4971 3198 5023 τοῦτο
3245 4969 3509 5041 ἐνιαυτὸς,
3541 4972 3639 5026 καὶ
3693 4971 3849 5028 Πλά-

2175 5079 2285 5115 των
2335 5058 2430 5131 μὲν
2475 5058 2504 5111 ὁ
2553 5055 2849 5119 ἐπίσκοπος
2892 5056 3028 5133 πρὸς
3072 5058 3171 5121 τὰς
3218 5056 3474 5123 αἰωνίους
3526 5062 3843 5139 μετεχώρει

2178 5148 2423 5220 σκηνάς·
2488 5143 2833 5208 Φουλϐιανὸς
2881 5144 2928 5201 δ’
2986 5142 3065 5202 ἔτι
3114 5152 3318 5218 ζῶντος
3374 5153 3473 5206 τοῦ
3531 5148 3846 5208 ἐπισκόπου

2178 5235 2336 5311 ἇίλλῳ
2371 5236 2466 5311 μὲν
2512 5243 2612 5307 τῆς
2661 5235 2844 5312 ἀρχῆς
2874 5237 3210 5313 παρεχώρει,
3258 5234 3423 5303 αὒτὸς
3460 5236 3520 5295 δὲ
3565 5244 3847 5298 ταπεινώο

2178 5345 2312 5388 σεως
2358 5331 2552 5402 σχῆμα
2589 5318 3085 5399 περιϐαλλόμενος,
3133 5323 3201 5380 τά
3248 5324 3368 5400 ἱερά
3413 5346 3474 5383 τε
3528 5331 3648 5383 τῶν
3708 5335 3843 5407 Χρι-

2177 5418 2404 5471 στιανῶν
2467 5414 2692 5488 μυηθεὶς
2746 5408 2930 5490 ὄργια,
2975 5414 3075 5483 τήν
3126 5417 3225 5470 τοῦ
3283 5412 3668 5492 πρεσϐυτέρου
3725 5441 3844 5496 χει·-

2178 5502 2427 5578 ροτονίαν
2456 5501 2603 5576 παρὰ
2631 5504 2729 5556 τοῦ
2778 5499 2925 5555 θείου
2955 5497 3315 5576 καταδέχεται
3365 5502 3682 5571 Πλάτωνος
3712 5526 3729 5538 ·
3782 5506 3841 5560 οὗ

2180 5594 2315 5668 μετὰ
2368 5592 2467 5660 τὴν
2528 5588 2729 5647 ἐνθένδε
2784 5588 3135 5665 ἀπαλλαγὴν,
3183 5594 3283 5645 τοῦ
3342 5594 3637 5650 θεσπεσίου
3701 5597 3842 5651 ἄπο-

2177 5681 2376 5740 στόλου
2433 5678 2524 5737 διὰ
2579 5685 2898 5758 νυκτερινῆς
2959 5681 3264 5753 μυήσοντος
3323 5680 3530 5758 ὄψεως,
3579 5686 3680 5741 καὶ
3743 5688 3836 5757 τήν
