4016 6206
193 313 314 377 869

1215 311 1837 375 ECCLESIASTIGIE
1883 313 2272 378 HISTORIIE
2315 316 2468 377 LIB.
2514 316 2591 377 ll.

3487 317 3608 381 870

193 449 341 520 ἀξίαν
399 456 500 520 τῆς
557 449 856 520 ἐπισκοπῆς
911 445 1280 524 ἆναδέχεταιο
1329 448 1572 524 γνησίως
1641 444 1698 502 δὲ
1757 452 1838 521 τῷ

1970 465 2152 524 scopo,
2209 449 2308 506 alii
2345 465 2590 522 regnum
2651 451 2941 508 concessit
2974 468 2987 506 :
3019 456 3076 508 et
3133 451 3259 524 ipse
3305 452 3613 509 submissae

192 534 516 613 Εὐαγγελίῳ
548 537 915 612 ὑπηρετήσας,
946 535 1036 590 καὶ
1079 533 1326 597 πολλοὺς
1359 531 1448 589 διὰ
1476 541 1575 604 τῆς
1606 535 1841 598 πίστεως

192 624 484 688 οἷκειὼσας
549 629 687 699 Θεῷ,
757 625 892 700 πρὸς
953 625 1052 694 τήν
1121 623 1327 698 ἀμείνω
1388 625 1532 694 ζωήν
1603 621 1838 699 μεταϐἑο

193 709 383 786 ϐηκεν.

1950 541 2300 598 humilitatis
2353 539 2558 595 habitu
2635 545 2960 614 assumpto,
3011 556 3146 598 cum
3203 542 3610 600 secretioribus

1947 628 2414 685 Christianorum
2439 627 2702 684 initiatus
2731 633 2820 685 est
2877 629 3080 696 sacris,
3105 637 3230 684 tum
3283 628 3607 704 presbyteri

1946 718 2376 774 ordinationem
2402 735 2436 772 a
2475 718 2606 773 divo
2637 718 2895 790 suscepit
2951 719 3204 775 Platone.
3239 719 3378 776 Post
3433 721 3604 792 cujus

193 823 262 864 ex
327 807 440 864 hac
483 807 600 864 vita
651 807 982 875 decessum,
1011 807 1084 863 ab
1123 810 1325 864 sancto
1383 806 1646 878 apostolo
1697 819 1798 876 per
1854 812 2193 864 nocturnam
2253 807 2535 864 visionem
2607 807 2942 864 admonitus
2989 813 3162 881 atque
3222 815 3610 879 consecratus,

191 897 590 970 episcopalem
621 912 851 970 quoque
875 895 1193 968 assumpsit
1217 896 1512 953 honorem.
1547 899 1774 951 Etcum
1809 894 1918 952 rite
1946 913 2107 953 sacro
2139 897 2531 954 ministrasset
2560 897 2886 970 Evangelio,
2919 897 3248 971 multosque
3285 917 3386 972 per
3428 901 3600 956 {idem

195 985 588 1044 lucrifeeisset
617 987 756 1053 Deo,
778 985 953 1043 vitam
987 1001 1222 1058 quoque
1252 986 1404 1042 hanc
1433 984 1668 1042 meliore
1699 984 1814 1042 alia
1837 989 2235 1044 commutavit.

795 1133 1052 1186 ΚΕΦΑΛ.
1096 1129 1226 1186 ΜΒ’.

195 1238 360 1313 Περὶ
395 1240 513 1313 τοῦ
543 1234 734 1313 ἆγίου
770 1236 1166 1313 ἀποστόλου
1194 1232 1850 1313 καὶ-εὐαγγελιστοῦ

266 1255 360 1312 ερι
395 1259 513 1293 του
543 1255 734 1313 αγιου
770 1255 1166 1292 αποστοΑου
1194 1255 1303 1290 και
1336 1256 1495 1313 ευαγ
1560 1255 1850 1290 εΛιστου

266 1309 592 1367 Ἰωάννου
639 1313 762 1383 τοῦ
793 1307 1168 1383 Θεολόγου,
1214 1308 1320 1362 καὶ
1361 1255 1700 1377 τῆςθείας
1735 1305 1850 1361 αὖ·

263 1385 386 1436 τοῦ
419 1379 907 1454 μεταστάσεως
935 1422 948 1438 .

267 1524 483 1586 Λοιπὸς
531 1523 708 1578 τοίνυν
757 1524 894 1593 ἡμῖν
930 1519 1342 1598 ὁὴγαπημένος
1391 1520 1482 1576 καὶ
1531 1519 1852 1590 ἐπιστήθιος

201 1615 461 1688 μαθητής
481 1632 494 1645 ⁸
529 1613 592 1668 οὗ
621 1613 717 1676 τὰς
744 1609 1034 1688 περιόδους
1063 1611 1154 1666 καῖ
1183 1614 1282 1674 τὰς
1323 1609 1377 1664 ἐν
1410 1609 1597 1672 αὐταῖς
1648 1612 1853 1680 Osos-n-

201 1705 364 1776 μείας
401 1702 494 1756 καὶ
527 1702 817 1779 ὑπερφυεῖς
854 1701 1082 1776 πράξεις
1128 1721 1187 1755 τε
1233 1700 1324 1754 καὶ
1374 1697 1660 1775 θεολογίας
1707 1699 1857 1776 ἀφη-

2562 1132 2802 1190 CAPUT
2841 1133 3012 1190 XLII.

1958 1242 2036 1295 De
2084 1247 2268 1295 sancto
2314 1239 2558 1310 afostolo
2607 1245 2659 1294 et
2723 1240 3057 1309 evangelista
3130 1242 3357 1310 Joanne,
3413 1247 3466 1296 et
3541 1240 3606 1296 de

2403 1311 2593 1367 divina
2621 1315 2740 1384 ejus
2768 1312 3157 1370 translatione.

2029 1533 2306 1603 Superest
2355 1531 2524 1588 nobis
2597 1533 2850 1588 Joannes
2916 1531 3164 1589 dilectus
3220 1532 3339 1603 ille,
3390 1534 3606 1608 quique

1959 1636 2144 1693 supra
2176 1628 2379 1692 peclus
2403 1619 2668 1692 Magistri
2729 1619 3014 1688 recubuit,
3049 1620 3402 1693 discipulus:
3437 1625 3604 1692 cujus

1961 1709 2372 1782 profectiones,
2407 1709 2466 1764 in
2512 1711 2713 1782 eisque
2745 1709 3025 1766 miracula
3063 1709 3376 1783 divinaque
3431 1728 3606 1784 opera

199 1793 412 1869 γεῖοθαι
439 1792 520 1853 εἰς
551 1791 751 1846 λεπτὸν
798 1791 1106 1858 κατιόντας,
1147 1789 1328 1862 ὥσπερ
1365 1790 1458 1843 καὶ
1506 1792 1614 1843 τῶν
1662 1785 1849 1842 ἄλλων

1970 1799 2113 1854 edita
2154 1799 2541 1871 miriﬁcosque
2579 1802 2636 1854 et
2681 1816 2923 1856 areanos
2984 1799 3055 1855 de
3110 1800 3224 1856 Deo
3281 1816 3612 1865 sermones,

202 1884 466 1956 μαθητῶν
493 1881 585 1936 καὶ
613 1879 964 1951 ἀποστόλων,
995 1881 1131 1955 πρὸς
1162 1883 1240 1952 τῷ
1281 1878 1560 1952 ἀμηχάνῳ
1603 1877 1696 1932 καὶ
1745 1883 1845 1946 τῆς

201 1971 299 2026 εἰνὰ
336 1975 531 2046 χεῖρας
578 1969 952 2046 πραγματείας
994 1989 1054 2025 τε
1096 1969 1187 2024 καὶ
1239 1965 1455 2043 σχολῆς
1498 1967 1574 2028 ὡς
1622 1964 1848 2042 ποβρω-

199 2061 350 2116 τάτω
407 2059 648 2132 μάλιστα
705 2059 844 2114 εἶναι
889 2058 1118 2132 νομίζω.
1173 2058 1478 2134 Ἰστόρηται
1529 2057 1576 2111 δ’
1625 2056 1740 2126 οὖν,
1773 2056 1849 2120 ὡς

198 2151 224 2204 ὁ
269 2149 556 2211 θειότατας
605 2149 763 2204 οὗτος
815 2146 1203 2224 εὐαῃελιστὴς
1254 2147 1390 2220 μετὰ
1435 2148 1536 2216 τήν
1569 2145 1644 2206 εἷς
1683 2145 1847 2221 οὐρα-

195 2239 317 2304 νοὺς
345 2237 548 2294 ἄνοδον
595 2243 776 2310 Ἰησοῦ
825 2245 988 2308 συνῆν
1034 2241 1103 2312 τῇ
1156 2239 1323 2312 μητρί
1375 2240 1474 2292 τοῦ
1521 2240 1656 2292 Θεοῦ
1685 2235 1734 2290 ἐν
1766 2239 1846 2304 τῷ

196 2328 336 2385 κατᾶ
386 2329 492 2398 τὴν
547 2327 686 2383 Σιὼν
738 2325 876 2400 οἷ’κῳ
926 2325 1088 2382 αὐτοῦ
1138 2323 1268 2401 ἄχρι
1314 2331 1414 2396 τῆς
1462 2324 1599 2400 πρὸς
1647 2323 1846 2400 Κύριον

197 2415 470 2491 ἐκδημίας
539 2415 710 2486 αὐτῆς
745 2435 759 2450 ⁸
827 2415 1015 2472 ἔπειτα
1080 2413 1128 2470 δ’
1183 2414 1235 2470 ἐν
1303 2414 1460 2486 Ἀσίᾳ
1531 2411 1845 2490 γενόμενον,

197 2504 650 2584 εὐαγγελίζεσθαι
680 2506 772 2562 τὸν
820 2504 1054 2580 Χριστὸν
1080 2523 1094 2536 ·
1146 2498 1270 2560 ἔνθα
1317 2503 1407 2558 καὶ
1445 2503 1536 2558 τὸν
1586 2503 1712 2558 ναὸν
1743 2509 1845 2572 τῆς

194 2593 526 2672 ’Δρτὲμιδος
587 2592 995 2669 κατηδᾶφισεν·
1043 2593 1096 2648 ἐν
1152 2590 1211 2648 δὲ
1261 2597 1341 2666 τῷ
1389 2591 1524 2648 κατὰ
1591 2600 1850 2666 Δομετια-

198 2684 290 2738 νὸν
325 2680 568 2759 διωγμῷ
599 2681 652 2738 ἐν
687 2681 895 2757 Πάτμῳ
932 2685 1000 2756 τῇ
1048 2682 1198 2754 νήσῳ
1249 2680 1510 2754 ὑπερορίῃ
1553 2675 1848 2734 καταδικα-

198 2773 399 2841 σθῆναι
429 2775 512 2843 τῷ
554 2771 798 2845 τετάρτῳ
833 2769 926 2826 καὶ
977 2767 1186 2843 δεκάτῳ
1232 2763 1335 2824 ἔτει
1387 2766 1551 2823 αὐτοῦ
1597 2774 1698 2837 τῆς
1751 2767 1844 2842 ἀρ-

199 2868 334 2936 χῆς.
398 2861 564 2916 ’Ένθα
623 2856 692 2929 δὴ
735 2859 826 2916 καὶ
873 2861 937 2915 τὸ
981 2859 1101 2914 κατ’
1157 2856 1317 2914 αὐτὸν
1367 2855 1702 2932 Εὖαγγὲλιον
1753 2855 1850 2930 ἒμο

197 2949 490 3011 πνευσοεῖς
520 2953 601 3022 τῷ
637 2947 775 3025 ἁγίῳ
826 2947 1120 3045 Πνεῦματῦ
1151 2947 1381 3045 ὑψηλως
1428 2943 1812 3021 ἆνεϐρόντησιν
1837 2964 1852 2979 ο

199 3037 353 3094 ἀλλὰ
387 3035 456 3107 δὴ
507 3038 596 3093 καὶ
647 3039 748 3107 τήν
797 3039 943 3114 ἱερὰν
993 3033 1159 3093 αὐτοῦ
1197 3035 1286 3092 καὶ
1335 3033 1513 3091 ἔνθεον
1562 3035 1850 3090 ’Δποκάο

205 3127 452 3202 λυψιν.
505 3127 654 3185 Μετεὶ
702 3147 764 3204 γε
798 3128 906 3200 μὴν
958 3127 1060 3196 τὴν
1109 3128 1440 3199 Δομετιανοῦ
1487 3122 1746 3192 τελευτήν
1776 3123 1852 3185 εἷς

1959 1889 2133 1945 sicuti
2166 1893 2222 1945 et
2254 1889 2500 1945 aliorum
2534 1888 2948 1961 discipulorum
2973 1893 3030 1945 et
3088 1889 3484 1962 apostolorum
3518 1905 3612 1944 res

1956 1982 2168 2052 gestas,
2239 1978 2544 2050 sigillatim
2625 1995 2933 2051 exponere,
2992 1983 3372 2051 przeterquam
3455 1980 3608 2050 quod

1953 2065 2167 2120 virium
2202 2069 2538 2121 nostrarum
2571 2082 2688 2122 non
2739 2071 2848 2130 est,
2883 2065 2956 2122 ab
3002 2065 3271 2122 instituto
3329 2067 3486 2138 quod
3548 2065 3606 2120 in

1962 2152 2239 2210 manibus
2269 2153 2558 2211 habemus
2589 2171 2760 2226 opere
2790 2155 2944 2212 206
2977 2153 3230 2211 alienum
3279 2155 3450 2210 etiam
3483 2169 3614 2210 esse

1957 2243 2232 2300 arbitror.
2294 2243 2566 2299 Sedenim
2619 2243 2997 2298 historiarum
3043 2247 3422 2298 monumenta
3480 2259 3614 2315 pro-

1957 2331 2125 2399 dunt,
2158 2331 2587 2388 divinissimum
2620 2330 2770 2388 hunc
2799 2331 3248 2402 Evangelistam,
3279 2335 3409 2400 post
3469 2331 3612 2386 Jesn

1959 2419 2014 2474 in
2048 2419 2257 2476 cmlum
2291 2434 2772 2490 ascensum,cum
2805 2419 2986 2474 Matre
3017 2417 3118 2474 Dei
3149 2417 3208 2474 in
3239 2434 3303 2474 ea
3333 2434 3509 2490 quam
3541 2419 3614 2473 ad

1955 2509 2091 2564 Sion
2145 2508 2325 2564 fuisse
2380 2507 2737 2580 scripsimus,
2767 2508 2940 2564 domo
2997 2523 3102 2563 sua
3159 2506 3388 2574 vixisse,
3424 2523 3612 2580 usque

1957 2599 2028 2654 ad
2061 2597 2221 2654 illius
2251 2599 2321 2655 ad
2367 2598 2680 2654 Dominum
2721 2597 3148 2670 migrationem.
3178 2597 3382 2653 Postea
3418 2603 3611 2654 autem

1957 2687 2018 2743 in
2046 2686 2182 2743 Asia
2239 2687 2537 2744 Christum
2597 2703 2698 2759 per
2755 2685 3127 2756 Evangelium
3189 2685 3614 2759 promulgasse,

1959 2775 2158 2848 ibique
2212 2776 2498 2850 templum
2560 2775 2755 2832 Dianae
2810 2776 2935 2832 solo
3019 2791 3300 2848 aequasse.
3333 2775 3616 2832 Caeterum

1961 2865 2382 2938 persecutionis
2419 2865 2531 2921 sub
2590 2864 2917 2921 Domitiano
2950 2871 3206 2938 tempore
3263 2863 3462 2920 exsilio
3519 2865 3620 2920 da-

1962 2959 2230 3010 mnatum
2262 2959 2318 3010 et
2347 2955 2404 3009 in
2437 2954 2690 3010 insulam
2723 2953 2985 3010 Palmum
3029 2953 3346 3027 relegatum
3395 2953 3618 3010 decimo

1963 3048 2171 3117 quarto
2201 3043 2430 3116 imperii
2462 3043 2617 3100 illius
2646 3059 2818 3112 anno,
2853 3043 2955 3099 ubi
2986 3042 3204 3100 scilicet
3233 3043 3452 3116 Spiritu
3482 3061 3618 3100 sau-

1967 3140 2056 3188 cio
2087 3131 2317 3204 plenus,
2347 3131 2720 3204 Evangelium
2752 3148 2920 3188 suum
2952 3131 3239 3189 sublimen
3279 3131 3340 3189 in
3373 3133 3613 3189 modum

200 3199 644 3290 τήν-τῆςἋσίας
694 3199 920 3296 ’Ἔφεσον
967 3215 1226 3286 ἀνελθὼν,
1276 3215 1371 3278 τὰς
1420 3214 1604 3270 αὐτόθι
1653 3213 1852 3285 ἐκκλη-

1970 3221 2244 3290 intonuit,
2267 3237 2614 3293 sacramque
2661 3226 2719 3278 et
2767 3221 3050 3278 divinitus
3080 3221 3424 3294 inspiratam
3457 3227 3616 3295 Apo-

201 3311 324 3372 σίας
356 3307 575 3364 διεῖπε⁶
621 3309 713 3363 καὶ
759 3314 835 3378 πῆ
891 3307 986 3382 μὲν
1028 3307 1164 3370 νεὼς
1207 3303 1414 3376 ἂνίστα,
1463 3305 1551 3360 καὶ
1613 3301 1858 3378 κλήρους

203 3397 380 3460 ὅλους
430 3397 728 3472 ἡρμόζετο,
755 3397 847 3452 καὶ
877 3401 956 3470 τῷ
987 3395 1115 3469 θείῳ
1163 3395 1262 3462 τὴν
1313 3394 1612 3469 ἱερωσύνην
1653 3393 1857 3465 κατήρ·

197 3494 322 3559 τιζε
355 3488 635 3562 Πνεῦματι
661 3506 675 3519 ·
718 3485 771 3544 ἕν
800 3509 907 3544 τινι
953 3485 1010 3542 δὲ
1057 3485 1216 3543 πόλει
1247 3486 1559 3560 γενόμενος,
1607 3484 1700 3539 καί
1743 3501 1860 3538 τινα

199 3578 488 3635 νεανίσκον
549 3577 701 3649 ἰδὼν,
760 3579 968 3635 ἀστεῖον
1024 3577 1121 3651 μὲν
1196 3575 1296 3645 τὴν
1359 3573 1506 3650 ὄψιν,
1553 3573 1860 3647 ὑπόθερμον

202 3668 264 3724 δὲ
296 3671 403 3740 τήν
425 3669 638 3747 ψυχήν,
657 3672 736 3740 τῷ
766 3665 1048 3740 ἒπισκόπῳ
1072 3661 1373 3740 ἐμϐλέψας.
1405 3667 1568 3718 Τοῦτ
1584 3683 1674 3733 ον,
1707 3656 1825 3738 ἔφη
1845 3701 1860 3727 ,

205 3779 318 3814 σοι
379 3757 1018 3832 παρακατατίθεμαι
1085 3751 1345 3827 σπουδῇ
1402 3757 1482 3826 τῇ
1531 3752 1704 3824 πάσῃ
1757 3748 1862 3804 ἐπὶ

207 3849 512 3924 μάρτυρι
541 3845 630 3921 τῷ
660 3850 923 3923 Χριστῷ
945 3844 1054 3902 καὶ
1083 3847 1162 3919 τῇ
1193 3841 1574 3912 Ἐκκλησία
1623 3837 1860 3894 αὐτοῦ.

205 3939 320 3995 Καὶ
353 3939 386 3993 ὁ
420 3938 518 4012 μὲν
558 3934 802 4012 ἐδέχετο,
854 3935 1236 4015 ὑπεσχημένος
1285 3934 1386 3988 ὅσα
1434 3931 1662 4001 καθήκει
1711 3929 1788 4003 μή
1814 3925 1866 3982 ἐν

204 4024 460 4101 δευτέρῳ
489 4029 762 4083 ποιεῖσθαι
783 4047 797 4062 ⁸
829 4028 1089 4098 Ἰωάννης
1121 4023 1179 4080 δὲ
1207 4025 1283 4086 εἰς
1315 4025 1548 4095 Ἔφεσον
1597 4015 1774 4076 ἔπλει.
1806 4023 1866 4074 ‘0

205 4119 268 4176 δὲ
305 4113 501 4176 λαϐὼν
549 4119 638 4174 τὸν
677 4117 974 4188 νεανίσκον,
1025 4116 1169 4172 οἷ’κοι
1223 4115 1316 4188 μὲν
1359 4114 1481 4190 εἶχε
1521 4110 1610 4166 καὶ
1656 4111 1866 4188 τρέφων

201 4207 460 4266 ἔθαλπεο
491 4208 586 4264 καὶ
615 4213 696 4282 τῷ
743 4209 884 4286 φωτῖ
913 4213 1161 4284 προσῆγε
1201 4210 1302 4274 τῆς
1351 4203 1628 4279 γνώσεως.
1680 4199 1868 4273 Χρόνῳ

200 4299 254 4355 δ’
288 4297 392 4356 οῦν
437 4301 539 4369 τῆς
584 4294 845 4375 ἀκριϐοῦς
896 4293 1215 4372 ἐπιμελείας
1269 4291 1511 4372 ὑφίησιν,
1543 4291 1619 4353 ὡς
1665 4289 1730 4345 τὸ
1780 4288 1870 4346 τέ-

200 4389 370 4446 ).ειον
423 4391 523 4458 τῆς
570 4388 708 4444 κατᾶ
756 4388 991 4463 Χριστὸν
1041 4379 1335 4462 σφραγῖδος
1386 4381 1679 4452 ἐπιστήσας
1725 4377 1872 4450 αὖτῷ

192 4483 283 4551 τῷ
319 4474 373 4530 δ’
434 4473 664 4538 ἀνέσεως
710 4475 858 4531 οὕτω
903 4475 1010 4550 πρὸ
1059 4473 1203 4547 ὥρας
1251 4468 1648 4542 ἐπειλημμὲνῳ
1695 4487 1874 4542 προσ-

1965 3309 2249 3383 calypsim
2281 3309 2542 3383 protulit.
2575 3309 2681 3375 Qui
2713 3311 2919 3367 deinde
2952 3320 3078 3382 post
3126 3309 3442 3367 Domitiani
3491 3311 3616 3367 obi-

1965 3403 2090 3456 tum
2116 3400 2409 3471 Ephesum
2457 3399 2516 3456 in
2568 3399 2766 3456 Asiam
2819 3415 3104 3469 reversus,
3140 3416 3265 3472 qum
3323 3399 3404 3454 ibi
3463 3400 3621 3455 fuere

1967 3487 2238 3545 ecclesias
2260 3489 2426 3556 rexit,
2459 3487 2674 3560 templa
2701 3492 3074 3558 construens,
3107 3489 3325 3543 clerum
3382 3503 3614 3542 omnem

1967 3578 2200 3645 docens,
2231 3575 2749 3648 ecclesiatrumque
2777 3593 2968 3632 sacros
2995 3575 3290 3632 ministros
3329 3575 3610 3631 instinctu

1967 3665 2219 3736 Spiritus
2241 3663 2426 3722 sancti
2465 3665 2537 3720 ad
2571 3665 2980 3735 perfectionem
3019 3663 3348 3720 instituens.
3380 3663 3451 3718 Et
3478 3679 3607 3719 cum

1971 3753 2286 3826 aliquando
2343 3753 2402 3808 in
2465 3752 2695 3810 civitate
2752 3753 3004 3826 quadam
3065 3755 3238 3820 esset,
3273 3751 3610 3808 adolescen-

1972 3851 2204 3914 lcmque
2235 3843 2394 3899 vultu
2441 3843 2678 3916 quidem
2725 3841 2951 3898 liberali
3013 3849 3068 3896 et
3121 3841 3386 3909 honesto,
3419 3838 3614 3894 animo

1971 3937 2171 3990 tamen
2202 3937 2256 3988 et
2289 3931 2522 4004 ingenio
2556 3931 2771 3988 fervido
2828 3930 3245 4002 conspexisset,
3277 3929 3615 4000 episcopum

1973 4022 2083 4079 loci
2116 4022 2243 4094 ejus
2272 4021 2542 4091 intuitus,
2566 4023 2738 4088 nunc,
2771 4020 2982 4093 inquit,
3017 4025 3280 4092 tanquam
3315 4019 3618 4090 depositum

1975 4111 2082 4170 tibi
2109 4128 2242 4168 cura
2268 4123 2318 4168 ct
2345 4111 2653 4184 diligentia
2681 4127 2914 4177 summa,
2946 4109 3044 4166 sub
3077 4108 3286 4166 Christo
3331 4117 3495 4180 alque
3525 4108 3626 4163 Er-

1975 4199 2147 4256 clesia
2165 4200 2284 4272 ejus
2313 4202 2462 4268 teste,
2485 4199 2829 4255 commendo.
2851 4199 3036 4270 Atque
3056 4197 3398 4269 illequidem
3419 4196 3607 4262 illum,

1979 4289 2124 4346 nihil
2155 4305 2216 4346 se
2245 4289 2305 4346 in
2337 4305 2402 4344 eo
2444 4287 2756 4344 excolendo
2811 4304 3025 4344 rerum.
3058 4287 3320 4344 omnium
3379 4291 3620 4358 praetcr—

1980 4380 2297 4436 missnrnm
2315 4378 2910 4452 pollicitus,suscepit.
2939 4378 3195 4434 Joannes
3217 4381 3412 4434 autem
3434 4375 3620 4448 Ephe-

1982 4485 2114 4525 sum
2173 4469 2364 4526 rediit.
2425 4468 2742 4540 Episcopus
2802 4484 2973 4540 porro
3031 4467 3128 4524 ille
3191 4467 3622 4523 adolescentem

195 4563 535 4644 ιξθείρονταί
600 4583 745 4626 τινες
811 4561 1000 4633 ἥλικες
1067 4560 1229 4636 ἀργοὶ
1294 4557 1386 4613 καὶ
1470 4554 1852 4630 ἀπεῤῥωγότες

1985 4557 2142 4614 domi
2176 4574 2295 4614 sua:
2326 4557 2571 4628 fovebat,
2603 4564 2657 4614 et
2712 4557 2784 4612 ad
2833 4555 3181 4630 cognitionis
3237 4560 3294 4610 et
3348 4554 3628 4610 doctrinae

191 4641 410 4718 ἐθάδες
439 4659 628 4709 κακῶν
672 4654 764 4709 καὶ
813 4654 1116 4728 ἀνάγωγοι.
1164 4649 1265 4704 Καὶ
1310 4647 1379 4702 τὰ
1429 4645 1526 4720 μὲν
1573 4650 1765 4719 πρῶτα
1805 4641 1875 4700 δι’

193 4743 520 4800 ἐπιασεων
559 4745 778 4799 ἀτόπων
827 4739 1165 4799 λωποδυτεῖν
1217 4737 1647 4811 συνεπάγονται·
1693 4732 1877 4789 ἔπειτα

190 4836 298 4892 καὶ
333 4831 630 4910 -δεῦτερον
661 4833 752 4888 καὶ
807 4831 989 4908 τρίτον
1039 4830 1203 4887 κακὸν
1249 4825 1618 4901 συμπράττειν
1664 4825 1874 4897 ⁶ἠξίουν,

193 4931 300 4988 Ὡς
363 4922 430 4979 δὲ
475 4925 664 4999 χρόνῳ
720 4924 972 4999 προϊόντι
1024 4921 1145 4976 κατ’
1201 4917 1393 4994 ὀλίγον
1443 4920 1560 4978 τοῖς
1611 4919 1876 4990 πονηροῖς

187 5013 629 5091 προσειθίζετο,
676 5012 816 5068 mihi
853 5033 938 5074 τις
985 5009 1152 5072 ἵππος
1200 5007 1453 5076 εὐσθενής
1504 5004 1595 5058 τὸν
1643 5000 1874 5082 χαλινὸν

187 5102 491 5170 ἐνδακὼν,
537 5102 676 5158 κατᾶ
735 5102 1022 5177 βαράθρων
1087 5099 1330 5177 ἐφέρετο.
1406 5100 1516 5164 Τῆς
1572 5091 1879 5168 κρείττονος

187 5193 244 5252 δ’
279 5190 539 5254 ἐλπίδος
591 5189 882 5261 διαπεσὼν,
931 5191 1021 5245 καὶ
1069 5186 1124 5244 ἐν
1172 5185 1484 5262 ἀπογνώσει
1529 5186 1627 5238 τοῦ
1677 5181 1878 5238 λοιποῦ

180 5285 258 5340 τὸ
339 5281 627 5350 σώζεσθαι
691 5281 936 5354 θέμενος.
1006 5277 1310 5354 λῃστήριον
1378 5271 1707 5347 συνεκρότει.
1775 5271 1879 5326 Καὶ

179 5375 387 5434 αὐτὸς
419 5373 522 5426 τοῦ
568 5370 818 5447 πονηροῦ
865 5369 1070 5426 ἐκείνου
1117 5365 1398 5442 συλλόγου
1448 5363 1668 5438 ἐξῆρχε,
1707 5359 1879 5436 χαλε-

1983 4648 2171 4705 lucem
2203 4646 2472 4703 ducebat.
2505 4646 2859 4704 Procedente
2901 4650 3098 4702 autem
3155 4642 3428 4712 deinceps
3486 4643 3631 4696 tem-

1986 4754 2145 4811 pore,
2173 4735 2538 4793 attentiorem
2573 4735 2729 4792 illam
2763 4733 3124 4807 diligentiam
3145 4735 3204 4788 et
3223 4745 3420 4786 curam
3435 4729 3632 4784 remit—

1986 4825 2076 4892 tit,
2107 4823 2294 4896 utqui
2324 4837 2662 4896 supremum
2695 4826 2751 4878 et
2790 4822 3107 4894 perlectum
3155 4815 3370 4874 Christi
3434 4815 3632 4887 signa-

1985 4914 2182 4971 culum
2212 4912 2264 4968 ei
2291 4914 2414 4984 jam
2447 4911 2865 4985 impressisset.
2898 4909 3000 4965 Ille
3057 4913 3249 4963 autem
3304 4921 3438 4960 cum
3497 4908 3632 4961 ante

1987 5010 2219 5076 tempus
2269 5002 2538 5074 potestati
2573 5017 2692 5058 suae
2749 4997 3069 5072 permissus
3103 4997 3278 5063 esset,
3311 4997 3484 5065 atque
3540 4991 3630 5048 in-

1987 5109 2166 5165 super
2194 5092 2266 5149 ab
2297 5090 2618 5163 aequalibus
2650 5089 2772 5146 suis
2811 5086 2926 5144 otio
2961 5084 3272 5158 corruptis,
3302 5081 3637 5154 praefractis,

1988 5183 2272 5254 malisque
2301 5181 2526 5239 artibus
2549 5178 2810 5246 imbutis,
2843 5181 2901 5234 et
2929 5175 3253 5248 disciplinas
3277 5171 3470 5229 omnis
3527 5173 3608 5228 im

1988 5274 2349 5346 patientibus
2396 5271 2887 5342 corrumperetur,
2933 5265 3191 5340 primum
3239 5265 3473 5336 propter
3525 5260 3612 5316 illi

1989 5365 2106 5420 cita
2149 5361 2671 5434 intempestivaque
2736 5355 2996 5413 convivia
3061 5353 3377 5426 praedatum
3427 5351 3498 5406 ab
3549 5351 3632 5434 eis

1989 5444 2240 5510 ducitur,
2273 5433 2502 5500 ac’mox
2532 5440 2742 5496 iterum
2792 5454 2859 5494 ac
2898 5435 3065 5492 tertio
3120 5434 3190 5489 ad
3249 5433 3636 5505 perpetranda

1991 5531 2276 5589 maleficia
2317 5530 2612 5586 invitatur.
2675 5526 2892 5582 Deinde
2947 5540 3082 5582 vero
3113 5539 3224 5595 quo
3256 5521 3509 5594 longius,
3569 5537 3635 5578 eo

1989 5638 2219 5698 quoque
2245 5620 2429 5694 magis
2450 5617 2765 5676 sceleribus
2787 5620 2963 5690 atque
2983 5612 3221 5688 ﬂagitiis
3249 5611 3637 5686 assuefactus,

178 5466 305 5527 πός
379 5481 474 5522 τις
531 5458 790 5532 ἐξαπίνης
847 5453 1216 5536 προσϐάλλων
1270 5460 1388 5518 τοῖς
1441 5456 1748 5528 παριοῦσιν,
1803 5450 1878 5512 ὡς

175 5558 310 5612 τῶν
385 5548 585 5605 ἄλλων
649 5545 915 5629 διαφέρων
978 5545 1262 5628 μιαιφονίᾳ
1324 5564 1384 5600 τε
1437 5542 1528 5597 καὶ
1602 5537 1880 5614 ὠμότητι.

176 5643 442 5723 Χρόνος
497 5636 554 5693 ἐν
611 5639 764 5713 μέσῳ
813 5637 1036 5716 συχνός.
1091 5637 1193 5692 Καὶ
1243 5632 1359 5690 ἐπεί
1405 5629 1574 5687 πάλιν
1622 5631 1802 5710 παρῆν
1846 5629 1880 5688 ὃ
