  <div class='ocr_page' id='page_1' title='image "/cluster/home/n/w/nwhite01/storage/ocr_20150623/145/hvd.32044054086921/441.png"; bbox 0 0 4016 6206; ppageno 0'>
   <div class='ocr_carea' id='block_1_1' title="bbox 395 355 511 418">
    <p class='ocr_par' dir='ltr' id='par_1_1' title="bbox 395 355 511 418">
     <span class='ocr_line' id='line_1_1' title="bbox 395 355 511 418; baseline 0.017 -2"><span class='ocrx_word' id='word_1_1' title='bbox 395 355 511 418; x_wconf 74' lang='grc'><strong>871</strong></span> 
     </span>
    </p>
   </div>
   <div class='ocr_carea' id='block_1_2' title="bbox 1685 334 2501 406">
    <p class='ocr_par' dir='ltr' id='par_1_2' title="bbox 1685 334 2501 406">
     <span class='ocr_line' id='line_1_2' title="bbox 1685 334 2501 406; baseline -0.01 0"><span class='ocrx_word' id='word_1_2' title='bbox 1685 341 2109 406; x_wconf 81' lang='lat' dir='ltr'><strong>NICEPHORI</strong></span> <span class='ocrx_word' id='word_1_3' title='bbox 2153 334 2501 400; x_wconf 81' lang='lat' dir='ltr'><strong>CALLlS&#39;l‘l</strong></span> 
     </span>
    </p>
   </div>
   <div class='ocr_carea' id='block_1_3' title="bbox 3680 337 3805 402">
    <p class='ocr_par' dir='ltr' id='par_1_3' title="bbox 3680 337 3805 402">
     <span class='ocr_line' id='line_1_3' title="bbox 3680 337 3805 402; baseline 0.008 -1"><span class='ocrx_word' id='word_1_4' title='bbox 3680 337 3805 402; x_wconf 77' lang='lat'><strong>872</strong></span> 
     </span>
    </p>
   </div>
   <div class='ocr_carea' id='block_1_4' title="bbox 397 466 2067 561">
    <p class='ocr_par' dir='ltr' id='par_1_4' title="bbox 397 474 2046 561">
     <span class='ocr_line' id='line_1_4' title="bbox 397 474 2046 561; baseline -0.01 -14"><span class='ocrx_word' id='word_1_5' title='bbox 397 488 642 561; x_wconf 87' lang='lat' dir='ltr'><strong>perinde</strong></span> <span class='ocrx_word' id='word_1_6' title='bbox 668 490 841 559; x_wconf 86' lang='lat' dir='ltr'><strong>atque</strong></span> <span class='ocrx_word' id='word_1_7' title='bbox 869 498 1055 554; x_wconf 89' lang='lat' dir='ltr'><strong>equus</strong></span> <span class='ocrx_word' id='word_1_8' title='bbox 1085 480 1363 538; x_wconf 86' lang='lat' dir='ltr'><strong>robustus</strong></span> <span class='ocrx_word' id='word_1_9' title='bbox 1396 479 1638 538; x_wconf 75' lang='lat' dir='ltr'><strong>insnum</strong></span> <span class='ocrx_word' id='word_1_10' title='bbox 1683 478 1956 536; x_wconf 91' lang='lat' dir='ltr'><strong>mordens</strong></span> <span class='ocrx_word' id='word_1_11' title='bbox 1985 474 2046 531; x_wconf 90' lang='lat' dir='ltr'><strong>in</strong></span> 
     </span>
    </p>
   </div>
   <div class='ocr_carea' id='block_1_5' title="bbox 2177 466 3812 561">
    <p class='ocr_par' dir='ltr' id='par_1_5' title="bbox 2177 466 3812 561">
     <span class='ocr_line' id='line_1_5' title="bbox 2177 466 3812 561; baseline 0.001 -37"><span class='ocrx_word' id='word_1_12' title='bbox 2177 466 2497 561; x_wconf 60' lang='lat' dir='ltr'><strong>indomitae.</strong></span> <span class='ocrx_word' id='word_1_13' title='bbox 2530 471 2699 561; x_wconf 67' lang='grc' dir='ltr'>’Ἄγε</span> <span class='ocrx_word' id='word_1_14' title='bbox 2724 466 2801 539; x_wconf 77' lang='grc' dir='ltr'>δὴ</span> <span class='ocrx_word' id='word_1_15' title='bbox 2822 514 2837 537; x_wconf 93' lang='grc'><strong>,</strong></span> <span class='ocrx_word' id='word_1_16' title='bbox 2865 472 2944 541; x_wconf 80' lang='grc' dir='ltr'>τῷ</span> <span class='ocrx_word' id='word_1_17' title='bbox 2972 467 3245 544; x_wconf 78' lang='grc' dir='ltr'>ἐπισκόκφ</span> <span class='ocrx_word' id='word_1_18' title='bbox 3276 466 3400 548; x_wconf 84' lang='grc' dir='ltr'>ἔφη,</span> <span class='ocrx_word' id='word_1_19' title='bbox 3431 470 3509 542; x_wconf 74' lang='grc' dir='ltr'>ἢν</span> <span class='ocrx_word' id='word_1_20' title='bbox 3541 492 3646 526; x_wconf 93' lang='grc' dir='ltr'><strong>σοι</strong></span> <span class='ocrx_word' id='word_1_21' title='bbox 3681 493 3812 526; x_wconf 87' lang='grc' dir='ltr'>πα-</span> 
     </span>
    </p>
   </div>
   <div class='ocr_carea' id='block_1_6' title="bbox 398 565 2053 642">
    <p class='ocr_par' dir='ltr' id='par_1_6' title="bbox 398 565 2053 642">
     <span class='ocr_line' id='line_1_6' title="bbox 398 565 2053 642; baseline -0.01 -6"><span class='ocrx_word' id='word_1_22' title='bbox 398 579 740 636; x_wconf 84' lang='lat' dir='ltr'><strong>barathrum</strong></span> <span class='ocrx_word' id='word_1_23' title='bbox 776 576 975 630; x_wconf 78' lang='lat' dir='ltr'><strong>fertur.</strong></span> <span class='ocrx_word' id='word_1_24' title='bbox 1013 575 1234 626; x_wconf 85' lang='lat' dir='ltr'><strong>Etcum</strong></span> <span class='ocrx_word' id='word_1_25' title='bbox 1265 570 1388 642; x_wconf 89' lang='lat' dir='ltr'><strong>jam</strong></span> <span class='ocrx_word' id='word_1_26' title='bbox 1430 585 1533 641; x_wconf 90' lang='lat' dir='ltr'><strong>spe</strong></span> <span class='ocrx_word' id='word_1_27' title='bbox 1591 567 1750 624; x_wconf 90' lang='lat' dir='ltr'><strong>omni</strong></span> <span class='ocrx_word' id='word_1_28' title='bbox 1814 565 2053 622; x_wconf 80' lang='lat' dir='ltr'><strong>meliore</strong></span> 
     </span>
    </p>
   </div>
   <div class='ocr_carea' id='block_1_7' title="bbox 401 655 2051 735">
    <p class='ocr_par' dir='ltr' id='par_1_7' title="bbox 401 655 2051 735">
     <span class='ocr_line' id='line_1_7' title="bbox 401 655 2051 735; baseline -0.01 -10"><span class='ocrx_word' id='word_1_29' title='bbox 401 668 730 735; x_wconf 86' lang='lat' dir='ltr'><strong>excidisset,</strong></span> <span class='ocrx_word' id='word_1_30' title='bbox 787 663 1152 733; x_wconf 76' lang='lat' dir='ltr'><strong>salutemque</strong></span> <span class='ocrx_word' id='word_1_31' title='bbox 1216 661 1342 733; x_wconf 89' lang='lat' dir='ltr'><strong>ipse</strong></span> <span class='ocrx_word' id='word_1_32' title='bbox 1389 674 1554 715; x_wconf 88' lang='lat' dir='ltr'><strong>suam</strong></span> <span class='ocrx_word' id='word_1_33' title='bbox 1616 655 2051 729; x_wconf 84' lang='lat' dir='ltr'><strong>complorasset,</strong></span> 
     </span>
    </p>
   </div>
   <div class='ocr_carea' id='block_1_8' title="bbox 400 744 2055 827">
    <p class='ocr_par' dir='ltr' id='par_1_8' title="bbox 400 744 2055 827">
     <span class='ocr_line' id='line_1_8' title="bbox 400 744 2055 827; baseline -0.008 -13"><span class='ocrx_word' id='word_1_34' title='bbox 400 758 695 814; x_wconf 77' lang='lat' dir='ltr'><strong>latronum</strong></span> <span class='ocrx_word' id='word_1_35' title='bbox 729 754 1187 827; x_wconf 68' lang='lat' dir='ltr'><strong>predouumquc</strong></span> <span class='ocrx_word' id='word_1_36' title='bbox 1244 748 1645 822; x_wconf 73' lang='lat' dir='ltr'><strong>complectitur</strong></span> <span class='ocrx_word' id='word_1_37' title='bbox 1672 748 1859 813; x_wconf 89' lang='lat' dir='ltr'><strong>vitam,</strong></span> <span class='ocrx_word' id='word_1_38' title='bbox 1894 744 2055 816; x_wconf 90' lang='lat' dir='ltr'><strong>ipse-</strong></span> 
     </span>
    </p>
   </div>
   <div class='ocr_carea' id='block_1_9' title="bbox 403 834 2051 920">
    <p class='ocr_par' dir='ltr' id='par_1_9' title="bbox 403 834 2051 920">
     <span class='ocr_line' id='line_1_9' title="bbox 403 834 2051 920; baseline -0.008 -18"><span class='ocrx_word' id='word_1_39' title='bbox 403 861 515 920; x_wconf 90' lang='lat' dir='ltr'><strong>que</strong></span> <span class='ocrx_word' id='word_1_40' title='bbox 545 846 687 902; x_wconf 88' lang='lat' dir='ltr'><strong>adeo</strong></span> <span class='ocrx_word' id='word_1_41' title='bbox 719 842 1119 899; x_wconf 81' lang='lat' dir='ltr'><strong>maleﬁcorum</strong></span> <span class='ocrx_word' id='word_1_42' title='bbox 1144 839 1445 911; x_wconf 90' lang='lat' dir='ltr'><strong>manipulo</strong></span> <span class='ocrx_word' id='word_1_43' title='bbox 1477 855 1511 893; x_wconf 87' lang='lat' dir='ltr'><strong>a</strong></span> <span class='ocrx_word' id='word_1_44' title='bbox 1541 853 1603 893; x_wconf 90' lang='lat' dir='ltr'><strong>se</strong></span> <span class='ocrx_word' id='word_1_45' title='bbox 1632 834 1877 894; x_wconf 85' lang='lat' dir='ltr'><strong>collecto</strong></span> <span class='ocrx_word' id='word_1_46' title='bbox 1916 838 2014 889; x_wconf 89' lang='lat' dir='ltr'><strong>tan</strong></span> <span class='ocrx_word' id='word_1_47' title='bbox 2034 862 2051 874; x_wconf 76' lang='grc' dir='ltr'><strong><em>ο</em></strong></span> 
     </span>
    </p>
   </div>
   <div class='ocr_carea' id='block_1_10' title="bbox 406 923 2054 1007">
    <p class='ocr_par' dir='ltr' id='par_1_10' title="bbox 406 923 2054 1007">
     <span class='ocr_line' id='line_1_10' title="bbox 406 923 2054 1007; baseline -0.008 -16"><span class='ocrx_word' id='word_1_48' title='bbox 406 950 583 1007; x_wconf 87' lang='lat' dir='ltr'><strong>quam</strong></span> <span class='ocrx_word' id='word_1_49' title='bbox 625 935 743 989; x_wconf 85' lang='lat' dir='ltr'><strong>dux</strong></span> <span class='ocrx_word' id='word_1_50' title='bbox 799 934 1052 1003; x_wconf 70' lang='lat' dir='ltr'><strong>praeest:</strong></span> <span class='ocrx_word' id='word_1_51' title='bbox 1094 933 1152 985; x_wconf 88' lang='lat' dir='ltr'><strong>et</strong></span> <span class='ocrx_word' id='word_1_52' title='bbox 1210 928 1351 984; x_wconf 87' lang='lat' dir='ltr'><strong>alios</strong></span> <span class='ocrx_word' id='word_1_53' title='bbox 1401 927 1628 982; x_wconf 84' lang='lat' dir='ltr'><strong>feritate</strong></span> <span class='ocrx_word' id='word_1_54' title='bbox 1694 923 2054 993; x_wconf 74' lang='lat' dir='ltr'><strong>mediumque</strong></span> 
     </span>
    </p>
   </div>
   <div class='ocr_carea' id='block_1_11' title="bbox 407 1012 2052 1093">
    <p class='ocr_par' dir='ltr' id='par_1_11' title="bbox 407 1012 2052 1093">
     <span class='ocr_line' id='line_1_11' title="bbox 407 1012 2052 1093; baseline -0.007 -14"><span class='ocrx_word' id='word_1_55' title='bbox 407 1022 773 1080; x_wconf 90' lang='lat' dir='ltr'><strong>immanitate</strong></span> <span class='ocrx_word' id='word_1_56' title='bbox 803 1020 972 1093; x_wconf 85' lang='lat' dir='ltr'><strong>longe</strong></span> <span class='ocrx_word' id='word_1_57' title='bbox 1031 1033 1339 1091; x_wconf 86' lang='lat' dir='ltr'><strong>superans,</strong></span> <span class='ocrx_word' id='word_1_58' title='bbox 1363 1016 1649 1087; x_wconf 90' lang='lat' dir='ltr'><strong>impetum</strong></span> <span class='ocrx_word' id='word_1_59' title='bbox 1696 1013 1946 1069; x_wconf 89' lang='lat' dir='ltr'><strong>subinde</strong></span> <span class='ocrx_word' id='word_1_60' title='bbox 1995 1012 2052 1067; x_wconf 93' lang='lat' dir='ltr'><strong>in</strong></span> 
     </span>
    </p>
   </div>
   <div class='ocr_carea' id='block_1_12' title="bbox 403 1102 2051 1182">
    <p class='ocr_par' dir='ltr' id='par_1_12' title="bbox 403 1102 2051 1182">
     <span class='ocr_line' id='line_1_12' title="bbox 403 1102 2051 1182; baseline -0.009 -10"><span class='ocrx_word' id='word_1_61' title='bbox 403 1114 675 1182; x_wconf 80' lang='lat' dir='ltr'><strong>viatores,</strong></span> <span class='ocrx_word' id='word_1_62' title='bbox 743 1128 807 1169; x_wconf 85' lang='lat' dir='ltr'><strong>ex</strong></span> <span class='ocrx_word' id='word_1_63' title='bbox 866 1109 1180 1182; x_wconf 88' lang='lat' dir='ltr'><strong>improviso</strong></span> <span class='ocrx_word' id='word_1_64' title='bbox 1214 1108 1454 1164; x_wconf 72' lang='lat' dir='ltr'><strong>factitet.</strong></span> <span class='ocrx_word' id='word_1_65' title='bbox 1515 1104 1889 1162; x_wconf 90' lang='lat' dir='ltr'><strong>lntercedunt</strong></span> <span class='ocrx_word' id='word_1_66' title='bbox 1916 1102 2051 1158; x_wconf 87' lang='lat' dir='ltr'><strong>anni</strong></span> 
     </span>
    </p>
   </div>
   <div class='ocr_carea' id='block_1_13' title="bbox 408 1193 2053 1277">
    <p class='ocr_par' dir='ltr' id='par_1_13' title="bbox 408 1193 2053 1277">
     <span class='ocr_line' id='line_1_13' title="bbox 408 1193 2053 1277; baseline -0.008 -16"><span class='ocrx_word' id='word_1_67' title='bbox 408 1204 653 1277; x_wconf 81' lang='lat' dir='ltr'><strong>aliquot,</strong></span> <span class='ocrx_word' id='word_1_68' title='bbox 704 1206 760 1259; x_wconf 90' lang='lat' dir='ltr'><strong>et</strong></span> <span class='ocrx_word' id='word_1_69' title='bbox 804 1201 1096 1274; x_wconf 89' lang='lat' dir='ltr'><strong>apostolus</strong></span> <span class='ocrx_word' id='word_1_70' title='bbox 1144 1214 1377 1255; x_wconf 84' lang='lat' dir='ltr'><strong>rursum</strong></span> <span class='ocrx_word' id='word_1_71' title='bbox 1434 1196 1515 1252; x_wconf 86' lang='lat' dir='ltr'><strong>ibi</strong></span> <span class='ocrx_word' id='word_1_72' title='bbox 1573 1196 1759 1251; x_wconf 88' lang='lat' dir='ltr'><strong>adest.</strong></span> <span class='ocrx_word' id='word_1_73' title='bbox 1822 1193 1930 1258; x_wconf 88' lang='lat' dir='ltr'><strong>Qui</strong></span> <span class='ocrx_word' id='word_1_74' title='bbox 1983 1193 2053 1249; x_wconf 86' lang='lat' dir='ltr'><strong>ad</strong></span> 
     </span>
    </p>
   </div>
   <div class='ocr_carea' id='block_1_14' title="bbox 406 1283 2059 1365">
    <p class='ocr_par' dir='ltr' id='par_1_14' title="bbox 406 1283 2059 1365">
     <span class='ocr_line' id='line_1_14' title="bbox 406 1283 2059 1365; baseline -0.007 -15"><span class='ocrx_word' id='word_1_75' title='bbox 406 1294 795 1365; x_wconf 84' lang='lat' dir='ltr'><strong>episcopum:</strong></span> <span class='ocrx_word' id='word_1_76' title='bbox 857 1291 983 1361; x_wconf 85' lang='lat' dir='ltr'><strong>Age,</strong></span> <span class='ocrx_word' id='word_1_77' title='bbox 1041 1290 1253 1360; x_wconf 89' lang='lat' dir='ltr'><strong>inquit,</strong></span> <span class='ocrx_word' id='word_1_78' title='bbox 1298 1286 1438 1359; x_wconf 84' lang='lat' dir='ltr'><strong>quod</strong></span> <span class='ocrx_word' id='word_1_79' title='bbox 1499 1286 1607 1342; x_wconf 88' lang='lat' dir='ltr'><strong>tibi</strong></span> <span class='ocrx_word' id='word_1_80' title='bbox 1661 1283 1874 1339; x_wconf 77' lang='lat' dir='ltr'><strong>Christo</strong></span> <span class='ocrx_word' id='word_1_81' title='bbox 1927 1286 2059 1338; x_wconf 78' lang='lat' dir='ltr'><strong>teste</strong></span> 
     </span>
    </p>
   </div>
   <div class='ocr_carea' id='block_1_15' title="bbox 401 1370 2055 1452">
    <p class='ocr_par' dir='ltr' id='par_1_15' title="bbox 401 1370 2055 1452">
     <span class='ocr_line' id='line_1_15' title="bbox 401 1370 2055 1452; baseline -0.01 -12"><span class='ocrx_word' id='word_1_82' title='bbox 401 1384 677 1452; x_wconf 84' lang='lat' dir='ltr'><strong>advocato,</strong></span> <span class='ocrx_word' id='word_1_83' title='bbox 716 1380 949 1451; x_wconf 80' lang='lat' dir='ltr'><strong>credidi,</strong></span> <span class='ocrx_word' id='word_1_84' title='bbox 1000 1378 1145 1434; x_wconf 84' lang='lat' dir='ltr'><strong>mihi</strong></span> <span class='ocrx_word' id='word_1_85' title='bbox 1174 1377 1477 1449; x_wconf 83' lang='lat' dir='ltr'><strong>depositum</strong></span> <span class='ocrx_word' id='word_1_86' title='bbox 1535 1374 1721 1430; x_wconf 81' lang='lat' dir='ltr'><strong>redde.</strong></span> <span class='ocrx_word' id='word_1_87' title='bbox 1775 1373 1922 1429; x_wconf 70' lang='lat'><strong>201</strong></span> <span class='ocrx_word' id='word_1_88' title='bbox 1972 1370 2055 1427; x_wconf 90' lang='lat' dir='ltr'><strong>Ibi</strong></span> 
     </span>
    </p>
   </div>
   <div class='ocr_carea' id='block_1_16' title="bbox 404 1466 2059 1543">
    <p class='ocr_par' dir='ltr' id='par_1_16' title="bbox 404 1466 2059 1543">
     <span class='ocr_line' id='line_1_16' title="bbox 404 1466 2059 1543; baseline -0.008 -14"><span class='ocrx_word' id='word_1_89' title='bbox 404 1472 504 1529; x_wconf 90' lang='lat' dir='ltr'><strong>ille</strong></span> <span class='ocrx_word' id='word_1_90' title='bbox 533 1470 912 1543; x_wconf 78' lang='lat' dir='ltr'><strong>obstupescit,</strong></span> <span class='ocrx_word' id='word_1_91' title='bbox 948 1466 1371 1541; x_wconf 79' lang='lat' dir='ltr'><strong>pecuniamque</strong></span> <span class='ocrx_word' id='word_1_92' title='bbox 1400 1483 1434 1521; x_wconf 89' lang='lat' dir='ltr'><strong>a</strong></span> <span class='ocrx_word' id='word_1_93' title='bbox 1465 1480 1549 1533; x_wconf 82' lang='lat' dir='ltr'><strong>se,</strong></span> <span class='ocrx_word' id='word_1_94' title='bbox 1583 1479 1757 1536; x_wconf 89' lang='lat' dir='ltr'><strong>quam</strong></span> <span class='ocrx_word' id='word_1_95' title='bbox 1815 1478 1932 1518; x_wconf 92' lang='lat' dir='ltr'><strong>non</strong></span> <span class='ocrx_word' id='word_1_96' title='bbox 1968 1476 2059 1516; x_wconf 87' lang='lat' dir='ltr'><strong>ac-</strong></span> 
     </span>
    </p>
   </div>
   <div class='ocr_carea' id='block_1_17' title="bbox 412 1549 2054 1634">
    <p class='ocr_par' dir='ltr' id='par_1_17' title="bbox 412 1549 2054 1634">
     <span class='ocr_line' id='line_1_17' title="bbox 412 1549 2054 1634; baseline -0.008 -17"><span class='ocrx_word' id='word_1_97' title='bbox 412 1562 683 1634; x_wconf 89' lang='lat' dir='ltr'><strong>cepisset,</strong></span> <span class='ocrx_word' id='word_1_98' title='bbox 724 1576 827 1631; x_wconf 87' lang='lat' dir='ltr'><strong>per</strong></span> <span class='ocrx_word' id='word_1_99' title='bbox 882 1557 1325 1631; x_wconf 82' lang='lat' dir='ltr'><strong>schphantiam</strong></span> <span class='ocrx_word' id='word_1_100' title='bbox 1404 1554 1551 1626; x_wconf 84' lang='lat' dir='ltr'><strong>exigi</strong></span> <span class='ocrx_word' id='word_1_101' title='bbox 1614 1555 1796 1624; x_wconf 90' lang='lat' dir='ltr'><strong>putat.</strong></span> <span class='ocrx_word' id='word_1_102' title='bbox 1859 1549 2054 1605; x_wconf 88' lang='lat' dir='ltr'><strong>Fidem</strong></span> 
     </span>
    </p>
   </div>
   <div class='ocr_carea' id='block_1_18' title="bbox 414 1638 2058 1719">
    <p class='ocr_par' dir='ltr' id='par_1_18' title="bbox 414 1638 2058 1719">
     <span class='ocr_line' id='line_1_18' title="bbox 414 1638 2058 1719; baseline -0.008 -16"><span class='ocrx_word' id='word_1_103' title='bbox 414 1650 568 1704; x_wconf 90' lang='lat' dir='ltr'><strong>certe</strong></span> <span class='ocrx_word' id='word_1_104' title='bbox 588 1645 821 1719; x_wconf 89' lang='lat' dir='ltr'><strong>quidem</strong></span> <span class='ocrx_word' id='word_1_105' title='bbox 859 1643 1068 1699; x_wconf 87' lang='lat' dir='ltr'><strong>Joanni</strong></span> <span class='ocrx_word' id='word_1_106' title='bbox 1118 1641 1332 1697; x_wconf 88' lang='lat' dir='ltr'><strong>dicenti</strong></span> <span class='ocrx_word' id='word_1_107' title='bbox 1383 1656 1497 1696; x_wconf 90' lang='lat' dir='ltr'><strong>non</strong></span> <span class='ocrx_word' id='word_1_108' title='bbox 1556 1638 1789 1704; x_wconf 88' lang='lat' dir='ltr'><strong>habere,</strong></span> <span class='ocrx_word' id='word_1_109' title='bbox 1824 1651 2058 1708; x_wconf 85' lang='lat' dir='ltr'><strong>prorsus</strong></span> 
     </span>
    </p>
   </div>
   <div class='ocr_carea' id='block_1_19' title="bbox 414 1727 2056 1804">
    <p class='ocr_par' dir='ltr' id='par_1_19' title="bbox 414 1727 2056 1804">
     <span class='ocr_line' id='line_1_19' title="bbox 414 1727 2056 1804; baseline -0.009 -11"><span class='ocrx_word' id='word_1_110' title='bbox 414 1755 528 1794; x_wconf 91' lang='lat' dir='ltr'><strong>non</strong></span> <span class='ocrx_word' id='word_1_111' title='bbox 551 1736 791 1791; x_wconf 79' lang='lat' dir='ltr'><strong>licebat:</strong></span> <span class='ocrx_word' id='word_1_112' title='bbox 819 1746 1002 1804; x_wconf 88' lang='lat' dir='ltr'><strong>neque</strong></span> <span class='ocrx_word' id='word_1_113' title='bbox 1026 1747 1227 1787; x_wconf 85' lang='lat' dir='ltr'><strong>rursus</strong></span> <span class='ocrx_word' id='word_1_114' title='bbox 1258 1731 1327 1785; x_wconf 89' lang='lat' dir='ltr'><strong>ad</strong></span> <span class='ocrx_word' id='word_1_115' title='bbox 1361 1746 1428 1784; x_wconf 86' lang='lat' dir='ltr'><strong>ea</strong></span> <span class='ocrx_word' id='word_1_116' title='bbox 1458 1727 1769 1793; x_wconf 83' lang='lat' dir='ltr'><strong>credenda,</strong></span> <span class='ocrx_word' id='word_1_117' title='bbox 1808 1741 2056 1797; x_wconf 90' lang='lat' dir='ltr'><strong>quorum</strong></span> 
     </span>
    </p>
   </div>
   <div class='ocr_carea' id='block_1_20' title="bbox 2161 556 3805 635">
    <p class='ocr_par' dir='ltr' id='par_1_20' title="bbox 2161 556 3805 635">
     <span class='ocr_line' id='line_1_20' title="bbox 2161 556 3805 635; baseline 0.002 -21"><span class='ocrx_word' id='word_1_118' title='bbox 2161 560 2634 629; x_wconf 75' lang='grc' dir='ltr'>ρακαταθήκην</span> <span class='ocrx_word' id='word_1_119' title='bbox 2683 556 2789 614; x_wconf 80' lang='grc' dir='ltr'>ἐπὶ</span> <span class='ocrx_word' id='word_1_120' title='bbox 2842 560 3128 635; x_wconf 78' lang='grc' dir='ltr'>μάρτυρι</span> <span class='ocrx_word' id='word_1_121' title='bbox 3174 564 3266 632; x_wconf 80' lang='grc' dir='ltr'>τῷ</span> <span class='ocrx_word' id='word_1_122' title='bbox 3307 566 3571 634; x_wconf 81' lang='grc' dir='ltr'><strong>Χριστῷ</strong></span> <span class='ocrx_word' id='word_1_123' title='bbox 3617 583 3805 618; x_wconf 69' lang='grc' dir='ltr'>κατεα</span> 
     </span>
    </p>
   </div>
   <div class='ocr_carea' id='block_1_21' title="bbox 2162 647 3813 728">
    <p class='ocr_par' dir='ltr' id='par_1_21' title="bbox 2162 647 3813 728">
     <span class='ocr_line' id='line_1_21' title="bbox 2162 647 3813 728; baseline 0.002 -23"><span class='ocrx_word' id='word_1_124' title='bbox 2162 651 2507 720; x_wconf 87' lang='grc' dir='ltr'>πίστευσα,</span> <span class='ocrx_word' id='word_1_125' title='bbox 2554 647 2802 712; x_wconf 82' lang='grc' dir='ltr'>ἀπόδος</span> <span class='ocrx_word' id='word_1_126' title='bbox 2835 652 3023 723; x_wconf 76' lang='grc' dir='ltr'>ἡμῖν.</span> <span class='ocrx_word' id='word_1_127' title='bbox 3054 651 3116 708; x_wconf 87' lang='grc' dir='ltr'>Ὁ</span> <span class='ocrx_word' id='word_1_128' title='bbox 3146 647 3192 705; x_wconf 83' lang='grc' dir='ltr'>δ’</span> <span class='ocrx_word' id='word_1_129' title='bbox 3223 650 3606 723; x_wconf 72' lang='grc' dir='ltr'><strong>ἐξεπλήττετο,</strong></span> <span class='ocrx_word' id='word_1_130' title='bbox 3658 655 3813 728; x_wconf 72' lang='grc' dir='ltr'>χρή-</span> 
     </span>
    </p>
   </div>
   <div class='ocr_carea' id='block_1_22' title="bbox 2166 734 3815 819">
    <p class='ocr_par' dir='ltr' id='par_1_22' title="bbox 2166 734 3815 819">
     <span class='ocr_line' id='line_1_22' title="bbox 2166 734 3815 819; baseline 0.003 -27"><span class='ocrx_word' id='word_1_131' title='bbox 2166 760 2308 812; x_wconf 87' lang='grc' dir='ltr'>ματα</span> <span class='ocrx_word' id='word_1_132' title='bbox 2347 736 2601 812; x_wconf 81' lang='grc' dir='ltr'>οἰόμενος</span> <span class='ocrx_word' id='word_1_133' title='bbox 2649 737 2682 792; x_wconf 74' lang='grc' dir='ltr'>ἃ</span> <span class='ocrx_word' id='word_1_134' title='bbox 2739 737 2836 794; x_wconf 80' lang='grc' dir='ltr'><strong>οὐκ</strong></span> <span class='ocrx_word' id='word_1_135' title='bbox 2892 734 3054 794; x_wconf 77' lang='grc' dir='ltr'>ἔλαϐε</span> <span class='ocrx_word' id='word_1_136' title='bbox 3110 743 3577 819; x_wconf 74' lang='grc' dir='ltr'><strong>συκοφαντεῖσθαι.</strong></span> <span class='ocrx_word' id='word_1_137' title='bbox 3640 743 3815 800; x_wconf 80' lang='grc' dir='ltr'>’Δπε-</span> 
     </span>
    </p>
   </div>
   <div class='ocr_carea' id='block_1_23' title="bbox 2164 826 3815 907">
    <p class='ocr_par' dir='ltr' id='par_1_23' title="bbox 2164 826 3815 907">
     <span class='ocr_line' id='line_1_23' title="bbox 2164 826 3815 907; baseline 0.002 -24"><span class='ocrx_word' id='word_1_138' title='bbox 2164 833 2305 884; x_wconf 81' lang='grc' dir='ltr'>στεῖν</span> <span class='ocrx_word' id='word_1_139' title='bbox 2360 829 2454 901; x_wconf 76' lang='grc' dir='ltr'>μὲν</span> <span class='ocrx_word' id='word_1_140' title='bbox 2519 827 2612 882; x_wconf 79' lang='grc' dir='ltr'><strong>οὖν</strong></span> <span class='ocrx_word' id='word_1_141' title='bbox 2665 832 2746 901; x_wconf 77' lang='grc' dir='ltr'>τῷ</span> <span class='ocrx_word' id='word_1_142' title='bbox 2803 829 3026 903; x_wconf 77' lang='grc' dir='ltr'>Ἰωάννῃ</span> <span class='ocrx_word' id='word_1_143' title='bbox 3082 826 3296 907; x_wconf 77' lang='grc' dir='ltr'>λέγοντι</span> <span class='ocrx_word' id='word_1_144' title='bbox 3346 830 3449 887; x_wconf 78' lang='grc' dir='ltr'><strong>οὐκ</strong></span> <span class='ocrx_word' id='word_1_145' title='bbox 3498 830 3626 901; x_wconf 75' lang='grc' dir='ltr'>ἐνῆν</span> <span class='ocrx_word' id='word_1_146' title='bbox 3678 830 3815 887; x_wconf 84' lang='grc' dir='ltr'>ἀλλ’</span> 
     </span>
    </p>
   </div>
   <div class='ocr_carea' id='block_1_24' title="bbox 2163 916 3815 998">
    <p class='ocr_par' dir='ltr' id='par_1_24' title="bbox 2163 916 3815 998">
     <span class='ocr_line' id='line_1_24' title="bbox 2163 916 3815 998; baseline 0.002 -25"><span class='ocrx_word' id='word_1_147' title='bbox 2163 916 2288 973; x_wconf 77' lang='grc' dir='ltr'>οὐδὲ</span> <span class='ocrx_word' id='word_1_148' title='bbox 2335 917 2603 973; x_wconf 67' lang='grc' dir='ltr'>πιστεύειν</span> <span class='ocrx_word' id='word_1_149' title='bbox 2642 916 2809 973; x_wconf 74' lang='grc' dir='ltr'>πάλιν</span> <span class='ocrx_word' id='word_1_150' title='bbox 2861 919 3013 993; x_wconf 82' lang='grc' dir='ltr'>εἶχεν</span> <span class='ocrx_word' id='word_1_151' title='bbox 3065 921 3147 982; x_wconf 87' lang='grc' dir='ltr'>οἷς</span> <span class='ocrx_word' id='word_1_152' title='bbox 3197 920 3263 975; x_wconf 81' lang='grc' dir='ltr'>οὐ</span> <span class='ocrx_word' id='word_1_153' title='bbox 3307 920 3666 998; x_wconf 81' lang='grc' dir='ltr'>συνέγνωκεν.</span> <span class='ocrx_word' id='word_1_154' title='bbox 3717 924 3815 984; x_wconf 84' lang='grc' dir='ltr'>Ὧς</span> 
     </span>
    </p>
   </div>
   <div class='ocr_carea' id='block_1_25' title="bbox 2165 1006 3815 1086">
    <p class='ocr_par' dir='ltr' id='par_1_25' title="bbox 2165 1006 3815 1086">
     <span class='ocr_line' id='line_1_25' title="bbox 2165 1006 3815 1086; baseline 0.002 -24"><span class='ocrx_word' id='word_1_155' title='bbox 2165 1006 2220 1063; x_wconf 77' lang='grc' dir='ltr'>δὲ</span> <span class='ocrx_word' id='word_1_156' title='bbox 2248 1008 2339 1062; x_wconf 79' lang='grc' dir='ltr'>τὸν</span> <span class='ocrx_word' id='word_1_157' title='bbox 2376 1007 2652 1063; x_wconf 83' lang='grc' dir='ltr'>νεανίσκον</span> <span class='ocrx_word' id='word_1_158' title='bbox 2696 1006 2798 1085; x_wconf 79' lang='grc' dir='ltr'>ἔφη</span> <span class='ocrx_word' id='word_1_159' title='bbox 2850 1008 2937 1062; x_wconf 81' lang='grc' dir='ltr'><strong>καὶ</strong></span> <span class='ocrx_word' id='word_1_160' title='bbox 2986 1010 3087 1079; x_wconf 77' lang='grc' dir='ltr'>τήν</span> <span class='ocrx_word' id='word_1_161' title='bbox 3138 1008 3301 1064; x_wconf 77' lang='grc' dir='ltr'>αὐτοῦ</span> <span class='ocrx_word' id='word_1_162' title='bbox 3347 1012 3561 1085; x_wconf 76' lang='grc' dir='ltr'>ψυχὴν,</span> <span class='ocrx_word' id='word_1_163' title='bbox 3618 1012 3815 1086; x_wconf 68' lang='grc' dir='ltr'>βύθιόν</span> 
     </span>
    </p>
   </div>
   <div class='ocr_carea' id='block_1_26' title="bbox 2161 1093 3819 1177">
    <p class='ocr_par' dir='ltr' id='par_1_26' title="bbox 2161 1093 3819 1177">
     <span class='ocr_line' id='line_1_26' title="bbox 2161 1093 3819 1177; baseline 0.002 -26"><span class='ocrx_word' id='word_1_164' title='bbox 2161 1119 2214 1152; x_wconf 89' lang='grc' dir='ltr'><strong>τι</strong></span> <span class='ocrx_word' id='word_1_165' title='bbox 2269 1098 2512 1170; x_wconf 79' lang='grc' dir='ltr'>στενάξας</span> <span class='ocrx_word' id='word_1_166' title='bbox 2567 1098 2654 1151; x_wconf 77' lang='grc' dir='ltr'><strong>καὶ</strong></span> <span class='ocrx_word' id='word_1_167' title='bbox 2717 1093 3098 1171; x_wconf 72' lang='grc' dir='ltr'>ἐπιδακρύσας,</span> <span class='ocrx_word' id='word_1_168' title='bbox 3160 1098 3360 1166; x_wconf 68' lang='grc' dir='ltr'>Πάλαι,</span> <span class='ocrx_word' id='word_1_169' title='bbox 3420 1099 3611 1177; x_wconf 75' lang='grc' dir='ltr'>φησὶν,</span> <span class='ocrx_word' id='word_1_170' title='bbox 3665 1100 3819 1155; x_wconf 78' lang='grc' dir='ltr'>ἐκεῖ·</span> 
     </span>
    </p>
   </div>
   <div class='ocr_carea' id='block_1_27' title="bbox 2163 1185 3821 1263">
    <p class='ocr_par' dir='ltr' id='par_1_27' title="bbox 2163 1185 3821 1263">
     <span class='ocr_line' id='line_1_27' title="bbox 2163 1185 3821 1263; baseline 0.002 -22"><span class='ocrx_word' id='word_1_171' title='bbox 2163 1208 2250 1249; x_wconf 90' lang='grc' dir='ltr'><strong>νος</strong></span> <span class='ocrx_word' id='word_1_172' title='bbox 2307 1188 2583 1258; x_wconf 75' lang='grc' dir='ltr'>τέθνηκεν.</span> <span class='ocrx_word' id='word_1_173' title='bbox 2673 1185 2915 1258; x_wconf 80' lang='grc' dir='ltr'>Ἐξώλης</span> <span class='ocrx_word' id='word_1_174' title='bbox 2988 1185 3088 1263; x_wconf 81' lang='grc' dir='ltr'>γάρ</span> <span class='ocrx_word' id='word_1_175' title='bbox 3138 1208 3221 1250; x_wconf 90' lang='grc' dir='ltr'><strong>τις</strong></span> <span class='ocrx_word' id='word_1_176' title='bbox 3294 1188 3381 1244; x_wconf 84' lang='grc' dir='ltr'><strong>καὶ</strong></span> <span class='ocrx_word' id='word_1_177' title='bbox 3439 1189 3821 1262; x_wconf 69' lang='grc' dir='ltr'><strong>παμπόνηρος</strong></span> 
     </span>
    </p>
   </div>
   <div class='ocr_carea' id='block_1_28' title="bbox 2163 1273 3822 1355">
    <p class='ocr_par' dir='ltr' id='par_1_28' title="bbox 2163 1273 3822 1355">
     <span class='ocr_line' id='line_1_28' title="bbox 2163 1273 3822 1355; baseline 0.002 -25"><span class='ocrx_word' id='word_1_178' title='bbox 2163 1275 2367 1351; x_wconf 69' lang='grc' dir='ltr'>ἐγένετο</span> <span class='ocrx_word' id='word_1_179' title='bbox 2398 1274 2683 1350; x_wconf 77' lang='grc' dir='ltr'>ἅνθρωπος</span> <span class='ocrx_word' id='word_1_180' title='bbox 2708 1295 2721 1307; x_wconf 88' lang='grc'>·</span> <span class='ocrx_word' id='word_1_181' title='bbox 2743 1276 2846 1330; x_wconf 82' lang='grc' dir='ltr'>’καὶ</span> <span class='ocrx_word' id='word_1_182' title='bbox 2880 1273 2950 1329; x_wconf 71' lang='grc' dir='ltr'><strong>ἵν’</strong></span> <span class='ocrx_word' id='word_1_183' title='bbox 2990 1275 3098 1347; x_wconf 78' lang='grc' dir='ltr'><strong>ἐρῶ</strong></span> <span class='ocrx_word' id='word_1_184' title='bbox 3146 1298 3232 1332; x_wconf 89' lang='grc' dir='ltr'><strong>σοι</strong></span> <span class='ocrx_word' id='word_1_185' title='bbox 3281 1277 3343 1332; x_wconf 84' lang='grc' dir='ltr'>τὸ</span> <span class='ocrx_word' id='word_1_186' title='bbox 3372 1277 3677 1355; x_wconf 73' lang='grc' dir='ltr'>κεφάλαιον</span> <span class='ocrx_word' id='word_1_187' title='bbox 3709 1284 3822 1333; x_wconf 77' lang='grc' dir='ltr'>τῶν</span> 
     </span>
    </p>
   </div>
   <div class='ocr_carea' id='block_1_29' title="bbox 2163 1363 3817 1442">
    <p class='ocr_par' dir='ltr' id='par_1_29' title="bbox 2163 1363 3817 1442">
     <span class='ocr_line' id='line_1_29' title="bbox 2163 1363 3817 1442; baseline 0.002 -24"><span class='ocrx_word' id='word_1_188' title='bbox 2163 1365 2364 1434; x_wconf 81' lang='grc' dir='ltr'>κακῶν,</span> <span class='ocrx_word' id='word_1_189' title='bbox 2396 1364 2608 1438; x_wconf 80' lang='grc' dir='ltr'>λῃστής</span> <span class='ocrx_word' id='word_1_190' title='bbox 2632 1383 2643 1396; x_wconf 88' lang='grc'><strong>·</strong></span> <span class='ocrx_word' id='word_1_191' title='bbox 2677 1364 2764 1418; x_wconf 83' lang='grc' dir='ltr'><strong>καὶ</strong></span> <span class='ocrx_word' id='word_1_192' title='bbox 2794 1365 2892 1433; x_wconf 71' lang='grc' dir='ltr'>τὴν</span> <span class='ocrx_word' id='word_1_193' title='bbox 2944 1363 3271 1436; x_wconf 76' lang='grc' dir='ltr'>Ἐκκλησίαν</span> <span class='ocrx_word' id='word_1_194' title='bbox 3321 1365 3499 1421; x_wconf 85' lang='grc' dir='ltr'>λιπὼν</span> <span class='ocrx_word' id='word_1_195' title='bbox 3545 1363 3776 1442; x_wconf 72' lang='grc' dir='ltr'>ληστερι</span> <span class='ocrx_word' id='word_1_196' title='bbox 3802 1387 3817 1399; x_wconf 83' lang='grc'><strong>’</strong></span> 
     </span>
    </p>
   </div>
   <div class='ocr_carea' id='block_1_30' title="bbox 2165 1452 3820 1531">
    <p class='ocr_par' dir='ltr' id='par_1_30' title="bbox 2165 1452 3820 1531">
     <span class='ocr_line' id='line_1_30' title="bbox 2165 1452 3820 1531; baseline 0.003 -24"><span class='ocrx_word' id='word_1_197' title='bbox 2165 1458 2264 1508; x_wconf 80' lang='grc' dir='ltr'>κοῦ</span> <span class='ocrx_word' id='word_1_198' title='bbox 2322 1475 2466 1515; x_wconf 90' lang='grc' dir='ltr'>τινος</span> <span class='ocrx_word' id='word_1_199' title='bbox 2523 1454 2788 1528; x_wconf 79' lang='grc' dir='ltr'>ἐξηγεῖται</span> <span class='ocrx_word' id='word_1_200' title='bbox 2837 1455 3210 1531; x_wconf 79' lang='grc' dir='ltr'>συντάγματος</span> <span class='ocrx_word' id='word_1_201' title='bbox 3251 1457 3315 1511; x_wconf 88' lang='grc' dir='ltr'>τὸ</span> <span class='ocrx_word' id='word_1_202' title='bbox 3362 1452 3494 1531; x_wconf 82' lang='grc' dir='ltr'>ὅρος</span> <span class='ocrx_word' id='word_1_203' title='bbox 3539 1457 3820 1528; x_wconf 78' lang='grc' dir='ltr'>κατειληο</span> 
     </span>
    </p>
   </div>
   <div class='ocr_carea' id='block_1_31' title="bbox 2167 1540 3824 1618">
    <p class='ocr_par' dir='ltr' id='par_1_31' title="bbox 2167 1540 3824 1618">
     <span class='ocr_line' id='line_1_31' title="bbox 2167 1540 3824 1618; baseline 0.002 -21"><span class='ocrx_word' id='word_1_204' title='bbox 2167 1544 2304 1614; x_wconf 82' lang='grc' dir='ltr'>φώς.</span> <span class='ocrx_word' id='word_1_205' title='bbox 2361 1540 2759 1618; x_wconf 71' lang='grc' dir='ltr'>Καταῤῥήσσων</span> <span class='ocrx_word' id='word_1_206' title='bbox 2811 1541 2869 1598; x_wconf 76' lang='grc' dir='ltr'>δὲ</span> <span class='ocrx_word' id='word_1_207' title='bbox 2913 1546 3015 1613; x_wconf 81' lang='grc' dir='ltr'>τὴν</span> <span class='ocrx_word' id='word_1_208' title='bbox 3063 1543 3258 1613; x_wconf 74' lang='grc' dir='ltr'>ἐσθῆτα</span> <span class='ocrx_word' id='word_1_209' title='bbox 3289 1547 3317 1601; x_wconf 84' lang='grc' dir='ltr'>ὁ</span> <span class='ocrx_word' id='word_1_210' title='bbox 3347 1544 3685 1613; x_wconf 77' lang='grc' dir='ltr'>ἀπόστολος,</span> <span class='ocrx_word' id='word_1_211' title='bbox 3737 1546 3824 1601; x_wconf 78' lang='lat' dir='ltr'><strong>oi-</strong></span> 
     </span>
    </p>
   </div>
   <div class='ocr_carea' id='block_1_32' title="bbox 2171 1630 3823 1711">
    <p class='ocr_par' dir='ltr' id='par_1_32' title="bbox 2171 1630 3823 1711">
     <span class='ocr_line' id='line_1_32' title="bbox 2171 1630 3823 1711; baseline 0.001 -24"><span class='ocrx_word' id='word_1_212' title='bbox 2171 1636 2330 1708; x_wconf 80' lang='grc' dir='ltr'>μωγῇ</span> <span class='ocrx_word' id='word_1_213' title='bbox 2361 1654 2418 1688; x_wconf 90' lang='grc' dir='ltr'><strong>τε</strong></span> <span class='ocrx_word' id='word_1_214' title='bbox 2458 1630 2645 1706; x_wconf 79' lang='grc' dir='ltr'>πολλῇ</span> <span class='ocrx_word' id='word_1_215' title='bbox 2675 1633 2772 1702; x_wconf 74' lang='grc' dir='ltr'>τὴν</span> <span class='ocrx_word' id='word_1_216' title='bbox 2822 1631 3067 1708; x_wconf 78' lang='grc' dir='ltr'>κεφαλὴν</span> <span class='ocrx_word' id='word_1_217' title='bbox 3110 1635 3305 1709; x_wconf 76' lang='grc' dir='ltr'>τύψας,</span> <span class='ocrx_word' id='word_1_218' title='bbox 3340 1636 3697 1710; x_wconf 76' lang='grc' dir='ltr'>Πρέποντά</span> <span class='ocrx_word' id='word_1_219' title='bbox 3746 1655 3823 1711; x_wconf 84' lang='grc' dir='ltr'><strong>γε</strong></span> 
     </span>
    </p>
   </div>
   <div class='ocr_carea' id='block_1_33' title="bbox 2168 1721 3820 1801">
    <p class='ocr_par' dir='ltr' id='par_1_33' title="bbox 2168 1721 3820 1801">
     <span class='ocr_line' id='line_1_33' title="bbox 2168 1721 3820 1801; baseline 0.001 -25"><span class='ocrx_word' id='word_1_220' title='bbox 2168 1721 2427 1801; x_wconf 80' lang='grc' dir='ltr'>φύλακα</span> <span class='ocrx_word' id='word_1_221' title='bbox 2466 1730 2586 1792; x_wconf 78' lang='grc' dir='ltr'>τῆς</span> <span class='ocrx_word' id='word_1_222' title='bbox 2631 1727 2746 1778; x_wconf 82' lang='grc' dir='ltr'>τοῦ</span> <span class='ocrx_word' id='word_1_223' title='bbox 2791 1723 3083 1801; x_wconf 79' lang='grc' dir='ltr'>ἀδελφοῦ</span> <span class='ocrx_word' id='word_1_224' title='bbox 3131 1728 3356 1801; x_wconf 77' lang='grc' dir='ltr'>ψυχῆς</span> <span class='ocrx_word' id='word_1_225' title='bbox 3400 1725 3820 1795; x_wconf 72' lang='grc' dir='ltr'>κατέστησα.</span> 
     </span>
    </p>
   </div>
   <div class='ocr_carea' id='block_1_34' title="bbox 409 1810 2067 1915">
    <p class='ocr_par' dir='ltr' id='par_1_34' title="bbox 409 1814 2053 1889">
     <span class='ocr_line' id='line_1_34' title="bbox 409 1814 2053 1889; baseline -0.009 -6"><span class='ocrx_word' id='word_1_226' title='bbox 409 1826 517 1883; x_wconf 88' lang='lat' dir='ltr'><strong>sibi</strong></span> <span class='ocrx_word' id='word_1_227' title='bbox 550 1826 820 1881; x_wconf 88' lang='lat' dir='ltr'><strong>conscius</strong></span> <span class='ocrx_word' id='word_1_228' title='bbox 846 1839 959 1878; x_wconf 88' lang='lat' dir='ltr'><strong>non</strong></span> <span class='ocrx_word' id='word_1_229' title='bbox 992 1824 1167 1885; x_wconf 87' lang='lat' dir='ltr'><strong>esset,</strong></span> <span class='ocrx_word' id='word_1_230' title='bbox 1200 1817 1397 1874; x_wconf 84' lang='lat' dir='ltr'><strong>induci</strong></span> <span class='ocrx_word' id='word_1_231' title='bbox 1461 1820 1701 1889; x_wconf 84' lang='lat' dir='ltr'><strong>poterat.</strong></span> <span class='ocrx_word' id='word_1_232' title='bbox 1744 1814 1817 1871; x_wconf 87' lang='lat' dir='ltr'><strong>Ut</strong></span> <span class='ocrx_word' id='word_1_233' title='bbox 1863 1819 2053 1870; x_wconf 86' lang='lat' dir='ltr'><strong>autem</strong></span> 
     </span>
    </p>
   </div>
   <div class='ocr_carea' id='block_1_35' title="bbox 2177 1810 3823 1915">
    <p class='ocr_par' dir='ltr' id='par_1_35' title="bbox 2177 1810 3823 1889">
     <span class='ocr_line' id='line_1_35' title="bbox 2177 1810 3823 1889; baseline 0.001 -21"><span class='ocrx_word' id='word_1_234' title='bbox 2177 1812 2362 1868; x_wconf 75' lang='grc' dir='ltr'>Ἀλλ’</span> <span class='ocrx_word' id='word_1_235' title='bbox 2386 1811 2589 1874; x_wconf 70' lang='grc' dir='ltr'>’ίππος</span> <span class='ocrx_word' id='word_1_236' title='bbox 2623 1810 2748 1882; x_wconf 72' lang='grc' dir='ltr'><strong>ἤδη</strong></span> <span class='ocrx_word' id='word_1_237' title='bbox 2783 1812 3116 1888; x_wconf 78' lang='grc' dir='ltr'>παρὲστω,</span> <span class='ocrx_word' id='word_1_238' title='bbox 3147 1815 3253 1869; x_wconf 85' lang='grc' dir='ltr'><strong>καὶ</strong></span> <span class='ocrx_word' id='word_1_239' title='bbox 3286 1816 3555 1888; x_wconf 79' lang='grc' dir='ltr'>ἡγεμών</span> <span class='ocrx_word' id='word_1_240' title='bbox 3587 1836 3695 1877; x_wconf 83' lang='grc' dir='ltr'><strong>τις</strong></span> <span class='ocrx_word' id='word_1_241' title='bbox 3724 1836 3823 1889; x_wconf 76' lang='grc' dir='ltr'>γε·</span> 
     </span>
    </p>
   </div>
   <div class='ocr_carea' id='block_1_36' title="bbox 414 1902 2060 1979">
    <p class='ocr_par' dir='ltr' id='par_1_36' title="bbox 414 1902 2060 1979">
     <span class='ocr_line' id='line_1_36' title="bbox 414 1902 2060 1979; baseline -0.008 -7"><span class='ocrx_word' id='word_1_242' title='bbox 414 1914 833 1972; x_wconf 86' lang='lat' dir='ltr'><strong>adolescentem</strong></span> <span class='ocrx_word' id='word_1_243' title='bbox 866 1910 985 1979; x_wconf 84' lang='lat' dir='ltr'><strong>ille,</strong></span> <span class='ocrx_word' id='word_1_244' title='bbox 1019 1909 1395 1979; x_wconf 87' lang='lat' dir='ltr'><strong>animamque</strong></span> <span class='ocrx_word' id='word_1_245' title='bbox 1425 1907 1553 1978; x_wconf 89' lang='lat' dir='ltr'><strong>ejus</strong></span> <span class='ocrx_word' id='word_1_246' title='bbox 1591 1905 1917 1977; x_wconf 83' lang='lat' dir='ltr'><strong>ﬂagitabat,</strong></span> <span class='ocrx_word' id='word_1_247' title='bbox 1948 1902 2060 1959; x_wconf 83' lang='lat' dir='ltr'><strong>alte</strong></span> 
     </span>
    </p>
   </div>
   <div class='ocr_carea' id='block_1_37' title="bbox 415 1993 2060 2069">
    <p class='ocr_par' dir='ltr' id='par_1_37' title="bbox 415 1993 2060 2069">
     <span class='ocr_line' id='line_1_37' title="bbox 415 1993 2060 2069; baseline -0.008 -10"><span class='ocrx_word' id='word_1_248' title='bbox 415 2003 728 2060; x_wconf 89' lang='lat' dir='ltr'><strong>admodum</strong></span> <span class='ocrx_word' id='word_1_249' title='bbox 762 1999 1017 2069; x_wconf 85' lang='lat' dir='ltr'><strong>suspirio</strong></span> <span class='ocrx_word' id='word_1_250' title='bbox 1048 1999 1219 2053; x_wconf 92' lang='lat' dir='ltr'><strong>ducto</strong></span> <span class='ocrx_word' id='word_1_251' title='bbox 1243 1997 1616 2067; x_wconf 82' lang='lat' dir='ltr'><strong>illacrymans</strong></span> <span class='ocrx_word' id='word_1_252' title='bbox 1639 2010 1651 2048; x_wconf 91' lang='lat'><strong>:</strong></span> <span class='ocrx_word' id='word_1_253' title='bbox 1674 1993 2060 2060; x_wconf 85' lang='lat' dir='ltr'><strong>Jamdudum,</strong></span> 
     </span>
    </p>
   </div>
   <div class='ocr_carea' id='block_1_38' title="bbox 413 2080 2062 2163">
    <p class='ocr_par' dir='ltr' id='par_1_38' title="bbox 413 2080 2062 2163">
     <span class='ocr_line' id='line_1_38' title="bbox 413 2080 2062 2163; baseline -0.007 -16"><span class='ocrx_word' id='word_1_254' title='bbox 413 2092 627 2163; x_wconf 91' lang='lat' dir='ltr'><strong>inquit,</strong></span> <span class='ocrx_word' id='word_1_255' title='bbox 654 2089 752 2145; x_wconf 85' lang='lat' dir='ltr'><strong>ille</strong></span> <span class='ocrx_word' id='word_1_256' title='bbox 785 2093 1054 2144; x_wconf 88' lang='lat' dir='ltr'><strong>mortuus</strong></span> <span class='ocrx_word' id='word_1_257' title='bbox 1086 2090 1212 2155; x_wconf 88' lang='lat' dir='ltr'><strong>est;</strong></span> <span class='ocrx_word' id='word_1_258' title='bbox 1243 2086 1502 2156; x_wconf 84' lang='lat' dir='ltr'><strong>perditus</strong></span> <span class='ocrx_word' id='word_1_259' title='bbox 1560 2083 1734 2149; x_wconf 90' lang='lat' dir='ltr'><strong>enim,</strong></span> <span class='ocrx_word' id='word_1_260' title='bbox 1768 2089 1822 2136; x_wconf 91' lang='lat' dir='ltr'><strong>et</strong></span> <span class='ocrx_word' id='word_1_261' title='bbox 1870 2080 2062 2136; x_wconf 90' lang='lat' dir='ltr'><strong>modis</strong></span> 
     </span>
    </p>
   </div>
   <div class='ocr_carea' id='block_1_39' title="bbox 415 2169 2064 2249">
    <p class='ocr_par' dir='ltr' id='par_1_39' title="bbox 415 2169 2064 2249">
     <span class='ocr_line' id='line_1_39' title="bbox 415 2169 2064 2249; baseline -0.007 -12"><span class='ocrx_word' id='word_1_262' title='bbox 415 2179 691 2237; x_wconf 89' lang='lat' dir='ltr'><strong>omnibus</strong></span> <span class='ocrx_word' id='word_1_263' title='bbox 722 2175 1081 2249; x_wconf 86' lang='lat' dir='ltr'><strong>perniciosus</strong></span> <span class='ocrx_word' id='word_1_264' title='bbox 1120 2175 1289 2230; x_wconf 85' lang='lat' dir='ltr'><strong>homo</strong></span> <span class='ocrx_word' id='word_1_265' title='bbox 1318 2173 1517 2242; x_wconf 87' lang='lat' dir='ltr'><strong>evasit,</strong></span> <span class='ocrx_word' id='word_1_266' title='bbox 1549 2176 1605 2227; x_wconf 89' lang='lat' dir='ltr'><strong>et</strong></span> <span class='ocrx_word' id='word_1_267' title='bbox 1636 2175 1700 2226; x_wconf 89' lang='lat' dir='ltr'><strong>ut</strong></span> <span class='ocrx_word' id='word_1_268' title='bbox 1728 2174 1903 2242; x_wconf 90' lang='lat' dir='ltr'><strong>caput</strong></span> <span class='ocrx_word' id='word_1_269' title='bbox 1959 2169 2064 2225; x_wconf 89' lang='lat' dir='ltr'><strong>tibi</strong></span> 
     </span>
    </p>
   </div>
   <div class='ocr_carea' id='block_1_40' title="bbox 417 2258 2062 2339">
    <p class='ocr_par' dir='ltr' id='par_1_40' title="bbox 417 2258 2062 2339">
     <span class='ocr_line' id='line_1_40' title="bbox 417 2258 2062 2339; baseline -0.007 -13"><span class='ocrx_word' id='word_1_270' title='bbox 417 2269 702 2327; x_wconf 87' lang='lat' dir='ltr'><strong>malorum</strong></span> <span class='ocrx_word' id='word_1_271' title='bbox 735 2269 863 2339; x_wconf 85' lang='lat' dir='ltr'><strong>ejus</strong></span> <span class='ocrx_word' id='word_1_272' title='bbox 912 2266 1182 2333; x_wconf 89' lang='lat' dir='ltr'><strong>indicem,</strong></span> <span class='ocrx_word' id='word_1_273' title='bbox 1215 2263 1406 2334; x_wconf 80' lang='lat' dir='ltr'><strong>praedo</strong></span> <span class='ocrx_word' id='word_1_274' title='bbox 1441 2277 1454 2316; x_wconf 89' lang='lat'><strong>:</strong></span> <span class='ocrx_word' id='word_1_275' title='bbox 1483 2277 1614 2317; x_wconf 86' lang='lat' dir='ltr'><strong>nam</strong></span> <span class='ocrx_word' id='word_1_276' title='bbox 1674 2258 1926 2315; x_wconf 81' lang='lat' dir='ltr'><strong>Ecclesia</strong></span> <span class='ocrx_word' id='word_1_277' title='bbox 1974 2274 2062 2314; x_wconf 86' lang='lat' dir='ltr'><strong>re-</strong></span> 
     </span>
    </p>
   </div>
   <div class='ocr_carea' id='block_1_41' title="bbox 412 2348 2064 2427">
    <p class='ocr_par' dir='ltr' id='par_1_41' title="bbox 412 2348 2064 2427">
     <span class='ocr_line' id='line_1_41' title="bbox 412 2348 2064 2427; baseline -0.008 -11"><span class='ocrx_word' id='word_1_278' title='bbox 412 2359 573 2427; x_wconf 88' lang='lat' dir='ltr'><strong>licta,</strong></span> <span class='ocrx_word' id='word_1_279' title='bbox 594 2360 651 2413; x_wconf 90' lang='lat' dir='ltr'><strong>et</strong></span> <span class='ocrx_word' id='word_1_280' title='bbox 671 2359 867 2413; x_wconf 90' lang='lat' dir='ltr'><strong>monte</strong></span> <span class='ocrx_word' id='word_1_281' title='bbox 898 2354 1150 2426; x_wconf 90' lang='lat' dir='ltr'><strong>quodam</strong></span> <span class='ocrx_word' id='word_1_282' title='bbox 1180 2354 1483 2423; x_wconf 90' lang='lat' dir='ltr'><strong>occupato,</strong></span> <span class='ocrx_word' id='word_1_283' title='bbox 1516 2349 1852 2422; x_wconf 69' lang='lat' dir='ltr'><strong>praedonum</strong></span> <span class='ocrx_word' id='word_1_284' title='bbox 1903 2348 2064 2404; x_wconf 89' lang='lat' dir='ltr'><strong>ducit</strong></span> 
     </span>
    </p>
   </div>
   <div class='ocr_carea' id='block_1_42' title="bbox 418 2440 2063 2516">
    <p class='ocr_par' dir='ltr' id='par_1_42' title="bbox 418 2440 2063 2516">
     <span class='ocr_line' id='line_1_42' title="bbox 418 2440 2063 2516; baseline -0.007 -11"><span class='ocrx_word' id='word_1_285' title='bbox 418 2463 685 2505; x_wconf 87' lang='lat' dir='ltr'><strong>manum.</strong></span> <span class='ocrx_word' id='word_1_286' title='bbox 716 2447 864 2501; x_wconf 88' lang='lat' dir='ltr'><strong>Tum</strong></span> <span class='ocrx_word' id='word_1_287' title='bbox 901 2441 1197 2516; x_wconf 84' lang='lat' dir='ltr'><strong>apostolus</strong></span> <span class='ocrx_word' id='word_1_288' title='bbox 1226 2445 1385 2498; x_wconf 89' lang='lat' dir='ltr'><strong>veste</strong></span> <span class='ocrx_word' id='word_1_289' title='bbox 1413 2440 1619 2508; x_wconf 87' lang='lat' dir='ltr'><strong>acissa,</strong></span> <span class='ocrx_word' id='word_1_290' title='bbox 1644 2445 1697 2495; x_wconf 90' lang='lat' dir='ltr'><strong>et</strong></span> <span class='ocrx_word' id='word_1_291' title='bbox 1744 2440 1929 2511; x_wconf 82' lang='lat' dir='ltr'><strong>capite</strong></span> <span class='ocrx_word' id='word_1_292' title='bbox 1955 2453 2063 2495; x_wconf 92' lang='lat' dir='ltr'><strong>suo</strong></span> 
     </span>
    </p>
   </div>
   <div class='ocr_carea' id='block_1_43' title="bbox 413 2528 2063 2608">
    <p class='ocr_par' dir='ltr' id='par_1_43' title="bbox 413 2528 2063 2608">
     <span class='ocr_line' id='line_1_43' title="bbox 413 2528 2063 2608; baseline -0.005 -14"><span class='ocrx_word' id='word_1_293' title='bbox 413 2553 547 2594; x_wconf 91' lang='lat' dir='ltr'><strong>cum</strong></span> <span class='ocrx_word' id='word_1_294' title='bbox 578 2536 798 2608; x_wconf 88' lang='lat' dir='ltr'><strong>ejulatu</strong></span> <span class='ocrx_word' id='word_1_295' title='bbox 828 2538 885 2590; x_wconf 90' lang='lat' dir='ltr'><strong>et</strong></span> <span class='ocrx_word' id='word_1_296' title='bbox 924 2533 1162 2607; x_wconf 87' lang='lat' dir='ltr'><strong>planctu</strong></span> <span class='ocrx_word' id='word_1_297' title='bbox 1222 2531 1405 2587; x_wconf 90' lang='lat' dir='ltr'><strong>multo</strong></span> <span class='ocrx_word' id='word_1_298' title='bbox 1456 2528 1685 2602; x_wconf 89' lang='lat' dir='ltr'><strong>pulsato</strong></span> <span class='ocrx_word' id='word_1_299' title='bbox 1718 2546 1732 2585; x_wconf 91' lang='lat'><strong>:</strong></span> <span class='ocrx_word' id='word_1_300' title='bbox 1775 2529 2063 2600; x_wconf 83' lang='lat' dir='ltr'><strong>Egregium</strong></span> 
     </span>
    </p>
   </div>
   <div class='ocr_carea' id='block_1_44' title="bbox 414 2618 2065 2693">
    <p class='ocr_par' dir='ltr' id='par_1_44' title="bbox 414 2618 2065 2693">
     <span class='ocr_line' id='line_1_44' title="bbox 414 2618 2065 2693; baseline -0.005 -12"><span class='ocrx_word' id='word_1_301' title='bbox 414 2642 553 2683; x_wconf 83' lang='lat' dir='ltr'><strong>sane</strong></span> <span class='ocrx_word' id='word_1_302' title='bbox 590 2624 883 2689; x_wconf 82' lang='lat' dir='ltr'><strong>custodem,</strong></span> <span class='ocrx_word' id='word_1_303' title='bbox 916 2621 1127 2693; x_wconf 87' lang='lat' dir='ltr'><strong>inquit,</strong></span> <span class='ocrx_word' id='word_1_304' title='bbox 1166 2623 1370 2677; x_wconf 67' lang='lat' dir='ltr'><strong>animo:</strong></span> <span class='ocrx_word' id='word_1_305' title='bbox 1414 2621 1606 2691; x_wconf 82' lang='lat' dir='ltr'><strong>fratris</strong></span> <span class='ocrx_word' id='word_1_306' title='bbox 1651 2619 1928 2674; x_wconf 80' lang='lat' dir='ltr'><strong>constitui.</strong></span> <span class='ocrx_word' id='word_1_307' title='bbox 1960 2618 2065 2676; x_wconf 86' lang='lat' dir='ltr'><strong>Sed</strong></span> 
     </span>
    </p>
   </div>
   <div class='ocr_carea' id='block_1_45' title="bbox 414 2705 2062 2787">
    <p class='ocr_par' dir='ltr' id='par_1_45' title="bbox 414 2705 2062 2787">
     <span class='ocr_line' id='line_1_45' title="bbox 414 2705 2062 2787; baseline -0.008 -14"><span class='ocrx_word' id='word_1_308' title='bbox 414 2730 584 2787; x_wconf 87' lang='lat' dir='ltr'><strong>equus</strong></span> <span class='ocrx_word' id='word_1_309' title='bbox 632 2714 774 2768; x_wconf 83' lang='lat' dir='ltr'><strong>mihi</strong></span> <span class='ocrx_word' id='word_1_310' title='bbox 838 2712 1017 2780; x_wconf 84' lang='lat' dir='ltr'><strong>detur,</strong></span> <span class='ocrx_word' id='word_1_311' title='bbox 1065 2713 1115 2764; x_wconf 86' lang='lat' dir='ltr'><strong>et</strong></span> <span class='ocrx_word' id='word_1_312' title='bbox 1163 2708 1280 2764; x_wconf 75' lang='lat' dir='ltr'><strong>dux</strong></span> <span class='ocrx_word' id='word_1_313' title='bbox 1343 2707 1564 2763; x_wconf 84' lang='lat' dir='ltr'><strong>itineris</strong></span> <span class='ocrx_word' id='word_1_314' title='bbox 1625 2706 1833 2778; x_wconf 77' lang='lat' dir='ltr'><strong>aliquis</strong></span> <span class='ocrx_word' id='word_1_315' title='bbox 1898 2705 2062 2762; x_wconf 86' lang='lat' dir='ltr'><strong>adsit.</strong></span> 
     </span>
    </p>
   </div>
   <div class='ocr_carea' id='block_1_46' title="bbox 419 2795 2065 2871">
    <p class='ocr_par' dir='ltr' id='par_1_46' title="bbox 419 2795 2065 2871">
     <span class='ocr_line' id='line_1_46' title="bbox 419 2795 2065 2871; baseline -0.004 -13"><span class='ocrx_word' id='word_1_316' title='bbox 419 2804 735 2860; x_wconf 80' lang='lat' dir='ltr'><strong>Confestim</strong></span> <span class='ocrx_word' id='word_1_317' title='bbox 786 2802 981 2871; x_wconf 88' lang='lat' dir='ltr'><strong>itaque</strong></span> <span class='ocrx_word' id='word_1_318' title='bbox 1013 2815 1081 2855; x_wconf 79' lang='lat' dir='ltr'><strong>ex</strong></span> <span class='ocrx_word' id='word_1_319' title='bbox 1111 2814 1177 2853; x_wconf 88' lang='lat' dir='ltr'><strong>eo</strong></span> <span class='ocrx_word' id='word_1_320' title='bbox 1207 2800 1332 2852; x_wconf 85' lang='lat' dir='ltr'><strong>loco</strong></span> <span class='ocrx_word' id='word_1_321' title='bbox 1363 2797 1433 2851; x_wconf 86' lang='lat' dir='ltr'><strong>ab</strong></span> <span class='ocrx_word' id='word_1_322' title='bbox 1468 2795 1712 2853; x_wconf 83' lang='lat' dir='ltr'><strong>ecclesia</strong></span> <span class='ocrx_word' id='word_1_323' title='bbox 1740 2795 1820 2850; x_wconf 88' lang='lat' dir='ltr'><strong>ire</strong></span> <span class='ocrx_word' id='word_1_324' title='bbox 1851 2795 2065 2867; x_wconf 80' lang='lat' dir='ltr'><strong>pergit:</strong></span> 
     </span>
    </p>
   </div>
   <div class='ocr_carea' id='block_1_47' title="bbox 421 2884 2066 2961">
    <p class='ocr_par' dir='ltr' id='par_1_47' title="bbox 421 2884 2066 2961">
     <span class='ocr_line' id='line_1_47' title="bbox 421 2884 2066 2961; baseline -0.005 -13"><span class='ocrx_word' id='word_1_325' title='bbox 421 2896 479 2948; x_wconf 87' lang='lat' dir='ltr'><strong>et</strong></span> <span class='ocrx_word' id='word_1_326' title='bbox 508 2908 639 2947; x_wconf 88' lang='lat' dir='ltr'><strong>cum</strong></span> <span class='ocrx_word' id='word_1_327' title='bbox 664 2892 733 2947; x_wconf 90' lang='lat' dir='ltr'><strong>ad</strong></span> <span class='ocrx_word' id='word_1_328' title='bbox 759 2890 1051 2961; x_wconf 73' lang='lat' dir='ltr'><strong>regionem</strong></span> <span class='ocrx_word' id='word_1_329' title='bbox 1084 2889 1448 2957; x_wconf 85' lang='lat' dir='ltr'><strong>designatum</strong></span> <span class='ocrx_word' id='word_1_330' title='bbox 1484 2884 1855 2958; x_wconf 87' lang='lat' dir='ltr'><strong>pervenisset,</strong></span> <span class='ocrx_word' id='word_1_331' title='bbox 1878 2886 1950 2940; x_wconf 88' lang='lat' dir='ltr'><strong>ab</strong></span> <span class='ocrx_word' id='word_1_332' title='bbox 1971 2900 2066 2940; x_wconf 50' lang='lat' dir='ltr'><strong>ex.</strong></span> 
     </span>
    </p>
   </div>
   <div class='ocr_carea' id='block_1_48' title="bbox 422 2974 2070 3054">
    <p class='ocr_par' dir='ltr' id='par_1_48' title="bbox 422 2974 2070 3054">
     <span class='ocr_line' id='line_1_48' title="bbox 422 2974 2070 3054; baseline -0.006 -16"><span class='ocrx_word' id='word_1_333' title='bbox 422 2980 814 3054; x_wconf 87' lang='lat' dir='ltr'><strong>ploratoribus</strong></span> <span class='ocrx_word' id='word_1_334' title='bbox 850 2977 1007 3033; x_wconf 90' lang='lat' dir='ltr'><strong>illius</strong></span> <span class='ocrx_word' id='word_1_335' title='bbox 1054 2975 1590 3048; x_wconf 86' lang='lat' dir='ltr'><strong>comprehenditur,</strong></span> <span class='ocrx_word' id='word_1_336' title='bbox 1633 2989 1820 3044; x_wconf 81' lang='lat' dir='ltr'><strong>neque</strong></span> <span class='ocrx_word' id='word_1_337' title='bbox 1878 2974 2070 3045; x_wconf 85' lang='lat' dir='ltr'><strong>fugere</strong></span> 
     </span>
    </p>
   </div>
   <div class='ocr_carea' id='block_1_49' title="bbox 421 3062 2070 3144">
    <p class='ocr_par' dir='ltr' id='par_1_49' title="bbox 421 3062 2070 3144">
     <span class='ocr_line' id='line_1_49' title="bbox 421 3062 2070 3144; baseline -0.007 -15"><span class='ocrx_word' id='word_1_338' title='bbox 421 3070 684 3144; x_wconf 87' lang='lat' dir='ltr'><strong>cupiens,</strong></span> <span class='ocrx_word' id='word_1_339' title='bbox 719 3083 904 3140; x_wconf 87' lang='lat' dir='ltr'><strong>neque</strong></span> <span class='ocrx_word' id='word_1_340' title='bbox 935 3066 1254 3139; x_wconf 87' lang='lat' dir='ltr'><strong>quidquam</strong></span> <span class='ocrx_word' id='word_1_341' title='bbox 1289 3064 1624 3135; x_wconf 84' lang='lat' dir='ltr'><strong>deprecans.</strong></span> <span class='ocrx_word' id='word_1_342' title='bbox 1657 3062 1802 3126; x_wconf 89' lang='lat' dir='ltr'><strong>Quin</strong></span> <span class='ocrx_word' id='word_1_343' title='bbox 1830 3062 1948 3118; x_wconf 91' lang='lat' dir='ltr'><strong>imo</strong></span> <span class='ocrx_word' id='word_1_344' title='bbox 2004 3078 2070 3118; x_wconf 90' lang='lat' dir='ltr'><strong>ea</strong></span> 
     </span>
    </p>
   </div>
   <div class='ocr_carea' id='block_1_50' title="bbox 423 3153 2069 3225">
    <p class='ocr_par' dir='ltr' id='par_1_50' title="bbox 423 3153 2069 3225">
     <span class='ocr_line' id='line_1_50' title="bbox 423 3153 2069 3225; baseline -0.007 -6"><span class='ocrx_word' id='word_1_345' title='bbox 423 3165 494 3219; x_wconf 90' lang='lat' dir='ltr'><strong>de</strong></span> <span class='ocrx_word' id='word_1_346' title='bbox 524 3177 704 3219; x_wconf 89' lang='lat' dir='ltr'><strong>causa</strong></span> <span class='ocrx_word' id='word_1_347' title='bbox 723 3158 952 3214; x_wconf 87' lang='lat' dir='ltr'><strong>venisse</strong></span> <span class='ocrx_word' id='word_1_348' title='bbox 980 3173 1043 3212; x_wconf 90' lang='lat' dir='ltr'><strong>se</strong></span> <span class='ocrx_word' id='word_1_349' title='bbox 1074 3155 1233 3224; x_wconf 87' lang='lat' dir='ltr'><strong>dicit,</strong></span> <span class='ocrx_word' id='word_1_350' title='bbox 1268 3169 1442 3225; x_wconf 79' lang='lat' dir='ltr'><strong>seque</strong></span> <span class='ocrx_word' id='word_1_351' title='bbox 1471 3153 1542 3208; x_wconf 91' lang='lat' dir='ltr'><strong>ad</strong></span> <span class='ocrx_word' id='word_1_352' title='bbox 1601 3153 1810 3207; x_wconf 87' lang='lat' dir='ltr'><strong>ducem</strong></span> <span class='ocrx_word' id='word_1_353' title='bbox 1868 3167 2069 3208; x_wconf 89' lang='lat' dir='ltr'><strong>eorum</strong></span> 
     </span>
    </p>
   </div>
   <div class='ocr_carea' id='block_1_51' title="bbox 2138 1900 3821 1977">
    <p class='ocr_par' dir='ltr' id='par_1_51' title="bbox 2138 1900 3821 1977">
     <span class='ocr_line' id='line_1_51' title="bbox 2138 1900 3821 1977; baseline 0 -20"><span class='ocrx_word' id='word_1_354' title='bbox 2138 1904 2372 1977; x_wconf 69' lang='grc' dir='ltr'><strong>⁷νὲσθω</strong></span> <span class='ocrx_word' id='word_1_355' title='bbox 2406 1923 2517 1971; x_wconf 86' lang='grc' dir='ltr'><strong>μοι</strong></span> <span class='ocrx_word' id='word_1_356' title='bbox 2546 1909 2665 1971; x_wconf 76' lang='grc' dir='ltr'><strong>τῆς</strong></span> <span class='ocrx_word' id='word_1_357' title='bbox 2692 1900 2882 1958; x_wconf 79' lang='grc' dir='ltr'>ὀδοῦ.</span> <span class='ocrx_word' id='word_1_358' title='bbox 2917 1904 3021 1959; x_wconf 75' lang='grc' dir='ltr'>Καὶ</span> <span class='ocrx_word' id='word_1_359' title='bbox 3052 1902 3207 1967; x_wconf 79' lang='grc' dir='ltr'>εὐθὺς</span> <span class='ocrx_word' id='word_1_360' title='bbox 3236 1904 3457 1961; x_wconf 81' lang='grc' dir='ltr'>αὐτόθεν</span> <span class='ocrx_word' id='word_1_361' title='bbox 3478 1900 3693 1972; x_wconf 79' lang='grc' dir='ltr'>ἔλαυνε,</span> <span class='ocrx_word' id='word_1_362' title='bbox 3714 1907 3821 1974; x_wconf 77' lang='grc' dir='ltr'>τήν</span> 
     </span>
    </p>
   </div>
   <div class='ocr_carea' id='block_1_52' title="bbox 2170 1990 3816 2073">
    <p class='ocr_par' dir='ltr' id='par_1_52' title="bbox 2170 1990 3816 2073">
     <span class='ocr_line' id='line_1_52' title="bbox 2170 1990 3816 2073; baseline 0 -26"><span class='ocrx_word' id='word_1_363' title='bbox 2170 1990 2460 2062; x_wconf 69' lang='grc' dir='ltr'>ἐκκλησίαν</span> <span class='ocrx_word' id='word_1_364' title='bbox 2503 1991 2678 2047; x_wconf 86' lang='grc' dir='ltr'>λιπών</span> <span class='ocrx_word' id='word_1_365' title='bbox 2706 2012 2717 2023; x_wconf 86' lang='grc'><strong>’</strong></span> <span class='ocrx_word' id='word_1_366' title='bbox 2761 1992 2849 2047; x_wconf 75' lang='grc' dir='ltr'><strong>καὶ</strong></span> <span class='ocrx_word' id='word_1_367' title='bbox 2898 1994 3098 2072; x_wconf 77' lang='grc' dir='ltr'>φθάσας</span> <span class='ocrx_word' id='word_1_368' title='bbox 3145 1995 3238 2049; x_wconf 81' lang='grc' dir='ltr'>τὸν</span> <span class='ocrx_word' id='word_1_369' title='bbox 3287 1998 3493 2073; x_wconf 80' lang='grc' dir='ltr'>χῶρον,</span> <span class='ocrx_word' id='word_1_370' title='bbox 3548 1995 3655 2050; x_wconf 83' lang='grc' dir='ltr'><strong>ὑπὸ</strong></span> <span class='ocrx_word' id='word_1_371' title='bbox 3703 1999 3816 2048; x_wconf 80' lang='grc' dir='ltr'><strong>τῶν</strong></span> 
     </span>
    </p>
   </div>
   <div class='ocr_carea' id='block_1_53' title="bbox 2173 2078 3816 2160">
    <p class='ocr_par' dir='ltr' id='par_1_53' title="bbox 2173 2078 3816 2160">
     <span class='ocr_line' id='line_1_53' title="bbox 2173 2078 3816 2160; baseline 0 -24"><span class='ocrx_word' id='word_1_372' title='bbox 2173 2081 2427 2157; x_wconf 73' lang='grc' dir='ltr'>ὀπτήρων</span> <span class='ocrx_word' id='word_1_373' title='bbox 2502 2080 2707 2135; x_wconf 80' lang='grc' dir='ltr'>ἐκείνου</span> <span class='ocrx_word' id='word_1_374' title='bbox 2780 2078 3255 2155; x_wconf 74' lang='grc' dir='ltr'>καταλαμϐάνεται</span> <span class='ocrx_word' id='word_1_375' title='bbox 3288 2101 3303 2115; x_wconf 74' lang='grc'><strong><em>⁸</em></strong></span> <span class='ocrx_word' id='word_1_376' title='bbox 3356 2086 3497 2157; x_wconf 68' lang='grc' dir='ltr'>μήτε</span> <span class='ocrx_word' id='word_1_377' title='bbox 3572 2083 3816 2160; x_wconf 68' lang='grc' dir='ltr'>φεύγων,</span> 
     </span>
    </p>
   </div>
   <div class='ocr_carea' id='block_1_54' title="bbox 2176 2169 3819 2247">
    <p class='ocr_par' dir='ltr' id='par_1_54' title="bbox 2176 2169 3819 2247">
     <span class='ocr_line' id='line_1_54' title="bbox 2176 2169 3819 2247; baseline 0.002 -24"><span class='ocrx_word' id='word_1_378' title='bbox 2176 2172 2315 2243; x_wconf 76' lang='grc' dir='ltr'>μήτε</span> <span class='ocrx_word' id='word_1_379' title='bbox 2374 2173 2482 2242; x_wconf 71' lang='grc' dir='ltr'><strong>μην</strong></span> <span class='ocrx_word' id='word_1_380' title='bbox 2538 2169 2991 2244; x_wconf 73' lang='grc' dir='ltr'>παραιτούμενος,</span> <span class='ocrx_word' id='word_1_381' title='bbox 3048 2170 3175 2226; x_wconf 82' lang='grc' dir='ltr'>ἀλλ’</span> <span class='ocrx_word' id='word_1_382' title='bbox 3231 2170 3319 2225; x_wconf 77' lang='grc' dir='ltr'>ἐπὶ</span> <span class='ocrx_word' id='word_1_383' title='bbox 3366 2171 3548 2244; x_wconf 77' lang='grc' dir='ltr'>τούτῳ</span> <span class='ocrx_word' id='word_1_384' title='bbox 3594 2171 3819 2247; x_wconf 67' lang='grc' dir='ltr'>φάσκων</span> 
     </span>
    </p>
   </div>
   <div class='ocr_carea' id='block_1_55' title="bbox 2174 2258 3820 2339">
    <p class='ocr_par' dir='ltr' id='par_1_55' title="bbox 2174 2258 3820 2339">
     <span class='ocr_line' id='line_1_55' title="bbox 2174 2258 3820 2339; baseline 0.001 -25"><span class='ocrx_word' id='word_1_385' title='bbox 2174 2258 2539 2329; x_wconf 70' lang='grc' dir='ltr'>ἐληλυθέναι·</span> <span class='ocrx_word' id='word_1_386' title='bbox 2598 2262 2687 2316; x_wconf 84' lang='grc' dir='ltr'><strong>καί</strong></span> <span class='ocrx_word' id='word_1_387' title='bbox 2742 2262 2792 2335; x_wconf 88' lang='grc' dir='ltr'>γ’</span> <span class='ocrx_word' id='word_1_388' title='bbox 2849 2261 2936 2316; x_wconf 84' lang='grc' dir='ltr'><strong>ἐπὶ</strong></span> <span class='ocrx_word' id='word_1_389' title='bbox 2993 2261 3087 2317; x_wconf 89' lang='grc' dir='ltr'>τὸν</span> <span class='ocrx_word' id='word_1_390' title='bbox 3140 2260 3381 2337; x_wconf 78' lang='grc' dir='ltr'>ἄρχοντα</span> <span class='ocrx_word' id='word_1_391' title='bbox 3458 2266 3607 2339; x_wconf 77' lang='grc' dir='ltr'>σφῶν</span> <span class='ocrx_word' id='word_1_392' title='bbox 3664 2262 3820 2337; x_wconf 71' lang='grc' dir='ltr'>ἄγειν</span> 
     </span>
    </p>
   </div>
   <div class='ocr_carea' id='block_1_56' title="bbox 2173 2346 3821 2427">
    <p class='ocr_par' dir='ltr' id='par_1_56' title="bbox 2173 2346 3821 2427">
     <span class='ocr_line' id='line_1_56' title="bbox 2173 2346 3821 2427; baseline 0 -22"><span class='ocrx_word' id='word_1_393' title='bbox 2173 2348 2567 2424; x_wconf 67' lang='grc' dir='ltr'>προύτρεπετο.</span> <span class='ocrx_word' id='word_1_394' title='bbox 2594 2350 2651 2403; x_wconf 78' lang='lat'><strong>&#39;0</strong></span> <span class='ocrx_word' id='word_1_395' title='bbox 2683 2348 2739 2404; x_wconf 73' lang='grc' dir='ltr'>δὲ</span> <span class='ocrx_word' id='word_1_396' title='bbox 2766 2349 2899 2412; x_wconf 73' lang='grc' dir='ltr'>τέως</span> <span class='ocrx_word' id='word_1_397' title='bbox 2935 2351 3052 2422; x_wconf 74' lang='grc' dir='ltr'>μὲν,</span> <span class='ocrx_word' id='word_1_398' title='bbox 3086 2350 3265 2424; x_wconf 83' lang='grc' dir='ltr'>ὥσπερ</span> <span class='ocrx_word' id='word_1_399' title='bbox 3295 2346 3493 2427; x_wconf 80' lang='grc' dir='ltr'>ἔλαχεν</span> <span class='ocrx_word' id='word_1_400' title='bbox 3525 2351 3821 2424; x_wconf 79' lang='grc' dir='ltr'>ὡπλισμέο</span> 
     </span>
    </p>
   </div>
   <div class='ocr_carea' id='block_1_57' title="bbox 2175 2435 3819 2516">
    <p class='ocr_par' dir='ltr' id='par_1_57' title="bbox 2175 2435 3819 2516">
     <span class='ocr_line' id='line_1_57' title="bbox 2175 2435 3819 2516; baseline 0.001 -23"><span class='ocrx_word' id='word_1_401' title='bbox 2175 2459 2290 2506; x_wconf 88' lang='grc' dir='ltr'>νος,</span> <span class='ocrx_word' id='word_1_402' title='bbox 2322 2435 2524 2498; x_wconf 81' lang='grc' dir='ltr'>ἐνόδιος</span> <span class='ocrx_word' id='word_1_403' title='bbox 2549 2437 2740 2494; x_wconf 87' lang='grc' dir='ltr'>’ίστατο</span> <span class='ocrx_word' id='word_1_404' title='bbox 2764 2458 2778 2471; x_wconf 76' lang='grc' dir='ltr'><strong>ο</strong></span> <span class='ocrx_word' id='word_1_405' title='bbox 2812 2439 2887 2501; x_wconf 88' lang='grc' dir='ltr'>ὡς</span> <span class='ocrx_word' id='word_1_406' title='bbox 2919 2436 2975 2493; x_wconf 75' lang='grc' dir='ltr'>δέ</span> <span class='ocrx_word' id='word_1_407' title='bbox 3004 2440 3121 2494; x_wconf 83' lang='grc' dir='ltr'>κατ’</span> <span class='ocrx_word' id='word_1_408' title='bbox 3161 2438 3352 2516; x_wconf 83' lang='grc' dir='ltr'>ὀλίγον</span> <span class='ocrx_word' id='word_1_409' title='bbox 3392 2441 3696 2515; x_wconf 78' lang='grc' dir='ltr'>προσιόντα</span> <span class='ocrx_word' id='word_1_410' title='bbox 3722 2442 3819 2496; x_wconf 86' lang='grc' dir='ltr'>τὸν</span> 
     </span>
    </p>
   </div>
   <div class='ocr_carea' id='block_1_58' title="bbox 2177 2525 3821 2606">
    <p class='ocr_par' dir='ltr' id='par_1_58' title="bbox 2177 2525 3821 2606">
     <span class='ocr_line' id='line_1_58' title="bbox 2177 2525 3680 2583; baseline -0.013 -16"><span class='ocrx_word' id='word_1_411' title='bbox 2177 2530 2215 2583; x_wconf 75' lang='grc' dir='ltr'>ἰ</span> <span class='ocrx_word' id='word_1_412' title='bbox 2284 2528 2316 2567; x_wconf 58' lang='grc' dir='ltr'><strong>’κ</strong></span> <span class='ocrx_word' id='word_1_413' title='bbox 2368 2550 2377 2559; x_wconf 75' lang='grc' dir='ltr'><strong><em>ο</em></strong></span> <span class='ocrx_word' id='word_1_414' title='bbox 2467 2527 2543 2581; x_wconf 62' lang='grc' dir='ltr'><strong>ἐί</strong></span> <span class='ocrx_word' id='word_1_415' title='bbox 2665 2547 2676 2558; x_wconf 83' lang='grc'><strong>.</strong></span> <span class='ocrx_word' id='word_1_416' title='bbox 2702 2548 2737 2565; x_wconf 78' lang='grc'>-,</span> <span class='ocrx_word' id='word_1_417' title='bbox 2858 2530 2881 2547; x_wconf 77' lang='grc'>’-</span> <span class='ocrx_word' id='word_1_418' title='bbox 2966 2527 2975 2542; x_wconf 90' lang='lat'><strong><em>&#39;</em></strong></span> <span class='ocrx_word' id='word_1_419' title='bbox 3061 2550 3089 2561; x_wconf 78' lang='lat'>_</span> <span class='ocrx_word' id='word_1_420' title='bbox 3196 2529 3223 2551; x_wconf 77' lang='grc' dir='ltr'><strong>τ</strong></span> <span class='ocrx_word' id='word_1_421' title='bbox 3393 2525 3419 2547; x_wconf 73' lang='grc' dir='ltr'><strong>ν</strong></span> <span class='ocrx_word' id='word_1_422' title='bbox 3657 2531 3680 2548; x_wconf 65' lang='grc' dir='ltr'><strong><em>ν</em></strong></span> 
     </span>
     <span class='ocr_line' id='line_1_59' title="bbox 2223 2530 3821 2606; baseline 0.004 -29"><span class='ocrx_word' id='word_1_423' title='bbox 2223 2548 2432 2599; x_wconf 67' lang='grc' dir='ltr'>ωαννην</span> <span class='ocrx_word' id='word_1_424' title='bbox 2463 2549 2522 2602; x_wconf 73' lang='grc' dir='ltr'>ε(</span> <span class='ocrx_word' id='word_1_425' title='bbox 2551 2548 2719 2582; x_wconf 70' lang='grc' dir='ltr'>νωσκε</span> <span class='ocrx_word' id='word_1_426' title='bbox 2734 2549 2774 2597; x_wconf 74' lang='grc' dir='ltr'>ι,</span> <span class='ocrx_word' id='word_1_427' title='bbox 2825 2548 2877 2582; x_wconf 90' lang='grc' dir='ltr'><strong>οι</strong></span> <span class='ocrx_word' id='word_1_428' title='bbox 2915 2549 3122 2606; x_wconf 70' lang='grc' dir='ltr'>ταχοις</span> <span class='ocrx_word' id='word_1_429' title='bbox 3173 2548 3338 2604; x_wconf 82' lang='grc' dir='ltr'>ειχεν,</span> <span class='ocrx_word' id='word_1_430' title='bbox 3390 2532 3610 2584; x_wconf 84' lang='grc' dir='ltr'>οπισθεν</span> <span class='ocrx_word' id='word_1_431' title='bbox 3644 2530 3821 2599; x_wconf 75' lang='grc' dir='ltr'>ηλαυ·</span> 
     </span>
    </p>
   </div>
   <div class='ocr_carea' id='block_1_59' title="bbox 2178 2615 3823 2694">
    <p class='ocr_par' dir='ltr' id='par_1_59' title="bbox 2178 2615 3823 2694">
     <span class='ocr_line' id='line_1_60' title="bbox 2178 2615 3823 2694; baseline 0.001 -22"><span class='ocrx_word' id='word_1_432' title='bbox 2178 2638 2251 2676; x_wconf 81' lang='grc' dir='ltr'><strong>νε.</strong></span> <span class='ocrx_word' id='word_1_433' title='bbox 2303 2616 2401 2672; x_wconf 80' lang='grc' dir='ltr'>Καὶ</span> <span class='ocrx_word' id='word_1_434' title='bbox 2451 2618 2509 2678; x_wconf 86' lang='grc' dir='ltr'><strong>’ὸς</strong></span> <span class='ocrx_word' id='word_1_435' title='bbox 2556 2617 2784 2673; x_wconf 82' lang='grc' dir='ltr'>κατόπιν</span> <span class='ocrx_word' id='word_1_436' title='bbox 2830 2618 2859 2671; x_wconf 81' lang='grc' dir='ltr'><strong>ό</strong></span> <span class='ocrx_word' id='word_1_437' title='bbox 2909 2617 3165 2689; x_wconf 73' lang='grc' dir='ltr'>Ἰωάννης</span> <span class='ocrx_word' id='word_1_438' title='bbox 3224 2615 3468 2687; x_wconf 76' lang='grc' dir='ltr'>ἐδίωκεν,</span> <span class='ocrx_word' id='word_1_439' title='bbox 3518 2618 3823 2694; x_wconf 73' lang='grc' dir='ltr'>ἀνακράτος</span> 
     </span>
    </p>
   </div>
   <div class='ocr_carea' id='block_1_60' title="bbox 2176 2704 3823 2784">
    <p class='ocr_par' dir='ltr' id='par_1_60' title="bbox 2176 2704 3823 2784">
     <span class='ocr_line' id='line_1_61' title="bbox 2176 2704 3823 2784; baseline -0.001 -22"><span class='ocrx_word' id='word_1_440' title='bbox 2176 2711 2274 2763; x_wconf 75' lang='grc' dir='ltr'>τοῦ</span> <span class='ocrx_word' id='word_1_441' title='bbox 2304 2708 2489 2782; x_wconf 74' lang='grc' dir='ltr'>γήρως</span> <span class='ocrx_word' id='word_1_442' title='bbox 2537 2705 2625 2760; x_wconf 83' lang='grc' dir='ltr'><strong>καὶ</strong></span> <span class='ocrx_word' id='word_1_443' title='bbox 2673 2711 2782 2762; x_wconf 81' lang='grc' dir='ltr'>τῶν</span> <span class='ocrx_word' id='word_1_444' title='bbox 2832 2704 3020 2761; x_wconf 79' lang='grc' dir='ltr'>ἄλλῶν</span> <span class='ocrx_word' id='word_1_445' title='bbox 3068 2705 3485 2780; x_wconf 83' lang='grc' dir='ltr'>ἐπιλαθόμενος,</span> <span class='ocrx_word' id='word_1_446' title='bbox 3540 2708 3686 2784; x_wconf 78' lang='grc' dir='ltr'>μέγα</span> <span class='ocrx_word' id='word_1_447' title='bbox 3732 2709 3823 2764; x_wconf 80' lang='grc' dir='ltr'><strong>καὶ</strong></span> 
     </span>
    </p>
   </div>
   <div class='ocr_carea' id='block_1_61' title="bbox 2179 2792 3823 2873">
    <p class='ocr_par' dir='ltr' id='par_1_61' title="bbox 2179 2792 3823 2873">
     <span class='ocr_line' id='line_1_62' title="bbox 2179 2792 3823 2873; baseline 0 -21"><span class='ocrx_word' id='word_1_448' title='bbox 2179 2795 2427 2852; x_wconf 82' lang='grc' dir='ltr'>διάτοθον</span> <span class='ocrx_word' id='word_1_449' title='bbox 2456 2792 2685 2864; x_wconf 75' lang='grc' dir='ltr'>ἐκϐοων,</span> <span class='ocrx_word' id='word_1_450' title='bbox 2717 2795 2785 2850; x_wconf 89' lang='grc' dir='ltr'>Τί</span> <span class='ocrx_word' id='word_1_451' title='bbox 2819 2816 2895 2869; x_wconf 90' lang='grc' dir='ltr'><strong>με</strong></span> <span class='ocrx_word' id='word_1_452' title='bbox 2924 2795 3202 2873; x_wconf 83' lang='grc' dir='ltr'>φεύγεις</span> <span class='ocrx_word' id='word_1_453' title='bbox 3235 2797 3345 2852; x_wconf 87' lang='grc' dir='ltr'>τὸν</span> <span class='ocrx_word' id='word_1_454' title='bbox 3371 2796 3684 2873; x_wconf 76' lang='grc' dir='ltr'>γέροντα,</span> <span class='ocrx_word' id='word_1_455' title='bbox 3712 2799 3823 2852; x_wconf 84' lang='grc' dir='ltr'>τὸν</span> 
     </span>
    </p>
   </div>
   <div class='ocr_carea' id='block_1_62' title="bbox 2180 2883 3827 2961">
    <p class='ocr_par' dir='ltr' id='par_1_62' title="bbox 2180 2883 3827 2961">
     <span class='ocr_line' id='line_1_63' title="bbox 2180 2883 3827 2961; baseline 0.001 -20"><span class='ocrx_word' id='word_1_456' title='bbox 2180 2890 2424 2942; x_wconf 81' lang='grc' dir='ltr'>σαυτοῦ</span> <span class='ocrx_word' id='word_1_457' title='bbox 2452 2883 2997 2960; x_wconf 83' lang='grc' dir='ltr'>πατέρα,τέκνον,</span> <span class='ocrx_word' id='word_1_458' title='bbox 3027 2886 3137 2940; x_wconf 85' lang='grc' dir='ltr'>τὸν</span> <span class='ocrx_word' id='word_1_459' title='bbox 3171 2887 3422 2961; x_wconf 87' lang='grc' dir='ltr'>γυμνόν</span> <span class='ocrx_word' id='word_1_460' title='bbox 3451 2907 3522 2941; x_wconf 89' lang='grc' dir='ltr'><strong>τε</strong></span> <span class='ocrx_word' id='word_1_461' title='bbox 3573 2889 3682 2942; x_wconf 83' lang='grc' dir='ltr'><strong>καὶ</strong></span> <span class='ocrx_word' id='word_1_462' title='bbox 3716 2886 3827 2942; x_wconf 73' lang='grc' dir='ltr'>ἄο-</span> 
     </span>
    </p>
   </div>
   <div class='ocr_carea' id='block_1_63' title="bbox 2178 2969 3823 3053">
    <p class='ocr_par' dir='ltr' id='par_1_63' title="bbox 2178 2969 3823 3053">
     <span class='ocr_line' id='line_1_64' title="bbox 2178 2969 3823 3053; baseline -0.001 -22"><span class='ocrx_word' id='word_1_463' title='bbox 2178 2976 2347 3031; x_wconf 90' lang='grc' dir='ltr'>πλον</span> <span class='ocrx_word' id='word_1_464' title='bbox 2376 2996 2389 3045; x_wconf 91' lang='grc'>;</span> <span class='ocrx_word' id='word_1_465' title='bbox 2423 2976 2521 3043; x_wconf 80' lang='grc' dir='ltr'><strong>Μὴ</strong></span> <span class='ocrx_word' id='word_1_466' title='bbox 2553 2969 2758 3053; x_wconf 73' lang='grc' dir='ltr'>φόϐος</span> <span class='ocrx_word' id='word_1_467' title='bbox 2791 2974 3087 3030; x_wconf 81' lang='grc' dir='ltr'>ὑπέστω·</span> <span class='ocrx_word' id='word_1_468' title='bbox 3123 2971 3220 3030; x_wconf 78' lang='grc' dir='ltr'>ἔτι</span> <span class='ocrx_word' id='word_1_469' title='bbox 3251 2995 3355 3030; x_wconf 91' lang='grc' dir='ltr'><strong>σοι</strong></span> <span class='ocrx_word' id='word_1_470' title='bbox 3399 2977 3585 3045; x_wconf 79' lang='grc' dir='ltr'><strong>ζωής</strong></span> <span class='ocrx_word' id='word_1_471' title='bbox 3626 2976 3823 3038; x_wconf 73' lang='grc' dir='ltr'>ἇλπίς</span> 
     </span>
    </p>
   </div>
   <div class='ocr_carea' id='block_1_64' title="bbox 2181 3062 3823 3141">
    <p class='ocr_par' dir='ltr' id='par_1_64' title="bbox 2181 3062 3823 3141">
     <span class='ocr_line' id='line_1_65' title="bbox 2181 3062 3823 3141; baseline -0.001 -20"><span class='ocrx_word' id='word_1_472' title='bbox 2181 3062 2461 3122; x_wconf 77' lang='grc' dir='ltr'>ἔνεστιν.</span> <span class='ocrx_word' id='word_1_473' title='bbox 2496 3065 2668 3139; x_wconf 89' lang='grc' dir='ltr'><strong>Ἐγὼ</strong></span> <span class='ocrx_word' id='word_1_474' title='bbox 2697 3065 2806 3119; x_wconf 86' lang='grc' dir='ltr'>τὸν</span> <span class='ocrx_word' id='word_1_475' title='bbox 2838 3063 2997 3139; x_wconf 76' lang='grc' dir='ltr'>ὑπὲρ</span> <span class='ocrx_word' id='word_1_476' title='bbox 3028 3068 3142 3119; x_wconf 80' lang='grc' dir='ltr'><strong>σοῦ</strong></span> <span class='ocrx_word' id='word_1_477' title='bbox 3174 3064 3369 3139; x_wconf 84' lang='grc' dir='ltr'>λόγον</span> <span class='ocrx_word' id='word_1_478' title='bbox 3403 3062 3599 3120; x_wconf 82' lang='grc' dir='ltr'>δώσω</span> <span class='ocrx_word' id='word_1_479' title='bbox 3627 3067 3823 3141; x_wconf 82' lang='grc' dir='ltr'>Χρισ-</span> 
     </span>
    </p>
   </div>
   <div class='ocr_carea' id='block_1_65' title="bbox 2180 3151 3827 3230">
    <p class='ocr_par' dir='ltr' id='par_1_65' title="bbox 2180 3151 3827 3230">
     <span class='ocr_line' id='line_1_66' title="bbox 2180 3151 3827 3230; baseline 0.001 -21"><span class='ocrx_word' id='word_1_480' title='bbox 2180 3160 2294 3227; x_wconf 69' lang='grc' dir='ltr'><strong>τῷ*</strong></span> <span class='ocrx_word' id='word_1_481' title='bbox 2329 3155 2381 3210; x_wconf 86' lang='grc' dir='ltr'>εἰ</span> <span class='ocrx_word' id='word_1_482' title='bbox 2411 3152 2547 3209; x_wconf 76' lang='grc' dir='ltr'><strong>δέοι</strong></span> <span class='ocrx_word' id='word_1_483' title='bbox 2579 3151 2678 3222; x_wconf 78' lang='grc' dir='ltr'><strong>δὲ,</strong></span> <span class='ocrx_word' id='word_1_484' title='bbox 2709 3154 2816 3208; x_wconf 88' lang='grc' dir='ltr'><strong>καὶ</strong></span> <span class='ocrx_word' id='word_1_485' title='bbox 2848 3154 3055 3223; x_wconf 77' lang='grc' dir='ltr'>αὐτὴν</span> <span class='ocrx_word' id='word_1_486' title='bbox 3089 3154 3309 3230; x_wconf 77' lang='grc' dir='ltr'>ψυχὴν</span> <span class='ocrx_word' id='word_1_487' title='bbox 3339 3154 3502 3229; x_wconf 73' lang='grc' dir='ltr'>ὑπὲρ</span> <span class='ocrx_word' id='word_1_488' title='bbox 3552 3162 3678 3225; x_wconf 79' lang='grc' dir='ltr'>τῆς</span> <span class='ocrx_word' id='word_1_489' title='bbox 3707 3164 3827 3225; x_wconf 80' lang='grc' dir='ltr'>σῆς</span> 
     </span>
    </p>
   </div>
   <div class='ocr_carea' id='block_1_66' title="bbox 426 3225 2067 3322">
    <p class='ocr_par' dir='ltr' id='par_1_66' title="bbox 426 3242 2067 3322">
     <span class='ocr_line' id='line_1_67' title="bbox 426 3242 2067 3322; baseline -0.005 -15"><span class='ocrx_word' id='word_1_490' title='bbox 426 3250 636 3307; x_wconf 89' lang='lat' dir='ltr'><strong>deduci</strong></span> <span class='ocrx_word' id='word_1_491' title='bbox 667 3247 832 3322; x_wconf 87' lang='lat' dir='ltr'><strong>petit.</strong></span> <span class='ocrx_word' id='word_1_492' title='bbox 869 3245 971 3302; x_wconf 89' lang='lat' dir='ltr'><strong>llle</strong></span> <span class='ocrx_word' id='word_1_493' title='bbox 994 3260 1163 3317; x_wconf 87' lang='lat' dir='ltr'><strong>porro</strong></span> <span class='ocrx_word' id='word_1_494' title='bbox 1196 3250 1318 3298; x_wconf 92' lang='lat' dir='ltr'><strong>lum</strong></span> <span class='ocrx_word' id='word_1_495' title='bbox 1368 3243 1454 3298; x_wconf 89' lang='lat' dir='ltr'><strong>ita</strong></span> <span class='ocrx_word' id='word_1_496' title='bbox 1487 3242 1653 3310; x_wconf 81' lang='lat' dir='ltr'><strong>forte,</strong></span> <span class='ocrx_word' id='word_1_497' title='bbox 1686 3245 1751 3296; x_wconf 86' lang='lat' dir='ltr'><strong>ul:</strong></span> <span class='ocrx_word' id='word_1_498' title='bbox 1806 3245 2067 3299; x_wconf 85' lang='lat' dir='ltr'><strong>armatus</strong></span> 
     </span>
    </p>
   </div>
   <div class='ocr_carea' id='block_1_67' title="bbox 2177 3225 3825 3322">
    <p class='ocr_par' dir='ltr' id='par_1_67' title="bbox 2178 3243 3825 3318">
     <span class='ocr_line' id='line_1_68' title="bbox 2178 3243 3825 3318; baseline 0 -18"><span class='ocrx_word' id='word_1_499' title='bbox 2178 3246 2568 3318; x_wconf 72' lang='grc' dir='ltr'>προήσομαι</span> <span class='ocrx_word' id='word_1_500' title='bbox 2615 3263 2936 3318; x_wconf 87' lang='grc' dir='ltr'>ταχιστα.</span> <span class='ocrx_word' id='word_1_501' title='bbox 2970 3245 3178 3312; x_wconf 75' lang='grc' dir='ltr'>Στῆθι</span> <span class='ocrx_word' id='word_1_502' title='bbox 3228 3243 3335 3298; x_wconf 80' lang='grc' dir='ltr'>καὶ</span> <span class='ocrx_word' id='word_1_503' title='bbox 3384 3245 3692 3313; x_wconf 88' lang='grc' dir='ltr'>πίστευε,</span> <span class='ocrx_word' id='word_1_504' title='bbox 3741 3247 3825 3308; x_wconf 81' lang='grc' dir='ltr'>ὡς</span> 
     </span>
    </p>
   </div>
   <div class='ocr_carea' id='block_1_68' title="bbox 427 3331 2072 3410">
    <p class='ocr_par' dir='ltr' id='par_1_68' title="bbox 427 3331 2072 3410">
     <span class='ocr_line' id='line_1_69' title="bbox 427 3331 2072 3410; baseline -0.006 -13"><span class='ocrx_word' id='word_1_505' title='bbox 427 3344 571 3410; x_wconf 88' lang='lat' dir='ltr'><strong>erat,</strong></span> <span class='ocrx_word' id='word_1_506' title='bbox 602 3339 663 3394; x_wconf 89' lang='lat' dir='ltr'><strong>in</strong></span> <span class='ocrx_word' id='word_1_507' title='bbox 693 3337 786 3394; x_wconf 87' lang='lat' dir='ltr'><strong>via</strong></span> <span class='ocrx_word' id='word_1_508' title='bbox 815 3335 1026 3392; x_wconf 86' lang='lat' dir='ltr'><strong>stabat.</strong></span> <span class='ocrx_word' id='word_1_509' title='bbox 1059 3332 1128 3390; x_wconf 89' lang='lat' dir='ltr'><strong>Ut</strong></span> <span class='ocrx_word' id='word_1_510' title='bbox 1160 3336 1353 3388; x_wconf 88' lang='lat' dir='ltr'><strong>autem</strong></span> <span class='ocrx_word' id='word_1_511' title='bbox 1383 3332 1665 3388; x_wconf 89' lang='lat' dir='ltr'><strong>Joannem</strong></span> <span class='ocrx_word' id='word_1_512' title='bbox 1701 3331 1976 3402; x_wconf 86' lang='lat' dir='ltr'><strong>paulatim</strong></span> <span class='ocrx_word' id='word_1_513' title='bbox 1999 3331 2072 3387; x_wconf 90' lang='lat' dir='ltr'><strong>ad</strong></span> 
     </span>
    </p>
   </div>
   <div class='ocr_carea' id='block_1_69' title="bbox 436 3419 2072 3493">
    <p class='ocr_par' dir='ltr' id='par_1_69' title="bbox 436 3419 2072 3493">
     <span class='ocr_line' id='line_1_70' title="bbox 436 3419 2072 3493; baseline -0.008 -5"><span class='ocrx_word' id='word_1_514' title='bbox 436 3444 500 3488; x_wconf 88' lang='lat' dir='ltr'><strong>se</strong></span> <span class='ocrx_word' id='word_1_515' title='bbox 529 3427 854 3483; x_wconf 84' lang='lat' dir='ltr'><strong>venientem</strong></span> <span class='ocrx_word' id='word_1_516' title='bbox 883 3422 1175 3493; x_wconf 78' lang='lat' dir='ltr'><strong>cognovit,</strong></span> <span class='ocrx_word' id='word_1_517' title='bbox 1210 3438 1385 3492; x_wconf 86' lang='lat' dir='ltr'><strong>quam</strong></span> <span class='ocrx_word' id='word_1_518' title='bbox 1418 3419 1720 3476; x_wconf 84' lang='lat' dir='ltr'><strong>celerrime</strong></span> <span class='ocrx_word' id='word_1_519' title='bbox 1750 3423 1936 3491; x_wconf 92' lang='lat' dir='ltr'><strong>potest</strong></span> <span class='ocrx_word' id='word_1_520' title='bbox 1988 3435 2072 3476; x_wconf 84' lang='lat' dir='ltr'><strong>re-</strong></span> 
     </span>
    </p>
   </div>
   <div class='ocr_carea' id='block_1_70' title="bbox 435 3512 2074 3580">
    <p class='ocr_par' dir='ltr' id='par_1_70' title="bbox 435 3512 2074 3580">
     <span class='ocr_line' id='line_1_71' title="bbox 435 3512 2074 3580; baseline -0.005 -7"><span class='ocrx_word' id='word_1_521' title='bbox 435 3515 675 3575; x_wconf 87' lang='lat' dir='ltr'><strong>trocedit</strong></span> <span class='ocrx_word' id='word_1_522' title='bbox 719 3515 975 3571; x_wconf 87' lang='lat' dir='ltr'><strong>Joannes</strong></span> <span class='ocrx_word' id='word_1_523' title='bbox 1034 3514 1227 3568; x_wconf 88' lang='lat' dir='ltr'><strong>autem</strong></span> <span class='ocrx_word' id='word_1_524' title='bbox 1282 3512 1523 3567; x_wconf 63' lang='lat' dir='ltr'><strong>senectia</strong></span> <span class='ocrx_word' id='word_1_525' title='bbox 1575 3524 1714 3578; x_wconf 70' lang='lat' dir='ltr'><strong>suae,</strong></span> <span class='ocrx_word' id='word_1_526' title='bbox 1767 3523 2074 3580; x_wconf 88' lang='lat' dir='ltr'><strong>rerumque</strong></span> 
     </span>
    </p>
   </div>
   <div class='ocr_carea' id='block_1_71' title="bbox 433 3597 2075 3670">
    <p class='ocr_par' dir='ltr' id='par_1_71' title="bbox 433 3597 2075 3670">
     <span class='ocr_line' id='line_1_72' title="bbox 433 3597 2075 3670; baseline -0.007 -5"><span class='ocrx_word' id='word_1_527' title='bbox 433 3606 677 3665; x_wconf 87' lang='lat' dir='ltr'><strong>aliarum</strong></span> <span class='ocrx_word' id='word_1_528' title='bbox 720 3602 983 3660; x_wconf 91' lang='lat' dir='ltr'><strong>omnium</strong></span> <span class='ocrx_word' id='word_1_529' title='bbox 1041 3600 1282 3666; x_wconf 91' lang='lat' dir='ltr'><strong>oblitus,</strong></span> <span class='ocrx_word' id='word_1_530' title='bbox 1313 3598 1478 3655; x_wconf 90' lang='lat' dir='ltr'><strong>illum</strong></span> <span class='ocrx_word' id='word_1_531' title='bbox 1539 3597 1937 3670; x_wconf 88' lang='lat' dir='ltr'><strong>consequitur,</strong></span> <span class='ocrx_word' id='word_1_532' title='bbox 1989 3599 2075 3654; x_wconf 90' lang='lat' dir='ltr'><strong>in-</strong></span> 
     </span>
    </p>
   </div>
   <div class='ocr_carea' id='block_1_72' title="bbox 419 3687 2074 3769">
    <p class='ocr_par' dir='ltr' id='par_1_72' title="bbox 419 3687 2074 3769">
     <span class='ocr_line' id='line_1_73' title="bbox 419 3687 2074 3769; baseline -0.008 -15"><span class='ocrx_word' id='word_1_533' title='bbox 419 3696 578 3769; x_wconf 85' lang='lat' dir='ltr'><strong>genti</strong></span> <span class='ocrx_word' id='word_1_534' title='bbox 614 3709 752 3751; x_wconf 91' lang='lat' dir='ltr'><strong>voce</strong></span> <span class='ocrx_word' id='word_1_535' title='bbox 784 3691 936 3748; x_wconf 87' lang='lat' dir='ltr'><strong>clare</strong></span> <span class='ocrx_word' id='word_1_536' title='bbox 970 3689 1332 3746; x_wconf 85' lang='lat' dir='ltr'><strong>inclamans:</strong></span> <span class='ocrx_word' id='word_1_537' title='bbox 1368 3687 1508 3751; x_wconf 82' lang='lat' dir='ltr'><strong>Quid</strong></span> <span class='ocrx_word' id='word_1_538' title='bbox 1536 3703 1623 3743; x_wconf 84' lang='lat' dir='ltr'><strong>me</strong></span> <span class='ocrx_word' id='word_1_539' title='bbox 1656 3687 1830 3760; x_wconf 81' lang='lat' dir='ltr'><strong>fugis,</strong></span> <span class='ocrx_word' id='word_1_540' title='bbox 1852 3688 2074 3759; x_wconf 80' lang='lat' dir='ltr'><strong>juvenis</strong></span> 
     </span>
    </p>
   </div>
   <div class='ocr_carea' id='block_1_73' title="bbox 419 3777 2073 3855">
    <p class='ocr_par' dir='ltr' id='par_1_73' title="bbox 419 3777 2073 3855">
     <span class='ocr_line' id='line_1_74' title="bbox 419 3777 2073 3855; baseline -0.007 -12"><span class='ocrx_word' id='word_1_541' title='bbox 419 3801 629 3853; x_wconf 85' lang='lat' dir='ltr'><strong>senem,</strong></span> <span class='ocrx_word' id='word_1_542' title='bbox 666 3787 894 3855; x_wconf 81' lang='lat' dir='ltr'><strong>patrem</strong></span> <span class='ocrx_word' id='word_1_543' title='bbox 956 3790 1132 3847; x_wconf 84' lang='lat' dir='ltr'><strong>tuum,</strong></span> <span class='ocrx_word' id='word_1_544' title='bbox 1188 3778 1296 3850; x_wconf 83' lang='lat' dir='ltr'><strong>ﬁli,</strong></span> <span class='ocrx_word' id='word_1_545' title='bbox 1344 3777 1555 3833; x_wconf 82' lang='lat' dir='ltr'><strong>nudum</strong></span> <span class='ocrx_word' id='word_1_546' title='bbox 1592 3781 1754 3848; x_wconf 86' lang='lat' dir='ltr'><strong>atque</strong></span> <span class='ocrx_word' id='word_1_547' title='bbox 1803 3777 2073 3834; x_wconf 77' lang='lat' dir='ltr'><strong>inermem</strong></span> 
     </span>
    </p>
   </div>
   <div class='ocr_carea' id='block_1_74' title="bbox 418 3867 2075 3942">
    <p class='ocr_par' dir='ltr' id='par_1_74' title="bbox 418 3867 2075 3942">
     <span class='ocr_line' id='line_1_75' title="bbox 418 3867 2075 3942; baseline -0.005 -11"><span class='ocrx_word' id='word_1_548' title='bbox 418 3878 669 3931; x_wconf 85' lang='lat' dir='ltr'><strong>armatus</strong></span> <span class='ocrx_word' id='word_1_549' title='bbox 696 3872 974 3942; x_wconf 66' lang='lat' dir='ltr'><strong>Hacessat</strong></span> <span class='ocrx_word' id='word_1_550' title='bbox 1049 3871 1259 3924; x_wconf 87' lang='lat' dir='ltr'><strong>metus!</strong></span> <span class='ocrx_word' id='word_1_551' title='bbox 1288 3867 1464 3922; x_wconf 85' lang='lat' dir='ltr'><strong>adhuc</strong></span> <span class='ocrx_word' id='word_1_552' title='bbox 1502 3867 1611 3922; x_wconf 85' lang='lat' dir='ltr'><strong>tibi</strong></span> <span class='ocrx_word' id='word_1_553' title='bbox 1643 3868 1776 3923; x_wconf 70' lang='lat' dir='ltr'><strong>vitae</strong></span> <span class='ocrx_word' id='word_1_554' title='bbox 1821 3882 1940 3938; x_wconf 83' lang='lat' dir='ltr'><strong>spes</strong></span> <span class='ocrx_word' id='word_1_555' title='bbox 1998 3873 2075 3922; x_wconf 86' lang='lat' dir='ltr'><strong>est</strong></span> 
     </span>
    </p>
   </div>
   <div class='ocr_carea' id='block_1_75' title="bbox 418 3954 2071 4037">
    <p class='ocr_par' dir='ltr' id='par_1_75' title="bbox 418 3954 2071 4037">
     <span class='ocr_line' id='line_1_76' title="bbox 418 3954 2071 4037; baseline -0.008 -15"><span class='ocrx_word' id='word_1_556' title='bbox 418 3965 650 4037; x_wconf 83' lang='lat' dir='ltr'><strong>reliqua.</strong></span> <span class='ocrx_word' id='word_1_557' title='bbox 700 3963 810 4033; x_wconf 83' lang='lat' dir='ltr'><strong>Ego</strong></span> <span class='ocrx_word' id='word_1_558' title='bbox 850 3974 948 4033; x_wconf 85' lang='lat' dir='ltr'><strong>pro</strong></span> <span class='ocrx_word' id='word_1_559' title='bbox 986 3964 1038 4013; x_wconf 87' lang='lat' dir='ltr'><strong>te</strong></span> <span class='ocrx_word' id='word_1_560' title='bbox 1084 3957 1292 4014; x_wconf 83' lang='lat' dir='ltr'><strong>Christo</strong></span> <span class='ocrx_word' id='word_1_561' title='bbox 1338 3956 1614 4013; x_wconf 72' lang='lat' dir='ltr'><strong>rationem</strong></span> <span class='ocrx_word' id='word_1_562' title='bbox 1678 3955 1902 4012; x_wconf 82' lang='lat' dir='ltr'><strong>reddam</strong></span> <span class='ocrx_word' id='word_1_563' title='bbox 1947 3972 1960 4011; x_wconf 91' lang='lat'><strong>:</strong></span> <span class='ocrx_word' id='word_1_564' title='bbox 2002 3954 2071 4011; x_wconf 82' lang='lat' dir='ltr'><strong>ad</strong></span> 
     </span>
    </p>
   </div>
   <div class='ocr_carea' id='block_1_76' title="bbox 422 4046 2072 4124">
    <p class='ocr_par' dir='ltr' id='par_1_76' title="bbox 422 4046 2072 4124">
     <span class='ocr_line' id='line_1_77' title="bbox 422 4046 2072 4124; baseline -0.006 -15"><span class='ocrx_word' id='word_1_565' title='bbox 422 4056 471 4109; x_wconf 80' lang='lat' dir='ltr'><strong>si</strong></span> <span class='ocrx_word' id='word_1_566' title='bbox 526 4069 660 4124; x_wconf 87' lang='lat' dir='ltr'><strong>opus</strong></span> <span class='ocrx_word' id='word_1_567' title='bbox 700 4052 895 4122; x_wconf 85' lang='lat' dir='ltr'><strong>fuerit,</strong></span> <span class='ocrx_word' id='word_1_568' title='bbox 927 4050 1046 4119; x_wconf 84' lang='lat' dir='ltr'><strong>ipse</strong></span> <span class='ocrx_word' id='word_1_569' title='bbox 1104 4063 1200 4119; x_wconf 84' lang='lat' dir='ltr'><strong>pro</strong></span> <span class='ocrx_word' id='word_1_570' title='bbox 1239 4054 1332 4103; x_wconf 85' lang='lat' dir='ltr'><strong>tua</strong></span> <span class='ocrx_word' id='word_1_571' title='bbox 1376 4046 1624 4102; x_wconf 85' lang='lat' dir='ltr'><strong>animam</strong></span> <span class='ocrx_word' id='word_1_572' title='bbox 1668 4062 1843 4101; x_wconf 83' lang='lat' dir='ltr'><strong>meam</strong></span> <span class='ocrx_word' id='word_1_573' title='bbox 1887 4046 2072 4100; x_wconf 76' lang='lat' dir='ltr'><strong>statim</strong></span> 
     </span>
    </p>
   </div>
   <div class='ocr_carea' id='block_1_77' title="bbox 423 4133 2073 4212">
    <p class='ocr_par' dir='ltr' id='par_1_77' title="bbox 423 4133 2073 4212">
     <span class='ocr_line' id='line_1_78' title="bbox 423 4133 2073 4212; baseline -0.004 -18"><span class='ocrx_word' id='word_1_574' title='bbox 423 4141 742 4212; x_wconf 83' lang='lat' dir='ltr'><strong>projiciam.</strong></span> <span class='ocrx_word' id='word_1_575' title='bbox 809 4139 1075 4205; x_wconf 81' lang='lat' dir='ltr'><strong>Consiste,</strong></span> <span class='ocrx_word' id='word_1_576' title='bbox 1124 4151 1313 4207; x_wconf 84' lang='lat' dir='ltr'><strong>meque</strong></span> <span class='ocrx_word' id='word_1_577' title='bbox 1341 4152 1373 4189; x_wconf 79' lang='grc' dir='ltr'><strong>ιι</strong></span> <span class='ocrx_word' id='word_1_578' title='bbox 1424 4135 1635 4190; x_wconf 81' lang='lat' dir='ltr'><strong>Christo</strong></span> <span class='ocrx_word' id='word_1_579' title='bbox 1694 4136 1918 4189; x_wconf 88' lang='lat' dir='ltr'><strong>missum</strong></span> <span class='ocrx_word' id='word_1_580' title='bbox 1972 4133 2073 4189; x_wconf 85' lang='lat' dir='ltr'><strong>tibi</strong></span> 
     </span>
    </p>
   </div>
   <div class='ocr_carea' id='block_1_78' title="bbox 423 4224 2071 4295">
    <p class='ocr_par' dir='ltr' id='par_1_78' title="bbox 423 4224 2071 4295">
     <span class='ocr_line' id='line_1_79' title="bbox 423 4224 2071 4295; baseline -0.005 -10"><span class='ocrx_word' id='word_1_581' title='bbox 423 4230 599 4286; x_wconf 87' lang='lat' dir='ltr'><strong>crede.</strong></span> <span class='ocrx_word' id='word_1_582' title='bbox 656 4229 803 4283; x_wconf 90' lang='lat' dir='ltr'><strong>Tum</strong></span> <span class='ocrx_word' id='word_1_583' title='bbox 866 4225 1107 4295; x_wconf 88' lang='lat' dir='ltr'><strong>ille,bis</strong></span> <span class='ocrx_word' id='word_1_584' title='bbox 1166 4224 1406 4291; x_wconf 87' lang='lat' dir='ltr'><strong>auditis,</strong></span> <span class='ocrx_word' id='word_1_585' title='bbox 1463 4224 1720 4294; x_wconf 89' lang='lat' dir='ltr'><strong>primum</strong></span> <span class='ocrx_word' id='word_1_586' title='bbox 1780 4224 2071 4291; x_wconf 87' lang='lat' dir='ltr'><strong>consistit,</strong></span> 
     </span>
    </p>
   </div>
   <div class='ocr_carea' id='block_1_79' title="bbox 426 4311 2071 4383">
    <p class='ocr_par' dir='ltr' id='par_1_79' title="bbox 426 4311 2071 4383">
     <span class='ocr_line' id='line_1_80' title="bbox 426 4311 2071 4383; baseline -0.005 -8"><span class='ocrx_word' id='word_1_587' title='bbox 426 4317 611 4375; x_wconf 88' lang='lat' dir='ltr'><strong>oculis</strong></span> <span class='ocrx_word' id='word_1_588' title='bbox 654 4316 715 4372; x_wconf 88' lang='lat' dir='ltr'><strong>in</strong></span> <span class='ocrx_word' id='word_1_589' title='bbox 748 4320 961 4371; x_wconf 89' lang='lat' dir='ltr'><strong>terram</strong></span> <span class='ocrx_word' id='word_1_590' title='bbox 996 4312 1268 4369; x_wconf 86' lang='lat' dir='ltr'><strong>demissis</strong></span> <span class='ocrx_word' id='word_1_591' title='bbox 1300 4326 1312 4366; x_wconf 91' lang='lat'><strong>:</strong></span> <span class='ocrx_word' id='word_1_592' title='bbox 1347 4311 1558 4368; x_wconf 90' lang='lat' dir='ltr'><strong>deinde</strong></span> <span class='ocrx_word' id='word_1_593' title='bbox 1600 4327 1758 4366; x_wconf 87' lang='lat' dir='ltr'><strong>arma</strong></span> <span class='ocrx_word' id='word_1_594' title='bbox 1814 4312 2071 4383; x_wconf 81' lang='lat' dir='ltr'><strong>deponit,</strong></span> 
     </span>
    </p>
   </div>
   <div class='ocr_carea' id='block_1_80' title="bbox 425 4398 2070 4473">
    <p class='ocr_par' dir='ltr' id='par_1_80' title="bbox 425 4398 2070 4473">
     <span class='ocr_line' id='line_1_81' title="bbox 425 4398 2070 4473; baseline -0.005 -9"><span class='ocrx_word' id='word_1_595' title='bbox 425 4424 491 4464; x_wconf 85' lang='lat' dir='ltr'><strong>ac</strong></span> <span class='ocrx_word' id='word_1_596' title='bbox 519 4410 771 4463; x_wconf 90' lang='lat' dir='ltr'><strong>tremore</strong></span> <span class='ocrx_word' id='word_1_597' title='bbox 802 4403 986 4458; x_wconf 88' lang='lat' dir='ltr'><strong>multo</strong></span> <span class='ocrx_word' id='word_1_598' title='bbox 1009 4404 1307 4473; x_wconf 87' lang='lat' dir='ltr'><strong>correptus</strong></span> <span class='ocrx_word' id='word_1_599' title='bbox 1359 4398 1734 4457; x_wconf 83' lang='lat' dir='ltr'><strong>acerbissime</strong></span> <span class='ocrx_word' id='word_1_600' title='bbox 1787 4401 2070 4456; x_wconf 80' lang='lat' dir='ltr'><strong>lamenta-</strong></span> 
     </span>
    </p>
   </div>
   <div class='ocr_carea' id='block_1_81' title="bbox 426 4488 2075 4562">
    <p class='ocr_par' dir='ltr' id='par_1_81' title="bbox 426 4488 2075 4562">
     <span class='ocr_line' id='line_1_82' title="bbox 426 4488 2075 4562; baseline -0.004 -8"><span class='ocrx_word' id='word_1_601' title='bbox 426 4502 561 4553; x_wconf 89' lang='lat' dir='ltr'><strong>tur:</strong></span> <span class='ocrx_word' id='word_1_602' title='bbox 623 4493 1109 4562; x_wconf 86' lang='lat' dir='ltr'><strong>accedentemque</strong></span> <span class='ocrx_word' id='word_1_603' title='bbox 1158 4488 1559 4561; x_wconf 87' lang='lat' dir='ltr'><strong>complectitur</strong></span> <span class='ocrx_word' id='word_1_604' title='bbox 1606 4490 1959 4561; x_wconf 84' lang='lat' dir='ltr'><strong>apostolum,</strong></span> <span class='ocrx_word' id='word_1_605' title='bbox 2017 4495 2075 4547; x_wconf 87' lang='lat' dir='ltr'><strong>et</strong></span> 
     </span>
    </p>
   </div>
   <div class='ocr_carea' id='block_1_82' title="bbox 426 4579 2074 4660">
    <p class='ocr_par' dir='ltr' id='par_1_82' title="bbox 426 4579 2074 4660">
     <span class='ocr_line' id='line_1_83' title="bbox 426 4579 2074 4660; baseline -0.014 -15"><span class='ocrx_word' id='word_1_606' title='bbox 426 4585 728 4660; x_wconf 80' lang='lat' dir='ltr'><strong>lacrymis,</strong></span> <span class='ocrx_word' id='word_1_607' title='bbox 780 4582 935 4655; x_wconf 90' lang='lat' dir='ltr'><strong>quod</strong></span> <span class='ocrx_word' id='word_1_608' title='bbox 994 4580 1199 4652; x_wconf 87' lang='lat' dir='ltr'><strong>potuit,</strong></span> <span class='ocrx_word' id='word_1_609' title='bbox 1254 4595 1465 4640; x_wconf 82' lang='lat' dir='ltr'><strong>noxam</strong></span> <span class='ocrx_word' id='word_1_610' title='bbox 1517 4579 1879 4653; x_wconf 87' lang='lat' dir='ltr'><strong>deprecatur,</strong></span> <span class='ocrx_word' id='word_1_611' title='bbox 1913 4581 2074 4653; x_wconf 78' lang='lat' dir='ltr'><strong>geni-</strong></span> 
     </span>
    </p>
   </div>
   <div class='ocr_carea' id='block_1_83' title="bbox 426 4669 2072 4749">
    <p class='ocr_par' dir='ltr' id='par_1_83' title="bbox 426 4669 2072 4749">
     <span class='ocr_line' id='line_1_84' title="bbox 426 4669 2072 4749; baseline -0.005 -13"><span class='ocrx_word' id='word_1_612' title='bbox 426 4680 655 4749; x_wconf 85' lang='lat' dir='ltr'><strong>busque</strong></span> <span class='ocrx_word' id='word_1_613' title='bbox 684 4672 847 4730; x_wconf 85' lang='lat' dir='ltr'><strong>ﬂexis</strong></span> <span class='ocrx_word' id='word_1_614' title='bbox 878 4672 1171 4727; x_wconf 82' lang='lat' dir='ltr'><strong>dexteram</strong></span> <span class='ocrx_word' id='word_1_615' title='bbox 1207 4670 1394 4727; x_wconf 90' lang='lat' dir='ltr'><strong>solam</strong></span> <span class='ocrx_word' id='word_1_616' title='bbox 1425 4670 1552 4725; x_wconf 85' lang='lat' dir='ltr'><strong>sinu</strong></span> <span class='ocrx_word' id='word_1_617' title='bbox 1604 4669 1888 4726; x_wconf 89' lang='lat' dir='ltr'><strong>cohibuit.</strong></span> <span class='ocrx_word' id='word_1_618' title='bbox 1922 4672 2072 4727; x_wconf 89' lang='lat' dir='ltr'><strong>Tum</strong></span> 
     </span>
    </p>
   </div>
   <div class='ocr_carea' id='block_1_84' title="bbox 427 4758 2075 4833">
    <p class='ocr_par' dir='ltr' id='par_1_84' title="bbox 427 4758 2075 4833">
     <span class='ocr_line' id='line_1_85' title="bbox 427 4758 2075 4833; baseline -0.004 -10"><span class='ocrx_word' id='word_1_619' title='bbox 427 4772 682 4826; x_wconf 85' lang='lat' dir='ltr'><strong>Joannes</strong></span> <span class='ocrx_word' id='word_1_620' title='bbox 738 4759 1123 4833; x_wconf 89' lang='lat' dir='ltr'><strong>jurejurando</strong></span> <span class='ocrx_word' id='word_1_621' title='bbox 1192 4758 1409 4830; x_wconf 88' lang='lat' dir='ltr'><strong>addito,</strong></span> <span class='ocrx_word' id='word_1_622' title='bbox 1467 4758 1738 4827; x_wconf 89' lang='lat' dir='ltr'><strong>salutem,</strong></span> <span class='ocrx_word' id='word_1_623' title='bbox 1800 4775 2075 4831; x_wconf 71' lang='lat' dir='ltr'><strong>noxaeque</strong></span> 
     </span>
    </p>
   </div>
   <div class='ocr_carea' id='block_1_85' title="bbox 429 4846 2073 4920">
    <p class='ocr_par' dir='ltr' id='par_1_85' title="bbox 429 4846 2073 4920">
     <span class='ocr_line' id='line_1_86' title="bbox 429 4846 2073 4920; baseline -0.005 -6"><span class='ocrx_word' id='word_1_624' title='bbox 429 4853 834 4914; x_wconf 89' lang='lat' dir='ltr'><strong>remissionem</strong></span> <span class='ocrx_word' id='word_1_625' title='bbox 865 4849 950 4905; x_wconf 92' lang='lat' dir='ltr'><strong>illi</strong></span> <span class='ocrx_word' id='word_1_626' title='bbox 981 4866 1014 4905; x_wconf 91' lang='lat' dir='ltr'><strong>a</strong></span> <span class='ocrx_word' id='word_1_627' title='bbox 1044 4848 1349 4906; x_wconf 90' lang='lat' dir='ltr'><strong>Servatore</strong></span> <span class='ocrx_word' id='word_1_628' title='bbox 1405 4846 1709 4920; x_wconf 89' lang='lat' dir='ltr'><strong>pollicetur</strong></span> <span class='ocrx_word' id='word_1_629' title='bbox 1741 4863 1755 4902; x_wconf 92' lang='lat'><strong>:</strong></span> <span class='ocrx_word' id='word_1_630' title='bbox 1815 4849 2073 4906; x_wconf 86' lang='lat' dir='ltr'><strong>dextram</strong></span> 
     </span>
    </p>
   </div>
   <div class='ocr_carea' id='block_1_86' title="bbox 426 4937 2077 5021">
    <p class='ocr_par' dir='ltr' id='par_1_86' title="bbox 426 4937 2077 5021">
     <span class='ocr_line' id='line_1_87' title="bbox 426 4937 2077 5021; baseline -0.006 -16"><span class='ocrx_word' id='word_1_631' title='bbox 426 4951 555 5021; x_wconf 87' lang='lat' dir='ltr'><strong>ejus</strong></span> <span class='ocrx_word' id='word_1_632' title='bbox 596 4960 697 5018; x_wconf 88' lang='lat' dir='ltr'><strong>per</strong></span> <span class='ocrx_word' id='word_1_633' title='bbox 755 4940 1155 5014; x_wconf 71' lang='lat' dir='ltr'><strong>posuitentiam</strong></span> <span class='ocrx_word' id='word_1_634' title='bbox 1197 4940 1319 5011; x_wconf 90' lang='lat' dir='ltr'><strong>jam</strong></span> <span class='ocrx_word' id='word_1_635' title='bbox 1369 4938 1656 5009; x_wconf 87' lang='lat' dir='ltr'><strong>expiatam</strong></span> <span class='ocrx_word' id='word_1_636' title='bbox 1688 4937 2077 4995; x_wconf 89' lang='lat' dir='ltr'><strong>deosculatur.</strong></span> 
     </span>
    </p>
   </div>
   <div class='ocr_carea' id='block_1_87' title="bbox 431 5027 2081 5108">
    <p class='ocr_par' dir='ltr' id='par_1_87' title="bbox 431 5027 2081 5108">
     <span class='ocr_line' id='line_1_88' title="bbox 431 5027 2081 5108; baseline -0.007 -13"><span class='ocrx_word' id='word_1_637' title='bbox 431 5050 684 5108; x_wconf 90' lang='lat' dir='ltr'><strong>eumque</strong></span> <span class='ocrx_word' id='word_1_638' title='bbox 714 5032 772 5087; x_wconf 91' lang='lat' dir='ltr'><strong>in</strong></span> <span class='ocrx_word' id='word_1_639' title='bbox 805 5029 1108 5088; x_wconf 85' lang='lat' dir='ltr'><strong>ecclesiam</strong></span> <span class='ocrx_word' id='word_1_640' title='bbox 1141 5027 1387 5085; x_wconf 84' lang='lat' dir='ltr'><strong>reducit.</strong></span> <span class='ocrx_word' id='word_1_641' title='bbox 1406 5027 1488 5082; x_wconf 90' lang='lat' dir='ltr'><strong>Ibi</strong></span> <span class='ocrx_word' id='word_1_642' title='bbox 1523 5027 1921 5098; x_wconf 69' lang='lat' dir='ltr'><strong>frequentibus</strong></span> <span class='ocrx_word' id='word_1_643' title='bbox 1950 5044 2081 5084; x_wconf 85' lang='lat' dir='ltr'><strong>ora-</strong></span> 
     </span>
    </p>
   </div>
   <div class='ocr_carea' id='block_1_88' title="bbox 430 5114 2077 5191">
    <p class='ocr_par' dir='ltr' id='par_1_88' title="bbox 430 5114 2077 5191">
     <span class='ocr_line' id='line_1_89' title="bbox 430 5114 2077 5191; baseline -0.007 -7"><span class='ocrx_word' id='word_1_644' title='bbox 430 5124 712 5184; x_wconf 87' lang='lat' dir='ltr'><strong>tionibus.</strong></span> <span class='ocrx_word' id='word_1_645' title='bbox 766 5117 1125 5191; x_wconf 90' lang='lat' dir='ltr'><strong>jejuniisque</strong></span> <span class='ocrx_word' id='word_1_646' title='bbox 1182 5114 1474 5173; x_wconf 88' lang='lat' dir='ltr'><strong>continuis</strong></span> <span class='ocrx_word' id='word_1_647' title='bbox 1525 5130 1658 5171; x_wconf 91' lang='lat' dir='ltr'><strong>cum</strong></span> <span class='ocrx_word' id='word_1_648' title='bbox 1726 5130 1794 5172; x_wconf 91' lang='lat' dir='ltr'><strong>eo</strong></span> <span class='ocrx_word' id='word_1_649' title='bbox 1848 5133 2077 5187; x_wconf 86' lang='lat' dir='ltr'><strong>vacans,</strong></span> 
     </span>
    </p>
   </div>
   <div class='ocr_carea' id='block_1_89' title="bbox 429 5205 2081 5284">
    <p class='ocr_par' dir='ltr' id='par_1_89' title="bbox 429 5205 2081 5284">
     <span class='ocr_line' id='line_1_90' title="bbox 429 5205 2081 5284; baseline -0.006 -9"><span class='ocrx_word' id='word_1_650' title='bbox 429 5215 712 5284; x_wconf 86' lang='lat' dir='ltr'><strong>suavique</strong></span> <span class='ocrx_word' id='word_1_651' title='bbox 740 5208 1045 5266; x_wconf 88' lang='lat' dir='ltr'><strong>verborum</strong></span> <span class='ocrx_word' id='word_1_652' title='bbox 1089 5207 1291 5263; x_wconf 87' lang='lat' dir='ltr'><strong>Sirene</strong></span> <span class='ocrx_word' id='word_1_653' title='bbox 1342 5211 1624 5263; x_wconf 90' lang='lat' dir='ltr'><strong>tumorem</strong></span> <span class='ocrx_word' id='word_1_654' title='bbox 1667 5205 1876 5262; x_wconf 77' lang='lat' dir='ltr'><strong>animos</strong></span> <span class='ocrx_word' id='word_1_655' title='bbox 1920 5207 2081 5266; x_wconf 91' lang='lat' dir='ltr'><strong>illius</strong></span> 
     </span>
    </p>
   </div>
   <div class='ocr_carea' id='block_1_90' title="bbox 431 5293 2081 5378">
    <p class='ocr_par' dir='ltr' id='par_1_90' title="bbox 431 5293 2081 5378">
     <span class='ocr_line' id='line_1_91' title="bbox 431 5293 2081 5378; baseline -0.005 -14"><span class='ocrx_word' id='word_1_656' title='bbox 431 5312 709 5378; x_wconf 86' lang='lat' dir='ltr'><strong>tanquam</strong></span> <span class='ocrx_word' id='word_1_657' title='bbox 741 5297 1135 5355; x_wconf 86' lang='lat' dir='ltr'><strong>incantationo</strong></span> <span class='ocrx_word' id='word_1_658' title='bbox 1164 5311 1536 5363; x_wconf 89' lang='lat' dir='ltr'><strong>curans,non</strong></span> <span class='ocrx_word' id='word_1_659' title='bbox 1570 5293 1731 5366; x_wconf 90' lang='lat' dir='ltr'><strong>prius</strong></span> <span class='ocrx_word' id='word_1_660' title='bbox 1763 5310 1831 5352; x_wconf 82' lang='lat' dir='ltr'><strong>ex</strong></span> <span class='ocrx_word' id='word_1_661' title='bbox 1856 5313 1924 5354; x_wconf 92' lang='lat' dir='ltr'><strong>eo</strong></span> <span class='ocrx_word' id='word_1_662' title='bbox 1956 5299 2081 5356; x_wconf 92' lang='lat' dir='ltr'><strong>loco</strong></span> 
     </span>
    </p>
   </div>
   <div class='ocr_carea' id='block_1_91' title="bbox 433 5384 2079 5465">
    <p class='ocr_par' dir='ltr' id='par_1_91' title="bbox 433 5384 2079 5465">
     <span class='ocr_line' id='line_1_92' title="bbox 433 5384 2079 5465; baseline -0.008 -12"><span class='ocrx_word' id='word_1_663' title='bbox 433 5395 597 5463; x_wconf 88' lang='lat' dir='ltr'><strong>abiit,</strong></span> <span class='ocrx_word' id='word_1_664' title='bbox 654 5404 833 5465; x_wconf 90' lang='lat' dir='ltr'><strong>quam</strong></span> <span class='ocrx_word' id='word_1_665' title='bbox 889 5385 1178 5441; x_wconf 88' lang='lat' dir='ltr'><strong>valentem</strong></span> <span class='ocrx_word' id='word_1_666' title='bbox 1240 5385 1407 5442; x_wconf 88' lang='lat' dir='ltr'><strong>illum</strong></span> <span class='ocrx_word' id='word_1_667' title='bbox 1465 5388 1523 5440; x_wconf 88' lang='lat' dir='ltr'><strong>et</strong></span> <span class='ocrx_word' id='word_1_668' title='bbox 1571 5384 1809 5441; x_wconf 80' lang='lat' dir='ltr'><strong>ﬁrmum</strong></span> <span class='ocrx_word' id='word_1_669' title='bbox 1873 5403 2079 5459; x_wconf 86' lang='lat' dir='ltr'><strong>prorsu</strong></span> 
     </span>
    </p>
   </div>
   <div class='ocr_carea' id='block_1_92' title="bbox 428 5472 2081 5543">
    <p class='ocr_par' dir='ltr' id='par_1_92' title="bbox 428 5472 2081 5543">
     <span class='ocr_line' id='line_1_93' title="bbox 428 5472 2081 5543; baseline -0.004 -2"><span class='ocrx_word' id='word_1_670' title='bbox 428 5481 701 5541; x_wconf 85' lang='lat' dir='ltr'><strong>Ecclesiae</strong></span> <span class='ocrx_word' id='word_1_671' title='bbox 731 5474 1007 5535; x_wconf 87' lang='lat' dir='ltr'><strong>restituit.</strong></span> <span class='ocrx_word' id='word_1_672' title='bbox 1036 5473 1188 5531; x_wconf 70' lang='lat'><strong>208</strong></span> <span class='ocrx_word' id='word_1_673' title='bbox 1222 5473 1499 5543; x_wconf 81' lang='lat' dir='ltr'><strong>Magnum</strong></span> <span class='ocrx_word' id='word_1_674' title='bbox 1545 5472 1952 5532; x_wconf 83' lang='lat' dir='ltr'><strong>mediusfidius</strong></span> <span class='ocrx_word' id='word_1_675' title='bbox 1985 5478 2081 5534; x_wconf 91' lang='lat' dir='ltr'><strong>ille</strong></span> 
     </span>
    </p>
   </div>
   <div class='ocr_carea' id='block_1_93' title="bbox 432 5560 2083 5636">
    <p class='ocr_par' dir='ltr' id='par_1_93' title="bbox 432 5560 2083 5636">
     <span class='ocr_line' id='line_1_94' title="bbox 432 5560 2083 5636; baseline -0.005 -3"><span class='ocrx_word' id='word_1_676' title='bbox 432 5575 544 5633; x_wconf 89' lang='lat' dir='ltr'><strong>hoc</strong></span> <span class='ocrx_word' id='word_1_677' title='bbox 573 5567 831 5633; x_wconf 86' lang='lat' dir='ltr'><strong>ecclesiis</strong></span> <span class='ocrx_word' id='word_1_678' title='bbox 864 5562 1218 5636; x_wconf 78' lang='lat' dir='ltr'><strong>paenitentiae</strong></span> <span class='ocrx_word' id='word_1_679' title='bbox 1263 5562 1578 5634; x_wconf 88' lang='lat' dir='ltr'><strong>specimen,</strong></span> <span class='ocrx_word' id='word_1_680' title='bbox 1598 5560 2083 5633; x_wconf 82' lang='lat' dir='ltr'><strong>pulcherrimum-</strong></span> 
     </span>
    </p>
   </div>
   <div class='ocr_carea' id='block_1_94' title="bbox 437 5651 2080 5739">
    <p class='ocr_par' dir='ltr' id='par_1_94' title="bbox 437 5651 2080 5739">
     <span class='ocr_line' id='line_1_95' title="bbox 437 5651 2080 5739; baseline -0.005 -21"><span class='ocrx_word' id='word_1_681' title='bbox 437 5677 552 5739; x_wconf 88' lang='lat' dir='ltr'><strong>que</strong></span> <span class='ocrx_word' id='word_1_682' title='bbox 609 5654 1064 5731; x_wconf 79' lang='lat' dir='ltr'><strong>regenerationis</strong></span> <span class='ocrx_word' id='word_1_683' title='bbox 1124 5651 1481 5724; x_wconf 86' lang='lat' dir='ltr'><strong>exemplum,</strong></span> <span class='ocrx_word' id='word_1_684' title='bbox 1535 5654 1711 5724; x_wconf 87' lang='lat' dir='ltr'><strong>atque</strong></span> <span class='ocrx_word' id='word_1_685' title='bbox 1767 5653 1909 5712; x_wconf 88' lang='lat' dir='ltr'><strong>adeo</strong></span> <span class='ocrx_word' id='word_1_686' title='bbox 1958 5662 2080 5720; x_wconf 87' lang='lat' dir='ltr'><strong>tro-</strong></span> 
     </span>
    </p>
   </div>
   <div class='ocr_carea' id='block_1_95' title="bbox 2182 3328 3825 3408">
    <p class='ocr_par' dir='ltr' id='par_1_95' title="bbox 2182 3328 3825 3408">
     <span class='ocr_line' id='line_1_96' title="bbox 2182 3328 3825 3408; baseline -0.001 -17"><span class='ocrx_word' id='word_1_687' title='bbox 2182 3333 2473 3408; x_wconf 83' lang='grc' dir='ltr'>Χριστός</span> <span class='ocrx_word' id='word_1_688' title='bbox 2507 3354 2583 3407; x_wconf 90' lang='grc' dir='ltr'><strong>με</strong></span> <span class='ocrx_word' id='word_1_689' title='bbox 2618 3330 3048 3390; x_wconf 75' lang='grc' dir='ltr'>ἀπέστειλεν.</span> <span class='ocrx_word' id='word_1_690' title='bbox 3084 3333 3141 3387; x_wconf 82' lang='grc'><strong>’0</strong></span> <span class='ocrx_word' id='word_1_691' title='bbox 3190 3328 3247 3388; x_wconf 72' lang='grc' dir='ltr'>δὲ</span> <span class='ocrx_word' id='word_1_692' title='bbox 3292 3331 3504 3387; x_wconf 76' lang='grc' dir='ltr'>τούτων</span> <span class='ocrx_word' id='word_1_693' title='bbox 3560 3333 3825 3403; x_wconf 76' lang='grc' dir='ltr'>ἀκούσας,</span> 
     </span>
    </p>
   </div>
   <div class='ocr_carea' id='block_1_96' title="bbox 2179 3420 3827 3499">
    <p class='ocr_par' dir='ltr' id='par_1_96' title="bbox 2179 3420 3827 3499">
     <span class='ocr_line' id='line_1_97' title="bbox 2179 3420 3827 3499; baseline -0.001 -19"><span class='ocrx_word' id='word_1_694' title='bbox 2179 3428 2371 3499; x_wconf 82' lang='grc' dir='ltr'>πρῶτα</span> <span class='ocrx_word' id='word_1_695' title='bbox 2403 3425 2497 3497; x_wconf 81' lang='grc' dir='ltr'><strong>μὶν</strong></span> <span class='ocrx_word' id='word_1_696' title='bbox 2529 3421 2652 3493; x_wconf 78' lang='grc' dir='ltr'>ἔστη</span> <span class='ocrx_word' id='word_1_697' title='bbox 2686 3424 2834 3477; x_wconf 74' lang='grc' dir='ltr'>κάτω</span> <span class='ocrx_word' id='word_1_698' title='bbox 2884 3420 3105 3496; x_wconf 74' lang='grc' dir='ltr'>βλέπων</span> <span class='ocrx_word' id='word_1_699' title='bbox 3131 3440 3143 3454; x_wconf 96' lang='grc'><strong>·</strong></span> <span class='ocrx_word' id='word_1_700' title='bbox 3178 3421 3293 3477; x_wconf 77' lang='grc' dir='ltr'>εἶτα</span> <span class='ocrx_word' id='word_1_701' title='bbox 3341 3424 3409 3477; x_wconf 68' lang='lat' dir='ltr'><strong>ti</strong></span> <span class='ocrx_word' id='word_1_702' title='bbox 3450 3421 3603 3478; x_wconf 79' lang='grc' dir='ltr'>ὅπλα</span> <span class='ocrx_word' id='word_1_703' title='bbox 3645 3442 3827 3497; x_wconf 75' lang='grc' dir='ltr'>περιε-</span> 
     </span>
    </p>
   </div>
   <div class='ocr_carea' id='block_1_97' title="bbox 2182 3509 3832 3587">
    <p class='ocr_par' dir='ltr' id='par_1_97' title="bbox 2182 3509 3832 3587">
     <span class='ocr_line' id='line_1_98' title="bbox 2182 3509 3832 3587; baseline -0.002 -19"><span class='ocrx_word' id='word_1_704' title='bbox 2182 3511 2337 3569; x_wconf 76' lang='grc' dir='ltr'>δύετο</span> <span class='ocrx_word' id='word_1_705' title='bbox 2359 3532 2370 3543; x_wconf 90' lang='grc'>·</span> <span class='ocrx_word' id='word_1_706' title='bbox 2404 3511 2493 3567; x_wconf 86' lang='grc' dir='ltr'><strong>καὶ</strong></span> <span class='ocrx_word' id='word_1_707' title='bbox 2524 3512 2718 3587; x_wconf 82' lang='grc' dir='ltr'>τρόμῳ</span> <span class='ocrx_word' id='word_1_708' title='bbox 2747 3510 2946 3583; x_wconf 87' lang='grc' dir='ltr'>πολλῷ</span> <span class='ocrx_word' id='word_1_709' title='bbox 2994 3509 3381 3585; x_wconf 74' lang='grc' dir='ltr'>συνεχόμενος,</span> <span class='ocrx_word' id='word_1_710' title='bbox 3414 3516 3634 3586; x_wconf 78' lang='grc' dir='ltr'>πικρῶς</span> <span class='ocrx_word' id='word_1_711' title='bbox 3678 3512 3832 3566; x_wconf 82' lang='grc' dir='ltr'>ἀνω-</span> 
     </span>
    </p>
   </div>
   <div class='ocr_carea' id='block_1_98' title="bbox 2183 3596 3830 3678">
    <p class='ocr_par' dir='ltr' id='par_1_98' title="bbox 2183 3596 3830 3678">
     <span class='ocr_line' id='line_1_99' title="bbox 2183 3596 3830 3678; baseline -0.002 -20"><span class='ocrx_word' id='word_1_712' title='bbox 2183 3603 2393 3678; x_wconf 80' lang='grc' dir='ltr'>δύρετο.</span> <span class='ocrx_word' id='word_1_713' title='bbox 2428 3601 2731 3675; x_wconf 84' lang='grc' dir='ltr'>Προσιόντα</span> <span class='ocrx_word' id='word_1_714' title='bbox 2761 3598 2820 3655; x_wconf 70' lang='grc' dir='ltr'>δὲ</span> <span class='ocrx_word' id='word_1_715' title='bbox 2848 3596 3142 3677; x_wconf 70' lang='grc' dir='ltr'>περιέϐαλε</span> <span class='ocrx_word' id='word_1_716' title='bbox 3167 3601 3261 3655; x_wconf 85' lang='grc' dir='ltr'>τὸν</span> <span class='ocrx_word' id='word_1_717' title='bbox 3301 3599 3641 3669; x_wconf 84' lang='grc' dir='ltr'>ἀπόστολον,</span> <span class='ocrx_word' id='word_1_718' title='bbox 3672 3600 3748 3663; x_wconf 76' lang='grc' dir='ltr'>ὥς</span> <span class='ocrx_word' id='word_1_719' title='bbox 3778 3603 3830 3676; x_wconf 84' lang='grc' dir='ltr'>γ’</span> 
     </span>
    </p>
   </div>
   <div class='ocr_carea' id='block_1_99' title="bbox 2183 3689 3830 3765">
    <p class='ocr_par' dir='ltr' id='par_1_99' title="bbox 2183 3689 3830 3765">
     <span class='ocr_line' id='line_1_100' title="bbox 2183 3689 3830 3765; baseline -0.002 -17"><span class='ocrx_word' id='word_1_720' title='bbox 2183 3694 2297 3749; x_wconf 82' lang='grc' dir='ltr'>ἐνὸν</span> <span class='ocrx_word' id='word_1_721' title='bbox 2336 3696 2454 3754; x_wconf 89' lang='grc' dir='ltr'>τοῖς</span> <span class='ocrx_word' id='word_1_722' title='bbox 2498 3689 2721 3764; x_wconf 77' lang='grc' dir='ltr'>δάκρυσι</span> <span class='ocrx_word' id='word_1_723' title='bbox 2771 3690 3228 3765; x_wconf 76' lang='grc' dir='ltr'>παραιτούμενος,</span> <span class='ocrx_word' id='word_1_724' title='bbox 3276 3692 3365 3745; x_wconf 82' lang='grc' dir='ltr'><strong>καὶ</strong></span> <span class='ocrx_word' id='word_1_725' title='bbox 3418 3689 3554 3764; x_wconf 86' lang='grc' dir='ltr'>γόνυ</span> <span class='ocrx_word' id='word_1_726' title='bbox 3600 3691 3830 3758; x_wconf 79' lang='grc' dir='ltr'>κλίνων,</span> 
     </span>
    </p>
   </div>
   <div class='ocr_carea' id='block_1_100' title="bbox 2184 3776 3832 3855">
    <p class='ocr_par' dir='ltr' id='par_1_100' title="bbox 2184 3776 3832 3855">
     <span class='ocr_line' id='line_1_101' title="bbox 2184 3776 3832 3855; baseline -0.002 -18"><span class='ocrx_word' id='word_1_727' title='bbox 2184 3784 2358 3855; x_wconf 81' lang='grc' dir='ltr'>μόνην</span> <span class='ocrx_word' id='word_1_728' title='bbox 2387 3786 2601 3855; x_wconf 79' lang='grc' dir='ltr'>συνεῖχε</span> <span class='ocrx_word' id='word_1_729' title='bbox 2626 3784 2706 3852; x_wconf 75' lang='grc' dir='ltr'>τῷ</span> <span class='ocrx_word' id='word_1_730' title='bbox 2730 3777 2927 3853; x_wconf 87' lang='grc' dir='ltr'>κόλπῳ</span> <span class='ocrx_word' id='word_1_731' title='bbox 2964 3781 3065 3849; x_wconf 76' lang='grc' dir='ltr'>τήν</span> <span class='ocrx_word' id='word_1_732' title='bbox 3113 3777 3307 3853; x_wconf 81' lang='grc' dir='ltr'>δεξιάν.</span> <span class='ocrx_word' id='word_1_733' title='bbox 3340 3780 3403 3837; x_wconf 82' lang='grc'><strong>’0</strong></span> <span class='ocrx_word' id='word_1_734' title='bbox 3433 3776 3482 3834; x_wconf 78' lang='grc' dir='ltr'>δ’</span> <span class='ocrx_word' id='word_1_735' title='bbox 3514 3779 3832 3853; x_wconf 65' lang='grc' dir='ltr'>ἐπομνύμε-</span> 
     </span>
    </p>
   </div>
   <div class='ocr_carea' id='block_1_101' title="bbox 2180 3867 3834 3948">
    <p class='ocr_par' dir='ltr' id='par_1_101' title="bbox 2180 3867 3834 3948">
     <span class='ocr_line' id='line_1_102' title="bbox 2180 3867 3834 3948; baseline -0.001 -21"><span class='ocrx_word' id='word_1_736' title='bbox 2180 3893 2288 3941; x_wconf 86' lang='grc' dir='ltr'>νος,</span> <span class='ocrx_word' id='word_1_737' title='bbox 2331 3874 2673 3944; x_wconf 81' lang='grc' dir='ltr'>κατηγγυᾶτο</span> <span class='ocrx_word' id='word_1_738' title='bbox 2718 3870 2818 3939; x_wconf 79' lang='grc' dir='ltr'>τήν</span> <span class='ocrx_word' id='word_1_739' title='bbox 2870 3868 3167 3942; x_wconf 80' lang='grc' dir='ltr'>σωτηρίαν,</span> <span class='ocrx_word' id='word_1_740' title='bbox 3217 3867 3305 3924; x_wconf 82' lang='grc' dir='ltr'><strong>καὶ</strong></span> <span class='ocrx_word' id='word_1_741' title='bbox 3337 3869 3411 3931; x_wconf 84' lang='grc' dir='ltr'><strong>ὡς</strong></span> <span class='ocrx_word' id='word_1_742' title='bbox 3443 3871 3636 3948; x_wconf 76' lang='grc' dir='ltr'>ἄφεσις</span> <span class='ocrx_word' id='word_1_743' title='bbox 3682 3870 3834 3941; x_wconf 76' lang='grc' dir='ltr'><strong>αὖτῷ</strong></span> 
     </span>
    </p>
   </div>
   <div class='ocr_carea' id='block_1_102' title="bbox 2180 3955 3831 4037">
    <p class='ocr_par' dir='ltr' id='par_1_102' title="bbox 2180 3955 3831 4037">
     <span class='ocr_line' id='line_1_103' title="bbox 2180 3955 3831 4037; baseline -0.004 -19"><span class='ocrx_word' id='word_1_744' title='bbox 2180 3963 2325 4037; x_wconf 81' lang='grc' dir='ltr'>παρὰ</span> <span class='ocrx_word' id='word_1_745' title='bbox 2350 3965 2447 4017; x_wconf 75' lang='grc' dir='ltr'>τοῦ</span> <span class='ocrx_word' id='word_1_746' title='bbox 2481 3958 2740 4032; x_wconf 79' lang='grc' dir='ltr'>Σωτῆρός</span> <span class='ocrx_word' id='word_1_747' title='bbox 2771 3956 2903 4016; x_wconf 82' lang='grc' dir='ltr'>ἐστι.</span> <span class='ocrx_word' id='word_1_748' title='bbox 2934 3958 3032 4013; x_wconf 78' lang='grc' dir='ltr'><strong>Καὶ</strong></span> <span class='ocrx_word' id='word_1_749' title='bbox 3062 3960 3164 4028; x_wconf 75' lang='grc' dir='ltr'>τὴν</span> <span class='ocrx_word' id='word_1_750' title='bbox 3193 3978 3254 4032; x_wconf 86' lang='grc' dir='ltr'><strong>γε</strong></span> <span class='ocrx_word' id='word_1_751' title='bbox 3283 3955 3459 4028; x_wconf 80' lang='grc' dir='ltr'>δεξιὰν</span> <span class='ocrx_word' id='word_1_752' title='bbox 3511 3958 3725 4015; x_wconf 82' lang='grc' dir='ltr'>ἐκείνου</span> <span class='ocrx_word' id='word_1_753' title='bbox 3755 3960 3831 4020; x_wconf 79' lang='grc' dir='ltr'>ὡς</span> 
     </span>
    </p>
   </div>
   <div class='ocr_carea' id='block_1_103' title="bbox 2178 4045 3832 4126">
    <p class='ocr_par' dir='ltr' id='par_1_103' title="bbox 2178 4045 3832 4126">
     <span class='ocr_line' id='line_1_104' title="bbox 2178 4045 3832 4126; baseline -0.002 -19"><span class='ocrx_word' id='word_1_754' title='bbox 2178 4055 2248 4125; x_wconf 78' lang='grc' dir='ltr'>τῇ</span> <span class='ocrx_word' id='word_1_755' title='bbox 2280 4048 2535 4125; x_wconf 78' lang='grc' dir='ltr'>μετανοίᾳ</span> <span class='ocrx_word' id='word_1_756' title='bbox 2562 4046 2962 4123; x_wconf 72' lang='grc' dir='ltr'>κεκαθαρμένην</span> <span class='ocrx_word' id='word_1_757' title='bbox 2994 4045 3333 4126; x_wconf 81' lang='grc' dir='ltr'>καταφιλῶν,</span> <span class='ocrx_word' id='word_1_758' title='bbox 3364 4045 3455 4103; x_wconf 84' lang='grc' dir='ltr'><strong>ἒπὶ</strong></span> <span class='ocrx_word' id='word_1_759' title='bbox 3484 4050 3590 4120; x_wconf 75' lang='grc' dir='ltr'>τήν</span> <span class='ocrx_word' id='word_1_760' title='bbox 3622 4047 3832 4120; x_wconf 74' lang='grc' dir='ltr'>ἔκκληο</span> 
     </span>
    </p>
   </div>
   <div class='ocr_carea' id='block_1_104' title="bbox 2182 4136 3832 4216">
    <p class='ocr_par' dir='ltr' id='par_1_104' title="bbox 2182 4136 3832 4216">
     <span class='ocr_line' id='line_1_105' title="bbox 2182 4136 3832 4216; baseline -0.002 -20"><span class='ocrx_word' id='word_1_761' title='bbox 2182 4140 2302 4196; x_wconf 91' lang='grc' dir='ltr'>σίαν</span> <span class='ocrx_word' id='word_1_762' title='bbox 2357 4138 2561 4216; x_wconf 84' lang='grc' dir='ltr'>ἤγαγεν</span> <span class='ocrx_word' id='word_1_763' title='bbox 2621 4136 2790 4200; x_wconf 77' lang='grc' dir='ltr'>αὖθις.</span> <span class='ocrx_word' id='word_1_764' title='bbox 2851 4137 3007 4213; x_wconf 79' lang='grc' dir='ltr'><strong>Εόχῇ</strong></span> <span class='ocrx_word' id='word_1_765' title='bbox 3081 4141 3370 4212; x_wconf 77' lang='grc' dir='ltr'>τοιγαροῦν</span> <span class='ocrx_word' id='word_1_766' title='bbox 3436 4136 3667 4213; x_wconf 74' lang='grc' dir='ltr'>δαψιλεῖ</span> <span class='ocrx_word' id='word_1_767' title='bbox 3738 4139 3832 4193; x_wconf 78' lang='grc' dir='ltr'><strong>καὶ</strong></span> 
     </span>
    </p>
   </div>
   <div class='ocr_carea' id='block_1_105' title="bbox 2183 4225 3830 4305">
    <p class='ocr_par' dir='ltr' id='par_1_105' title="bbox 2183 4225 3830 4305">
     <span class='ocr_line' id='line_1_106' title="bbox 2183 4225 3830 4305; baseline -0.001 -21"><span class='ocrx_word' id='word_1_768' title='bbox 2183 4234 2400 4305; x_wconf 87' lang='grc' dir='ltr'>συνεχεῖ</span> <span class='ocrx_word' id='word_1_769' title='bbox 2453 4232 2523 4303; x_wconf 80' lang='grc' dir='ltr'>τῇ</span> <span class='ocrx_word' id='word_1_770' title='bbox 2580 4225 2799 4299; x_wconf 83' lang='grc' dir='ltr'>νηστείᾳ</span> <span class='ocrx_word' id='word_1_771' title='bbox 2854 4227 3034 4299; x_wconf 74' lang='grc' dir='ltr'>τούτῳ</span> <span class='ocrx_word' id='word_1_772' title='bbox 3099 4226 3337 4300; x_wconf 76' lang='grc' dir='ltr'>μάλιστα</span> <span class='ocrx_word' id='word_1_773' title='bbox 3413 4228 3830 4305; x_wconf 82' lang='grc' dir='ltr'>συναιρόμενος,</span> 
     </span>
    </p>
   </div>
   <div class='ocr_carea' id='block_1_106' title="bbox 2179 4314 3832 4395">
    <p class='ocr_par' dir='ltr' id='par_1_106' title="bbox 2179 4314 3832 4395">
     <span class='ocr_line' id='line_1_107' title="bbox 2179 4314 3832 4395; baseline -0.003 -19"><span class='ocrx_word' id='word_1_774' title='bbox 2179 4323 2248 4395; x_wconf 78' lang='grc' dir='ltr'>τῇ</span> <span class='ocrx_word' id='word_1_775' title='bbox 2287 4340 2346 4375; x_wconf 88' lang='grc' dir='ltr'><strong>τε</strong></span> <span class='ocrx_word' id='word_1_776' title='bbox 2398 4316 2627 4393; x_wconf 82' lang='grc' dir='ltr'>γλυκείᾳ</span> <span class='ocrx_word' id='word_1_777' title='bbox 2668 4320 2776 4371; x_wconf 79' lang='grc' dir='ltr'><strong>τῶν</strong></span> <span class='ocrx_word' id='word_1_778' title='bbox 2827 4315 3013 4391; x_wconf 84' lang='grc' dir='ltr'>λόγων</span> <span class='ocrx_word' id='word_1_779' title='bbox 3065 4322 3271 4391; x_wconf 78' lang='grc' dir='ltr'>σειρῆνι</span> <span class='ocrx_word' id='word_1_780' title='bbox 3317 4318 3380 4373; x_wconf 88' lang='grc' dir='ltr'>τὸ</span> <span class='ocrx_word' id='word_1_781' title='bbox 3431 4314 3678 4373; x_wconf 76' lang='grc' dir='ltr'>οἶδαῖνον</span> <span class='ocrx_word' id='word_1_782' title='bbox 3728 4325 3832 4387; x_wconf 75' lang='grc' dir='ltr'>τῆς</span> 
     </span>
    </p>
   </div>
   <div class='ocr_carea' id='block_1_107' title="bbox 2181 4403 3832 4485">
    <p class='ocr_par' dir='ltr' id='par_1_107' title="bbox 2181 4403 3832 4485">
     <span class='ocr_line' id='line_1_108' title="bbox 2181 4403 3832 4485; baseline 0.003 -28"><span class='ocrx_word' id='word_1_783' title='bbox 2181 4411 2366 4485; x_wconf 70' lang='grc' dir='ltr'>ψυχῆς</span> <span class='ocrx_word' id='word_1_784' title='bbox 2395 4406 2564 4463; x_wconf 76' lang='grc' dir='ltr'>αὐτοῦ</span> <span class='ocrx_word' id='word_1_785' title='bbox 2609 4403 2947 4477; x_wconf 81' lang='grc' dir='ltr'>κατεπᾴδων,</span> <span class='ocrx_word' id='word_1_786' title='bbox 2998 4404 3062 4460; x_wconf 81' lang='grc' dir='ltr'><strong>οὐ</strong></span> <span class='ocrx_word' id='word_1_787' title='bbox 3091 4405 3354 4481; x_wconf 87' lang='grc' dir='ltr'>πρότερον</span> <span class='ocrx_word' id='word_1_788' title='bbox 3402 4404 3608 4462; x_wconf 82' lang='grc' dir='ltr'>ἒκεῖθεν</span> <span class='ocrx_word' id='word_1_789' title='bbox 3659 4405 3832 4482; x_wconf 70' lang='grc' dir='ltr'>ἐξῄει,</span> 
     </span>
    </p>
   </div>
   <div class='ocr_carea' id='block_1_108' title="bbox 2181 4491 3837 4573">
    <p class='ocr_par' dir='ltr' id='par_1_108' title="bbox 2181 4491 3837 4573">
     <span class='ocr_line' id='line_1_109' title="bbox 2181 4491 3837 4573; baseline -0.002 -20"><span class='ocrx_word' id='word_1_790' title='bbox 2181 4498 2307 4573; x_wconf 86' lang='grc' dir='ltr'>πρὶν</span> <span class='ocrx_word' id='word_1_791' title='bbox 2338 4498 2374 4569; x_wconf 72' lang='grc' dir='ltr'><strong>ἢ</strong></span> <span class='ocrx_word' id='word_1_792' title='bbox 2403 4496 2637 4572; x_wconf 71' lang='grc' dir='ltr'>στερρῶς</span> <span class='ocrx_word' id='word_1_793' title='bbox 2686 4494 2842 4551; x_wconf 83' lang='grc' dir='ltr'>αὐτὸν</span> <span class='ocrx_word' id='word_1_794' title='bbox 2893 4491 3180 4565; x_wconf 71' lang='grc' dir='ltr'>ἐπιστῆσαι</span> <span class='ocrx_word' id='word_1_795' title='bbox 3218 4498 3288 4569; x_wconf 76' lang='grc' dir='ltr'>τῇ</span> <span class='ocrx_word' id='word_1_796' title='bbox 3321 4493 3594 4568; x_wconf 68' lang='grc' dir='ltr'>ἐκκλησία</span> <span class='ocrx_word' id='word_1_797' title='bbox 3619 4514 3634 4529; x_wconf 89' lang='grc'><strong>·</strong></span> <span class='ocrx_word' id='word_1_798' title='bbox 3690 4496 3837 4573; x_wconf 63' lang='grc' dir='ltr'>μέγα</span> 
     </span>
    </p>
   </div>
   <div class='ocr_carea' id='block_1_109' title="bbox 2110 4582 3836 4669">
    <p class='ocr_par' dir='ltr' id='par_1_109' title="bbox 2110 4582 3836 4669">
     <span class='ocr_line' id='line_1_110' title="bbox 2110 4582 3836 4669; baseline -0.003 -25"><span class='ocrx_word' id='word_1_799' title='bbox 2110 4592 2347 4669; x_wconf 76' lang='grc' dir='ltr'><strong>ι)τοῦτο</strong></span> <span class='ocrx_word' id='word_1_800' title='bbox 2434 4585 2719 4660; x_wconf 86' lang='grc' dir='ltr'>μετανοίας</span> <span class='ocrx_word' id='word_1_801' title='bbox 2791 4582 2977 4647; x_wconf 82' lang='grc' dir='ltr'>διδοὺς</span> <span class='ocrx_word' id='word_1_802' title='bbox 3058 4582 3374 4655; x_wconf 69' lang='grc' dir='ltr'>ἐκκλησίαις</span> <span class='ocrx_word' id='word_1_803' title='bbox 3448 4582 3836 4661; x_wconf 75' lang='grc' dir='ltr'>παράδειγμα,</span> 
     </span>
    </p>
   </div>
   <div class='ocr_carea' id='block_1_110' title="bbox 2183 4671 3839 4756">
    <p class='ocr_par' dir='ltr' id='par_1_110' title="bbox 2183 4671 3839 4756">
     <span class='ocr_line' id='line_1_111' title="bbox 2183 4671 3839 4756; baseline -0.002 -24"><span class='ocrx_word' id='word_1_804' title='bbox 2183 4677 2469 4756; x_wconf 83' lang='grc' dir='ltr'>γνώρισμά</span> <span class='ocrx_word' id='word_1_805' title='bbox 2523 4695 2581 4730; x_wconf 89' lang='grc' dir='ltr'><strong>τε</strong></span> <span class='ocrx_word' id='word_1_806' title='bbox 2621 4671 2915 4730; x_wconf 79' lang='grc' dir='ltr'>κάλλιστον</span> <span class='ocrx_word' id='word_1_807' title='bbox 2959 4673 3397 4749; x_wconf 85' lang='grc' dir='ltr'>παλιγγενεσίας,</span> <span class='ocrx_word' id='word_1_808' title='bbox 3443 4673 3536 4729; x_wconf 81' lang='grc' dir='ltr'><strong>καὶ</strong></span> <span class='ocrx_word' id='word_1_809' title='bbox 3567 4675 3839 4748; x_wconf 81' lang='grc' dir='ltr'>τρόπαιον</span> 
     </span>
    </p>
   </div>
   <div class='ocr_carea' id='block_1_111' title="bbox 2185 4762 3837 4839">
    <p class='ocr_par' dir='ltr' id='par_1_111' title="bbox 2185 4762 3837 4839">
     <span class='ocr_line' id='line_1_112' title="bbox 2185 4762 3837 4839; baseline -0.001 -18"><span class='ocrx_word' id='word_1_810' title='bbox 2185 4767 2520 4828; x_wconf 73' lang='grc' dir='ltr'>ἀναστάσεως</span> <span class='ocrx_word' id='word_1_811' title='bbox 2569 4764 2675 4839; x_wconf 84' lang='grc' dir='ltr'>πρὸ</span> <span class='ocrx_word' id='word_1_812' title='bbox 2728 4765 2830 4829; x_wconf 81' lang='grc' dir='ltr'>τῆς</span> <span class='ocrx_word' id='word_1_813' title='bbox 2888 4768 3074 4833; x_wconf 83' lang='grc' dir='ltr'>κοινῆς</span> <span class='ocrx_word' id='word_1_814' title='bbox 3134 4762 3417 4838; x_wconf 83' lang='grc' dir='ltr'>ὁρώμενον</span> <span class='ocrx_word' id='word_1_815' title='bbox 3461 4762 3837 4825; x_wconf 74' lang='grc' dir='ltr'>ἀναστάσεως.</span> 
     </span>
    </p>
   </div>
   <div class='ocr_carea' id='block_1_112' title="bbox 2184 4849 3842 4927">
    <p class='ocr_par' dir='ltr' id='par_1_112' title="bbox 2184 4849 3842 4927">
     <span class='ocr_line' id='line_1_113' title="bbox 2184 4849 3842 4927; baseline -0.009 -14"><span class='ocrx_word' id='word_1_816' title='bbox 2184 4859 2366 4915; x_wconf 80' lang='grc' dir='ltr'>Ταῦτα</span> <span class='ocrx_word' id='word_1_817' title='bbox 2408 4852 2649 4927; x_wconf 74' lang='grc' dir='ltr'>Κλήμης</span> <span class='ocrx_word' id='word_1_818' title='bbox 2683 4852 2711 4907; x_wconf 85' lang='grc' dir='ltr'><strong>ὁ</strong></span> <span class='ocrx_word' id='word_1_819' title='bbox 2753 4851 3102 4927; x_wconf 82' lang='grc' dir='ltr'>στρωματεὺς</span> <span class='ocrx_word' id='word_1_820' title='bbox 3143 4849 3195 4906; x_wconf 77' lang='grc' dir='ltr'>ἒν</span> <span class='ocrx_word' id='word_1_821' title='bbox 3232 4855 3335 4923; x_wconf 81' lang='grc' dir='ltr'><strong>τῷ,</strong></span> <span class='ocrx_word' id='word_1_822' title='bbox 3380 4852 3495 4915; x_wconf 92' lang='grc' dir='ltr'>Τίς</span> <span class='ocrx_word' id='word_1_823' title='bbox 3541 4854 3572 4909; x_wconf 79' lang='grc' dir='ltr'><strong>ὁ</strong></span> <span class='ocrx_word' id='word_1_824' title='bbox 3620 4860 3842 4924; x_wconf 75' lang='grc' dir='ltr'>σωζο-</span> 
     </span>
    </p>
   </div>
   <div class='ocr_carea' id='block_1_113' title="bbox 2191 4941 3840 5020">
    <p class='ocr_par' dir='ltr' id='par_1_113' title="bbox 2191 4941 3840 5020">
     <span class='ocr_line' id='line_1_114' title="bbox 2191 4941 3840 5020; baseline -0.001 -20"><span class='ocrx_word' id='word_1_825' title='bbox 2191 4965 2382 5020; x_wconf 88' lang='grc' dir='ltr'>μενος</span> <span class='ocrx_word' id='word_1_826' title='bbox 2414 4942 2771 5008; x_wconf 78' lang='grc' dir='ltr'>πλούσιος,</span> <span class='ocrx_word' id='word_1_827' title='bbox 2805 4942 3193 5017; x_wconf 86' lang='grc' dir='ltr'>συγγράμματι</span> <span class='ocrx_word' id='word_1_828' title='bbox 3237 4941 3658 5017; x_wconf 81' lang='grc' dir='ltr'>καθιστόρησεν,</span> <span class='ocrx_word' id='word_1_829' title='bbox 3695 4945 3840 5019; x_wconf 75' lang='grc' dir='ltr'><strong>Ἐγὼ</strong></span> 
     </span>
    </p>
   </div>
   <div class='ocr_carea' id='block_1_114' title="bbox 2189 5027 3841 5108">
    <p class='ocr_par' dir='ltr' id='par_1_114' title="bbox 2189 5027 3841 5108">
     <span class='ocr_line' id='line_1_115' title="bbox 2189 5027 3841 5108; baseline 0.005 -23"><span class='ocrx_word' id='word_1_830' title='bbox 2189 5031 2236 5089; x_wconf 84' lang='grc' dir='ltr'>δ’</span> <span class='ocrx_word' id='word_1_831' title='bbox 2273 5032 2498 5089; x_wconf 67' lang='grc' dir='ltr'>ἐνταῦθα</span> <span class='ocrx_word' id='word_1_832' title='bbox 2538 5032 2849 5106; x_wconf 85' lang='grc' dir='ltr'>γενόμενος,</span> <span class='ocrx_word' id='word_1_833' title='bbox 2901 5027 3010 5085; x_wconf 82' lang='grc' dir='ltr'>δεῖν</span> <span class='ocrx_word' id='word_1_834' title='bbox 3040 5031 3207 5104; x_wconf 73' lang='grc' dir='ltr'>οἶμαι</span> <span class='ocrx_word' id='word_1_835' title='bbox 3255 5031 3341 5085; x_wconf 83' lang='grc' dir='ltr'><strong>καὶ</strong></span> <span class='ocrx_word' id='word_1_836' title='bbox 3382 5031 3479 5085; x_wconf 86' lang='grc' dir='ltr'>τὸν</span> <span class='ocrx_word' id='word_1_837' title='bbox 3530 5035 3635 5097; x_wconf 78' lang='grc' dir='ltr'>τῆς</span> <span class='ocrx_word' id='word_1_838' title='bbox 3686 5033 3841 5108; x_wconf 67' lang='grc' dir='ltr'>ἱερᾶς</span> 
     </span>
    </p>
   </div>
   <div class='ocr_carea' id='block_1_115' title="bbox 2191 5118 3843 5201">
    <p class='ocr_par' dir='ltr' id='par_1_115' title="bbox 2191 5118 3843 5201">
     <span class='ocr_line' id='line_1_116' title="bbox 2191 5118 3843 5201; baseline -0.003 -20"><span class='ocrx_word' id='word_1_839' title='bbox 2191 5125 2563 5201; x_wconf 79' lang='grc' dir='ltr'>μεταστάσεως</span> <span class='ocrx_word' id='word_1_840' title='bbox 2618 5122 2822 5197; x_wconf 88' lang='grc' dir='ltr'>τρόπον</span> <span class='ocrx_word' id='word_1_841' title='bbox 2885 5125 2985 5176; x_wconf 78' lang='grc' dir='ltr'>τοῦ</span> <span class='ocrx_word' id='word_1_842' title='bbox 3048 5121 3193 5176; x_wconf 86' lang='grc' dir='ltr'>θείου</span> <span class='ocrx_word' id='word_1_843' title='bbox 3249 5118 3566 5176; x_wconf 86' lang='grc' dir='ltr'>ἀποστόλου</span> <span class='ocrx_word' id='word_1_844' title='bbox 3635 5123 3843 5178; x_wconf 75' lang='grc' dir='ltr'>τούτου</span> 
     </span>
    </p>
   </div>
   <div class='ocr_carea' id='block_1_116' title="bbox 2188 5206 3845 5288">
    <p class='ocr_par' dir='ltr' id='par_1_116' title="bbox 2188 5206 3845 5288">
     <span class='ocr_line' id='line_1_117' title="bbox 2188 5206 3845 5288; baseline -0.008 -18"><span class='ocrx_word' id='word_1_845' title='bbox 2188 5213 2645 5288; x_wconf 71' lang='grc' dir='ltr'>ἕπισημήνασθαι.</span> <span class='ocrx_word' id='word_1_846' title='bbox 2708 5215 2798 5275; x_wconf 70' lang='grc' dir='ltr'>Ὠς</span> <span class='ocrx_word' id='word_1_847' title='bbox 2841 5211 2947 5286; x_wconf 81' lang='grc' dir='ltr'>γὰρ</span> <span class='ocrx_word' id='word_1_848' title='bbox 2990 5206 3099 5281; x_wconf 76' lang='grc' dir='ltr'><strong>ἤδη</strong></span> <span class='ocrx_word' id='word_1_849' title='bbox 3154 5211 3254 5279; x_wconf 76' lang='grc' dir='ltr'>τὴν</span> <span class='ocrx_word' id='word_1_850' title='bbox 3298 5211 3438 5286; x_wconf 88' lang='grc' dir='ltr'>πρὸς</span> <span class='ocrx_word' id='word_1_851' title='bbox 3488 5211 3625 5267; x_wconf 79' lang='grc' dir='ltr'>Θεὸν</span> <span class='ocrx_word' id='word_1_852' title='bbox 3676 5209 3845 5281; x_wconf 77' lang='grc' dir='ltr'><strong>ἒκόη.</strong></span> 
     </span>
    </p>
   </div>
   <div class='ocr_carea' id='block_1_117' title="bbox 2193 5296 3841 5381">
    <p class='ocr_par' dir='ltr' id='par_1_117' title="bbox 2193 5296 3841 5381">
     <span class='ocr_line' id='line_1_118' title="bbox 2193 5296 3841 5381; baseline -0.004 -20"><span class='ocrx_word' id='word_1_853' title='bbox 2193 5305 2317 5381; x_wconf 88' lang='grc' dir='ltr'>μίαν</span> <span class='ocrx_word' id='word_1_854' title='bbox 2366 5303 2530 5360; x_wconf 76' lang='grc' dir='ltr'>αὐτοῦ</span> <span class='ocrx_word' id='word_1_855' title='bbox 2579 5298 2775 5359; x_wconf 72' lang='grc' dir='ltr'>ἄνωθεν</span> <span class='ocrx_word' id='word_1_856' title='bbox 2832 5296 3159 5377; x_wconf 77' lang='grc' dir='ltr'>προδιέγνω,</span> <span class='ocrx_word' id='word_1_857' title='bbox 3214 5300 3315 5369; x_wconf 81' lang='grc' dir='ltr'>τήν</span> <span class='ocrx_word' id='word_1_858' title='bbox 3361 5321 3423 5356; x_wconf 86' lang='grc' dir='ltr'><strong>τε</strong></span> <span class='ocrx_word' id='word_1_859' title='bbox 3470 5301 3695 5376; x_wconf 76' lang='grc' dir='ltr'>ἡμέραν</span> <span class='ocrx_word' id='word_1_860' title='bbox 3754 5302 3841 5358; x_wconf 73' lang='grc' dir='ltr'><strong>καὶ</strong></span> 
     </span>
    </p>
   </div>
   <div class='ocr_carea' id='block_1_118' title="bbox 2190 5386 3841 5469">
    <p class='ocr_par' dir='ltr' id='par_1_118' title="bbox 2190 5386 3841 5469">
     <span class='ocr_line' id='line_1_119' title="bbox 2190 5386 3841 5469; baseline -0.002 -19"><span class='ocrx_word' id='word_1_861' title='bbox 2190 5392 2359 5469; x_wconf 80' lang='grc' dir='ltr'>ὥραν,</span> <span class='ocrx_word' id='word_1_862' title='bbox 2415 5391 2542 5454; x_wconf 76' lang='grc' dir='ltr'>τοὺς</span> <span class='ocrx_word' id='word_1_863' title='bbox 2602 5391 2764 5464; x_wconf 73' lang='grc' dir='ltr'>ἱερεῖς</span> <span class='ocrx_word' id='word_1_864' title='bbox 2814 5389 2904 5445; x_wconf 84' lang='grc' dir='ltr'><strong>καὶ</strong></span> <span class='ocrx_word' id='word_1_865' title='bbox 2963 5386 3317 5465; x_wconf 76' lang='grc' dir='ltr'>λειτουργοὺς</span> <span class='ocrx_word' id='word_1_866' title='bbox 3364 5396 3470 5459; x_wconf 76' lang='grc' dir='ltr'>τῆς</span> <span class='ocrx_word' id='word_1_867' title='bbox 3536 5390 3841 5463; x_wconf 70' lang='grc' dir='ltr'>ἐκκλησίας</span> 
     </span>
    </p>
   </div>
   <div class='ocr_carea' id='block_1_119' title="bbox 2190 5476 3842 5559">
    <p class='ocr_par' dir='ltr' id='par_1_119' title="bbox 2190 5476 3842 5559">
     <span class='ocr_line' id='line_1_120' title="bbox 2190 5476 3842 5559; baseline -0.001 -21"><span class='ocrx_word' id='word_1_868' title='bbox 2190 5476 2547 5559; x_wconf 77' lang='grc' dir='ltr'>παραλαϐὼν,</span> <span class='ocrx_word' id='word_1_869' title='bbox 2578 5479 2668 5535; x_wconf 81' lang='grc' dir='ltr'><strong>καὶ</strong></span> <span class='ocrx_word' id='word_1_870' title='bbox 2711 5478 2829 5533; x_wconf 78' lang='grc' dir='ltr'>ὅσοι</span> <span class='ocrx_word' id='word_1_871' title='bbox 2859 5476 3034 5534; x_wconf 87' lang='grc' dir='ltr'>πίστει</span> <span class='ocrx_word' id='word_1_872' title='bbox 3077 5478 3282 5548; x_wconf 72' lang='grc' dir='ltr'>ζέοντες</span> <span class='ocrx_word' id='word_1_873' title='bbox 3329 5479 3466 5547; x_wconf 77' lang='grc' dir='ltr'>ἦσαν</span> <span class='ocrx_word' id='word_1_874' title='bbox 3516 5484 3626 5535; x_wconf 80' lang='grc' dir='ltr'>τῶν</span> <span class='ocrx_word' id='word_1_875' title='bbox 3682 5480 3842 5536; x_wconf 79' lang='grc' dir='ltr'>ἀδελ·</span> 
     </span>
    </p>
   </div>
   <div class='ocr_carea' id='block_1_120' title="bbox 2191 5565 3842 5648">
    <p class='ocr_par' dir='ltr' id='par_1_120' title="bbox 2191 5565 3842 5648">
     <span class='ocr_line' id='line_1_121' title="bbox 2191 5565 3842 5648; baseline -0.001 -21"><span class='ocrx_word' id='word_1_876' title='bbox 2191 5576 2330 5648; x_wconf 78' lang='grc' dir='ltr'>φῶν,</span> <span class='ocrx_word' id='word_1_877' title='bbox 2379 5565 2480 5641; x_wconf 79' lang='grc' dir='ltr'>ἔξω</span> <span class='ocrx_word' id='word_1_878' title='bbox 2526 5575 2625 5639; x_wconf 83' lang='grc' dir='ltr'>τῆς</span> <span class='ocrx_word' id='word_1_879' title='bbox 2672 5567 2929 5647; x_wconf 81' lang='grc' dir='ltr'>Ἐφεσίων</span> <span class='ocrx_word' id='word_1_880' title='bbox 2976 5566 3194 5629; x_wconf 86' lang='grc' dir='ltr'>πόλεως</span> <span class='ocrx_word' id='word_1_881' title='bbox 3243 5569 3491 5645; x_wconf 86' lang='grc' dir='ltr'>γίνεται·</span> <span class='ocrx_word' id='word_1_882' title='bbox 3536 5566 3629 5624; x_wconf 83' lang='grc' dir='ltr'>ὲπί</span> <span class='ocrx_word' id='word_1_883' title='bbox 3682 5591 3741 5625; x_wconf 87' lang='grc' dir='ltr'><strong>τι</strong></span> <span class='ocrx_word' id='word_1_884' title='bbox 3789 5567 3842 5624; x_wconf 71' lang='grc' dir='ltr'><strong>εἰ</strong></span> 
     </span>
    </p>
   </div>
   <div class='ocr_carea' id='block_1_121' title="bbox 2191 5656 3835 5738">
    <p class='ocr_par' dir='ltr' id='par_1_121' title="bbox 2191 5656 3835 5738">
     <span class='ocr_line' id='line_1_122' title="bbox 2191 5656 3835 5738; baseline -0.001 -18"><span class='ocrx_word' id='word_1_885' title='bbox 2191 5666 2297 5720; x_wconf 81' lang='grc' dir='ltr'>τῶν</span> <span class='ocrx_word' id='word_1_886' title='bbox 2362 5660 2679 5737; x_wconf 83' lang='grc' dir='ltr'>ἀγχιθύρων</span> <span class='ocrx_word' id='word_1_887' title='bbox 2741 5658 3025 5738; x_wconf 77' lang='grc' dir='ltr'>γεώλόφον</span> <span class='ocrx_word' id='word_1_888' title='bbox 3074 5657 3267 5721; x_wconf 77' lang='grc' dir='ltr'>εἰωθός</span> <span class='ocrx_word' id='word_1_889' title='bbox 3311 5658 3373 5714; x_wconf 77' lang='grc' dir='ltr'><strong>’ὸν</strong></span> <span class='ocrx_word' id='word_1_890' title='bbox 3420 5656 3619 5735; x_wconf 73' lang='grc' dir='ltr'>ὲκείνῷ</span> <span class='ocrx_word' id='word_1_891' title='bbox 3670 5660 3835 5718; x_wconf 67' lang='grc' dir='ltr'>ἐκεῖσε</span> 
     </span>
    </p>
   </div>
  </div>
