4016 6206
176 333 296 395 873

1193 342 1824 410 ECCLESIASTICE
1865 341 2261 406 HISTORIE
2304 345 2454 408 LIB.
2502 344 2580 406 II.

3463 356 3584 419 874

181 469 246 541 δὴ
293 467 670 546 παραϐάλλειν
719 494 778 530 τε
823 474 911 530 καὶ
955 479 1374 554 προσεύχεσθαι,
1409 483 1527 556 μεθ’
1566 483 1638 537 ὧν
1674 481 1825 556 ε’ίρη-

1947 493 2128 548 ραιυιῐι
2165 479 2626 536 resuscitationis
2649 484 2823 554 atque
2847 483 3233 544 restitutionis
3259 493 3388 544 ante
3417 506 3584 546 com-

179 583 264 616 ται
313 557 540 634 ἀναϐάς,
572 568 640 636 τῇ
691 563 826 640 εὐχῇ
878 564 1125 629 σύντονος
1172 570 1394 645 γίνεται,
1441 573 1530 627 καὶ
1576 574 1668 636 τὰς
1728 572 1823 627 ἐκ-

175 650 409 722 κλησίας
441 653 669 708 ἀνετίθει
713 659 844 728 Θεῷ.
897 655 1124 737 Σκαλίσι
1172 657 1228 714 δέ
1265 683 1372 716 τισι
1405 665 1491 718 καὶ
1545 661 1826 726 δικέλλαις

178 741 262 795 ὅτι
322 742 498 816 τάχος
547 742 852 816 ἀνορύττειν
917 754 1184 821 μνημεῖον
1254 750 1584 808 διεκελεύετο
1630 772 1642 785 ’
1714 758 1826 809 εἶτα

176 833 445 884 νουθετεῖν
501 829 730 906 ἤρχετο.
804 835 1068 910 Θεολογίᾳ
1141 839 1314 895 τοίνυν
1379 843 1467 897 καὶ
1526 845 1826 914 ὑποθήκαις

180 919 441 989 ἐξαισίαις
495 923 816 996 καταρτίσας
872 925 997 981 τοὺ)
1055 929 1356 1002 περιόντας,
1415 937 1482 1006 τῇ
1541 955 1598 989 τε
1650 934 1828 990 πίστει

177 1009 267 1063 καὶ
328 1007 539 1082 ἐλπίδι,
581 1010 887 1084 ἐπιμᾶλ).ον
945 1012 1000 1069 δὲ
1073 1021 1141 1084 τῆ
1209 1021 1411 1095 ἀγάπῃ,
1472 1023 1664 1098 οἷάπερ
1738 1025 1828 1079 καὶ

178 1098 564 1172 ἧγαπημένος,
619 1101 713 1162 τὰς
771 1100 991 1158 ἐκείνων
1049 1103 1272 1181 καρδίας
1329 1108 1575 1184 ἑδράσας,
1618 1113 1828 1176 ἀναθεὶς

177 1208 236 1242 τε
292 1191 377 1259 τῷ
438 1196 656 1263 Σωτῆρι
717 1192 903 1266 Λόγῳ,
953 1195 1042 1248 καὶ
1096 1197 1191 1252 τὸτ
1235 1196 1286 1252 ἐν
1346 1200 1526 1276 Κυρίῳ
1604 1201 1827 1257 ὕσαττον

178 1278 468 1352 ἀσπασμὸν
513 1277 752 1350 ἐπιδοὸς,
806 1283 991 1339 ἑαυτόν
1037 1307 1095 1340 τε
1142 1291 1210 1361 τῇ
1257 1293 1354 1343 τοῦ
1402 1295 1635 1366 σταυροῦ
1668 1314 1829 1370 σφρα-

179 1365 290 1442 γῖδι
360 1368 820 1448 ἀσφαλισάμενος,
882 1377 1098 1430 πάντων
1187 1378 1464 1450 ὁρώντων,
1527 1379 1710 1436 εἷ’σεισι
1767 1385 1828 1438 τὸ

178 1459 457 1529 ἣνημεῖον
507 1477 520 1489 ο
556 1457 758 1513 ἄνωθέν
807 1482 862 1516 τε
909 1463 1008 1532 τήν
1053 1463 1238 1520 πλάκα
1269 1468 1319 1521 οἱ
1372 1467 1632 1524 ἐπιθεῖναι
1667 1469 1832 1526 διεκε-

181 1545 392 1614 λεύετο,
444 1548 530 1602 καὶ
591 1549 970 1626 κραταιότερον
1037 1553 1429 1633 ἀσφαλίσασθαι
1485 1578 1497 1591 ·
1578 1561 1652 1622 εἰς
1728 1562 1827 1631 τὴν

177 1636 300 1706 ἑξῆς
479 1635 676 1707 ἰόντας,
735 1638 966 1714 ἀνοίγειν
1027 1663 1084 1698 τε
1130 1644 1193 1698 τὸ
1255 1653 1440 1720 μνῆμα
1496 1650 1581 1703 καὶ
1645 1655 1829 1728 σαφῶς

178 1719 474 1797 διορᾷν.’0
533 1727 627 1797 μὲν
685 1726 898 1802 οὗνξὼς
947 1736 1066 1794 τοῖς
1124 1732 1390 1813 ἐνταφίοις
1447 1737 1512 1806 ἦν
1565 1735 1830 1794 διεσκευαο

180 1815 398 1884 σμένος,
453 1816 655 1869 κατιών
683 1838 746 1891 γε
799 1817 860 1872 τὸ
918 1819 1136 1896 ὄρυγμα
1183 1823 1272 1878 καὶ
1330 1824 1626 1898 ἀναπεσὼν,
1673 1829 1830 1894 εὐθὺς
1861 1853 1908 1917 Β

179 1901 267 1955 τὸν
325 1902 685 1980 ὀφειλόμενον
725 1906 891 1962 ὕπνον
941 1905 1174 1973 δικαίοις
1206 1914 1552 1988 κεκοίμηται,
1587 1915 1660 1979 είς
1697 1918 1830 1993 βαθὺ

181 1997 360 2066 γῆρας
390 1991 585 2064 ἐλθὼν,
633 1993 906 2068 ἑξηκοστῷ
943 1995 1124 2072 ὀγδόῳ
1155 1998 1383 2075 ἐνιαυτῷ
1436 2005 1571 2076 μετᾶ
1620 1991 1831 2062 τὸήπά-

183 2082 270 2142 θος
304 2085 405 2135 τοῦ
436 2089 698 2156 Σωτῆρος
746 2085 1002 2159 Χριστοῦ.
1035 2094 1125 2142 Δεῖ
1183 2092 1285 2166 γὰρ
1323 2091 1490 2164 αὐτῷ,
1525 2091 1737 2166 μᾶλλον
1773 2093 1830 2150 δὲ

184 2174 428 2242 Χριστῷ,
487 2169 576 2224 καὶ
633 2176 712 2244 τῷ
773 2178 922 2250 σοφῷ
978 2175 1251 2232 πείθεσθαι
1305 2183 1674 2256 Χρυσοστόμῳ
1750 2182 1827 2246 εἷς

188 2257 491 2332 μαρτυρίαν
546 2263 642 2314 τοῦ
715 2263 961 2318 τεθνάναι
1036 2266 1332 2341 παράγοντι
1390 2271 1472 2339 τὸ,
1536 2273 1657 2326 Καὶ
1718 2273 1830 2328 οὐκ

187 2347 564 2420 εἶπεναότῷ
593 2350 620 2404 ὁ
644 2352 934 2422 Ἰησοῦς,
959 2353 1057 2410 ὅτι
1087 2354 1826 2432 οόκὰποθνήσκει,ἀλλ’,

181 2438 329 2492 Ἐάν
355 2437 553 2492 αὐτὸν
579 2438 745 2494 θέλω
771 2439 989 2514 μένειν
1021 2441 1141 2507 ἕως
1175 2441 1470 2521 ἔρχομαι
1495 2450 1614 2522 (τὴν
1638 2451 1829 2526 Ἰερου-

175 2525 367 2599 σαλὴμ
425 2525 755 2582 ἀπολέσων·
813 2534 1105 2606 παρέμεινε
1180 2535 1283 2609 γάρ
1353 2534 1484 2610 ἄχρι
1559 2525 1823 2594 τότεγκαὶ

175 2617 512 2690 προσωυέρω
541 2615 625 2671 ἐπὶ
658 2622 762 2671 τῶν
795 2620 1006 2692 χρόνων
1049 2622 1354 2696 Τραίανοῦ),
1398 2624 1459 2678 τί
1507 2627 1670 2699 πρὸς
1712 2629 1776 2682 σὲ
1807 2647 1823 2698 ;

174 2707 353 2759 Τοῦτο
388 2705 485 2777 μὲν
543 2703 714 2767 οὕτως
746 2703 974 2782 ἐγένετο.
1012 2713 1147 2763 Θεοῦ
1192 2706 1248 2764 δὲ.
1304 2733 1386 2774 τις
1432 2710 1667 2790 ἅρῥητος
1701 2712 1826 2786 δόξα

277 2793 290 2811 ς
367 2792 378 2810 ἢ
483 2790 507 2808 η
727 2793 739 2813 ,
790 2795 803 2810 \
951 2793 1004 2817 TN
1157 2797 1169 2812 9
1217 2801 1226 2815 ι
1335 2799 1349 2816 ν
1479 2803 1488 2817 I
1802 2805 1816 2823 ε

173 2795 270 2846 καθ
343 2795 411 2860 ἠν
471 2813 614 2867 ωραν
683 2815 841 2857 αυτος
919 2815 1062 2851 οιοεν
1121 2800 1272 2862 ευθυς
1333 2800 1705 2876 επιλαμψασα,
1763 2826 1825 2860 το

173 2882 411 2957 φθαρτὸν
462 2879 669 2937 ἐκείνου
728 2888 885 2956 σῶμα
940 2887 1030 2939 καὶ
1077 2889 1266 2961 γήϊνον
1311 2889 1385 2950 εἷς
1418 2889 1688 2964 ἀκήρατον
1734 2893 1825 2948 καὶ

174 2973 449 3044 ἄφθαρτον
479 2969 547 3044 (ὣ
603 2976 698 3026 τοῦ
751 2973 1024 3047 θαύματος
1054 2977 1088 3047 ί)
1152 2988 1714 3054 μεναστοιχειώσασα,
1772 2983 1822 3036 ἐν

171 3063 247 3131 τῷ
279 3059 416 3131 θείῳ
455 3054 799 3132 ἀνελάμϐανε
851 3060 1162 3138 παραδείσω
1197 3065 1331 3138 μετὰ
1387 3073 1486 3137 τῆς
1545 3072 1823 3142 πανυμνή-

170 3169 270 3202 του
303 3150 394 3203 καὶ
432 3152 802 3224 Θεομήτορος,
838 3152 912 3214 ὡς
966 3154 1174 3228 μητρὸς
1229 3155 1394 3210 αὐτοῦ
1452 3159 1820 3232 γεγενημένης

1937 583 2172 622 munem
2220 568 2372 622 illam
2428 571 2898 628 resurrectionem
2943 576 3267 631 constituit.
3302 579 3464 644 Quod
3501 579 3584 635 sic

1934 653 2198 711 Clemens
2247 656 2273 709 6
2309 658 2675 732 στρωματεὺς,
2716 678 2818 718 seu
2850 668 3166 732 contextor,
3200 666 3255 720 in
3287 683 3581 723 commen-

1937 746 2081 800 tario
2132 763 2196 801 eo
2246 747 2344 817 qui
2394 748 2712 820 inscriptus
2761 756 2895 808 est:
2938 754 3044 821 Qui
3067 754 3213 811 dives
3242 755 3430 812 salvus
3461 758 3580 826 ﬁat.

1937 836 2004 889 ad
2040 837 2378 892 memoriam
2413 840 2762 908 posteritatis
2786 842 3070 911 scriptum
3092 843 3342 916 reliquit.
3371 846 3582 903 Verum

1936 925 2229 980 enimvero
2279 942 2413 980 cum
2462 928 2531 981 ad
2565 927 2720 984 hunc
2761 930 2949 985 locum
2982 933 3437 1002 pervenerimus,
3475 950 3582 990 ne-

1937 1010 2260 1066 cessarium
2287 1027 2414 1068 esse
2445 1013 2639 1081 duxis,
2665 1031 2856 1071 acram
2891 1033 3123 1089 quoque
3143 1018 3580 1076 translationem

1939 1099 2052 1154 divi
2114 1099 2284 1155 istius
2333 1103 2581 1173 apostoli
2632 1105 2920 1176 persequi.
2966 1107 3109 1163 Cum
3153 1107 3307 1164 enim
3358 1109 3582 1165 dudum

1939 1188 2340 1246 transitionem
2393 1207 2561 1247 suam
2611 1194 2679 1248 ad
2726 1193 2934 1261 Deum,
2986 1197 3257 1268 diemque
3285 1197 3351 1269 fet
3383 1199 3582 1253 horam

1940 1277 2064 1347 ejus
2098 1278 2476 1349 praevidisset,
2510 1283 2912 1340 sacerdotibus
2956 1285 3359 1357 ministrisque
3389 1287 3585 1342 Eccle-

1939 1367 2055 1434 siae,
2108 1371 2163 1422 et
2211 1373 2483 1438 praeterea
2534 1370 2870 1443 quicunque
2916 1373 3182 1446 ﬂagranti
3229 1379 3424 1431 essent
3473 1375 3586 1432 fide

1939 1456 2215 1512 fratribus
2247 1459 2588 1530 assumptis,
2623 1465 2785 1516 extra
2825 1462 3206 1534 Ephesiorum
3225 1464 3427 1520 urbem
3454 1479 3588 1536 pro-

1938 1548 2195 1617 greditur
2228 1563 2242 1601 :
2275 1553 2494 1604 etcum
2526 1549 2607 1605 eis
2659 1551 2716 1605 in
2766 1552 3017 1609 vicinum
3052 1555 3367 1626 quemdam
3395 1559 3585 1610 tumu-

1939 1633 2085 1702 lum,
2119 1651 2232 1706 quo
2267 1637 2588 1708 frequenter
2623 1641 2703 1695 ire
2735 1641 3048 1711 precationi
3079 1658 3308 1712 operam
3341 1645 3586 1699 daturus

1939 1724 2186 1791 solebat,
2233 1727 2588 1792 conscendit,
2651 1728 2729 1783 ibi
2781 1730 3176 1786 vehementius
3225 1748 3418 1801 orans,
3475 1734 3583 1790 Ec-

1940 1811 2145 1869 clesias
2181 1815 2289 1870 Deo
2312 1817 2678 1872 commendat
2710 1833 2725 1874 :
2780 1835 2910 1874 mox
2951 1819 3193 1876 sarculis
3226 1821 3581 1891 quibusdam

1941 1906 1998 1956 et
2023 1900 2320 1972 ligonibus
2352 1903 2611 1960 celeriter
2641 1906 2969 1976 sepulcrum
3003 1907 3113 1963 sibi
3136 1909 3249 1963 fodi
3276 1910 3534 1981 praecipit
3569 1927 3583 1964 :

1941 1990 2150 2046 deinde
2181 2007 2278 2046 eos
2311 1991 2405 2062 qui
2441 1998 2562 2047 tum
2597 1997 2858 2062 aderant,
2891 1997 3120 2051 arcanis
3145 1997 3212 2052 de
3244 1996 3360 2052 Deo
3392 1997 3586 2054 verbis

1939 2089 1991 2134 et
2042 2080 2342 2150 praeceptis
2393 2081 2627 2152 optimis
2678 2083 2748 2138 de
2798 2084 2909 2140 ﬁde
2956 2101 3057 2154 spe
3105 2090 3161 2140 et
3211 2085 3583 2157 potissimum

1941 2165 2249 2224 dilectione
2294 2169 2533 2242 (quippe
2565 2171 2813 2227 dilectus
2843 2173 2992 2245 ipse)
3036 2174 3248 2230 erudit.
3307 2175 3371 2230 Et
3412 2178 3588 2232 corda

1940 2273 2141 2312 eorum
2193 2259 2573 2329 confirmans,
2625 2261 2912 2316 Servatori
2962 2262 3148 2319 Verbo
3198 2267 3590 2333 commendat,

1941 2347 2349 2419 Postremoque
2404 2347 2518 2402 illis
2576 2349 2636 2403 in
2695 2349 2942 2406 Domino
2994 2350 3216 2407 salvere
3273 2356 3330 2408 et
3389 2353 3581 2410 valere

1931 2435 2134 2504 jussis,
2170 2436 2264 2490 ubi
2300 2452 2362 2491 se
2394 2436 2578 2492 crucis
2611 2437 2778 2507 signo
2809 2439 3251 2506 communisset,
3286 2439 3344 2494 in
3380 2456 3582 2496 monu-

1940 2530 2204 2578 mentum
2254 2524 2555 2580 descendit
2608 2542 2620 2579 :
2661 2529 3114 2598 operculumque
3167 2527 3220 2584 ei
3264 2528 3580 2600 imponere,

1937 2616 1992 2666 et
2023 2612 2080 2666 id
2117 2612 2342 2668 ﬁrmius
2391 2615 2776 2682 communire,
2826 2616 3074 2687 denique
3115 2617 3321 2672 reverti
3355 2633 3452 2673 eos
3481 2635 3580 2690 po-

1939 2700 2162 2771 stridis,
2213 2700 2545 2772 sepulcrum
2611 2703 2834 2774 aperire
2881 2704 3306 2778 diligenterque
3362 2706 3585 2777 perspi-

1936 2804 2063 2844 cere
2127 2793 2382 2845 mandat.
2447 2790 2561 2846 Hoc
2621 2793 2792 2848 modo
2845 2809 2976 2848 cum
3028 2793 3146 2861 ille,
3206 2799 3269 2849 ut
3325 2795 3584 2850 vestibus

1937 2879 2358 2950 sepulcralihus
2390 2881 2638 2937 amictus
2677 2891 2818 2952 erat,
2868 2883 2926 2937 in
2977 2884 3192 2940 fossam
3247 2884 3582 2940 descendis-

1937 2974 2042 3037 set,
2077 2985 2253 3040 seque
2284 2971 2352 3024 ad
2385 2971 2608 3025 obitum
2661 2971 3105 3043 composuisset,
3152 2972 3350 3028 statim
3383 2989 3448 3028 eo
3483 2972 3582 3043 qui

1930 3059 2110 3129 justis
2142 3059 2404 3127 debetur,
2459 3059 2687 3130 sopitur
2734 3077 2939 3116 somno
2993 3078 3006 3116 :
3059 3077 3193 3117 cum
3243 3062 3476 3133 quidem
3511 3061 3580 3116 ad

1938 3149 2173 3204 multam
2245 3153 2604 3204 senectutem
2681 3155 2812 3221 post
2869 3151 3197 3222 passionem
3265 3150 3584 3207 Servatoris

540 3212 550 3222 υ
603 3212 612 3219 '
689 3212 697 3224 Ι
793 3212 799 3216 '
899 3212 906 3214 ‘
966 3212 976 3225 '
1031 3212 1040 3223 '
1084 3212 1092 3228 I
1161 3212 1172 3218 '
1464 3212 1474 3232 Ι
1528 3212 1538 3231 Ι
1587 3212 1590 3213 ⁷
1631 3212 1662 3232 ΙΙ
1733 3212 1736 3213 ⁷
1777 3212 1819 3229 ³⁷

172 3242 239 3311 τῇ
301 3237 514 3313 χάρίτι.
570 3240 779 3314 Ἀχρῆν
837 3242 927 3295 καὶ
984 3242 1088 3316 γάρ
1143 3244 1308 3309 αὐτὸν
1346 3245 1527 3320 ἠρέμα
1574 3269 1689 3310 πως
1723 3255 1822 3318 τῆς

1936 3238 2146 3295 Christi
2177 3239 2538 3311 sexagesimo
2571 3212 2771 3294 octavo
2803 3212 2954 3296 anno
2987 3239 3357 3311 pervenisset.
3393 3245 3582 3312 Opor-

170 3327 474 3400 épﬁapciac
523 3327 613 3381 καὶ
681 3331 868 3384 τοῦτον
932 3334 1352 3408 μετεσχηκέναι,
1424 3336 1633 3408 μητέρα
1695 3357 1826 3408 κτη-

170 3417 403 3486 σάμενον
464 3414 805 3491 ἀειπάρθενόν
864 3439 922 3473 τε
992 3421 1081 3473 καὶ
1152 3419 1411 3496 ἄφθορον,
1469 3424 1823 3498 ἠγαπημένον

167 3499 220 3556 δὲ
282 3505 577 3580 ὑπερτυῶς
626 3509 705 3575 τῷ
763 3510 998 3579 Χριστῷ,
1032 3509 1115 3562 καῖ
1171 3506 1402 3586 ἀδελφὸν
1443 3515 1539 3566 τοῦ
1569 3515 1666 3578 τῆς
1699 3513 1824 3568 ἀθα-

164 3591 356 3653 νασίας
406 3592 637 3664 ταμείου
713 3596 1098 3669 γεγενημένου,
1165 3599 1260 3652 Καὶ
1337 3599 1514 3654 τοίνυν
1574 3600 1649 3664 εἷς
1720 3603 1818 3672 τήν

165 3681 288 3752 ἑξῆς
320 3685 407 3743 οἷς
440 3681 800 3753 ἐπινὲτηαπτο
858 3685 992 3740 κατᾶ
1042 3687 1103 3741 τὸ
1161 3684 1432 3762 ἐπιταγμα
1481 3687 1818 3762 ἐπελθόντες,

163 3773 223 3824 τὸ
283 3776 460 3842 πῶμα
501 3773 902 3845 περιεχόμενοι,
935 3771 1091 3848 ἄλλῳ
1145 3777 1238 3848 μὲν
1287 3775 1486 3847 οὐδενὶ,
1540 3780 1728 3851 μόνοις
1764 3777 1820 3835 δὲ

162 3867 280 3923 τοῖς
331 3860 606 3940 ἐνταφίοις
668 3862 996 3938 σπαργάνοις
1052 3868 1532 3943 περιτυγχάνουσι.
1599 3869 1696 3923 Καὶ
1754 3869 1820 3924 τὰ

166 3951 262 4021 μὶν
298 3951 426 4025 περὶ
457 3951 708 4007 Ἰωάννου
741 3952 791 4006 ἐν
819 3952 1054 4017 τούτοις.

1935 3331 2016 3384 tet
2045 3327 2198 3383 enim
2255 3345 2361 3384 nos
2407 3327 2538 3399 ipsi,
2589 3345 2650 3383 ac
2704 3329 2894 3399 potius
2943 3330 3187 3398 Christo,
3237 3334 3294 3384 et
3332 3329 3582 3400 sapienti

1935 3419 2161 3474 credere
2218 3418 2648 3490 Chrysostomo,
2720 3419 2788 3473 ad
2850 3420 3278 3475 testiﬁcandum
3341 3427 3580 3475 mortem

1935 3508 2061 3576 ejus
2111 3507 2252 3562 illud
2304 3508 2612 3562 adducenti
2646 3522 2660 3561 :
2715 3509 2778 3561 Et
2816 3524 2927 3563 non
2955 3508 3100 3563 dixit
3129 3509 3181 3563 ei
3217 3509 3388 3576 Iesus,
3422 3508 3584 3562 illum

1933 3598 2265 3651 moriturum
2311 3611 2418 3649 non
2465 3611 2580 3650 esse
2627 3613 2647 3652 :
2695 3596 2807 3662 sed,
2868 3595 2929 3651 Si
2985 3598 3102 3651 volo
3149 3611 3371 3651 manere
3417 3595 3584 3650 donec

1933 3686 2148 3742 veniam
2218 3684 2633 3756 (Hierosolyma
2691 3684 2956 3740 videlicet
3012 3701 3313 3741 eversurus
3369 3701 3382 3738 :
3442 3683 3582 3738 vixit

1933 3776 2086 3830 enim
2134 3775 2203 3829 ad
2255 3774 2312 3828 id
2348 3790 2529 3845 usque
2560 3778 2810 3845 tempus,
2843 3779 3016 3845 atque
3047 3773 3220 3829 etiam
3255 3773 3576 3845 aliquanto,

1934 3864 2006 3919 ad
2037 3863 2269 3934 Trajani
2303 3861 2519 3918 scilicet
2543 3867 2789 3933 aetatem,
2814 3864 3092 3935 longius),
3125 3864 3259 3933 quid
3287 3861 3358 3917 ad
3387 3868 3437 3918 te
3457 3870 3483 3915 Ρ
3511 3864 3582 3918 Et

1931 3956 2178 4012 Joannes
2211 3951 2443 4024 quidem
2487 3951 2566 4007 ita
2614 3952 2764 4007 diem
2808 3969 2979 4007 suum
3021 3951 3164 4007 obiit
3197 3967 3210 4006 :
3247 3949 3345 4006 Dei
3379 3956 3574 4007 autem

159 4041 483 4098 inetIabilis
530 4047 705 4113 atque
753 4045 1172 4116 investigabilis
1211 4046 1417 4118 gloria,
1469 4065 1535 4104 ea
1580 4065 1754 4121 quam
1801 4049 1925 4121 ipse
1978 4047 2138 4103 solus
2187 4041 2366 4110 novit,
2420 4041 2558 4096 liora
2604 4040 2967 4108 illucescens,
3001 4056 3209 4112 corpus
3239 4041 3363 4110 ejus
3394 4045 3577 4097 terre-

159 4149 305 4186 num
339 4137 400 4187 et
431 4133 808 4204 corruptibile
840 4135 898 4190 in
931 4137 1262 4193 immortale
1308 4142 1364 4194 et
1412 4138 1850 4211 incorruptibile
1897 4141 1953 4208 (ο
1987 4133 2335 4192 miraculum
2369 4133 2642 4203 ingens!)
2677 4133 3105 4194 transmutavit,
3138 4135 3194 4188 et
3223 4133 3280 4189 in
3315 4133 3578 4191 divinum

157 4222 530 4292 paradisum,
575 4223 773 4279 itidem
833 4229 894 4280 ut
947 4227 1217 4283 omnibus
1275 4227 1546 4286 laudibus
1607 4228 2011 4286 celebrandam
2060 4226 2162 4282 Dei
2213 4221 2558 4279 Genitricem
2610 4238 2740 4294 quas
2789 4238 2890 4294 per
2933 4222 3179 4292 gratiam
3231 4228 3412 4280 mater
3449 4226 3578 4295 ejus

154 4312 286 4379 fuit,
354 4313 598 4383 recepit.
661 4314 811 4370 209
873 4315 1118 4372 Decebat
1175 4318 1388 4389 quippe
1447 4324 1502 4375 et
1560 4319 1777 4391 ipsum,
1838 4317 1936 4390 qui
1997 4315 2202 4373 matris
2262 4315 2386 4369 loco
2447 4313 2838 4384 incorruptam
2898 4329 3243 4385 semperque
3296 4315 3579 4386 virginem

152 4400 486 4468 habuisset,
535 4406 593 4457 et
637 4403 884 4460 dilectus
933 4405 993 4460 in
1045 4406 1250 4478 primis
1300 4407 1542 4463 mirifice
1595 4408 1820 4465 Christo
1874 4408 2099 4475 fuisset,
2157 4407 2447 4475 fraterque
2495 4405 2638 4460 adeo
2687 4403 3144 4460 immortalitatis
3195 4405 3578 4477 promptuarii

145 4493 499 4562 exstitisset,
559 4493 843 4563 paulatim
901 4495 1330 4567 quodammodo
1388 4499 1848 4556 immortalitatis
1916 4497 2259 4571 participem
2318 4495 2463 4552 ﬁeri.
2530 4497 2704 4551 Porro
2754 4497 2844 4553 die
2900 4496 3186 4567 sequenti,
3245 4497 3458 4567 quibus
3519 4495 3577 4550 id

146 4583 547 4639 commissum
603 4585 804 4652 fuerat,
863 4585 943 4642 ita
1001 4592 1064 4643 ut
1124 4593 1472 4660 preceptum
1533 4593 1903 4662 acceperant,
1960 4589 2030 4645 ad
2093 4589 2536 4642 monumentum
2595 4591 2880 4642 venerunt
2934 4603 2948 4642 :
3007 4586 3395 4657 operculoque
3451 4586 3578 4654 ejus

142 4673 386 4742 avulso,
420 4673 566 4730 nihil
600 4674 679 4730 ibi
711 4675 871 4732 aliud
901 4693 1078 4748 quam
1110 4678 1460 4750 sepulcralia
1490 4679 1667 4737 lintea
1701 4687 2058 4753 repererunt.
2094 4680 2283 4750 Atque
2313 4677 2434 4733 haec
2467 4676 2704 4749 quidem
2738 4679 2808 4735 de
2837 4678 3061 4734 Joanne
3091 4677 3194 4748 (1).

1933 4955 2267 5038 omlestibus
2299 4958 2522 5038 vostiri.
2556 4959 2735 5038 Quod
2773 4965 2824 5038 et
2856 4957 2926 5038 d_e
2957 4955 3122 5038 beato
3147 4953 3369 5038 {genus
3403 4953 3578 5034 Evan-

1930 5026 2153 5108 gelista,
2203 5029 2658 5108 ejuspministro,
2711 5029 2803 5086 cui
2855 5025 3060 5108 virgini
3092 5025 3387 5108 a.Christo
3421 5025 3574 5108 virgo

1934 5095 2250 5173 commissa
2282 5106 2388 5168 est,
2419 5095 2653 5173 plurimi
2678 5095 3024 5173 asseverant,
3051 5099 3188 5173 quia
3220 5097 3275 5151 in
3311 5095 3576 5173 sepulcro

1933 5171 2060 5239 ejus
2091 5172 2176 5253 (ut
2205 5166 2700 5255 ferturj'nonnnisi
2734 5187 2949 5255 manna
2988 5166 3302 5255 invenitur,
3336 5166 3578 5255 quodest

1933 5240 2216 5298 scaturire
2245 5240 2524 5300 cernitur.
2545 5244 2956 5298 Verumtamen
2989 5241 3128 5311 quid
3155 5240 3360 5311 horum
3387 5240 3576 5291 verius

1933 5321 2264 5390 censeatur,
2313 5316 2690 5390 ambigimus.
2741 5312 2944 5390 Melius
2979 5310 3187 5390 _tamen
3219 5310 3332 5365 Deo
3368 5314 3572 5390 totum,

1933 5385 2028 5438 cui
2048 5385 2191 5440 nihil
2214 5379 2576 5457 impossibile
2591 5383 3341 5457 est,committi_mus,quam
3361 5379 3574 5457 aliquid

1933 5458 2150 5512 temere
2198 5450 2437 5511 definire
2483 5450 2736 5513 velimus
2783 5454 3128 5510 auctoritate
3167 5450 3382 5513 nostra,
3419 5450 3571 5523 quod

1933 5541 2049 5582 non
2083 5528 2421 5600 probamus.
2455 5549 2486 5580 »

213 4949 304 5019 (1)
343 4946 426 5002 De
455 4945 722 5031 divorum
773 4951 1165 5076 apostolorum
1217 4955 1391 5039 Petri,
1443 4955 1603 5040 Pauli
1634 4955 1811 5040 Joan-
1845 4961 1898 5024 D

213 5036 238 5073 5
271 5023 578 5076 martvrls.
629 5021 803 5076 Tcrtu
835 5023 870 5076 l.
926 5025 998 5076 De
1038 5025 1562 5076 Prazsrrmlzombus
1591 5027 1812 5076 haeren-

143 5020 238 5073 nis
271 5020 596 5098 martyris,_
629 5020 870 5098 Tertull.
926 5025 998 5098 De
1038 5020 1562 5098 Praescriplionibus
1591 5027 1812 5082 haereti-

140 5106 379 5154 corum,
415 5111 443 5138 ‹‹
483 5091 658 5164 Felix,
708 5092 914 5164 inquit,
959 5095 1238 5164 Ecclesia,
1273 5091 1363 5152 cui
1391 5103 1568 5154 totum
1602 5098 1819 5154 doctri-

137 5178 286 5240 nam
326 5162 585 5240 apostoli
628 5179 762 5240 cu_m
794 5162 1084 5240 sanguine
1111 5162 1233 5240 suo
1261 5171 1641 5240 profuderunt
1675 5186 1688 5224 :
1723 5171 1823 5225 ubi

135 5236 368 5312 {’etrus
398 5233 658 5312 passioni
695 5233 1005 5293 Dominicis
1057 5233 1420 5312 adsequatur,
1473 5242 1571 5296 ubi
1604 5241 1822 5297 Paulus

129 5305 407 5360 Joannis
456 5304 616 5382 exitu
668 5315 1014 5382 coronatur:
1070 5310 1169 5366 ubi
1199 5304 1514 5382 ‘apostolus
1543 5313 1818 5379 Joannes,

133 5386 540 5456 posteaquam
570 5377 633 5456 _ln
667 5379 858 5456 oleum
907 5381 1141 5456 igneum
1191 5377 1513 5452 demersus,
1561 5377 1822 5456 nihilque

131 5450 525 5528 ibiupassus,
566 5447 624 5528 in
675 5447 950 5528 insulam:
978 5451 1288 5528 relegatur.
1325 5477 1353 5505 »
1386 5447 1773 5528 Hieronymus
1808 5473 1822 5513 :

138 5543 166 5572 ι
201 5519 510 5597 Nonnulli
540 5525 805 5597 astruere
843 5522 1074 5597 volunt,
1099 5519 1392 5596 Virginem
1428 5519 1671 5584 Maria'm
1699 5529 1822 5597 jam

130 5591 572 5649 resuscitatam
623 5593 794 5650 beata
841 5610 972 5651 cum
1020 5591 1248 5654 Christo
1294 5591 1730 5657 immortalitate
1761 5598 1820 5656 in

488 5691 749 5762 ΡΑτιιοι..
795 5694 904 5760 Gn.
950 5696 1180 5764 CXLV.

3181 5700 3261 5763 28
