4084 6208
218 329 338 389 8¹Π

1224 326 1839 391 ECCLESIASTICE
1879 329 2272 394 HISTORIIE
2309 333 2463 395 LIB.
2508 333 2587 396 ΙΙ.

3509 335 3631 398 878

221 462 390 533 ψανον
451 456 843 529 Κωνστάντιος,
903 459 932 513 6
988 462 1087 515 τοῦ
1148 459 1395 535 μεγάλου
1459 461 1868 517 Κωνσταντίνου

1990 464 2200 522 tiosum
2243 483 2389 538 opus
2435 471 2523 524 est
2566 428 3157 540 illatum.rReliquias
3203 467 3437 540 quidem
3478 454 3665 525 certe!

222 549 365 620 υἱὸς,
416 545 489 603 δι’
531 546 826 623 Ἀρτεμίου
884 551 982 603 τοῦ
1034 550 1289 625 μεγίστου
1351 549 1625 625 μάρτυρος
1674 551 1735 607 ἐκ
1764 559 1873 622 Θη-

223 636 339 695 ϐῶν
389 640 920 715 μετακομισάμενος,
969 640 1230 702 ὡσαύτως
1263 636 1434 696 δὲκαὶ
1482 642 1545 696 τὸ
1591 646 1690 697 τοῦ
1721 662 1872 716 πρω-

223 731 506 803 τοκλήτου
554 729 813 807 Ἀνδρὲου
857 728 916 786 ἒκ
966 736 1191 808 Πατρῶν
1238 739 1338 802 τῆς
1387 733 1640 808 Ἀχαΐας,
1690 732 1768 788 ἔτι
1817 732 1873 788 δὲ

225 822 319 875 καὶ
351 820 410 875 ἐκ
451 828 548 890 τῆς
599 822 651 875 ἐν
699 821 855 892 Ἀσίᾳ
904 822 1133 895 Ἐφέσου
1180 820 1446 895 Τιμοθέου
1492 827 1589 877 τοῦ
1637 822 1873 878 ἀποστό-

226 908 356 977 λου,
385 908 438 964 έν
466 915 534 984 τῇ
567 909 843 984 ἐπωνύμῳ
871 913 968 964 τοῦ
998 911 1202 986 πατρὸς
1234 912 1403 966 αὐτοῦ
1453 910 1613 966 πόλει
1658 916 1737 983 τῷ
1764 917 1872 967 τῶν

223 997 389 1072 ἱερῶν
428 997 751 1054 ἀποστόλων
809 1002 964 1071 σηκῷ
1018 993 1327 1072 σεϐασμίως
1374 998 1873 1079 κατέθετοΔἊλλά

222 1086 350 1161 περὶ
387 1089 483 1160 μὲν
530 1091 638 1143 τῶν
689 1086 844 1143 θείων
893 1091 993 1142 τοῦ
1041 1091 1275 1164 Χριστοῦ
1320 1091 1597 1163 φοιτητῶν
1650 1087 1874 1165 ἀρκούν-

222 1196 338 1239 τως
368 1177 426 1229 iv
461 1169 610 1251 ἔχοι.
655 1178 740 1233 Ἐν
792 1174 972 1250 μέντοι
1012 1179 1093 1248 τῷ
1145 1177 1313 1251 τρίτῳ
1358 1172 1564 1250 βιϐλίῳ
1612 1176 1702 1232 καὶ
1749 1176 1871 1252 περὶ

221 1268 340 1319 τῶν
379 1263 591 1320 λοιπῶν
650 1262 974 1320 ἀποστόλων
1022 1264 1116 1319 καὶ
1158 1265 1267 1319 τῶν
1318 1265 1544 1328 ἐκείνοις
1592 1263 1870 1340 διαδόχων

220 1352 480 1431 ἐροῦμεν,
527 1354 617 1410 καὶ
667 1356 783 1411 ὅσοι
838 1355 1046 1412 τούτων
1101 1351 1344 1434 ἔγγραφοι
1389 1355 1684 1413 κατέλιπον
1737 1357 1870 1412 ὑπο⁴

224 1446 509 1518 μνήματα.
562 1442 705 1509 Τέως
733 1464 796 1520 γε
845 1445 954 1518 μήν
1007 1444 1095 1498 ἰπὶ
1145 1449 1224 1517 τῷ
1271 1446 1497 1519 παρόντι
1546 1444 1689 1509 τίνες
1734 1444 1871 1515 ἦσαν

217 1535 279 1587 οἱ
337 1534 573 1607 μαθηταί
625 1536 860 1609 Χριστοῦ
914 1533 1143 1610 ῥητέον·
1174 1533 1316 1597 τίνες
1349 1532 1397 1589 δ’
1434 1533 1500 1589 αὖ
1554 1535 1613 1589 ἐκ
1660 1536 1873 1590 τούτων

216 1624 325 1692 τήν
376 1622 631 1696 συζυγίαν
680 1622 1011 1694 ἠσπάσαντο,
1056 1623 1146 1677 καὶ
1178 1624 1296 1678 ὅσοι
1326 1627 1434 1679 τῶν
1482 1628 1714 1699 Χριστοῦ
1747 1622 1872 1678 δια-

218 1706 429 1786 τριϐῶν
482 1711 776 1768 κατέλιπον
821 1713 1231 1786 ύπομνήματα’
1264 1712 1401 1775 τίνες
1447 1733 1504 1769 τε
1554 1712 1706 1775 αὖθις
1745 1713 1870 1768 ἐπι-

219 1800 427 1865 στολάς
458 1821 472 1834 ·
536 1802 658 1857 τίνα
710 1823 770 1857 τι
824 1805 932 1858 τῶν
981 1804 1444 1878 συγγραμμάτων,
1494 1803 1571 1867 ὡς
1628 1801 1873 1876 ἀναντίρα

219 1890 367 1963 ῥητα
411 1892 500 1945 καὶ
558 1888 849 1962 ἕνδιάθηκα
903 1893 937 1961 ἡ
988 1889 1289 1962 Ἐκκλησία
1344 1894 1660 1968 προσήκατο
1693 1910 1707 1924 ·
1757 1891 1873 1947 τίνα

215 2000 281 2034 τε
311 1978 477 2036 πάλιν
510 1981 588 2043 ὡς
613 1980 742 2036 νόθα
772 1981 863 2036 καὶ
893 1979 1287 2059 παρέγγραπτα
1316 1981 1620 2038 ἀπεώσατο.

836 2095 1099 2149 ΚΕΦΑΛ.
1140 2097 1190 2145 Μ
1199 2096 1270 2147 Δ’.

221 2179 425 2253 Τί-νες
464 2177 636 2253 sic-iv
666 2178 732 2233 oi
782 2176 1366 2253 6m6sza_XptaroB
1418 2178 1727 2253 μαθηταὶΔ
1765 2179 1872 2253 καὶ

299 2249 706 2326 ἀπόστολοι,
737 2250 844 2305 καὶ
875 2249 1021 2305 ὅσοι
1053 2250 1124 2305 ἐκ
1167 2249 1429 2306 τούτων’
1467 2249 1668 2326 γάμῳ
1699 2251 1873 2324 ὡμί-

304 2322 547 2392 λησαν.

303 2429 519 2487 Δώδεκα
554 2432 648 2506 μὶν
692 2430 785 2486 οὖν
836 2432 973 2501 ἦσαν
1024 2432 1075 2487 οἱ
1127 2430 1449 2501 ἀπόστολοι,
1498 2427 1875 2504 ἑϐδομήκοντα

223 2518 290 2576 δὲ
335 2521 611 2594 μαθηταί·
663 2518 829 2577 ἄλλοι
878 2520 926 2575 δ’
975 2520 1062 2576 ἐπὶ
1110 2520 1325 2584 τούτοις
1374 2520 1579 2595 μυρίοι.
1627 2521 1779 2577 Ἐπεὶ
1827 2518 1875 2575 δ’

224 2610 448 2684 ἀγνοεῖν
491 2608 728 2673 πολλοῖς
778 2608 971 2679 ἔπεισι,
1019 2610 1163 2671 τίνες
1194 2610 1245 2664 οἱ
1281 2608 1542 2684 μαθηταί,
1588 2608 1876 2686 ἀναγκαῖον

226 2698 425 2771 ᾠήθην
456 2698 547 2754 καὶ
578 2699 746 2761 ἁύτὰς
775 2698 870 2763 τὰς
897 2699 1048 2775 ἱερὰς
1088 2697 1265 2753 αὐτῶν
1311 2696 1537 2769 κλήσεις
1565 2704 1681 2761 τοῖς
1732 2718 1874 2772 παρ-

223 2792 380 2843 οῦσιν
410 2785 641 2858 ἐντάξαι.
694 2793 1002 2865 Κορυφαῖος
1038 2788 1130 2862 μὲν
1179 2786 1270 2843 οὖν
1297 2791 1394 2842 τοῦ
1443 2792 1618 2866 χοροῦ
1669 2786 1875 2862 Πέτρος

220 2876 340 2933 ἔστί
375 2899 388 2912 ο
449 2875 698 2951 δεύτερος
746 2875 1003 2952 Ἀνδρέας
1063 2879 1092 2933 6
1148 2875 1384 2954 ἀδελφὸς
1430 2877 1596 2932 αὐτοῦ
1628 2895 1643 2910 ·
1690 2877 1873 2952 cpt-ro:

220 2963 491 3030 Ἰάκωϐος
523 2968 552 3022 ὁ
588 2970 684 3022 τοῦ
732 2963 1016 3022 Ζεϐεδνίου
1068 2965 1386 3038 ἕπικληθείς
1421 2986 1434 3000 ·
1479 2967 1568 3021 καὶ
1619 2965 1875 3038 Ἰωάννης

226 3059 259 3111 6
311 3054 549 3129 ἀδελφὸς
610 3055 794 3126 αὐτοῦ,
846 3056 874 3110 6
923 3056 1302 3130 ἠγαπημένος,
1350 3056 1614 3129 παρθένος
1659 3076 1717 3111 τε
1764 3051 1877 3130 ἅμα

227 3147 326 3201 καὶ
355 3144 671 3217 ἒπιστηθιος
695 3165 708 3179 ·
742 3146 993 3219 πέμπτος
1039 3144 1318 3209 Φιλιππος
1341 3164 1354 3178 °
1404 3140 1565 3207 ’έκτος
1596 3143 1879 3219 Βαρθολο-

1981 555 2130 624 ejus,
2163 555 2381 612 honore
2415 557 2621 627 quovis
2653 557 2882 628 dignas,
2916 557 3315 619 Constantius,
3349 558 3628 615 Constan-

1983 644 2093 701 tini
2124 647 2314 717 Magni
2350 648 2528 715 ﬁlius,
2580 663 2681 719 per
2711 648 3051 719 Artemium,
3096 649 3413 704 maximum
3464 648 3629 703 illum

1983 739 2318 807 martyrem,
2371 736 2603 804 Thebis,
2667 736 2838 792 sicuti
2889 738 3063 794 etiam
3125 739 3227 809 qui
3276 738 3502 807 primus
3557 738 3630 792 ad

1981 827 2371 895 apostolatum
2405 831 2494 881 est
2522 835 2775 899 vocatus,
2802 827 3068 895 Andrem,
3091 827 3281 883 Patris
3304 843 3371 884 ex
3390 826 3627 895 Achaia,

1980 918 2037 969 et
2081 913 2280 970 itidem
2330 915 2619 971 Timothei
2674 915 2914 987 apostoli
2965 931 3033 972 ex
3082 916 3227 972 Asia:
3275 916 3523 988 Epheso,
3571 916 3630 971 in

1980 1005 2379 1073 cognominem
2433 1005 2579 1077 patri
2630 1022 2734 1063 suo
2785 1007 2986 1061 urbem
3035 1006 3369 1075 translatas,
3401 1005 3623 1077 templo

1981 1093 2197 1150 sanctis
2246 1095 2527 1166 apostolis
2584 1112 2748 1152 sacro
2797 1094 3274 1179 intulit».JVerum
3316 1096 3387 1150 de
3416 1094 3631 1151 divinis

1980 1182 2191 1240 Christi
2251 1184 2554 1256 discipulis
2608 1185 2729 1240 haec
2779 1185 2934 1241 dicta
2982 1184 3300 1241 sufﬁciant.
3348 1187 3413 1240 In
3462 1183 3630 1240 tertio

1981 1272 2139 1328 enim
2170 1273 2378 1329 deinde
2405 1274 2575 1343 libro,
2604 1273 2675 1330 de
2706 1273 2952 1346 reliquis
2986 1274 3287 1347 apostolis,
3319 1287 3633 1344 eorumque

1981 1362 2442 1431 successoribus,
2491 1368 2546 1419 et
2596 1381 2722 1435 quas
2772 1364 3026 1436 quisque
3079 1380 3280 1420 eorum
3331 1360 3634 1434 reliquerit

1981 1451 2218 1522 scripta,
2249 1451 2551 1508 historiam
2588 1457 2871 1509 texemus.
2924 1454 2986 1508 In
3036 1452 3341 1523 praesentia
3369 1450 3472 1508 illa
3501 1466 3631 1522 per-

1980 1540 2280 1611 sequenda
2342 1541 2602 1608 veniunt,
2658 1541 2899 1612 quinam
2952 1540 3168 1597 fuerint
3214 1540 3430 1597 Christi
3485 1556 3632 1612 apo-

1980 1628 2115 1683 stoli
2149 1647 2162 1684 :
2198 1630 2344 1685 2H
2384 1630 2485 1701 qui
2515 1646 2580 1684 ex
2612 1629 2682 1685 iis
2716 1631 2992 1701 conjuges
3026 1629 3261 1699 fuerint,
3291 1628 3393 1700 qui
3434 1643 3629 1684 rerum

1981 1733 2014 1771 a
2074 1718 2299 1773 Christo
2357 1726 2649 1789 gestarum
2711 1722 3089 1774 monumenta
3159 1717 3467 1785 ediderint,
3531 1717 3630 1789 qui

1982 1806 2156 1861 etiam
2188 1806 2460 1876 epistolas
2492 1824 2504 1860 :
2538 1824 2664 1878 quos
2698 1808 2835 1863 item
2868 1807 3103 1878 scripta,
3150 1811 3216 1861 ut
3257 1805 3634 1877 irrefragabi-

1983 1893 2059 1949 lia
2088 1898 2144 1949 et
2181 1898 2635 1963 testamentaria,
2670 1897 2926 1952 Ecclesia
2949 1895 3266 1966 receperit:
3301 1909 3426 1965 quaa
3455 1895 3631 1950 etiam

1989 1988 2051 2038 ut
2082 1983 2280 2055 spuria
2310 1989 2366 2040 ct
2395 1983 2722 2040 adulterina
2753 1984 3038 2055 rejecerit.

2567 2091 2798 2147 CAPUT
2836 2091 3033 2147 XLIV.

1987 2180 2092 2248 Qui
2121 2180 2233 2235 sint
2265 2179 2553 2236 duodecim
2585 2180 2791 2235 Christi
2820 2180 3082 2251 discipuli
3108 2182 3161 2235 et
3189 2180 3439 2252 apostoli,
3471 2182 3636 2252 atqui

2278 2268 2347 2307 ea:
2377 2256 2455 2308 eis
2483 2252 2905 2308 matrimonium
2933 2253 3329 2307 contraxerint.

2057 2434 2248 2504 Atque
2277 2431 2548 2504 equidem
2581 2433 2886 2488 duodecim
2918 2433 3154 2489 fuerunt
3183 2433 3428 2504 apostoli
3455 2450 3470 2490 :
3502 2450 3633 2507 sep-

1986 2522 2246 2593 tuaginta
2284 2527 2477 2578 autem
2519 2522 2805 2593 discipuli.
2851 2523 2920 2577 Et
2965 2527 3171 2594 praeter
3204 2523 3330 2594 hos,
3364 2525 3631 2581 innume-

1987 2613 2199 2669 rabiles
2228 2613 2347 2669 alii.
2381 2613 2859 2684 Quandoquidem
2901 2629 3035 2669 vero
3067 2613 3260 2683 multi,
3291 2615 3390 2687 qui
3426 2615 3637 2672 fuerint

1987 2702 2281 2773 discipuli,
2310 2703 2600 2773 ignorant,
2632 2703 2959 2759 faciendum
2993 2706 3213 2776 putavi,
3250 2712 3308 2759 ut
3341 2722 3507 2761 sacra
3534 2721 3634 2762 eo-

1986 2809 2119 2848 rum
2160 2793 2397 2847 nomina
2442 2793 2663 2864 scripto
2711 2793 2848 2848 huic
2898 2793 3235 2850 insererem.
3282 2793 3636 2866 Coryphaeus

1987 2881 2185 2953 itaque
2231 2885 2289 2936 et
2336 2881 2607 2954 princeps
2652 2881 2814 2937 chori
2846 2882 2992 2953 ejus,
3026 2886 3114 2937 est
3143 2886 3389 2949 Petrus;
3424 2898 3638 2938 secun-

1987 2970 2121 3037 dus,
2172 2971 2347 3025 frater
2393 2970 2520 3040 ejus
2573 2971 2879 3039 Andreas;
2928 2973 3155 3035 tertius,
3210 2970 3485 3037 Jacobus,
3538 2972 3637 3044 qui

1985 3059 2242 3115 Zebedaai
2275 3066 2361 3114 est
2409 3059 2629 3127 dictus;
2665 3066 2924 3130 quartus,
2971 3061 3223 3115 Joannes
3273 3061 3448 3116 frater
3484 3061 3639 3147 ejus,

1989 3150 2238 3205 dilectus
2268 3147 2388 3217 ille,
2442 3153 2499 3204 et
2546 3148 2732 3220 virgo,
2793 3149 2895 3220 qui
2946 3166 3123 3221 supra
3153 3155 3354 3221 pectus
3382 3149 3642 3219 Magistri

231 3239 439 3310 μαῖος·
498 3239 698 3309 Θωμᾶς
761 3209 1000 3309 ἓέδομος
1035 3253 1050 3269 °
1119 3235 1235 3290 εἶτα
1300 3236 1574 3299 Ματθαῖος
1641 3209 1876 3312 εύαγγε-

1990 3239 2297 3307 rccubuit;
2353 3209 3037 3310 quintusvahilippus;
3071 3209 3288 3307 sextus,
3341 3209 3644 3295 Bartbolo-

228 3323 427 3394 λιστὴς
469 3321 666 3399 ὄγδοος
694 3342 709 3357 ο
751 3321 935 3386 ἔνατος
983 3325 1121 3399 πρὸς
1165 3324 1380 3386 τούτοις
1431 3319 1695 3387 Ἰάκωϐος
1721 3325 1748 3379 6
1778 3328 1876 3379 τοῦ

225 3412 470 3492 Ἀλφαίυ
519 3413 655 3484 υἱὸς,
707 3414 818 3493 οὐχ
860 3414 888 3468 6
937 3411 1302 3489 ἀδελφόθεος*
1356 3410 1575 3475 δέκατος
1625 3410 1875 3476 Ἰούδας·

222 3503 277 3576 ᾧ
308 3500 578 3565 Θαδδαῖός
607 3522 667 3558 τε
693 3502 785 3558 καὶ
833 3498 1065 3565 Λεϐαἶος
1096 3502 1162 3572 ἦν
1193 3501 1375 3579 ἕτερον
1423 3499 1601 3576 ὄνομα
1625 3522 1639 3536 ⁸
1671 3504 1731 3567 ’ὸς
1762 3504 1878 3566 υἱὸς

227 3593 329 3667 μὲν
390 3591 684 3668 ἐτύγχανεν
736 3587 811 3647 ὥν
862 3596 958 3648 τοῦ
1012 3594 1319 3668 μνήστορος
1369 3594 1594 3671 Ἰωσὴφ,
1645 3590 1879 3666 ἀδελφὸς

224 3680 289 3738 δὲ
339 3676 628 3751 Ἰακώϐου,
677 3681 738 3745 ’ὸς
785 3679 1113 3758 ἀδελφὸθεος
1163 3681 1558 3755 ἐπωνόμαστο·
1607 3678 1881 3742 ἑνδέκατος

224 3772 321 3827 ἐπὶ
349 3770 567 3831 τούτοις
599 3768 788 3843 Σίμνω
821 3770 850 3825 6
881 3769 1149 3843 Ζηλωτής
1175 3789 1188 3805 ·
1220 3773 1313 3826 καὶ
1354 3768 1655 3832 δωδέκατος
1688 3772 1718 3825 6
1746 3790 1880 3843 προ-

224 3860 401 3932 δότης
462 3858 674 3923 Ἰούδας
708 3880 722 3894 ⁸
782 3861 846 3915 οὗ
902 3865 972 3936 τῇ
1023 3860 1303 3933 ἀπληστίᾳ
1348 3868 1450 3931 τῆς
1479 3860 1881 3938 ,φιλαργυρίας

224 3948 641 4026 διαβραγέντος,
712 3948 951 4012 Ματθίας
1025 3952 1117 4005 τὸν
1190 3947 1495 4006 δωδέκατον
1566 3948 1884 4024 ἐπλήρωσεν

224 4038 486 4114 ἀριθμόν.
539 4038 703 4094 Οὗτοι
760 4039 857 4111 μὲν
889 4037 982 4093 οῦν
1034 4039 1085 4093 οἱ
1133 4043 1253 4100 ταῖς
1304 4036 1593 4108 ἀληθείαις
1641 4040 1884 4111 Χριστοῦ

230 4127 497 4202 μαθηταί.
528 4131 585 4182 '0
642 4129 828 4202 μέντοι
873 4128 1114 4199 Παῦλος,
1142 4128 1207 4183 τὸ
1237 4131 1424 4189 σκεῦος
1476 4134 1577 4197 τῆς
1623 4124 1883 4202 ἐκλογῆς,

226 4217 359 4276 οὔτε
406 4222 526 4280 τοῖς
580 4214 792 4273 δώδεκα
843 4216 1307 4293 συγκατείλεκται,
1362 4214 1486 4272 οὔτε
1527 4217 1634 4290 μὴν
1676 4214 1728 4271 ἐν
1768 4220 1886 4279 τοῖς

226 4304 624 4381 ἑϐδομήκοντα
656 4327 671 4341 ³
722 4305 848 4363 ἀλλ’
892 4305 944 4362 ἐν
994 4308 1155 4361 πᾶσίν
1207 4306 1319 4362 ἐστι
1363 4307 1454 4361 καὶ
1512 4307 1619 4380 πρὸ
1665 4305 1881 4360 πάντων

227 4396 327 4454 καί
370 4398 503 4470 μετᾶ
544 4396 776 4466 πάντων,
828 4394 1017 4470 οἷάπερ
1063 4394 1351 4468 οὐρανόθεν
1398 4392 1650 4466 κληθεὶς,
1702 4391 1884 4473 διαφε-

233 4484 446 4563 ρόντως
490 4486 622 4561 ὑπὲρ
672 4486 905 4550 ἅπαντας
950 4488 1029 4557 τῷ
1077 4484 1204 4558 θείῳ
1256 4480 1581 4562 Εὔαγγελίῳ
1628 4503 1880 4553 πεπονη-

1993 3345 2218 3399 masus;
2277 3327 2555 3395 Thomas,
2617 3328 2954 3398 septimus;
3016 3328 3226 3383 deinde
3283 3328 3647 3399 evangelista

1989 3417 2315 3487 Matthasus,
2364 3419 2638 3484 octavus;
2674 3432 2861 3471 nonus
2911 3420 3041 3486 post
3090 3415 3218 3483 hos,
3258 3415 3515 3471 Jacobus
3546 3415 3646 3471 Al-

1988 3506 2135 3577 phaci
2169 3506 2365 3572 Filius,
2388 3521 2503 3560 non
2540 3503 2688 3560 alter
2717 3504 2813 3559 ille
2840 3505 3019 3559 frater
3049 3503 3276 3560 Domini
3302 3521 3316 3570 ;
3350 3504 3634 3570 decimus,

1991 3595 2197 3664 Judas,
2227 3595 2323 3665 qui
2375 3595 2513 3649 item
2568 3593 2918 3661 Thaddreus,
2952 3599 3123 3663 atque
3153 3592 3329 3648 etiam
3364 3591 3640 3648 Lebbaeus

1993 3689 2081 3741 est
2111 3684 2298 3738 dictus
2333 3700 2346 3738 :
2394 3683 2443 3738 is
2483 3680 2642 3737 ﬁlius
2687 3682 2921 3754 quidem
2963 3683 3073 3736 fuit
3125 3682 3365 3754 Josephi
3415 3684 3639 3755 sponsi,

1998 3775 2171 3830 frater
2200 3779 2392 3828 autem
2426 3772 2620 3827 Jacobi
2653 3788 2821 3843 quem
2872 3772 3107 3827 fratrem
3142 3772 3239 3827 Dei
3272 3772 3501 3841 dixere;
3533 3789 3643 3828 un-

1993 3862 2253 3918 decimus
2286 3862 2519 3928 horum,
2553 3860 2752 3916 Simon
2784 3859 3005 3916 Zelotes
3033 3878 3048 3930 ;
3083 3861 3486 3928 duodecimus,
3519 3876 3648 3932 pro-

1993 3952 2143 4006 ditor
2172 3951 2348 4006 ludas
2381 3966 2395 4004 :
2430 3951 2529 4020 qui
2572 3965 2705 4003 cum
2759 3948 3088 4020 inexplebili
3129 3949 3385 4006 avaritia
3420 3949 3649 4022 cupidi-

1993 4046 2109 4098 tate
2164 4041 2511 4112 crepuisset,
2570 4038 2844 4094 Matthiae
2916 4039 3342 4095 duodenarium
3399 4037 3649 4112 explevit

1995 4144 2323 4186 numerum.
2358 4128 2423 4184 Et
2460 4126 2499 4182 ii
2529 4127 2770 4197 quidem
2805 4130 2945 4182 sunt
2975 4143 3177 4183 revera
3213 4126 3429 4184 Christi
3462 4126 3647 4183 disci-

1992 4218 2135 4290 puli.
2169 4217 2386 4274 Paulus
2414 4230 2568 4285 vero,
2601 4214 2901 4271 electionis
2940 4232 3062 4277 vas.
3096 4231 3286 4288 neque
3317 4217 3470 4272 inter
3498 4217 3647 4272 duo-

1995 4308 2207 4375 decim,
2260 4322 2450 4378 neque
2499 4306 2649 4361 inter
2695 4305 3066 4376 septuaginta
3115 4312 3497 4363 recensetur:
3543 4306 3645 4362 sed

1995 4398 2058 4453 in’
2085 4395 2356 4452 omnibus
2411 4394 2460 4450 is
2508 4397 2617 4463 est,
2667 4397 2725 4450 et
2772 4400 2906 4449 ante
2958 4410 3184 4466 omnes,
3217 4403 3434 4451 etcum
3467 4394 3649 4451 omni-

1997 4488 2158 4552 bus;
2213 4485 2425 4556 quippe
2484 4483 2585 4555 qui
2644 4482 2872 4539 coelitus
2920 4492 3157 4540 vocatus
3206 4483 3302 4552 sit,
3351 4488 3410 4539 et
3469 4500 3648 4554 supra

228 4577 374 4638 κώς.
406 4578 499 4630 Ἐκ
532 4576 628 4649 μὲν
676 4573 885 4630 τούτων
916 4575 1015 4644 τήν
1063 4571 1321 4649 συζυγίαν
1372 4573 1520 4628 οὗτοι
1551 4570 1879 4642 ἠσπάσαντο,

1994 4591 2195 4633 omnes
2226 4573 2515 4646 praecipue
2564 4572 2759 4628 divino
2807 4572 3119 4644 Evangelia
3163 4571 3536 4643 propagando
3565 4569 3646 4624 la-

228 4663 314 4729 ὥς
368 4685 501 4744 ιρησι
560 4661 797 4737 Κλήμης
856 4664 884 4718 6
930 4666 1278 4739 στρῶματεὺς
1325 4661 1376 4717 ἐν
1435 4666 1513 4735 τῷ
1559 4660 1730 4738 τρίτῳ
1777 4664 1884 4718 τῶν

226 4754 451 4831 λόγων,
499 4753 592 4816 οὓς
627 4758 1062 4828 Στρωματεῖς
1105 4750 1388 4831 ἐπιγράφει
1412 4769 1427 4786 ο
1479 4751 1616 4808 κατᾶ
1644 4752 1750 4828 γὰρ
1777 4755 1885 4807 τῶν

224 4840 574 4899 ἀθετούντων
603 4843 731 4904 τοὺς
758 4842 971 4919 γάμους
1005 4840 1156 4916 μάλα
1205 4842 1525 4922 φερόμενος,
1577 4841 1720 4897 οὕτω
1749 4842 1886 4897 κατᾶ

226 4932 387 5005 λέξιν
441 4934 533 4989 καὶ
581 4932 708 4990 τάδε
748 4931 993 5005 διέξεισιν
1017 4956 1030 4970 ο
1069 4957 1096 4989 ι(
1129 4935 1199 4991 Ἤ
1249 4933 1399 4989 οὗτοί
1426 4938 1477 5008 γ’
1508 4936 1567 4989 ἀν
1616 4933 1708 4989 καὶ
1754 4932 1885 4995 τοὺς

222 5021 583 5086 ἀποστόλους
656 5022 1179 5100 ἀποδοκιμάσουσι;
1230 5025 1434 5101 Πέτρος
1505 5024 1598 5098 μὲν
1647 5024 1749 5100 γὰρ
1797 5022 1889 5077 καὶ

226 5112 525 5175 Φίλιππος
557 5110 1053 5185 ἐπαιδοποιήσαντο
1080 5131 1093 5145 ·
1131 5114 1413 5176 Φίλιππος
1445 5110 1502 5167 δὲ
1548 5111 1639 5167 καὶ
1668 5113 1765 5176 τὰς
1791 5113 1891 5167 θυ-

223 5202 472 5279 γατέρας
528 5199 779 5279 ἀνδράσιν
858 5201 1101 5276 ἔξέδωκε.
1166 5205 1267 5260 Καὶ
1324 5202 1355 5257 6'
1397 5223 1459 5278 γε
1516 5202 1734 5263 Παῦλος
1794 5199 1892 5255 ούκ

222 5292 393 5347 ὀκνεῖ
420 5286 472 5345 ἔν
519 5312 627 5347 τινι
674 5290 941 5367 ἐπιστολῇ
989 5294 1088 5363 τὴν
1136 5291 1302 5347 αὐτοῦ
1350 5291 1575 5368 σύζυγον
1617 5310 1893 5367 προσαγο-

221 5385 449 5459 ρεῦσαι,
481 5380 548 5451 ἣν
579 5381 641 5437 ού
691 5384 1046 5457 περιεκόμιζε
1077 5379 1165 5437 διὰ
1211 5382 1275 5436 τὸ
1314 5388 1414 5451 τῆς
1460 5380 1756 5457 ὑπηρεσίας
1805 5379 1893 5434 εύ-

218 5470 458 5534 σταλές.
494 5496 523 5526 »
574 5472 707 5547 Περὶ
759 5473 944 5547 μέντοι
993 5475 1091 5528 τοῦ
1143 5471 1289 5528 θείου
1339 5471 1547 5548 Πέτρου
1594 5470 1685 5526 καί
1733 5469 1786 5526 ἐν
1815 5473 1894 5542 τῷ

222 5560 470 5635 ἑϐδόμῳ
526 5569 837 5639 στρωμανεῖ
890 5563 982 5620 τὸν
1054 5561 1318 5637 μακάριόν
1371 5583 1502 5640 φησι
1560 5564 1753 5618 τοῦτον
1795 5560 1895 5630 τὴν

225 5655 479 5709 σεαυτοῦ
517 5656 746 5728 γυναῖκα
794 5653 1124 5730 θεασάμενον
1156 5651 1508 5732 ἀπαγομένην
1539 5652 1637 5722 τήν
1666 5650 1754 5706 ἐπὶ
1795 5648 1893 5705 θά-

1995 4665 2307 4722 boraverit.
2340 4665 2421 4718 Ex
2455 4661 2545 4720 his
2580 4662 2917 4733 conjugium
2950 4664 3084 4716 sunt
3113 4658 3386 4732 amplexi,
3421 4664 3482 4712 ut
3512 4656 3650 4728 qui-

1998 4756 2130 4810 dem
2188 4754 2454 4811 Clemens
2510 4755 2832 4819 contextor,
2892 4750 2951 4805 in
3010 4749 3184 4805 tertio
3245 4747 3389 4803 libro
3446 4761 3650 4803 eorum

1994 4844 2555 4902 Commentariorum
2594 4858 2741 4913 quos
2792 4841 3146 4913 Στρωματεῖς
3190 4836 3508 4908 inscripsit,
3539 4841 3654 4892 tra-

1998 4934 2079 4989 dit
2113 4949 2127 4989 :
2161 4934 2217 4989 in
2252 4940 2680 5004 oppugnatores
2730 4944 2985 5000 namque
3034 4925 3292 4997 conjugii
3333 4924 3525 4982 acrius
3556 4924 3649 4980 in-

1995 5023 2230 5092 vehens,
2268 5022 2354 5079 sic
2399 5021 2592 5077 verbis
2642 5018 2803 5074 hisce
2852 5017 3033 5072 utitur
3066 5031 3079 5070 :
3112 5036 3142 5065 ‹‹
3175 5016 3256 5071 An
3288 5014 3385 5070 isti
3419 5014 3651 5069 tandem

1997 5110 2289 5183 apostolos
2332 5125 2566 5181 quoque
2625 5105 2934 5177 rejicient?
2985 5105 3187 5160 Petrus
3244 5103 3536 5175 siquidem
3596 5108 3685 5181 et,

1999 5200 2304 5272 Philippus
2343 5198 2541 5254 liberis
2573 5193 2840 5252 creandis
2887 5208 3121 5265 operam
3174 5191 3482 5250 dederunt.
3514 5189 3656 5245 Phi-

2001 5290 2192 5360 lippus
2224 5304 2394 5359 porro
2420 5285 2571 5341 ﬁlias
2598 5284 2767 5340 etiam
2793 5299 2935 5339 suas
2966 5281 3108 5338 viris
3130 5283 3189 5337 in
3216 5278 3655 5337 matrimonium

2001 5378 2234 5436 locavit.
2295 5376 2513 5433 Paulus
2574 5389 2809 5446 quoque
2855 5389 2971 5429 non
3022 5379 3254 5428 veretur
3298 5370 3358 5427 in
3416 5368 3659 5441 epistola

2002 5469 2255 5540 quadam
2307 5481 2638 5538 comparem
2680 5479 2847 5520 suam
2880 5460 3226 5519 salutatione
3256 5457 3607 5530 compellare
3638 5473 3654 5513 :

2003 5557 2157 5615 212
2191 5573 2366 5629 quam
2396 5555 2627 5629 quidem
2677 5553 2775 5609 ille
2823 5555 3128 5625 propterea
3163 5563 3362 5606 secum
3404 5564 3518 5605 non
3550 5550 3658 5604 eir-

2003 5646 2334 5719 oumduxit,
2363 5648 2432 5702 ut
2460 5641 2692 5702 facilius
2723 5641 2775 5699 ei
2820 5639 3260 5715 expeditiusque
3298 5640 3457 5696 esset
3482 5634 3658 5694 Verbi

3882 5846 4033 5883 καλ
