4016 6206
465 363 584 426 879

1761 359 2185 423 NICEPHORI
2227 359 2579 423 GALLISTI

3751 363 3858 424 880

465 497 876 557 ministerium.
929 517 958 548 »
1007 496 1086 551 De
1133 495 1261 550 divo
1311 511 1450 551 sane
1505 496 1694 558 Petro,
1743 496 1800 550 in
1861 495 2093 566 septimc

2217 513 2400 563 νατον,
2449 493 2684 563 ἡσθῆναι
2735 495 2832 568 μὲν
2881 497 2984 564 τῆς
3035 492 3290 564 κλήσεως
3337 493 3502 569 χάριν
3533 492 3760 563 καὶτῆς
3789 491 3858 548 ἐπ’

467 605 698 661 quoque
741 604 940 644 eorum
991 603 1135 658 quos
1184 587 1460 656 diximus,
1491 585 1659 653 libro,
1701 605 1722 634 ι
1755 587 1968 641 Beatus
2001 587 2108 640 Pe-

465 685 614 745 trus,
646 678 850 747 inquit,
885 693 1020 730 cum
1051 693 1288 732 uxorem
1320 691 1488 732 suam
1521 677 1590 730 ad
1623 679 1868 731 mortem
1897 674 2108 732 abduci

465 768 703 836 videret,
755 765 930 821 simul
979 771 1034 821 et
1080 765 1302 836 ingenti
1363 771 1452 820 est
1507 765 1800 835 voluptate
1847 766 2106 835 allectus,

465 861 592 912 tum
624 857 774 926 quod
809 873 841 911 a
875 861 983 911 Deo
1013 863 1328 924 vocaretur,
1359 858 1482 909 tum
1526 855 1680 925 quod
1713 855 1772 908 in
1805 854 2106 925 proprium

465 945 830 1000 domicilium
887 947 1320 1012 reverteretur;
1381 949 1438 998 et
1494 942 1734 1013 pulchre
1789 942 2106 997 admodum

463 1047 587 1088 eam
619 1031 906 1090 allocutus
957 1039 1129 1104 atque
1171 1032 1506 1089 cohortatus
1537 1035 1643 1098 est,
1677 1047 1742 1085 ac
1773 1031 1844 1086 de
1874 1031 2108 1086 nomine

464 1137 694 1192 quoque
735 1121 820 1177 ita
867 1121 1234 1193 compellavit
1266 1136 1280 1176 :
1313 1119 1648 1186 Memineris,
1680 1135 1714 1175 ο
1741 1135 1886 1186 mea,
1917 1120 2110 1175 Domi-

463 1210 546 1280 ni,
579 1212 813 1266 obsecro.
843 1231 871 1260 ››
908 1211 976 1266 Et
1004 1209 1138 1266 talis
1186 1210 1416 1280 quidem
1465 1211 1769 1264 beatorum
1802 1207 2105 1265 hominum

463 1299 718 1370 conjugii
749 1300 857 1354 fuit
887 1303 1075 1354 status
1111 1316 1126 1354 :
1175 1307 1290 1354 tam
1333 1299 1584 1370 perfecta
1627 1314 1826 1354 eorum
1859 1298 1960 1368 qui
1993 1297 2104 1353 sibi

463 1391 660 1442 essent
683 1387 1185 1444 charissimilinter
1231 1403 1314 1456 se,
1361 1387 1688 1442 animorum
1721 1385 1966 1442 affectio.
1999 1385 2110 1441 Sed

461 1481 519 1531 et
547 1477 895 1548 Polycrates,
951 1477 1212 1532 ecclesiae
1256 1475 1636 1546 Ephesiorum
1673 1474 2002 1546 episcopus,
2036 1477 2105 1532 ad

461 1565 772 1632 Victorem,
807 1565 1130 1622 Romanum
1165 1566 1525 1636 episCOpum,
1569 1563 1852 1632 scribens,
1887 1565 2104 1635 Philip-

463 1655 538 1724 pi,
591 1653 955 1725 ﬁliarumque
1004 1656 1155 1724 ejus,
1219 1659 1390 1724 atque
1441 1653 1682 1710 Joannis
1731 1653 2107 1724 Evangelistaa

461 1745 729 1799 meminit
775 1743 934 1800 hisce
979 1745 1404 1814 quodammodo
1455 1743 1690 1798 verbis:
1735 1765 1764 1794 ‹‹
1798 1743 2018 1798 Etenim
2049 1743 2106 1798 in

459 1833 596 1888 Asia
643 1849 854 1903 magna
901 1833 1279 1902 professionis
1329 1837 1538 1887 nostrae
1588 1831 2006 1904 conquiescunt
2054 1839 2106 1886 et

461 1921 762 1976 dormiunt
791 1919 977 1986 initia,
1007 1937 1131 1990 quas
1165 1921 1543 1976 restituentur
1591 1928 1763 1991 atque
1791 1921 2102 1977 resusciia-

459 2010 682 2064 buntur
712 2009 805 2064 die
835 2013 1092 2065 extremo
1145 2010 1428 2066 adventus
1461 2008 1696 2076 Christi,
1733 2010 1792 2064 in
1825 2025 1940 2080 quo
1969 2025 2104 2066 cum

457 2101 642 2171 gloria
689 2115 719 2154 e
769 2097 907 2154 ccelo
955 2097 1166 2162 veniet,
1217 2101 1274 2153 et
1301 2101 1532 2154 sanctos
1561 2113 1765 2154 omnes
1795 2100 2106 2155 resuscita-

458 2192 561 2249 bit.
615 2187 914 2260 Philippus
977 2187 1264 2256 videlicet,
1335 2203 1402 2244 ex
1461 2188 1769 2244 duodecim
1826 2191 2106 2260 apostolis

457 2297 633 2348 unus,
695 2279 798 2350 qui
847 2277 1140 2348 Hierapoli
1187 2277 1401 2333 dormit
1442 2293 1456 2332 :
1507 2288 1565 2333 et
1606 2279 1733 2333 dum
1781 2279 1918 2334 item
1973 2279 2102 2334 filiae

455 2371 604 2441 ejus,
638 2385 768 2440 quae
799 2367 1054 2438 virgines
1105 2371 1550 2424 consenuerant.
1591 2369 1662 2423 Et
1691 2367 1804 2422 alia
1833 2372 2104 2440 praeterea

455 2459 576 2514 ﬁlia
604 2458 752 2528 ejus,
785 2473 914 2527 qum
963 2457 1022 2510 in
1055 2455 1275 2528 Spiritu
1317 2461 1518 2512 sancto
1549 2457 1674 2512 vitae
1707 2473 1942 2512 rursum
1977 2474 2101 2528 per-

454 2546 591 2619 egit,
637 2545 842 2616 Ephesi
892 2543 1174 2615 quiescit;
1227 2543 1542 2616 itidemque
1589 2545 1845 2600 Joannes
1877 2544 1976 2616 qui
2007 2562 2106 2602 su-

455 2653 558 2704 pra
589 2641 788 2707 pectus
837 2633 1066 2690 Domini
1119 2633 1426 2701 recubuit;
1468 2634 1682 2704 quique
1715 2635 1863 2704 quod
1913 2651 2102 2690 sacro-

457 2742 589 2782 rum
645 2725 890 2780 antistes
938 2727 1112 2790 esset,
1175 2721 1400 2793 insigne
1449 2723 1778 2795 episcopale
1833 2725 2100 2794 gestavit,

456 2814 622 2870 testis
669 2821 722 2868 et
771 2813 970 2868 doctor
1027 2811 1318 2883 egregius.
1377 2811 1586 2881 Ephesi
1645 2811 2010 2869 obdormivit.
2069 2833 2100 2864 »

457 2901 604 2968 Quin
638 2907 694 2957 et
721 2901 910 2970 Caius,
963 2901 1132 2972 cujus
1181 2899 1352 2972 paulo
1405 2905 1536 2956 ante
1577 2901 1976 2969 meminimus,
2008 2902 2099 2957 his

456 2989 664 3048 similia
713 2989 786 3044 ad
835 2989 1102 3046 Proclum
1153 2990 1470 3060 quemdam
1509 2991 1590 3044 ita
1619 2990 1822 3044 scribit
1857 3007 1870 3044 :
1906 3011 1932 3042 α
1967 2992 2102 3046 Post

454 3080 612 3135 hunc
657 3078 1031 3149 prophetissa:
1071 3083 1338 3149 quatuor,
1391 3076 1642 3148 Philippi
1691 3077 1844 3146 ﬁliai,
1895 3079 2100 3135 Hiera-

454 3167 572 3240 poli
627 3169 686 3223 in
733 3167 866 3222 Asia
915 3167 1073 3222 fuere
1121 3182 1136 3222 :
1189 3166 1286 3220 ubi
1335 3181 1535 3221 earum
1583 3166 1878 3237 patrisque
1916 3168 2092 3224 etiam

452 3263 541 3314 est
570 3258 922 3330 sepulcrum.
955 3277 984 3307 »
1035 3256 1382 3312 Mentionem
1432 3256 1627 3312 itidem
1677 3257 1735 3312 in
1766 3257 1926 3313 Actis
1957 3275 2088 3330 apo-

451 3347 676 3404 stolicis
723 3349 890 3402 divus
945 3347 1132 3402 Lucas
1173 3347 1306 3402 facit
1353 3345 1593 3402 alterius
1643 3346 1917 3418 Philippi,
1975 3365 2090 3404 non

450 3436 720 3508 apostoli,
753 3436 1028 3502 filiarum,
1075 3439 1136 3490 ut
1183 3433 1502 3506 prophetici
1551 3434 1662 3490 illas
1695 3436 1938 3506 spiritus
1965 3454 2092 3508 gra-

447 3527 527 3582 tia
569 3525 788 3582 fuerint
836 3526 1252 3592 condecoratas,
1300 3539 1436 3579 cum
1465 3525 1736 3580 Caesareas
1783 3523 2090 3582 Palestinae

445 3615 636 3674 adhuc
667 3631 801 3671 cum
835 3617 994 3685 patre
1050 3630 1157 3670 suo
1205 3618 1416 3681 essent,
1469 3612 1527 3668 in
1573 3612 1694 3670 haec
1737 3615 1909 3670 verba
1939 3616 2090 3670 scri-

443 3703 588 3760 bens
641 3719 656 3760 :
717 3703 971 3758 Venimus
1019 3701 1346 3768 Caesaream,
1387 3709 1437 3758 et
1485 3703 1722 3772 ingressi
1761 3702 1825 3757 in
1869 3703 2090 3760 domum

441 3791 694 3865 Philippi
739 3790 1104 3863 evangelista,
1157 3793 1323 3846 unius
1371 3807 1446 3846 ea:
1487 3797 1713 3861 septem,
1763 3792 1911 3862 apud
1964 3809 2088 3848 eum

439 3885 742 3938 mansimus
779 3898 802 3938 :
844 3885 896 3937 ei
938 3884 1094 3936 erant
1151 3881 1289 3951 ﬁlia:
1334 3889 1565 3951 quatuor
1605 3881 1988 3952 prophetautes
2019 3881 2084 3938 ³⁸.

441 3972 640 4028 Multis
670 3975 886 4042 autem,
919 3973 1118 4042 eisque
1151 3971 1382 4042 magnis
1415 3971 1566 4042 apud
1618 3987 1723 4028 nos
1771 3971 1931 4037 viris,
1969 3988 2082 4028 non

437 4061 667 4116 videtur
697 4060 908 4116 Paulus
957 4061 1264 4130 conjugem
1297 4059 1572 4115 habuisse
1607 4077 1620 4114 :
1654 4060 1830 4131 idque
1859 4077 1928 4116 ex
1953 4075 2080 4116 ver-

2217 585 2368 636 οἰκον
2419 579 2757 656 ἀνακομιδῆς
2787 603 2804 620 ο
2857 583 3196 663 ἐπιφωνῆσαι
3247 581 3294 637 δ’
3325 579 3382 637 εὖ
3437 581 3588 656 μάλα
3637 603 3860 657 προτρε-

2215 675 2424 734 πτικῶς
2455 671 2544 726 καὶ
2593 673 3017 746 παρακλητικῶς
3049 673 3098 742 ἐξ
3149 672 3420 746 ὀνόματος
3451 671 3820 746 προσειπόντα
3843 691 3855 706 ·

2221 765 2637 837 Μεμνησο,ὧ
2669 763 3005 835 αὕτη,τοιῖ
3039 763 3596 838 Κυρίου.Τοιοῦτος
3617 765 3684 832 ἦν
3713 765 3742 818 ὁ
3766 769 3854 818 τῶν

2221 855 2499 928 μακαρίων
2551 853 2748 930 γάμος,
2799 856 2890 910 καὶ
2919 857 2952 924 ἡ
2987 859 3094 910 τῶν
3143 853 3417 932 φιλτάτων
3459 853 3644 909 τελεία
3693 851 3856 908 διαθε-

2218 963 2320 1006 σις.
2379 941 2556 999 Ἀλλά
2603 945 2694 998 καὶ
2745 943 3127 1017 Πολυκράτης,
3174 949 3278 1012 τῆς
3305 941 3357 998 ἐν
3399 943 3614 1016 Ἐφέσῳ
3647 939 3705 997 δὲ
3737 962 3854 1016 παρ.

2219 1031 2392 1094 οικίας
2417 1030 2712 1095 ἐπισκοπος
2745 1034 2834 1102 ἦν.
2869 1033 3147 1107 Οὖῒκτωρι
3197 1033 3418 1108 γράφων
3451 1035 3534 1103 τῷ
3577 1031 3852 1106 Ῥωμαίων

2217 1119 2521 1193 ἐπισκόπῳ,
2554 1125 2652 1178 τοῦ
2683 1142 2742 1176 τε
2773 1119 3066 1177 Φιλίππου
3101 1126 3398 1194 μὲμνηιαι,
3427 1119 3520 1174 καὶ
3549 1125 3660 1174 τῶν
3705 1121 3854 1194 θυγα-

2215 1211 2384 1283 τέρων
2435 1209 2623 1282 αὐτοῦ,
2681 1209 2771 1264 καὶ
2837 1209 3083 1266 Ἰωάννου
3138 1213 3235 1264 τοῦ
3283 1206 3718 1284 Εὗαγγελιστοῦ,
3765 1207 3850 1262 ὦδέ

2217 1319 2334 1360 πως
2393 1297 2572 1373 λέγων
2605 1316 2619 1330 ·
2681 1323 2708 1350 ‹‹
2763 1297 2862 1352 Καὶ
2915 1299 3019 1372 γὰρ
3069 1299 3205 1352 κατά
3259 1298 3359 1365 τήν
3415 1297 3600 1352 Ἀνίαν
3653 1295 3849 1372 μεγάλα

2219 1393 2464 1462 στοιχεῖα
2519 1389 2868 1461 κεκοίμηται,
2927 1385 3076 1442 ἅτινα
3123 1386 3478 1457 ἀναστήσεται
3529 1391 3601 1460 τῇ
3649 1384 3844 1460 ἐσχάτῃ

2217 1476 2399 1549 ἡμέρᾳ
2449 1483 2550 1545 τῆς
2615 1477 2918 1551 παρουσίας
2971 1479 3068 1529 τοῦ
3125 1478 3391 1548 Χριστοῦ,
3439 1473 3493 1530 ἐν
3639 1471 3846 1552 ἔρχεται

2221 1565 2354 1636 μετά
2395 1562 2558 1636 δόξης
2607 1565 2654 1634 ἐξ
2707 1564 2962 1638 οὐρανοῦ,
3005 1563 3094 1618 καὶ
3139 1563 3464 1634 ἀναζήτησει
3503 1563 3710 1624 πάντας
3743 1563 3846 1624 τοὺς

2215 1653 2402 1728 ἁγίους
2425 1671 2437 1686 °
2473 1653 2754 1710 Φίλιππον
2795 1657 2904 1708 τῶν
2955 1649 3164 1708 δώδεκα
3195 1651 3517 1707 ἀποστόλων
3545 1650 3661 1722 ἕνα,
3693 1653 3756 1714 ὃς
3779 1672 3846 1707 κε-

2215 1743 2475 1816 κοίμηται
2537 1743 2590 1798 ἐν
2646 1741 2974 1817 Ἱεραπόλει,
3029 1743 3122 1797 καὶ
3179 1739 3276 1796 δύο
3347 1743 3640 1818 θυγατέρες
3701 1743 3844 1798 αὖτοῦ

2141 1869 2186 1934 Β
2217 1838 2572 1907 γεγηρακυὶαι
2628 1833 2904 1934 παρθένοι.
2939 1831 3055 1934 ἱΚαὶ
3111 1831 3148 1900 ἡ
3200 1831 3354 1906 ἑτέρα
3383 1831 3570 1934 ἀὑτοῦ
3617 1831 3842 1934 θυγάτηρ

2221 1921 2272 1975 ἐν
2333 1921 2470 1994 ἁγίῳ
2531 1919 2801 1993 Πνεύματι
2859 1919 3320 1994 πολιτευσαμένη,
3379 1919 3430 1974 ἐν
3481 1921 3696 1996 Ἐνξὲσῳ
3741 1920 3842 1974 ἀνα-

2215 2010 2464 2066 παύεται.
2519 2011 2638 2064 Ἔτι
2691 2005 2748 2064 δὲ
2793 2010 2884 2064 καὶ
2929 2011 3180 2080 Ἰωάννης
3211 2011 3238 2065 ὁ
3269 2008 3357 2064 ἐπὶ
3405 2009 3470 2063 τὸ
3515 2010 3718 2078 στῆθος
3759 2011 3838 2063 τοῦ

2217 2097 2414 2171 Κυρίου
2465 2097 2766 2168 ἀναπεσὼν,
2815 2099 2876 2158 ’ὀς
2921 2095 3154 2174 ἐγενήθη
3204 2095 3378 2172 ἱερεὺς
3415 2097 3480 2152 τὸ
3509 2097 3742 2152 πέταλον
3769 2117 3840 2151 πε-

2215 2187 2478 2262 φορεκὼς.
2547 2187 2640 2241 καὶ
2703 2189 2934 2262 μάρτῦς,
2999 2188 3090 2242 καὶ
3161 2183 3512 2256 διδάσκαλος,
3581 2187 3736 2249 οὗτος
3793 2185 3838 2241 ἐν

2216 2275 2422 2350 Ἐφέσῳ
2479 2275 2826 2347 κεκοίμηται.
2877 2297 2908 2328 »
2967 2273 3145 2330 ’Δλλά
3197 2276 3284 2328 καὶ
3345 2273 3506 2337 Γάϊος
3553 2277 3620 2330 οὗ
3681 2279 3838 2349 μικρῷ

2213 2364 2442 2434 πρόσθεν
2496 2363 2680 2438 μνείαν
2733 2363 3125 2438 ἐποιησάμεθα,
3193 2362 3406 2436 συνῳδὰ
3467 2369 3594 2426 τοῖς
3641 2361 3836 2440 εἰρημέι

2211 2474 2326 2514 νοις
2358 2453 2493 2528 πρός
2520 2475 2638 2508 τινα
2683 2453 2932 2530 Πρόκλον
2987 2451 3130 2507 οὕτω
3179 2453 3350 2529 φησί·
3403 2477 3432 2505 ι(
3467 2455 3614 2508 Μετὰ
3651 2455 3834 2508 τούτων

2211 2541 2548 2620 προφήτιδες
2595 2545 2849 2616 τεσσαρες
2878 2543 2933 2596 αἱ
2968 2541 3252 2598 Φιλίππου
3299 2543 3614 2616 γεγένηνται
3675 2543 3725 2596 ἐν
3751 2544 3834 2598 Ἱε-

2213 2632 2440 2706 ραπόλει
2481 2635 2550 2706 τῇ
2596 2633 2734 2687 κατά
2781 2634 2882 2701 τὴν
2927 2631 3132 2688 Ἀσίαν.
3165 2635 3226 2688 Ὁ
3272 2631 3440 2705 τάφος
3489 2631 3668 2687 αὐτῶν
3711 2633 3831 2687 ἐστιν

2211 2721 2322 2776 ἐκεῖ
2377 2721 2467 2776 καὶ
2523 2725 2620 2776 τοῦ
2677 2722 2881 2795 πατρὸς
2939 2720 3140 2780 αὐτῶν.
3193 2743 3220 2772 ››
3269 2723 3618 2794 Μνημονεύει
3669 2721 3830 2794 μέντοι

2207 2811 2298 2866 καὶ
2339 2811 2367 2864 ὁ
2399 2812 2543 2872 θεῖος
2585 2814 2794 2872 Λουκᾶς
2845 2807 2896 2863 ἒν
2945 2813 3065 2870 ταῖς
3111 2809 3334 2884 Πράξεσι
3383 2809 3473 2864 καὶ
3521 2813 3622 2864 to?»
3669 2811 3830 2883 ὲτέρου

2210 2899 2513 2968 Φιλίπποο,
2549 2898 2610 2953 οὗ
2639 2903 2736 2953 τοῦ
2767 2895 3100 2967 ἀποστόλου,
3127 2903 3235 2953 τῶν
3268 2898 3602 2974 θυγατέρων,
3643 2903 3716 2961 ὼς
3743 2897 3829 2952 κά-

2208 2993 2378 3044 κεῖναι
2433 2988 2776 3064 προφητικοῦ
2833 2987 3174 3062 χαρίσματος
3218 2988 3552 3060 ἠξιώθησαν,
3600 2989 3654 3043 ἐν
3707 2995 3826 3044 Και-

2207 3077 2390 3150 σαρείᾳ
2423 3077 2500 3150 τῷ
2529 3079 2655 3133 τότε
2699 3085 2798 3147 τῆς
2849 3076 3215 3147 Παλαιστίνης
3247 3079 3362 3150 ἅμα
3391 3081 3472 3149 τῷ
3499 3081 3664 3152 πατρί
3713 3075 3828 3132 δια·

2201 3161 2504 3242 τρίϐουσαι,
2537 3167 2672 3220 κατὰ
2705 3165 2845 3238 λέξιν
2875 3163 3018 3220 οὕτω
3049 3165 3304 3240 φάσκων·
3353 3164 3694 3240 *Ηλθομεν
3741 3166 3828 3228 εἰς

2205 3257 2634 3332 Καισάρειαν,
2666 3257 2778 3310 γαὶ
2811 3253 3226 3318 εἰσελθόντες
3255 3256 3350 3315 εἰς
3380 3256 3488 3310 τὸν
3517 3257 3702 3311 οἷκον
3731 3263 3830 3312 Φιι

2205 3344 2369 3400 λίππ
2390 3367 2460 3400 ου
2487 3349 2600 3400 τοῦ
2637 3343 3123 3419 εὐαγγελιστοῦ
3155 3339 3342 3405 ὄντος
3367 3342 3434 3398 ἐκ
3461 3349 3592 3400 τῶν
3641 3344 3826 3412 ἑπτά,

2203 3433 2558 3508 ἐμείναμεν
2593 3435 2746 3508 παρ’
2777 3433 2983 3506 αὓτῷ.
3013 3431 3236 3506 Τούτῳ
3283 3431 3354 3488 δὲ
3401 3436 3561 3502 ἦσαν
3603 3433 3826 3508 παρθέ-

2201 3545 2298 3578 νοι
2334 3523 2692 3600 θυγατέρες
2725 3523 3311 3598 προφητεύουσαι,
3341 3529 3466 3585 Τοις
3511 3523 3740 3584 πολλοῖς
3773 3521 3824 3576 δὲ

2199 3613 2287 3668 καὶ
2315 3611 2580 3686 ὲκκρίτοις
2609 3617 2716 3668 τῶν
2745 3614 2861 3668 καθ’
2893 3615 3040 3686 ἡμᾶς
3072 3611 3132 3666 οὐ
3151 3609 3302 3666 δοκεῖ
3333 3611 3546 3667 Παῦλον
3571 3613 3822 3684 ὁμιλῆσαι

2182 3703 2380 3778 Ἰγάμῳ,
2411 3700 2482 3775 {si}
2525 3723 2602 3774 τῳ
2648 3701 3124 3777 τεκμηριώσασθαι
3173 3705 3290 3762 τοῖς
3337 3698 3547 3756 ἐκείνου
3599 3703 3822 3775 ῥήμασιν

2198 3789 2418 3862 ἔξεστιν,
2445 3789 2495 3844 ἓν
2525 3792 2614 3851 οἷς
2657 3797 2780 3865 περί
2824 3789 3114 3863 παρθενίας
3153 3787 3464 3869 φιλοσοφεῖ,
3505 3788 3818 3857 νΗθελον,

2197 3879 2438 3956 λέγων,
2495 3881 2666 3936 εἶναι
2715 3881 2964 3942 πάντας
3007 3881 3093 3942 ὡς
3133 3879 3345 3954 κάγώ.
3401 3879 3472 3935 Τὸ
3505 3876 3582 3946 δὲ,
3615 3881 3822 3948 Χαῖ,ἐ

2197 3971 2448 4042 μοικαὶ
2481 3971 2583 4033 σὺ,
2619 3967 2882 4045 σύζυγε,
2919 3967 2980 4022 οὐ
3008 3971 3075 4041 τῇ
3101 3967 3336 4043 γυναικὶ,
3369 3965 3498 4022 ἀλλ’
3527 3967 3678 4042 ἀνδρί
3725 3989 3818 4022 τινι

2195 4058 2336 4114 οὕτω
2365 4079 2482 4121 πως
2513 4056 2837 4131 καλουμένῳ
2869 4055 3001 4119 ἴσως
3031 4057 3247 4136 γράφει.

437 4149 526 4204 bis
580 4151 728 4218 ejus,
789 4151 1000 4219 quibus
1055 4149 1446 4219 virginitatem
1505 4153 1562 4204 et
1619 4148 1950 4206 ccelibatum
1997 4151 2388 4218 commendat,
2439 4149 2746 4221 colligunt,
2801 4164 2934 4205 cum
2989 4149 3187 4205 dicit:
3233 4149 3536 4205 Pervellem
3581 4149 3818 4222 equidem

435 4253 619 4293 omnes
650 4253 778 4306 esse,
811 4245 870 4293 ut
897 4253 992 4308 ego
1021 4255 1142 4294 sum
1163 4237 1228 4292 ³ο.
1259 4239 1406 4292 Illud
1443 4253 1582 4304 vero,
1617 4239 1774 4294 Salve
1819 4239 1969 4294 mihi
2009 4247 2064 4295 et
2115 4250 2174 4297 ιιι
2203 4257 2422 4312 compar
2442 4241 2510 4310 ⁴ο,
2545 4257 2658 4296 non
2691 4239 2944 4308 mulieri,
2993 4239 3096 4296 sed
3127 4239 3248 4296 viro
3286 4240 3564 4311 cuipiam,
3597 4241 3678 4296 ita
3705 4241 3814 4294 for-

438 4337 591 4385 tasse
619 4329 942 4394 nominato,
973 4329 1192 4384 dictum
1226 4331 1453 4400 putant.

940 4418 1092 4474 213
1133 4417 1360 4473 CAPUT
1399 4417 1568 4473 XLV.

433 4507 543 4575 Qui
571 4523 641 4562 ex
665 4505 937 4578 apostolis
985 4508 1420 4563 testamentarios
1461 4510 1573 4564 sive
1618 4513 1908 4567 canonicos
1945 4511 2076 4566 reli-

498 4580 720 4651 querint
771 4579 986 4634 libros:
1032 4583 1083 4634 et
1130 4579 1195 4634 de
1235 4581 1593 4635 sacrosanctis
1621 4591 1858 4652 quatuor
1891 4583 2076 4638 Evan-

497 4652 684 4724 geliis,
705 4665 775 4724 ea;
795 4652 989 4724 quibus
1015 4653 1194 4706 causis
1222 4652 1334 4724 sint
1351 4653 1581 4722 scripta,
1605 4659 1776 4724 atque
1805 4653 1868 4708 de
1888 4670 2076 4710 eorum

497 4723 706 4797 ordine.
759 4723 892 4778 Item
941 4723 1006 4778 de
1053 4723 1421 4797 apostolorum
1470 4725 1632 4797 A_ctis,
1679 4724 2076 4797 catholicisque

395 4795 408 4806 ’
495 4799 550 4850 et
577 4795 710 4851 aliis
739 4804 1066 4850 sanctorum
1095 4795 1458 4867 apostolorum
1487 4795 1762 4866 Epistolis.

499 4957 814 5028 Hucusque
849 4958 918 5012 de
949 4957 1252 5013 duodecim
1284 4955 1676 5028 apostolorum
1710 4957 2068 5026 nominibus,

426 5050 484 5101 et
513 5046 614 5116 qui
645 5045 797 5102 inter
825 5061 920 5102 eos
963 5045 1158 5102 mariti
1203 5047 1384 5116 fuere,
1417 5045 1694 5101 diximus.
1731 5047 1806 5102 De
1835 5046 1908 5102 iis
1941 5063 2072 5104 vero

423 5135 525 5206 qui
578 5135 796 5206 scripta
847 5139 976 5206 post
1018 5151 1079 5190 se
1128 5135 1512 5206 reliquerunt,
1565 5151 1688 5206 qua
1729 5135 1986 5207 legitima
2013 5139 2072 5192 et

423 5223 858 5280 testamentaria
925 5224 1231 5294 habentur,
1302 5229 1358 5281 et
1431 5225 1502 5280 de
1575 5225 1756 5281 sacris
1823 5229 2073 5296 quatuor

423 5313 770 5386 Evangeliis,
805 5329 872 5370 ac
919 5314 1131 5369 divinis
1171 5314 1566 5384 apostolorum
1601 5315 1780 5382 Actis,
1811 5319 1937 5371 tum
1969 5331 2070 5372 au-

419 5407 534 5458 tem
566 5405 636 5458 de
667 5401 938 5474 Epistolis
987 5403 1312 5474 catholicis,
1361 5403 1534 5460 simul
1581 5408 1636 5460 et
1667 5405 1798 5461 aliis
1829 5405 2069 5477 insuper

413 5493 474 5544 et
505 5491 574 5546 de
605 5493 806 5548 ordine
857 5508 1072 5560 earum,
1123 5497 1292 5564 atque
1337 5495 1510 5550 etiam
1551 5509 1678 5566 quas
1719 5492 1977 5550 Ecclesia
2007 5497 2068 5551 ut

488 5675 534 5712 ³⁸
563 5681 686 5738 Aet.
717 5699 837 5754 xxx,
869 5682 924 5738 8.
1002 5679 1050 5716 3°
1079 5683 1104 5738 Ι
1133 5682 1260 5742 Cor.
1295 5698 1399 5754 vn,
1427 5683 1486 5739 7.
1561 5680 1610 5718 ⁴⁰
1641 5679 1892 5753 Philipp.
1923 5695 2002 5754 ιν,
2032 5681 2086 5740 3.

2795 4427 3052 4478 ΚΕΦΑΛ.
3097 4423 3230 4478 ΜΕ’.

2184 4508 2370 4584 Τί-νες
2399 4513 2522 4564 τῶν
2556 4509 2950 4584 ἀποστόλων
2983 4507 3089 4584 ξνδ
3113 4505 3623 4584 ιάθηκαβιϐλία
3653 4508 3823 4584 κατέ-

2256 4579 2490 4656 λιπογνς
2526 4581 2633 4636 καὶ
2665 4583 2817 4656 περὶ
2844 4585 2975 4656 τῷν
2999 4581 3196 4656 ἱερῷν
3227 4579 3568 4656 κα-ὶάγίων
3595 4583 3820 4656 τεττάο

2256 4672 2380 4728 ρων
2415 4652 2876 4730 Εὐαγγελίων,
2909 4653 2982 4730 ἔκ
3030 4652 3486 4730 πόίαςῌαίτὶας
3533 4652 3822 4730 Hei-input-

2256 4675 2380 4728 ρων
2417 4675 2876 4729 ωυαγγελιων,
2909 4675 2982 4709 εκ
3030 4675 3228 4715 ποιας
3261 4675 3485 4716 αιτιας
3533 4675 3598 4730 εγ
3661 4675 3820 4730 agar,-

2255 4725 2526 4800 aatv,_xui
2557 4726 2865 4800 nspirﬁc
2904 4723 3115 4800 0161:th
3163 4725 3440 4800 τάξεως,
3471 4723 3568 4800 ξτι
3613 4675 3686 4781 ἐξ
3723 4723 3820 4800 ne}

2253 4795 2408 4869 περὶ
2441 4801 2569 4851 τῶν
2603 4793 2908 4869 Πράξειυν
2933 4839 2946 4865 ,
2981 4796 3092 4850 καὶ
3137 4793 3270 4869 τῶν
3303 4793 3692 4852 καθόλικῶν
3719 4793 3816 4850 καὶ

2253 4866 2504 4942 ἑτέρων
2531 4866 2956 4924 Ἐπιστολῶν
2991 4871 3116 4922 τῶν
3147 4866 3350 4943 ἁγίων
3389 4869 3818 4924 ἀποστόλων.

2251 4956 2320 5011 Al.
2365 4957 2460 5028 μὲν
2504 4956 2594 5010 οὖν
2645 4960 2753 5012 τῶν
2805 4953 3015 5011 δώδεκα
3063 4955 3389 5012 ἀποστόλων
3439 4957 3688 5028 κλήσεις,
3735 4955 3818 5010 καὶ
3921 5023 3923 5034 Ι

2182 5043 2296 5098 ὅσοι
2329 5042 2381 5098 ἒν
2427 5045 2704 5119 συζυγίαις
2748 5043 2937 5100 οὗτοι⁶
2994 5046 3110 5100 ὅσοι
3157 5067 3218 5122 γε
3273 5049 3383 5120 μὴν
3433 5065 3818 5123 συγγραμματα

2179 5133 2640 5198 καταλελοιπὸτες
2681 5135 2832 5204 είσὶν,
2866 5136 2899 5190 ’ὰ
2929 5135 3020 5190 καὶ
3069 5137 3144 5199 ὡς
3193 5135 3488 5208 ἒνδιαθηκα
3529 5138 3818 5210 κατελέγη-

2181 5245 2296 5294 σαν,
2330 5223 2406 5280 ἔτι
2439 5221 2496 5278 δέ
2525 5223 2615 5278 καὶ
2647 5225 2771 5300 περὶ
2800 5229 2908 5279 τῶν
2938 5225 3098 5298 ἰερῶν
3129 5225 3402 5300 τεσσάρων
3445 5225 3814 5304 Εὖαγγελίων,

2180 5319 2286 5369 τῶν
2318 5333 2377 5368 τε
2405 5312 2560 5368 θείων
2595 5314 2844 5387 Πράξεων
2877 5313 3285 5384 ἀποστολικῶν,
3317 5316 3410 5371 καὶ
3439 5317 3546 5372 τῶν
3573 5317 3816 5372 Ἐπιστο-

2179 5402 2288 5458 λῶν
2321 5407 2428 5458 τῶν
2469 5424 2528 5458 τε
2577 5401 2886 5458 καθολικῶν
2935 5403 3026 5458 καὶ
3064 5403 3169 5458 τῶν
3217 5402 3431 5476 ἄλλων,
3481 5407 3568 5461 καί
3613 5413 3714 5478 τῆς
3741 5401 3816 5460 αὖ·

2175 5495 2284 5548 τῶν
2313 5491 2537 5566 τάξεως,
2571 5493 2693 5562 ἑξῆς
2729 5492 2802 5562 ,ἄν
2841 5491 2922 5564 ε’ίη
2981 5491 3210 5564 δηλοῦν.
3262 5493 3362 5550 ὅσα
3389 5515 3448 5550 τε
3477 5497 3610 5550 νόθα
3641 5495 3728 5550 καὶ
3755 5497 3812 5566 τῇ
