4016 6206
248 401 367 464 881

1269 401 1898 471 ΕΟΒΕΕΞΙΑΞΤΙΟΕ
1939 395 2331 461 HISTORIIE
2372 396 2520 458 LIB.
2567 395 2644 457 ῙῙ.

3540 393 3663 459 882

246 535 552 606 Ἐκκλησία
611 534 922 608 ἀπόϐλητα.
957 540 1053 595 Καὶ
1114 544 1332 616 πρῶτον
1388 545 1514 617 περὶ
1562 547 1672 598 τῶν
1733 544 1892 596 θεῖων

2011 535 2194 592 notha
2233 541 2286 589 et
2343 532 2648 603 illegitima
2696 533 3106 604 repudiaverit,
3151 532 3442 604 reliquum
3471 536 3560 590 est
3598 537 3663 589 ut

251 647 354 698 μοι
400 625 758 700 Εὐαγγελίων
816 627 1152 702 ἱστορητέον.
1202 632 1596 706 Ὑπομνήματα
1656 631 1750 695 μὲν
1805 630 1898 685 οὖν

249 719 360 769 τῶν
408 720 506 770 τοῦ
559 717 760 791 Κυρίου
811 714 1102 793 διατριϐῶν
1147 716 1241 775 δύο
1296 722 1490 793 μόνους
1531 726 1640 776 τῶν
1693 719 1902 776 δώδεκα

245 804 414 878 ’ίσμεν
465 807 964 881 συγγραψαμένους,
998 810 1276 865 Ματθαῖον
1321 810 1412 865 καὶ
1455 810 1712 882 Ἰωάννην
1745 828 1759 842 ·
1810 811 1899 865 καὶ

249 892 309 947 ἐκ
336 898 448 948 τῶν
477 896 523 948 ο’
555 893 651 949 δύο
690 895 926 969 ἑτέρους,
957 898 1176 970 Μάρκον
1226 897 1316 953 καὶ
1356 904 1592 957 Λουκᾶν.
1625 899 1721 954 Καὶ
1770 901 1900 954 πάν-

247 1004 346 1044 τας
397 981 456 1038 δε
506 981 577 1038 δι’
621 983 856 1059 ἀνάγκης
916 985 1132 1061 κατέχει
1190 985 1356 1061 λόγος
1411 989 1495 1044 ἐπὶ
1553 988 1617 1044 τὸ
1673 991 1898 1064 γράφειν

249 1071 454 1128 ἐλθεῖν.
489 1070 694 1128 Αὒτίκα
738 1073 840 1148 γάρ
871 1079 1087 1149 πρῶτος
1129 1078 1404 1140 Ματθαῖος
1447 1079 1474 1133 6
1524 1078 1584 1132 ἐκ
1609 1078 1896 1149 τελωνίου,

246 1159 533 1237 Ἑϐραίοις
598 1163 690 1218 τὸν
768 1167 1038 1238 σωτήριον
1107 1165 1270 1241 λόγον
1346 1168 1606 1243 κηρύξας,
1678 1168 1896 1238 ἐπείπερ

248 1253 504 1327 ἀπαίρειν
546 1253 628 1326 ἐφ’
658 1250 812 1327 ’ἔτερα
858 1258 966 1309 τῶν
998 1255 1164 1310 ἐθνῶν
1215 1254 1305 1311 διὰ
1344 1256 1585 1327 σπουδῆς
1630 1258 1767 1333 εἶχε,
1793 1279 1898 1314 πα·-

243 1341 384 1415 τρίῳ
443 1340 668 1415 γλώττῃ
727 1343 789 1396 τὸ
851 1344 970 1398 κατ’
1026 1343 1183 1399 αὐτὸν
1244 1344 1576 1422 Εύαγγέλιον
1640 1347 1773 1420 μετά
1834 1349 1899 1402 ιε’

246 1427 343 1500 ἔτη
378 1437 481 1501 τῆς
530 1435 767 1506 Χριστοῦ
815 1431 1142 1508 ἀναλήψεως
1189 1435 1628 1507 καταλελοιπὼς,
1677 1439 1740 1493 τὸ
1780 1436 1896 1493 λεῖ-

247 1539 354 1572 πον
401 1524 506 1586 τῆς
556 1519 725 1574 αὐτοῦ
766 1519 1062 1594 παρουσίας
1106 1519 1195 1577 διὰ
1236 1529 1335 1592 τῆς
1385 1531 1599 1600 γραφῆς
1648 1522 1896 1596 ἀπεπλή-

247 1629 368 1681 ρου.
404 1605 601 1682 Χρόνῳ
631 1605 687 1664 δὲ
734 1607 935 1681 πολλῷ
965 1609 1180 1686 ὕστερον
1226 1611 1449 1686 Μάρκου
1495 1635 1552 1670 τε
1592 1614 1682 1670 καί
1715 1618 1896 1670 Λουκᾶ

246 1697 354 1754 ὕπὸ
389 1699 577 1772 Πέτρῳ
605 1701 706 1768 τήν
753 1700 870 1755 κατ’
901 1699 1096 1762 αὐτοὺς
1142 1706 1252 1758 τῶν
1296 1703 1642 1780 Εὐαγγελίων
1683 1698 1894 1760 ἔκδοσιν

245 1787 620 1857 ποιησάντων,
680 1788 939 1859 Ἰωάννην
996 1789 1258 1868 πρότερον
1320 1792 1547 1870 ἀγράφῳ
1604 1795 1893 1873 χρώμενον

245 1881 326 1949 τῷ
376 1877 715 1952 κηρύγματι,
763 1880 897 1951 μετά
946 1877 999 1935 λ’
1041 1880 1131 1935 καὶ
1182 1883 1227 1944 ς’
1255 1876 1347 1953 ἔτη
1396 1888 1496 1952 τῆς
1546 1884 1624 1946 εἷς
1673 1883 1896 1958 οὐρανὸν

247 1964 445 2022 ἀνόδου
479 1971 733 2041 Χριστοῦ,
767 1968 991 2025 ὕστατον
1023 1971 1237 2026 πάντων
1271 1970 1444 2050 λόγος
1473 1973 1562 2028 καὶ
1613 1974 1773 2029 αὐτὸν
1808 1973 1897 2030 ἐπὶ

245 2055 309 2110 τὸ
368 2057 602 2132 γράφειν
662 2055 859 2125 ἐλθεῖν,
914 2059 1117 2129 ταύτην
1174 2060 1349 2114 αἰτίαν
1399 2057 1848 2135 προϐεϐλημένον
1879 2081 1892 2096 ⁸

246 2147 357 2198 τῶν
390 2148 562 2218 τριῶν
589 2143 985 2220 εὖαγγελιστῶν
1015 2149 1082 2201 τά
1130 2149 1542 2223 συγγράμματα,
1575 2155 1734 2206 πᾶσιν
1782 2149 1892 2223 ἤδη

248 2229 608 2306 ἐκδεκομὲνα,
641 2232 757 2288 ἐπεὶ
806 2234 895 2290 καὶ
929 2234 1007 2297 εἷς
1055 2241 1248 2313 χεῖρας
1278 2242 1448 2294 ταῦτα
1496 2241 1629 2307 ἧκον
1659 2243 1741 2311 τῷ
1788 2241 1898 2296 Ἰω-

247 2321 406 2395 άννῃ,
441 2318 731 2397 ἀποδοχῆς
767 2323 860 2395 μὲν
904 2323 1041 2378 αύτά
1087 2323 1309 2394 πολλῆς
1359 2326 1605 2398 ἀξιῶσαι,
1637 2329 1726 2382 καὶ
1765 2329 1898 2398 ἀλή-

250 2411 396 2463 Θειαν
427 2409 617 2472 αὐτοῖς
669 2410 1155 2486 ἐπιμαρτυρῆσαι·
1209 2411 1374 2469 ἐνδεῖν
1404 2435 1462 2489 γε
1514 2416 1621 2488 μὴν
1673 2412 1894 2492 ἔφασκεν

248 2499 340 2552 ἅτε
387 2496 456 2568 δὴ
506 2504 627 2563 ταῖς
675 2505 909 2578 γραφαῖς
959 2498 1262 2557 λειπόντων
1317 2508 1498 2574 τινῶν,
1551 2506 1649 2560 ὅσα
1703 2526 1763 2582 γε
1818 2509 1898 2577 τῷ

251 2588 479 2661 Σωτῆρι
507 2586 561 2642 ἐν
590 2593 708 2651 τοῖς
753 2591 997 2665 πρώτοις
1035 2595 1132 2645 τοῦ
1175 2592 1529 2668 κηρύγματος
1571 2594 1895 2668 πέπρακται.

248 2677 350 2730 Καὶ
397 2677 501 2752 γὰρ
550 2677 641 2732 καὶ
691 2679 742 2732 οἱ
789 2685 934 2752 τρεῖς
997 2679 1136 2752 μόνα
1181 2683 1249 2735 τά
1301 2682 1435 2754 μετά
1480 2683 1580 2752 τὴν
1629 2684 1898 2756 κάθειρξιν

249 2762 302 2818 ἐν
335 2765 414 2836 τῷ
469 2762 836 2839 δεσμωτηρίῳ
864 2771 960 2821 τοῦ
1011 2769 1262 2825 Ἰωάννου
1290 2768 1371 2845 ἐφ’
1403 2771 1479 2824 ἐνὶ
1526 2769 1630 2825 ἔτει
1663 2775 1742 2843 τῷ
1781 2778 1898 2826 Σω-

243 2857 374 2927 τῆρι
407 2857 769 2930 πεπραγμένα
818 2858 1192 2936 συγγράφουσι
1227 2877 1240 2891 ο
1276 2861 1364 2913 καί
1412 2860 1462 2934 γ’
1507 2859 1558 2914 ἐν
1607 2866 1726 2922 ταῖς
1762 2881 1893 2916 κατ-

243 2949 449 3018 ἀρχαῖς
506 2949 614 2998 τῶν
675 2941 906 3020 βιϐλίων
965 2948 1113 3001 τοῦτ’
1163 2947 1634 3020 ἐπισημαίνονται.
1686 2951 1747 3008 Ὁ
1797 2952 1893 3023 μὲν

246 3032 355 3108 γάρ
416 3034 688 3096 Ματθαῖος
749 3034 904 3096 εὐθὺς
965 3037 1100 3109 μετά
1157 3038 1255 3106 τὴν
1319 3041 1890 3114 τεσσαρακονθήμερον

242 3121 500 3191 νηστείαν
547 3122 636 3176 καὶ
679 3122 770 3178 τὸν
812 3121 900 3178 ἐπὶ
954 3122 1122 3198 ταύτῃ
1182 3127 1484 3199 πειρασμὸν
1542 3131 1640 3181 τοῦ
1689 3127 1892 3204 χρόνου

240 3218 346 3279 τῆς
381 3209 525 3273 ἰδίας
554 3210 864 3287 ἀναγραφῆς
892 3213 1140 3288 ἄρχεται.
1176 3213 1496 3279 Ἀκούσας
1526 3218 1670 3293 γὰρ,
1702 3217 1888 3294 φησὶν,

244 3301 272 3354 6
305 3299 568 3369 Ἰησοῦς
598 3299 696 3354 ὅτι
730 3301 1042 3372 Ἰωάννης
1067 3301 1429 3376 παρεδόθη,
1463 3305 1886 3380 ἀνεχώρησεν

241 3387 373 3442 ἀπὸ
401 3395 526 3457 τῆς
559 3387 883 3452 Ἰουδαίας
915 3391 1146 3460 εἰςτην
1181 3391 1658 3451 Γαλιλαίαν.Τά
1680 3394 1726 3449 δ’
1757 3395 1892 3450 αὐτὰ

241 3478 337 3532 καὶ
372 3479 808 3552 Μάρκος.Μετά
837 3477 903 3534 δὲ
931 3478 1387 3557 παραδοθῆναι
1419 3483 1529 3538 τὸν
1561 3484 1889 3555 Ἰωάννην,

245 3565 455 3639 λέγων,
487 3565 688 3634 ἦλθεν
732 3568 989 3638 Ἰησοῦς
1020 3569 1113 3629 εἰς
1143 3571 1260 3640 τήν
1292 3569 1678 3630 Γαλιλαίαν.
1710 3580 1888 3649 Παρα-

245 3653 509 3724 πλησίως
553 3653 611 3710 δὲ
652 3655 741 3711 καὶ
789 3663 1000 3719 Λουκᾶς
1049 3659 1176 3731 πρὶν
1225 3658 1258 3727 ἢ
1318 3664 1427 3714 τῶν
1483 3662 1617 3716 κατὰ
1665 3663 1892 3736 Χριστὸν

247 3741 510 3816 ἄρξασθαι
571 3747 831 3820 πράξεων,
887 3747 953 3801 τά
1009 3748 1130 3823 περὶ
1188 3748 1440 3805 Ἰωάννου
1496 3753 1586 3804 καὶ
1642 3750 1892 3826 Ἡρώδου

249 3832 568 3905 διεξελθὼν,
613 3835 704 3890 καὶ
762 3836 837 3898 ὡς
889 3836 1202 3893 κατέκλεισε
1257 3839 1348 3893 τὸν
1404 3840 1658 3910 Ἰωάννην
1715 3839 1766 3895 ἐν
1825 3844 1892 3915 τῇ

248 3926 502 4005 φυλακῇ,
545 3923 730 3981 ἔπειτα
779 3927 874 3988 τὰς
919 3931 1018 3980 τοῦ
1075 3932 1309 4002 Χριστοῦ
1367 3929 1586 4003 πράξεις
1632 3929 1893 4000 ἐκτίθησι.

246 4017 546 4073 Κάντεῦθεν
603 4017 695 4070 τὸν
753 4015 1060 4072 ἀπόστολον
1127 4018 1380 4088 Ἰωάννην
1458 4018 1894 4091 παρακληθέντα,

243 4110 343 4164 τὸν
377 4108 517 4178 πρὸς
543 4109 643 4170 τῆς
689 4106 1008 4180 κὰθείρξεως
1053 4107 1306 4164 Ἰωάννου
1339 4109 1560 4182 χρόνον,
1591 4110 1682 4163 καὶ
1725 4109 1793 4163 τά
1844 4108 1894 4163 ἐν

245 4197 404 4266 αὐτῷ
459 4198 539 4265 τῷ
596 4201 812 4268 Σωτῆρι
891 4192 1338 4270 διαπεπραγμένα
1407 4201 1486 4268 τῷ
1558 4198 1673 4252 κατ’
1740 4196 1899 4252 αὐτὸν

247 4282 572 4360 Εὖαγγελίῳ
620 4285 968 4356 συντάξασθαι
1002 4303 1016 4318 ο
1064 4286 1152 4339 καὶ
1199 4289 1360 4340 τοῦτο
1410 4282 1682 4362 διαφόρως
1715 4271 1902 4356 ἐπιση-

247 4373 691 4450 μήνασθαι,ποτέ
712 4375 805 4444 μὲν
829 4372 1304 4447 λέγοντα,Ταύτη
1322 4395 1348 4428 ν
1380 4373 1453 4447 ἂρ
1470 4377 1594 4448 χην
1628 4375 1902 4445 ἐποίησε

240 4471 380 4520 τῶν
435 4459 831 4536 παραδόξων
893 4463 921 4516 6
981 4463 1280 4532 Ἰησοῦς·
1342 4463 1546 4518 ἄλλοτε
1593 4461 1670 4534 δὲ,
1710 4465 1901 4538 μεταξὺ

241 4559 362 4610 τῶν
415 4552 596 4621 Ἰησοῦ
647 4551 889 4625 πράξεων
935 4553 1156 4624 μνήμην
1201 4555 1297 4606 τοῦ
1355 4558 1660 4608 Βαπτιστοῦ
1705 4554 1907 4609 ποιού-

243 4663 438 4716 μενον,
485 4639 672 4696 πολλά
727 4641 851 4714 περὶ
911 4639 1085 4694 αὐτῶν
1140 4638 1552 4716 διεξέρχεσθαι·

238 4733 505 4786 τούτου
540 4729 987 4802 βαπτίζοντος
1018 4728 1079 4784 ἒν
1106 4729 1314 4787 Αἰνὼν
1355 4733 1432 4804 τῇ
1475 4729 1669 4785 πόλει
1709 4731 1902 4806 ἐγγὺς

242 4824 376 4877 τοῦ
410 4817 697 4891 Σαλείμ’
729 4821 816 4880 οἷς
848 4817 894 4872 δ’
925 4817 1162 4894 ἐπιφέρει
1194 4820 1283 4874 καὶ
1312 4819 1398 4889 τὸ,
1429 4820 1618 4874 Οῦπω
1664 4821 1782 4896 γὰρ
1832 4821 1907 4889 ἦν

242 4910 577 4978 Ἰωάννης
613 4903 1038 4983 βεϐλημένος
1069 4907 1163 4970 εἷς
1195 4907 1517 4986 φυλακὴν,
1547 4910 1694 4963 τοῦτ’
1721 4905 1912 4982 ἀριδή-

241 4999 374 5062 λὼς
429 4998 782 5073 παρίστησιν.
818 4996 1070 5066 Εὔδηλον
1128 4999 1242 5064 οὗν,
1295 4998 1369 5062 ὡς
1425 4999 1453 5052 ὁ
1513 4999 1607 5071 μὲν
1657 4998 1910 5066 Ἰωάννης

243 5091 319 5144 τά
387 5088 494 5162 πρὸ
548 5093 648 5156 τῆς
723 5086 1043 5160 καθείρξεως
1101 5087 1267 5143 αὐτοῦ
1340 5090 1408 5160 τῇ
1485 5087 1649 5143 αὐτοῦ
1724 5091 1908 5166 γραφῇ

243 5173 663 5252 παραδίδωσιν,
693 5178 744 5231 οἱ
777 5174 835 5231 δε
867 5175 1055 5232 λοιποὶ
1085 5182 1231 5250 τρεῖς
1263 5178 1329 5232 τὰ
1383 5177 1518 5251 μετά
1545 5179 1643 5245 τήν
1694 5178 1910 5250 κάθειρ-

245 5272 355 5340 ξιν.
416 5267 709 5322 Κᾶντεῦθεν
763 5270 882 5329 τοῖς
938 5287 1002 5340 γε
1057 5261 1298 5339 ἀκριϐῶς
1357 5266 1731 5322 ἐπιστατοῦσιν
1782 5263 1911 5321 οὐδὲ

244 5354 553 5434 διαφωνεῖν
598 5352 658 5408 ἃν
720 5355 772 5409 οὶ
821 5353 1197 5431 εὐαγγελισταὶ
1257 5353 1482 5427 δόξαιεν,
1531 5354 1583 5410 εἶ’
1629 5375 1692 5428 γε
1739 5356 1766 5408 ὁ
1817 5356 1910 5425 μὶν

240 5448 317 5501 τὰ
407 5447 601 5519 πρῶτα
665 5448 763 5500 τοῦ
838 5448 1072 5520 Χριστοῦ
1144 5441 1460 5519 περιέλαϐέ,
1515 5445 1606 5499 καὶ
1681 5443 1779 5499 ὅσα
1851 5463 1912 5518 γε

2013 623 2362 681 scribamus.
2397 624 2476 676 Ac
2511 622 2763 692 primum
2797 622 3035 692 quidem
3067 622 3138 677 de
3169 622 3384 678 divinis
3417 622 3659 694 Evange-

2011 713 2106 769 liis
2135 715 2224 768 est
2269 712 2604 766 dicendum.
2659 713 2855 781 Itaque
2904 711 2975 766 de
3026 711 3198 766 rebus
3249 711 3564 768 Servstoris
3603 717 3659 767 et

2015 801 2242 857 Domini
2293 800 2472 856 nostri
2521 799 2670 855 duos
2728 815 2796 855 ex
2848 799 3154 855 duodecim
3213 800 3494 870 apostolis
3543 803 3660 855 tau-

2009 897 2136 949 tum
2185 893 2492 949 historiam
2545 891 2849 962 scripsisse
2902 891 3142 957 scimus,
3205 891 3541 946 Mattheum
3603 898 3657 947 et

2006 982 2314 1049 Joannem,
2339 985 2394 1036 et
2423 998 2491 1037 ex
2524 980 2895 1052 septuaginta
2927 978 3041 1035 illis
3072 979 3273 1035 itidem
3307 981 3474 1046 duos,
3504 979 3654 1035 Mar-

2009 1087 2140 1128 cum
2171 1076 2228 1126 et
2260 1071 2492 1126 Lucam.
2529 1070 2742 1126 Omnes
2779 1073 2972 1124 autem
3005 1068 3101 1123 isti
3134 1068 3479 1125 necessitate
3509 1086 3651 1139 qua-

2007 1161 2144 1217 dam
2183 1160 2256 1216 ad
2288 1160 2662 1215 scribendum
2702 1157 2933 1213 adducti
2965 1173 3095 1212 esse
3124 1156 3409 1213 videntur.
3444 1158 3653 1214 Statim

2006 1249 2162 1306 enim
2196 1249 2423 1320 primus
2455 1247 2763 1304 Matthaaus
2801 1245 3169 1317 publicanus,
3204 1245 3459 1301 Hehrmis
3489 1245 3655 1300 salu-

2004 1340 2172 1397 tifero
2231 1339 2415 1396 Verbo
2469 1338 2802 1410 praedicata,
2863 1335 3340 1408 quandoquidem
3415 1334 3524 1390 alio
3585 1335 3654 1390 ad

2005 1433 2210 1501 gentes
2243 1428 2323 1484 ire
2353 1428 2703 1493 maturabat,
2757 1441 3024 1482 sermone
3065 1425 3252 1496 patrio
3285 1423 3652 1495 Evangelium

2005 1535 2204 1583 suum,
2235 1517 2448 1589 elapsis
2481 1515 2816 1589 quindecim
2848 1519 2980 1585 post
3008 1513 3216 1570 Christi
3258 1512 3652 1569 ascensionem

2003 1609 2194 1675 annis,
2229 1607 2495 1678 scripsit:
2524 1613 2700 1677 atque
2727 1606 2783 1660 id
2815 1607 2899 1661 eis
2933 1604 3295 1677 relinquens,
3326 1603 3648 1659 absentiam

2003 1713 2169 1753 suam
2229 1697 2517 1768 profectus
2596 1695 2808 1764 scripto
2889 1693 3157 1764 praesenti
3231 1691 3650 1763 compensavit.

2002 1790 2195 1856 Longo
2255 1785 2465 1841 deinde
2522 1785 2910 1840 intercedente
2971 1787 3247 1854 tempore,
3306 1781 3538 1836 Marcus
3595 1783 3652 1836 et

2007 1875 2193 1930 Lucas
2225 1873 2534 1946 Evangelia
2561 1890 2689 1941 sua,
2718 1875 2885 1943 jussu
2917 1873 3070 1928 Petri
3103 1875 3161 1926 et
3189 1869 3376 1938 Pauli,
3417 1885 3656 1940 compo-

2005 1967 2270 2020 suerunt.
2297 1966 2552 2019 Joannes
2597 1967 2793 2018 autem
2825 1962 2926 2032 (1),
2958 1961 3056 2031 qui
3089 1959 3248 2030 prius
3282 1957 3407 2014 sine
3439 1958 3653 2030 scripto

2007 2056 2250 2113 verbum
2285 2055 2747 2125 deprmdicasset,
2797 2057 2928 2123 post
2972 2050 3212 2122 triginta
3243 2065 3342 2105 sex
3371 2066 3404 2105 a
3436 2049 3654 2104 Christi

2005 2145 2341 2202 ascensione
2373 2160 2580 2212 annos,
2625 2146 2959 2214 postremus
3000 2140 3264 2196 omnium
3297 2137 3550 2194 creditur
3580 2138 3651 2193 ad

2007 2234 2377 2291 scribendum
2427 2233 2818 2293 descendisse,
2869 2230 2970 2286 tali
3018 2230 3070 2285 ei
3102 2228 3344 2300 praebita
3391 2243 3566 2283 causa
3595 2230 3652 2282 et

2006 2323 2328 2381 occasione.
2383 2321 2584 2377 Trium
2643 2321 2902 2391 priorum
2969 2317 3460 2390 evangelistarum
3521 2315 3651 2371 libri

2007 2413 2226 2485 passim
2269 2412 2394 2482 jam
2447 2409 2724 2481 publicati
2775 2411 2958 2464 erant.
3009 2407 3118 2471 Qui
3147 2422 3283 2460 cum
3315 2405 3375 2460 in
3404 2405 3650 2461 Joannis

2006 2517 2228 2572 quoque
2261 2515 2469 2556 manus
2500 2497 2918 2570 pervenissent,
2969 2495 3327 2566 recipiendos
3377 2510 3476 2550 eos
3524 2509 3654 2549 esse

2006 2589 2251 2655 censuit,
2287 2587 2459 2643 fidem
2492 2586 2610 2642 illis
2658 2585 2917 2642 veritatis
2947 2585 3258 2640 attestatus
3293 2598 3307 2638 :
3340 2582 3640 2638 desiderar

2006 2681 2202 2733 tamen
2248 2677 2307 2731 in
2357 2679 2440 2732 eis
2485 2675 2747 2745 quaedam
2798 2673 2964 2742 dixit,
3011 2688 3139 2743 quae
3193 2672 3457 2726 Servator
3486 2670 3654 2726 initio

2006 2765 2433 2838 praedicationis
2482 2764 2780 2836 gessisset.
2829 2761 3057 2818 Etenim
3105 2764 3224 2816 tres
3271 2759 3356 2814 illi
3399 2773 3492 2814 res
3519 2763 3653 2815 tan-

2005 2856 2304 2912 tammodo
2349 2854 2564 2910 Christi
2615 2852 2791 2909 unius
2843 2852 3004 2920 anni,
3053 2868 3085 2906 a
3130 2848 3382 2908 vinculis
3409 2848 3650 2904 Joannis

2004 2945 2211 3011 exorsi,
2244 2946 2679 3014 prosequuntur
2711 2957 2725 2996 :
2761 2941 2820 2996 id
2854 2940 3007 3011 quod
3039 2939 3098 2994 in
3131 2936 3434 3008 principiis
3460 2937 3648 3008 scrip-

2004 3040 2200 3089 torum
2245 3049 2490 3089 suorum
2539 3032 2822 3087 indicant.
2855 3030 3152 3101 Siquidem
3184 3027 3490 3084 Mattheus
3521 3032 3650 3098 post

2004 3123 2333 3195 expositum
2382 3119 2886 3192 quadragesimale
2926 3118 3242 3188 jejunium,
3291 3123 3346 3172 et
3401 3133 3528 3187 quae
3588 3116 3646 3171 id

2002 3217 2317 3269 consecuta
2367 3215 2456 3267 est
2501 3210 2903 3276 tentationem,
2951 3208 3023 3264 ab
3081 3224 3148 3263 eo
3206 3214 3462 3276 tempore
3508 3205 3645 3260 scri-

2003 3310 2164 3373 ptum
2185 3317 2356 3356 suum
2387 3299 2548 3356 texit.
2580 3299 2670 3355 2|
2689 3297 2736 3352 4
2770 3297 3012 3353 Audiens
3041 3297 3210 3361 enim,
3231 3295 3447 3366 inquit,
3474 3296 3644 3362 Iesus,

1998 3390 2142 3464 quod
2188 3391 2422 3447 Joannes
2462 3387 2696 3443 traditus
2744 3391 2899 3452 esset,
2949 3401 3196 3441 reversus
3243 3388 3316 3439 est
3356 3400 3425 3438 ex
3448 3382 3647 3439 Judaea

1997 3483 2056 3536 in
2113 3480 2417 3535 Galilzam.
2477 3475 2870 3533 Consimiliter
2932 3478 2989 3530 et
3061 3474 3289 3528 Marcus
3348 3471 3639 3542 scripsit:

1999 3570 2292 3638 Postquam
2339 3572 2523 3622 autem
2569 3563 2804 3619 traditus
2852 3566 2989 3618 esset
3023 3567 3285 3629 Joannes,
3316 3560 3464 3615 venit
3491 3561 3644 3614 Jesus

1999 3656 2058 3709 in
2102 3654 2406 3709 Galilaeam.
2457 3650 2659 3705 Itidem
2710 3665 2878 3718 porro
2929 3652 2984 3703 et
3032 3648 3237 3713 Lucas,
3296 3646 3644 3716 priusquam

2002 3759 2094 3798 res
2146 3741 2358 3796 Christi
2388 3755 2622 3794 narrare
2654 3737 2878 3808 incipit,
2929 3737 3002 3792 de
3046 3737 3266 3791 Joanne
3309 3738 3366 3790 et
3395 3734 3642 3800 Herode,

2004 3829 2291 3903 quomodo
2323 3829 2373 3884 is
2401 3827 2566 3882 illum
2606 3827 2666 3880 in
2701 3840 2991 3881 carcerem
3024 3823 3355 3895 coniecerit,
3387 3839 3645 3879 comme-

2005 3927 2212 3988 morat,
2259 3937 2324 3976 ac
2376 3920 2651 3990 deinceps
2695 3917 2909 3972 Christi
2961 3920 3087 3972 acta
3112 3915 3365 3986 exponit.
3400 3914 3647 3969 Proinde

2004 4011 2300 4083 apostolus
2329 4009 2608 4077 Joannes,
2640 4011 2902 4078 rogatus,
2945 4012 3173 4076 tempus
3217 4004 3369 4075 quod
3403 4003 3650 4059 Joannis

2005 4099 2237 4155 vincula
2268 4096 2576 4170 praacessit,
2627 4100 2684 4150 et
2727 4110 2818 4150 res
2865 4095 2922 4149 in
2973 4109 3039 4150 eo
3079 4110 3112 4148 a
3142 4093 3447 4149 Servatore
3467 4096 3647 4160 actas,

2011 4191 2068 4245 in
2099 4187 2474 4259 Evangelium
2507 4201 2681 4240 suum
2716 4183 2932 4239 retulit.
2966 4186 3154 4253 Atque
3183 4182 3242 4236 id
3288 4182 3414 4253 ipse
3442 4182 3652 4236 diserte

2010 4284 2067 4335 et
2112 4277 2270 4333 varie
2316 4275 2588 4340 ostendit,
2637 4273 2949 4344 aliquando
2999 4271 3230 4342 quidem
3272 4271 3514 4328 dicens:
3549 4272 3656 4325 Hoc

2010 4368 2240 4424 initium
2281 4365 2684 4420 miraculorum
2729 4378 2954 4418 suorum
2986 4362 3119 4432 fecit
3159 4363 3331 4418 Iesus.
3370 4361 3660 4416 Nonnun-

2013 4473 2189 4529 quam
2216 4460 2408 4510 autem
2442 4453 2592 4508 inter
2622 4451 2846 4508 medias
2893 4452 3032 4507 Jesu
3081 4466 3194 4517 res,
3230 4451 3501 4522 Baptista:
3536 4459 3658 4503 tan-

2011 4552 2137 4602 tum
2189 4545 2406 4599 faciens
2457 4542 2836 4607 mentionem,
2888 4540 3273 4612 pluribusque
3320 4555 3416 4593 eas
3462 4553 3664 4605 perse—

1615 4643 1712 4712 ὡς,
1770 4645 1896 4696 Ἔτι

2015 4652 2224 4706 quens,
2276 4641 2338 4688 ut
2386 4632 2466 4687 ibi
2499 4648 2512 4686 :
2560 4632 2691 4686 Cum
2743 4632 2837 4686 ille
2867 4631 3042 4686 adhuc
3073 4631 3368 4699 baptizare!
3396 4627 3452 4679 in
3482 4627 3659 4679 Αῖηοη.

2014 4725 2234 4780 civitate
2261 4739 2426 4794 prope
2457 4723 2634 4778 Salim
2666 4737 2683 4774 :
2715 4726 2770 4775 et
2815 4720 2953 4776 alibi
3005 4720 3166 4783 item,
3214 4731 3350 4772 cum
3395 4713 3537 4767 illud
3572 4713 3657 4766 in-

2015 4812 2125 4867 fert
2157 4824 2172 4865 :
2204 4810 2457 4868 Nondum
2501 4811 2653 4864 enim
2697 4809 2933 4864 Joannes
2979 4809 3254 4874 conjectus
3302 4809 3418 4857 erat
3458 4803 3517 4854 in
3545 4817 3661 4855 car-

2015 4916 2212 4966 cerem,
2245 4900 2355 4955 hoc
2387 4904 2581 4970 aperte
2629 4897 2954 4952 confirmat.
3005 4893 3154 4948 Satis
3204 4891 3380 4962 igitur
3411 4892 3660 4950 constat.

2016 4988 2305 5046 Joannem
2339 4989 2575 5058 quidem
2607 5003 2699 5041 res
2729 4982 2940 5040 Christi
2965 4989 3095 5036 ante
3126 4979 3399 5050 Baptistae
3429 4978 3664 5033 vincula

2018 5085 2082 5134 ut
2135 5077 2456 5150 plurimum
2497 5078 2866 5147 prosecutum
2911 5085 3039 5126 esse
3089 5085 3104 5125 ε
3155 5068 3410 5138 reliquos
3466 5070 3661 5121 autem

2017 5173 2159 5239 tres,
2211 5184 2337 5239 quae
2378 5170 2511 5237 post
2556 5165 2614 5219 id
2667 5169 2895 5232 tempus
2942 5160 3012 5215 ab
3056 5175 3122 5214 eo
3171 5165 3310 5213 sunt
3353 5163 3488 5211 actae
3519 5154 3660 5210 scri-

2019 5259 2230 5330 psisse.
2281 5257 2639 5324 Quapropter
2685 5251 2901 5322 quibus
2955 5250 3064 5304 ista
3113 5249 3386 5302 accurata
3441 5245 3662 5299 ratione

2018 5347 2507 5408 observabuntur,
2562 5342 2801 5397 minime
2840 5339 3122 5395 dissidere
3151 5336 3302 5391 inter
3331 5351 3393 5390 se
3421 5348 3664 5404 evange-

2019 5437 2165 5494 lista:
2216 5435 2611 5492 videbuntur:
2644 5430 2694 5485 si
2743 5429 2838 5484 hic
2896 5427 3134 5499 quidem
3189 5424 3408 5496 priores
3446 5421 3662 5478 Christi

329 5632 424 5709 ρ)
452 5627 1066 5709 Epiphanius__contra
1082 5627 1689 5709 ~Ebioniitas_s_cripsit,
1723 5627 1917 5682 Evan—
2025 5637 2159 5709 nam
2191 5610 3082 5709 translatum)invgazopjhylaciis
3111 5609 3449 5668 Judaorum
3481 5622 3665 5662 asser-

246 5701 488 5776 gelium
511 5700 759 5760 Joannis
787 5700 964 5764 etiam
984 5719 1053 5762 ex
1075 5701 1266 5763 Graeco
1283 5701 1346 5761 in
1372 5699 1678 5760 Hebraeum
1702 5713 1919 5757 sermo-

2024 5697 2223 5751 vatum
2256 5707 2379 5748 esse
2410 5688 2557 5760 apud
2587 5685 2972 5745 Tiberiadcm.
