  <div class='ocr_page' id='page_1' title='image "/cluster/home/n/w/nwhite01/storage/ocr_20150623/145/hvd.32044054086921/447.png"; bbox 0 0 4084 6208; ppageno 0'>
   <div class='ocr_carea' id='block_1_1' title="bbox 393 383 518 450">
    <p class='ocr_par' dir='ltr' id='par_1_1' title="bbox 393 383 518 450">
     <span class='ocr_line' id='line_1_1' title="bbox 393 383 518 450; baseline 0 0"><span class='ocrx_word' id='word_1_1' title='bbox 393 383 518 450; x_wconf 84' lang='lat'><strong>883</strong></span> 
     </span>
    </p>
   </div>
   <div class='ocr_carea' id='block_1_2' title="bbox 1695 387 2508 454">
    <p class='ocr_par' dir='ltr' id='par_1_2' title="bbox 1695 387 2508 454">
     <span class='ocr_line' id='line_1_2' title="bbox 1695 387 2508 454; baseline -0.001 -2"><span class='ocrx_word' id='word_1_2' title='bbox 1695 388 2114 454; x_wconf 81' lang='lat' dir='ltr'><strong>NICEPHORI</strong></span> <span class='ocrx_word' id='word_1_3' title='bbox 2157 387 2508 452; x_wconf 80' lang='lat' dir='ltr'><strong>CALLISTI</strong></span> 
     </span>
    </p>
   </div>
   <div class='ocr_carea' id='block_1_3' title="bbox 3689 392 3816 454">
    <p class='ocr_par' dir='ltr' id='par_1_3' title="bbox 3689 392 3816 454">
     <span class='ocr_line' id='line_1_3' title="bbox 3689 392 3816 454; baseline 0 -2"><span class='ocrx_word' id='word_1_4' title='bbox 3689 392 3816 454; x_wconf 60' lang='lat'>886</span> 
     </span>
    </p>
   </div>
   <div class='ocr_carea' id='block_1_4' title="bbox 397 517 2046 598">
    <p class='ocr_par' dir='ltr' id='par_1_4' title="bbox 397 518 2038 594">
     <span class='ocr_line' id='line_1_4' title="bbox 397 518 2038 594; baseline 0.002 -18"><span class='ocrx_word' id='word_1_5' title='bbox 397 533 514 588; x_wconf 88' lang='lat' dir='ltr'><strong>res,</strong></span> <span class='ocrx_word' id='word_1_6' title='bbox 548 535 697 594; x_wconf 89' lang='lat' dir='ltr'><strong>quas</strong></span> <span class='ocrx_word' id='word_1_7' title='bbox 727 518 812 576; x_wconf 88' lang='lat' dir='ltr'>illi</span> <span class='ocrx_word' id='word_1_8' title='bbox 842 519 1258 594; x_wconf 61' lang='lat' dir='ltr'><strong>praeterierunt,</strong></span> <span class='ocrx_word' id='word_1_9' title='bbox 1286 521 1716 593; x_wconf 82' lang='lat' dir='ltr'><strong>complectitur,</strong></span> <span class='ocrx_word' id='word_1_10' title='bbox 1737 524 1823 581; x_wconf 85' lang='lat' dir='ltr'><strong>illi</strong></span> <span class='ocrx_word' id='word_1_11' title='bbox 1843 528 2038 583; x_wconf 89' lang='lat' dir='ltr'><strong>autem</strong></span> 
     </span>
    </p>
   </div>
   <div class='ocr_carea' id='block_1_5' title="bbox 2154 517 3817 598">
    <p class='ocr_par' dir='ltr' id='par_1_5' title="bbox 2154 517 3817 598">
     <span class='ocr_line' id='line_1_5' title="bbox 2154 517 3817 598; baseline 0 -20"><span class='ocrx_word' id='word_1_12' title='bbox 2154 520 2348 580; x_wconf 71' lang='grc' dir='ltr'>ἐκεῖνοι</span> <span class='ocrx_word' id='word_1_13' title='bbox 2379 519 2681 598; x_wconf 75' lang='grc' dir='ltr'><strong>παρέλιπον</strong></span> <span class='ocrx_word' id='word_1_14' title='bbox 2713 539 2727 554; x_wconf 87' lang='grc'>⁶</span> <span class='ocrx_word' id='word_1_15' title='bbox 2782 520 2835 578; x_wconf 78' lang='grc' dir='ltr'>οἱ</span> <span class='ocrx_word' id='word_1_16' title='bbox 2882 517 2930 576; x_wconf 83' lang='grc' dir='ltr'><strong>δ’</strong></span> <span class='ocrx_word' id='word_1_17' title='bbox 2960 517 3026 576; x_wconf 76' lang='grc' dir='ltr'><strong>αὗ</strong></span> <span class='ocrx_word' id='word_1_18' title='bbox 3075 543 3137 596; x_wconf 90' lang='grc' dir='ltr'><strong>γε</strong></span> <span class='ocrx_word' id='word_1_19' title='bbox 3178 521 3246 578; x_wconf 83' lang='grc' dir='ltr'><strong>τᾶ</strong></span> <span class='ocrx_word' id='word_1_20' title='bbox 3291 521 3379 578; x_wconf 78' lang='grc' dir='ltr'>ἐπὶ</span> <span class='ocrx_word' id='word_1_21' title='bbox 3426 521 3581 580; x_wconf 75' lang='grc' dir='ltr'>τέλει</span> <span class='ocrx_word' id='word_1_22' title='bbox 3624 523 3817 597; x_wconf 85' lang='grc' dir='ltr'>τούτῳ</span> 
     </span>
    </p>
   </div>
   <div class='ocr_carea' id='block_1_6' title="bbox 397 610 2046 686">
    <p class='ocr_par' dir='ltr' id='par_1_6' title="bbox 397 610 2046 686">
     <span class='ocr_line' id='line_1_6' title="bbox 397 610 2046 686; baseline 0.002 -18"><span class='ocrx_word' id='word_1_23' title='bbox 397 610 752 681; x_wconf 81' lang='lat' dir='ltr'><strong>posteriores</strong></span> <span class='ocrx_word' id='word_1_24' title='bbox 782 616 1261 666; x_wconf 86' lang='lat' dir='ltr'><strong>commemorant.</strong></span> <span class='ocrx_word' id='word_1_25' title='bbox 1294 610 1560 668; x_wconf 89' lang='lat' dir='ltr'><strong>Ostendit</strong></span> <span class='ocrx_word' id='word_1_26' title='bbox 1598 611 1657 668; x_wconf 90' lang='lat' dir='ltr'><strong>id</strong></span> <span class='ocrx_word' id='word_1_27' title='bbox 1689 614 1856 683; x_wconf 89' lang='lat' dir='ltr'><strong>satis,</strong></span> <span class='ocrx_word' id='word_1_28' title='bbox 1889 616 2046 686; x_wconf 90' lang='lat' dir='ltr'><strong>quod</strong></span> 
     </span>
    </p>
   </div>
   <div class='ocr_carea' id='block_1_7' title="bbox 396 697 2044 774">
    <p class='ocr_par' dir='ltr' id='par_1_7' title="bbox 396 697 2044 774">
     <span class='ocr_line' id='line_1_7' title="bbox 396 697 2044 774; baseline 0.005 -20"><span class='ocrx_word' id='word_1_29' title='bbox 396 702 653 756; x_wconf 87' lang='lat' dir='ltr'><strong>Joannes</strong></span> <span class='ocrx_word' id='word_1_30' title='bbox 683 697 918 770; x_wconf 85' lang='lat' dir='ltr'><strong>quidem</strong></span> <span class='ocrx_word' id='word_1_31' title='bbox 967 699 1284 756; x_wconf 85' lang='lat' dir='ltr'><strong>Servatoris</strong></span> <span class='ocrx_word' id='word_1_32' title='bbox 1320 699 1724 774; x_wconf 82' lang='lat' dir='ltr'><strong>genealogiam</strong></span> <span class='ocrx_word' id='word_1_33' title='bbox 1755 703 2044 762; x_wconf 79' lang='lat' dir='ltr'><strong>carnalem</strong></span> 
     </span>
    </p>
   </div>
   <div class='ocr_carea' id='block_1_8' title="bbox 397 786 2039 863">
    <p class='ocr_par' dir='ltr' id='par_1_8' title="bbox 397 786 2039 863">
     <span class='ocr_line' id='line_1_8' title="bbox 397 786 2039 863; baseline 0.004 -19"><span class='ocrx_word' id='word_1_34' title='bbox 397 787 693 860; x_wconf 62' lang='lat' dir='ltr'><strong>praeteriit,</strong></span> <span class='ocrx_word' id='word_1_35' title='bbox 724 803 759 842; x_wconf 91' lang='lat' dir='ltr'><strong>a</strong></span> <span class='ocrx_word' id='word_1_36' title='bbox 788 786 1056 844; x_wconf 72' lang='lat' dir='ltr'><strong>Matthaec</strong></span> <span class='ocrx_word' id='word_1_37' title='bbox 1105 792 1164 844; x_wconf 89' lang='lat' dir='ltr'><strong>et</strong></span> <span class='ocrx_word' id='word_1_38' title='bbox 1207 789 1363 844; x_wconf 90' lang='lat' dir='ltr'><strong>Luca</strong></span> <span class='ocrx_word' id='word_1_39' title='bbox 1405 789 1651 846; x_wconf 87' lang='lat' dir='ltr'><strong>antehac</strong></span> <span class='ocrx_word' id='word_1_40' title='bbox 1688 807 2039 863; x_wconf 85' lang='lat' dir='ltr'><strong>expressam.</strong></span> 
     </span>
    </p>
   </div>
   <div class='ocr_carea' id='block_1_9' title="bbox 396 875 2041 954">
    <p class='ocr_par' dir='ltr' id='par_1_9' title="bbox 396 875 2041 954">
     <span class='ocr_line' id='line_1_9' title="bbox 396 875 2041 954; baseline 0.004 -23"><span class='ocrx_word' id='word_1_41' title='bbox 396 875 772 946; x_wconf 89' lang='lat' dir='ltr'><strong>Theologiam</strong></span> <span class='ocrx_word' id='word_1_42' title='bbox 801 878 999 932; x_wconf 89' lang='lat' dir='ltr'><strong>autem</strong></span> <span class='ocrx_word' id='word_1_43' title='bbox 1043 879 1100 931; x_wconf 90' lang='lat' dir='ltr'><strong>et</strong></span> <span class='ocrx_word' id='word_1_44' title='bbox 1141 875 1397 934; x_wconf 80' lang='lat' dir='ltr'><strong>divinam</strong></span> <span class='ocrx_word' id='word_1_45' title='bbox 1428 881 1856 950; x_wconf 75' lang='lat' dir='ltr'><strong>generationem</strong></span> <span class='ocrx_word' id='word_1_46' title='bbox 1889 880 2041 954; x_wconf 81' lang='lat' dir='ltr'><strong>eius,</strong></span> 
     </span>
    </p>
   </div>
   <div class='ocr_carea' id='block_1_10' title="bbox 398 963 2039 1044">
    <p class='ocr_par' dir='ltr' id='par_1_10' title="bbox 398 963 2039 1044">
     <span class='ocr_line' id='line_1_10' title="bbox 398 963 2039 1044; baseline 0.004 -25"><span class='ocrx_word' id='word_1_47' title='bbox 398 972 677 1034; x_wconf 90' lang='lat' dir='ltr'><strong>tanquam</strong></span> <span class='ocrx_word' id='word_1_48' title='bbox 708 963 808 1021; x_wconf 89' lang='lat' dir='ltr'><strong>illa</strong></span> <span class='ocrx_word' id='word_1_49' title='bbox 855 963 1026 1036; x_wconf 89' lang='lat' dir='ltr'><strong>longe</strong></span> <span class='ocrx_word' id='word_1_50' title='bbox 1073 967 1556 1036; x_wconf 69' lang='lat' dir='ltr'><strong>praestantiorem,</strong></span> <span class='ocrx_word' id='word_1_51' title='bbox 1605 972 1662 1024; x_wconf 89' lang='lat' dir='ltr'><strong>et</strong></span> <span class='ocrx_word' id='word_1_52' title='bbox 1697 969 1812 1024; x_wconf 86' lang='lat' dir='ltr'><strong>sibi</strong></span> <span class='ocrx_word' id='word_1_53' title='bbox 1841 987 1876 1026; x_wconf 87' lang='lat' dir='ltr'><strong>a</strong></span> <span class='ocrx_word' id='word_1_54' title='bbox 1901 975 2039 1044; x_wconf 80' lang='lat' dir='ltr'><strong>Spi-</strong></span> 
     </span>
    </p>
   </div>
   <div class='ocr_carea' id='block_1_11' title="bbox 398 1053 2042 1132">
    <p class='ocr_par' dir='ltr' id='par_1_11' title="bbox 398 1053 2042 1132">
     <span class='ocr_line' id='line_1_11' title="bbox 398 1053 2042 1132; baseline 0.004 -24"><span class='ocrx_word' id='word_1_55' title='bbox 398 1053 515 1109; x_wconf 84' lang='lat' dir='ltr'><strong>ritu</strong></span> <span class='ocrx_word' id='word_1_56' title='bbox 571 1056 774 1110; x_wconf 89' lang='lat' dir='ltr'><strong>sancto</strong></span> <span class='ocrx_word' id='word_1_57' title='bbox 824 1059 1210 1122; x_wconf 56' lang='lat' dir='ltr'><strong>reservatam,</strong></span> <span class='ocrx_word' id='word_1_58' title='bbox 1251 1057 1323 1112; x_wconf 91' lang='lat' dir='ltr'><strong>ab</strong></span> <span class='ocrx_word' id='word_1_59' title='bbox 1381 1056 1544 1113; x_wconf 89' lang='lat' dir='ltr'><strong>initio</strong></span> <span class='ocrx_word' id='word_1_60' title='bbox 1599 1057 1896 1132; x_wconf 85' lang='lat' dir='ltr'><strong>Evangelii</strong></span> <span class='ocrx_word' id='word_1_61' title='bbox 1952 1060 2042 1116; x_wconf 88' lang='lat' dir='ltr'><strong>sui</strong></span> 
     </span>
    </p>
   </div>
   <div class='ocr_carea' id='block_1_12' title="bbox 395 1141 2044 1218">
    <p class='ocr_par' dir='ltr' id='par_1_12' title="bbox 395 1141 2044 1218">
     <span class='ocr_line' id='line_1_12' title="bbox 395 1141 2044 1218; baseline 0.004 -19"><span class='ocrx_word' id='word_1_62' title='bbox 395 1141 663 1215; x_wconf 84' lang='lat' dir='ltr'><strong>explicat.</strong></span> <span class='ocrx_word' id='word_1_63' title='bbox 696 1143 966 1200; x_wconf 85' lang='lat' dir='ltr'><strong>Fortasse</strong></span> <span class='ocrx_word' id='word_1_64' title='bbox 1009 1146 1204 1200; x_wconf 90' lang='lat' dir='ltr'><strong>autem</strong></span> <span class='ocrx_word' id='word_1_65' title='bbox 1247 1147 1306 1200; x_wconf 89' lang='lat' dir='ltr'><strong>et</strong></span> <span class='ocrx_word' id='word_1_66' title='bbox 1351 1143 1494 1202; x_wconf 88' lang='lat' dir='ltr'><strong>alias</strong></span> <span class='ocrx_word' id='word_1_67' title='bbox 1523 1147 1808 1218; x_wconf 87' lang='lat' dir='ltr'><strong>quasdam</strong></span> <span class='ocrx_word' id='word_1_68' title='bbox 1837 1164 2044 1206; x_wconf 88' lang='lat' dir='ltr'><strong>causas</strong></span> 
     </span>
    </p>
   </div>
   <div class='ocr_carea' id='block_1_13' title="bbox 395 1231 2042 1308">
    <p class='ocr_par' dir='ltr' id='par_1_13' title="bbox 395 1231 2042 1308">
     <span class='ocr_line' id='line_1_13' title="bbox 395 1231 2042 1308; baseline 0.004 -21"><span class='ocrx_word' id='word_1_69' title='bbox 395 1231 602 1288; x_wconf 73' lang='lat' dir='ltr'><strong>afferre</strong></span> <span class='ocrx_word' id='word_1_70' title='bbox 659 1231 792 1304; x_wconf 84' lang='lat' dir='ltr'><strong>quis</strong></span> <span class='ocrx_word' id='word_1_71' title='bbox 850 1232 1054 1302; x_wconf 87' lang='lat' dir='ltr'><strong>possit,</strong></span> <span class='ocrx_word' id='word_1_72' title='bbox 1113 1248 1294 1304; x_wconf 92' lang='lat' dir='ltr'><strong>quare</strong></span> <span class='ocrx_word' id='word_1_73' title='bbox 1357 1233 1616 1291; x_wconf 87' lang='lat' dir='ltr'><strong>Joannes</strong></span> <span class='ocrx_word' id='word_1_74' title='bbox 1669 1235 2042 1308; x_wconf 88' lang='lat' dir='ltr'><strong>Evangelium</strong></span> 
     </span>
    </p>
   </div>
   <div class='ocr_carea' id='block_1_14' title="bbox 394 1320 2042 1396">
    <p class='ocr_par' dir='ltr' id='par_1_14' title="bbox 394 1320 2042 1396">
     <span class='ocr_line' id='line_1_14' title="bbox 394 1320 2042 1396; baseline 0.004 -19"><span class='ocrx_word' id='word_1_75' title='bbox 394 1333 568 1377; x_wconf 81' lang='lat' dir='ltr'><strong>suum</strong></span> <span class='ocrx_word' id='word_1_76' title='bbox 597 1320 889 1378; x_wconf 90' lang='lat' dir='ltr'><strong>scribendi</strong></span> <span class='ocrx_word' id='word_1_77' title='bbox 937 1320 1248 1378; x_wconf 88' lang='lat' dir='ltr'><strong>consilium</strong></span> <span class='ocrx_word' id='word_1_78' title='bbox 1297 1323 1537 1396; x_wconf 90' lang='lat' dir='ltr'><strong>ceperit.</strong></span> <span class='ocrx_word' id='word_1_79' title='bbox 1576 1323 1739 1388; x_wconf 86' lang='lat' dir='ltr'><strong>Quod</strong></span> <span class='ocrx_word' id='word_1_80' title='bbox 1769 1327 1926 1382; x_wconf 90' lang='lat' dir='ltr'><strong>enim</strong></span> <span class='ocrx_word' id='word_1_81' title='bbox 1956 1325 2042 1383; x_wconf 89' lang='lat' dir='ltr'><strong>illi</strong></span> 
     </span>
    </p>
   </div>
   <div class='ocr_carea' id='block_1_15' title="bbox 395 1409 2044 1483">
    <p class='ocr_par' dir='ltr' id='par_1_15' title="bbox 395 1409 2044 1483">
     <span class='ocr_line' id='line_1_15' title="bbox 395 1409 2044 1483; baseline 0.004 -17"><span class='ocrx_word' id='word_1_82' title='bbox 395 1409 755 1483; x_wconf 69' lang='lat' dir='ltr'><strong>pracipuum</strong></span> <span class='ocrx_word' id='word_1_83' title='bbox 822 1409 968 1466; x_wconf 90' lang='lat' dir='ltr'><strong>illud</strong></span> <span class='ocrx_word' id='word_1_84' title='bbox 1034 1411 1369 1468; x_wconf 87' lang='lat' dir='ltr'><strong>resuscitati</strong></span> <span class='ocrx_word' id='word_1_85' title='bbox 1425 1413 1620 1468; x_wconf 89' lang='lat' dir='ltr'><strong>Lazari</strong></span> <span class='ocrx_word' id='word_1_86' title='bbox 1692 1413 2044 1473; x_wconf 86' lang='lat' dir='ltr'><strong>miraculum</strong></span> 
     </span>
    </p>
   </div>
   <div class='ocr_carea' id='block_1_16' title="bbox 395 1497 2040 1575">
    <p class='ocr_par' dir='ltr' id='par_1_16' title="bbox 395 1497 2040 1575">
     <span class='ocr_line' id='line_1_16' title="bbox 395 1497 2040 1575; baseline 0.004 -20"><span class='ocrx_word' id='word_1_87' title='bbox 395 1497 716 1556; x_wconf 85' lang='lat' dir='ltr'><strong>maximum</strong></span> <span class='ocrx_word' id='word_1_88' title='bbox 765 1498 970 1554; x_wconf 72' lang='lat' dir='ltr'><strong>future</strong></span> <span class='ocrx_word' id='word_1_89' title='bbox 1018 1499 1460 1558; x_wconf 86' lang='lat' dir='ltr'><strong>resurrectionis</strong></span> <span class='ocrx_word' id='word_1_90' title='bbox 1498 1502 1797 1575; x_wconf 87' lang='lat' dir='ltr'><strong>specimen</strong></span> <span class='ocrx_word' id='word_1_91' title='bbox 1827 1504 2040 1562; x_wconf 90' lang='lat' dir='ltr'><strong>omise-</strong></span> 
     </span>
    </p>
   </div>
   <div class='ocr_carea' id='block_1_17' title="bbox 394 1588 2042 1666">
    <p class='ocr_par' dir='ltr' id='par_1_17' title="bbox 394 1588 2042 1666">
     <span class='ocr_line' id='line_1_17' title="bbox 394 1588 2042 1666; baseline 0.004 -21"><span class='ocrx_word' id='word_1_92' title='bbox 394 1592 550 1658; x_wconf 88' lang='lat' dir='ltr'><strong>runt,</strong></span> <span class='ocrx_word' id='word_1_93' title='bbox 584 1604 771 1660; x_wconf 87' lang='lat' dir='ltr'><strong>neque</strong></span> <span class='ocrx_word' id='word_1_94' title='bbox 801 1604 995 1645; x_wconf 86' lang='lat' dir='ltr'><strong>veram</strong></span> <span class='ocrx_word' id='word_1_95' title='bbox 1046 1588 1209 1646; x_wconf 90' lang='lat' dir='ltr'><strong>illam</strong></span> <span class='ocrx_word' id='word_1_96' title='bbox 1250 1589 1604 1664; x_wconf 84' lang='lat' dir='ltr'><strong>theologiam</strong></span> <span class='ocrx_word' id='word_1_97' title='bbox 1635 1593 2042 1666; x_wconf 89' lang='lat' dir='ltr'><strong>principioque</strong></span> 
     </span>
    </p>
   </div>
   <div class='ocr_carea' id='block_1_18' title="bbox 395 1679 2041 1756">
    <p class='ocr_par' dir='ltr' id='par_1_18' title="bbox 395 1679 2041 1756">
     <span class='ocr_line' id='line_1_18' title="bbox 395 1679 2041 1756; baseline 0.003 -21"><span class='ocrx_word' id='word_1_98' title='bbox 395 1685 685 1735; x_wconf 89' lang='lat' dir='ltr'><strong>carentem</strong></span> <span class='ocrx_word' id='word_1_99' title='bbox 715 1679 1173 1750; x_wconf 85' lang='lat' dir='ltr'><strong>generationem,</strong></span> <span class='ocrx_word' id='word_1_100' title='bbox 1215 1683 1337 1737; x_wconf 90' lang='lat' dir='ltr'><strong>tum</strong></span> <span class='ocrx_word' id='word_1_101' title='bbox 1385 1685 1584 1737; x_wconf 88' lang='lat' dir='ltr'><strong>autem</strong></span> <span class='ocrx_word' id='word_1_102' title='bbox 1615 1697 1807 1756; x_wconf 87' lang='lat' dir='ltr'><strong>neque</strong></span> <span class='ocrx_word' id='word_1_103' title='bbox 1835 1699 2041 1756; x_wconf 88' lang='lat' dir='ltr'><strong>supre-</strong></span> 
     </span>
    </p>
   </div>
   <div class='ocr_carea' id='block_1_19' title="bbox 395 1767 2044 1838">
    <p class='ocr_par' dir='ltr' id='par_1_19' title="bbox 395 1767 2044 1838">
     <span class='ocr_line' id='line_1_19' title="bbox 395 1767 2044 1838; baseline 0.004 -15"><span class='ocrx_word' id='word_1_104' title='bbox 395 1781 495 1824; x_wconf 92' lang='lat' dir='ltr'><strong>ma</strong></span> <span class='ocrx_word' id='word_1_105' title='bbox 521 1767 791 1824; x_wconf 88' lang='lat' dir='ltr'><strong>morituri</strong></span> <span class='ocrx_word' id='word_1_106' title='bbox 821 1767 1139 1824; x_wconf 88' lang='lat' dir='ltr'><strong>Salvatoris</strong></span> <span class='ocrx_word' id='word_1_107' title='bbox 1169 1769 1470 1838; x_wconf 88' lang='lat' dir='ltr'><strong>mandata,</strong></span> <span class='ocrx_word' id='word_1_108' title='bbox 1493 1771 1829 1829; x_wconf 90' lang='lat' dir='ltr'><strong>testamenti</strong></span> <span class='ocrx_word' id='word_1_109' title='bbox 1859 1772 2044 1829; x_wconf 90' lang='lat' dir='ltr'><strong>instar</strong></span> 
     </span>
    </p>
   </div>
   <div class='ocr_carea' id='block_1_20' title="bbox 2153 608 3812 688">
    <p class='ocr_par' dir='ltr' id='par_1_20' title="bbox 2153 608 3812 688">
     <span class='ocr_line' id='line_1_20' title="bbox 2153 608 3812 688; baseline 0.001 -21"><span class='ocrx_word' id='word_1_110' title='bbox 2153 613 2418 688; x_wconf 85' lang='grc' dir='ltr'>γενόμενα</span> <span class='ocrx_word' id='word_1_111' title='bbox 2469 609 2774 681; x_wconf 77' lang='grc' dir='ltr'>διεξῆλθον.</span> <span class='ocrx_word' id='word_1_112' title='bbox 2815 611 3094 667; x_wconf 86' lang='grc' dir='ltr'>Δείκνυται</span> <span class='ocrx_word' id='word_1_113' title='bbox 3142 608 3222 681; x_wconf 71' lang='grc' dir='ltr'><strong>δὲ,</strong></span> <span class='ocrx_word' id='word_1_114' title='bbox 3253 613 3339 674; x_wconf 81' lang='grc' dir='ltr'>οἷς</span> <span class='ocrx_word' id='word_1_115' title='bbox 3392 613 3421 667; x_wconf 87' lang='lat'><strong>6</strong></span> <span class='ocrx_word' id='word_1_116' title='bbox 3473 614 3573 686; x_wconf 74' lang='grc' dir='ltr'>μὲν</span> <span class='ocrx_word' id='word_1_117' title='bbox 3623 615 3812 668; x_wconf 78' lang='grc' dir='ltr'>Ἰωάν-</span> 
     </span>
    </p>
   </div>
   <div class='ocr_carea' id='block_1_21' title="bbox 2154 699 3818 778">
    <p class='ocr_par' dir='ltr' id='par_1_21' title="bbox 2154 699 3818 778">
     <span class='ocr_line' id='line_1_21' title="bbox 2154 699 3818 778; baseline 0.001 -23"><span class='ocrx_word' id='word_1_118' title='bbox 2154 721 2254 771; x_wconf 91' lang='grc' dir='ltr'><strong>νης</strong></span> <span class='ocrx_word' id='word_1_119' title='bbox 2309 701 2410 770; x_wconf 67' lang='grc' dir='ltr'>τῆν</span> <span class='ocrx_word' id='word_1_120' title='bbox 2467 701 2559 774; x_wconf 71' lang='grc' dir='ltr'>μὲν</span> <span class='ocrx_word' id='word_1_121' title='bbox 2633 699 2898 776; x_wconf 85' lang='grc' dir='ltr'>σαρκικὴν</span> <span class='ocrx_word' id='word_1_122' title='bbox 2953 704 3054 754; x_wconf 79' lang='grc' dir='ltr'>τοῦ</span> <span class='ocrx_word' id='word_1_123' title='bbox 3113 701 3376 774; x_wconf 71' lang='grc' dir='ltr'>Σωτῆρος</span> <span class='ocrx_word' id='word_1_124' title='bbox 3447 699 3818 778; x_wconf 65' lang='grc' dir='ltr'><strong>γενεαλογίαν</strong></span> 
     </span>
    </p>
   </div>
   <div class='ocr_carea' id='block_1_22' title="bbox 2153 787 3816 870">
    <p class='ocr_par' dir='ltr' id='par_1_22' title="bbox 2153 787 3816 870">
     <span class='ocr_line' id='line_1_22' title="bbox 2153 787 3816 870; baseline 0.001 -25"><span class='ocrx_word' id='word_1_125' title='bbox 2153 787 2491 865; x_wconf 83' lang='grc' dir='ltr'>παρέδραμε,</span> <span class='ocrx_word' id='word_1_126' title='bbox 2541 787 2804 862; x_wconf 83' lang='grc' dir='ltr'>Ματθαίῳ</span> <span class='ocrx_word' id='word_1_127' title='bbox 2849 809 2908 844; x_wconf 90' lang='grc' dir='ltr'><strong>τε</strong></span> <span class='ocrx_word' id='word_1_128' title='bbox 2955 789 3044 844; x_wconf 84' lang='grc' dir='ltr'><strong>καὶ</strong></span> <span class='ocrx_word' id='word_1_129' title='bbox 3113 793 3292 844; x_wconf 86' lang='grc' dir='ltr'>Λουκᾶ</span> <span class='ocrx_word' id='word_1_130' title='bbox 3338 796 3764 870; x_wconf 67' lang='grc' dir='ltr'>πρτιγραφεῖσαν</span> <span class='ocrx_word' id='word_1_131' title='bbox 3797 807 3816 823; x_wconf 81' lang='lat'>&#39;</span> 
     </span>
    </p>
   </div>
   <div class='ocr_carea' id='block_1_23' title="bbox 2153 876 3820 954">
    <p class='ocr_par' dir='ltr' id='par_1_23' title="bbox 2153 876 3820 954">
     <span class='ocr_line' id='line_1_23' title="bbox 2153 876 3820 954; baseline 0.001 -21"><span class='ocrx_word' id='word_1_132' title='bbox 2153 885 2254 949; x_wconf 81' lang='grc' dir='ltr'><strong>τῆς</strong></span> <span class='ocrx_word' id='word_1_133' title='bbox 2287 876 2344 934; x_wconf 81' lang='grc' dir='ltr'><strong>δὲ</strong></span> <span class='ocrx_word' id='word_1_134' title='bbox 2365 876 2645 954; x_wconf 85' lang='grc' dir='ltr'>θεολογίας</span> <span class='ocrx_word' id='word_1_135' title='bbox 2664 878 3020 953; x_wconf 80' lang='grc' dir='ltr'><strong>κατάρχεται,</strong></span> <span class='ocrx_word' id='word_1_136' title='bbox 3044 877 3139 933; x_wconf 81' lang='grc' dir='ltr'>οἶά</span> <span class='ocrx_word' id='word_1_137' title='bbox 3156 897 3304 940; x_wconf 89' lang='grc' dir='ltr'>τινος</span> <span class='ocrx_word' id='word_1_138' title='bbox 3333 879 3648 953; x_wconf 87' lang='grc' dir='ltr'>κρείττονος</span> <span class='ocrx_word' id='word_1_139' title='bbox 3674 880 3820 953; x_wconf 74' lang='grc' dir='ltr'>πρὸς</span> 
     </span>
    </p>
   </div>
   <div class='ocr_carea' id='block_1_24' title="bbox 2155 965 3818 1041">
    <p class='ocr_par' dir='ltr' id='par_1_24' title="bbox 2155 965 3818 1041">
     <span class='ocr_line' id='line_1_24' title="bbox 2155 965 3818 1041; baseline -0.001 -16"><span class='ocrx_word' id='word_1_140' title='bbox 2155 973 2252 1025; x_wconf 76' lang='grc' dir='ltr'><strong>τοῦ</strong></span> <span class='ocrx_word' id='word_1_141' title='bbox 2281 969 2429 1023; x_wconf 82' lang='grc' dir='ltr'><strong>θείου</strong></span> <span class='ocrx_word' id='word_1_142' title='bbox 2461 967 2772 1041; x_wconf 85' lang='grc' dir='ltr'>Πνεύματος</span> <span class='ocrx_word' id='word_1_143' title='bbox 2801 965 3187 1040; x_wconf 86' lang='grc' dir='ltr'>ταμιευθείσης</span> <span class='ocrx_word' id='word_1_144' title='bbox 3217 966 3386 1040; x_wconf 80' lang='grc' dir='ltr'>αύτῷ.</span> <span class='ocrx_word' id='word_1_145' title='bbox 3419 973 3584 1031; x_wconf 82' lang='grc' dir='ltr'>Ἴσως</span> <span class='ocrx_word' id='word_1_146' title='bbox 3626 967 3690 1024; x_wconf 76' lang='grc' dir='ltr'>δὲ</span> <span class='ocrx_word' id='word_1_147' title='bbox 3721 968 3818 1024; x_wconf 81' lang='grc' dir='ltr'><strong>καὶ</strong></span> 
     </span>
    </p>
   </div>
   <div class='ocr_carea' id='block_1_25' title="bbox 2155 1053 3821 1131">
    <p class='ocr_par' dir='ltr' id='par_1_25' title="bbox 2155 1053 3821 1131">
     <span class='ocr_line' id='line_1_25' title="bbox 2159 1053 3748 1088; baseline 0.003 -16"><span class='ocrx_word' id='word_1_148' title='bbox 2159 1054 2184 1075; x_wconf 54' lang='grc' dir='ltr'><strong>ἢ</strong></span> <span class='ocrx_word' id='word_1_149' title='bbox 2211 1057 2227 1079; x_wconf 63' lang='grc'><strong>9</strong></span> <span class='ocrx_word' id='word_1_150' title='bbox 2262 1058 2283 1072; x_wconf 75' lang='grc' dir='ltr'><strong><em>ν</em></strong></span> <span class='ocrx_word' id='word_1_151' title='bbox 2373 1057 2386 1079; x_wconf 64' lang='grc'><strong>9</strong></span> <span class='ocrx_word' id='word_1_152' title='bbox 2425 1055 2449 1076; x_wconf 73' lang='grc' dir='ltr'><em>ν</em></span> <span class='ocrx_word' id='word_1_153' title='bbox 2654 1077 2666 1088; x_wconf 59' lang='lat'><em>.</em></span> <span class='ocrx_word' id='word_1_154' title='bbox 2856 1059 2868 1077; x_wconf 74' lang='grc'><strong><em>1</em></strong></span> <span class='ocrx_word' id='word_1_155' title='bbox 3005 1057 3020 1077; x_wconf 65' lang='grc' dir='ltr'><strong>τ</strong></span> <span class='ocrx_word' id='word_1_156' title='bbox 3059 1053 3082 1071; x_wconf 68' lang='grc' dir='ltr'><strong><em>ν</em></strong></span> <span class='ocrx_word' id='word_1_157' title='bbox 3325 1059 3340 1076; x_wconf 77' lang='lat'><strong><em>\</em></strong></span> <span class='ocrx_word' id='word_1_158' title='bbox 3425 1059 3438 1079; x_wconf 69' lang='grc'><strong>9</strong></span> <span class='ocrx_word' id='word_1_159' title='bbox 3538 1061 3554 1076; x_wconf 74' lang='grc' dir='ltr'><strong><em>Ι</em></strong></span> <span class='ocrx_word' id='word_1_160' title='bbox 3731 1058 3748 1076; x_wconf 56' lang='grc' dir='ltr'><strong>Ω</strong></span> 
     </span>
     <span class='ocr_line' id='line_1_26' title="bbox 2155 1053 3821 1131; baseline 0.001 -19"><span class='ocrx_word' id='word_1_161' title='bbox 2155 1075 2207 1112; x_wconf 89' lang='grc' dir='ltr'><strong>οι</strong></span> <span class='ocrx_word' id='word_1_162' title='bbox 2257 1053 2366 1112; x_wconf 91' lang='grc' dir='ltr'><strong>αλλ</strong></span> <span class='ocrx_word' id='word_1_163' title='bbox 2415 1077 2549 1113; x_wconf 86' lang='grc' dir='ltr'>αττα</span> <span class='ocrx_word' id='word_1_164' title='bbox 2595 1077 3003 1131; x_wconf 76' lang='grc' dir='ltr'>τεκμηριωσαιτ</span> <span class='ocrx_word' id='word_1_165' title='bbox 3049 1077 3112 1112; x_wconf 90' lang='grc' dir='ltr'><strong>αν</strong></span> <span class='ocrx_word' id='word_1_166' title='bbox 3157 1077 3243 1120; x_wconf 90' lang='grc' dir='ltr'><strong>τις</strong></span> <span class='ocrx_word' id='word_1_167' title='bbox 3287 1078 3378 1112; x_wconf 88' lang='grc' dir='ltr'><strong>τον</strong></span> <span class='ocrx_word' id='word_1_168' title='bbox 3444 1065 3692 1129; x_wconf 78' lang='grc' dir='ltr'>Ιωαννην</span> <span class='ocrx_word' id='word_1_169' title='bbox 3729 1057 3821 1114; x_wconf 74' lang='grc' dir='ltr'>ελο</span> 
     </span>
    </p>
   </div>
   <div class='ocr_carea' id='block_1_26' title="bbox 2155 1145 3816 1222">
    <p class='ocr_par' dir='ltr' id='par_1_26' title="bbox 2155 1145 3816 1222">
     <span class='ocr_line' id='line_1_27' title="bbox 2155 1145 3816 1222; baseline 0.001 -21"><span class='ocrx_word' id='word_1_170' title='bbox 2155 1147 2264 1202; x_wconf 85' lang='grc' dir='ltr'>θεῖν</span> <span class='ocrx_word' id='word_1_171' title='bbox 2313 1145 2402 1201; x_wconf 78' lang='grc' dir='ltr'>ἐπὶ</span> <span class='ocrx_word' id='word_1_172' title='bbox 2449 1146 2548 1214; x_wconf 75' lang='grc' dir='ltr'>τὴν</span> <span class='ocrx_word' id='word_1_173' title='bbox 2594 1146 2829 1222; x_wconf 75' lang='grc' dir='ltr'>γραφὴν,</span> <span class='ocrx_word' id='word_1_174' title='bbox 2877 1146 2962 1202; x_wconf 84' lang='grc' dir='ltr'>δτι</span> <span class='ocrx_word' id='word_1_175' title='bbox 3008 1166 3068 1201; x_wconf 89' lang='grc' dir='ltr'><strong>τε</strong></span> <span class='ocrx_word' id='word_1_176' title='bbox 3111 1145 3175 1201; x_wconf 84' lang='grc' dir='ltr'>τὸ</span> <span class='ocrx_word' id='word_1_177' title='bbox 3221 1147 3360 1202; x_wconf 85' lang='grc' dir='ltr'><strong>κατά</strong></span> <span class='ocrx_word' id='word_1_178' title='bbox 3403 1147 3500 1203; x_wconf 81' lang='grc' dir='ltr'>τὸν</span> <span class='ocrx_word' id='word_1_179' title='bbox 3549 1149 3816 1222; x_wconf 80' lang='grc' dir='ltr'>Λάζαρον</span> 
     </span>
    </p>
   </div>
   <div class='ocr_carea' id='block_1_27' title="bbox 2154 1233 3816 1311">
    <p class='ocr_par' dir='ltr' id='par_1_27' title="bbox 2154 1233 3816 1311">
     <span class='ocr_line' id='line_1_28' title="bbox 2154 1233 3816 1311; baseline 0.001 -21"><span class='ocrx_word' id='word_1_180' title='bbox 2154 1233 2383 1306; x_wconf 79' lang='grc' dir='ltr'>ἐξαίσιον</span> <span class='ocrx_word' id='word_1_181' title='bbox 2443 1234 2614 1290; x_wconf 81' lang='grc' dir='ltr'>έκεῖνο</span> <span class='ocrx_word' id='word_1_182' title='bbox 2666 1235 2824 1310; x_wconf 84' lang='grc' dir='ltr'>τέρας</span> <span class='ocrx_word' id='word_1_183' title='bbox 2899 1241 3178 1306; x_wconf 78' lang='grc' dir='ltr'><strong>παρῆκαν,</strong></span> <span class='ocrx_word' id='word_1_184' title='bbox 3237 1236 3502 1311; x_wconf 73' lang='grc' dir='ltr'><strong>μεγίστην</strong></span> <span class='ocrx_word' id='word_1_185' title='bbox 3578 1233 3816 1309; x_wconf 78' lang='grc' dir='ltr'><strong>ἔνδειξιν</strong></span> 
     </span>
    </p>
   </div>
   <div class='ocr_carea' id='block_1_28' title="bbox 2152 1323 3818 1406">
    <p class='ocr_par' dir='ltr' id='par_1_28' title="bbox 2152 1323 3818 1406">
     <span class='ocr_line' id='line_1_29' title="bbox 2152 1323 3818 1406; baseline 0.002 -26"><span class='ocrx_word' id='word_1_186' title='bbox 2152 1331 2254 1395; x_wconf 81' lang='grc' dir='ltr'><strong>τῆς</strong></span> <span class='ocrx_word' id='word_1_187' title='bbox 2283 1323 2549 1398; x_wconf 78' lang='grc' dir='ltr'>ἐσομένης</span> <span class='ocrx_word' id='word_1_188' title='bbox 2578 1324 2913 1388; x_wconf 77' lang='grc' dir='ltr'><strong>ἀναστάσεως</strong></span> <span class='ocrx_word' id='word_1_189' title='bbox 2947 1323 3384 1399; x_wconf 81' lang='grc' dir='ltr'><strong>μνηστευόμενον</strong></span> <span class='ocrx_word' id='word_1_190' title='bbox 3418 1343 3434 1356; x_wconf 82' lang='grc'><strong>’</strong></span> <span class='ocrx_word' id='word_1_191' title='bbox 3467 1326 3563 1382; x_wconf 83' lang='grc' dir='ltr'><strong>καὶ</strong></span> <span class='ocrx_word' id='word_1_192' title='bbox 3611 1329 3818 1406; x_wconf 79' lang='grc' dir='ltr'>ὅτιπερ</span> 
     </span>
    </p>
   </div>
   <div class='ocr_carea' id='block_1_29' title="bbox 2154 1413 3818 1492">
    <p class='ocr_par' dir='ltr' id='par_1_29' title="bbox 2154 1413 3818 1492">
     <span class='ocr_line' id='line_1_30' title="bbox 2154 1413 3818 1492; baseline 0.002 -22"><span class='ocrx_word' id='word_1_193' title='bbox 2154 1415 2351 1484; x_wconf 74' lang='grc' dir='ltr'>ἥκιστά</span> <span class='ocrx_word' id='word_1_194' title='bbox 2381 1415 2429 1488; x_wconf 86' lang='grc' dir='ltr'>γ’</span> <span class='ocrx_word' id='word_1_195' title='bbox 2456 1413 2650 1470; x_wconf 83' lang='grc' dir='ltr'>ἐκεῖνοι</span> <span class='ocrx_word' id='word_1_196' title='bbox 2685 1420 2787 1484; x_wconf 77' lang='grc' dir='ltr'><strong>τῆς</strong></span> <span class='ocrx_word' id='word_1_197' title='bbox 2833 1413 3076 1491; x_wconf 84' lang='grc' dir='ltr'>ἀνάρχου</span> <span class='ocrx_word' id='word_1_198' title='bbox 3107 1416 3407 1492; x_wconf 73' lang='grc' dir='ltr'>γεννήσεως</span> <span class='ocrx_word' id='word_1_199' title='bbox 3454 1416 3548 1472; x_wconf 84' lang='grc' dir='ltr'><strong>καὶ</strong></span> <span class='ocrx_word' id='word_1_200' title='bbox 3598 1416 3818 1474; x_wconf 85' lang='grc' dir='ltr'>θεολο-</span> 
     </span>
    </p>
   </div>
   <div class='ocr_carea' id='block_1_30' title="bbox 2155 1501 3813 1580">
    <p class='ocr_par' dir='ltr' id='par_1_30' title="bbox 2155 1501 3813 1580">
     <span class='ocr_line' id='line_1_31' title="bbox 2155 1501 3813 1580; baseline 0.002 -22"><span class='ocrx_word' id='word_1_201' title='bbox 2155 1503 2277 1580; x_wconf 86' lang='grc' dir='ltr'>γίας</span> <span class='ocrx_word' id='word_1_202' title='bbox 2307 1504 2398 1558; x_wconf 83' lang='grc' dir='ltr'><strong>καὶ</strong></span> <span class='ocrx_word' id='word_1_203' title='bbox 2426 1507 2537 1558; x_wconf 88' lang='grc' dir='ltr'><strong>τῶν</strong></span> <span class='ocrx_word' id='word_1_204' title='bbox 2569 1503 2656 1559; x_wconf 77' lang='grc' dir='ltr'><strong>ἐπὶ</strong></span> <span class='ocrx_word' id='word_1_205' title='bbox 2681 1501 2826 1559; x_wconf 82' lang='grc' dir='ltr'>τέλει</span> <span class='ocrx_word' id='word_1_206' title='bbox 2859 1501 3184 1577; x_wconf 82' lang='grc' dir='ltr'>διαθηκῴων</span> <span class='ocrx_word' id='word_1_207' title='bbox 3227 1502 3586 1579; x_wconf 71' lang='grc' dir='ltr'>ἐνταλμάτων</span> <span class='ocrx_word' id='word_1_208' title='bbox 3619 1507 3813 1580; x_wconf 85' lang='grc' dir='ltr'>μνείαν</span> 
     </span>
    </p>
   </div>
   <div class='ocr_carea' id='block_1_31' title="bbox 2154 1589 3818 1672">
    <p class='ocr_par' dir='ltr' id='par_1_31' title="bbox 2154 1589 3818 1672">
     <span class='ocr_line' id='line_1_32' title="bbox 2154 1589 3818 1672; baseline 0.002 -24"><span class='ocrx_word' id='word_1_209' title='bbox 2154 1591 2477 1664; x_wconf 78' lang='grc' dir='ltr'>πεποίηνται</span> <span class='ocrx_word' id='word_1_210' title='bbox 2501 1612 2514 1624; x_wconf 91' lang='grc'><strong>·</strong></span> <span class='ocrx_word' id='word_1_211' title='bbox 2549 1593 2623 1647; x_wconf 85' lang='grc' dir='ltr'>ὧν</span> <span class='ocrx_word' id='word_1_212' title='bbox 2656 1589 2724 1661; x_wconf 79' lang='grc' dir='ltr'><strong>δὴ</strong></span> <span class='ocrx_word' id='word_1_213' title='bbox 2755 1592 2922 1672; x_wconf 89' lang='grc' dir='ltr'>χάριν</span> <span class='ocrx_word' id='word_1_214' title='bbox 2945 1595 3138 1648; x_wconf 80' lang='grc' dir='ltr'>τοῦτον</span> <span class='ocrx_word' id='word_1_215' title='bbox 3170 1591 3259 1648; x_wconf 82' lang='grc' dir='ltr'><strong>έπὶ</strong></span> <span class='ocrx_word' id='word_1_216' title='bbox 3279 1594 3342 1648; x_wconf 82' lang='grc' dir='ltr'>τὸ</span> <span class='ocrx_word' id='word_1_217' title='bbox 3371 1595 3488 1650; x_wconf 83' lang='grc' dir='ltr'>κατ’</span> <span class='ocrx_word' id='word_1_218' title='bbox 3515 1595 3688 1651; x_wconf 78' lang='grc' dir='ltr'>αὐτὸν</span> <span class='ocrx_word' id='word_1_219' title='bbox 3710 1597 3818 1652; x_wconf 69' lang='lat' dir='ltr'><strong>E6-</strong></span> 
     </span>
    </p>
   </div>
   <div class='ocr_carea' id='block_1_32' title="bbox 2153 1679 3818 1759">
    <p class='ocr_par' dir='ltr' id='par_1_32' title="bbox 2153 1679 3818 1759">
     <span class='ocr_line' id='line_1_33' title="bbox 2153 1679 3818 1759; baseline 0.002 -22"><span class='ocrx_word' id='word_1_220' title='bbox 2153 1680 2406 1758; x_wconf 82' lang='grc' dir='ltr'>αγγέλιον</span> <span class='ocrx_word' id='word_1_221' title='bbox 2439 1683 2679 1756; x_wconf 84' lang='grc' dir='ltr'>ὁρμῆσαι</span> <span class='ocrx_word' id='word_1_222' title='bbox 2709 1679 2902 1758; x_wconf 85' lang='grc' dir='ltr'>λόγος.</span> <span class='ocrx_word' id='word_1_223' title='bbox 2932 1683 3044 1751; x_wconf 78' lang='grc' dir='ltr'><strong>Τῆς</strong></span> <span class='ocrx_word' id='word_1_224' title='bbox 3078 1679 3137 1737; x_wconf 76' lang='grc' dir='ltr'>δὲ</span> <span class='ocrx_word' id='word_1_225' title='bbox 3165 1685 3262 1738; x_wconf 82' lang='grc' dir='ltr'><strong>τοῦ</strong></span> <span class='ocrx_word' id='word_1_226' title='bbox 3292 1682 3430 1740; x_wconf 79' lang='grc' dir='ltr'>κατὰ</span> <span class='ocrx_word' id='word_1_227' title='bbox 3455 1685 3684 1759; x_wconf 82' lang='grc' dir='ltr'>Μάρκον</span> <span class='ocrx_word' id='word_1_228' title='bbox 3713 1685 3818 1742; x_wconf 69' lang='lat' dir='ltr'><strong>E6-</strong></span> 
     </span>
    </p>
   </div>
   <div class='ocr_carea' id='block_1_33' title="bbox 2153 1768 3813 1849">
    <p class='ocr_par' dir='ltr' id='par_1_33' title="bbox 2153 1768 3813 1849">
     <span class='ocr_line' id='line_1_34' title="bbox 2153 1768 3813 1849; baseline 0.002 -23"><span class='ocrx_word' id='word_1_229' title='bbox 2153 1769 2418 1847; x_wconf 90' lang='grc' dir='ltr'>αγγελίου</span> <span class='ocrx_word' id='word_1_230' title='bbox 2447 1776 2661 1849; x_wconf 79' lang='grc' dir='ltr'>γραφῆς</span> <span class='ocrx_word' id='word_1_231' title='bbox 2713 1768 2908 1840; x_wconf 76' lang='grc' dir='ltr'>α’ίτιον,</span> <span class='ocrx_word' id='word_1_232' title='bbox 2939 1771 2969 1826; x_wconf 85' lang='grc' dir='ltr'><strong>ὃ</strong></span> <span class='ocrx_word' id='word_1_233' title='bbox 3002 1775 3184 1846; x_wconf 87' lang='grc' dir='ltr'>μικρῷ</span> <span class='ocrx_word' id='word_1_234' title='bbox 3234 1771 3466 1845; x_wconf 81' lang='grc' dir='ltr'>πρόσθεν</span> <span class='ocrx_word' id='word_1_235' title='bbox 3516 1772 3574 1828; x_wconf 76' lang='grc' dir='ltr'>ἰν</span> <span class='ocrx_word' id='word_1_236' title='bbox 3612 1779 3698 1846; x_wconf 78' lang='grc' dir='ltr'><strong>τῷ</strong></span> <span class='ocrx_word' id='word_1_237' title='bbox 3750 1777 3813 1830; x_wconf 88' lang='grc' dir='ltr'>ιε’</span> 
     </span>
    </p>
   </div>
   <div class='ocr_carea' id='block_1_34' title="bbox 395 1854 2046 1942">
    <p class='ocr_par' dir='ltr' id='par_1_34' title="bbox 395 1854 2041 1928">
     <span class='ocr_line' id='line_1_35' title="bbox 395 1854 2041 1928; baseline 0.004 -16"><span class='ocrx_word' id='word_1_238' title='bbox 395 1854 714 1913; x_wconf 88' lang='lat' dir='ltr'><strong>obtinentia</strong></span> <span class='ocrx_word' id='word_1_239' title='bbox 749 1855 1085 1928; x_wconf 76' lang='lat' dir='ltr'><strong>attigerunt,</strong></span> <span class='ocrx_word' id='word_1_240' title='bbox 1136 1858 1281 1914; x_wconf 87' lang='lat' dir='ltr'><strong>satis</strong></span> <span class='ocrx_word' id='word_1_241' title='bbox 1327 1875 1518 1916; x_wconf 64' lang='lat' dir='ltr'><strong>causa</strong></span> <span class='ocrx_word' id='word_1_242' title='bbox 1559 1859 1838 1918; x_wconf 86' lang='lat' dir='ltr'><strong>habuisse</strong></span> <span class='ocrx_word' id='word_1_243' title='bbox 1884 1860 2041 1918; x_wconf 88' lang='lat' dir='ltr'><strong>vide-</strong></span> 
     </span>
    </p>
   </div>
   <div class='ocr_carea' id='block_1_35' title="bbox 2154 1854 3815 1942">
    <p class='ocr_par' dir='ltr' id='par_1_35' title="bbox 2154 1856 3815 1938">
     <span class='ocr_line' id='line_1_36' title="bbox 2154 1856 3815 1938; baseline 0.002 -22"><span class='ocrx_word' id='word_1_244' title='bbox 2154 1859 2432 1938; x_wconf 76' lang='grc' dir='ltr'>κεφαλαίῳ</span> <span class='ocrx_word' id='word_1_245' title='bbox 2462 1863 2560 1914; x_wconf 77' lang='grc' dir='ltr'><strong>τοῦ</strong></span> <span class='ocrx_word' id='word_1_246' title='bbox 2589 1858 2859 1934; x_wconf 84' lang='grc' dir='ltr'>παρόντος</span> <span class='ocrx_word' id='word_1_247' title='bbox 2891 1859 3267 1936; x_wconf 77' lang='grc' dir='ltr'>συντάγματος</span> <span class='ocrx_word' id='word_1_248' title='bbox 3293 1856 3624 1935; x_wconf 80' lang='grc' dir='ltr'>ὃιελάϐομεν</span> <span class='ocrx_word' id='word_1_249' title='bbox 3662 1883 3678 1896; x_wconf 74' lang='grc' dir='ltr'><strong>ο</strong></span> <span class='ocrx_word' id='word_1_250' title='bbox 3735 1865 3815 1928; x_wconf 80' lang='grc' dir='ltr'><strong>ὡς</strong></span> 
     </span>
    </p>
   </div>
   <div class='ocr_carea' id='block_1_36' title="bbox 393 1943 2046 2019">
    <p class='ocr_par' dir='ltr' id='par_1_36' title="bbox 393 1943 2046 2019">
     <span class='ocr_line' id='line_1_37' title="bbox 393 1943 2046 2019; baseline 0.004 -18"><span class='ocrx_word' id='word_1_251' title='bbox 393 1947 514 2006; x_wconf 86' lang='lat' dir='ltr'><strong>tur.</strong></span> <span class='ocrx_word' id='word_1_252' title='bbox 558 1960 663 2000; x_wconf 88' lang='lat' dir='ltr'><strong>cur</strong></span> <span class='ocrx_word' id='word_1_253' title='bbox 709 1945 782 2000; x_wconf 89' lang='lat' dir='ltr'><strong>ad</strong></span> <span class='ocrx_word' id='word_1_254' title='bbox 829 1943 930 2002; x_wconf 88' lang='lat' dir='ltr'><strong>illa</strong></span> <span class='ocrx_word' id='word_1_255' title='bbox 979 1945 1090 2002; x_wconf 88' lang='lat' dir='ltr'><strong>tria</strong></span> <span class='ocrx_word' id='word_1_256' title='bbox 1134 1946 1515 2019; x_wconf 87' lang='lat' dir='ltr'><strong>Evangelium</strong></span> <span class='ocrx_word' id='word_1_257' title='bbox 1563 1965 1736 2006; x_wconf 91' lang='lat' dir='ltr'><strong>suum</strong></span> <span class='ocrx_word' id='word_1_258' title='bbox 1789 1949 2046 2008; x_wconf 90' lang='lat' dir='ltr'><strong>adderet.</strong></span> 
     </span>
    </p>
   </div>
   <div class='ocr_carea' id='block_1_37' title="bbox 399 2031 2049 2110">
    <p class='ocr_par' dir='ltr' id='par_1_37' title="bbox 399 2031 2049 2110">
     <span class='ocr_line' id='line_1_38' title="bbox 399 2031 2049 2110; baseline 0.004 -22"><span class='ocrx_word' id='word_1_259' title='bbox 399 2031 628 2090; x_wconf 90' lang='lat' dir='ltr'><strong>Marcus</strong></span> <span class='ocrx_word' id='word_1_260' title='bbox 657 2038 878 2104; x_wconf 90' lang='lat' dir='ltr'><strong>autem,</strong></span> <span class='ocrx_word' id='word_1_261' title='bbox 927 2051 1044 2106; x_wconf 90' lang='lat' dir='ltr'><strong>qua</strong></span> <span class='ocrx_word' id='word_1_262' title='bbox 1071 2035 1357 2092; x_wconf 88' lang='lat' dir='ltr'><strong>adductus</strong></span> <span class='ocrx_word' id='word_1_263' title='bbox 1402 2052 1582 2094; x_wconf 89' lang='lat' dir='ltr'><strong>causa</strong></span> <span class='ocrx_word' id='word_1_264' title='bbox 1609 2053 1785 2094; x_wconf 89' lang='lat' dir='ltr'><strong>suum</strong></span> <span class='ocrx_word' id='word_1_265' title='bbox 1817 2053 2049 2110; x_wconf 88' lang='lat' dir='ltr'><strong>quoque</strong></span> 
     </span>
    </p>
   </div>
   <div class='ocr_carea' id='block_1_38' title="bbox 398 2123 2050 2198">
    <p class='ocr_par' dir='ltr' id='par_1_38' title="bbox 398 2123 2050 2198">
     <span class='ocr_line' id='line_1_39' title="bbox 398 2123 2050 2198; baseline 0.003 -20"><span class='ocrx_word' id='word_1_266' title='bbox 398 2123 718 2194; x_wconf 88' lang='lat' dir='ltr'><strong>scripserit,</strong></span> <span class='ocrx_word' id='word_1_267' title='bbox 766 2123 941 2196; x_wconf 90' lang='lat' dir='ltr'><strong>paulo</strong></span> <span class='ocrx_word' id='word_1_268' title='bbox 987 2126 1124 2180; x_wconf 90' lang='lat' dir='ltr'><strong>ante</strong></span> <span class='ocrx_word' id='word_1_269' title='bbox 1172 2124 1232 2179; x_wconf 91' lang='lat' dir='ltr'><strong>in</strong></span> <span class='ocrx_word' id='word_1_270' title='bbox 1275 2124 1646 2195; x_wconf 90' lang='lat' dir='ltr'><strong>quindecimo</strong></span> <span class='ocrx_word' id='word_1_271' title='bbox 1686 2124 1823 2181; x_wconf 88' lang='lat' dir='ltr'><strong>libri</strong></span> <span class='ocrx_word' id='word_1_272' title='bbox 1868 2125 2050 2198; x_wconf 87' lang='lat' dir='ltr'><strong>hujus</strong></span> 
     </span>
    </p>
   </div>
   <div class='ocr_carea' id='block_1_39' title="bbox 397 2211 2046 2284">
    <p class='ocr_par' dir='ltr' id='par_1_39' title="bbox 397 2211 2046 2284">
     <span class='ocr_line' id='line_1_40' title="bbox 397 2211 2046 2284; baseline 0.001 -14"><span class='ocrx_word' id='word_1_273' title='bbox 397 2213 587 2284; x_wconf 89' lang='lat' dir='ltr'><strong>capite</strong></span> <span class='ocrx_word' id='word_1_274' title='bbox 630 2211 959 2270; x_wconf 87' lang='lat' dir='ltr'><strong>retulimus.</strong></span> <span class='ocrx_word' id='word_1_275' title='bbox 1006 2213 1152 2269; x_wconf 90' lang='lat' dir='ltr'><strong>Cum</strong></span> <span class='ocrx_word' id='word_1_276' title='bbox 1201 2213 1350 2272; x_wconf 73' lang='lat'><strong>215</strong></span> <span class='ocrx_word' id='word_1_277' title='bbox 1401 2214 1559 2271; x_wconf 90' lang='lat' dir='ltr'><strong>enim</strong></span> <span class='ocrx_word' id='word_1_278' title='bbox 1609 2215 1814 2272; x_wconf 85' lang='lat' dir='ltr'><strong>Petrus</strong></span> <span class='ocrx_word' id='word_1_279' title='bbox 1852 2215 2046 2272; x_wconf 89' lang='lat' dir='ltr'><strong>adver-</strong></span> 
     </span>
    </p>
   </div>
   <div class='ocr_carea' id='block_1_40' title="bbox 398 2302 2048 2377">
    <p class='ocr_par' dir='ltr' id='par_1_40' title="bbox 398 2302 2048 2377">
     <span class='ocr_line' id='line_1_41' title="bbox 398 2302 2048 2377; baseline 0.002 -18"><span class='ocrx_word' id='word_1_280' title='bbox 398 2319 503 2360; x_wconf 92' lang='lat' dir='ltr'><strong>sus</strong></span> <span class='ocrx_word' id='word_1_281' title='bbox 531 2303 830 2360; x_wconf 91' lang='lat' dir='ltr'><strong>Simonem</strong></span> <span class='ocrx_word' id='word_1_282' title='bbox 864 2302 1092 2360; x_wconf 81' lang='lat' dir='ltr'><strong>fortiter</strong></span> <span class='ocrx_word' id='word_1_283' title='bbox 1136 2319 1256 2359; x_wconf 90' lang='lat' dir='ltr'><strong>rem</strong></span> <span class='ocrx_word' id='word_1_284' title='bbox 1299 2309 1544 2376; x_wconf 87' lang='lat' dir='ltr'><strong>gereret,</strong></span> <span class='ocrx_word' id='word_1_285' title='bbox 1575 2304 1949 2377; x_wconf 86' lang='lat' dir='ltr'><strong>vastitatique</strong></span> <span class='ocrx_word' id='word_1_286' title='bbox 1975 2305 2048 2362; x_wconf 91' lang='lat' dir='ltr'><strong>il-</strong></span> 
     </span>
    </p>
   </div>
   <div class='ocr_carea' id='block_1_41' title="bbox 396 2390 2048 2458">
    <p class='ocr_par' dir='ltr' id='par_1_41' title="bbox 396 2390 2048 2458">
     <span class='ocr_line' id='line_1_42' title="bbox 396 2390 2048 2458; baseline 0.002 -12"><span class='ocrx_word' id='word_1_287' title='bbox 396 2390 513 2448; x_wconf 91' lang='lat' dir='ltr'><strong>lius</strong></span> <span class='ocrx_word' id='word_1_288' title='bbox 543 2391 771 2448; x_wconf 89' lang='lat' dir='ltr'><strong>obviam</strong></span> <span class='ocrx_word' id='word_1_289' title='bbox 827 2391 959 2458; x_wconf 87' lang='lat' dir='ltr'><strong>iret,</strong></span> <span class='ocrx_word' id='word_1_290' title='bbox 1018 2407 1084 2447; x_wconf 93' lang='lat' dir='ltr'><strong>ac</strong></span> <span class='ocrx_word' id='word_1_291' title='bbox 1133 2390 1310 2448; x_wconf 87' lang='lat' dir='ltr'><strong>simul</strong></span> <span class='ocrx_word' id='word_1_292' title='bbox 1341 2391 1687 2450; x_wconf 86' lang='lat' dir='ltr'><strong>occidentali</strong></span> <span class='ocrx_word' id='word_1_293' title='bbox 1719 2409 1830 2449; x_wconf 67' lang='lat' dir='ltr'><strong>ora</strong></span> <span class='ocrx_word' id='word_1_294' title='bbox 1858 2393 2048 2450; x_wconf 92' lang='lat' dir='ltr'><strong>lucem</strong></span> 
     </span>
    </p>
   </div>
   <div class='ocr_carea' id='block_1_42' title="bbox 397 2481 2046 2550">
    <p class='ocr_par' dir='ltr' id='par_1_42' title="bbox 397 2481 2046 2550">
     <span class='ocr_line' id='line_1_43' title="bbox 397 2481 2046 2550; baseline 0.002 -12"><span class='ocrx_word' id='word_1_295' title='bbox 397 2481 654 2550; x_wconf 82' lang='lat' dir='ltr'><strong>inferret,</strong></span> <span class='ocrx_word' id='word_1_296' title='bbox 687 2485 916 2539; x_wconf 87' lang='lat' dir='ltr'><strong>tantum</strong></span> <span class='ocrx_word' id='word_1_297' title='bbox 949 2481 1295 2539; x_wconf 91' lang='lat' dir='ltr'><strong>concionum</strong></span> <span class='ocrx_word' id='word_1_298' title='bbox 1327 2498 1566 2539; x_wconf 91' lang='lat' dir='ltr'><strong>suarum</strong></span> <span class='ocrx_word' id='word_1_299' title='bbox 1598 2482 1658 2539; x_wconf 91' lang='lat' dir='ltr'><strong>in</strong></span> <span class='ocrx_word' id='word_1_300' title='bbox 1687 2483 1915 2541; x_wconf 89' lang='lat' dir='ltr'><strong>animos</strong></span> <span class='ocrx_word' id='word_1_301' title='bbox 1944 2499 2046 2540; x_wconf 89' lang='lat' dir='ltr'><strong>su-</strong></span> 
     </span>
    </p>
   </div>
   <div class='ocr_carea' id='block_1_43' title="bbox 401 2569 2045 2640">
    <p class='ocr_par' dir='ltr' id='par_1_43' title="bbox 401 2569 2045 2640">
     <span class='ocr_line' id='line_1_44' title="bbox 401 2569 2045 2640; baseline 0.001 -14"><span class='ocrx_word' id='word_1_302' title='bbox 401 2569 657 2627; x_wconf 90' lang='lat' dir='ltr'><strong>ditorum</strong></span> <span class='ocrx_word' id='word_1_303' title='bbox 711 2570 963 2628; x_wconf 87' lang='lat' dir='ltr'><strong>immisit</strong></span> <span class='ocrx_word' id='word_1_304' title='bbox 1011 2570 1384 2640; x_wconf 88' lang='lat' dir='ltr'><strong>desiderium,</strong></span> <span class='ocrx_word' id='word_1_305' title='bbox 1433 2577 1498 2628; x_wconf 92' lang='lat' dir='ltr'><strong>ut</strong></span> <span class='ocrx_word' id='word_1_306' title='bbox 1541 2572 1670 2629; x_wconf 90' lang='lat' dir='ltr'><strong>viva</strong></span> <span class='ocrx_word' id='word_1_307' title='bbox 1724 2587 1861 2630; x_wconf 88' lang='lat' dir='ltr'><strong>voce</strong></span> <span class='ocrx_word' id='word_1_308' title='bbox 1908 2588 2045 2628; x_wconf 88' lang='lat' dir='ltr'><strong>con-</strong></span> 
     </span>
    </p>
   </div>
   <div class='ocr_carea' id='block_1_44' title="bbox 402 2661 2048 2733">
    <p class='ocr_par' dir='ltr' id='par_1_44' title="bbox 402 2661 2048 2733">
     <span class='ocr_line' id='line_1_45' title="bbox 402 2661 2048 2733; baseline 0.001 -17"><span class='ocrx_word' id='word_1_309' title='bbox 402 2661 550 2717; x_wconf 88' lang='lat' dir='ltr'><strong>tenti</strong></span> <span class='ocrx_word' id='word_1_310' title='bbox 600 2677 730 2718; x_wconf 87' lang='lat' dir='ltr'><strong>esse</strong></span> <span class='ocrx_word' id='word_1_311' title='bbox 781 2676 898 2718; x_wconf 92' lang='lat' dir='ltr'><strong>non</strong></span> <span class='ocrx_word' id='word_1_312' title='bbox 938 2665 1196 2733; x_wconf 86' lang='lat' dir='ltr'><strong>possent.</strong></span> <span class='ocrx_word' id='word_1_313' title='bbox 1231 2661 1618 2728; x_wconf 90' lang='lat' dir='ltr'><strong>Quamobrem</strong></span> <span class='ocrx_word' id='word_1_314' title='bbox 1652 2661 1737 2717; x_wconf 87' lang='lat' dir='ltr'><strong>illi</strong></span> <span class='ocrx_word' id='word_1_315' title='bbox 1767 2661 2048 2729; x_wconf 90' lang='lat' dir='ltr'><strong>Marcum,</strong></span> 
     </span>
    </p>
   </div>
   <div class='ocr_carea' id='block_1_45' title="bbox 401 2751 2053 2824">
    <p class='ocr_par' dir='ltr' id='par_1_45' title="bbox 401 2751 2053 2824">
     <span class='ocr_line' id='line_1_46' title="bbox 401 2751 2053 2824; baseline 0.001 -17"><span class='ocrx_word' id='word_1_316' title='bbox 401 2751 501 2824; x_wconf 90' lang='lat' dir='ltr'><strong>qui</strong></span> <span class='ocrx_word' id='word_1_317' title='bbox 526 2755 652 2808; x_wconf 86' lang='lat' dir='ltr'><strong>tum</strong></span> <span class='ocrx_word' id='word_1_318' title='bbox 683 2753 1018 2824; x_wconf 89' lang='lat' dir='ltr'><strong>apostolum</strong></span> <span class='ocrx_word' id='word_1_319' title='bbox 1047 2751 1459 2822; x_wconf 86' lang='lat' dir='ltr'><strong>comitabatur,</strong></span> <span class='ocrx_word' id='word_1_320' title='bbox 1491 2755 1794 2824; x_wconf 86' lang='lat' dir='ltr'><strong>rogarunt,</strong></span> <span class='ocrx_word' id='word_1_321' title='bbox 1826 2759 1889 2809; x_wconf 91' lang='lat' dir='ltr'><strong>ut</strong></span> <span class='ocrx_word' id='word_1_322' title='bbox 1919 2767 2053 2808; x_wconf 84' lang='lat' dir='ltr'><strong>con-</strong></span> 
     </span>
    </p>
   </div>
   <div class='ocr_carea' id='block_1_46' title="bbox 395 2841 2048 2916">
    <p class='ocr_par' dir='ltr' id='par_1_46' title="bbox 395 2841 2048 2916">
     <span class='ocr_line' id='line_1_47' title="bbox 395 2841 2048 2916; baseline 0.001 -18"><span class='ocrx_word' id='word_1_323' title='bbox 395 2843 592 2898; x_wconf 86' lang='lat' dir='ltr'><strong>cicnes</strong></span> <span class='ocrx_word' id='word_1_324' title='bbox 637 2859 672 2898; x_wconf 90' lang='lat' dir='ltr'><strong>a</strong></span> <span class='ocrx_word' id='word_1_325' title='bbox 704 2841 871 2900; x_wconf 88' lang='lat' dir='ltr'><strong>Petro</strong></span> <span class='ocrx_word' id='word_1_326' title='bbox 917 2841 1169 2908; x_wconf 87' lang='lat' dir='ltr'><strong>habitas,</strong></span> <span class='ocrx_word' id='word_1_327' title='bbox 1213 2842 1274 2899; x_wconf 92' lang='lat' dir='ltr'><strong>in</strong></span> <span class='ocrx_word' id='word_1_328' title='bbox 1323 2845 1770 2900; x_wconf 90' lang='lat' dir='ltr'><strong>manumentum</strong></span> <span class='ocrx_word' id='word_1_329' title='bbox 1812 2842 2048 2916; x_wconf 87' lang='lat' dir='ltr'><strong>scriptis</strong></span> 
     </span>
    </p>
   </div>
   <div class='ocr_carea' id='block_1_47' title="bbox 394 2928 2050 3003">
    <p class='ocr_par' dir='ltr' id='par_1_47' title="bbox 394 2928 2050 3003">
     <span class='ocr_line' id='line_1_48' title="bbox 394 2928 2050 3003; baseline 0.001 -16"><span class='ocrx_word' id='word_1_330' title='bbox 394 2929 628 3000; x_wconf 88' lang='lat' dir='ltr'><strong>relatas,</strong></span> <span class='ocrx_word' id='word_1_331' title='bbox 667 2929 814 3003; x_wconf 85' lang='lat' dir='ltr'><strong>ipsis</strong></span> <span class='ocrx_word' id='word_1_332' title='bbox 852 2928 1232 3002; x_wconf 88' lang='lat' dir='ltr'><strong>relinqueret.</strong></span> <span class='ocrx_word' id='word_1_333' title='bbox 1263 2931 1591 2990; x_wconf 86' lang='lat' dir='ltr'><strong>Delectatus</strong></span> <span class='ocrx_word' id='word_1_334' title='bbox 1627 2939 1714 2988; x_wconf 89' lang='lat' dir='ltr'><strong>est</strong></span> <span class='ocrx_word' id='word_1_335' title='bbox 1743 2930 2050 3003; x_wconf 87' lang='lat' dir='ltr'><strong>apostolus</strong></span> 
     </span>
    </p>
   </div>
   <div class='ocr_carea' id='block_1_48' title="bbox 397 3019 2048 3093">
    <p class='ocr_par' dir='ltr' id='par_1_48' title="bbox 397 3019 2048 3093">
     <span class='ocr_line' id='line_1_49' title="bbox 397 3019 2048 3093; baseline 0.001 -17"><span class='ocrx_word' id='word_1_336' title='bbox 397 3024 521 3077; x_wconf 82' lang='lat' dir='ltr'><strong>tam</strong></span> <span class='ocrx_word' id='word_1_337' title='bbox 554 3035 845 3093; x_wconf 90' lang='lat' dir='ltr'><strong>propenso</strong></span> <span class='ocrx_word' id='word_1_338' title='bbox 876 3019 1113 3078; x_wconf 87' lang='lat' dir='ltr'><strong>illorum</strong></span> <span class='ocrx_word' id='word_1_339' title='bbox 1145 3020 1456 3090; x_wconf 90' lang='lat' dir='ltr'><strong>desiderio,</strong></span> <span class='ocrx_word' id='word_1_340' title='bbox 1486 3025 1545 3077; x_wconf 86' lang='lat' dir='ltr'><strong>et</strong></span> <span class='ocrx_word' id='word_1_341' title='bbox 1571 3023 1760 3078; x_wconf 81' lang='lat' dir='ltr'><strong>Marco</strong></span> <span class='ocrx_word' id='word_1_342' title='bbox 1790 3022 2048 3093; x_wconf 84' lang='lat' dir='ltr'><strong>Evange-</strong></span> 
     </span>
    </p>
   </div>
   <div class='ocr_carea' id='block_1_49' title="bbox 395 3106 2046 3180">
    <p class='ocr_par' dir='ltr' id='par_1_49' title="bbox 395 3106 2046 3180">
     <span class='ocr_line' id='line_1_50' title="bbox 395 3106 2046 3180; baseline 0.001 -17"><span class='ocrx_word' id='word_1_343' title='bbox 395 3107 542 3165; x_wconf 91' lang='lat' dir='ltr'><strong>lium</strong></span> <span class='ocrx_word' id='word_1_344' title='bbox 601 3107 863 3176; x_wconf 84' lang='lat' dir='ltr'><strong>dictavit,</strong></span> <span class='ocrx_word' id='word_1_345' title='bbox 921 3113 1096 3180; x_wconf 89' lang='lat' dir='ltr'><strong>atque</strong></span> <span class='ocrx_word' id='word_1_346' title='bbox 1152 3112 1218 3165; x_wconf 89' lang='lat' dir='ltr'><strong>ut</strong></span> <span class='ocrx_word' id='word_1_347' title='bbox 1274 3107 1334 3163; x_wconf 92' lang='lat' dir='ltr'><strong>id</strong></span> <span class='ocrx_word' id='word_1_348' title='bbox 1391 3107 1454 3164; x_wconf 92' lang='lat' dir='ltr'><strong>in</strong></span> <span class='ocrx_word' id='word_1_349' title='bbox 1497 3106 1724 3164; x_wconf 91' lang='lat' dir='ltr'><strong>ecclesii</strong></span> <span class='ocrx_word' id='word_1_350' title='bbox 1771 3107 2046 3180; x_wconf 88' lang='lat' dir='ltr'><strong>deinceps</strong></span> 
     </span>
    </p>
   </div>
   <div class='ocr_carea' id='block_1_50' title="bbox 2153 1945 3814 2025">
    <p class='ocr_par' dir='ltr' id='par_1_50' title="bbox 2153 1945 3814 2025">
     <span class='ocr_line' id='line_1_51' title="bbox 2153 1945 3814 2025; baseline 0.002 -20"><span class='ocrx_word' id='word_1_351' title='bbox 2153 1953 2250 2005; x_wconf 78' lang='grc' dir='ltr'><strong>τοῦ</strong></span> <span class='ocrx_word' id='word_1_352' title='bbox 2281 1949 2487 2023; x_wconf 81' lang='grc' dir='ltr'>Πέτρου</span> <span class='ocrx_word' id='word_1_353' title='bbox 2516 1947 2652 2004; x_wconf 79' lang='grc' dir='ltr'>κατά</span> <span class='ocrx_word' id='word_1_354' title='bbox 2679 1949 2776 2004; x_wconf 72' lang='grc' dir='ltr'>τοῦ</span> <span class='ocrx_word' id='word_1_355' title='bbox 2818 1947 3045 2025; x_wconf 77' lang='grc' dir='ltr'>ἐναγοῦς</span> <span class='ocrx_word' id='word_1_356' title='bbox 3077 1945 3470 2024; x_wconf 79' lang='grc' dir='ltr'>ἀνδριζομένου</span> <span class='ocrx_word' id='word_1_357' title='bbox 3518 1951 3814 2025; x_wconf 86' lang='grc' dir='ltr'>Σίμωνος,</span> 
     </span>
    </p>
   </div>
   <div class='ocr_carea' id='block_1_51' title="bbox 2154 2035 3813 2117">
    <p class='ocr_par' dir='ltr' id='par_1_51' title="bbox 2154 2035 3813 2117">
     <span class='ocr_line' id='line_1_52' title="bbox 2154 2035 3813 2117; baseline 0.001 -23"><span class='ocrx_word' id='word_1_358' title='bbox 2154 2037 2245 2094; x_wconf 84' lang='grc' dir='ltr'><strong>καὶ</strong></span> <span class='ocrx_word' id='word_1_359' title='bbox 2281 2039 2382 2108; x_wconf 81' lang='grc' dir='ltr'>τήν</span> <span class='ocrx_word' id='word_1_360' title='bbox 2433 2035 2638 2092; x_wconf 82' lang='grc' dir='ltr'>ἐκείνου</span> <span class='ocrx_word' id='word_1_361' title='bbox 2679 2038 2864 2111; x_wconf 85' lang='grc' dir='ltr'>λύμην</span> <span class='ocrx_word' id='word_1_362' title='bbox 2912 2035 3221 2108; x_wconf 79' lang='grc' dir='ltr'>ἐκλύοντος,</span> <span class='ocrx_word' id='word_1_363' title='bbox 3249 2039 3341 2093; x_wconf 86' lang='grc' dir='ltr'><strong>καὶ</strong></span> <span class='ocrx_word' id='word_1_364' title='bbox 3388 2037 3443 2094; x_wconf 81' lang='grc' dir='ltr'>ἐν</span> <span class='ocrx_word' id='word_1_365' title='bbox 3491 2039 3701 2117; x_wconf 73' lang='grc' dir='ltr'>ἑσπέρᾳ</span> <span class='ocrx_word' id='word_1_366' title='bbox 3747 2043 3813 2096; x_wconf 80' lang='grc' dir='ltr'>τὸ</span> 
     </span>
    </p>
   </div>
   <div class='ocr_carea' id='block_1_52' title="bbox 2155 2126 3815 2207">
    <p class='ocr_par' dir='ltr' id='par_1_52' title="bbox 2155 2126 3815 2207">
     <span class='ocr_line' id='line_1_53' title="bbox 2155 2126 3815 2207; baseline 0.002 -25"><span class='ocrx_word' id='word_1_367' title='bbox 2155 2132 2269 2207; x_wconf 87' lang='grc' dir='ltr'><strong>φῶς</strong></span> <span class='ocrx_word' id='word_1_368' title='bbox 2327 2127 2554 2190; x_wconf 78' lang='grc' dir='ltr'>ἐνιέντος</span> <span class='ocrx_word' id='word_1_369' title='bbox 2618 2129 2718 2196; x_wconf 79' lang='grc' dir='ltr'><strong>τῆς</strong></span> <span class='ocrx_word' id='word_1_370' title='bbox 2777 2126 3034 2200; x_wconf 85' lang='grc' dir='ltr'>πίστεως,</span> <span class='ocrx_word' id='word_1_371' title='bbox 3104 2131 3368 2184; x_wconf 77' lang='grc' dir='ltr'>τοσοῦτον</span> <span class='ocrx_word' id='word_1_372' title='bbox 3435 2127 3640 2206; x_wconf 70' lang='grc' dir='ltr'>’ίμερον</span> <span class='ocrx_word' id='word_1_373' title='bbox 3703 2137 3815 2187; x_wconf 85' lang='grc' dir='ltr'><strong>τῶν</strong></span> 
     </span>
    </p>
   </div>
   <div class='ocr_carea' id='block_1_53' title="bbox 2155 2215 3814 2300">
    <p class='ocr_par' dir='ltr' id='par_1_53' title="bbox 2155 2215 3814 2300">
     <span class='ocr_line' id='line_1_54' title="bbox 2155 2215 3814 2300; baseline 0.002 -28"><span class='ocrx_word' id='word_1_374' title='bbox 2155 2215 2334 2293; x_wconf 88' lang='grc' dir='ltr'>λόγων</span> <span class='ocrx_word' id='word_1_375' title='bbox 2383 2215 2590 2272; x_wconf 83' lang='grc' dir='ltr'>ἐκείνου</span> <span class='ocrx_word' id='word_1_376' title='bbox 2639 2221 2759 2280; x_wconf 83' lang='grc' dir='ltr'>ταῖς</span> <span class='ocrx_word' id='word_1_377' title='bbox 2802 2221 2912 2273; x_wconf 87' lang='grc' dir='ltr'><strong>τῶν</strong></span> <span class='ocrx_word' id='word_1_378' title='bbox 2959 2218 3239 2292; x_wconf 82' lang='grc' dir='ltr'>ἀκροατῶν</span> <span class='ocrx_word' id='word_1_379' title='bbox 3297 2215 3528 2275; x_wconf 80' lang='grc' dir='ltr'>ἐνθεῖναι</span> <span class='ocrx_word' id='word_1_380' title='bbox 3577 2222 3814 2300; x_wconf 79' lang='grc' dir='ltr'>ψυχαῖς,</span> 
     </span>
    </p>
   </div>
   <div class='ocr_carea' id='block_1_54' title="bbox 2153 2304 3813 2386">
    <p class='ocr_par' dir='ltr' id='par_1_54' title="bbox 2153 2304 3813 2386">
     <span class='ocr_line' id='line_1_55' title="bbox 2153 2304 3813 2386; baseline 0.004 -24"><span class='ocrx_word' id='word_1_381' title='bbox 2153 2308 2228 2365; x_wconf 76' lang='grc' dir='ltr'>ὡς</span> <span class='ocrx_word' id='word_1_382' title='bbox 2264 2308 2340 2380; x_wconf 77' lang='grc' dir='ltr'>μή</span> <span class='ocrx_word' id='word_1_383' title='bbox 2376 2306 2544 2382; x_wconf 85' lang='grc' dir='ltr'>μέχρι</span> <span class='ocrx_word' id='word_1_384' title='bbox 2595 2305 2776 2379; x_wconf 86' lang='grc' dir='ltr'>λόγων</span> <span class='ocrx_word' id='word_1_385' title='bbox 2805 2305 2982 2362; x_wconf 78' lang='grc' dir='ltr'>θέλειν</span> <span class='ocrx_word' id='word_1_386' title='bbox 3032 2304 3288 2382; x_wconf 76' lang='grc' dir='ltr'>ἐμμένειν</span> <span class='ocrx_word' id='word_1_387' title='bbox 3321 2325 3337 2342; x_wconf 80' lang='grc'><strong><em>⁸</em></strong></span> <span class='ocrx_word' id='word_1_388' title='bbox 3393 2305 3709 2386; x_wconf 87' lang='grc' dir='ltr'>λιπαρῆσαι</span> <span class='ocrx_word' id='word_1_389' title='bbox 3754 2309 3813 2368; x_wconf 74' lang='grc' dir='ltr'><strong>ὂὶ</strong></span> 
     </span>
    </p>
   </div>
   <div class='ocr_carea' id='block_1_55' title="bbox 2154 2392 3816 2474">
    <p class='ocr_par' dir='ltr' id='par_1_55' title="bbox 2154 2392 3816 2474">
     <span class='ocr_line' id='line_1_56' title="bbox 2154 2392 3816 2474; baseline 0.002 -21"><span class='ocrx_word' id='word_1_390' title='bbox 2154 2396 2374 2471; x_wconf 79' lang='grc' dir='ltr'>Μάρκον</span> <span class='ocrx_word' id='word_1_391' title='bbox 2411 2392 2667 2466; x_wconf 86' lang='grc' dir='ltr'>τηνικάδε</span> <span class='ocrx_word' id='word_1_392' title='bbox 2714 2399 2795 2469; x_wconf 80' lang='grc' dir='ltr'><strong>τῷ</strong></span> <span class='ocrx_word' id='word_1_393' title='bbox 2837 2395 3132 2470; x_wconf 87' lang='grc' dir='ltr'>ἀποστόλῳ</span> <span class='ocrx_word' id='word_1_394' title='bbox 3179 2396 3466 2471; x_wconf 71' lang='grc' dir='ltr'>ἑπόμενον,</span> <span class='ocrx_word' id='word_1_395' title='bbox 3499 2398 3816 2474; x_wconf 79' lang='grc' dir='ltr'>ὑπόμνημα</span> 
     </span>
    </p>
   </div>
   <div class='ocr_carea' id='block_1_56' title="bbox 2155 2479 3816 2563">
    <p class='ocr_par' dir='ltr' id='par_1_56' title="bbox 2155 2479 3816 2563">
     <span class='ocr_line' id='line_1_57' title="bbox 2155 2479 3816 2563; baseline 0.002 -23"><span class='ocrx_word' id='word_1_396' title='bbox 2155 2479 2422 2563; x_wconf 79' lang='grc' dir='ltr'>ἔγγραφον</span> <span class='ocrx_word' id='word_1_397' title='bbox 2471 2487 2578 2540; x_wconf 87' lang='grc' dir='ltr'><strong>τῶν</strong></span> <span class='ocrx_word' id='word_1_398' title='bbox 2634 2484 2890 2563; x_wconf 85' lang='grc' dir='ltr'>ἀγράφως</span> <span class='ocrx_word' id='word_1_399' title='bbox 2957 2485 3262 2561; x_wconf 81' lang='grc' dir='ltr'>εἰρημένων</span> <span class='ocrx_word' id='word_1_400' title='bbox 3319 2485 3500 2561; x_wconf 87' lang='grc' dir='ltr'>τούτῳ</span> <span class='ocrx_word' id='word_1_401' title='bbox 3572 2489 3816 2547; x_wconf 83' lang='grc' dir='ltr'>καταλι-</span> 
     </span>
    </p>
   </div>
   <div class='ocr_carea' id='block_1_57' title="bbox 2155 2571 3814 2652">
    <p class='ocr_par' dir='ltr' id='par_1_57' title="bbox 2155 2571 3814 2652">
     <span class='ocr_line' id='line_1_58' title="bbox 2155 2571 3814 2652; baseline 0.003 -22"><span class='ocrx_word' id='word_1_402' title='bbox 2155 2579 2298 2631; x_wconf 86' lang='grc' dir='ltr'>πεῖν.</span> <span class='ocrx_word' id='word_1_403' title='bbox 2329 2571 2590 2631; x_wconf 80' lang='grc' dir='ltr'>Ἡσθέντα</span> <span class='ocrx_word' id='word_1_404' title='bbox 2613 2577 2906 2650; x_wconf 77' lang='grc' dir='ltr'>τοιγαροῦν</span> <span class='ocrx_word' id='word_1_405' title='bbox 2937 2575 3032 2631; x_wconf 84' lang='grc' dir='ltr'>τὸν</span> <span class='ocrx_word' id='word_1_406' title='bbox 3063 2576 3370 2632; x_wconf 81' lang='grc' dir='ltr'>ἀπόστολον</span> <span class='ocrx_word' id='word_1_407' title='bbox 3397 2581 3469 2651; x_wconf 74' lang='grc' dir='ltr'><strong>τῇ</strong></span> <span class='ocrx_word' id='word_1_408' title='bbox 3500 2577 3652 2652; x_wconf 78' lang='grc' dir='ltr'>καλῇ</span> <span class='ocrx_word' id='word_1_409' title='bbox 3701 2585 3814 2635; x_wconf 83' lang='grc' dir='ltr'><strong>τῶν</strong></span> 
     </span>
    </p>
   </div>
   <div class='ocr_carea' id='block_1_58' title="bbox 2154 2664 3810 2746">
    <p class='ocr_par' dir='ltr' id='par_1_58' title="bbox 2154 2664 3810 2746">
     <span class='ocr_line' id='line_1_59' title="bbox 2154 2664 3810 2746; baseline 0.003 -26"><span class='ocrx_word' id='word_1_410' title='bbox 2154 2670 2359 2721; x_wconf 80' lang='grc' dir='ltr'>πιστῶν</span> <span class='ocrx_word' id='word_1_411' title='bbox 2407 2664 2712 2740; x_wconf 78' lang='grc' dir='ltr'>προθυμίᾳ,</span> <span class='ocrx_word' id='word_1_412' title='bbox 2763 2664 3128 2742; x_wconf 83' lang='grc' dir='ltr'>ὑπαγορεῢσαι</span> <span class='ocrx_word' id='word_1_413' title='bbox 3174 2667 3381 2741; x_wconf 80' lang='grc' dir='ltr'>Μάρκῳ</span> <span class='ocrx_word' id='word_1_414' title='bbox 3429 2669 3496 2724; x_wconf 86' lang='grc' dir='ltr'>τὸ</span> <span class='ocrx_word' id='word_1_415' title='bbox 3555 2669 3810 2746; x_wconf 74' lang='grc' dir='ltr'>Εύαγγὲ-</span> 
     </span>
    </p>
   </div>
   <div class='ocr_carea' id='block_1_59' title="bbox 2153 2752 3815 2836">
    <p class='ocr_par' dir='ltr' id='par_1_59' title="bbox 2153 2752 3815 2836">
     <span class='ocr_line' id='line_1_60' title="bbox 2153 2752 3815 2836; baseline 0.004 -26"><span class='ocrx_word' id='word_1_416' title='bbox 2153 2752 2300 2827; x_wconf 93' lang='grc' dir='ltr'>λιον,</span> <span class='ocrx_word' id='word_1_417' title='bbox 2349 2757 2438 2812; x_wconf 80' lang='grc' dir='ltr'><strong>καὶ</strong></span> <span class='ocrx_word' id='word_1_418' title='bbox 2489 2753 2540 2826; x_wconf 79' lang='grc' dir='ltr'><strong>ἒξ</strong></span> <span class='ocrx_word' id='word_1_419' title='bbox 2589 2753 2794 2811; x_wconf 78' lang='grc' dir='ltr'>ἐκείνου</span> <span class='ocrx_word' id='word_1_420' title='bbox 2843 2759 3088 2830; x_wconf 83' lang='grc' dir='ltr'>κυρῶσαι</span> <span class='ocrx_word' id='word_1_421' title='bbox 3133 2757 3234 2827; x_wconf 75' lang='grc' dir='ltr'>τὴν</span> <span class='ocrx_word' id='word_1_422' title='bbox 3280 2759 3496 2836; x_wconf 74' lang='grc' dir='ltr'>γραφὴν</span> <span class='ocrx_word' id='word_1_423' title='bbox 3546 2763 3672 2822; x_wconf 82' lang='grc' dir='ltr'>ταῖς</span> <span class='ocrx_word' id='word_1_424' title='bbox 3727 2759 3815 2816; x_wconf 80' lang='grc' dir='ltr'><strong>ἐκ·</strong></span> 
     </span>
    </p>
   </div>
   <div class='ocr_carea' id='block_1_60' title="bbox 2154 2844 3813 2922">
    <p class='ocr_par' dir='ltr' id='par_1_60' title="bbox 2154 2844 3813 2922">
     <span class='ocr_line' id='line_1_61' title="bbox 2154 2844 3813 2922; baseline 0.002 -22"><span class='ocrx_word' id='word_1_425' title='bbox 2154 2844 2410 2917; x_wconf 91' lang='grc' dir='ltr'>κλησίαις</span> <span class='ocrx_word' id='word_1_426' title='bbox 2485 2845 2970 2922; x_wconf 85' lang='grc' dir='ltr'>ἀναγινώσκεσθαι.</span> <span class='ocrx_word' id='word_1_427' title='bbox 3028 2847 3230 2914; x_wconf 80' lang='grc' dir='ltr'>Ταύτην</span> <span class='ocrx_word' id='word_1_428' title='bbox 3307 2846 3485 2904; x_wconf 76' lang='grc' dir='ltr'>αἰτίαν</span> <span class='ocrx_word' id='word_1_429' title='bbox 3561 2847 3813 2922; x_wconf 71' lang='grc' dir='ltr'>Κλήμης</span> 
     </span>
    </p>
   </div>
   <div class='ocr_carea' id='block_1_61' title="bbox 2152 2931 3815 3010">
    <p class='ocr_par' dir='ltr' id='par_1_61' title="bbox 2152 2931 3815 3010">
     <span class='ocr_line' id='line_1_62' title="bbox 2152 2931 3815 3010; baseline 0.004 -22"><span class='ocrx_word' id='word_1_430' title='bbox 2152 2937 2250 2988; x_wconf 84' lang='grc' dir='ltr'><strong>τοῦ</strong></span> <span class='ocrx_word' id='word_1_431' title='bbox 2279 2934 2418 2989; x_wconf 84' lang='grc' dir='ltr'><strong>κατά</strong></span> <span class='ocrx_word' id='word_1_432' title='bbox 2465 2934 2688 3008; x_wconf 87' lang='grc' dir='ltr'>Μάρκον</span> <span class='ocrx_word' id='word_1_433' title='bbox 2723 2931 3061 3008; x_wconf 84' lang='grc' dir='ltr'>Εύαγγελίου</span> <span class='ocrx_word' id='word_1_434' title='bbox 3110 2932 3164 2990; x_wconf 79' lang='grc' dir='ltr'>ἐν</span> <span class='ocrx_word' id='word_1_435' title='bbox 3193 2937 3264 3008; x_wconf 81' lang='grc' dir='ltr'><strong>τῇ</strong></span> <span class='ocrx_word' id='word_1_436' title='bbox 3313 2932 3442 3010; x_wconf 79' lang='grc' dir='ltr'>ἕκτῃ</span> <span class='ocrx_word' id='word_1_437' title='bbox 3473 2940 3584 2990; x_wconf 88' lang='grc' dir='ltr'><strong>τῶν</strong></span> <span class='ocrx_word' id='word_1_438' title='bbox 3637 2941 3815 2994; x_wconf 68' lang='grc' dir='ltr'>Ὑποο</span> 
     </span>
    </p>
   </div>
   <div class='ocr_carea' id='block_1_62' title="bbox 2152 3021 3812 3100">
    <p class='ocr_par' dir='ltr' id='par_1_62' title="bbox 2152 3021 3812 3100">
     <span class='ocr_line' id='line_1_63' title="bbox 2152 3021 3812 3100; baseline 0.002 -22"><span class='ocrx_word' id='word_1_439' title='bbox 2152 3023 2510 3078; x_wconf 89' lang='grc' dir='ltr'>τυπώσεων</span> <span class='ocrx_word' id='word_1_440' title='bbox 2571 3023 2825 3100; x_wconf 78' lang='grc' dir='ltr'>ἱστορεῖ·</span> <span class='ocrx_word' id='word_1_441' title='bbox 2879 3021 3140 3088; x_wconf 77' lang='grc' dir='ltr'>ὡσαύτως</span> <span class='ocrx_word' id='word_1_442' title='bbox 3191 3025 3282 3079; x_wconf 85' lang='grc' dir='ltr'>καὶ</span> <span class='ocrx_word' id='word_1_443' title='bbox 3338 3025 3368 3080; x_wconf 96' lang='lat'><strong>6</strong></span> <span class='ocrx_word' id='word_1_444' title='bbox 3423 3025 3812 3100; x_wconf 82' lang='grc' dir='ltr'>Ἱεραπολίτης</span> 
     </span>
    </p>
   </div>
   <div class='ocr_carea' id='block_1_63' title="bbox 2152 3111 3808 3190">
    <p class='ocr_par' dir='ltr' id='par_1_63' title="bbox 2152 3111 3808 3190">
     <span class='ocr_line' id='line_1_64' title="bbox 2152 3111 3808 3190; baseline 0.002 -22"><span class='ocrx_word' id='word_1_445' title='bbox 2152 3111 2448 3176; x_wconf 77' lang='grc' dir='ltr'>ἐπίσκοπος</span> <span class='ocrx_word' id='word_1_446' title='bbox 2509 3113 2743 3182; x_wconf 86' lang='grc' dir='ltr'>Παπίας,</span> <span class='ocrx_word' id='word_1_447' title='bbox 2801 3113 2878 3176; x_wconf 80' lang='grc' dir='ltr'>ὡς</span> <span class='ocrx_word' id='word_1_448' title='bbox 2932 3115 3127 3188; x_wconf 80' lang='grc' dir='ltr'>μικρὸν</span> <span class='ocrx_word' id='word_1_449' title='bbox 3187 3112 3390 3171; x_wconf 77' lang='grc' dir='ltr'>ἄνωθεν</span> <span class='ocrx_word' id='word_1_450' title='bbox 3464 3113 3808 3190; x_wconf 81' lang='grc' dir='ltr'>πλατύτερον</span> 
     </span>
    </p>
   </div>
   <div class='ocr_carea' id='block_1_64' title="bbox 394 3195 2046 3308">
    <p class='ocr_par' dir='ltr' id='par_1_64' title="bbox 394 3195 2046 3308">
     <span class='ocr_line' id='line_1_65' title="bbox 394 3195 2046 3270; baseline 0.001 -18"><span class='ocrx_word' id='word_1_451' title='bbox 394 3195 684 3269; x_wconf 85' lang='lat' dir='ltr'><strong>legeretur</strong></span> <span class='ocrx_word' id='word_1_452' title='bbox 729 3197 940 3255; x_wconf 84' lang='lat' dir='ltr'><strong>sanxit.</strong></span> <span class='ocrx_word' id='word_1_453' title='bbox 989 3196 1190 3254; x_wconf 88' lang='lat' dir='ltr'><strong>Talem</strong></span> <span class='ocrx_word' id='word_1_454' title='bbox 1222 3212 1462 3254; x_wconf 90' lang='lat' dir='ltr'><strong>causam</strong></span> <span class='ocrx_word' id='word_1_455' title='bbox 1509 3196 1806 3270; x_wconf 90' lang='lat' dir='ltr'><strong>Evangelii</strong></span> <span class='ocrx_word' id='word_1_456' title='bbox 1836 3212 2046 3253; x_wconf 83' lang='lat' dir='ltr'><strong>secun-</strong></span> 
     </span>
     <span class='ocr_line' id='line_1_66' title="bbox 401 3286 2012 3308; baseline 0.001 -2"><span class='ocrx_word' id='word_1_457' title='bbox 401 3287 530 3308; x_wconf 49' lang='grc' dir='ltr'><strong>.--μ</strong></span> <span class='ocrx_word' id='word_1_458' title='bbox 574 3291 829 3308; x_wconf 67' lang='lat'><strong>..______</strong></span> <span class='ocrx_word' id='word_1_459' title='bbox 885 3290 1142 3308; x_wconf 55' lang='lat' dir='ltr'><strong>__-__--r</strong></span> <span class='ocrx_word' id='word_1_460' title='bbox 1193 3286 1457 3308; x_wconf 50' lang='lat' dir='ltr'><strong>mm-“</strong></span> <span class='ocrx_word' id='word_1_461' title='bbox 1509 3287 1561 3308; x_wconf 44' lang='grc' dir='ltr'>,η</span> <span class='ocrx_word' id='word_1_462' title='bbox 1622 3289 1769 3308; x_wconf 71' lang='lat'><strong>_-_.-</strong></span> <span class='ocrx_word' id='word_1_463' title='bbox 1811 3288 2012 3308; x_wconf 44' lang='grc' dir='ltr'>ηιμμ,</span> 
     </span>
    </p>
   </div>
   <div class='ocr_carea' id='block_1_65' title="bbox 2154 3195 3810 3308">
    <p class='ocr_par' dir='ltr' id='par_1_65' title="bbox 2154 3199 3810 3285">
     <span class='ocr_line' id='line_1_67' title="bbox 2154 3199 3810 3285; baseline 0.002 -27"><span class='ocrx_word' id='word_1_464' title='bbox 2154 3199 2566 3278; x_wconf 82' lang='grc' dir='ltr'>ἠκριϐώσαμεν,</span> <span class='ocrx_word' id='word_1_465' title='bbox 2611 3207 2691 3276; x_wconf 80' lang='grc' dir='ltr'><strong>τῷ</strong></span> <span class='ocrx_word' id='word_1_466' title='bbox 2737 3201 3199 3278; x_wconf 82' lang='grc' dir='ltr'>πεντεκαιδεκάτῳ</span> <span class='ocrx_word' id='word_1_467' title='bbox 3245 3202 3464 3277; x_wconf 81' lang='grc' dir='ltr'>δηλαδὴ</span> <span class='ocrx_word' id='word_1_468' title='bbox 3521 3205 3810 3285; x_wconf 75' lang='grc' dir='ltr'>κεφαλαίῳ</span> 
     </span>
    </p>
   </div>
   <div class='ocr_carea' id='block_1_66' title="bbox 396 3286 2044 3359">
    <p class='ocr_par' dir='ltr' id='par_1_66' title="bbox 396 3286 2044 3359">
     <span class='ocr_line' id='line_1_68' title="bbox 396 3286 2044 3359; baseline 0.001 -17"><span class='ocrx_word' id='word_1_469' title='bbox 396 3287 535 3344; x_wconf 85' lang='lat' dir='ltr'><strong>dum</strong></span> <span class='ocrx_word' id='word_1_470' title='bbox 574 3291 834 3344; x_wconf 85' lang='lat' dir='ltr'><strong>Marcum</strong></span> <span class='ocrx_word' id='word_1_471' title='bbox 884 3290 1146 3344; x_wconf 87' lang='lat' dir='ltr'><strong>recenset</strong></span> <span class='ocrx_word' id='word_1_472' title='bbox 1192 3286 1460 3342; x_wconf 88' lang='lat' dir='ltr'><strong>Clemens</strong></span> <span class='ocrx_word' id='word_1_473' title='bbox 1507 3287 1566 3342; x_wconf 90' lang='lat' dir='ltr'><strong>in</strong></span> <span class='ocrx_word' id='word_1_474' title='bbox 1619 3289 1776 3344; x_wconf 82' lang='lat' dir='ltr'><strong>sexto</strong></span> <span class='ocrx_word' id='word_1_475' title='bbox 1802 3288 2044 3359; x_wconf 72' lang='lat' dir='ltr'><strong>Disposi-</strong></span> 
     </span>
    </p>
   </div>
   <div class='ocr_carea' id='block_1_67' title="bbox 397 3375 2045 3448">
    <p class='ocr_par' dir='ltr' id='par_1_67' title="bbox 397 3375 2045 3448">
     <span class='ocr_line' id='line_1_69' title="bbox 397 3375 2045 3448; baseline 0.001 -16"><span class='ocrx_word' id='word_1_476' title='bbox 397 3377 610 3434; x_wconf 82' lang='lat' dir='ltr'><strong>tionum</strong></span> <span class='ocrx_word' id='word_1_477' title='bbox 638 3375 828 3444; x_wconf 89' lang='lat' dir='ltr'><strong>libro;</strong></span> <span class='ocrx_word' id='word_1_478' title='bbox 861 3384 1036 3448; x_wconf 89' lang='lat' dir='ltr'><strong>atque</strong></span> <span class='ocrx_word' id='word_1_479' title='bbox 1075 3375 1276 3432; x_wconf 89' lang='lat' dir='ltr'><strong>itidem</strong></span> <span class='ocrx_word' id='word_1_480' title='bbox 1315 3375 1784 3448; x_wconf 89' lang='lat' dir='ltr'><strong>Hierapolitanus</strong></span> <span class='ocrx_word' id='word_1_481' title='bbox 1813 3376 2045 3448; x_wconf 89' lang='lat' dir='ltr'><strong>episco-</strong></span> 
     </span>
    </p>
   </div>
   <div class='ocr_carea' id='block_1_68' title="bbox 399 3465 2046 3540">
    <p class='ocr_par' dir='ltr' id='par_1_68' title="bbox 399 3465 2046 3540">
     <span class='ocr_line' id='line_1_70' title="bbox 399 3465 2046 3540; baseline 0 -16"><span class='ocrx_word' id='word_1_482' title='bbox 399 3485 510 3540; x_wconf 87' lang='lat' dir='ltr'><strong>pus</strong></span> <span class='ocrx_word' id='word_1_483' title='bbox 557 3467 787 3540; x_wconf 88' lang='lat' dir='ltr'><strong>Papias.</strong></span> <span class='ocrx_word' id='word_1_484' title='bbox 849 3471 1100 3525; x_wconf 84' lang='lat' dir='ltr'><strong>Sanctus</strong></span> <span class='ocrx_word' id='word_1_485' title='bbox 1155 3483 1322 3538; x_wconf 88' lang='lat' dir='ltr'><strong>porro</strong></span> <span class='ocrx_word' id='word_1_486' title='bbox 1382 3467 1568 3524; x_wconf 90' lang='lat' dir='ltr'><strong>Lucas</strong></span> <span class='ocrx_word' id='word_1_487' title='bbox 1624 3465 1790 3524; x_wconf 88' lang='lat' dir='ltr'><strong>initio</strong></span> <span class='ocrx_word' id='word_1_488' title='bbox 1845 3468 2046 3524; x_wconf 88' lang='lat' dir='ltr'><strong>statim</strong></span> 
     </span>
    </p>
   </div>
   <div class='ocr_carea' id='block_1_69' title="bbox 396 3557 2046 3630">
    <p class='ocr_par' dir='ltr' id='par_1_69' title="bbox 396 3557 2046 3630">
     <span class='ocr_line' id='line_1_71' title="bbox 396 3557 2046 3630; baseline -0.001 -16"><span class='ocrx_word' id='word_1_489' title='bbox 396 3557 598 3629; x_wconf 87' lang='lat' dir='ltr'><strong>scripti</strong></span> <span class='ocrx_word' id='word_1_490' title='bbox 630 3557 722 3614; x_wconf 87' lang='lat' dir='ltr'><strong>sui</strong></span> <span class='ocrx_word' id='word_1_491' title='bbox 752 3557 1090 3626; x_wconf 88' lang='lat' dir='ltr'><strong>consilium,</strong></span> <span class='ocrx_word' id='word_1_492' title='bbox 1121 3573 1237 3630; x_wconf 91' lang='lat' dir='ltr'><strong>quo</strong></span> <span class='ocrx_word' id='word_1_493' title='bbox 1269 3557 1340 3613; x_wconf 89' lang='lat' dir='ltr'><strong>ad</strong></span> <span class='ocrx_word' id='word_1_494' title='bbox 1371 3557 1746 3613; x_wconf 88' lang='lat' dir='ltr'><strong>scribendum</strong></span> <span class='ocrx_word' id='word_1_495' title='bbox 1777 3572 2046 3629; x_wconf 89' lang='lat' dir='ltr'><strong>pervene-</strong></span> 
     </span>
    </p>
   </div>
   <div class='ocr_carea' id='block_1_70' title="bbox 400 3644 2047 3719">
    <p class='ocr_par' dir='ltr' id='par_1_70' title="bbox 400 3644 2047 3719">
     <span class='ocr_line' id='line_1_72' title="bbox 400 3644 2047 3719; baseline -0.001 -16"><span class='ocrx_word' id='word_1_496' title='bbox 400 3647 496 3717; x_wconf 89' lang='lat' dir='ltr'><strong>rit,</strong></span> <span class='ocrx_word' id='word_1_497' title='bbox 531 3645 788 3719; x_wconf 79' lang='lat' dir='ltr'><strong>exponit.</strong></span> <span class='ocrx_word' id='word_1_498' title='bbox 821 3644 972 3702; x_wconf 88' lang='lat' dir='ltr'><strong>Dicit</strong></span> <span class='ocrx_word' id='word_1_499' title='bbox 999 3646 1181 3716; x_wconf 90' lang='lat' dir='ltr'><strong>enim,</strong></span> <span class='ocrx_word' id='word_1_500' title='bbox 1213 3648 1412 3719; x_wconf 89' lang='lat' dir='ltr'><strong>plures</strong></span> <span class='ocrx_word' id='word_1_501' title='bbox 1441 3645 1701 3718; x_wconf 88' lang='lat' dir='ltr'><strong>quidem,</strong></span> <span class='ocrx_word' id='word_1_502' title='bbox 1734 3646 1806 3702; x_wconf 87' lang='lat' dir='ltr'><strong>de</strong></span> <span class='ocrx_word' id='word_1_503' title='bbox 1835 3645 2047 3718; x_wconf 89' lang='lat' dir='ltr'><strong>quibus</strong></span> 
     </span>
    </p>
   </div>
   <div class='ocr_carea' id='block_1_71' title="bbox 397 3737 2048 3810">
    <p class='ocr_par' dir='ltr' id='par_1_71' title="bbox 397 3737 2048 3810">
     <span class='ocr_line' id='line_1_73' title="bbox 397 3737 2048 3810; baseline 0.001 -17"><span class='ocrx_word' id='word_1_504' title='bbox 397 3738 525 3810; x_wconf 88' lang='lat' dir='ltr'><strong>ipse</strong></span> <span class='ocrx_word' id='word_1_505' title='bbox 579 3741 734 3794; x_wconf 89' lang='lat' dir='ltr'><strong>certo</strong></span> <span class='ocrx_word' id='word_1_506' title='bbox 782 3737 1020 3794; x_wconf 89' lang='lat' dir='ltr'><strong>edoctus</strong></span> <span class='ocrx_word' id='word_1_507' title='bbox 1075 3741 1232 3794; x_wconf 86' lang='lat' dir='ltr'><strong>esset</strong></span> <span class='ocrx_word' id='word_1_508' title='bbox 1286 3737 1484 3806; x_wconf 87' lang='lat' dir='ltr'><strong>rebus,</strong></span> <span class='ocrx_word' id='word_1_509' title='bbox 1527 3742 1745 3794; x_wconf 89' lang='lat' dir='ltr'><strong>temere</strong></span> <span class='ocrx_word' id='word_1_510' title='bbox 1795 3737 2048 3794; x_wconf 85' lang='lat' dir='ltr'><strong>scribere</strong></span> 
     </span>
    </p>
   </div>
   <div class='ocr_carea' id='block_1_72' title="bbox 398 3825 2046 3898">
    <p class='ocr_par' dir='ltr' id='par_1_72' title="bbox 398 3825 2046 3898">
     <span class='ocr_line' id='line_1_74' title="bbox 398 3825 2046 3898; baseline 0 -14"><span class='ocrx_word' id='word_1_511' title='bbox 398 3843 574 3884; x_wconf 86' lang='lat' dir='ltr'><strong>ausos</strong></span> <span class='ocrx_word' id='word_1_512' title='bbox 597 3826 782 3884; x_wconf 78' lang='lat' dir='ltr'><strong>fuisse</strong></span> <span class='ocrx_word' id='word_1_513' title='bbox 804 3841 818 3883; x_wconf 89' lang='lat'><strong>:</strong></span> <span class='ocrx_word' id='word_1_514' title='bbox 849 3841 912 3883; x_wconf 93' lang='lat' dir='ltr'><strong>se</strong></span> <span class='ocrx_word' id='word_1_515' title='bbox 935 3830 1130 3883; x_wconf 88' lang='lat' dir='ltr'><strong>autem</strong></span> <span class='ocrx_word' id='word_1_516' title='bbox 1157 3825 1354 3882; x_wconf 84' lang='lat' dir='ltr'><strong>dubiis</strong></span> <span class='ocrx_word' id='word_1_517' title='bbox 1380 3825 1848 3898; x_wconf 89' lang='lat' dir='ltr'><strong>ancipitibusque</strong></span> <span class='ocrx_word' id='word_1_518' title='bbox 1865 3825 2046 3884; x_wconf 91' lang='lat' dir='ltr'><strong>libros</strong></span> 
     </span>
    </p>
   </div>
   <div class='ocr_carea' id='block_1_73' title="bbox 398 3913 2046 3988">
    <p class='ocr_par' dir='ltr' id='par_1_73' title="bbox 398 3913 2046 3988">
     <span class='ocr_line' id='line_1_75' title="bbox 398 3913 2046 3988; baseline -0.001 -16"><span class='ocrx_word' id='word_1_519' title='bbox 398 3916 652 3988; x_wconf 87' lang='lat' dir='ltr'><strong>rejectis,</strong></span> <span class='ocrx_word' id='word_1_520' title='bbox 709 3918 767 3972; x_wconf 91' lang='lat' dir='ltr'><strong>et</strong></span> <span class='ocrx_word' id='word_1_521' title='bbox 817 3930 1156 3973; x_wconf 88' lang='lat' dir='ltr'><strong>sermonum</strong></span> <span class='ocrx_word' id='word_1_522' title='bbox 1203 3914 1469 3972; x_wconf 85' lang='lat' dir='ltr'><strong>veritatis</strong></span> <span class='ocrx_word' id='word_1_523' title='bbox 1517 3913 1868 3972; x_wconf 88' lang='lat' dir='ltr'><strong>certitudine</strong></span> <span class='ocrx_word' id='word_1_524' title='bbox 1915 3930 2046 3986; x_wconf 86' lang='lat' dir='ltr'><strong>per-</strong></span> 
     </span>
    </p>
   </div>
   <div class='ocr_carea' id='block_1_74' title="bbox 397 4003 2047 4078">
    <p class='ocr_par' dir='ltr' id='par_1_74' title="bbox 397 4003 2047 4078">
     <span class='ocr_line' id='line_1_76' title="bbox 397 4003 2047 4078; baseline -0.002 -16"><span class='ocrx_word' id='word_1_525' title='bbox 397 4009 584 4078; x_wconf 82' lang='lat' dir='ltr'><strong>cepta,</strong></span> <span class='ocrx_word' id='word_1_526' title='bbox 618 4004 831 4077; x_wconf 85' lang='lat' dir='ltr'><strong>quippe</strong></span> <span class='ocrx_word' id='word_1_527' title='bbox 880 4003 978 4076; x_wconf 90' lang='lat' dir='ltr'><strong>qui</strong></span> <span class='ocrx_word' id='word_1_528' title='bbox 1020 4019 1153 4062; x_wconf 89' lang='lat' dir='ltr'><strong>cum</strong></span> <span class='ocrx_word' id='word_1_529' title='bbox 1204 4003 1378 4061; x_wconf 89' lang='lat' dir='ltr'><strong>Paulo</strong></span> <span class='ocrx_word' id='word_1_530' title='bbox 1427 4007 1485 4060; x_wconf 93' lang='lat' dir='ltr'><strong>et</strong></span> <span class='ocrx_word' id='word_1_531' title='bbox 1513 4003 1736 4062; x_wconf 83' lang='lat' dir='ltr'><strong>caeteris</strong></span> <span class='ocrx_word' id='word_1_532' title='bbox 1766 4003 2047 4076; x_wconf 86' lang='lat' dir='ltr'><strong>apostolis</strong></span> 
     </span>
    </p>
   </div>
   <div class='ocr_carea' id='block_1_75' title="bbox 397 4094 2048 4167">
    <p class='ocr_par' dir='ltr' id='par_1_75' title="bbox 397 4094 2048 4167">
     <span class='ocr_line' id='line_1_77' title="bbox 397 4094 2048 4167; baseline 0 -17"><span class='ocrx_word' id='word_1_533' title='bbox 397 4094 624 4162; x_wconf 84' lang='lat' dir='ltr'><strong>vixerit,</strong></span> <span class='ocrx_word' id='word_1_534' title='bbox 656 4095 1013 4166; x_wconf 89' lang='lat' dir='ltr'><strong>illorumque</strong></span> <span class='ocrx_word' id='word_1_535' title='bbox 1043 4095 1204 4152; x_wconf 88' lang='lat' dir='ltr'><strong>hisce</strong></span> <span class='ocrx_word' id='word_1_536' title='bbox 1243 4095 1316 4152; x_wconf 89' lang='lat' dir='ltr'><strong>de</strong></span> <span class='ocrx_word' id='word_1_537' title='bbox 1344 4095 1521 4152; x_wconf 89' lang='lat' dir='ltr'><strong>rebus</strong></span> <span class='ocrx_word' id='word_1_538' title='bbox 1551 4094 1876 4167; x_wconf 90' lang='lat' dir='ltr'><strong>colloquiis,</strong></span> <span class='ocrx_word' id='word_1_539' title='bbox 1908 4111 2048 4151; x_wconf 90' lang='lat' dir='ltr'><strong>con-</strong></span> 
     </span>
    </p>
   </div>
   <div class='ocr_carea' id='block_1_76' title="bbox 398 4182 2048 4255">
    <p class='ocr_par' dir='ltr' id='par_1_76' title="bbox 398 4182 2048 4255">
     <span class='ocr_line' id='line_1_78' title="bbox 398 4182 2048 4255; baseline 0.001 -17"><span class='ocrx_word' id='word_1_540' title='bbox 398 4183 572 4248; x_wconf 86' lang='lat' dir='ltr'><strong>victu,</strong></span> <span class='ocrx_word' id='word_1_541' title='bbox 605 4187 662 4238; x_wconf 88' lang='lat' dir='ltr'><strong>et</strong></span> <span class='ocrx_word' id='word_1_542' title='bbox 693 4182 965 4240; x_wconf 80' lang='lat' dir='ltr'><strong>familiari</strong></span> <span class='ocrx_word' id='word_1_543' title='bbox 995 4185 1418 4241; x_wconf 88' lang='lat' dir='ltr'><strong>consuetudine</strong></span> <span class='ocrx_word' id='word_1_544' title='bbox 1439 4184 1518 4240; x_wconf 91' lang='lat' dir='ltr'><strong>sit</strong></span> <span class='ocrx_word' id='word_1_545' title='bbox 1548 4185 1810 4255; x_wconf 80' lang='lat' dir='ltr'><strong>adjutus,</strong></span> <span class='ocrx_word' id='word_1_546' title='bbox 1842 4199 2048 4240; x_wconf 88' lang='lat' dir='ltr'><strong>neces-</strong></span> 
     </span>
    </p>
   </div>
   <div class='ocr_carea' id='block_1_77' title="bbox 399 4269 2044 4343">
    <p class='ocr_par' dir='ltr' id='par_1_77' title="bbox 399 4269 2044 4343">
     <span class='ocr_line' id='line_1_79' title="bbox 399 4269 2044 4343; baseline -0.001 -15"><span class='ocrx_word' id='word_1_547' title='bbox 399 4269 554 4328; x_wconf 84' lang='lat' dir='ltr'><strong>sario</strong></span> <span class='ocrx_word' id='word_1_548' title='bbox 611 4271 682 4326; x_wconf 86' lang='lat' dir='ltr'><strong>ad</strong></span> <span class='ocrx_word' id='word_1_549' title='bbox 739 4271 1228 4328; x_wconf 76' lang='lat' dir='ltr'><strong>conscribendam</strong></span> <span class='ocrx_word' id='word_1_550' title='bbox 1293 4271 1668 4343; x_wconf 87' lang='lat' dir='ltr'><strong>Evangelium</strong></span> <span class='ocrx_word' id='word_1_551' title='bbox 1727 4272 2044 4327; x_wconf 89' lang='lat' dir='ltr'><strong>adductum</strong></span> 
     </span>
    </p>
   </div>
   <div class='ocr_carea' id='block_1_78' title="bbox 397 4361 2046 4434">
    <p class='ocr_par' dir='ltr' id='par_1_78' title="bbox 397 4361 2046 4434">
     <span class='ocr_line' id='line_1_80' title="bbox 397 4361 2046 4434; baseline -0.001 -15"><span class='ocrx_word' id='word_1_552' title='bbox 397 4375 548 4419; x_wconf 89' lang='lat' dir='ltr'><strong>esse.</strong></span> <span class='ocrx_word' id='word_1_553' title='bbox 606 4362 739 4418; x_wconf 67' lang='lat' dir='ltr'><strong>Hac</strong></span> <span class='ocrx_word' id='word_1_554' title='bbox 793 4376 1072 4432; x_wconf 90' lang='lat' dir='ltr'><strong>germana</strong></span> <span class='ocrx_word' id='word_1_555' title='bbox 1127 4369 1264 4418; x_wconf 90' lang='lat' dir='ltr'><strong>sunt</strong></span> <span class='ocrx_word' id='word_1_556' title='bbox 1311 4365 1370 4418; x_wconf 90' lang='lat' dir='ltr'><strong>et</strong></span> <span class='ocrx_word' id='word_1_557' title='bbox 1421 4361 1610 4418; x_wconf 88' lang='lat' dir='ltr'><strong>nativa</strong></span> <span class='ocrx_word' id='word_1_558' title='bbox 1658 4361 2046 4434; x_wconf 85' lang='lat' dir='ltr'><strong>apostolorum</strong></span> 
     </span>
    </p>
   </div>
   <div class='ocr_carea' id='block_1_79' title="bbox 398 4448 2048 4524">
    <p class='ocr_par' dir='ltr' id='par_1_79' title="bbox 398 4448 2048 4524">
     <span class='ocr_line' id='line_1_81' title="bbox 398 4448 2048 4524; baseline 0.001 -17"><span class='ocrx_word' id='word_1_559' title='bbox 398 4448 734 4522; x_wconf 87' lang='lat' dir='ltr'><strong>Evangelia,</strong></span> <span class='ocrx_word' id='word_1_560' title='bbox 773 4449 897 4520; x_wconf 90' lang='lat' dir='ltr'><strong>jam</strong></span> <span class='ocrx_word' id='word_1_561' title='bbox 942 4449 1080 4508; x_wconf 88' lang='lat' dir='ltr'><strong>inde</strong></span> <span class='ocrx_word' id='word_1_562' title='bbox 1118 4451 1190 4508; x_wconf 88' lang='lat' dir='ltr'><strong>ab</strong></span> <span class='ocrx_word' id='word_1_563' title='bbox 1221 4449 1387 4508; x_wconf 91' lang='lat' dir='ltr'><strong>initio</strong></span> <span class='ocrx_word' id='word_1_564' title='bbox 1418 4450 1803 4524; x_wconf 85' lang='lat' dir='ltr'><strong>promulgata,</strong></span> <span class='ocrx_word' id='word_1_565' title='bbox 1835 4455 1892 4508; x_wconf 89' lang='lat' dir='ltr'><strong>et</strong></span> <span class='ocrx_word' id='word_1_566' title='bbox 1919 4469 2048 4524; x_wconf 64' lang='lat' dir='ltr'><strong>qua</strong></span> 
     </span>
    </p>
   </div>
   <div class='ocr_carea' id='block_1_80' title="bbox 399 4539 2045 4612">
    <p class='ocr_par' dir='ltr' id='par_1_80' title="bbox 399 4539 2045 4612">
     <span class='ocr_line' id='line_1_82' title="bbox 399 4539 2045 4612; baseline 0.002 -16"><span class='ocrx_word' id='word_1_567' title='bbox 399 4539 746 4598; x_wconf 67' lang='lat' dir='ltr'><strong>indubitatae</strong></span> <span class='ocrx_word' id='word_1_568' title='bbox 797 4543 1087 4612; x_wconf 71' lang='lat' dir='ltr'><strong>certeque</strong></span> <span class='ocrx_word' id='word_1_569' title='bbox 1143 4539 1275 4596; x_wconf 84' lang='lat' dir='ltr'><strong>ﬁdei</strong></span> <span class='ocrx_word' id='word_1_570' title='bbox 1325 4541 1386 4596; x_wconf 89' lang='lat' dir='ltr'><strong>in</strong></span> <span class='ocrx_word' id='word_1_571' title='bbox 1437 4539 1695 4598; x_wconf 86' lang='lat' dir='ltr'><strong>Ecclesia</strong></span> <span class='ocrx_word' id='word_1_572' title='bbox 1743 4541 2045 4599; x_wconf 87' lang='lat' dir='ltr'><strong>habentur.</strong></span> 
     </span>
    </p>
   </div>
   <div class='ocr_carea' id='block_1_81' title="bbox 2153 3293 3808 3372">
    <p class='ocr_par' dir='ltr' id='par_1_81' title="bbox 2153 3293 3808 3372">
     <span class='ocr_line' id='line_1_83' title="bbox 2153 3293 3808 3372; baseline 0.002 -24"><span class='ocrx_word' id='word_1_573' title='bbox 2153 3297 2250 3348; x_wconf 76' lang='grc' dir='ltr'><strong>τοῦ</strong></span> <span class='ocrx_word' id='word_1_574' title='bbox 2280 3293 2548 3368; x_wconf 88' lang='grc' dir='ltr'>παρόντος</span> <span class='ocrx_word' id='word_1_575' title='bbox 2597 3293 2987 3369; x_wconf 87' lang='grc' dir='ltr'>συντάγματος.</span> <span class='ocrx_word' id='word_1_576' title='bbox 3015 3295 3083 3350; x_wconf 84' lang='grc' dir='ltr'><strong>Ὅ</strong></span> <span class='ocrx_word' id='word_1_577' title='bbox 3128 3315 3190 3368; x_wconf 91' lang='grc' dir='ltr'><strong>γε</strong></span> <span class='ocrx_word' id='word_1_578' title='bbox 3217 3295 3326 3372; x_wconf 73' lang='grc' dir='ltr'>μὴν</span> <span class='ocrx_word' id='word_1_579' title='bbox 3373 3297 3516 3356; x_wconf 84' lang='grc' dir='ltr'>θεῖος</span> <span class='ocrx_word' id='word_1_580' title='bbox 3567 3301 3808 3368; x_wconf 74' lang='grc' dir='ltr'>Λουκᾶς,</span> 
     </span>
    </p>
   </div>
   <div class='ocr_carea' id='block_1_82' title="bbox 2155 3381 3807 3460">
    <p class='ocr_par' dir='ltr' id='par_1_82' title="bbox 2155 3381 3807 3460">
     <span class='ocr_line' id='line_1_84' title="bbox 2155 3381 3807 3460; baseline 0.001 -22"><span class='ocrx_word' id='word_1_581' title='bbox 2155 3383 2466 3458; x_wconf 75' lang='grc' dir='ltr'>ἀρχόμενος</span> <span class='ocrx_word' id='word_1_582' title='bbox 2493 3386 2590 3438; x_wconf 76' lang='grc' dir='ltr'><strong>τοῦ</strong></span> <span class='ocrx_word' id='word_1_583' title='bbox 2636 3381 3090 3460; x_wconf 83' lang='grc' dir='ltr'>συγγράμματος,</span> <span class='ocrx_word' id='word_1_584' title='bbox 3119 3383 3218 3452; x_wconf 84' lang='grc' dir='ltr'><strong>τήν</strong></span> <span class='ocrx_word' id='word_1_585' title='bbox 3263 3381 3444 3440; x_wconf 80' lang='grc' dir='ltr'>αἰτίαν</span> <span class='ocrx_word' id='word_1_586' title='bbox 3485 3385 3807 3458; x_wconf 83' lang='grc' dir='ltr'>προτίθησι,</span> 
     </span>
    </p>
   </div>
   <div class='ocr_carea' id='block_1_83' title="bbox 2157 3469 3806 3553">
    <p class='ocr_par' dir='ltr' id='par_1_83' title="bbox 2157 3469 3806 3553">
     <span class='ocr_line' id='line_1_85' title="bbox 2157 3469 3806 3553; baseline 0.001 -25"><span class='ocrx_word' id='word_1_587' title='bbox 2157 3469 2227 3528; x_wconf 85' lang='grc' dir='ltr'>δι’</span> <span class='ocrx_word' id='word_1_588' title='bbox 2258 3474 2324 3543; x_wconf 86' lang='grc' dir='ltr'>ἣν</span> <span class='ocrx_word' id='word_1_589' title='bbox 2353 3470 2440 3527; x_wconf 74' lang='grc' dir='ltr'>ἐπὶ</span> <span class='ocrx_word' id='word_1_590' title='bbox 2471 3473 2570 3544; x_wconf 74' lang='grc' dir='ltr'>τήν</span> <span class='ocrx_word' id='word_1_591' title='bbox 2601 3471 2912 3550; x_wconf 75' lang='grc' dir='ltr'>ἀναγραφήν</span> <span class='ocrx_word' id='word_1_592' title='bbox 2954 3471 3118 3541; x_wconf 75' lang='grc' dir='ltr'>ἦλθεν</span> <span class='ocrx_word' id='word_1_593' title='bbox 3154 3493 3168 3507; x_wconf 88' lang='grc'><strong>·</strong></span> <span class='ocrx_word' id='word_1_594' title='bbox 3199 3471 3428 3530; x_wconf 88' lang='grc' dir='ltr'>πολλῶν</span> <span class='ocrx_word' id='word_1_595' title='bbox 3470 3475 3598 3552; x_wconf 81' lang='grc' dir='ltr'>γὰρ,</span> <span class='ocrx_word' id='word_1_596' title='bbox 3643 3477 3806 3553; x_wconf 78' lang='grc' dir='ltr'>φησί,</span> 
     </span>
    </p>
   </div>
   <div class='ocr_carea' id='block_1_84' title="bbox 2155 3558 3801 3637">
    <p class='ocr_par' dir='ltr' id='par_1_84' title="bbox 2155 3558 3801 3637">
     <span class='ocr_line' id='line_1_86' title="bbox 2155 3558 3801 3637; baseline 0.003 -22"><span class='ocrx_word' id='word_1_597' title='bbox 2155 3565 2441 3634; x_wconf 89' lang='grc' dir='ltr'>προπετῶς</span> <span class='ocrx_word' id='word_1_598' title='bbox 2488 3558 2740 3637; x_wconf 72' lang='grc' dir='ltr'>διήγησιν</span> <span class='ocrx_word' id='word_1_599' title='bbox 2798 3559 3117 3636; x_wconf 74' lang='grc' dir='ltr'>τιθεμένων,</span> <span class='ocrx_word' id='word_1_600' title='bbox 3164 3562 3239 3616; x_wconf 82' lang='grc' dir='ltr'><strong>ὧν</strong></span> <span class='ocrx_word' id='word_1_601' title='bbox 3295 3562 3460 3626; x_wconf 80' lang='grc' dir='ltr'>αὐτὸς</span> <span class='ocrx_word' id='word_1_602' title='bbox 3513 3563 3801 3636; x_wconf 83' lang='grc' dir='ltr'>πεπληρο-</span> 
     </span>
    </p>
   </div>
   <div class='ocr_carea' id='block_1_85' title="bbox 2157 3644 3807 3728">
    <p class='ocr_par' dir='ltr' id='par_1_85' title="bbox 2157 3644 3807 3728">
     <span class='ocr_line' id='line_1_87' title="bbox 2157 3644 3807 3728; baseline 0.004 -25"><span class='ocrx_word' id='word_1_603' title='bbox 2157 3644 2390 3728; x_wconf 73' lang='grc' dir='ltr'>φὸρηται</span> <span class='ocrx_word' id='word_1_604' title='bbox 2445 3649 2655 3726; x_wconf 87' lang='grc' dir='ltr'>λόγων,</span> <span class='ocrx_word' id='word_1_605' title='bbox 2695 3647 3058 3706; x_wconf 80' lang='grc' dir='ltr'>ἀπαλλάττων</span> <span class='ocrx_word' id='word_1_606' title='bbox 3102 3655 3203 3720; x_wconf 78' lang='grc' dir='ltr'>τῆς</span> <span class='ocrx_word' id='word_1_607' title='bbox 3249 3647 3573 3726; x_wconf 75' lang='grc' dir='ltr'>ἀμφιϐόλου</span> <span class='ocrx_word' id='word_1_608' title='bbox 3620 3656 3807 3709; x_wconf 82' lang='grc' dir='ltr'>συντά-</span> 
     </span>
    </p>
   </div>
   <div class='ocr_carea' id='block_1_86' title="bbox 2156 3737 3802 3817">
    <p class='ocr_par' dir='ltr' id='par_1_86' title="bbox 2156 3737 3802 3817">
     <span class='ocr_line' id='line_1_88' title="bbox 2156 3737 3802 3817; baseline 0.004 -25"><span class='ocrx_word' id='word_1_609' title='bbox 2156 3739 2310 3809; x_wconf 77' lang='grc' dir='ltr'>ξεως,</span> <span class='ocrx_word' id='word_1_610' title='bbox 2357 3739 2432 3800; x_wconf 85' lang='grc' dir='ltr'><strong>ὡς</strong></span> <span class='ocrx_word' id='word_1_611' title='bbox 2479 3737 2749 3816; x_wconf 73' lang='grc' dir='ltr'>τάσφαλὲς</span> <span class='ocrx_word' id='word_1_612' title='bbox 2779 3739 2886 3794; x_wconf 85' lang='grc' dir='ltr'><strong>τῶν</strong></span> <span class='ocrx_word' id='word_1_613' title='bbox 2934 3737 3115 3817; x_wconf 90' lang='grc' dir='ltr'>λόγων</span> <span class='ocrx_word' id='word_1_614' title='bbox 3161 3745 3264 3810; x_wconf 84' lang='grc' dir='ltr'><strong>τῆς</strong></span> <span class='ocrx_word' id='word_1_615' title='bbox 3311 3739 3572 3810; x_wconf 81' lang='grc' dir='ltr'>ἀληθείας</span> <span class='ocrx_word' id='word_1_616' title='bbox 3619 3740 3802 3811; x_wconf 75' lang='grc' dir='ltr'>εἰδὼς,</span> 
     </span>
    </p>
   </div>
   <div class='ocr_carea' id='block_1_87' title="bbox 2157 3824 3802 3902">
    <p class='ocr_par' dir='ltr' id='par_1_87' title="bbox 2157 3824 3802 3902">
     <span class='ocr_line' id='line_1_89' title="bbox 2157 3824 3802 3902; baseline 0.004 -20"><span class='ocrx_word' id='word_1_617' title='bbox 2157 3826 2192 3882; x_wconf 83' lang='grc' dir='ltr'>ἅ</span> <span class='ocrx_word' id='word_1_618' title='bbox 2217 3847 2276 3883; x_wconf 90' lang='grc' dir='ltr'><strong>τε</strong></span> <span class='ocrx_word' id='word_1_619' title='bbox 2305 3824 2372 3897; x_wconf 77' lang='grc' dir='ltr'><strong>δὴ</strong></span> <span class='ocrx_word' id='word_1_620' title='bbox 2404 3828 2496 3883; x_wconf 84' lang='grc' dir='ltr'><strong>καὶ</strong></span> <span class='ocrx_word' id='word_1_621' title='bbox 2527 3827 2732 3902; x_wconf 87' lang='grc' dir='ltr'>Παύλῳ</span> <span class='ocrx_word' id='word_1_622' title='bbox 2769 3829 2860 3884; x_wconf 86' lang='grc' dir='ltr'><strong>καὶ</strong></span> <span class='ocrx_word' id='word_1_623' title='bbox 2889 3833 3006 3892; x_wconf 86' lang='grc' dir='ltr'>τοῖς</span> <span class='ocrx_word' id='word_1_624' title='bbox 3053 3828 3274 3893; x_wconf 84' lang='grc' dir='ltr'>λοιποῖς</span> <span class='ocrx_word' id='word_1_625' title='bbox 3302 3828 3642 3894; x_wconf 82' lang='grc' dir='ltr'>ἀποστόλοις</span> <span class='ocrx_word' id='word_1_626' title='bbox 3689 3853 3802 3888; x_wconf 80' lang='grc' dir='ltr'>συν-</span> 
     </span>
    </p>
   </div>
   <div class='ocr_carea' id='block_1_88' title="bbox 2159 3913 3806 3994">
    <p class='ocr_par' dir='ltr' id='par_1_88' title="bbox 2159 3913 3806 3994">
     <span class='ocr_line' id='line_1_90' title="bbox 2159 3913 3806 3994; baseline 0.005 -24"><span class='ocrx_word' id='word_1_627' title='bbox 2159 3913 2456 3993; x_wconf 84' lang='grc' dir='ltr'>διαγαγὼν,</span> <span class='ocrx_word' id='word_1_628' title='bbox 2507 3915 2612 3973; x_wconf 72' lang='grc' dir='ltr'><strong>κάκ</strong></span> <span class='ocrx_word' id='word_1_629' title='bbox 2663 3923 2766 3988; x_wconf 83' lang='grc' dir='ltr'><strong>τῆς</strong></span> <span class='ocrx_word' id='word_1_630' title='bbox 2828 3917 3046 3974; x_wconf 78' lang='grc' dir='ltr'>ἐκείνων</span> <span class='ocrx_word' id='word_1_631' title='bbox 3118 3919 3400 3983; x_wconf 89' lang='grc' dir='ltr'>συνουσίας</span> <span class='ocrx_word' id='word_1_632' title='bbox 3460 3919 3688 3994; x_wconf 81' lang='grc' dir='ltr'>ὁμιλίας</span> <span class='ocrx_word' id='word_1_633' title='bbox 3747 3943 3806 3978; x_wconf 85' lang='grc' dir='ltr'><strong>τε</strong></span> 
     </span>
    </p>
   </div>
   <div class='ocr_carea' id='block_1_89' title="bbox 2155 4001 3806 4087">
    <p class='ocr_par' dir='ltr' id='par_1_89' title="bbox 2155 4001 3806 4087">
     <span class='ocr_line' id='line_1_91' title="bbox 2155 4001 3806 4087; baseline 0.004 -27"><span class='ocrx_word' id='word_1_634' title='bbox 2155 4005 2249 4060; x_wconf 88' lang='grc' dir='ltr'><strong>καὶ</strong></span> <span class='ocrx_word' id='word_1_635' title='bbox 2325 4001 2609 4082; x_wconf 80' lang='grc' dir='ltr'>διατριϐῆς</span> <span class='ocrx_word' id='word_1_636' title='bbox 2707 4005 2930 4080; x_wconf 87' lang='grc' dir='ltr'>πάμπαν</span> <span class='ocrx_word' id='word_1_637' title='bbox 3036 4006 3412 4082; x_wconf 72' lang='grc' dir='ltr'>ὠφελημένος,</span> <span class='ocrx_word' id='word_1_638' title='bbox 3501 4009 3806 4087; x_wconf 80' lang='grc' dir='ltr'>ἀναγκαίως</span> 
     </span>
    </p>
   </div>
   <div class='ocr_carea' id='block_1_90' title="bbox 2157 4092 3804 4178">
    <p class='ocr_par' dir='ltr' id='par_1_90' title="bbox 2157 4092 3804 4178">
     <span class='ocr_line' id='line_1_92' title="bbox 2157 4092 3804 4178; baseline 0.004 -29"><span class='ocrx_word' id='word_1_639' title='bbox 2157 4092 2246 4149; x_wconf 78' lang='grc' dir='ltr'>ἐπὶ</span> <span class='ocrx_word' id='word_1_640' title='bbox 2274 4095 2374 4164; x_wconf 80' lang='grc' dir='ltr'><strong>τήν</strong></span> <span class='ocrx_word' id='word_1_641' title='bbox 2421 4099 2529 4150; x_wconf 86' lang='grc' dir='ltr'><strong>τῶν</strong></span> <span class='ocrx_word' id='word_1_642' title='bbox 2562 4093 2908 4171; x_wconf 84' lang='grc' dir='ltr'>Εύαγγελίων</span> <span class='ocrx_word' id='word_1_643' title='bbox 2960 4096 3317 4168; x_wconf 73' lang='grc' dir='ltr'>συνελαθῆναι</span> <span class='ocrx_word' id='word_1_644' title='bbox 3357 4100 3602 4178; x_wconf 78' lang='grc' dir='ltr'>γραφήν.</span> <span class='ocrx_word' id='word_1_645' title='bbox 3629 4105 3804 4156; x_wconf 73' lang='grc' dir='ltr'>Ταῦτα</span> 
     </span>
    </p>
   </div>
   <div class='ocr_carea' id='block_1_91' title="bbox 2159 4184 3801 4262">
    <p class='ocr_par' dir='ltr' id='par_1_91' title="bbox 2159 4184 3801 4262">
     <span class='ocr_line' id='line_1_93' title="bbox 2159 4184 3801 4262; baseline 0.005 -25"><span class='ocrx_word' id='word_1_646' title='bbox 2159 4185 2358 4256; x_wconf 79' lang='grc' dir='ltr'>γνήσια</span> <span class='ocrx_word' id='word_1_647' title='bbox 2421 4189 2528 4239; x_wconf 90' lang='grc' dir='ltr'><strong>τῶν</strong></span> <span class='ocrx_word' id='word_1_648' title='bbox 2597 4184 2920 4242; x_wconf 83' lang='grc' dir='ltr'>ἀποστόλων</span> <span class='ocrx_word' id='word_1_649' title='bbox 2996 4185 3326 4262; x_wconf 80' lang='grc' dir='ltr'>Εύαγγέλία,</span> <span class='ocrx_word' id='word_1_650' title='bbox 3384 4187 3474 4242; x_wconf 81' lang='grc' dir='ltr'><strong>καὶ</strong></span> <span class='ocrx_word' id='word_1_651' title='bbox 3551 4188 3801 4245; x_wconf 82' lang='grc' dir='ltr'>ἀνέκαθεν</span> 
     </span>
    </p>
   </div>
   <div class='ocr_carea' id='block_1_92' title="bbox 2159 4269 3805 4354">
    <p class='ocr_par' dir='ltr' id='par_1_92' title="bbox 2159 4269 3805 4354">
     <span class='ocr_line' id='line_1_94' title="bbox 2159 4269 3805 4354; baseline 0.005 -28"><span class='ocrx_word' id='word_1_652' title='bbox 2159 4269 2590 4347; x_wconf 70' lang='grc' dir='ltr'>παραδεδομένα,</span> <span class='ocrx_word' id='word_1_653' title='bbox 2620 4276 2708 4330; x_wconf 76' lang='grc' dir='ltr'><strong>καὶ</strong></span> <span class='ocrx_word' id='word_1_654' title='bbox 2761 4276 3140 4354; x_wconf 77' lang='grc' dir='ltr'>ἀναμφήριστα</span> <span class='ocrx_word' id='word_1_655' title='bbox 3187 4278 3333 4349; x_wconf 81' lang='grc' dir='ltr'><strong>παρά</strong></span> <span class='ocrx_word' id='word_1_656' title='bbox 3379 4277 3560 4349; x_wconf 86' lang='grc' dir='ltr'>πάσης</span> <span class='ocrx_word' id='word_1_657' title='bbox 3604 4277 3805 4350; x_wconf 78' lang='grc' dir='ltr'>ἐκκλη-</span> 
     </span>
    </p>
   </div>
   <div class='ocr_carea' id='block_1_93' title="bbox 2161 4363 3805 4441">
    <p class='ocr_par' dir='ltr' id='par_1_93' title="bbox 2161 4363 3805 4441">
     <span class='ocr_line' id='line_1_95' title="bbox 2161 4363 3805 4441; baseline 0.005 -24"><span class='ocrx_word' id='word_1_658' title='bbox 2161 4364 2278 4426; x_wconf 90' lang='grc' dir='ltr'>σίας</span> <span class='ocrx_word' id='word_1_659' title='bbox 2333 4365 2676 4441; x_wconf 81' lang='grc' dir='ltr'>γινώσκεται.</span> <span class='ocrx_word' id='word_1_660' title='bbox 2722 4368 2780 4420; x_wconf 75' lang='grc' dir='ltr'>Ὀ</span> <span class='ocrx_word' id='word_1_661' title='bbox 2839 4363 2886 4422; x_wconf 85' lang='grc' dir='ltr'>δ’</span> <span class='ocrx_word' id='word_1_662' title='bbox 2942 4367 3106 4430; x_wconf 82' lang='grc' dir='ltr'>αὐτὸς</span> <span class='ocrx_word' id='word_1_663' title='bbox 3161 4371 3376 4433; x_wconf 83' lang='grc' dir='ltr'>Λουκᾶς</span> <span class='ocrx_word' id='word_1_664' title='bbox 3428 4368 3522 4423; x_wconf 80' lang='grc' dir='ltr'><strong>καὶ</strong></span> <span class='ocrx_word' id='word_1_665' title='bbox 3578 4369 3642 4424; x_wconf 77' lang='grc' dir='ltr'>τὸ</span> <span class='ocrx_word' id='word_1_666' title='bbox 3697 4374 3805 4426; x_wconf 85' lang='grc' dir='ltr'><strong>τῶν</strong></span> 
     </span>
    </p>
   </div>
   <div class='ocr_carea' id='block_1_94' title="bbox 2158 4449 3806 4536">
    <p class='ocr_par' dir='ltr' id='par_1_94' title="bbox 2158 4449 3806 4536">
     <span class='ocr_line' id='line_1_96' title="bbox 2158 4449 3806 4536; baseline 0.005 -28"><span class='ocrx_word' id='word_1_667' title='bbox 2158 4449 2542 4510; x_wconf 83' lang='grc' dir='ltr'>ἂποστολικῶν</span> <span class='ocrx_word' id='word_1_668' title='bbox 2591 4455 2843 4531; x_wconf 79' lang='grc' dir='ltr'>Πράξεων</span> <span class='ocrx_word' id='word_1_669' title='bbox 2906 4451 3124 4532; x_wconf 89' lang='grc' dir='ltr'>βιϐλίον</span> <span class='ocrx_word' id='word_1_670' title='bbox 3183 4459 3486 4531; x_wconf 85' lang='grc' dir='ltr'>συντάττει,</span> <span class='ocrx_word' id='word_1_671' title='bbox 3525 4459 3605 4524; x_wconf 82' lang='grc' dir='ltr'><strong>ὥς</strong></span> <span class='ocrx_word' id='word_1_672' title='bbox 3653 4481 3806 4536; x_wconf 71' lang='grc' dir='ltr'>φασι,</span> 
     </span>
    </p>
   </div>
   <div class='ocr_carea' id='block_1_95' title="bbox 2161 4541 3808 4620">
    <p class='ocr_par' dir='ltr' id='par_1_95' title="bbox 2161 4541 3808 4620">
     <span class='ocr_line' id='line_1_97' title="bbox 2161 4541 3808 4620; baseline 0.003 -21"><span class='ocrx_word' id='word_1_673' title='bbox 2161 4544 2379 4600; x_wconf 85' lang='grc' dir='ltr'>Παύλου</span> <span class='ocrx_word' id='word_1_674' title='bbox 2410 4541 2787 4608; x_wconf 84' lang='grc' dir='ltr'>κελεύσαντος.</span> <span class='ocrx_word' id='word_1_675' title='bbox 2820 4543 2926 4601; x_wconf 89' lang='grc' dir='ltr'>Δύο</span> <span class='ocrx_word' id='word_1_676' title='bbox 2970 4545 3064 4620; x_wconf 74' lang='grc' dir='ltr'><strong>μὶν</strong></span> <span class='ocrx_word' id='word_1_677' title='bbox 3099 4543 3190 4602; x_wconf 80' lang='grc' dir='ltr'>οὖν</span> <span class='ocrx_word' id='word_1_678' title='bbox 3219 4545 3280 4602; x_wconf 76' lang='grc' dir='ltr'>ἐκ</span> <span class='ocrx_word' id='word_1_679' title='bbox 3313 4551 3420 4602; x_wconf 86' lang='grc' dir='ltr'><strong>τῶν</strong></span> <span class='ocrx_word' id='word_1_680' title='bbox 3473 4545 3688 4604; x_wconf 79' lang='grc' dir='ltr'>δώδεκα</span> <span class='ocrx_word' id='word_1_681' title='bbox 3717 4551 3808 4604; x_wconf 79' lang='grc' dir='ltr'><strong>καὶ</strong></span> 
     </span>
    </p>
   </div>
   <div class='ocr_carea' id='block_1_96' title="bbox 397 4625 2046 4712">
    <p class='ocr_par' dir='ltr' id='par_1_96' title="bbox 397 4628 2046 4702">
     <span class='ocr_line' id='line_1_98' title="bbox 397 4628 2046 4702; baseline 0 -14"><span class='ocrx_word' id='word_1_682' title='bbox 397 4631 562 4689; x_wconf 90' lang='lat' dir='ltr'><strong>Idem</strong></span> <span class='ocrx_word' id='word_1_683' title='bbox 591 4646 726 4688; x_wconf 89' lang='lat' dir='ltr'><strong>vero</strong></span> <span class='ocrx_word' id='word_1_684' title='bbox 777 4628 968 4688; x_wconf 90' lang='lat' dir='ltr'><strong>Lucas</strong></span> <span class='ocrx_word' id='word_1_685' title='bbox 1015 4633 1072 4686; x_wconf 90' lang='lat' dir='ltr'><strong>et</strong></span> <span class='ocrx_word' id='word_1_686' title='bbox 1103 4631 1372 4686; x_wconf 82' lang='lat' dir='ltr'><strong>Actorum</strong></span> <span class='ocrx_word' id='word_1_687' title='bbox 1405 4629 1856 4702; x_wconf 86' lang='lat' dir='ltr'><strong>apostolicorum</strong></span> <span class='ocrx_word' id='word_1_688' title='bbox 1889 4647 2046 4688; x_wconf 88' lang='lat' dir='ltr'><strong>com-</strong></span> 
     </span>
    </p>
   </div>
   <div class='ocr_carea' id='block_1_97' title="bbox 2154 4625 3807 4712">
    <p class='ocr_par' dir='ltr' id='par_1_97' title="bbox 2161 4630 3807 4712">
     <span class='ocr_line' id='line_1_99' title="bbox 2161 4630 3807 4712; baseline 0.003 -24"><span class='ocrx_word' id='word_1_689' title='bbox 2161 4630 2256 4688; x_wconf 82' lang='grc' dir='ltr'><strong>δύο</strong></span> <span class='ocrx_word' id='word_1_690' title='bbox 2279 4631 2339 4688; x_wconf 75' lang='grc' dir='ltr'>ἐκ</span> <span class='ocrx_word' id='word_1_691' title='bbox 2356 4637 2464 4689; x_wconf 86' lang='grc' dir='ltr'><strong>τῶν</strong></span> <span class='ocrx_word' id='word_1_692' title='bbox 2491 4634 2534 4688; x_wconf 92' lang='lat'><strong>0&#39;</strong></span> <span class='ocrx_word' id='word_1_693' title='bbox 2562 4636 2818 4708; x_wconf 84' lang='grc' dir='ltr'>μαθητῶν</span> <span class='ocrx_word' id='word_1_694' title='bbox 2833 4631 2922 4690; x_wconf 80' lang='grc' dir='ltr'>καί</span> <span class='ocrx_word' id='word_1_695' title='bbox 2938 4631 3261 4690; x_wconf 88' lang='grc' dir='ltr'>ἀποστόλων</span> <span class='ocrx_word' id='word_1_696' title='bbox 3282 4635 3384 4704; x_wconf 78' lang='grc' dir='ltr'><strong>τήν</strong></span> <span class='ocrx_word' id='word_1_697' title='bbox 3401 4639 3508 4691; x_wconf 87' lang='grc' dir='ltr'><strong>τῶν</strong></span> <span class='ocrx_word' id='word_1_698' title='bbox 3528 4657 3807 4712; x_wconf 63' lang='grc' dir='ltr'>τεσσάρων</span> 
     </span>
    </p>
   </div>
   <div class='ocr_carea' id='block_1_98' title="bbox 397 4717 2050 4794">
    <p class='ocr_par' dir='ltr' id='par_1_98' title="bbox 397 4717 2050 4794">
     <span class='ocr_line' id='line_1_100' title="bbox 397 4717 2050 4794; baseline -0.001 -16"><span class='ocrx_word' id='word_1_699' title='bbox 397 4719 596 4794; x_wconf 90' lang='lat' dir='ltr'><strong>posuit</strong></span> <span class='ocrx_word' id='word_1_700' title='bbox 625 4719 868 4786; x_wconf 90' lang='lat' dir='ltr'><strong>librum,</strong></span> <span class='ocrx_word' id='word_1_701' title='bbox 912 4717 1076 4775; x_wconf 91' lang='lat' dir='ltr'><strong>Pauli</strong></span> <span class='ocrx_word' id='word_1_702' title='bbox 1105 4721 1194 4792; x_wconf 92' lang='lat' dir='ltr'><strong>(ut</strong></span> <span class='ocrx_word' id='word_1_703' title='bbox 1221 4717 1408 4791; x_wconf 90' lang='lat' dir='ltr'><strong>aiunt)</strong></span> <span class='ocrx_word' id='word_1_704' title='bbox 1443 4720 1634 4790; x_wconf 86' lang='lat' dir='ltr'><strong>jussu.</strong></span> <span class='ocrx_word' id='word_1_705' title='bbox 1667 4719 1853 4792; x_wconf 75' lang='lat' dir='ltr'><strong>Atque</strong></span> <span class='ocrx_word' id='word_1_706' title='bbox 1882 4721 2050 4792; x_wconf 92' lang='lat' dir='ltr'><strong>equi-</strong></span> 
     </span>
    </p>
   </div>
   <div class='ocr_carea' id='block_1_99' title="bbox 397 4807 2051 4881">
    <p class='ocr_par' dir='ltr' id='par_1_99' title="bbox 397 4807 2051 4881">
     <span class='ocr_line' id='line_1_101' title="bbox 397 4807 2051 4881; baseline 0 -13"><span class='ocrx_word' id='word_1_707' title='bbox 397 4811 527 4868; x_wconf 90' lang='lat' dir='ltr'><strong>dem</strong></span> <span class='ocrx_word' id='word_1_708' title='bbox 558 4810 676 4868; x_wconf 88' lang='lat' dir='ltr'><strong>duo</strong></span> <span class='ocrx_word' id='word_1_709' title='bbox 703 4824 774 4866; x_wconf 84' lang='lat' dir='ltr'><strong>ex</strong></span> <span class='ocrx_word' id='word_1_710' title='bbox 803 4809 1135 4877; x_wconf 85' lang='lat' dir='ltr'><strong>duodecim,</strong></span> <span class='ocrx_word' id='word_1_711' title='bbox 1179 4812 1238 4864; x_wconf 93' lang='lat' dir='ltr'><strong>et</strong></span> <span class='ocrx_word' id='word_1_712' title='bbox 1265 4807 1377 4865; x_wconf 89' lang='lat' dir='ltr'><strong>duo</strong></span> <span class='ocrx_word' id='word_1_713' title='bbox 1408 4808 1546 4865; x_wconf 92' lang='lat' dir='ltr'><strong>item</strong></span> <span class='ocrx_word' id='word_1_714' title='bbox 1579 4825 1648 4865; x_wconf 85' lang='lat' dir='ltr'><strong>ex</strong></span> <span class='ocrx_word' id='word_1_715' title='bbox 1678 4809 2051 4881; x_wconf 88' lang='lat' dir='ltr'><strong>septuaginta</strong></span> 
     </span>
    </p>
   </div>
   <div class='ocr_carea' id='block_1_100' title="bbox 399 4897 2048 4972">
    <p class='ocr_par' dir='ltr' id='par_1_100' title="bbox 399 4897 2048 4972">
     <span class='ocr_line' id='line_1_102' title="bbox 399 4897 2048 4972; baseline 0.001 -18"><span class='ocrx_word' id='word_1_716' title='bbox 399 4897 706 4972; x_wconf 85' lang='lat' dir='ltr'><strong>discipulis</strong></span> <span class='ocrx_word' id='word_1_717' title='bbox 775 4904 832 4956; x_wconf 89' lang='lat' dir='ltr'><strong>et</strong></span> <span class='ocrx_word' id='word_1_718' title='bbox 905 4897 1210 4972; x_wconf 89' lang='lat' dir='ltr'><strong>apostolis,</strong></span> <span class='ocrx_word' id='word_1_719' title='bbox 1285 4902 1537 4970; x_wconf 87' lang='lat' dir='ltr'><strong>quatuor</strong></span> <span class='ocrx_word' id='word_1_720' title='bbox 1609 4897 2048 4970; x_wconf 85' lang='lat' dir='ltr'><strong>Evangeliorum</strong></span> 
     </span>
    </p>
   </div>
   <div class='ocr_carea' id='block_1_101' title="bbox 400 4987 2050 5061">
    <p class='ocr_par' dir='ltr' id='par_1_101' title="bbox 400 4987 2050 5061">
     <span class='ocr_line' id='line_1_103' title="bbox 400 4987 2050 5061; baseline 0.001 -18"><span class='ocrx_word' id='word_1_721' title='bbox 400 4989 752 5061; x_wconf 86' lang='lat' dir='ltr'><strong>scripturam</strong></span> <span class='ocrx_word' id='word_1_722' title='bbox 784 4988 1188 5046; x_wconf 84' lang='lat' dir='ltr'><strong>absolverunt.</strong></span> <span class='ocrx_word' id='word_1_723' title='bbox 1219 4987 1395 5045; x_wconf 91' lang='lat' dir='ltr'><strong>Porro</strong></span> <span class='ocrx_word' id='word_1_724' title='bbox 1425 4987 1592 5044; x_wconf 90' lang='lat' dir='ltr'><strong>divus</strong></span> <span class='ocrx_word' id='word_1_725' title='bbox 1620 4987 1890 5053; x_wconf 89' lang='lat' dir='ltr'><strong>Jacobus,</strong></span> <span class='ocrx_word' id='word_1_726' title='bbox 1928 4989 2050 5045; x_wconf 88' lang='lat' dir='ltr'><strong>fra-</strong></span> 
     </span>
    </p>
   </div>
   <div class='ocr_carea' id='block_1_102' title="bbox 397 5077 2046 5148">
    <p class='ocr_par' dir='ltr' id='par_1_102' title="bbox 397 5077 2046 5148">
     <span class='ocr_line' id='line_1_104' title="bbox 397 5077 2046 5148; baseline 0 -14"><span class='ocrx_word' id='word_1_727' title='bbox 397 5082 490 5134; x_wconf 89' lang='lat' dir='ltr'><strong>ter</strong></span> <span class='ocrx_word' id='word_1_728' title='bbox 534 5077 784 5148; x_wconf 88' lang='lat' dir='ltr'><strong>Domini,</strong></span> <span class='ocrx_word' id='word_1_729' title='bbox 834 5077 1142 5136; x_wconf 90' lang='lat' dir='ltr'><strong>duodecim</strong></span> <span class='ocrx_word' id='word_1_730' title='bbox 1191 5077 1458 5134; x_wconf 89' lang='lat' dir='ltr'><strong>tribubus</strong></span> <span class='ocrx_word' id='word_1_731' title='bbox 1490 5094 1666 5134; x_wconf 90' lang='lat' dir='ltr'><strong>unam</strong></span> <span class='ocrx_word' id='word_1_732' title='bbox 1699 5077 2046 5134; x_wconf 89' lang='lat' dir='ltr'><strong>catholicam</strong></span> 
     </span>
    </p>
   </div>
   <div class='ocr_carea' id='block_1_103' title="bbox 400 5167 2047 5240">
    <p class='ocr_par' dir='ltr' id='par_1_103' title="bbox 400 5167 2047 5240">
     <span class='ocr_line' id='line_1_105' title="bbox 400 5167 2047 5240; baseline -0.001 -14"><span class='ocrx_word' id='word_1_733' title='bbox 400 5167 754 5240; x_wconf 85' lang='lat' dir='ltr'><strong>conscripsit</strong></span> <span class='ocrx_word' id='word_1_734' title='bbox 790 5167 1095 5240; x_wconf 89' lang='lat' dir='ltr'><strong>epistolam</strong></span> <span class='ocrx_word' id='word_1_735' title='bbox 1129 5185 1144 5225; x_wconf 89' lang='lat'><strong>:</strong></span> <span class='ocrx_word' id='word_1_736' title='bbox 1177 5169 1326 5226; x_wconf 90' lang='lat' dir='ltr'><strong>duas</strong></span> <span class='ocrx_word' id='word_1_737' title='bbox 1356 5169 1560 5226; x_wconf 90' lang='lat' dir='ltr'><strong>itidem</strong></span> <span class='ocrx_word' id='word_1_738' title='bbox 1591 5170 1814 5236; x_wconf 83' lang='lat' dir='ltr'><strong>Petrus,</strong></span> <span class='ocrx_word' id='word_1_739' title='bbox 1846 5172 1902 5225; x_wconf 90' lang='lat' dir='ltr'><strong>et</strong></span> <span class='ocrx_word' id='word_1_740' title='bbox 1929 5172 2047 5224; x_wconf 91' lang='lat' dir='ltr'><strong>tres</strong></span> 
     </span>
    </p>
   </div>
   <div class='ocr_carea' id='block_1_104' title="bbox 401 5257 2049 5326">
    <p class='ocr_par' dir='ltr' id='par_1_104' title="bbox 401 5257 2049 5326">
     <span class='ocr_line' id='line_1_106' title="bbox 401 5257 2049 5326; baseline -0.001 -12"><span class='ocrx_word' id='word_1_741' title='bbox 401 5257 634 5314; x_wconf 90' lang='lat' dir='ltr'><strong>divinus</strong></span> <span class='ocrx_word' id='word_1_742' title='bbox 673 5258 925 5314; x_wconf 84' lang='lat' dir='ltr'><strong>Joannes</strong></span> <span class='ocrx_word' id='word_1_743' title='bbox 958 5275 973 5314; x_wconf 88' lang='lat'>:</span> <span class='ocrx_word' id='word_1_744' title='bbox 1004 5273 1182 5314; x_wconf 92' lang='lat' dir='ltr'><strong>unam</strong></span> <span class='ocrx_word' id='word_1_745' title='bbox 1214 5263 1414 5315; x_wconf 88' lang='lat' dir='ltr'><strong>autem</strong></span> <span class='ocrx_word' id='word_1_746' title='bbox 1443 5259 1644 5324; x_wconf 85' lang='lat' dir='ltr'><strong>Judas,</strong></span> <span class='ocrx_word' id='word_1_747' title='bbox 1675 5257 1892 5326; x_wconf 85' lang='lat' dir='ltr'><strong>Jacobi,</strong></span> <span class='ocrx_word' id='word_1_748' title='bbox 1925 5258 2049 5314; x_wconf 81' lang='lat' dir='ltr'><strong>for-</strong></span> 
     </span>
    </p>
   </div>
   <div class='ocr_carea' id='block_1_105' title="bbox 398 5345 2048 5420">
    <p class='ocr_par' dir='ltr' id='par_1_105' title="bbox 398 5345 2048 5420">
     <span class='ocr_line' id='line_1_107' title="bbox 398 5345 2048 5420; baseline 0.001 -19"><span class='ocrx_word' id='word_1_749' title='bbox 398 5349 558 5404; x_wconf 87' lang='lat' dir='ltr'><strong>tasse</strong></span> <span class='ocrx_word' id='word_1_750' title='bbox 585 5351 780 5402; x_wconf 86' lang='lat' dir='ltr'><strong>autem</strong></span> <span class='ocrx_word' id='word_1_751' title='bbox 812 5349 870 5404; x_wconf 88' lang='lat' dir='ltr'><strong>et</strong></span> <span class='ocrx_word' id='word_1_752' title='bbox 897 5345 1131 5404; x_wconf 90' lang='lat' dir='ltr'><strong>Domini</strong></span> <span class='ocrx_word' id='word_1_753' title='bbox 1175 5347 1463 5404; x_wconf 90' lang='lat' dir='ltr'><strong>dicendus</strong></span> <span class='ocrx_word' id='word_1_754' title='bbox 1509 5348 1684 5405; x_wconf 83' lang='lat' dir='ltr'><strong>frater</strong></span> <span class='ocrx_word' id='word_1_755' title='bbox 1715 5350 1913 5420; x_wconf 54' lang='lat' dir='ltr'><strong>{quas</strong></span> <span class='ocrx_word' id='word_1_756' title='bbox 1945 5364 2048 5403; x_wconf 89' lang='lat' dir='ltr'><strong>nu-</strong></span> 
     </span>
    </p>
   </div>
   <div class='ocr_carea' id='block_1_106' title="bbox 401 5436 2046 5510">
    <p class='ocr_par' dir='ltr' id='par_1_106' title="bbox 401 5436 2046 5510">
     <span class='ocr_line' id='line_1_108' title="bbox 401 5436 2046 5510; baseline 0.001 -18"><span class='ocrx_word' id='word_1_757' title='bbox 401 5452 560 5494; x_wconf 89' lang='lat' dir='ltr'><strong>mero</strong></span> <span class='ocrx_word' id='word_1_758' title='bbox 599 5441 820 5510; x_wconf 90' lang='lat' dir='ltr'><strong>septem</strong></span> <span class='ocrx_word' id='word_1_759' title='bbox 868 5436 1193 5505; x_wconf 89' lang='lat' dir='ltr'><strong>universas,</strong></span> <span class='ocrx_word' id='word_1_760' title='bbox 1244 5441 1308 5493; x_wconf 90' lang='lat' dir='ltr'><strong>ut</strong></span> <span class='ocrx_word' id='word_1_761' title='bbox 1354 5453 1656 5508; x_wconf 86' lang='lat' dir='ltr'><strong>germanas</strong></span> <span class='ocrx_word' id='word_1_762' title='bbox 1687 5441 1866 5509; x_wconf 90' lang='lat' dir='ltr'><strong>atque</strong></span> <span class='ocrx_word' id='word_1_763' title='bbox 1897 5438 2046 5494; x_wconf 83' lang='lat' dir='ltr'><strong>nati-</strong></span> 
     </span>
    </p>
   </div>
   <div class='ocr_carea' id='block_1_107' title="bbox 399 5523 2048 5597">
    <p class='ocr_par' dir='ltr' id='par_1_107' title="bbox 399 5523 2048 5597">
     <span class='ocr_line' id='line_1_109' title="bbox 399 5523 2048 5597; baseline 0.001 -18"><span class='ocrx_word' id='word_1_764' title='bbox 399 5539 528 5594; x_wconf 84' lang='lat' dir='ltr'><strong>vas,</strong></span> <span class='ocrx_word' id='word_1_765' title='bbox 554 5525 776 5581; x_wconf 85' lang='lat' dir='ltr'><strong>dudum</strong></span> <span class='ocrx_word' id='word_1_766' title='bbox 807 5523 1062 5582; x_wconf 86' lang='lat' dir='ltr'><strong>Ecclesia</strong></span> <span class='ocrx_word' id='word_1_767' title='bbox 1090 5523 1325 5597; x_wconf 87' lang='lat' dir='ltr'><strong>recepit,</strong></span> <span class='ocrx_word' id='word_1_768' title='bbox 1369 5528 1428 5582; x_wconf 91' lang='lat' dir='ltr'><strong>et</strong></span> <span class='ocrx_word' id='word_1_769' title='bbox 1470 5525 1529 5581; x_wconf 91' lang='lat' dir='ltr'><strong>in</strong></span> <span class='ocrx_word' id='word_1_770' title='bbox 1563 5541 1872 5582; x_wconf 89' lang='lat' dir='ltr'><strong>numerum</strong></span> <span class='ocrx_word' id='word_1_771' title='bbox 1903 5525 2048 5582; x_wconf 89' lang='lat' dir='ltr'><strong>Novi</strong></span> 
     </span>
    </p>
   </div>
   <div class='ocr_carea' id='block_1_108' title="bbox 401 5613 2052 5686">
    <p class='ocr_par' dir='ltr' id='par_1_108' title="bbox 401 5613 2052 5686">
     <span class='ocr_line' id='line_1_110' title="bbox 401 5613 2052 5686; baseline 0.003 -19"><span class='ocrx_word' id='word_1_772' title='bbox 401 5613 757 5671; x_wconf 88' lang='lat' dir='ltr'><strong>Testamenti</strong></span> <span class='ocrx_word' id='word_1_773' title='bbox 788 5613 1227 5672; x_wconf 88' lang='lat' dir='ltr'><strong>vernaculorum</strong></span> <span class='ocrx_word' id='word_1_774' title='bbox 1283 5613 1564 5672; x_wconf 88' lang='lat' dir='ltr'><strong>librorum</strong></span> <span class='ocrx_word' id='word_1_775' title='bbox 1595 5631 1763 5686; x_wconf 87' lang='lat' dir='ltr'><strong>quam</strong></span> <span class='ocrx_word' id='word_1_776' title='bbox 1799 5614 2052 5672; x_wconf 85' lang='lat' dir='ltr'><strong>maxime</strong></span> 
     </span>
    </p>
   </div>
   <div class='ocr_carea' id='block_1_109' title="bbox 402 5699 2047 5774">
    <p class='ocr_par' dir='ltr' id='par_1_109' title="bbox 402 5699 2047 5774">
     <span class='ocr_line' id='line_1_111' title="bbox 402 5699 2047 5774; baseline 0.002 -18"><span class='ocrx_word' id='word_1_777' title='bbox 402 5699 596 5758; x_wconf 91' lang='lat' dir='ltr'><strong>retulit</strong></span> <span class='ocrx_word' id='word_1_778' title='bbox 657 5717 671 5757; x_wconf 89' lang='lat'><strong>:</strong></span> <span class='ocrx_word' id='word_1_779' title='bbox 731 5703 898 5760; x_wconf 87' lang='lat' dir='ltr'><strong>sicuti</strong></span> <span class='ocrx_word' id='word_1_780' title='bbox 967 5702 1143 5760; x_wconf 89' lang='lat' dir='ltr'><strong>etiam</strong></span> <span class='ocrx_word' id='word_1_781' title='bbox 1213 5703 1656 5774; x_wconf 89' lang='lat' dir='ltr'><strong>quatuordecim</strong></span> <span class='ocrx_word' id='word_1_782' title='bbox 1715 5701 1832 5760; x_wconf 90' lang='lat' dir='ltr'><strong>divi</strong></span> <span class='ocrx_word' id='word_1_783' title='bbox 1887 5702 2047 5761; x_wconf 87' lang='lat' dir='ltr'><strong>Pauli</strong></span> 
     </span>
    </p>
   </div>
   <div class='ocr_carea' id='block_1_110' title="bbox 2160 4721 3812 4802">
    <p class='ocr_par' dir='ltr' id='par_1_110' title="bbox 2160 4721 3812 4802">
     <span class='ocr_line' id='line_1_112' title="bbox 2160 4721 3812 4802; baseline 0.001 -22"><span class='ocrx_word' id='word_1_784' title='bbox 2160 4721 2506 4798; x_wconf 89' lang='grc' dir='ltr'>Εύαγγελίων</span> <span class='ocrx_word' id='word_1_785' title='bbox 2559 4725 2770 4802; x_wconf 74' lang='grc' dir='ltr'>γραφὴν</span> <span class='ocrx_word' id='word_1_786' title='bbox 2816 4721 3102 4781; x_wconf 79' lang='grc' dir='ltr'>ἐκτιθέασι.</span> <span class='ocrx_word' id='word_1_787' title='bbox 3156 4725 3254 4780; x_wconf 78' lang='grc' dir='ltr'>Καὶ</span> <span class='ocrx_word' id='word_1_788' title='bbox 3318 4725 3346 4779; x_wconf 86' lang='grc' dir='ltr'><strong>ὁ</strong></span> <span class='ocrx_word' id='word_1_789' title='bbox 3395 4726 3541 4788; x_wconf 82' lang='grc' dir='ltr'>θεῖος</span> <span class='ocrx_word' id='word_1_790' title='bbox 3591 4724 3652 4782; x_wconf 68' lang='grc' dir='ltr'>δὲ</span> <span class='ocrx_word' id='word_1_791' title='bbox 3700 4729 3812 4784; x_wconf 70' lang='grc' dir='ltr'><strong>Ἰάο</strong></span> 
     </span>
    </p>
   </div>
   <div class='ocr_carea' id='block_1_111' title="bbox 2159 4807 3808 4894">
    <p class='ocr_par' dir='ltr' id='par_1_111' title="bbox 2159 4807 3808 4894">
     <span class='ocr_line' id='line_1_113' title="bbox 2159 4807 3808 4894; baseline 0.002 -26"><span class='ocrx_word' id='word_1_792' title='bbox 2159 4807 2341 4877; x_wconf 85' lang='grc' dir='ltr'>κωϐος</span> <span class='ocrx_word' id='word_1_793' title='bbox 2389 4813 2417 4867; x_wconf 91' lang='lat'><strong>6</strong></span> <span class='ocrx_word' id='word_1_794' title='bbox 2459 4816 2556 4868; x_wconf 80' lang='grc' dir='ltr'><strong>τοῦ</strong></span> <span class='ocrx_word' id='word_1_795' title='bbox 2605 4812 2806 4886; x_wconf 87' lang='grc' dir='ltr'>Κυρίου</span> <span class='ocrx_word' id='word_1_796' title='bbox 2850 4811 3088 4894; x_wconf 82' lang='grc' dir='ltr'>ἀδελφὸς</span> <span class='ocrx_word' id='word_1_797' title='bbox 3141 4813 3268 4888; x_wconf 88' lang='grc' dir='ltr'>μίαν</span> <span class='ocrx_word' id='word_1_798' title='bbox 3325 4813 3632 4886; x_wconf 71' lang='grc' dir='ltr'>καθολικὴν</span> <span class='ocrx_word' id='word_1_799' title='bbox 3687 4823 3808 4880; x_wconf 82' lang='grc' dir='ltr'>ταῖς</span> 
     </span>
    </p>
   </div>
   <div class='ocr_carea' id='block_1_112' title="bbox 2158 4899 3811 4982">
    <p class='ocr_par' dir='ltr' id='par_1_112' title="bbox 2158 4899 3811 4982">
     <span class='ocr_line' id='line_1_114' title="bbox 2158 4899 3811 4982; baseline 0.002 -24"><span class='ocrx_word' id='word_1_800' title='bbox 2158 4899 2369 4958; x_wconf 83' lang='grc' dir='ltr'>δώδεκα</span> <span class='ocrx_word' id='word_1_801' title='bbox 2399 4902 2595 4981; x_wconf 84' lang='grc' dir='ltr'>φυλαῖς</span> <span class='ocrx_word' id='word_1_802' title='bbox 2626 4904 2902 4960; x_wconf 89' lang='grc' dir='ltr'>συντάττει</span> <span class='ocrx_word' id='word_1_803' title='bbox 2931 4901 3226 4975; x_wconf 76' lang='grc' dir='ltr'>ἐπιστολήν</span> <span class='ocrx_word' id='word_1_804' title='bbox 3258 4923 3272 4938; x_wconf 76' lang='grc' dir='ltr'><strong>ο</strong></span> <span class='ocrx_word' id='word_1_805' title='bbox 3303 4900 3398 4960; x_wconf 84' lang='grc' dir='ltr'><strong>δύο</strong></span> <span class='ocrx_word' id='word_1_806' title='bbox 3427 4900 3487 4960; x_wconf 73' lang='grc' dir='ltr'><strong>δὲ</strong></span> <span class='ocrx_word' id='word_1_807' title='bbox 3517 4905 3546 4960; x_wconf 88' lang='lat'><strong>6</strong></span> <span class='ocrx_word' id='word_1_808' title='bbox 3595 4905 3811 4982; x_wconf 69' lang='grc' dir='ltr'>Πέτρος</span> 
     </span>
    </p>
   </div>
   <div class='ocr_carea' id='block_1_113' title="bbox 2153 4989 3811 5068">
    <p class='ocr_par' dir='ltr' id='par_1_113' title="bbox 2153 4989 3811 5068">
     <span class='ocr_line' id='line_1_115' title="bbox 2153 4989 3811 5068; baseline 0.003 -22"><span class='ocrx_word' id='word_1_809' title='bbox 2153 4989 2418 5062; x_wconf 80' lang='grc' dir='ltr'>ἐκτίθησι,</span> <span class='ocrx_word' id='word_1_810' title='bbox 2467 4991 2558 5048; x_wconf 83' lang='grc' dir='ltr'><strong>καὶ</strong></span> <span class='ocrx_word' id='word_1_811' title='bbox 2605 4998 2753 5068; x_wconf 83' lang='grc' dir='ltr'>τρεῖς</span> <span class='ocrx_word' id='word_1_812' title='bbox 2796 4993 2824 5048; x_wconf 90' lang='lat'><strong>6</strong></span> <span class='ocrx_word' id='word_1_813' title='bbox 2874 4991 3154 5055; x_wconf 80' lang='grc' dir='ltr'>θεσπέσιος</span> <span class='ocrx_word' id='word_1_814' title='bbox 3211 4993 3466 5060; x_wconf 82' lang='grc' dir='ltr'>Ἰωάννης</span> <span class='ocrx_word' id='word_1_815' title='bbox 3499 5010 3516 5028; x_wconf 90' lang='grc'><strong>·</strong></span> <span class='ocrx_word' id='word_1_816' title='bbox 3573 4993 3705 5068; x_wconf 85' lang='grc' dir='ltr'>μίαν</span> <span class='ocrx_word' id='word_1_817' title='bbox 3755 4993 3811 5051; x_wconf 78' lang='grc' dir='ltr'><strong>δὶ</strong></span> 
     </span>
    </p>
   </div>
   <div class='ocr_carea' id='block_1_114' title="bbox 2155 5077 3810 5159">
    <p class='ocr_par' dir='ltr' id='par_1_114' title="bbox 2155 5077 3810 5159">
     <span class='ocr_line' id='line_1_116' title="bbox 2155 5077 3810 5159; baseline 0 -23"><span class='ocrx_word' id='word_1_818' title='bbox 2155 5081 2184 5136; x_wconf 88' lang='grc' dir='ltr'>ὁ</span> <span class='ocrx_word' id='word_1_819' title='bbox 2234 5078 2439 5143; x_wconf 84' lang='grc' dir='ltr'>Ἰούδας</span> <span class='ocrx_word' id='word_1_820' title='bbox 2491 5083 2519 5137; x_wconf 92' lang='lat'><strong>6</strong></span> <span class='ocrx_word' id='word_1_821' title='bbox 2563 5079 2798 5159; x_wconf 83' lang='grc' dir='ltr'>ἀδελφὸς</span> <span class='ocrx_word' id='word_1_822' title='bbox 2843 5085 2941 5138; x_wconf 80' lang='grc' dir='ltr'><strong>τοῦ</strong></span> <span class='ocrx_word' id='word_1_823' title='bbox 2995 5077 3286 5155; x_wconf 86' lang='grc' dir='ltr'>Ἰακώϐου,</span> <span class='ocrx_word' id='word_1_824' title='bbox 3331 5080 3456 5137; x_wconf 62' lang='grc' dir='ltr'>ἴσον</span> <span class='ocrx_word' id='word_1_825' title='bbox 3515 5079 3576 5138; x_wconf 70' lang='grc' dir='ltr'><strong>δὲ</strong></span> <span class='ocrx_word' id='word_1_826' title='bbox 3632 5083 3810 5139; x_wconf 74' lang='grc' dir='ltr'>εἷπεῖν</span> 
     </span>
    </p>
   </div>
   <div class='ocr_carea' id='block_1_115' title="bbox 2152 5167 3808 5249">
    <p class='ocr_par' dir='ltr' id='par_1_115' title="bbox 2152 5167 3808 5249">
     <span class='ocr_line' id='line_1_117' title="bbox 2152 5167 3808 5249; baseline 0.002 -25"><span class='ocrx_word' id='word_1_827' title='bbox 2152 5174 2250 5225; x_wconf 77' lang='grc' dir='ltr'><strong>τοῦ</strong></span> <span class='ocrx_word' id='word_1_828' title='bbox 2306 5169 2506 5245; x_wconf 83' lang='grc' dir='ltr'>Κυρίου</span> <span class='ocrx_word' id='word_1_829' title='bbox 2540 5189 2555 5205; x_wconf 88' lang='grc'><strong>·</strong></span> <span class='ocrx_word' id='word_1_830' title='bbox 2630 5172 2693 5234; x_wconf 79' lang='grc' dir='ltr'><strong>ἃς</strong></span> <span class='ocrx_word' id='word_1_831' title='bbox 2752 5167 2820 5240; x_wconf 80' lang='grc' dir='ltr'><strong>δὴ</strong></span> <span class='ocrx_word' id='word_1_832' title='bbox 2893 5170 3030 5227; x_wconf 80' lang='grc' dir='ltr'>ὲπτά</span> <span class='ocrx_word' id='word_1_833' title='bbox 3096 5169 3258 5234; x_wconf 66' lang='grc' dir='ltr'>οὔσας</span> <span class='ocrx_word' id='word_1_834' title='bbox 3333 5171 3408 5234; x_wconf 85' lang='grc' dir='ltr'><strong>ὡς</strong></span> <span class='ocrx_word' id='word_1_835' title='bbox 3477 5173 3716 5249; x_wconf 88' lang='grc' dir='ltr'>γνησίας</span> <span class='ocrx_word' id='word_1_836' title='bbox 3773 5177 3808 5244; x_wconf 77' lang='grc' dir='ltr'>ἡ</span> 
     </span>
    </p>
   </div>
   <div class='ocr_carea' id='block_1_116' title="bbox 2153 5257 3812 5334">
    <p class='ocr_par' dir='ltr' id='par_1_116' title="bbox 2153 5257 3812 5334">
     <span class='ocr_line' id='line_1_118' title="bbox 2153 5257 3812 5334; baseline 0 -18"><span class='ocrx_word' id='word_1_837' title='bbox 2153 5257 2458 5329; x_wconf 84' lang='grc' dir='ltr'>Ἐκκλησία</span> <span class='ocrx_word' id='word_1_838' title='bbox 2509 5260 2792 5334; x_wconf 87' lang='grc' dir='ltr'>προσίεται</span> <span class='ocrx_word' id='word_1_839' title='bbox 2852 5258 3079 5332; x_wconf 80' lang='grc' dir='ltr'>ἄνωθεν,</span> <span class='ocrx_word' id='word_1_840' title='bbox 3137 5259 3231 5314; x_wconf 89' lang='grc' dir='ltr'><strong>καὶ</strong></span> <span class='ocrx_word' id='word_1_841' title='bbox 3287 5258 3339 5314; x_wconf 76' lang='grc' dir='ltr'>ἐν</span> <span class='ocrx_word' id='word_1_842' title='bbox 3403 5264 3522 5320; x_wconf 88' lang='grc' dir='ltr'>τοῖς</span> <span class='ocrx_word' id='word_1_843' title='bbox 3582 5260 3812 5322; x_wconf 73' lang='grc' dir='ltr'>οἰκείοις</span> 
     </span>
    </p>
   </div>
   <div class='ocr_carea' id='block_1_117' title="bbox 2153 5345 3809 5425">
    <p class='ocr_par' dir='ltr' id='par_1_117' title="bbox 2153 5345 3809 5425">
     <span class='ocr_line' id='line_1_119' title="bbox 2153 5345 3809 5425; baseline 0.001 -21"><span class='ocrx_word' id='word_1_844' title='bbox 2153 5351 2260 5404; x_wconf 90' lang='grc' dir='ltr'><strong>τῶν</strong></span> <span class='ocrx_word' id='word_1_845' title='bbox 2292 5349 2390 5418; x_wconf 73' lang='grc' dir='ltr'><strong>τῆς</strong></span> <span class='ocrx_word' id='word_1_846' title='bbox 2437 5347 2558 5411; x_wconf 82' lang='grc' dir='ltr'>νέας</span> <span class='ocrx_word' id='word_1_847' title='bbox 2609 5349 2881 5420; x_wconf 71' lang='grc' dir='ltr'>Διαθήκης</span> <span class='ocrx_word' id='word_1_848' title='bbox 2930 5345 3165 5424; x_wconf 87' lang='grc' dir='ltr'>βιϐλίων</span> <span class='ocrx_word' id='word_1_849' title='bbox 3215 5347 3452 5425; x_wconf 81' lang='grc' dir='ltr'>ἐγκρίνει</span> <span class='ocrx_word' id='word_1_850' title='bbox 3505 5349 3583 5412; x_wconf 83' lang='grc' dir='ltr'><strong>ὼς</strong></span> <span class='ocrx_word' id='word_1_851' title='bbox 3637 5349 3809 5422; x_wconf 85' lang='grc' dir='ltr'>μάλι-</span> 
     </span>
    </p>
   </div>
   <div class='ocr_carea' id='block_1_118' title="bbox 2155 5435 3808 5512">
    <p class='ocr_par' dir='ltr' id='par_1_118' title="bbox 2155 5435 3808 5512">
     <span class='ocr_line' id='line_1_120' title="bbox 2155 5435 3808 5512; baseline 0.004 -22"><span class='ocrx_word' id='word_1_852' title='bbox 2155 5455 2252 5491; x_wconf 89' lang='grc' dir='ltr'><strong>στα</strong></span> <span class='ocrx_word' id='word_1_853' title='bbox 2285 5455 2298 5470; x_wconf 81' lang='lat'><strong><em>°</em></strong></span> <span class='ocrx_word' id='word_1_854' title='bbox 2333 5438 2470 5512; x_wconf 86' lang='grc' dir='ltr'>πρὸς</span> <span class='ocrx_word' id='word_1_855' title='bbox 2502 5435 2570 5508; x_wconf 84' lang='grc' dir='ltr'><strong>δὴ</strong></span> <span class='ocrx_word' id='word_1_856' title='bbox 2617 5439 2838 5502; x_wconf 87' lang='grc' dir='ltr'>ταύταις</span> <span class='ocrx_word' id='word_1_857' title='bbox 2867 5438 2957 5493; x_wconf 85' lang='grc' dir='ltr'><strong>καὶ</strong></span> <span class='ocrx_word' id='word_1_858' title='bbox 3003 5436 3102 5502; x_wconf 74' lang='grc' dir='ltr'><strong>τὰς</strong></span> <span class='ocrx_word' id='word_1_859' title='bbox 3135 5435 3198 5494; x_wconf 84' lang='grc' dir='ltr'>ιδ’</span> <span class='ocrx_word' id='word_1_860' title='bbox 3241 5442 3340 5494; x_wconf 79' lang='grc' dir='ltr'><strong>τοῦ</strong></span> <span class='ocrx_word' id='word_1_861' title='bbox 3387 5437 3538 5493; x_wconf 86' lang='grc' dir='ltr'>θείου</span> <span class='ocrx_word' id='word_1_862' title='bbox 3585 5440 3808 5496; x_wconf 78' lang='grc' dir='ltr'>Παύλου</span> 
     </span>
    </p>
   </div>
   <div class='ocr_carea' id='block_1_119' title="bbox 2155 5523 3807 5603">
    <p class='ocr_par' dir='ltr' id='par_1_119' title="bbox 2155 5523 3807 5603">
     <span class='ocr_line' id='line_1_121' title="bbox 2155 5523 3807 5603; baseline 0.002 -23"><span class='ocrx_word' id='word_1_863' title='bbox 2155 5523 2446 5589; x_wconf 79' lang='grc' dir='ltr'>ἐπιστολάς</span> <span class='ocrx_word' id='word_1_864' title='bbox 2478 5545 2493 5558; x_wconf 87' lang='grc'>·</span> <span class='ocrx_word' id='word_1_865' title='bbox 2551 5527 2613 5590; x_wconf 74' lang='grc' dir='ltr'><strong>’ὸς</strong></span> <span class='ocrx_word' id='word_1_866' title='bbox 2671 5526 2724 5582; x_wconf 80' lang='grc' dir='ltr'>ἐν</span> <span class='ocrx_word' id='word_1_867' title='bbox 2781 5531 3096 5603; x_wconf 81' lang='grc' dir='ltr'>παρασκευῇ</span> <span class='ocrx_word' id='word_1_868' title='bbox 3155 5525 3340 5603; x_wconf 91' lang='grc' dir='ltr'>λόγων</span> <span class='ocrx_word' id='word_1_869' title='bbox 3406 5524 3807 5598; x_wconf 81' lang='grc' dir='ltr'>δυνατώτατος,</span> 
     </span>
    </p>
   </div>
   <div class='ocr_carea' id='block_1_120' title="bbox 2153 5613 3804 5694">
    <p class='ocr_par' dir='ltr' id='par_1_120' title="bbox 2153 5613 3804 5694">
     <span class='ocr_line' id='line_1_122' title="bbox 2153 5613 3804 5694; baseline 0.001 -24"><span class='ocrx_word' id='word_1_870' title='bbox 2153 5617 2392 5689; x_wconf 68' lang='grc' dir='ltr'>νοήμασι</span> <span class='ocrx_word' id='word_1_871' title='bbox 2441 5637 2500 5672; x_wconf 82' lang='grc' dir='ltr'><strong>τε</strong></span> <span class='ocrx_word' id='word_1_872' title='bbox 2549 5618 2730 5682; x_wconf 75' lang='grc' dir='ltr'>ἱκανὸς</span> <span class='ocrx_word' id='word_1_873' title='bbox 2775 5619 3034 5694; x_wconf 86' lang='grc' dir='ltr'>γεγονὼς,</span> <span class='ocrx_word' id='word_1_874' title='bbox 3073 5613 3226 5674; x_wconf 77' lang='grc' dir='ltr'>οὐδέν</span> <span class='ocrx_word' id='word_1_875' title='bbox 3276 5637 3330 5674; x_wconf 89' lang='grc' dir='ltr'><strong>τι</strong></span> <span class='ocrx_word' id='word_1_876' title='bbox 3376 5617 3590 5673; x_wconf 87' lang='grc' dir='ltr'>τούτων</span> <span class='ocrx_word' id='word_1_877' title='bbox 3634 5616 3804 5674; x_wconf 77' lang='grc' dir='ltr'>πλέον</span> 
     </span>
    </p>
   </div>
   <div class='ocr_carea' id='block_1_121' title="bbox 2155 5702 3803 5784">
    <p class='ocr_par' dir='ltr' id='par_1_121' title="bbox 2155 5702 3803 5784">
     <span class='ocr_line' id='line_1_123' title="bbox 2155 5702 3803 5784; baseline 0.002 -26"><span class='ocrx_word' id='word_1_878' title='bbox 2155 5703 2360 5779; x_wconf 80' lang='grc' dir='ltr'>γράψαι</span> <span class='ocrx_word' id='word_1_879' title='bbox 2417 5703 2735 5780; x_wconf 83' lang='grc' dir='ltr'>προείλετο,</span> <span class='ocrx_word' id='word_1_880' title='bbox 2780 5705 2872 5763; x_wconf 84' lang='grc' dir='ltr'><strong>καὶ</strong></span> <span class='ocrx_word' id='word_1_881' title='bbox 2913 5709 3084 5764; x_wconf 77' lang='grc' dir='ltr'>ταῦτα</span> <span class='ocrx_word' id='word_1_882' title='bbox 3143 5703 3314 5783; x_wconf 86' lang='grc' dir='ltr'>μυρία</span> <span class='ocrx_word' id='word_1_883' title='bbox 3365 5703 3458 5763; x_wconf 83' lang='grc' dir='ltr'><strong>καὶ</strong></span> <span class='ocrx_word' id='word_1_884' title='bbox 3515 5702 3803 5784; x_wconf 75' lang='grc' dir='ltr'>ἀπόρῥητι</span> 
     </span>
    </p>
   </div>
  </div>
