4016 6206
145 404 254 468 885

1141 402 1756 472 EGCLESIASTICE
1799 415 2192 482 HlSTORI/E
2234 423 2382 484 LIB.
2431 423 2506 484 II.

3432 431 3550 490 886

145 537 320 614 λέγειν
351 532 524 613 ἔχων,
556 537 649 593 ἅτε
699 533 766 607 δὴ
798 536 886 592 καὶ
935 535 1024 592 ἐπὶ
1067 536 1160 593 τὸν
1206 535 1388 627 τρίτον
1433 537 1786 612 ἀνεληλυθὼς

1908 553 2198 626 epistolas,
2230 557 2332 627 qui
2363 556 2540 614 simul
2571 561 2628 616 et
2665 560 2972 617 verborum
3021 564 3080 618 et
3126 562 3547 619 sententiarum

146 629 388 701 οὐρανὸν,
420 627 511 684 καὶ
559 627 647 683 ἐπὶ
677 627 769 682 τὸν
826 629 1090 702 θεοτερπῆ
1141 626 1464 700 παράδεισον
1515 628 1786 707 ἐπαρθεὶς,

1908 648 2174 715 apparatu
2216 626 2722 717 instructissimus,
2755 649 2902 705 nihil
2934 650 3046 707 sibi
3093 655 3367 723 praterea
3415 653 3553 710 scri-

146 718 227 772 καὶ
303 721 413 774 τῶν
487 715 740 792 ἀῤῥήτων
817 715 1034 772 ἐκείνων
1110 715 1335 773 ἀκοῦσαι
1411 722 1781 794 καταξιωθείς.

146 812 397 862 ’Ύστατον
456 805 515 862 δὲ
569 806 659 862 καὶ
718 808 818 876 τήν
876 810 973 862 τοῦ
1030 806 1284 864 Ἰωάννου
1338 809 1790 888 Ἀποκάλυψιν

146 902 490 975 ἐπιστάμεθα,
553 899 996 978 παραδεδομένην
1073 906 1140 976 τῇ
1216 902 1535 976 Ἐκκλησία.
1589 908 1662 962 Τά
1732 905 1790 963 8‘s

146 991 283 1066 παρά
328 996 500 1048 ταῦτα
553 993 681 1046 νόθα
727 1013 785 1047 τε
832 991 921 1046 καὶ
971 993 1378 1068 παρέγγραπτοι.
1422 997 1518 1056 ’Ὦς
1566 1017 1626 1070 γε
1677 999 1784 1070 μὴν

147 1077 333 1155 ἔχουσι
363 1081 565 1152 τάξεως
594 1082 660 1136 τὰ
697 1075 909 1156 βιϐλία,
944 1081 1090 1136 οὕτω
1121 1078 1188 1150 δὴ
1221 1081 1388 1156 κάμοὶ
1425 1083 1634 1153 ἐπῆλθε
1663 1087 1787 1161 περὶ

146 1173 343 1228 τούτων
373 1173 543 1228 εἰπεῖν
594 1173 691 1234 τὰς
721 1171 895 1234 αἰτίας
928 1170 1276 1246 διηγουμένῳ
1319 1179 1419 1244 τῆς
1451 1179 1784 1254 συγγραφῆς,

145 1264 224 1316 καὶ
253 1266 361 1316 τῶν
398 1259 696 1335 έκθεμένων
732 1260 888 1316 αὑτά.

1902 732 2160 789 bendum
2215 751 2346 792 esse
2390 736 2576 804 duxit,
2613 754 2744 794 cum
2784 739 3018 811 quidem
3067 741 3411 798 innumeros
3476 743 3549 799 de

1900 823 2077 879 rebus
2107 825 2336 880 arcanis
2359 829 2414 882 et
2445 826 2838 884 ineti'abilibus
2872 829 3159 901 potuisset
3201 847 3548 902 componere

1902 910 2063 967 216
2095 912 2293 983 libros,
2336 915 2552 988 quippe
2581 916 2682 987 qui
2712 917 2772 972 in
2817 919 3056 974 tertium
3099 934 3280 991 usque
3337 920 3548 977 coelum

1899 1003 2126 1072 raptus,
2158 1002 2302 1059 etin
2351 1004 2688 1074 paradisum
2747 1006 2964 1063 divinis
3013 1007 3406 1078 voluptatibus
3461 1009 3548 1065 af-

1899 1087 2188 1146 ﬂuentum
2219 1092 2513 1164 sublatus,
2544 1095 2832 1152 maximas
2886 1095 2989 1162 ibi,
3021 1112 3149 1166 quae
3199 1096 3388 1154 dicere
3433 1114 3548 1154 non

1898 1181 2007 1248 est,
2037 1195 2130 1237 res
2160 1182 2470 1240 audiverit.
2502 1183 2719 1240 Deinde
2754 1191 2809 1241 et
2842 1184 3088 1242 Joannis
3136 1186 3544 1258 Apocalypsim

1899 1268 2171 1327 novimus
2218 1270 2484 1328 Ecclesiae
2533 1277 2887 1344 postremum
2934 1275 3226 1333 traditam.
3257 1275 3386 1331 Alia
3441 1290 3551 1332 au-

147 1359 273 1422 tem,
309 1356 518 1425 prater
537 1354 680 1422 haec,
702 1355 899 1410 omnia
930 1353 1238 1427 illegitima
1260 1358 1399 1412 sunt
1427 1360 1483 1412 et
1512 1355 1862 1414 adulterina.
1895 1357 2047 1416 Ordo
2074 1362 2271 1418 autem
2302 1360 2588 1420 librorum
2618 1363 2968 1432 slmul,cnm
3001 1382 3236 1423 causam
3267 1364 3541 1423 editionis

150 1448 524 1517 auctoresque
553 1461 758 1502 eorum
791 1460 1159 1517 exponerem,
1190 1463 1224 1502 a
1254 1461 1341 1503 me
1371 1447 1693 1506 recensitus
1713 1452 1822 1505 est.

743 1592 996 1644 ΚΕΦΑΛ.
1037 1589 1189 1662 mg".

155 1714 328 1790 [Is_p_i_
358 1709 1184 1790 τῶν..ιῖιμιιηᾳϐαλλομένωνΔ
1218 1711 1633 1790 ὲ-νδιαθήκων
1693 1717 1789 1789 βι-

2499 1597 2730 1655 CAPUT
2769 1598 2956 1656 XLVI.

1899 1718 1974 1774 De
2005 1722 2424 1796 testamentariis
2459 1721 2622 1779 libris
2651 1723 2981 1796 quibusdam
3018 1727 3079 1779 in
3126 1723 3354 1796 dubium
3395 1738 3554 1780 voca-

213 1781 454 1873 B'l‘twv,
491 1781 669 1876 ξπως
711 1781 1198 1878 έεκίξστέρογητὸ
1239 1781 1526 1878 ἔμπεδόν
1565 1781 1786 1878 ἔσχογ⁸

1970 1790 2064 1878 tis,
2112 1801 2172 1878 ut
2213 1802 2421 1876 postea.
2457 1796 2625 1878 rolgur
2657 1781 2756 1878 ξιξ-
2781 1796 3162 1878 auctoritatem
3217 1795 3554 1852 obtinuerint

213 1859 320 1912 καὶ
359 1857 515 1932 περὶ
547 1861 678 1936 ςεῶν
738 1855 1373 1936 ἄλλωξνόᾳθωνῂδὶσά
1413 1855 1786 1936 παρεγγρά-

212 1950 415 1998 πτων,
452 1925 564 1984 καὶ
604 1929 1022 1984 παντάπασιν
1063 1925 1500 2000 ἀποϐλήτῶν.

219 2072 365 2128 Ἐπεὶ
398 2069 458 2126 δέ
485 2092 628 2132 τινες
675 2075 780 2126 τῶν
813 2070 1058 2148 ἀρχαίων
1100 2071 1288 2129 πολλά
1322 2077 1430 2130 τῶν
1482 2075 1785 2151 εἰρημένων

157 2155 417 2216 ὠϐέλισαν
469 2165 574 2216 τῶν
633 2159 888 2239 ἀσφαλῶς
943 2166 1014 2236 τῇ
1068 2162 1371 2235 Ἐκκλησία
1418 2162 1790 2240 παραδεδομέ-

155 2272 268 2320 νων,
302 2252 434 2327 φέρε
461 2251 548 2305 καὶ
582 2251 705 2326 περὶ
757 2252 968 2306 τούτων
1004 2251 1214 2331 βραχέα
1255 2251 1665 2325 διεληλυθότες,
1695 2255 1788 2311 τὸν

158 2337 394 2414 δεύτερον
439 2339 870 2414 καταπαύσωμεν
917 2340 1113 2414 τόμον,
1162 2342 1196 2397 ὁὶ
1241 2364 1404 2419 φησιν
1455 2340 1710 2408 Εὐσέϐιος
1761 2347 1789 2401 ὁ

157 2430 442 2508 Παμφίλου
499 2430 939 2506 παρατιθέμενοι.
986 2431 1115 2507 Περὶ
1176 2433 1270 2505 μὲν
1329 2436 1439 2488 τῶν
1488 2434 1792 2508 εἷ’ρημένων

153 2539 416 2593 τεσσαρων
439 2577 441 2579 _
467 2519 821 2596 Εύαγγελίων
851 2517 1031 2576 οὐδενί
1079 2541 1168 2576 πω
1197 2523 1361 2597 μέχρι
1407 2524 1496 2579 καὶ
1547 2522 1600 2585 ἐς
1632 2522 1790 2599 δεῦρο

154 2604 458 2686 ἀμφίϐολος
509 2607 796 2682 ἐκράτησεν
847 2606 1026 2666 ἔννοια
1058 2627 1072 2643 '
1119 2614 1318 2686 γνήσια
1373 2609 1430 2666 δὲ
1472 2612 1562 2666 καὶ
1620 2613 1794 2668 οἰκεῖα

157 2696 297 2767 μάλα
380 2703 492 2754 τῶν
575 2701 1033 2774 συγγραψαμένων
1122 2702 1255 2756 εἶναι
1341 2699 1791 2777 ἀνωμολόγηται.

155 2788 168 2805 ν
254 2786 264 2806 Ι
409 2785 458 2805 λ’
695 2785 718 2806 ἢ
901 2788 914 2809 τ
998 2794 1020 2804 υ
1227 2791 1240 2807 Ι
1388 2792 1402 2810 \
1490 2797 1518 2809 ο
1637 2792 1646 2812 Ι

175 2793 372 2858 Επισης
406 2805 464 2842 οε
514 2809 658 2866 φημι
691 2787 844 2858 οόξαν
896 2809 1107 2843 υπειναι
1155 2811 1244 2845 και
1279 2810 1404 2865 περι
1451 2813 1552 2861 της
1595 2787 1795 2866 βιϐλου

154 2881 250 2931 τῶν
303 2878 580 2951 Πράξεων.
615 2878 702 2933 Ἐν
746 2874 1081 2954 ἀμφιϐόλοις
1131 2877 1178 2934 δ’
1226 2882 1364 2950 ἦσαν
1415 2883 1449 2951 ἥ
1493 2903 1552 2938 τε
1600 2884 1792 2957 πρώτη

154 2970 252 3020 τῶν
299 2964 630 3022 Καθολικῶν
677 2961 940 3024 Ἰακώϐου
994 2971 1090 3022 τοῦ
1131 2965 1368 3048 ἀδελφοῦ
1418 2974 1516 3026 τοῦ
1575 2969 1795 3045 Κυρίου,

156 3053 235 3108 καὶ
266 3058 302 3124 ἡ
355 3051 569 3128 ἑϐδόμη
607 3053 782 3110 Ἰούδα
829 3060 926 3111 τοῦ
958 3054 1196 3133 ἀδελφοῦ
1246 3058 1433 3128 αὐτοῦ,
1474 3053 1554 3114 ἔτι
1602 3059 1659 3115 δὲ
1707 3059 1796 3116 καὶ

1967 1865 2104 1922 Item
2135 1866 2199 1922 de
2226 1865 2445 1937 supuris
2501 1869 2552 1923 et
2593 1867 2958 1937 adulterinis,
3007 1867 3337 1938 omninoque
3374 1882 3555 1938 repro-

1970 1938 2164 1995 bandis
2194 1939 2434 2010 scriptis.

1968 2069 2452 2142 Quandoquidem
2491 2084 2624 2125 vero
2667 2070 2821 2142 apud
2876 2069 3150 2140 antiquos
3202 2068 3457 2141 quidam,
3487 2083 3557 2124 ex

1897 2165 1981 2224 eis
2007 2162 2178 2220 libris
2207 2176 2355 2233 quos
2401 2159 2734 2228 retulimus,
2766 2159 3033 2216 Ecclesia
3074 2163 3232 2216 certo
3286 2158 3554 2228 traditos,

1896 2253 2062 2315 obelo
2089 2251 2374 2325 quosdam
2406 2249 2792 2306 confoderunt
2831 2265 2844 2305 :
2878 2251 2948 2305 de
2978 2264 3045 2304 ea
3075 2265 3307 2321 quoque
3347 2265 3408 2305 re
3455 2247 3556 2303 ubi

1899 2361 2088 2419 pauca
2116 2340 2461 2411 dixerimus,
2491 2342 2550 2396 et
2588 2354 2711 2410 quas
2756 2339 3042 2396 Eusebius
3100 2337 3392 2410 Pamphili
3439 2346 3557 2394 tra-

1899 2435 2111 2492 diderit
2159 2429 2600 2499 adduxerimus,
2643 2430 2899 2486 secundo
2968 2428 3105 2486 huic
3162 2432 3320 2486 tomo
3377 2427 3552 2484 finem

1899 2526 2292 2597 imponemus.
2352 2520 2432 2575 Ac
2484 2520 2556 2574 de
2605 2527 2856 2589 quatuor
2912 2517 3149 2590 quidem
3205 2533 3333 2590 qum
3398 2517 3555 2574 dicta

1903 2616 2042 2672 sunt
2070 2607 2418 2682 Evangeliis,
2451 2622 2620 2664 nemo
2651 2607 2842 2664 adhuc
2873 2607 2943 2664 ad
2973 2607 3131 2664 hunc
3162 2622 3348 2679 usque
3401 2606 3554 2664 diem

1902 2699 2354 2760 controversiam
2411 2697 2610 2764 movit,
2671 2712 2992 2768 omnesque
3046 2713 3114 2753 ea
3174 2713 3453 2770 germana
3499 2699 3557 2752 et

1903 2792 2096 2849 nativa
2115 2805 2244 2847 esse
2274 2785 2690 2857 suntproi‘essi.
2711 2786 2864 2842 Idem
2897 2801 3124 2859 quoque
3154 2786 3226 2843 de
3281 2787 3554 2844 Actorum

1904 2881 2052 2938 libro
2103 2877 2436 2934 dicendum.
2494 2877 2572 2932 De
2629 2875 2850 2948 quibus
2905 2879 3103 2932 autem
3145 2875 3557 2933 addubitatum

1905 2970 2004 3035 sit,
2025 2968 2146 3024 haec
2177 2969 2338 3022 sunt.
2372 2964 2568 3020 Prima
2623 2963 2775 3020 inter
2819 2961 3156 3020 catholicas.
3187 2962 3406 3032 Jacobi,
3442 2963 3561 3019 l'ra-

1906 3058 2010 3114 tris
2031 3055 2259 3113 Domini
2294 3070 2308 3112 :
2344 3057 2401 3110 et
2437 3051 2688 3124 septima
2737 3052 2925 3120 Judas,
2967 3051 3167 3109 fratris
3224 3053 3388 3123 ejus:
3421 3051 3562 3108 item

157 3145 188 3212 ἡ
244 3143 472 3214 δευτέρα
531 3148 629 3198 τοῦ
689 3145 892 3218 Πέτρου
948 3143 1238 3218 ἐπιστολὴ,
1271 3147 1346 3210 ὡς
1404 3150 1496 3204 ἅτε
1554 3146 1620 3220 δὴ
1677 3156 1794 3214 τοῖς

230 3231 250 3252 κ
359 3239 380 3249 -
489 3230 503 3252 ν
607 3232 622 3252 ,
741 3230 796 3252 η.
1264 3236 1275 3252 .
1449 3241 1523 3252 _..
1629 3235 1682 3252 μ.

1912 3145 2194 3221 posterior
2222 3143 2371 3200 Petri
2402 3141 2667 3214 epistola.
2700 3141 2781 3198 De
2802 3139 2896 3198 his
2930 3139 3088 3198 enim
3133 3156 3347 3213 anceps
3404 3141 3558 3242 apud

158 3231 412 3294 παλαιοῖς
483 3230 536 3287 ἐν
596 3230 956 3310 ἀμφιλέκτως
1013 3236 1392 3309 γεγενημέναι.
1449 3241 1564 3292 Τῶν
1625 3235 1684 3294 δέ
1738 3261 1800 3314 γε

157 3327 314 3396 τριῶν
367 3322 639 3394 Ἰωάννου,
688 3322 839 3392 πλὴν
887 3329 988 3393 τῆς
1035 3325 1283 3396 πρώτης,
1331 3325 1386 3380 αἱ
1432 3327 1660 3397 καθεξῆς
1705 3325 1801 3384 δύο

162 3409 320 3490 μέχρι
351 3408 577 3466 πολλοῦ
622 3410 976 3488 ἂντελέγοντο
1010 3431 1024 3445 ·
1074 3414 1163 3467 καὶ
1213 3412 1389 3471 ἄλλου
1433 3411 1804 3490 πρεσϐυτέρού

158 3501 406 3556 Ἰωάννου
440 3501 581 3556 εἶναι
626 3501 822 3564 ταύτας
869 3501 1031 3577 λόγος
1079 3507 1358 3579 κατεῖχεν,
1390 3506 1449 3567 ὃς
1493 3505 1548 3560 έν
1592 3505 1801 3582 Ἐφέσῳ

160 3592 287 3660 μετά
333 3594 427 3645 τὸν
491 3592 743 3662 Ἰωάννην
795 3593 1143 3666 παρῴκησεν,
1194 3591 1272 3655 ὥς
1330 3616 1462 3667 φησι
1513 3594 1721 3656 Παπίας
1772 3595 1800 3648 6

156 3679 553 3755 Ἱεραπολίτης,
614 3678 710 3736 δύο
771 3683 1027 3755 μνήματα
1083 3681 1134 3735 έν
1192 3683 1404 3759 Ἐφέσῴ
1472 3684 1609 3738 εἶναι
1661 3685 1802 3738 ἱστο-

159 3773 257 3840 ρῶν
297 3769 614 3844 ὁμωνύμων
660 3770 916 3825 Ἰωαννῶν
943 3789 956 3803 ο
1009 3771 1082 3825 ῶν
1132 3771 1246 3834 ἑνὸς
1290 3775 1386 3826 τοῦ
1435 3766 1798 3846 πρεσϐυτέρου

154 3856 543 3936 ἐπιλεγομένου
575 3860 664 3914 καὶ
715 3858 992 3934 ὁμιλητὴν
1023 3860 1207 3915 ἑαυτὸν
1256 3859 1428 3936 λέγει.
1481 3859 1800 3936 Καταλέγων

153 3948 247 4021 γάρ
305 3948 438 4010 τοὺς
497 3943 895 4023 πρεσϐυτέρους
951 3951 1059 4002 τῶν
1120 3948 1465 4020 ἀποστόλων,
1523 3950 1613 4004 καὶ
1688 3952 1796 4003 τῶν

155 4033 245 4092 δύο
274 4038 487 4092 τούτων
523 4035 800 4110 μέμνηται
835 4037 1035 4091 οὑτωσὶ
1066 4038 1302 4114 φάσκωνο
1333 4062 1360 4090 ‹‹
1398 4037 1458 4093 Εἰ
1485 4036 1542 4093 δὲ
1571 4059 1677 4093 που
1707 4038 1797 4092 καὶ

153 4125 665 4200 παρηκολουθηκώς
715 4146 798 4188 τις
850 4129 969 4187 τοῖς
1019 4121 1402 4200 πρεσϐυτέροις
1449 4124 1622 4198 ἒθλοι,
1670 4126 1799 4189 τοὺς

151 4220 251 4269 τῶν
304 4210 693 4291 πρεσϐυτέρων
740 4213 1010 4290 ἀνέκρινον
1059 4210 1260 4291 λίγους
1295 4235 1309 4249 ⁶
1358 4215 1411 4270 τί
1455 4214 1728 4290 ’Δνδρέας,
1761 4217 1796 4286 ἢ

153 4301 349 4377 Πέτρος
377 4305 554 4374 εἶπεν,
586 4303 620 4372 ἢ
655 4303 959 4374 Φίλιππος,
992 4307 1025 4373 ἢ
1055 4299 1334 4371 Ἰάκωϐος,
1366 4304 1402 4373 ἢ
1434 4306 1486 4359 τί
1521 4306 1796 4376 Ἰωάννης,

150 4395 180 4460 ἦ
213 4396 520 4460 Ματθαῐος,
559 4395 588 4462 ἤ
621 4414 702 4454 τις
734 4390 916 4468 ἕτερος
971 4398 1077 4448 τῶν
1110 4398 1206 4448 τοῦ
1248 4394 1453 4467 Κυρίου
1489 4395 1744 4467 μαθητῶν
1781 4412 1795 4427 ⁸

147 4483 263 4538 ἅτε
313 4484 607 4558 ’Δριστίων
641 4484 729 4538 καὶ
779 4485 806 4538 6
852 4480 1210 4558 πρεσϐύτερος
1257 4483 1534 4556 Ἰωάννης.
1568 4485 1644 4542 Οὐ
1693 4484 1797 4561 γὰρ

1911 3235 2183 3307 antiquos
2223 3233 2336 3289 fuit
2372 3231 2593 3305 opinio.
2625 3230 2907 3287 Prmterea
2948 3246 3018 3287 ex
3074 3230 3260 3289 tribus
3291 3247 3420 3304 qua
3473 3229 3562 3286 di-

1910 3329 2122 3385 cuntur
2146 3340 2274 3381 esse
2301 3321 2566 3390 Joannis,
2600 3324 2761 3377 extra
2817 3320 3089 3393 primam,
3122 3319 3361 3394 reliquis
3403 3322 3550 3377 dua-

1911 3417 2021 3472 bus
2050 3413 2428 3486 aliquandino
2473 3428 2590 3468 non
2637 3411 2858 3482 integra
2888 3412 3024 3466 data
3055 3414 3144 3466 est
3191 3410 3505 3467 auctoritas
3543 3424 3555 3463 :

1912 3521 2047 3561 nam
2071 3502 2312 3559 alterius
2341 3499 2584 3556 Joannis
2616 3499 2932 3571 presbyteri
2961 3513 3085 3554 esse
3120 3499 3350 3554 creditas
3399 3502 3560 3565 sunt,

1911 3594 2011 3667 qui
2069 3591 2282 3664 Ephesi
2332 3594 2464 3662 post
2513 3589 2799 3646 Joannem
2847 3587 3212 3654 habitaverit,
3246 3589 3311 3642 ut
3354 3585 3562 3656 Papias

1911 3681 2265 3753 Hierapolita
2319 3678 2479 3746 dicit,
2546 3677 2657 3733 duo
2725 3679 3108 3732 monumenta
3163 3673 3374 3746 Ephesi
3433 3690 3562 3731 esse

1911 3782 2261 3836 memorans,
2294 3765 2466 3821 unius
2508 3767 2680 3836 atque
2719 3761 2958 3819 alterius
2985 3761 3230 3819 Joannis
3265 3777 3278 3818 :
3310 3775 3560 3832 quorum

1911 3859 2107 3928 unius,
2139 3853 2460 3928 presbyteri
2489 3852 2652 3918 dicit,
2684 3851 3035 3923 discipulum
3066 3850 3329 3922 seipsum
3363 3850 3562 3906 nomi-

1910 3951 2032 4005 nat.
2093 3950 2420 4001 Recensens
2485 3941 2640 3998 enim
2709 3939 3108 4012 apostolorum
3159 3938 3440 4006 seniores,
3500 3943 3558 3994 et

1909 4039 2160 4093 duorum
2217 4032 2464 4088 istorum
2507 4028 2792 4098 meminit,
2837 4028 2919 4084 ita
2976 4027 3286 4098 inquiens:
3330 4049 3359 4079 ι(
3393 4026 3557 4094 Quod

1908 4127 1956 4182 si
2013 4124 2243 4197 quando
2301 4119 2617 4193 quispiam,
2677 4118 2776 4190 qui
2827 4116 3124 4174 seniorum
3163 4115 3558 4187 apostolorum

1908 4217 2159 4273 sectator
2194 4210 2424 4278 fuisset,
2456 4206 2807 4272 advenisset,
2839 4206 3138 4262 seniorum
3187 4205 3558 4278 requirebam

1909 4305 2078 4360 verba
2107 4309 2161 4358 et
2195 4298 2535 4363 sententias,
2577 4295 2718 4367 quid
2742 4295 2959 4352 scilicet
2986 4295 3250 4352 Andreas
3297 4294 3557 4365 dixisset,

1909 4399 2011 4450 aut
2042 4393 2266 4457 Petrus,
2302 4392 2404 4444 aut
2434 4386 2760 4458 Philippus,
2791 4389 2894 4440 aut
2948 4385 3202 4441 Jacobus
3234 4401 3248 4441 :
3282 4389 3381 4442 aut
3417 4386 3559 4456 quid

1906 4486 2183 4546 Joannes.
2234 4478 2564 4540 Mattbaaus,
2595 4479 2695 4531 aut
2751 4474 2900 4531 alius
2955 4475 3269 4547 quisquam
3328 4474 3561 4531 Domini

145 4571 207 4626 τά
232 4571 294 4626 ἐκ
322 4577 437 4627 τῶν
490 4567 725 4647 βιϐλίων
771 4574 1031 4628 τοσοῦτόν
1085 4594 1151 4648 με
1199 4572 1430 4649 ὠφελεῖν
1483 4560 1794 4646 ὑπελάμϐα·

1911 4567 2385 4640 discipulorum:
2439 4578 2567 4633 quea
2625 4561 2764 4616 item
2814 4560 3092 4629 Aristion,
3151 4564 3253 4616 aut
3309 4561 3559 4617 Joannes

142 4682 252 4731 νον,
313 4661 448 4717 ὅσον
507 4661 574 4716 τά
629 4664 775 4737 παρά
838 4664 1016 4734 ζώσης
1074 4670 1280 4738 φωνῆς,
1324 4687 1353 4716 ››
1410 4662 1612 4719 Τούτου
1670 4667 1795 4739 γοῦν

141 4755 234 4804 τοῦ
265 4745 649 4826 πρεσϐυτέρου
690 4757 791 4821 τῆς
839 4750 894 4806 έν
944 4753 1152 4831 Ἐφέρῲ
1199 4753 1487 4827 παροικίας
1530 4755 1628 4821 τήν
1676 4749 1796 4807 δευ-

139 4838 296 4914 τέραν
330 4841 426 4896 καὶ
476 4838 666 4915 τρίτην
713 4839 1034 4910 ἐπιστολὴν,
1063 4841 1196 4916 πρὸς
1247 4837 1304 4895 δὲ
1351 4841 1441 4895 καὶ
1487 4842 1586 4910 τὴν
1633 4842 1796 4898 Ἀπο-

139 4929 380 5005 καλυψιγ
437 4929 572 4985 εἶναί
619 4951 762 4993 τινες
813 4930 1212 5009 ἐφαντάσθησαν
1249 4951 1261 4965 ·
1311 4935 1418 4986 τῶν
1467 4929 1525 4984 δὲ
1576 4929 1798 4986 ἐπιστο-

138 5017 247 5074 λῶν
302 5018 564 5088 Παύλου,
617 5017 764 5088 πλὴν
818 5026 920 5088 τῆς
960 5021 1096 5092 πρὸς
1147 5015 1452 5096 Ἐϐραίους,
1501 5020 1800 5097 ἀναμφίλε-

134 5129 250 5164 κτοι
285 5114 468 5164 πᾶσαι
518 5105 813 5180 διέμειναν.
847 5107 1083 5182 Κλήμης
1130 5107 1187 5163 δὲ
1235 5111 1320 5165 καὶ
1368 5110 1535 5181 αὐτῆς
1577 5111 1605 5164 6
1655 5111 1801 5166 Ῥώ-

138 5219 247 5270 μης
310 5197 512 5273 μνείαν
572 5201 830 5268 ποιεῖται,
881 5199 969 5252 καὶ
1029 5198 1217 5274 ῥητοῖς
1262 5221 1371 5255 τισι
1442 5204 1550 5256 τῶν
1629 5199 1799 5256 ἐκεῖσε

133 5289 467 5365 φερομένων
526 5286 816 5362 ἐμπρέπει.
874 5289 1032 5345 ’Ὁθεν
1092 5293 1276 5364 σαφῶς
1334 5289 1656 5364 παρίσταται
1717 5291 1794 5362 μὴ

135 5377 246 5432 νέον
297 5379 450 5434 εἶναι
498 5375 704 5448 ταύτης
762 5378 826 5432 τὸ
878 5377 1211 5453 σύγγραμμα
1241 5396 1254 5410 '
1314 5377 1404 5432 καί
1461 5399 1522 5452 γε
1571 5378 1796 5440 εἰκότως

131 5475 248 5530 τοῖς
304 5467 542 5528 λοιποῖς
588 5470 684 5522 τοῦ
735 5465 956 5522 Παύλου
1008 5467 1393 5543 συγγράμμασι
1424 5466 1795 5542 καταλέγεται.

130 5559 196 5610 Τό
229 5579 294 5632 γε
332 5559 457 5632 μήν
489 5554 663 5629 α’ίτιον
713 5563 814 5626 τῆς
851 5558 973 5632 περὶ
1021 5556 1220 5628 ταύτην
1263 5553 1604 5638 ἀμφιϐολίας
1651 5558 1796 5612 τοῦτ’

130 5651 385 5725 γενέσθαι
444 5646 639 5723 λόγος,
689 5646 774 5703 ὅτι
826 5650 901 5722 μὴ
951 5649 1197 5720 συνήθως
1246 5647 1298 5704 έν
1343 5646 1511 5723 ταύτῃ
1572 5647 1601 5702 6
1656 5647 1798 5708 θεῖος

129 5733 495 5804 ’Δπόστολος
521 5736 586 5794 τὸ
615 5737 809 5795 ἑαυτοῦ
839 5733 1215 5815 προϐάλλεται
1246 5731 1440 5814 ὄνομα,
1474 5736 1656 5813 ὥσπερ
1706 5735 1800 5793 κάν

1910 4657 2229 4733 presbyter.
2253 4655 2377 4710 Non
2409 4651 2566 4707 enim
2617 4649 2780 4705 libris
2839 4653 3062 4706 tantum
3123 4665 3237 4718 me,
3271 4652 3558 4720 quantum

1905 4749 2036 4805 viva
2065 4760 2201 4803 voce
2259 4741 2542 4814 adjuvari,
2583 4738 2961 4796 credebam.»
2981 4738 3120 4809 Ejus
3173 4738 3349 4808 igitur
3406 4752 3562 4807 pres-

1907 4837 2092 4912 byteri
2123 4833 2374 4892 ecclesias
2433 4830 2815 4902 Ephesiorum
2872 4829 3190 4885 secundam
3230 4834 3284 4883 et
3329 4827 3558 4883 tertiam

1909 4927 2239 5001 epistolam,
2271 4922 2375 4980 2|
2397 4924 2436 4978 1
2474 4925 2532 4978 et
2558 4917 2964 4991 Apocalypsim
2996 4917 3255 4988 insuper,
3289 4916 3558 4974 nonnulli

1909 5033 2034 5076 esse
2067 5015 2472 5073 somniarunt:
2515 5009 2680 5066 Pauli
2728 5012 2924 5064 autem
2981 5007 3384 5078 epistolarum,
3417 5024 3558 5079 pree-

1909 5111 2177 5178 terquam
2244 5119 2374 5175 quae
2412 5099 2486 5155 ad
2544 5099 2811 5154 Hebraeos
2869 5099 2976 5162 est,
3037 5111 3241 5152 omnes
3307 5096 3560 5155 indubia

1913 5203 2191 5267 certaeque
2223 5203 2594 5264 permansere
2623 5183 3007 5241 auctoritatis.
3039 5189 3106 5240 Et
3142 5185 3397 5241 Clemens
3449 5186 3561 5241 Πο-

1915 5301 2144 5348 manus,
2178 5298 2309 5338 cum
2353 5277 2706 5334 mentionem
2740 5275 2866 5344 ejus
2906 5273 3094 5344 ipsius
3111 5274 3366 5346 epistolae
3399 5275 3558 5341 facit,

1912 5380 2036 5432 tum
2066 5368 2510 5429 auctoritatibus
2542 5366 2717 5420 etiam
2751 5363 3005 5419 locorum
3039 5365 3427 5436 quorumdam
3461 5366 3557 5436 qui

1911 5464 1974 5519 in
2024 5477 2092 5518 ea
2139 5462 2298 5526 sunt,
2332 5457 2601 5511 decenter
2649 5451 2848 5509 utitur.
2901 5452 3062 5508 Unde
3105 5453 3248 5509 satis
3301 5459 3559 5524 apparet,

1915 5569 2030 5610 non
2086 5565 2292 5606 novam
2352 5545 2480 5616 ejus
2525 5558 2654 5598 esse
2709 5541 3040 5610 editionem,
3088 5548 3356 5615 recteque
3411 5543 3563 5602 inter

1912 5642 2138 5714 reliqua
2164 5636 2324 5694 Pauli
2364 5633 2576 5704 scripta
2603 5631 2845 5688 censeri.
2880 5631 3068 5690 Causa
3114 5632 3372 5705 quidem.
3404 5634 3562 5706 quod

1915 5734 1986 5792 de
2014 5731 2141 5804 ejus
2166 5723 2505 5785 auctoritate
2535 5721 2613 5779 sit
2641 5719 3071 5792 addubitatum,
3103 5721 3205 5780 illa
3242 5739 3371 5780 esse
3407 5722 3561 5778 vide-
