4084 6208
433 419 548 484 88⁵7

1735 423 2156 485 NICEPHORI
2200 424 2552 490 CALLISTI

3741 429 3864 494 888

435 560 553 628 tur,
578 558 734 631 quod
767 573 881 614 non
907 557 1130 628 itidem,
1161 562 1225 614 ut
1254 557 1312 613 in
1341 558 1473 616 aliis
1508 559 1630 615 suis
1677 559 1939 631 epistolis
1999 561 2080 617 fe-

2216 563 2310 621 ῖαῖς
2343 557 2538 622 ἇίλλαις
2567 559 2791 630 ἐποίησε
2823 576 2836 592 ·
2864 559 3026 616 τοῦτό
3074 557 3150 630 δὲ,
3177 558 3270 614 ’ίνα
3317 562 3393 633 μὴ
3426 559 3486 615 ἐκ
3536 564 3860 636 προοιμίων

439 647 538 716 cit,
581 648 749 704 divus
785 647 1006 703 Paulus
1063 663 1272 704 nomen
1324 648 1374 704 ei
1437 665 1610 704 suum
1667 649 1990 721 prrsﬁxerit.
2027 649 2088 706 Id

437 753 574 793 vero
603 737 843 806 factum,
871 753 944 791 ne
973 737 1033 792 in
1063 736 1189 808 ipso
1221 737 1421 793 statim
1481 738 1781 809 prooemio.
1805 741 2087 809 tanquam

441 826 512 882 ab
540 825 624 880 eis
656 825 1011 894 descivisset,
1030 841 1128 881 eos
1159 825 1916 898 perturbareLQuapropter
1937 831 2090 882 recte

442 929 650 969 nomen
683 929 856 970 suum
887 914 1105 981 omisit,
1139 915 1456 986 praesertim
1489 931 1622 970 cum
1667 931 1932 972 sermone
1983 931 2092 988 pa-

442 1003 554 1059 trio
587 1004 656 1060 ad
689 1003 960 1060 Hebrasos
1018 1020 1144 1059 eam
1206 1005 1520 1076 Apostolus
1563 1005 1856 1062 scriberet.
1905 1007 2090 1070 Quam

443 1093 654 1149 deinde
709 1093 808 1149 alii
868 1092 1104 1166 quidem
1189 1112 1221 1149 a
1287 1094 1444 1151 Luca
1541 1095 1921 1166 evangelista,
1995 1095 2094 1152 alii

453 1197 584 1238 vero
641 1199 676 1238 a
715 1182 1032 1252 Clemente,
1091 1184 1242 1254 quod
1293 1183 1669 1239 verisimilius
1717 1191 1824 1252 est,
1865 1199 2090 1240 versam

446 1286 572 1326 esse
603 1275 897 1326 asserunt.
918 1269 1245 1327 Persimilis
1275 1271 1430 1326 enim
1463 1275 1552 1327 est
1583 1271 1841 1343 epistola
1866 1272 1938 1327 ad
1981 1272 2092 1327 He-

445 1359 631 1416 braeos
662 1359 868 1431 stylus,
902 1375 1001 1430 per
1029 1360 1243 1416 omnia.
1278 1360 1588 1416 Clementis
1647 1360 1920 1433 epistolas.
1953 1365 2095 1416 Sen-

445 1447 637 1504 tentia:
668 1453 941 1520 prmterea
972 1451 1275 1521 utriusque
1307 1467 1421 1506 non
1481 1451 1798 1506 admodum
1841 1450 1992 1506 inter
2039 1467 2097 1506 se

448 1539 746 1595 differunt.
779 1539 890 1595 Sed
921 1541 1080 1596 enim
1112 1540 1246 1596 libri
1274 1540 1337 1608 ii,
1372 1540 1606 1596 tametsi
1639 1541 1993 1596 controversi
2025 1541 2096 1597 ab

448 1627 708 1699 antiquis
731 1629 852 1684 sint
880 1627 1084 1697 habiti,
1109 1633 1306 1702 postea
1341 1637 1529 1686 tamen
1581 1630 1638 1685 in
1669 1631 1941 1686 omnibus
1971 1647 2095 1701 quae

448 1717 559 1774 sub
601 1718 743 1774 coelo
785 1721 924 1774 sunt
981 1718 1276 1789 Ecclesiis,
1328 1719 1730 1776 auctoritatem
1799 1736 2093 1775 sacrosan-

449 1813 602 1862 ctam
659 1809 715 1862 et
755 1805 1212 1879 irrefragabilem
1281 1809 1680 1878 obtinuerunt,
1712 1814 1770 1864 et.
1815 1813 2096 1880 tanquam

449 1895 739 1968 principia
782 1899 958 1967 atque
999 1895 1279 1954 elementa
1337 1898 1568 1969 pietatis
1615 1905 1825 1954 nostras
1883 1899 2100 1972 sempi-

447 1987 612 2040 terna
635 1989 1100 2055 permanserunt.
1129 1986 1410 2042 Ceterum
1458 1986 1761 2058 illegitima
1815 1992 1874 2043 et
1930 1988 2103 2044 adul—

451 2073 637 2129 terina
685 2073 925 2129 omnino
969 2074 1178 2146 scripta
1209 2090 1358 2144 esse,
1392 2077 1541 2131 scire
1591 2075 1916 2133 debemus:
1961 2078 2104 2133 Pre-

451 2162 823 2230 dicationem,
847 2177 976 2234 quae
1003 2162 1236 2218 dicitur.
1269 2164 1444 2233 Petri,
1476 2169 1534 2221 et
1573 2165 1728 2237 quod
1778 2165 2099 2222 secundum

452 2267 588 2308 eum
609 2255 699 2308 est
728 2251 1096 2322 Evangelium
1128 2269 1146 2306 :
1179 2253 1447 2309 Actorum
1485 2255 1623 2310 item
1680 2256 1806 2327 ejus
1862 2255 2100 2326 librum,

455 2343 515 2396 et
545 2356 672 2412 qua
722 2339 832 2395 sub
887 2339 1124 2396 nomine
1171 2341 1300 2411 ejus
1358 2343 1763 2400 circumfertur
1815 2345 2100 2418 Apocaly-

453 2428 628 2500 psim.
651 2428 994 2500 Accepimus
1009 2444 1140 2485 vero
1164 2429 1314 2485 inter
1343 2431 1630 2504 ambiguas
1653 2449 1886 2504 quoque
1933 2439 2100 2491 aucto

455 2518 648 2574 ritatis
671 2518 889 2590 scripta
912 2534 1042 2574 esse
1065 2522 1334 2575 Actorum
1385 2521 1544 2577 Pauli
1576 2521 1790 2577 librum
1825 2539 1839 2579 :
1873 2530 1925 2578 et
1967 2539 2099 2581 eum

457 2608 560 2681 qui
591 2610 839 2666 Pastoris
868 2608 1044 2666 habet
1074 2609 1331 2672 titulum,
1365 2627 1538 2682 quem
1583 2611 1806 2669 Hermm
1866 2615 2097 2686 quidam

456 2697 756 2754 ascribunt
785 2697 858 2768 ei,
890 2697 982 2755 cui
1011 2699 1070 2754 in
1110 2698 1367 2770 Epistola
1424 2701 1494 2755 ad
1545 2701 1837 2758 Romanos
1887 2702 2099 2760 Paulus

457 2785 705 2842 salutem
740 2787 990 2842 nuntiari
1018 2787 1202 2860 jubet.
1235 2788 1538 2846 Nonnullis
1569 2795 1758 2848 autem
1809 2791 1858 2848 is
1901 2793 2102 2848 admo-

457 2877 596 2931 dum
654 2876 882 2933 vidotur
927 2893 1056 2934 esse
1094 2879 1484 2947 necessarius,
1529 2880 1612 2938 eis
1665 2881 1951 2954 praecipue
2003 2882 2100 2954 qui

457 2964 648 3036 prima
698 2965 930 3038 pietatis
988 2966 1222 3022 discunt
1275 2969 1621 3037 rudimenta,
1658 2970 1908 3025 multum
1968 2972 2102 3027 affe-

457 3069 591 3111 rens
615 3055 827 3111 maturi
860 3055 1083 3112 fructus
1129 3066 1181 3111 et
1239 3058 1530 3113 utilitatis.
1561 3059 1684 3114 Non
1741 3060 1910 3131 pauci
1978 3061 2104 3132 qui-

458 3144 587 3200 dem
620 3152 770 3200 certe
813 3145 964 3216 apud
1005 3144 1276 3216 antiquos
1315 3161 1381 3201 eo
1431 3150 1570 3202 sunt
1605 3146 1716 3216 usi,
1761 3148 1906 3204 inter
1962 3149 2103 3205 asci-

458 3233 585 3288 titia
601 3234 772 3289 etiam
799 3237 882 3290 est
913 3233 1348 3308 Barnabaa,quse
1389 3234 1810 3305 circumfertur,
1831 3238 2101 3310 epistola:

2132 1943 2180 2007 B

2196 647 2428 711 ἐκείνους
2487 645 2762 724 θορυϐήσῃ
2819 650 2893 711 ὡς
2956 645 3316 723 μεταϐληθέίς
3355 670 3368 682 ·
3431 649 3554 705 ὅθεν
3607 651 3704 706 καὶ
3761 655 3860 720 τήν

2197 735 2389 791 ἑαυτοῦ
2420 737 2636 808 κλῆσιν,
2671 739 2744 801 ὡς
2778 736 2968 814 λόγος,
3000 745 3260 811 παρῆκεν.
3295 737 3524 800 ’Ἄλλως
3565 761 3624 794 τε
3657 737 3720 794 δὲ
3769 745 3862 794 καί

2199 823 2482 903 ἐγγράφως
2511 830 2579 900 τῇ
2611 829 2826 902 πατρίῳ
2856 826 3076 903 γλώττῃ
3104 822 3377 898 Ἑϐραίοις
3410 829 3510 896 τὴν
3545 827 3852 898 ἐπιστολὴ-ι

2201 911 2614 988 διωμιληκότος
2655 921 2752 972 τοῦ
2803 915 3164 987 Ἀποστόλου,
3213 918 3266 971 οἱ
3319 919 3414 990 μὲν
3467 918 3561 971 τὸν
3625 917 3858 992 εὐαγγε-

2202 1000 2396 1072 λιστὴν
2428 1011 2657 1076 Λουκᾶν,
2693 1004 2856 1061 ἄλλοι
2889 1003 2947 1060 δὲ
2991 1003 3282 1080 Κλήμεντα
3329 1007 3530 1076 ταύτην
3575 1005 3860 1082 ἑρμηνεῦ-

2205 1093 2290 1146 σαί
2323 1113 2480 1168 φασιν
2519 1113 2530 1126 '
2567 1095 2612 1168 ᾧ
2657 1094 2745 1150 καὶ
2796 1095 3069 1150 πείθεσθαι
3103 1095 3350 1168 ἄμεινον.
3386 1095 3620 1168 ’Όμοιός
3669 1117 3730 1150 τε
3761 1097 3862 1170 γὰρ

2203 1180 2284 1258 ἐφ’
2337 1177 2530 1237 ἅπασιν
2583 1185 2610 1238 ὁ
2665 1187 2765 1254 τῆς
2821 1185 3068 1262 φράσεως
3127 1185 3415 1259 χαρακτὴρ
3471 1188 3542 1258 τῇ
3593 1183 3866 1257 ἐπιστολῇ

2207 1269 2528 1343 Κλήμεντος
2589 1272 2616 1326 ὁ
2666 1280 2764 1341 τῆς
2821 1273 2956 1345 πρὸς
3005 1268 3292 1348 Ἑϐραίους
3349 1278 3536 1350 σαφῶς
3599 1271 3866 1343 διασώζε-

2204 1379 2294 1413 ται
2327 1378 2339 1393 ’
2392 1360 2459 1413 τά
2503 1381 2562 1415 τε
2610 1363 2860 1436 νοήματα
2911 1361 2964 1415 ἐν
3011 1361 3366 1438 ἀμφοτέραις,
3409 1361 3472 1416 οὐ
3517 1363 3697 1432 πάντη
3755 1360 3865 1416 διε-

2205 1448 2463 1516 στηκότα.
2497 1451 2681 1506 Ταῦτα
2732 1451 2826 1523 μὲν
2860 1451 2904 1504 εἰ
2953 1449 3042 1505 καὶ
3091 1446 3378 1528 ἀμφίϐολα
3423 1457 3544 1513 τοῖς
3594 1451 3866 1526 πρότερον

2207 1533 2411 1605 ἔδοξαν,
2461 1536 2588 1593 ἀλλ’
2632 1538 2725 1593 οὖν
2777 1540 3006 1600 ἁπάσαις
3055 1539 3108 1600 ἐς
3164 1539 3385 1613 ὕστερον
3441 1545 3562 1601 ταῖς
3621 1540 3716 1595 ὑπ’
3773 1542 3866 1596 οὐ·

2210 1625 2365 1699 ρανὸν
2423 1624 2743 1698 ἐκκλησίαις
2797 1627 2858 1682 τὸ
2916 1627 3308 1704 ἀναντίρρητον
3365 1627 3644 1704 ἐσχηκότα
3695 1628 3866 1705 ἐγνώ-

2205 1735 2374 1787 καμεν
2411 1735 2423 1748 ·
2479 1717 2566 1771 καὶ
2618 1718 2693 1780 ὡς
2738 1717 2907 1793 ἀρχαὶ
2956 1717 3044 1772 καὶ
3095 1722 3344 1792 στοιχεῖα
3389 1721 3490 1782 τῇς
3539 1720 3662 1772 καθ’
3715 1722 3862 1792 ἡμᾶς

2209 1799 2508 1875 εὐσεϐείας,
2563 1807 2756 1861 αἰώνια
2833 1807 3168 1880 διαμένουσι.
3229 1807 3549 1862 Παντάπασί
3628 1829 3694 1882 γε
3755 1811 3860 1880 μὴν

2211 1894 2284 1957 ὡς
2329 1895 2460 1950 νόθα
2513 1895 2602 1950 καὶ
2653 1895 3004 1972 παρέγραπτα
3057 1901 3224 1951 ταῦτα
3283 1895 3482 1951 εἰδέναι
3541 1894 3860 1972 ὀφείλομεν,

2211 1984 2272 2037 τὸ
2331 1981 2626 2059 λεγόμενον
2679 1987 2950 2060 Κήρυγμα
2997 1985 3226 2062 Πέτρου,
3271 1987 3363 2041 κάξ
3409 1986 3474 2039 τὸ
3518 1987 3638 2040 κατ’
3699 1987 3860 2040 αὐτὸν

2217 2071 2580 2148 Εὖαγγέλιον,
2631 2075 2720 2129 καὶ
2772 2074 2801 2128 ’ὀ
2853 2075 3100 2150 Πράξεων
3150 2075 3318 2130 αὐτοῦ
3375 2071 3594 2148 βιϐλίον
3643 2073 3860 2147 ὠνόμαυ

2479 2162 2494 2182 κ
2648 2161 2702 2180 9"
2801 2164 2812 2184 Ι
2975 2165 2986 2182 J
3063 2167 3090 2178 θ’
3143 2165 3156 2184 ³
3331 2164 3342 2180 ο
3819 2166 3831 2184 1

2217 2183 2357 2233 σται,
2407 2183 2494 2217 και
2550 2164 2583 2230 ἡ
2637 2173 2879 2237 ᾳοομενη
2929 2184 3094 2219 αυτου
3156 2161 3538 2237 Λποκαλυψις.
3585 2163 3864 2238 Ηαρειλη-

2217 2251 2390 2331 φαμέν
2449 2273 2512 2327 γε
2572 2255 2681 2326 μὴν
2739 2253 2791 2308 ἐν
2849 2253 3210 2332 ἀμφιλέκτοις
3270 2253 3400 2308 εἶναι
3459 2254 3552 2308 καὶ
3611 2253 3676 2307 τὸ
3751 2258 3862 2308 τῶν

2219 2341 2466 2418 Πράξεων
2493 2341 2726 2414 ,Παύλου
2758 2340 3000 2417 βιϐλίον,
3024 2344 3110 2398 καὶ
3145 2343 3206 2398 τὸ
3235 2347 3332 2398 τοῦ
3365 2350 3452 2398 llo
3473 2345 3707 2415 ιμένος
3737 2339 3864 2416 ἕχον

2219 2429 2541 2508 ἐπιγραφὴν,
2573 2433 2602 2486 ’ὁ
2651 2436 2827 2508 Ἐρμᾶ
2858 2431 3194 2508 σύγγραμμα
3242 2432 3375 2487 εἶναί
3427 2453 3574 2494 τινες
3619 2429 3864 2486 οῗονται’

2217 2523 2275 2577 ’ὀν
2309 2525 2396 2577 καί
2447 2524 2683 2594 Παῦλος,
2725 2522 2778 2579 ἒν
2825 2529 2891 2598 τῇ
2941 2527 3078 2599 πρὸς
3125 2526 3454 2600 Ῥωμαίους,
3507 2526 3864 2598 προσρήσεως

2217 2609 2378 2681 ἀξιοῖ.
2421 2613 2542 2666 Τισὶ
2591 2609 2648 2666 δὲ
2689 2616 2853 2667 τοῦτο
2903 2614 2990 2668 καὶ
3049 2611 3476 2688 ἀναγκαιότατον
3525 2611 3702 2683 ἔδοξε,
3749 2617 3866 2674 τοῖς

2221 2699 2457 2772 μάλιστα
2501 2700 2876 2777 εἷσαγωγικοῖς
2931 2703 3032 2757 οὐκ
3083 2701 3380 2778 ἐλαχίστην
3437 2702 3688 2780 παρέχον
3739 2721 3862 2754 συν-

2213 2788 2442 2847 τέλειαν.
2503 2790 2611 2845 Οὐκ
2671 2789 2854 2866 ὀλίγοι
2917 2793 3105 2866 μέντοι
3157 2795 3265 2846 τῶν
3332 2790 3584 2846 παλαιῶν
3635 2810 3860 2866 συγγρα-

2217 2879 2357 2957 φέων
2403 2881 2580 2954 τούτῳ
2629 2881 2954 2956 ἐχρήσαντο.
3009 2884 3094 2937 Ἐν
3149 2883 3328 2944 νόθοις
3385 2881 3474 2936 καὶ
3525 2884 3560 2950 ἡ
3615 2875 3856 2955 Βαρνάϐα

2217 2971 2486 3046 φερομένη
2519 2967 2808 3041 ἐπιστολὴ,
2842 2973 2929 3026 καὶ
2963 2972 3018 3024 αἱ
3051 2969 3352 3046 λεγόμεναε
3379 2975 3486 3025 τῶν
3533 2968 3854 3026 ἀποστόλων

2217 3055 2440 3133 διδαχαί
2475 3076 2489 3093 ·
2537 3056 2647 3129 ἤδη
2699 3057 2744 3114 δ’
2792 3059 2844 3114 ἐν
2891 3059 3109 3122 τούτοις
3156 3060 3246 3114 καὶ
3292 3061 3352 3114 τὸ
3398 3062 3516 3115 καθ’
3569 3056 3856 3134 Ἐϐραίους

2216 3147 2552 3223 Εὐαγγέλιον
2602 3147 2936 3222 ἀριθμείσθω
2967 3168 2980 3182 ·
3031 3149 3078 3222 ᾧ
3128 3149 3364 3223 μάλιστα
3423 3151 3474 3204 οἱ
3531 3146 3586 3219 ἒξ
3639 3143 3854 3221 Ἐϐραί-

2211 3257 2287 3290 ων
2353 3241 2570 3312 Χριστῷ
2627 3240 2941 3314 προσιόντες
2999 3233 3227 3314 ἕχαιρον
3283 3237 3683 3311 ἀσμενίζοντες.
3739 3238 3854 3292 Ἐπ’

458 3326 512 3378 et
537 3336 661 3394 quea
693 3323 968 3380 dicuntur
993 3322 1400 3394 Apostolorum
1417 3323 1710 3378 doctrinae.
1739 3325 1952 3380 Eodem
1967 3343 2102 3397 quo-

2216 3323 2448 3399 ἂνάγκης
2482 3321 2538 3379 δέ
2573 3347 2664 3399 μοι
2709 3325 2916 3380 τούτων
2967 3327 3149 3400 μνείαν
3191 3327 3520 3396 ποιήσασθαι
3571 3325 3856 3398 ἐξεγένετο,

459 3425 571 3481 que
602 3410 726 3466 loco
775 3411 1110 3468 habendum
1159 3411 1482 3468 secundum
1535 3411 1803 3468 Hebraeos
1847 3413 2104 3485 Evange-

459 3499 644 3557 lium:
679 3517 794 3573 quo
824 3499 882 3558 in
916 3499 1144 3572 primis,
1173 3501 1271 3572 qui
1311 3499 1370 3555 in
1427 3499 1725 3556 Christum
1757 3517 1826 3557 ex
1851 3501 2105 3560 Hebraeis

459 3592 845 3659 crediderunt,
897 3595 1038 3647 sunt
1085 3591 1372 3647 delectati.
1405 3589 1622 3648 Verum
1671 3591 1958 3648 enimvero
2009 3609 2106 3648 ne-

459 3683 700 3740 cessitas
731 3683 988 3754 quasdam
1024 3681 1194 3738 nobis
1243 3680 1512 3753 imposita
1559 3685 1704 3750 erat,
1741 3686 1804 3737 ut
1855 3683 2108 3739 mentio-

460 3789 592 3829 nom
618 3773 962 3828 inferremus
987 3771 1271 3826 librorum
1305 3787 1526 3840 eorum,
1557 3772 1654 3841 qui
1703 3771 1788 3826 vel
1848 3787 1915 3828 ex
1973 3789 2106 3844 pro-

461 3865 613 3919 fesso
673 3877 776 3934 per
829 3877 1024 3918 veram
1075 3861 1558 3931 constantemque
1603 3861 1976 3917 traditionem
2037 3864 2113 3918 ab.

460 3951 714 4008 Ecclesia
773 3949 1014 4020 accepti,
1058 3949 1142 4003 vel
1201 3951 1612 4004 constroversm
1662 3949 1895 4019 quidem
1953 3951 2108 4006 fuere

461 4041 845 4111 auctoritatis,
895 4039 1047 4097 218
1107 4039 1480 4111 plurimorem
1533 4043 1732 4095 tamen
1781 4045 2108 4113 temporum

461 4147 571 4186 usu
605 4138 657 4184 et
697 4129 1128 4202 prescriptione
1175 4129 1550 4200 comprobati,
1612 4129 1670 4184 in
1730 4133 2109 4187 testamenta-

462 4215 682 4272 riorum
715 4221 887 4288 atque
917 4217 1328 4272 canonicorum
1389 4217 1737 4286 scriptorum
1798 4235 2107 4274 numerum

462 4304 629 4362 relati
661 4309 830 4361 sunt:
858 4310 920 4362 ut
961 4305 1180 4361 scilicet
1229 4305 1511 4374 norimus,
1537 4321 1663 4377 quae
1706 4305 1976 4377 legitimae
2035 4315 2110 4377 et,

463 4393 708 4466 proprias
740 4393 860 4448 sint
897 4392 1164 4447 Ecclesiae
1193 4393 1518 4464 scripturis,
1538 4401 1591 4448 et
1617 4409 1744 4466 qum
1770 4395 1906 4450 item
1933 4395 2005 4451 ab
2045 4413 2112 4453 ea

465 4499 592 4557 quae
629 4483 776 4539 falso
804 4482 1142 4538 nominatur
1171 4481 1438 4550 scientia,
1457 4483 1516 4538 in
1539 4484 1948 4556 primariorum
1975 4487 2113 4542 refe-

463 4576 672 4629 runtur
702 4571 1100 4646 apostolorum
1129 4572 1387 4640 nomina,
1415 4573 1566 4628 Petri
1587 4579 1748 4644 puts,
1772 4577 1827 4629 et
1856 4573 2108 4644 Thomas,

465 4668 520 4721 et
550 4664 826 4732 Matthiae,
859 4669 914 4720 et
971 4663 1214 4719 fortasse
1262 4663 1504 4718 aliorum
1545 4663 1722 4720 etiam
1773 4666 2108 4737 quempiam

463 4753 774 4828 Evangelia
849 4756 904 4807 et
966 4755 1103 4808 Acta
1184 4751 1581 4822 apostolorum
1666 4755 2113 4824 complectentes

466 4843 664 4916 quales
694 4843 849 4914 sunt,
883 4857 1008 4914 quas
1029 4841 1273 4897 Andreas
1302 4845 1357 4896 et
1386 4840 1626 4896 Joannis
1659 4842 1972 4913 preferunt
2003 4861 2112 4900 no-

467 4942 628 5000 mina
654 4958 666 4996 :
690 4957 940 5013 quarum
969 4939 1168 4996 nullus
1195 4939 1650 5012 apostolicorum
1683 4957 2111 5010 successorum,

467 5035 569 5089 aut
599 5029 1124 5086 ecclesiasticarum
1156 5028 1430 5102 deinceps
1469 5029 1820 5102 scriptorum
1861 5033 2115 5086 mentio-

468 5139 602 5180 nem
636 5119 791 5176 facit.
825 5119 1018 5190 Stylus
1051 5135 1281 5192 quoque
1329 5135 1526 5177 earum
1577 5119 1745 5192 longe
1799 5120 1870 5175 ab
1928 5119 2118 5176 elocu-

467 5213 625 5269 tione
665 5213 722 5266 et
745 5225 904 5264 more
931 5207 1250 5281 apostolico
1281 5209 1463 5265 abest.
1489 5207 1558 5264 Et
1587 5207 1918 5266 institutum
1943 5209 2114 5267 etiam

469 5306 642 5374 atque
673 5298 962 5356 sententia
993 5314 1216 5367 earum,
1250 5299 1660 5372 exspectationi
1685 5299 1733 5354 ei
1759 5315 1934 5372 quam
1985 5302 2121 5356 titu-

467 5393 562 5448 lus
586 5389 894 5464 promittit,
921 5387 1162 5444 minime
1203 5389 1533 5460 respondet,
1568 5393 1624 5446 et
1655 5407 1687 5445 a
1717 5395 1870 5445 recta
1930 5391 2118 5461 ipsius

471 5480 737 5538 veritatis
761 5478 1024 5536 doctrina
1047 5475 1388 5549 longissimo
1413 5477 1646 5534 excidit.
1671 5479 1832 5535 Unde
1862 5483 2121 5538 astruere

474 5569 627 5631 licet.
661 5569 875 5640 scripta
904 5565 1040 5624 talia
1073 5583 1105 5622 a
1135 5566 1272 5621 viris
1321 5569 1648 5625 daemonum
1695 5569 1980 5624 malorum
2027 5569 2116 5624 in-

473 5658 764 5730 tempiriis
795 5657 1030 5728 agitatis
1064 5671 1186 5712 esse
1231 5659 1498 5714 conficta.
1533 5661 1716 5724 Quam
1757 5659 1829 5712 ob
1887 5674 2118 5714 causam

485 5765 552 5804 ea
584 5751 650 5802 ut
671 5745 918 5802 asoititia
967 5751 1024 5802 et
1061 5745 1390 5803 adulterina
1435 5749 1772 5817 attingenda
1803 5764 1917 5805 non
1949 5751 2114 5820 sunt,

2213 3414 2308 3473 τάς
2338 3434 2396 3468 τε
2427 3414 2928 3490 ἀνωμολογημένας
2961 3419 3070 3471 τῶν
3110 3409 3321 3489 βίϐλων
3355 3415 3492 3470 κατὰ
3521 3416 3622 3482 τήν
3671 3413 3854 3484 ἀληθῆ

2213 3506 2315 3568 τῆς
2376 3501 2700 3574 Ἐκκλησίας
2752 3502 3077 3578 παράδοσιν,
3123 3503 3213 3558 καὶ
3269 3503 3366 3566 τὰς
3423 3501 3600 3566 ἄλλας
3649 3502 3859 3556 ἀντιλε-

2215 3593 2438 3668 χθείσας
2490 3593 2608 3665 μὲν,
2667 3595 2858 3672 χρόνῳ
2910 3591 2966 3648 δὲ
3023 3591 3264 3665 πλείστῳ
3315 3587 3726 3666 βεϐαιωθείσας,
3767 3590 3858 3644 καὶ

2213 3683 2357 3754 παρᾶ
2415 3686 2544 3736 πᾶσι
2596 3689 2715 3745 ταῖς
2761 3682 3106 3754 ἐνδιαθήκοις
3163 3681 3554 3755 καταλεγείσας
3591 3701 3606 3713 ·
3661 3681 3690 3734 ἁ

2215 3771 2408 3834 ταύτας
2440 3793 2496 3827 τε
2543 3770 2738 3828 εἰδέναι
2771 3772 3017 3848 ἔχοιμεν,
3049 3773 3170 3828 ὅσαι
3213 3774 3426 3847 γνήσιαι
3477 3777 3580 3840 τῆς
3623 3769 3858 3837 Ἐκκλη-

2217 3861 2332 3923 σίας
2377 3863 2598 3938 γραφαὶ,
2642 3866 2732 3918 καὶ
2781 3863 2902 3918 ὅσαι
2941 3862 3078 3940 πρὸς
3125 3865 3233 3918 τῶν
3281 3861 3388 3916 ἀπὸ
3426 3867 3530 3930 τῆς
3579 3856 3856 3933 ψευδωνό-

2221 3971 2325 4022 μου
2355 3951 2607 4024 γοώσεως
2657 3951 2737 4029 ἐφ’
2785 3951 2862 4006 ὲνί
2908 3972 3016 4006 τινι
3063 3955 3168 4006 τῶν
3215 3951 3452 4022 πρώτων
3496 3947 3852 4003 ἀνατέθεινται

2219 4039 2539 4094 ἀποστόλων
2573 4057 2587 4072 ⁶
2625 4041 2827 4116 Πέτρου
2874 4039 2999 4118 φέρε
3047 4039 3234 4109 εἷπεῖν,
3271 4044 3441 4112 Θῶμᾶ
3489 4059 3548 4093 τε
3593 4037 3681 4092 καὶ
3713 4042 3852 4090 Ματ-

2219 4127 2391 4198 θαίου,
2446 4128 2576 4190 ἴσως
2625 4127 2680 4183 δὲ
2723 4128 2813 4184 καί
2861 4151 3023 4184 τινων
3069 4128 3259 4184 ἄλλων
3314 4126 3622 4204 Εὐαγγέλια
3677 4145 3856 4199 περιε-

2220 4219 2423 4297 χούσας
2469 4219 2558 4274 καὶ
2610 4221 2836 4295 Πράξεις
2893 4219 3215 4276 ἀποστόλων
3275 4219 3496 4294 ἑτέρων,
3559 4217 3738 4290 ὥσπερ
3797 4215 3856 4276 ἃς

2221 4309 2479 4382 Ἀνθρέου
2508 4310 2596 4364 καὶ
2645 4311 2895 4366 Ἰωάννου
2927 4304 3343 4383 προϐάλλονται
3378 4328 3390 4340 ·
3437 4309 3513 4362 ὧν
3557 4303 3702 4368 οὔτις
3751 4311 3852 4359 τῶν

2219 4397 2600 4454 ἀποστολικῶν
2659 4395 2928 4474 διαδόχων
2980 4399 3070 4454 καὶ
3125 4403 3233 4452 τῶν
3293 4399 3520 4471 καθεξῆς
3577 4395 3858 4466 ἐκκλησιαο

2221 4492 2416 4542 στικῶν
2497 4489 2840 4564 συγγραφέων
2905 4489 3087 4562 μνείαν
3163 4488 3480 4557 πεποίηται.
3539 4487 3602 4543 Ὁ
3677 4483 3724 4540 δ’
3797 4483 3858 4539 αὖ

2224 4581 2505 4655 χαρακτήρ
2555 4579 2744 4656 πόρῥω
2791 4601 2868 4649 πη
2903 4579 3118 4636 ἐλαύνει
3160 4587 3262 4649 τῆς
3311 4577 3684 4646 ἆποστολικῆς
3725 4575 3858 4651 φρέ-

2224 4689 2358 4730 σεως
2415 4669 2504 4724 καὶ
2561 4673 2657 4724 τοῦ
2714 4670 2899 4738 ἤθους.
2962 4666 3183 4742 Ἀπᾴδει
3247 4668 3432 4741 μέντοι
3489 4667 3579 4720 καὶ
3637 4667 3670 4735 ἡ

2223 4755 2648 4832 ἐπηγγελμένων
2709 4757 2759 4811 ἐν
2818 4757 3034 4819 τούτοις
3092 4756 3404 4834 προαίρεσίς
3461 4777 3521 4811 τε
3585 4756 3672 4808 καὶ
3731 4753 3860 4828 Tyri:-

3661 3681 3734 3742 ὡς
3793 3681 3854 3733 ἂν

3753 4669 3858 4719 τῶν

2229 4869 2304 4920 μη
2341 4865 2353 4878 ·
2388 4847 2603 4904 καὶτοῦ
2653 4849 2816 4923 ὀρθοῦ
2848 4855 2947 4918 τῆς
2995 4849 3237 4919 ἀληθοῦς
3289 4847 3448 4918 δόξης
3505 4847 3714 4920 μακράν
3761 4866 3859 4898 που

2226 4935 2495 5008 ἐκπίπτει,
2579 4938 2854 4994 κάντεῦθεν
2935 4937 3259 5013 παρίσταται
3334 4938 3409 4998 ὡς
3493 4938 3560 4990 τὰ
3641 4939 3860 4990 τοιαῦτα

2226 5024 2651 5100 κακοδαιμονίας
2713 5033 2920 5102 μεστῶν
2985 5026 3193 5102 ἀνδρῶν
3257 5027 3389 5081 εἰσιν
3443 5025 3858 5097 ἀναπλασματα.

2226 5115 2408 5171 Τοίνυν
2463 5115 2602 5191 μηδὲ
2650 5119 2723 5181 ὡς
2771 5117 2952 5180 νόθοις
2999 5117 3219 5179 τούτοις
3265 5114 3570 5191 προσιτέον,
3621 5113 3745 5168 ἀλλ’
3789 5114 3860 5173 ὡς

2227 5205 2400 5261 ἄτοπα
2453 5208 2627 5278 πάντη
2679 5205 3068 5283 παραιτητέον,
3101 5207 3190 5262 καὶ
3233 5210 3376 5282 φυγῇ
3423 5208 3494 5278 τῇ
3543 5205 3692 5279 πάσῃ
3745 5223 3859 5280 φευ-

2227 5297 2378 5350 κτέον
2411 5295 2618 5351 τούτων
2652 5296 2726 5358 ὡς
2761 5295 2997 5369 μάλιστα
3031 5315 3044 5328 ·
3079 5295 3308 5356 ἐκείνοις
3343 5291 3400 5348 δὲ
3433 5291 3627 5366 μόνοις
3675 5313 3858 5367 προσε-

2227 5387 2378 5442 κτέον
2428 5387 2501 5447 ὡς
2557 5385 2958 5456 θεοπνεόστοις,
3015 5385 3104 5440 καὶ
3163 5387 3474 5440 πιστευτέον
3535 5382 3730 5444 ἁπλῶς
3795 5383 3860 5440 ὡς

2229 5472 2448 5551 ἔχουσιν
2485 5475 2628 5532 οὕτω
2674 5477 2871 5547 λέξεώς
2911 5497 2968 5530 τε
3009 5479 3102 5530 καὶ
3152 5477 3417 5552 φράσεως.
3451 5475 3514 5529 Οἱ
3565 5474 3670 5547 γὰρ
3719 5475 3864 5526 θεοει-

2231 5565 2340 5628 δεῖς
2373 5565 2669 5622 ἀπόστολοι
2705 5568 2812 5641 βίῳ
2843 5565 3243 5640 διαλάμποντες
3277 5566 3558 5640 ὑπερφυεῖ,
3591 5563 3682 5616 καὶ
3723 5561 3864 5616 κατέ-

2231 5677 2428 5727 κοσμοι
2477 5657 2572 5718 τὰς
2633 5657 2814 5730 ψυχὰς
2873 5657 3210 5731 ὑπάρχοντες
3271 5655 3448 5727 ἁπάσῃ
3511 5649 3631 5721 δῆτ’
3691 5653 3862 5724 ἀρετῇ,

2235 5743 2450 5800 ἰδιῶται
2483 5742 2530 5798 δ’
2580 5743 2768 5808 ἄλλως
2801 5745 2950 5809 ὀντες
2981 5746 3078 5816 τὴν
3131 5743 3402 5824 γλῶτταν,
3433 5742 3526 5799 καὶ
3575 5739 3776 5820 saepe;
3819 5759 3878 5814 γε
