4084 6208
363 337 478 402 891

1655 337 2074 401 NICEPHORI
2117 339 2478 404 CALLISTI

3663 349 3792 410 892

360 477 573 543 decuit,
605 473 1260 548 complexus,’«.secundo
1298 473 1424 532 loco
1469 473 1687 544 primas
1721 491 1834 546 pris
1867 475 2007 530 reli-

2132 476 2400 538 πολικαῖς
2455 477 2677 553 πράξεσι
2729 479 2821 533 καὶ
2873 484 3105 558 γραφαῖς
3157 479 3534 557 ἀποχρώντως
3587 479 3784 538 ἐνδια-

366 567 496 638 quis
527 565 682 622 tulit.
713 565 778 620 In
821 563 990 620 tertio
1022 568 1242 632 autem,
1275 564 1376 636 qui
1421 580 1573 621 nunc
1603 565 1772 622 nobis
1797 563 1856 619 in
1891 579 2020 619 ma-

369 656 542 712 nibus
586 659 696 722 est,
729 655 969 726 primam
1027 653 1261 710 illorum
1313 655 1742 711 successionem
1773 669 2018 725 capone-

367 761 540 801 mus:
574 743 866 816 quomodo
899 743 1120 799 scilicet
1149 743 1328 799 divini
1353 743 1524 800 Verbi
1556 743 1890 816 prmdicatio
1921 757 2021 814 per

376 836 716 892 universum
759 833 956 890 orbem
989 833 1359 901 increbuerit,
1394 838 1451 890 et
1481 834 1582 906 qui
1613 832 1718 888 viri
1751 831 2019 888 maximis

371 925 696 997 quibusque
725 922 986 980 ecclesiis
1035 923 1392 995 praefuerint.
1427 923 1759 980 Continebit
1787 923 1836 977 is
1871 939 2017 994 quo-

370 1030 480 1086 que
532 1029 684 1082 eam,
715 1029 843 1085 quas
895 1016 1078 1069 totam
1124 1012 1342 1085 ubique
1390 1011 1719 1070 Judaaorum
1762 1021 2016 1085 gentem,

375 1103 862 1176 metropolimque
892 1117 1092 1159 eorum
1123 1102 1516 1175 Hierosolyma
1543 1103 1805 1172 sustulit,
1835 1102 2017 1158 inter-

373 1193 674 1250 necionem
709 1209 722 1246 :
757 1207 861 1248 nec
898 1207 1016 1248 non
1045 1191 1461 1248 ecclesiasticos
1508 1192 1816 1262 scriptores
1845 1195 2018 1263 atque

375 1284 662 1351 doctores,
701 1281 804 1353 qui
842 1283 975 1352 post
1022 1280 1380 1337 occidionem
1425 1297 1554 1338 eam
1587 1281 1926 1349 ﬂoruerunt,
1962 1284 2018 1336 et

377 1371 478 1444 qui
509 1387 576 1428 ex
606 1369 722 1426 illis
774 1369 1092 1426 certamine
1125 1369 1350 1426 fortiter
1384 1373 1440 1426 et
1465 1370 1760 1442 :generose
1791 1371 2017 1438 peracto

373 1459 634 1532 martyrii
666 1459 920 1515 tulerunt
959 1474 1255 1527 coronam,
1291 1458 1458 1530 quive
1504 1475 1710 1514 rursus
1741 1458 1886 1514 falso
1917 1473 2018 1513 no-

374 1549 608 1604 minatas
639 1547 893 1604 scientiae
925 1548 1238 1618 praeierunt
1267 1549 1468 1605 duces.
1501 1547 1701 1620 Itaque
1731 1545 1852 1605 divi
1880 1563 2020 1617 apo-

375 1638 530 1706 stoli,
563 1637 736 1694 sicuti
766 1637 1044 1706 diximus,
1093 1654 1195 1709 per
1239 1653 1470 1694 omnem
1503 1638 1752 1710 dispersi
1781 1641 2014 1707 terram,

373 1727 704 1800 provincias
724 1727 883 1784 orbis
913 1728 984 1784 ad
1008 1727 1378 1798 Evangelium
1401 1727 1831 1798 praedicandum
1861 1729 2016 1782 sorte

373 1816 572 1888 partiti
602 1820 763 1872 sunt.
798 1817 995 1872 Petrus
1027 1816 1266 1888 quidem
1289 1815 1705 1888 Hierosolymis
1736 1815 2012 1887 primum,

377 1905 587 1960 deinde
617 1905 848 1960 Galatiae
873 1909 927 1960 et
955 1905 1257 1976 Bithynia,
1281 1921 1386 1962 nec
1409 1922 1522 1961 non
1543 1905 1687 1961 Asiaa
1709 1904 2014 1976 superiori,

372 1992 748 2064 Cappadociae
787 1998 846 2049 et
883 1993 1058 2050 Italia
1105 1998 1326 2050 cuncta
1385 1993 1627 2050 verbum
1665 1993 2016 2065 praedicavit.

373 2080 628 2138 Joannes
656 2089 848 2139 autem
898 2083 956 2138 in
989 2083 1126 2138 Asia
1181 2083 1355 2138 annis
1419 2083 1684 2154 pluribus
1733 2100 1868 2140 cum
1917 2085 2019 2142 do-

377 2173 612 2239 cuisset,
639 2171 800 2228 diem
849 2171 1085 2228 tandem
1116 2188 1290 2228 suum
1321 2173 1486 2230 obiit.
1541 2174 1784 2229 Andreaa
1827 2191 2016 2246 porro,

378 2277 502 2331 qua
536 2264 676 2317 sunt
716 2261 788 2318 ad
819 2261 1071 2317 Exinum
1103 2277 1236 2330 om,
1268 2261 1505 2334 Scythia
1537 2263 1691 2320 223
1729 2263 2017 2333 universa,

378 2349 738 2422 Byzantium,
789 2351 1125 2407 Macedonia
1171 2355 1228 2408 et
1275 2352 1488 2408 Gracire
1530 2352 1854 2422 continens,
1887 2371 2021 2426 pro-

375 2440 577 2498 vinciae
609 2441 785 2497 fuere.
818 2441 1074 2498 Thomas
1095 2457 1224 2498 vero
1253 2441 1506 2513 Parthis,
1538 2441 1698 2514 Indis
1729 2448 1786 2498 et
1814 2442 2019 2500 insula

379 2529 734 2602 Taprobanm
767 2529 1136 2601 Evangelium
1186 2509 1944 2605 promulgavit.Ti/_Egyptum
1966 2539 2024 2591 et

379 2618 618 2690 Libyam
647 2619 992 2694 alius,,alius
1023 2619 1164 2676 item
1194 2625 1481 2677 extremas
1513 2621 1724 2678 Oceani
1754 2622 2019 2694 regiones

376 2717 428 2766 et
451 2709 675 2766 insulas
707 2709 1072 2768 Bﬁt’annicas
1104 2711 1342 2768 sortitus
1373 2714 1480 2768 est.
1513 2714 1666 2778 Quas
1690 2713 2020 2784 provincias

375 2815 553 2871 prope
583 2815 786 2856 omnes
836 2808 1110 2872 tanquam
1160 2800 1411 2858 caelestis
1450 2801 1717 2873 quaedam
1745 2801 2022 2874 volucris,

375 2889 588 2945 Paulus
618 2889 811 2946 orbem
843 2889 1224 2946 habitabilem
1254 2890 1636 2948 circumcirca
1683 2907 2021 2964 peragrans,

375 2978 686 3049 pervolavit
717 2995 733 3037 :
783 2981 839 3035 et
866 2979 937 3036 ab
967 2979 1384 3052 Hierosolymis
1435 2995 1698 3050 exorsus,
1731 2998 1916 3054 usque
1947 2981 2023 3038 ad

373 3068 663 3142 Illyricum
699 3085 934 3126 summa
962 3085 1102 3125 cura
1131 3074 1188 3126 et
1237 3069 1351 3125 ﬁde
1380 3085 1522 3126 verm
1555 3070 1790 3142 pietatis
1816 3071 2024 3128 doctri-

373 3175 510 3215 nam
560 3158 986 3226 dissemiuavit,
1031 3157 1482 3230 firmissimaque
1513 3158 1776 3216 Ecclesiae
1813 3161 2024 3216 tunda-

375 3253 573 3306 menta
594 3249 757 3321 jecit.
808 3225 1026 3305 Horum
1059 3251 1252 3304 autem
1293 3225 1659 3305 aemulatores
1687 3250 1827 3306 adeo
1852 3249 2018 3306 multi
2054 3225 2096 3291 C-

373 3341 554 3409 fuere,
586 3343 652 3394 ut
671 3356 770 3395 eos
801 3354 1110 3394 numerare
1141 3336 1307 3393 facile
1341 3355 1456 3394 non
1483 3339 1580 3404 sit,
1612 3338 1712 3410 qui
1745 3339 2021 3394 nimirum

375 3429 606 3485 abunde
655 3427 802 3484 satis
860 3433 916 3484 et
944 3428 1013 3483 de
1062 3427 1248 3484 Verbo
1279 3431 1338 3483 et
1369 3427 1440 3484 de
1468 3427 1687 3499 Spiritu
1722 3444 1855 3484 cum
1889 3444 2022 3500 per-

373 3518 684 3589 cepissent,
734 3524 796 3574 ut
867 3517 1134 3574 fundatas
1183 3517 1254 3573 ab
1316 3517 1434 3572 illis
1500 3517 1612 3588 ipsi
1651 3521 2024 3575 contruerent

372 3609 668 3679 ecclesias,
699 3609 892 3665 idonei
924 3607 1176 3679 judicati
1218 3613 1376 3674 sunt,
1418 3607 1518 3680 qui
1557 3607 1787 3665 Domini
1819 3625 2017 3681 pasce-

373 3701 504 3754 rent
542 3713 796 3769 gregem,
855 3699 1027 3769 atque
1075 3697 1134 3752 in
1185 3696 1602 3770 {apostolorum
1647 3699 2021 3755 succederent

371 3788 591 3856 locum,
650 3790 922 3845 accurate
977 3786 1271 3859 probeque
1303 3789 1376 3845 ab
1409 3787 1526 3844 illis
1557 3787 1706 3859 ipsis
1737 3788 2022 3861 apostolis

372 3875 601 3933 eruditi.
637 3875 998 3947 Quapropter
1044 3873 1085 3929 ii
1137 3891 1367 3946 quoque
1395 3891 1604 3947 magno
1635 3876 1833 3933 animo
1863 3877 2022 3932 salu-

370 3965 536 4021 tifera
567 3965 730 4038 regni
759 3965 1035 4021 caelorum
1067 3963 1289 4020 semina
1311 3965 1526 4035 passim
1560 3971 1852 4022 severunt.
1892 3965 2022 4022 Acri

373 4055 530 4110 enim
564 4054 1009 4125 vehementique
1061 4070 1201 4111 veris
1253 4053 1636 4126 philosophia;
1668 4071 1862 4112 amore
1891 4072 2024 4127 per-

375 4142 496 4212 citi,
537 4145 788 4215 primum
815 4146 984 4215 juxta
1014 4143 1266 4200 salutare
1299 4147 1650 4216 praeceptum
1673 4144 1872 4216 egenis
1897 4146 2020 4200 sub-

374 4233 648 4289 stantiam
687 4233 1262 4306 facultatesquejsuas
1293 4235 1636 4290 distribuere
1669 4252 1683 4291 :
1719 4252 1784 4290 ac
1815 4235 2022 4291 deinde

375 4321 710 4390 liberaliter,
746 4321 876 4378 aliis
903 4340 1136 4396 quoque
1167 4324 1641 4380 inobedientibus
1673 4324 1864 4380 adhuc
1889 4325 2020 4380 fidei

375 4412 550 4467 verbo
596 4412 896 4482 gentibus,
951 4413 1284 4468 divinorum
1317 4413 1684 4470 oraculorum
1719 4414 2023 4486 prodidere

375 4501 724 4559 doctrinam.
753 4503 940 4574 Atque
967 4503 1062 4558 ubi
1095 4504 1152 4558 in
1179 4504 1570 4576 recensjactis
1603 4503 2023 4570 fundamentis,

2130 563 2358 638 πρέψας,
2405 565 2494 620 καὶ
2539 563 2600 622 ἐκ
2651 565 2953 643 δευτερείου
2999 569 3062 624 τὸ
3108 575 3216 624 τῶν
3269 569 3456 626 ἄλλων
3507 577 3788 646 πρωτεῖον

2129 655 2496 728 κτησάμενος.
2526 660 2616 727 Τῷ
2657 654 2702 710 δ’
2751 657 2851 711 ἀνὰ
2899 662 3090 732 χεῖρας
3138 661 3310 732 τρίτῳ
3339 681 3404 734 γε
3434 659 3551 715 ὄντι
3579 664 3652 716 τα
3683 669 3792 732 τῆς

2131 745 2356 818 πρώτης
2387 742 2600 800 ἐκείνων
2643 743 2914 822 διαδοχῆς
2964 742 3110 803 ἔσται
3159 746 3472 822 διεξελθεῖν,
3527 750 3688 815 ὅπως
3731 773 3794 806 τε

2133 831 2210 892 εἷς
2241 837 2410 886 πᾶσαν
2447 834 2545 902 τὴν
2586 837 2686 909 γῆν
2737 835 2804 889 τὰ
2849 839 2946 890 τοῦ
2995 835 3143 891 θείου
3191 839 3550 914 κηρύγματος
3605 836 3794 894 ἐπιδέ-

2132 919 2310 976 δωκε·
2344 921 2450 978 τίσι
2480 944 2536 977 τε
2563 925 2770 978 τούτων
2823 929 2929 980 τῶν
2984 925 3234 1000 μεγάλων
3281 935 3588 1002 παροικιῶν
3641 950 3789 1003 προ-

2130 1017 2322 1080 στῆναι
2389 1010 2576 1086 ἐκρίθη
2612 1031 2626 1044 ·
2685 1011 2766 1068 ἔτι
2833 1011 2890 1068 δὲ
2953 1015 3042 1070 καὶ
3097 1017 3196 1084 τήν
3251 1022 3634 1097 κατασχοῦσαν
3709 1025 3792 1091 τῷ

2129 1100 2290 1155 παντὶ
2345 1104 2453 1154 τῶν
2506 1099 2784 1157 Ἰουδαίων
2839 1097 2976 1159 ἔθνει
3033 1103 3431 1178 πανωλεθρίαν,
3489 1107 3583 1163 καὶ
3641 1110 3790 1183 αὖτῇ

2128 1193 2198 1264 τῇ
2245 1189 2586 1264 μητροπόλει
2639 1193 2817 1248 αὐτῶν
2875 1194 3239 1269 Ἰερουσαλὴμ
3281 1193 3642 1272 διαλήψεται,
3695 1199 3792 1253 καὶ

2131 1281 2248 1334 ὅσοι
2281 1276 2347 1349 δὴ
2401 1279 2537 1352 μετά
2581 1279 2780 1352 ταύτην
2828 1281 3270 1355 ἐκκλησιαστικοὶ
3312 1293 3642 1364 συγγραφεῖς
3692 1289 3790 1342 καὶ

2132 1363 2451 1424 διδάσκαλοι
2499 1369 2863 1447 ἀνεφάνησαν·
2897 1373 2988 1428 καὶ
3035 1374 3177 1436 τίνες
3227 1373 3288 1429 ἐκ
3331 1363 3543 1431 τούτων
3591 1373 3788 1446 ἀνδρι-

2129 1460 2239 1519 κῶς
2294 1454 2740 1534 διαγωνιζόμενοι
2797 1462 2888 1516 τὸν
2938 1465 3036 1516 τοῦ
3087 1465 3390 1538 μαρτυρίου
3441 1463 3786 1536 ἀνεδήσαντο

2129 1544 2379 1624 στέφανον
2416 1565 2428 1578 ’
2488 1547 2627 1610 τίνες
2679 1545 2724 1603 δ’
2772 1549 2922 1614 αὖθις
2969 1557 3069 1620 τῆς
3109 1549 3476 1626 ψευδωνύμου
3523 1553 3782 1630 γνώσεως

2127 1637 2527 1710 καθηγήσαντο.
2561 1639 2625 1692 Οἱ
2657 1635 2752 1711 μὲν
2783 1640 2881 1694 οὖν
2913 1641 3048 1694 θεῖοι
3098 1637 3405 1697 ἀπόστολοι
3452 1643 3553 1698 ἀνά
3595 1649 3780 1700 πᾶσαν

2127 1721 2499 1798 διασπαρέντες
2537 1728 2636 1796 τήν
2695 1735 2816 1803 γῆν,
2867 1728 3065 1804 κλήρῳ
3119 1731 3220 1798 τήν
3283 1731 3610 1806 οἰκουμένην
3663 1732 3782 1788 διε-

2128 1813 2438 1888 μερίσαντο,
2479 1817 2717 1890 καθάπερ
2773 1816 2962 1892 έρῥέθη
3019 1838 3151 1892 μοι’
3205 1821 3291 1875 καὶ
3347 1823 3552 1892 Πέτρος
3587 1823 3688 1895 μὲν
3723 1823 3776 1878 έν

2122 1901 2487 1978 Ἰερουσαλὴμ
2533 1903 2820 1979 πρότερον,
2870 1905 3052 1962 ἔπειτα
3103 1907 3342 1980 Γαλατίᾳ
3383 1908 3470 1964 καὶ
3524 1908 3774 1981 Βιθυνίᾳ,

2122 1994 2192 2065 τῇ
2240 2013 2297 2046 τε
2351 1992 2594 2068 ἀνωτέρᾳ
2647 1994 2826 2066 Ἀσίᾳ,
2887 1993 3242 2069 Καππαδοκίᾳ
3295 2019 3356 2053 τε
3409 1999 3498 2054 καὶ
3559 1997 3774 2071 Ἰταλίᾳ

2126 2081 2270 2156 πάσῃ
2329 2081 2618 2156 ἐκήρυττεν
2652 2103 2664 2116 ’
2727 2083 2978 2155 Ἰωάννης
3038 2083 3084 2139 δ’
3141 2084 3193 2140 ἒν
3245 2088 3402 2158 Ἀσίᾳ
3451 2085 3774 2164 διατρίψας,

2129 2171 2312 2248 χρόνῳ
2338 2171 2539 2244 πολλῷ
2567 2171 2785 2250 ὕστερον
2833 2175 2894 2229 τὸ
2922 2173 3080 2236 τέλος
3137 2174 3316 2254 ἔσχεν.
3353 2174 3582 2252 Ἀνδρέᾳ
3611 2175 3672 2232 δὲ
3703 2179 3770 2232 τε

2126 2260 2248 2334 περὶ
2291 2262 2382 2316 τὸν
2441 2261 2686 2332 Εὔξεινον
2737 2262 2826 2318 καὶ
2870 2265 2970 2332 τὴν
3029 2264 3256 2318 Σκυθίαν
3317 2271 3516 2335 πᾶσαν,
3569 2267 3776 2334 Βυζάν-

2127 2351 2238 2407 τίόν
2267 2372 2345 2422 τε,
2389 2350 2690 2408 Μακεδονία
2717 2375 2794 2424 τε,
2835 2355 2921 2409 καὶ
2958 2355 2993 2421 ἡ
3022 2357 3144 2424 περί
3172 2355 3270 2424 τήν
3323 2353 3567 2411 Ἐλλάδα
3615 2355 3776 2426 ﬁrm-

2131 2461 2220 2516 ρος
2249 2443 2276 2495 ὁ
2307 2439 2514 2516 κλῆρος
2554 2444 2642 2510 ἦν.
2687 2447 2884 2516 Θωμᾶς
2940 2440 2997 2497 δέ
3045 2445 3275 2518 [ιάροῦ
3325 2445 3416 2498 καὶ
3447 2441 3668 2514 Ἰνδοῖς,
3708 2451 3778 2518 τῇ

2127 2551 2186 2586 τε
2251 2531 2400 2603 νήσῳ
2465 2525 2788 2606 Ταπροϐἀνῃ
2855 2531 3162 2608 ἐκήρυττεν.
3195 2513 3510 2609 ΓᾸῖγυπτου
3571 2532 3630 2588 δέ
3691 2535 3780 2588 καὶ

2131 2614 2338 2688 Λιϐύην
2371 2618 2546 2682 ἄλλος
2579 2619 2894 2710 ἐλάγχανξὲι
2913 2626 3035 2684 Τοῖς
3069 2619 3114 2676 δ’
3146 2621 3400 2695 ἐσχάτοις
3443 2627 3547 2678 τοῦ
3593 2627 3780 2678 Ὠκεα-

2130 2713 2224 2763 νοῦ
2283 2709 2374 2763 καὶ
2429 2715 2546 2771 ταῖς
2598 2716 2970 2785 Βρεταννικαῖς
3025 2713 3214 2782 νήσοις
3269 2711 3520 2788 ἐφίστατο
3569 2710 3780 2786 ἕτερος.

2132 2799 2256 2855 Ἐπὶ
2315 2797 2372 2853 δὲ
2426 2799 2642 2863 τούτοις
2701 2804 2860 2854 πᾶσιν
2923 2801 3016 2855 οἶά
3068 2821 3152 2863 τις
3209 2801 3414 2872 πτηνὸς
3471 2802 3780 2876 αἰθέριοςὸ

2133 2885 2349 2950 Παῦλος
2408 2884 2595 2959 διέθει,
2650 2886 2837 2962 κύκλῳ
2890 2886 3194 2963 διατρέχων
3255 2890 3354 2958 τὴν
3415 2892 3780 2964 οἰκουμένην,

2133 2977 2224 3032 καὶ
2253 2976 2359 3031 ἀπὸ
2389 2975 2758 3052 Ἰερουσαλὴμ
2793 2978 2960 3052 μέχρι
2991 2982 3090 3035 τοῦ
3123 2975 3439 3054 Ἰλλυρικοῦ
3473 2979 3688 3050 σπουδῆ
3711 2985 3782 3053 τῇ

2133 3066 2278 3140 πάσῃ
2347 3067 2413 3122 τὰ
2478 3072 2577 3136 τῆς
2648 3061 2920 3130 εὐσεϐείας
2989 3069 3273 3142 σπέρματα
3354 3067 3632 3144 κρύπτων,
3691 3071 3782 3124 καὶ

2133 3157 2229 3218 τὰς
2269 3153 2541 3230 κρηπῖδας
2584 3156 2836 3232 ἆρῥαγεῖς
2883 3161 2954 3223 τῇ
3004 3157 3303 3230 Ἐκκλησία
3349 3155 3788 3234 καταϐαλλόμε-

2134 3265 2250 3308 νος.
2284 3244 2539 3316 Ζηλωταὶ
2573 3246 2670 3318 μὲν
2703 3245 2796 3300 οὖν
2835 3246 3043 3302 τούτων
3091 3245 3297 3302 πολλοὶ
3328 3248 3418 3302 καὶ
3471 3245 3672 3324 σχεδὸν
3705 3251 3782 3322 μή

2136 3333 2356 3409 ἀριθμῷ
2413 3333 2810 3398 ὑποπίπτοντες
2859 3337 3173 3412 γεγόνασιν,
3222 3337 3417 3398 ἱκανῶς
3467 3335 3645 3412 λόγου
3693 3340 3786 3393 καὶ

2135 3425 2444 3500 πνεύματος
2475 3423 2693 3500 ἔχοντες
2737 3427 2834 3488 τὰς
2885 3423 3190 3500 ἱδρυθεῖσας
3223 3428 3438 3488 τούτοις
3487 3425 3784 3497 ἐκκλησίας

2136 3511 2474 3588 οἰκοδομεῖν,
2532 3515 2621 3568 καὶ
2681 3512 2906 3588 δόκιμοι
2967 3517 3240 3590 κριθέντες
3297 3515 3626 3588 ποιμαίνειν,
3695 3516 3781 3570 καὶ

2133 3606 2231 3674 τὴν
2276 3603 2447 3659 αὐτῶν
2507 3603 2800 3679 ἐπέχοντες
2857 3603 3151 3680 διαδοχὴν,
3207 3608 3294 3661 οἷα
3349 3611 3466 3668 τοῖς
3509 3606 3782 3666 τοιούτοις

2133 3691 2504 3757 παιδευθέντες
2528 3711 2542 3725 ⁸
2577 3693 2629 3749 ο⁹ί
2669 3695 2759 3750 καὶ
2797 3695 2864 3748 τὰ
2914 3696 3160 3768 σωτήρια
3208 3696 3494 3770 σπέρματα
3539 3703 3642 3766 τῆς
3679 3701 3782 3750 τῶν

2135 3784 2372 3858 οὖρανῶν
2407 3781 2686 3858 βασιλείας
2737 3779 2911 3846 ἀδεῶς
2959 3783 3268 3858 σπείροντες
3298 3784 3476 3852 ἦσαν’
3525 3789 3610 3856 τῷ
3657 3806 3786 3860 σφο-

2137 3871 2382 3948 δρῷ-γὰρ
2415 3879 2512 3943 τῆς
2561 3871 2802 3944 ἀληθοῦς
2844 3871 3171 3951 φιλοσοφίας
3223 3874 3548 3947 νυττόμενοι
3597 3871 3780 3949 ἔρωτι,

2136 3961 2333 4019 ἐνδεέσι
2393 3964 2487 4027 τὰς
2547 3962 2735 4025 οὐσίας
2791 3961 2982 4028 ἐῶντες
3025 3965 3288 4040 πρότερον
3341 3965 3478 4018 κατά
3531 3966 3632 4033 τὴν
3679 3985 3786 4018 σω-

2135 4056 2326 4128 τήριον
2357 4054 2692 4127 προσταγὴν,
2725 4051 3036 4130 φιλοτίμως
3071 4053 3223 4129 εἶχον
3274 4051 3478 4128 ἑτέροις
3523 4053 3778 4124 ἀνηκόοις

2136 4138 2305 4198 ἔθνεσι
2336 4141 2432 4198 τοῦ
2461 4149 2560 4212 τῆς
2610 4145 2843 4206 πίστεως
2894 4142 3066 4218 λόγου
3099 4145 3200 4213 τὴν
3231 4147 3337 4198 τῶν
3389 4142 3547 4198 θείων
3597 4143 3776 4220 λόγων

2137 4229 2493 4308 παραδιδόναι
2536 4235 2773 4310 γραφήν.
2816 4232 2948 4287 Εἶτα
2999 4231 3086 4287 ἐπὶ
3139 4238 3259 4296 τοῖς
3307 4234 3477 4305 ξένοις
3507 4231 3784 4306 θεμελίοις

2137 4320 2555 4396 ἔγκαθιστῶντες
2613 4320 2896 4395 ποιμένας,
2951 4323 3106 4378 αὐτοὶ
3159 4323 3242 4401 ἐφ’
3295 4323 3452 4396 ’ἑτερα
3501 4321 3788 4398 ἐπορεύον-

2135 4435 2219 4471 το.
2271 4416 2556 4489 Ἐπεχεῖτο
2602 4414 2705 4488 γὰρ
2757 4413 2846 4468 καὶ
2889 4416 2923 4483 ἡ
2970 4418 3066 4468 τοῦ
3117 4418 3251 4469 Θεοῦ
3300 4413 3464 4488 χάρις
3512 4411 3790 4487 αὔτανδρα

2136 4503 2325 4574 πλήθη
2387 4503 2740 4576 ἐπισπωμένη
2797 4507 2915 4565 τοῖς
2973 4503 3234 4576 θαύμασι.
3292 4501 3390 4558 Καί
3469 4504 3680 4579 μακρὸν
3733 4503 3790 4558 ἃν

373 4591 752 4666 ecclesiisque
795 4591 1101 4662 institutis,
1161 4601 1422 4664 pastores
1484 4594 1868 4662 ordinassenl,
1917 4592 2020 4649 alic

2138 4592 2222 4663 εἴη
2254 4593 2459 4655 πάντας
2509 4591 2828 4670 καταλέγειν
2862 4593 3004 4662 ἑξῆς,
3047 4591 3166 4647 ὅσοι
3215 4591 3350 4648 κατά
3395 4593 3496 4662 τὴν
3553 4593 3784 4668 πρώτην

373 4681 486 4752 ipsi
518 4698 580 4740 se
608 4681 922 4738 contulere.
955 4683 1026 4738 Et
1051 4684 1236 4754 gratia
1267 4683 1369 4739 Dei
1399 4683 1694 4738 miraculis
1727 4683 2020 4740 uberrime

376 4770 608 4839 diffusa,
645 4771 911 4828 nationes
942 4771 1116 4827 simul
1149 4775 1298 4828 totas
1329 4773 1400 4827 ad
1427 4773 1604 4827 finem
1629 4771 2018 4845 pertrahehat.

377 4859 630 4933 Longum
697 4867 892 4919 autem
938 4865 1089 4918 esset
1138 4878 1366 4934 omnes,
1417 4862 1755 4934 quicunque
1821 4861 2021 4933 primae

377 4951 772 5022 apostolorum
797 4951 1191 5010 successionis
1219 4955 1478 5024 tempore
1509 4969 1609 5023 per
1643 4951 2021 5009 habitabilem

375 5039 570 5097 orbem
603 5045 866 5112 pastores
896 5041 1276 5098 ecclesiarum
1323 5042 1698 5115 apostolicam
1747 5047 1805 5097 et
1849 5057 2026 5098 evan-

378 5129 626 5201 gelicum
690 5146 996 5202 suscepere
1039 5131 1416 5201 iunctionem,
1476 5133 1776 5204 sigillatim
1831 5149 2029 5190 recen-

377 5233 522 5274 sere.
549 5217 701 5274 Satis
757 5222 950 5274 autem
985 5219 1156 5275 fuerit
1185 5237 1252 5276 ex
1298 5219 1500 5278 multis
1543 5240 1762 5295 paucos
1793 5226 2025 5291 referre,

380 5325 526 5378 quos
557 5307 732 5364 etiam
783 5313 1164 5366 monumenta
1211 5311 1539 5382 apostolicae
1581 5313 1846 5372 Ecclesiae
1880 5313 2030 5371 indi-

380 5411 598 5454 cavere.
630 5396 862 5453 Primus
893 5398 1162 5470 equidem
1187 5399 1354 5458 divus
1379 5401 1596 5459 Paulus
1632 5404 2026 5476 complurium

381 5483 442 5538 in
473 5485 748 5557 Epistolis
779 5487 904 5543 suis
935 5488 1200 5545 meminit
1227 5488 1294 5560 ‘1,
1327 5506 1470 5561 quos
1500 5495 1556 5548 et
1592 5493 1953 5565 cooperarios
1973 5497 2030 5550 et

393 5731 398 5734 _
457 5664 502 5700 δι
530 5664 772 5738 Philipp.
811 5685 876 5742 ιι,
909 5669 1000 5728 25.

2134 4680 2404 4757 διαδοχὴν
2467 4681 2520 4738 έν
2576 4687 2696 4744 ταῖς
2746 4683 2884 4736 κατά
2929 4682 3029 4751 τὴν
3090 4681 3416 4756 οἰκουμένην
3464 4680 3790 4752 ἐκκλησίαις

2135 4769 2412 4845 ποιμένες,
2481 4769 2570 4825 καὶ
2637 4771 2728 4824 τὸν
2795 4769 3158 4825 ἀποστολικὸν
3243 4771 3330 4824 καὶ
3423 4769 3786 4846 εὐαγγελικὸν

2135 4859 2536 4936 ἐπανῃρημένοι
2594 4859 2710 4934 βίον
2773 4859 3049 4937 γεγόνασι.
3109 4859 3265 4927 Πλὴν
3321 4859 3539 4935 ἀρκέσει
3601 4857 3670 4928 δὴ
3733 4858 3790 4915 ἐκ

2136 4949 2368 5007 πολχῶν
2403 4949 2629 5026 ὀλίγους
2673 4949 2866 5018 εῖπεῖν,
2918 4949 3008 5011 οὕς
3057 4948 3362 5021 ὑπόμνησις
3408 4948 3788 5018 ἂποστολικῆς

2138 5041 2466 5112 Ἐκκλησίας
2524 5040 2937 5112 ὕπεσημήνατο.
3001 5042 3222 5114 Πρῶτος
3269 5036 3448 5094 τοίνυν
3509 5039 3537 5092 ὁ
3599 5041 3786 5094 θεσπέ-

2137 5153 2255 5195 σιος
2287 5133 2500 5193 Παῦλος
2533 5128 2763 5186 πολλῶν
2799 5129 2849 5184 έν
2877 5133 2995 5190 ταῖς
3029 5126 3374 5189 Ἐπιστολαῖς
3397 5126 3565 5182 αὐτοῦ
3599 5129 3785 5200 μνείαν

2141 5226 2400 5290 ποιεῖται,
2443 5219 2538 5282 οὓς
2594 5219 2685 5274 καὶ
2745 5217 3031 5293 συνεργοὸς
3085 5217 3175 5271 καὶ
3235 5216 3639 5292 συστρατιώτας
3699 5239 3787 5272 κα-

2139 5313 2246 5368 λεῖ.
2282 5309 2458 5366 Ἀλλὰ
2488 5309 2576 5364 καὶ
2609 5312 2820 5370 Λουκᾶς
2853 5307 2954 5362 οὒκ
2991 5306 3196 5382 ὀλίγων
3237 5307 3288 5376 ἐξ
3319 5307 3594 5379 ὀνόματος
3645 5329 3786 5380 μνη-

2145 5402 2358 5475 μονεύει
2388 5419 2399 5432 ·
2437 5400 2554 5460 οἷος
2609 5397 2809 5460 ἐκεῖνος
2842 5399 3106 5470 Τιμόθεος
3137 5397 3235 5464 τὴν
3287 5394 3339 5450 έν
3386 5397 3600 5476 Ἐφέσῳ
3629 5401 3787 5472 πρῶ..

2143 5513 2236 5555 τος
2276 5489 2526 5566 εἰληχὼς
2572 5490 2860 5566 παροικίαν
2885 5509 2897 5522 ο
2931 5490 3005 5550 ὡς
3031 5489 3122 5544 καὶ
3169 5493 3322 5550 Τῖτος
3369 5493 3480 5544 τῶν
3513 5485 3607 5543 ἐπὶ
3637 5491 3784 5565 Κρή-
