4084 6208
254 365 380 432 893

257 519 361 569 της
412 515 427 530 ’
490 493 771 573 Βαρνάϐας
827 518 886 553 τε
939 497 1030 552 καὶ
1087 499 1291 558 Δουκᾶς
1342 514 1356 528 ⁸

1245 363 1859 430 ΕΩΟΒΕΞΙΑὸΤΙΟΔΞ
1900 364 2293 430 HISTORLE
2336 369 2481 431 LIB.
2529 371 2635 432 IlI.

3546 372 3667 467 894

1415 496 1635 570 Μάρκος
1702 515 1760 548 τε
1814 514 1876 549 κα

2018 498 2445 556 commilitones
2485 506 2669 557 vocat.
2704 500 2816 557 Sed
2847 504 2905 559 et
2935 502 3117 559 Lucas
3164 517 3281 558 non
3312 517 3528 574 paucos
3559 517 3667 559 no-

259 588 519 663 Κρήσκης
564 592 673 642 τῶν
726 584 979 642 Γαλλῖῶν
1029 587 1380 662 ἡγησάμενος
1414 602 1428 617 ·
1472 581 1551 639 ἔτι
1591 580 1764 639 δὲκαὶ
1798 581 1876 639 ὁέ

2020 586 2287 643 minatim
2342 587 2588 644 laudat:
2641 589 2831 661 qualis
2886 589 3227 647 Timotheus
3266 589 3365 646 ille
3421 594 3534 657 est,
3566 574 3666 661 qu1

253 676 472 750 Ἀρείου
520 673 694 750 πᾶγου
753 676 1069 753 σοφώτατος
1145 674 1451 743 Διονύσιος,
1507 673 1568 735 ὃς
1641 672 1732 727 καὶ
1807 679 1872 742 τῆ

2018 677 2245 747 primus
2283 678 2495 749 Ephesi
2552 679 2788 735 sortitus
2849 683 2935 737 est
2981 679 3309 748 ecclesiam,
3367 678 3542 736 sicuti
3609 684 3667 736 et

255 765 431 821 ἐκεῖσε
485 767 838 841 καθηγήσατο
900 763 1299 839 μητροπόλεως
1352 781 1366 795 ⁸
1426 758 1589 823 Αἷνός
1671 783 1729 817 τε
1814 763 1902 816 καὶ

257 852 498 929 Κλήμης
531 856 558 910 ὁ
591 857 736 931 ἱερός
777 875 791 889 ·
825 855 856 911 6'
902 877 960 911 τε
991 856 1253 934 θεοφόρος
1287 855 1565 929 Ἰγνάτιος,
1596 851 1685 907 καὶ
1717 853 1745 906 ὁ
1776 853 1907 906 θαυ-

257 944 454 1017 μάσιος
503 944 819 1014 Ἀπολλὼς,
853 945 940 1000 καὶ
992 946 1045 999 οἱ
1107 939 1536 1016 ἑϐδομήκοντα·
1580 940 1668 996 καὶ
1715 938 1902 1014 ἄλλοι,

253 1031 350 1097 οὕς
379 1034 441 1089 οὐ
475 1031 664 1109 ῥᾴδιον
692 1038 774 1106 τῷ
806 1033 959 1110 λόγῳ
989 1031 1332 1107 διαδραμεῖν.

2016 765 2179 822 Titus
2207 770 2383 823 Cretas
2416 783 2429 823 :
2463 767 2651 838 qualis
2682 768 2860 825 etiam
2884 769 3193 828 Barnabas,
3216 771 3274 823 et
3306 767 3490 822 Lucas
3520 767 3662 838 ipse,

2016 855 2249 913 Marcus
2269 860 2327 913 et
2345 857 2641 925 Crescens,
2676 856 2777 929 qui
2817 856 3035 913 Gallias
3066 855 3229 912 rexit.
3262 856 3544 912 Praeterea
3592 873 3662 913 ex

2016 945 2380 1017 Areopagitis
2422 945 2895 1017 sapientissimus
2939 944 3273 1018 Dionysius,
3332 944 3429 1017 qui
3482 944 3661 1001 etiam

2011 1033 2255 1091 Athenis
2313 1035 2772 1107 metropolitanaa
2859 1034 3091 1107 praefuit
3155 1031 3446 1089 Ecclesiae.
3506 1034 3663 1091 224

252 1122 436 1181 Linus
465 1124 623 1192 item,
657 1132 710 1181 et
739 1140 901 1181 sacer
929 1123 1211 1193 Clemens,
1244 1123 1473 1180 divinus
1503 1122 1784 1195 Ignatius,
1817 1122 2204 1180 admirandus
2232 1122 2493 1198 Apollos.
2522 1128 2666 1181 Item
2700 1124 3073 1196 septuaginta
3106 1122 3194 1179 illi
3224 1138 3451 1192 omnes,
3483 1127 3660 1196 atque

248 1212 431 1270 etiam
461 1213 580 1286 alii,
613 1231 762 1287 quos
790 1215 1052 1271 oratione
1080 1229 1382 1270 recensere
1414 1212 1580 1270 facile
1603 1229 1717 1269 non
1746 1217 1856 1270 est.

896 1326 1148 1376 ΚΕΦΑΛ.
1180 1322 1255 1379 Β’.

252 1428 420 1500 Περὶ
450 1431 575 1500 τῶν
613 1428 773 1500 μετὰ
801 1426 955 1490 τοὺς
995 1425 1421 1500 ἀποστόλους
1473 1425 1760 1500 Ῥώμης,
1794 1426 1897 1482 Ἀ-

328 1496 782 1574 λεξανδρείας,
805 1499 1368 1574 (Αντιοχείας-καὶ
1402 1496 1898 1574 ’[εροσο-λύ-μῶν

325 1578 446 1646 τῆς
500 1569 908 1646 Ἐκκλησίας
952 1569 1394 1646 ἡγησαμένων
1430 1588 1441 1601 ·
1495 1571 1601 1646 κ-αὶ
1653 1569 1898 1642 ἑτέρων

325 1640 820 1708 ἀποστολικοῗς
851 1640 1352 1718 διαπρεπόντων
1383 1640 1788 1717 χαρίσμασιδ

323 1749 400 1807 Oi’
423 1772 483 1827 γε
536 1753 644 1824 μήν
684 1755 792 1807 τῶν
845 1750 1099 1826 μεγάλων
1152 1755 1455 1826 παροικιῶν
1503 1747 1897 1826 προεδρεύσαν-

243 1860 336 1903 τες
388 1839 537 1896 οῦτοι
589 1838 649 1896 ἂν
710 1842 829 1899 εἶεν.
892 1842 1041 1900 Μετὰ
1101 1842 1302 1915 Πέτρον
1361 1840 1412 1896 ἐν
1455 1841 1643 1915 Ῥώμῃ
1675 1843 1897 1914 πρῶτος

243 1930 349 2000 τήν
407 1929 709 2000 ἐπισκοπὴν
765 1927 1097 2005 διαδέχεται,
1132 1935 1292 1993 Λῖνος
1324 1929 1390 1985 οὗ
1428 1929 1519 1984 καὶ
1578 1927 1792 1991 Παῦλος
1838 1927 1892 1984 ἐν

241 2023 316 2092 τῇ
374 2020 510 2094 πρὸς
559 2021 823 2092 Τιμόθεον
877 2018 937 2075 ἐκ
992 2020 1215 2093 Ῥώμης
1272 2020 1520 2098 γράφων,
1562 2019 1745 2092 μνείαν
1788 2039 1892 2073 πε-

239 2108 494 2179 ποίηται.
552 2110 723 2170 Οὗτος
782 2105 829 2164 δ’
887 2107 973 2165 ἐπὶ
1025 2108 1244 2184 χρόνοις
1287 2105 1414 2164 δέκα
1458 2109 1595 2183 πρὸς
1627 2105 1745 2163 δυσὶ
1785 2109 1884 2178 τήν

242 2197 587 2274 λειτουργίαν
635 2199 946 2273 κατασχὼν,
993 2200 1399 2254 Οὐεσπασιανοῦ
1445 2197 1535 2253 καὶ
1582 2196 1741 2253 Τίτου
1789 2202 1886 2252 τοῦ

235 2284 436 2350 παιδὸς
483 2291 839 2362 χρατοῦντος,
900 2287 1255 2363 Ἀνεγκλήτῳ
1317 2285 1634 2343 καταλιπὼν
1690 2285 1882 2358 αὐτὴν,

231 2381 336 2431 τοῦ
391 2378 545 2450 βιοῦν
595 2375 1017 2433 ἀπαλλάττεται.
1067 2376 1225 2431 Τίτου
1265 2374 1321 2431 δὲ
1349 2382 1449 2445 τῆς
1471 2376 1773 2452 ἡγεμονίας
1800 2375 1881 2448 τῷ

232 2463 475 2541 δευτέρῳ
531 2464 782 2538 ἐνιαυτῷ,
841 2464 1207 2540 Ἀνέγκλητον
1250 2464 1373 2521 ’ίσον
1425 2463 1491 2534 δὴ
1551 2466 1755 2545 χρόνον
1799 2469 1882 2538 τῷ

231 2554 385 2628 Λίνῳ
436 2555 533 2618 τάς
579 2554 726 2630 ἱερὰς
766 2555 922 2625 ἡνίας
964 2555 1231 2631 λαμπρῶς
1279 2552 1650 2626 διοικήσαντα,
1703 2557 1731 2610 ὁ
1781 2574 1878 2610 σο-

228 2643 335 2722 ςρὸς
392 2642 702 2721 διαδέχεται
760 2642 994 2718 Κλήμης
1050 2650 1159 2700 τῶν
1218 2643 1275 2699 εὖ
1324 2644 1628 2721 γεγονότων
1662 2642 1757 2714 ὢν,
1787 2646 1873 2700 καὶ

229 2733 311 2796 εἰς
360 2733 626 2809 Καίσαρας
682 2734 960 2814 ἀναφέρων
1006 2738 1103 2790 τοῦ
1157 2733 1343 2812 γένους
1411 2737 1511 2805 τὴν
1582 2734 1826 2809 βλάστην
1858 2754 1873 2768 ·

228 2824 358 2899 ’περὶ
414 2823 479 2878 οὗ
538 2824 731 2898 μικρὸν
778 2825 997 2900 ὕστερον
1058 2824 1309 2900 ἐροῦμεν.
1367 2828 1565 2881 Τοῦτον
1623 2825 1875 2901 συνεργὸν

2658 1321 2889 1379 CAPUT
2920 1322 2987 1379 ΙῙ.

2008 1430 2081 1485 De
2107 1430 2179 1502 iis
2210 1429 2306 1502 qui
2333 1436 2450 1502 post
2504 1430 2769 1502 apostolos
2810 1429 3002 1496 Rom,
3034 1427 3421 1502 Alexandriae,
3454 1428 3657 1502 Aulio-

2076 1498 2296 1574 ehiaaet
2320 1498 2708 1574 Hierosolymis
2761 1502 3082 1574 prwfueriut
3110 1500 3381 1574 Ecclesia,
3420 1498 3661 1571 aliisque

2078 1572 2216 1630 item
2242 1573 2379 1631 viris
2407 1571 2723 1645 apostolici:
2746 1571 3074 1645 pollentibus
3102 1571 3280 1627 donis.

2076 1754 2184 1821 Qui
2204 1769 2338 1811 vero
2369 1770 2714 1827 magnarum
2745 1753 3122 1811 ecclesiarum
3154 1752 3435 1826 pmsides
3469 1752 3650 1822 fuere,

2002 1842 2043 1899 ii
2074 1846 2228 1899 sunt.
2264 1844 2398 1899 Post
2436 1843 2665 1901 Petrum
2717 1843 2916 1901 Romae
2962 1842 3192 1916 primus
3249 1843 3649 1915 episcopatum

2001 1933 2262 2004 suscepit
2292 1933 2465 1989 Linus
2500 1948 2514 1990 :
2545 1933 2716 2004 cujus
2760 1933 2975 1989 Paulus
3010 1932 3071 1988 in
3120 1947 3189 1987 ea
3238 1948 3420 2003 quam
3468 1931 3651 1987 Roma

1997 2025 2068 2082 ad
2097 2023 2467 2082 Timotheum
2505 2024 2744 2096 scripsit
2782 2022 3060 2095 Epistola,
3101 2023 3455 2080 mentionem
3488 2022 3643 2077 facit.

1996 2112 2101 2170 Hic
2132 2129 2265 2169 cum
2296 2112 2467 2170 annis
2500 2113 2804 2170 duodecim
2826 2110 3152 2184 episcopale
3180 2110 3649 2168 administrasset

1995 2202 2412 2273 ministerium,
2445 2203 2800 2273 Vespasiano
2833 2202 3097 2274 filiosque
3128 2202 3255 2272 ejus
3282 2201 3411 2256 Tito
3459 2199 3645 2272 impe-

1993 2292 2285 2359 rantibus,
2342 2291 2619 2349 Anacleto
2669 2292 2727 2348 id
2780 2290 3139 2364 relinquens,
3196 2289 3316 2346 vita
3371 2288 3641 2345 excessit.

1992 2381 2258 2439 Secundo
2298 2397 2469 2453 porro
2518 2379 2751 2452 imperii
2807 2379 2921 2435 Titi
2966 2395 3139 2446 anno,
3187 2377 3486 2447 Anacleto,
3536 2377 3638 2448 qui

1990 2469 2234 2526 totidem
2283 2470 2456 2526 annis
2503 2469 2814 2542 magnifice
2860 2467 3180 2524 Ecclesium
3220 2466 3297 2522 ibi
3355 2466 3638 2538 guberna-

1987 2564 2168 2627 verat,
2225 2558 2511 2616 successit
2538 2558 2772 2630 sapiens
2817 2556 2915 2613 ille
2963 2557 3248 2624 Clemens,
3280 2555 3496 2612 illustri
3538 2572 3636 2627 ge-

1986 2662 2122 2704 nere
2161 2648 2375 2714 clarus,
2406 2651 2464 2705 et
2499 2648 2571 2704 ad
2603 2650 2889 2704 Cmsarum
2946 2650 3175 2717 gentem
3231 2653 3420 2702 ortum
3460 2662 3634 2701 suum

1984 2738 2274 2794 referens:
2300 2737 2373 2795 de
2394 2753 2508 2811 quo
2553 2736 2725 2810 paulo
2757 2740 2885 2809 post
2914 2735 3100 2809 plura,
3135 2737 3303 2792 Hunc
3361 2750 3635 2807 coopera-

1983 2829 2165 2884 torem
2187 2841 2360 2883 suum
2390 2826 2597 2897 fuisse,
2629 2826 2703 2883 ad
2734 2824 3132 2898 Philippenses
3162 2823 3423 2880 scribens
3456 2827 3633 2879 testa-

228 2911 399 2968 αὐτοῦ
446 2912 687 2987 γενέσθαι
723 2910 941 2977 Παῦλος
988 2911 1393 2985 Φιλιππησίοις
1441 2915 1662 2992 γράφων
1699 2914 1832 2993 φησί
1864 2933 1876 2948 ·

1992 2920 2088 2974 tur
2116 2916 2333 2974 Paulus
2366 2932 2381 2973 :
2420 2915 2553 2973 Cum
2608 2915 2899 2983 Clemente,
2953 2913 3250 2985 inquiens,
3291 2916 3339 2969 et
3405 2913 3634 2983 reliquis

229 3000 411 3058 Μετὰ
439 3004 547 3057 καί
574 3001 1092 3076 Κλήμεντοςκαὶ
1117 3008 1242 3059 τῶν
1265 3003 1521 3060 λοιπῶν
1544 3008 1877 3080 συνεργῶν

233 3112 389 3165 μου,
441 3092 526 3146 ὧν
582 3092 657 3148 τὰ
707 3091 1008 3166 ἀνόματα
1036 3092 1096 3147 ἐν
1134 3089 1350 3168 βίϐλῳ
1382 3096 1721 3163 ζωῆς.Τῆς
1749 3091 1796 3149 δ’
1826 3093 1878 3150 ἐν

226 3177 608 3254 Ἀλεξανδρείᾳ
635 3180 921 3257 παροικίας
972 3182 1106 3253 μετὰ
1149 3182 1368 3256 Μάρκον
1397 3182 1490 3237 τὸν
1530 3184 1673 3238 θεῖον
1706 3183 1875 3259 εύαγ-

223 3268 489 3345 γελιστήν
522 3274 740 3345 πρῶτος
773 3271 1016 3333 Ἀνιανὸς
1051 3272 1153 3341 τήν
1199 3271 1500 3342 ἐπισκοπὴν
1548 3271 1873 3347 ἐκληροῦτο.

223 3360 481 3433 Τετάρτῳ
529 3356 575 3414 δ’
623 3358 727 3415 ἔτει
782 3363 882 3426 τῆς
933 3365 1261 3435 Δομετιανοῦ
1307 3362 1446 3438 ἀρχς
1479 3360 1574 3418 δύο
1626 3363 1764 3438 πρὸς
1794 3360 1877 3418 εἷ’-

221 3469 382 3503 κοσιν
434 3447 748 3519 ἀναπλήσας
792 3443 903 3517 ἔττ,
932 3450 995 3505 τὸ
1049 3451 1199 3525 βιοῦν
1242 3451 1551 3509 ἄπολείπει.
1620 3452 1874 3527 Δεύτερος

222 3535 282 3593 δὲ
347 3538 464 3611 μετ’
520 3538 679 3594 αὐτὸν
736 3534 1020 3602 ’Δϐίλλιος
1075 3541 1168 3595 τὸν
1219 3538 1406 3614 θρόνον
1454 3536 1721 3615 λαμϐάνει
1752 3559 1764 3572 ⁴
1811 3540 1874 3596 οὗ

220 3625 313 3683 ἒπὶ
373 3625 501 3681 δέκα
558 3629 696 3700 πρὸς
767 3629 913 3703 τρισὶ
978 3627 1163 3691 καλῶς
1225 3630 1602 3703 ἱερασαμένου,
1662 3628 1879 3705 Κέρδων

215 3718 322 3787 τὴν
364 3715 666 3786 ἐπισκοπὴν
715 3715 1050 3793 διαδέχεται.
1100 3717 1274 3775 Ἀλλᾶ
1311 3719 1401 3773 καὶ
1449 3725 1556 3774 τῶν
1618 3719 1702 3775 ἐπ’
1761 3721 1878 3775 Ἀν-

219 3806 471 3880 τιοχείας
523 3807 662 3879 μετά
707 3805 906 3878 Πέτρον
954 3828 1012 3862 τε
1049 3806 1138 3862 καὶ
1189 3812 1419 3877 Λουκᾶν,
1460 3807 1685 3871 Εύόδιος
1733 3813 1876 3884 πρῶ-

219 3915 316 3955 τος
368 3895 675 3951 καθίστατο.
726 3895 927 3951 Τούτου
975 3894 1032 3952 δὲ
1066 3894 1313 3974 δεύτερος
1382 3896 1641 3973 Ἰγνάτιος
1707 3897 1873 3973 ἐγνω-

220 3983 427 4057 ρίζετο.
461 3985 761 4046 ’Βνιαυτοῖς
821 3982 867 4040 δ’
924 3985 1008 4041 ἐπ’
1055 3986 1206 4042 ἐννέα
1255 3984 1574 4061 διαπρέψας,
1605 3985 1693 4043 ἐπὶ
1732 3988 1871 4043 Ῥώ-

223 4094 337 4147 μης
394 4077 667 4149 Τραῖανοῦ
714 4072 884 4149 τρίτῳ
944 4073 1172 4149 ἐνιαυτῷ
1230 4077 1319 4131 ὑπ’
1394 4074 1579 4131 ὀδοῦσι
1662 4077 1869 4151 Θηρίων

216 4161 504 4233 ἆλήθεται.
553 4164 755 4219 Τούτου
791 4161 1052 4239 διάδοχος
1100 4164 1282 4240 τρίτος
1325 4166 1431 4222 ἀπὸ
1478 4171 1586 4221 τῶν
1637 4167 1869 4222 ἀποστό-

1988 3005 2423 3078 eooperatoribus
2478 3007 2615 3062 meis
2661 3020 2893 3077 quorum
2935 3002 3165 3061 nomina
3214 3004 3273 3058 in
3321 3002 3459 3058 libro
3508 3005 3632 3058 vitae

1984 3096 2291 3168 conscripta
2317 3098 2448 3151 sunt
2474 3094 2541 3152 δ’.
2575 3093 2637 3150 in
2684 3092 3073 3151 Alexandrina
3122 3098 3311 3148 autem
3356 3091 3633 3159 Ecclesia,

1986 3190 2120 3259 post
2166 3184 2364 3241 divum
2414 3184 2674 3241 Marcum
2749 3181 3187 3254 evangelistam,
3238 3181 3635 3254 episcopatum

1984 3273 2212 3345 primus
2246 3272 2502 3331 obtinuit
2545 3272 2830 3330 Aniunus.
2892 3273 3108 3337 Quarto
3152 3275 3349 3328 autem
3402 3264 3638 3343 imperii

1988 3361 2303 3419 Domitiani
2333 3378 2512 3432 anno,
2534 3378 2665 3418 cum
2695 3360 2901 3435 viginti
2940 3361 3089 3417 duos
3127 3376 3314 3417 annos
3367 3358 3635 3416 Ecclesia:

1985 3452 2328 3523 praefuisset,
2362 3451 2478 3507 vita
2506 3454 2595 3507 est
2631 3450 2957 3507 defunctus.
2991 3448 3126 3505 Post
3171 3448 3330 3505 hunc
3385 3447 3635 3504 Abillius

1984 3542 2185 3599 sedem
2242 3555 2370 3597 eam
2410 3537 2659 3609 recepit:
2694 3537 2795 3608 qui
2855 3552 2988 3594 cum
3032 3535 3473 3601 eamtredecim
3526 3536 3635 3590 rite

1982 3630 2314 3703 gubernans
2345 3627 2515 3685 annis
2546 3625 2918 3683 obtinuisset.
2960 3624 3207 3681 Cerdoni
3238 3640 3365 3680 eam
3412 3639 3638 3680 succes-

1984 3719 2098 3777 sori
2132 3717 2386 3789 reliquit.
2424 3715 2805 3772 Antichenam
2854 3721 3072 3781 autem,
3118 3716 3251 3785 post
3310 3712 3542 3769 Petrum
3576 3715 3636 3769 et

1983 3808 2221 3878 Lucam,
2255 3806 2480 3879 primus
2509 3803 2761 3862 Evodius
2777 3802 3134 3877 gubernavit.
3169 3801 3249 3859 Ab
3279 3802 3390 3859 hoc
3419 3817 3630 3860 secun-

1980 3902 2091 3957 dus
2115 3899 2223 3956 fuit
2278 3896 2661 3971 Ignatius:is
2710 3911 2843 3953 cum
2901 3910 3084 3951 annos
3142 3909 3348 3950 novem
3403 3892 3631 3965 episco-

1982 3997 2178 4062 patum
2219 3988 2487 4044 decenter
2516 3984 2754 4042 omnino
2781 3984 2864 4041 ibi
2903 3982 3394 4051 administrasset,
3429 3982 3627 4039 Roma

1980 4074 2151 4131 tertio
2179 4072 2414 4143 Traiani
2461 4088 2613 4129 anno
2660 4070 2980 4128 bestiarum
3021 4069 3297 4126 dentibus
3350 4073 3436 4126 est
3473 4084 3631 4125 com-

1979 4163 2240 4220 molitus.
2273 4162 2460 4234 Hujus
2509 4160 2884 4229 successoris,
2917 4174 3157 4215 numero
3215 4159 3287 4214 ab
3348 4157 3629 4230 apostolis

217 4250 332 4343 λων
367 4256 552 4343 ’ςΗρως
585 4250 762 4343 ὄνομα
817 4254 906 4323 ἦν.
966 4259 1073 4323 Τῆς
1104 4251 1150 4308 δ’
1196 4253 1248 4310 ἐν
1302 4254 1707 4331 Ἰεροσολύμοις
1743 4257 1865 4312 Ἑκ-

1990 4253 2150 4310 tertii.
2188 4268 2396 4310 nomen
2427 4255 2553 4308 erat
2596 4249 2796 4307 Heros.
2831 4249 2894 4304 1n
2940 4246 3460 4320 Hierosolymitano
3490 4263 3625 4305 vero

214 4338 450 4409 κλησίας
511 4340 647 4413 μετά
696 4340 787 4396 τὸν
844 4345 942 4396 τοῦ
998 4343 1209 4418 Κυρίου
1273 4341 1506 4422 ἀδελφὸν
1579 4338 1859 4413 Ἰάκωϐον,

212 4428 506 4501 τριάκοντα
546 4426 639 4499 ἔτη
708 4429 1164 4502 ἐπισκοπήσαντα,
1243 4433 1468 4505 Συμεὼν
1558 4432 1688 4506 μετὰ
1762 4435 1860 4504 νήν

209 4520 322 4571 τῶν
385 4517 780 4590 Ἰεροσολύμων
858 4517 1087 4591 ἅλωσιν,
1150 4521 1178 4575 6
1245 4524 1342 4576 τοῦ
1414 4521 1607 4577 Κλοπᾶ
1685 4519 1862 4577 εἶ’τουν

216 4604 441 4661 Κλεότια
470 4607 607 4676 υἱὸς,
639 4607 851 4681 ἀνεψιὸς
893 4606 951 4664 δὲ
996 4613 1091 4664 τοῦ
1136 4616 1398 4684 Σωτῆρος
1443 4612 1573 4666 εἶναι
1622 4610 1864 4687 ἐλέγετο,

214 4690 480 4769 διάδοχος
540 4694 630 4764 ἦν.
679 4698 869 4770 Τρίτος
910 4694 956 4751 δ’
1005 4697 1087 4752 ἐπ’
1134 4696 1323 4773 ἐκείνῳ
1373 4700 1607 4764 Ἰοῦστος
1654 4703 1760 4756 τῶν
1812 4699 1864 4772 ἐξ

212 4781 497 4838 Ἰουδαίων
554 4785 987 4842 πεπιστευκότων
1036 4792 1332 4858 τηνικαῦτα
1378 4788 1606 4845 πολλῶν
1661 4793 1740 4853 εἴς
1766 4784 1861 4849 ὥν.

211 4874 388 4951 ’Δχρι
439 4871 497 4928 δὲ
544 4874 634 4928 καὶ
680 4879 789 4929 τῶν
830 4877 1048 4950 χρόνων
1097 4879 1371 4953 Τραϊανοῦ
1434 4880 1533 4949 τήν
1592 4879 1859 4952 ἱερατείαν

212 4963 366 5016 οὗτοι
415 4963 731 5037 παρεῖλκον,
779 4959 857 5019 ἔτι
908 4969 987 5039 τῷ
1037 4966 1140 5042 βίῳ
1184 4964 1461 5041 περιόντος
1502 4973 1617 5023 τοῦδ
1645 4970 1862 5043 ἠγαπη-

213 5051 383 5125 μένου
402 5053 494 5107 καὶ
528 5054 799 5127 μαθητοῦ.
837 5057 960 5109 Καθ’
1006 5055 1065 5110 ὃν
1112 5059 1300 5132 καιρὸν
1347 5060 1438 5113 καὶ
1496 5056 1861 5133 Πολύκαρπος

207 5139 261 5195 ἐν
326 5141 551 5217 Σμύρνῃ
609 5150 709 5213 τῆς
774 5145 953 5208 Ἀσίας
1006 5143 1257 5220 διέπρεπε
1305 5149 1450 5223 παρᾶ
1482 5149 1728 5206 Ἰωάννου
1757 5151 1856 5220 τήν

204 5227 510 5301 ἐπισκοπὴν
568 5232 1043 5313 ἐγκεχειρισμένος
1094 5256 1107 5269 ·
1171 5238 1380 5299 Παπίας
1434 5257 1493 5292 τε
1548 5237 1856 5312 Ἱεραπολί-

1975 4342 2331 4415 episcOpatu,
2360 4356 2531 4413 quem
2561 4339 2739 4395 frater
2792 4338 3019 4394 Domini
3073 4337 3330 4394 Jacobus
3387 4335 3628 4408 triginta

1973 4448 2156 4489 annos
2186 4434 2469 4498 tenuerat,
2497 4433 2630 4501 post
2658 4427 3195 4500 Hierosolymorum
3243 4426 3623 4493 eversionem,

1972 4525 2222 4594 Symeon
2280 4517 2544 4591 Cleophm
2601 4517 2780 4585 filius,
2812 4516 2913 4588 qui
2971 4514 3249 4588 patruelis
3305 4513 3623 4571 Servatoris

1976 4612 2158 4669 fuisse
2185 4610 2399 4668 dicitur
2428 4610 2530 4683 (1),
2562 4608 2648 4666 illi
2693 4608 2994 4665 successit.
3028 4606 3263 4663 Tertius
3295 4605 3372 4662 ibi
3428 4620 3497 4660 ex
3525 4620 3624 4659 or-

1976 4701 2111 4759 dine
2148 4701 2370 4768 Justus,
2392 4714 2594 4756 eorum
2627 4697 2724 4769 qui
2747 4713 2817 4754 ex
2843 4696 3067 4753 Judzsis
3105 4699 3228 4750 tum
3258 4691 3624 4749 crediderant

1974 4808 2150 4857 unus,
2182 4789 2486 4862 episcopus
2514 4788 2621 4845 fuit
2653 4804 2667 4844 :
2700 4787 2801 4859 qui
2858 4786 3095 4859 quidem
3156 4781 3307 4839 225
3362 4780 3621 4854 episcopi

1972 4881 2046 4937 ad
2076 4879 2309 4952 Trajani
2341 4894 2527 4951 usque
2558 4882 2817 4951 tempora
2847 4873 3207 4931 functionem
3266 4887 3436 4929 suam
3490 4886 3623 4943 per-

1971 4971 2285 5036 duxerunt,
2326 4983 2461 5023 cum
2492 4967 2681 5024 adhuc
2710 4966 2769 5023 in
2817 4963 2963 5020 vivis
3018 4964 3172 5017 esset
3220 4960 3468 5016 dilectus
3518 4958 3616 5015 ille

1969 5077 2036 5117 ac
2064 5057 2418 5132 discipulus.
2452 5060 2575 5124 Quo
2598 5061 2855 5127 tempore
2885 5056 2942 5110 et
2962 5050 3312 5124 Polycarpus
3352 5050 3614 5122 Smyrna)

1967 5148 2025 5206 in
2056 5148 2196 5206 Asia
2225 5147 2443 5218 floruit,
2473 5148 2544 5203 ab
2574 5163 2640 5204 eo
2673 5145 2799 5218 ipso
2827 5143 3054 5199 Joanne
3099 5141 3408 5213 episcopus
3467 5155 3620 5195 crea-

1964 5244 2081 5295 tus.
2122 5242 2333 5311 Papias
2363 5251 2591 5309 quoque
2620 5238 2747 5290 tum
2805 5230 3161 5303 Hierapolita
3216 5230 3276 5286 in
3325 5245 3433 5286 sua
3489 5226 3618 5299 ipse

201 5339 308 5390 της
346 5319 483 5397 ἆνήρ
533 5320 685 5397 λόγῳ
740 5326 1172 5399 κεκοσμημένος,
1204 5328 1293 5381 καὶ
1342 5333 1443 5397 τῆς
1503 5333 1719 5407 Γραφῆς
1775 5329 1852 5391 ὡς

1990 5327 2150 5386 μοιῐὶιι
2178 5327 2548 5400 episcopatus
2582 5322 2923 5395 magistratu
2953 5323 3043 5377 est
3073 5320 3307 5375 functus
3342 5334 3356 5374 :
3381 5317 3465 5374 vir
3480 5332 3614 5374 cum

278 5467 326 5501 “
347 5468 597 5543 Philipp.
632 5487 710 5542 IV,
738 5471 794 5528 3.

279 5617 390 5694 (1),
421 5616 739 5692 Cleopbam
791 5621 1028 5681 fratrem
1088 5619 1269 5679 fuisse
1323 5620 1796 5694 Josephi,sponsi
1844 5618 2101 5691 Virginis
2168 5617 2389 5687 matris,
2440 5616 2808 5691 Hegesippus
2884 5621 3246 5681 contestatus
3288 5625 3397 5681 est.
3454 5618 3613 5680 infra

208 5705 338 5761 cap.
358 5689 418 5748 9.

3456 5830 3589 5887 -_)
