4016 6206
480 369 602 431 895

1784 371 2211 438 NICEPHORI
2256 375 2604 440 CALLISTI

3781 387 3899 446 896

473 499 802 570 eloquentie
831 501 1048 570 clarus,
1081 506 1201 559 tum
1235 518 1528 561 sacrarum
1571 505 1915 562 Litterarum
1949 521 2110 575 quam

2240 505 2477 578 μάλιστα
2533 503 2816 580 ἔμπειρος,
2875 511 2973 578 τῆς
3050 507 3214 565 αὐτοῦ
3301 509 3518 574 πόλεως
3604 509 3899 586 ἲερατικῶς

463 593 716 648 maxime
747 593 984 662 peritus.
1023 595 1134 648 Sed
1173 598 1230 650 et
1269 597 1599 660 Quadratus
1661 614 1730 654 ea
1778 600 1940 654 aetate
1989 615 2123 670 pro-

471 681 698 751 pbetico
727 682 899 743 dono,
931 699 1051 738 una
1081 700 1212 738 cum
1242 685 1490 757 Philippi
1523 686 1776 756 filiabus,
1802 687 2038 754 enituit:
2071 692 2125 743 et

475 769 574 824 alii
633 775 910 841 praeterea
966 773 1185 843 plures,
1246 775 1568 846 apostolica
1623 777 1811 848 gratia
1865 777 2125 836 illustres

477 865 650 930 atque
726 863 1050 933 conspicui,
1109 866 1621 939 apostolorumque
1690 869 2120 926 successionem

471 949 682 1006 sortiti.
705 950 919 1008 Verum
953 953 1022 1008 de
1079 953 1393 1024 Clemente,
1434 955 1672 1027 Ignatio,
1725 957 2036 1030 Pclycarpc
2067 964 2124 1016 et

469 1039 668 1110 Papia,
700 1059 826 1112 quae
865 1059 969 1113 par
1027 1043 1158 1112 erit,
1211 1045 1478 1116 deinceps
1537 1049 1596 1102 in
1637 1047 1742 1103 hoc
1791 1049 1917 1120 ipso
1975 1050 2120 1105 libro

469 1129 856 1185 narrabimus.
893 1131 960 1186 In
993 1134 1296 1203 praesentia
1325 1135 1478 1190 enim
1510 1151 1577 1192 ea
1607 1140 1857 1206 tantum,
1893 1154 2018 1208 quae
2051 1140 2120 1194 ad

468 1217 714 1287 primam
737 1220 1135 1290 apostolorum
1152 1223 1584 1281 successionem
1601 1227 1911 1297 pertinent,
1931 1235 2124 1284 osten-

471 1308 606 1362 dere
638 1307 1018 1365 instituimus.

1114 1418 1344 1474 CAPUT
1375 1420 1473 1477 III.

481 1503 614 1580 Quae
643 1519 808 1559 causa
853 1505 1107 1580 Romanis
1147 1507 1336 1580 fuerit
1391 1509 1594 1566 Iudaeis
1653 1511 1783 1567 belli
1819 1512 2118 1580 inferendi.

546 1575 754 1656 Quanto
783 1580 1026 1656 tempore
1054 1575 1236 1656 [ndmi
1258 1587 1381 1656 post
1406 1580 1678 1656 Christum
1701 1584 1836 1639 bello
1883 1575 2124 1656 impetili

544 1662 656 1723 non
684 1648 817 1723 sint.
845 1649 925 1723 Et
952 1654 1010 1702 ul
1041 1649 1225 1723 ﬁdeles
1259 1648 1516 1707 homines
1572 1670 1669 1723 per
1730 1648 2122 1713 reuelationem

544 1717 817 1794 admoniti
838 1717 1214 1794 Hierosolyma
1269 1717 1617 1794 reliquerint,
1653 1731 1706 1781 et
1750 1728 1960 1782 Pellam
2013 1729 2122 1784 mi-

543 1787 788 1867 grarinl.
843 1791 904 1844 Et
943 1787 1160 1867 quanto
1218 1787 1456 1860 tempore
1510 1787 1849 1867 alienigena
1900 1815 1975 1854 ex
2025 1803 2122 1856 He-

541 1859 670 1943 rode
721 1859 995 1932 progeniti
1076 1867 1221 1935 apud
1299 1859 1515 1924 Judwos
1590 1859 1820 1940 regnum
1882 1871 2121 1928 obtinue-
2151 1879 2199 1943 Β

548 1933 679 1986 rint.

542 2115 708 2171 Nunc
739 2129 874 2173 vero
905 2133 1094 2189 operae
1128 2119 1378 2190 pretium
1419 2126 1506 2178 est
1566 2122 1799 2190 referre,
1833 2126 2126 2196 quomodo

472 2205 808 2261 Judaaorum
841 2207 1120 2263 adversus
1153 2208 1443 2266 Romanos
1474 2213 1696 2267 motum
1729 2213 1807 2267 sit
1859 2213 2076 2270 bellum
2107 2219 2122 2255 ε

464 2310 592 2368 qum
622 2311 808 2352 causae
839 2295 1012 2352 simul
1039 2301 1095 2353 et
1121 2299 1382 2370 prodigia
1411 2300 1936 2371 Hierosolymorum
1970 2321 2124 2375 prae-

462 2385 745 2442 cesserint
773 2386 1129 2442 eversionem
1163 2405 1178 2444 :
1211 2393 1268 2444 et
1293 2391 1582 2458 quomodo
1613 2392 1844 2448 tandem
1877 2407 1945 2448 ea
1979 2393 2118 2448 urbs

462 2473 884 2547 perpelrataein
925 2475 1218 2532 Christum
1251 2477 1566 2549 impietatis
1624 2480 1960 2554 insanaque
2013 2498 2118 2537 ve-

466 2564 675 2620 cordia
719 2581 920 2636 poenas
979 2564 1170 2635 luens,
1219 2567 1297 2624 sit
1351 2585 1566 2624 eversa.
1601 2571 1786 2641 Atque
1843 2570 2114 2643 equidem

468 2669 597 2724 qua
627 2653 738 2709 sub
765 2654 1007 2724 imperio
1045 2654 1312 2723 Neronis,
1346 2660 1401 2712 et
1449 2663 1583 2714 ante
1639 2659 1694 2714 id
1741 2659 1927 2715 Felice
1985 2665 2114 2730 post

466 2741 714 2798 Pilatum
772 2743 1032 2798 Judaaam
1092 2744 1448 2814 provinciam
1522 2748 1836 2815 obtinente,
1892 2749 2110 2806 Judaeis

471 2830 792 2886 acciderint
824 2831 923 2904 (l),
956 2832 1168 2898 clades,
1199 2851 1330 2890 cum
1365 2836 1668 2906 pontifices
1699 2837 1966 2894 civilibus
2025 2857 2110 2895 ar-

460 2919 576 2976 mis
609 2927 810 2975 contra
839 2936 901 2976 se
941 2920 1186 2979 invicem
1217 2927 1274 2979 et
1304 2925 1584 2981 adversus
1624 2926 1906 2997 primores
1963 2929 2106 2984 civi-

459 3008 597 3064 tatis
645 3018 1036 3078 armarentur,
1079 3017 1136 3067 et
1193 3015 1603 3086 unusquisque
1655 3031 1852 3071 eorum
1900 3017 1970 3072 ad
2015 3034 2105 3075 res

459 3113 642 3154 novas
699 3103 993 3168 spectans,
1057 3100 1265 3156 ducem
1331 3119 1393 3158 se
1446 3103 1637 3173 ipsum
1705 3105 2099 3175 constitueret,

463 3186 692 3242 nemine
739 3188 797 3242 id
845 3205 1089 3260 prorsus
1138 3190 1519 3261 prohibente:
1572 3208 1824 3264 cumque
1871 3211 2103 3252 summa

2237 593 2752 670 προεδρεύων.Ἐπὶ
2821 598 3036 660 τούτοις
3095 596 3152 652 δὲ
3199 600 3288 653 καὶ
3339 597 3618 674 Κοδρᾶτος
3679 599 3898 675 διέλαμ.

2235 705 2302 739 πε
2351 691 2674 763 προφητικῷ
2726 687 3024 761 χαρίσματι
3071 689 3280 762 σύναμα
3329 693 3448 753 ταῖς
3480 689 3773 747 Φιλίππου
3803 697 3892 748 θυ-

2236 776 2489 848 γστράσιν
2519 772 2910 848 ἐνδιαπρέπων.
2945 778 3048 833 Καὶ
3103 775 3266 833 ἄλλοι
3319 777 3544 840 πλείους
3589 781 3732 834 κατὰ
3773 783 3893 836 τού-

2233 883 2360 924 τους
2407 864 2567 932 ἦσαν,
2617 863 3008 927 ἀποστολικοῖς
3061 865 3388 940 χαρίσμασιν
3451 865 3724 944 ἐκφανεῖς,
3795 872 3889 938 τὴν

2239 951 2374 1022 μετὰ
2419 953 2547 1016 τοὺς
2593 951 2936 1016 ἀποστόλους
2975 951 3245 1029 διαδοχὴν
3275 954 3732 1030 κληρωαάμενοι.
3769 961 3891 1032 Περὶ

2237 1041 2421 1111 μέντοι
2483 1039 2828 1114 Κλήμεντος,
2889 1042 3172 1120 Ἱγνατίου,
3245 1043 3610 1119 Πολυκάρπου
3671 1067 3730 1100 τε
3805 1049 3889 1102 καὶ

2237 1130 2451 1184 Παπίου
2481 1131 2546 1186 τὰ
2597 1130 2778 1187 εἰκότα
2821 1137 2935 1194 τοῖς
2988 1131 3178 1210 ἐφεξῆς
3209 1135 3244 1203 ἠ
3302 1136 3554 1208 παροῦσά
3613 1157 3712 1209 μοι
3771 1135 3888 1191 δια.

2236 1217 2468 1292 λήψεται
2517 1220 2750 1295 ἱστορία.
2797 1225 2905 1278 Νῦν
2949 1224 3071 1296 γὰρ,
3105 1221 3228 1278 ὅσον
3275 1224 3338 1277 τὸ
3381 1230 3484 1292 τῆς
3515 1222 3888 1296 ἀποστολικῆς

2235 1305 2504 1386 διαδοχῆς
2537 1310 2771 1384 πρώτως
2801 1308 3131 1381 ἐνδείξασθαι
3159 1310 3444 1386 προὲθετο.

2874 1425 3131 1477 ΚΕΦΔΛ.
3167 1423 3244 1475 Γ’.

2231 1506 2380 1561 Τίνα
2429 1505 2617 1561 α’ίτια
2667 1510 2994 1584 τῇς-κατᾶ
3037 1505 3424 1584 Ἰουδαίους
3475 1511 3890 1584 μάχηςίτοῖς

2304 1580 2669 1658 ἰΡωμθίοις
2705 1578 2966 1658 ἐγένετο
3001 1599 3013 1612 ·
3039 1580 3392 1658 ⁵καὶ-ἰτιόσον
3427 1578 3686 1658 χρόνον
3737 1583 3887 1639 Ἰου-

2305 1647 2482 1726 δαῖοι
2517 1651 2680 1726 μετὰ
2711 1647 2996 1726 Χριστὸν
3029 1647 3842 1726 ᾇπολὲμητοῗδιᾷμειῗναν
3869 1671 3882 1685 ⁸

2301 1722 2405 1776 καὶ
2439 1720 2528 1783 ὡς
2553 1723 2614 1775 οἱ
2645 1720 2870 1777 πιστοὶ
2904 1720 2993 1776 δι’
3023 1720 3528 1786 ἀποκαλύψεως
3562 1720 3884 1786 λιπόντες

2301 1800 2417 1867 την
2463 1792 2946 1867 ξἸερουσαλὴμ,
2991 1793 3091 1867 είς
3138 1795 3256 1864 τήν
3303 1792 3576 1850 Πέλλαν
3631 1794 3882 1867 ᾤκησαν

2299 1863 2518 1942 ’πόλιξνζ
2551 1866 2863 1942 Καὶ-δσον
2891 1863 3002 1942 ⁷καί
3034 1865 3140 1920 ἐπὶ
3171 1863 3374 1942 πόσον
3410 1863 3793 1942 χρόνονμοῖ
3831 1868 3882 1937 ἐξ

2311 1885 2518 1932 πολιν.
2551 1885 2674 1922 nat
2712 1885 2863 1919 οσον
2897 1887 3002 1920 και
3034 1887 3140 1920 επι
3171 1885 3374 1921 ποσον
3462 1885 3670 1942 ρονον
3721 1885 3784 1922 οι
3831 1885 3882 1937 εξ

2311 1933 2601 2012 ξῌρώδου
2661 1935 3047 2012 ἀλλόφυλοι
3095 1943 3210 1992 τοῦ
3269 1885 3631 1995 Ἰουδαίων
3682 1939 3884 2012 ἧρξαν

2307 2005 2552 2070 ἔθνους.

2303 2118 2413 2171 Τοῦ
2473 2113 2674 2170 λοιποῦ
2733 2113 2790 2170 δὲ
2847 2113 3123 2192 προῦργου
3181 2117 3466 2190 γενήσεται
3523 2115 3762 2174 διελθεῖν
3811 2123 3884 2188 τῷ

2231 2204 2458 2280 παρόντι
2508 2203 2685 2282 λόγῳ,
2724 2204 2872 2267 ὅπως
2931 2208 2966 2274 ἡ
3027 2205 3163 2260 κατᾶ
3221 2204 3518 2268 Ἰουδαίους
3569 2207 3708 2280 πρὸς
3754 2207 3882 2262 Ῥω-

2234 2292 2426 2364 μαίους
2479 2293 2768 2364 ἆνεκινήθη
2827 2294 2983 2368 μάχη
3020 2313 3030 2324 ’
3093 2292 3210 2348 τίνα
3259 2314 3343 2355 τε,
3375 2293 3525 2348 αἴτια
3557 2295 3650 2349 καὶ
3681 2299 3882 2367 σημεῖα

2225 2389 2327 2451 τῆς
2385 2382 2742 2455 Ἰερουσαλὴμ
2802 2383 3058 2443 ἁλώσεως
3101 2384 3510 2456 προηγήσαντο,
3559 2384 3650 2438 καὶ
3693 2385 3770 2446 ὡς
3801 2385 3880 2439 τέ-

2228 2469 2352 2526 λεον
2413 2471 2770 2547 διεφθάρησαν
2824 2470 3032 2528 δικαίαν
3093 2471 3356 2534 τιννύντξς
3413 2469 3574 2542 δίκην
3613 2480 3719 2542 τῆς
3749 2473 3881 2528 κατὰ

2224 2562 2461 2636 Χριστοῦ
2511 2561 2700 2634 μανίας
2745 2563 2836 2617 καὶ
2889 2559 3196 2636 ἀσελγείας.
3241 2563 3376 2616 Ὅσα
3411 2562 3505 2634 μὶν
3537 2562 3632 2617 οὖν
3663 2564 3880 2627 τούτοις

2221 2649 2274 2704 ἐν
2305 2655 2424 2712 ταῖς
2474 2650 2674 2726 ἀρχαῖς
2723 2652 2996 2724 Νέρωνος,
3029 2651 3278 2720 Φήλικος
3317 2653 3418 2720 τήν
3448 2651 3750 2726 ἡγεμονίαν
3781 2659 3876 2722 τῆς

2221 2739 2486 2803 Ἰουδαίας
2541 2741 2674 2814 μετὰ
2727 2739 2961 2796 Πιλᾶτον
3033 2738 3336 2812 διέποντος,
3409 2737 3610 2812 συνὲὅη
3661 2745 3874 2811 παθεῖν,

2216 2835 2321 2886 τῶν
2373 2833 2564 2906 ἱερέων
2611 2833 2727 2886 κατ’
2763 2829 3029 2900 ἀλλήλων
3089 2830 3179 2886 καὶ
3232 2831 3368 2906 πρὸς
3426 2831 3558 2894 τοὺς
3619 2835 3876 2906 πρώτους

2217 2920 2595 2994 ὁπλιζομένων
2643 2924 2744 2987 τῆς
2795 2919 3042 2991 πόλεως,
3083 2921 3174 2974 καὶ
3223 2921 3297 2982 ὡς
3343 2916 3570 2984 ἕκαστος
3629 2923 3880 2994 νεωτερί-

2217 3015 2320 3080 ζων
2355 3011 2576 3086 ἡγεμὼν
2623 3009 2710 3078 ἧν,
2762 3006 2979 3070 οὐδενὸς
3033 3005 3182 3071 ὄντος
3231 3013 3330 3064 τοῦ
3387 3009 3832 3082 ἐπιπλήσσοντος
3861 3029 3876 3043 ⁸

2211 3097 2336 3173 περί
2383 3119 2440 3154 τε
2487 3104 2586 3168 τῆς
2629 3101 2738 3153 τῶν
2799 3097 2986 3172 ἱερέων
3027 3095 3305 3160 ἀναιδείας
3353 3099 3584 3154 καὶτῶν
3615 3120 3882 3174 νεωτερι-

2217 3185 2421 3256 ζόντων
2474 3185 2730 3261 σικαρίων
2790 3186 3013 3252 λῃστῶν
3047 3204 3062 3218 ·
3094 3179 3173 3241 ἔτι
3213 3183 3269 3241 δὲ
3320 3187 3396 3248 ὡς
3441 3185 3734 3263 ἀρχιερεὺς
3777 3189 3878 3243 αὖ·

462 3279 618 3332 esset
681 3280 738 3332 et
810 3247 1175 3333 sacerdotum
1263 3247 2104 3348 impudentia,

2240 3279 2324 3331 πῶν
2359 3277 2612 3346 Ἰωνάθης
2639 3277 2727 3330 καὶ
2771 3274 2976 3330 πολλοὶ
3010 3280 3118 3331 τῶν
3170 3276 3296 3349 παρ’
3343 3277 3532 3339 αὐτοῖς
3579 3277 3876 3352 ἐπισήμων

461 3365 804 3422 sicariorum
855 3365 1144 3424 licentia:
1197 3372 1321 3423 tum
1391 3377 1584 3424 autem
1653 3387 1786 3427 cum
1853 3373 2107 3442 pontifex

458 3453 747 3511 Jonathas
780 3459 836 3512 et
868 3455 1039 3510 multi
1069 3455 1311 3528 insuper
1348 3457 1445 3514 alii
1495 3458 1754 3530 praeclari
1793 3462 1900 3517 viri
1958 3461 2106 3519 clam

456 3545 854 3601 occiderentur
889 3559 902 3600 :
935 3545 1185 3618 denique
1211 3563 1344 3602 cum
1396 3548 1899 3620 pseudopropheta
1943 3553 2108 3623 Egy-

453 3636 612 3708 ptius
627 3651 786 3706 quam
804 3635 1071 3706 plurimis
1085 3638 1340 3695 seductis
1353 3639 1588 3710 triginta
1604 3641 1786 3697 millia
1799 3643 2104 3699 hominum

463 3722 748 3796 perderet,
782 3727 838 3778 et
868 3724 1088 3794 reliqua
1129 3725 1188 3781 in
1241 3729 1570 3798 perturbato
1614 3729 1865 3788 civitatis
1922 3736 2101 3800 statu,

463 3810 698 3868 nemine
737 3812 822 3866 vel
853 3811 1176 3882 imperandi
1224 3813 1310 3870 vel
1367 3817 1601 3886 parendi
1657 3819 1912 3876 ofﬁcium
1965 3839 2101 3893 prae-

463 3905 674 3971 stante,
721 3901 1238 3974 committerentur,
1284 3905 1343 3960 in
1401 3906 1664 3977 proximo
1724 3911 2102 3981 exposuimus

463 3991 631 4048 libro.
666 3991 900 4048 Decimo
930 4007 1072 4048 sane
1129 3993 1356 4064 imperii
1414 3997 1652 4053 Neronis
1704 4015 1857 4056 anno
1917 4002 2103 4057 maxi-

467 4095 628 4136 mum
662 4085 922 4136 exortum
957 4097 1080 4137 esse
1113 4081 1352 4153 bellum,
1387 4101 1773 4159 magnamque
1822 4089 2101 4146 universae

456 4167 790 4224 Judaeorum
823 4169 980 4240 genti
1029 4170 1312 4228 accidisse
1367 4173 1780 4244 calamitatem,
1811 4177 2102 4250 Josephus

456 4264 872 4312 commemorat
920 4258 998 4330 (2)
1035 4277 1048 4315 :
1081 4264 1138 4315 et
1181 4263 1388 4332 praeter
1445 4262 1700 4332 plurima
1751 4265 1864 4318 alia
1917 4267 2100 4322 detri-

455 4349 673 4412 menta,
706 4345 934 4403 circiter
963 4349 1160 4406 decem
1191 4351 1374 4407 millia
1407 4367 1610 4408 eorum
1643 4353 1744 4424 qui
1785 4355 1943 4412 226
2001 4357 2102 4413 hc-

460 4451 631 4492 nores
663 4437 1151 4510 magistratusque
1181 4441 1334 4512 apud
1368 4441 1604 4499 Judaaos
1646 4451 1968 4517 gesserunt,
2005 4448 2100 4503 ﬂa-

457 4525 579 4599 gris
608 4527 867 4584 concisos
899 4527 1327 4601 Hierosolymis,
1362 4535 1419 4586 et
1468 4533 1702 4588 tandem
1761 4533 1821 4589 in
1868 4551 2096 4592 crucem

2210 3366 2390 3443 κρύφα
2420 3363 2779 3442 διεφθάρησαν
2815 3384 2828 3398 ·
2877 3365 3098 3438 προσέτι
3151 3362 3208 3419 δὲ
3253 3365 3344 3418 καὶ
3395 3366 3470 3427 ὡς
3515 3367 3880 3441 τρισμυρίους

2211 3455 2240 3509 ὁ
2307 3451 2764 3532 ψευδοπροφήτης
2839 3453 3136 3529 Αἰγύπτιος
3207 3453 3490 3520 ἀπατήσας
3575 3454 3878 3516 πλείστους

2211 3539 2474 3623 διέφθέιρε
2506 3561 2520 3575 ·
2565 3542 2655 3598 καὶ
2705 3544 2772 3598 τὰ
2828 3541 3002 3598 λοιπᾶ
3043 3549 3143 3612 τῆς
3187 3542 3451 3619 ἀναρχίας
3489 3543 3666 3598 αὐτῶν
3715 3542 3872 3598 iam?»

2213 3654 2353 3706 ματα
2383 3631 2434 3687 ἐν
2463 3638 2531 3708 τῇ
2583 3633 2690 3706 πρὸ
2741 3631 2942 3702 ταύτης
3001 3627 3330 3704 διελᾶϐομεν
3369 3632 3608 3708 ἱστορίᾳ.
3645 3635 3870 3706 Δεκάτῴ

2211 3719 2257 3776 δ’
2287 3719 2392 3777 ἔτει
2421 3729 2524 3792 τῆς
2569 3723 2756 3796 ἂρχῆσ
2795 3721 3053 3795 Νέρωνος
3105 3721 3358 3798 μέγιστὸν
3405 3721 3869 3796 ἀναῤῥιπισθῆναι

2208 3811 2454 3884 πόλεμον
2515 3811 2781 3881 Ἰώσηπος
2841 3811 3065 3884 ἱστορεῖ,
3119 3809 3210 3864 καὶ
3279 3807 3502 3879 πολλὴν
3559 3815 3641 3882 τῷ
3699 3811 3868 3866 παντῖ

2207 3900 2345 3956 ἔθνει
2385 3904 2493 3956 τῶν
2525 3896 2800 3955 Ἰουδαίων
2829 3899 3072 3974 γενέσθαι
3111 3900 3212 3968 τὴν
3239 3900 3548 3972 ἀσυμφοράν
3585 3919 3599 3931 ·
3660 3901 3758 3955 ἐπὶ
3811 3899 3872 3956 δὲ

2207 3991 2485 4053 πλείστοις
2519 3987 2712 4051 ἄλλοις
2752 3988 2978 4062 μυρίους
3009 3987 3168 4051 ὅσους
3217 3992 3324 4042 τῶν
3376 3987 3524 4062 παρά
3566 3985 3870 4048 Ἰουδαίοις

2207 4082 2258 4136 ἐν
2309 4085 2497 4154 τιμαῖς
2553 4079 2711 4141 ὄντας
2774 4077 3020 4151 μάστιξιν
3063 4076 3400 4140 αἰκισθέντας
3447 4076 3500 4132 ἓν
3575 4077 3720 4151 αὐτῇ
3799 4083 3872 4152 τῇ

2209 4168 2574 4243 Ἰερουσαλὴμ
2631 4167 2734 4222 ὑπὸ
2785 4163 3024 4238 Φλώρου
3083 4164 3567 4241 ἀνασταυρωθῆναι
3647 4163 3826 4232 δηλοῖ
3859 4187 3874 4198 ο

2205 4258 2296 4314 καί
2325 4279 2441 4313 τινα
2473 4255 2532 4312 δὲ
2581 4254 2760 4324 δεινὴν
2819 4255 3069 4330 ταραχὴν
3129 4251 3414 4316 Ἰουδαίοις
3469 4253 3877 4332 κατειληφὲναι

2203 4349 2324 4404 καθ’
2355 4345 2489 4417 ὅλην
2535 4345 2636 4414 τήν
2687 4343 2898 4420 Σωρίαν
2931 4344 3244 4419 πανταχόσε
3269 4347 3376 4398 τῶν
3419 4344 3528 4398 ἀπὸ
3555 4349 3658 4398 τοῦ
3681 4343 3878 4405 ἔθνους

2205 4437 2342 4510 πρὸς
2371 4439 2478 4490 τῶν
2505 4433 2640 4489 κατὰ
2689 4431 2852 4488 πόλιν
2899 4432 3121 4488 ἐνοίκων
3169 4433 3357 4506 τρόπῳ
3405 4429 3700 4505 πολεμίων
3735 4433 3876 4502 ἀνη-

2208 4523 2347 4587 λεῶς
2403 4521 2816 4598 πορθουμίνων,
2850 4521 2990 4577 ὥστε
3047 4523 3174 4597 ὁρᾷν
3229 4523 3324 4584 τὰς
3381 4520 3572 4584 πόλεις
3657 4525 3878 4594 μεστὰς

452 4619 615 4672 actos
646 4633 680 4674 ει
711 4614 876 4674 Floro
904 4617 984 4690 (3)
1015 4633 1246 4688 gravem
1281 4621 1557 4688 praeterea
1587 4621 1906 4678 tumultum
1966 4641 2094 4679 con-

2240 4616 2422 4694 τάφων
2482 4613 2774 4687 σωμάτων,
2805 4613 2896 4667 καὶ
2948 4612 3167 4685 νεκροὺς
3219 4609 3333 4684 ἅμα
3390 4609 3617 4681 νηπίοις
3667 4613 3878 4686 γέρον-

2357 4701 2440 4716 τ’.
2571 4702 2581 4716 l
2861 4699 2875 4716 Ι
3039 4697 3083 4716 θὶ
3225 4697 3268 4716 5‘
3346 4705 3374 4716 -ι
3441 4696 3456 4716 9
3507 4699 3521 4716 0
3597 4697 3694 4716 ’Ἅι
3837 4701 3848 4716 σ

449 4706 540 4760 trs
567 4703 800 4760 Judaeos
831 4722 935 4776 per
963 4719 1196 4760 omnem
1229 4705 1454 4776 Syriam
1485 4713 1707 4763 motum
1738 4725 1863 4766 esse
1907 4714 2099 4784 tradtt,

451 4809 586 4848 cum
617 4809 686 4848 ex
717 4793 986 4850 universa
1015 4801 1182 4866 gente
1212 4793 1468 4866 plerique
1501 4813 1532 4852 a
1563 4797 1861 4855 civitatum
1894 4801 2103 4858 incolis

447 4897 565 4938 non
597 4882 758 4938 aliter
791 4886 965 4953 atque
998 4884 1069 4940 ab
1102 4881 1366 4940 hostibus
1397 4888 1517 4940 tam
1569 4888 1881 4945 crudeliter
1919 4891 2102 4947 caade-

447 4975 671 5039 rentur,
689 4978 753 5028 ut
785 4974 1000 5045 passim
1032 4974 1090 5030 in
1124 4973 1454 5030 civitatibus
1485 4975 1610 5033 loca
1640 4979 1838 5036 omnia
1867 4983 2100 5054 conspi-

448 5065 720 5118 cerentur
740 5062 1066 5132 jacentium
1099 5063 1530 5136 insepultorum
1545 5067 2099 5141 cadaverumlplena,

451 5167 769 5223 puerorum
823 5151 1004 5208 simul
1067 5157 1126 5209 et
1184 5171 1412 5224 senum,
1473 5155 1786 5212 mulierum
1845 5176 2097 5232 quoque,

449 5257 698 5313 quarum
731 5257 802 5298 ne
834 5243 1113 5314 pudendae
1147 5245 1381 5316 quidem
1415 5249 1604 5317 partes
1635 5257 1904 5305 contectae
1949 5251 2096 5307 fuis-

449 5334 598 5388 sent.
621 5333 687 5386 Et
720 5333 990 5402 quamvis
1028 5337 1146 5390 tota
1177 5350 1243 5390 ea
1269 5335 1562 5406 provincia
1593 5337 1916 5395 innumeris
1945 5345 2098 5396 esset

445 5420 657 5476 referta
687 5419 971 5490 cladibus,
1003 5431 1194 5478 tamen
1218 5441 1284 5480 ea
1313 5442 1441 5496 qua
1473 5425 1704 5482 fuerant
1733 5427 1804 5484 ab
1837 5445 2098 5500 unoquo—

522 5564 602 5690 ﬁl)
635 5565 855 5623 Seditio
889 5571 944 5623 et
973 5568 1312 5624 intestinum
1328 5571 1544 5628 bellum
1577 5573 1844 5629 obortum
1878 5574 1936 5629 in
1969 5574 2093 5629 sin-

555 5637 600 5690 is
632 5637 965 5690 civitatibus
998 5639 1121 5690 loca
1153 5643 1350 5690 omnia
1381 5643 1438 5690 in
1489 5643 1684 5690 Jmlmn
1729 5645 2012 5690 sanguine
2041 5649 2093 5690 nt

447 5637 600 5717 gulis
632 5637 965 5717 civitatibus
991 5639 1121 5717 loca
1153 5643 1438 5717 omniain
1469 5643 1686 5717 AJudzea
1728 5645 2012 5717 sanguine
2041 5649 2096 5702 et

443 5709 834 5788 cadaveribus
865 5709 1128 5788 implevit
1173 5713 1432 5785 (Joseph.
1457 5715 1533 5788 De
1574 5716 1683 5774 bell
1716 5709 1870 5774 Iud."
1879 5716 1982 5778 lib.
2015 5733 2094 5788 ιν,

434 5794 574 5884 μιν.
606 5779 681 5850 9;
713 5779 1022 5857 Hegesip’p.
1052 5783 1154 5842 lib.
1180 5779 1263 5848 iv.
1295 5779 1419 5858 cap.
1451 5785 1532 5860 6.)

2208 4725 2304 4766 τας
2353 4701 2717 4779 ἐρριμμένους
2749 4719 2763 4732 ·
2813 4699 3006 4777 γύναια
3037 4697 3094 4755 δὲ
3137 4697 3279 4773 μηδὲ
3307 4705 3408 4768 τῆς
3438 4696 3521 4754 ἔπ’
3559 4697 3714 4754 αἷδὼ
3751 4701 3884 4755 σκέ-

2209 4813 2319 4863 πης
2381 4790 2750 4870 μετειληφότα
2783 4810 2796 4824 ο
2843 4790 2934 4846 καὶ
2979 4793 3147 4844 πᾶσαν
3185 4789 3278 4863 μὶν
3317 4789 3418 4858 τὴν
3467 4787 3756 4863 ἐπαρχίαν
3791 4809 3890 4864 με·

2213 4882 2341 4950 στὴν
2389 4879 2705 4958 ἀδιηγήτων
2750 4883 3044 4956 συμφορῶν
3077 4897 3089 4911 ·
3145 4877 3366 4950 μείζονα
3395 4873 3456 4930 δὲ
3499 4880 3608 4930 τῶν
3657 4877 3892 4950 ἑκάστῳ

2208 4970 2644 5044 τετολμημένων
2683 4969 2782 5038 τήν
2833 4968 2920 5022 ἐπὶ
2977 4971 3093 5028 τοῖς
3151 4965 3569 5038 ἅπειλουμὲνοις
3631 4965 3890 5022 ἀναστά-

2207 5081 2390 5117 τωσιν.
2423 5059 2741 5134 Ταῦταξμὶν
2789 5057 2894 5131 πρὸ
2941 5060 3038 5112 τοῦ
3095 5053 3344 5128 πολέμου
3397 5055 3732 5129 ἡγήσασθαι
3765 5057 3894 5112 Ἰώ-

2211 5171 2387 5221 σηπος
2443 5149 2650 5222 ἱστορεῖ
2695 5166 2709 5181 ·
2761 5145 2878 5202 ἐπεὶ
2929 5143 2986 5201 δὲ
3031 5145 3132 5214 τὴν
3180 5145 3318 5220 πρὸς
3373 5143 3704 5217 Ῥωμαίους
3751 5145 3890 5200 ὁπο-

2207 5241 2379 5318 ταγήν
2415 5235 2671 5296 Ἰουδαῖοι
2720 5237 2796 5300 εἷς
2829 5235 3108 5312 προῦπτον
3162 5233 3504 5302 ἀπεώσαντο,
3541 5231 3749 5306 Νέρων
3807 5237 3890 5306 τῷ

2206 5332 2324 5387 κατ’
2377 5327 2598 5384 ἐκείνων
2669 5324 2999 5402 ὑπερζὲσεως
3075 5325 3255 5396 θυμῷ,
3311 5321 3712 5396 Οὐεσπεσιανῷ
3797 5325 3884 5378 καὶ

2205 5427 2283 5495 τῷ
2316 5419 2519 5477 ἐκείνου
2555 5415 2706 5473 παιδὶ
2743 5419 2915 5490 Τιτῳ,
2948 5414 3000 5486 ἐξ
3053 5411 3276 5490 Ἀχαίας
3325 5413 3414 5468 καὶ
3479 5411 3736 5477 Ἰταλίας

2274 5567 2528 5642 (2)]Λὺ.
2564 5581 2656 5634 xx,
2695 5580 2820 5636 cap.
2880 5561 2986 5619 ult.
3041 5562 3116 5618 De
3173 5559 3298 5617 bell.
3349 5559 3566 5618 Judaic.
3633 5561 3754 5618 lib.
3813 5577 3873 5628 η,

2201 5639 2564 5786 “gignat.
2597 5707 2700 5767 lib.
2730 5724 2824 5765 xxi
2855 5708 2925 5786 de
2963 5705 3202 5786 avaritia
3221 5710 3276 5764 et
3305 5703 3674 5766 crudelitate
3695 5705 3872 5766 cum

2205 5777 2383 5856 Flori,
2413 5781 2627 5841 Judnee
2659 5777 3070 5853 procuratoris.
