4084 6208
261 365 385 426 897

1267 358 1885 424 ECGLESIASTICIE
1926 357 2322 422 HISTORIJE
2365 357 2510 418 LIB.
2560 355 2664 418 ΠΙ.

3550 363 3669 424 898

263 517 454 574 ρωχον
498 495 752 572 στρατιὰν
801 491 1080 570 ἀθροίσας,
1109 491 1246 549 κατὰ
1290 493 1691 569 Ἰεροσολύμων
1739 493 1901 568 έπεμ-

2018 509 2127 565 que
2157 494 2486 565 perpetrata
2515 492 2731 549 scelera
2759 492 3070 565 snperahat
3090 507 3178 559 ea,
3200 509 3325 566 quas
3347 510 3448 561 per
3477 496 3664 553 minas

257 609 351 656 πε,
408 591 525 650 τοῖς
577 583 889 659 εἰρημένοις
938 582 1230 658 ἐπιτρέψας
1275 582 1622 657 πολιορκίαν.
1681 585 1906 642 Οὐεσπε-

259 677 446 738 σιανὸς
476 678 766 752 τοιγαροῦν
810 677 930 735 ταῖς
972 672 1106 728 κατᾶ
1150 671 1426 728 Ἰουδαίων
1475 669 1904 748 ἐναϐρυνόμενος

256 764 453 833 νίκαις,
488 763 576 819 ἐπὶ
623 762 836 837 μᾶλλον
882 759 1200 837 προῦχώρει
1234 779 1247 792 ·
1302 760 1558 818 Ἰουδαῖοι
1605 759 1662 816 δὲ
1697 764 1772 834 μή
1813 763 1906 834 μό⁸

255 875 352 909 νον
397 853 532 909 κατᾶ
587 851 878 926 Ῥωμαίων
939 850 1271 920 ὡπλίζοντο,
1323 849 1522 922 πολλῷ
1575 848 1631 905 δὲ
1689 848 1903 923 μᾶλλον

254 943 396 998 κατᾶ
441 944 678 1016 Χριστοῦ
709 960 723 974 ο
780 939 998 1015 μυρίαις
1044 939 1091 995 δ’
1146 936 1471 1002 ἐπιϐουλαῖς
1523 941 1641 994 κατ’
1689 939 1908 995 ἐκείνων

255 1028 623 1106 κεχρημένοι,
655 1030 746 1084 καὶ
793 1033 912 1091 τοῖς
941 1029 1058 1084 κατ’
1111 1028 1273 1084 αὐτοῦ
1313 1028 1500 1106 φόνοις
1549 1025 1796 1102 ἔχαιρον,
1829 1029 1904 1092 ὡς

257 1116 428 1191 ἔδειξε
474 1119 742 1198 Στέφανος
781 1118 872 1174 καὶ
922 1119 951 1173 6
997 1122 1096 1174 τοῦ
1144 1113 1430 1174 Ζεϐεδαίου
1478 1115 1762 1188 Ἰάκωϐος,
1815 1120 1904 1174 καὶ

255 1210 287 1263 6
349 1208 495 1281 αύτῷ
555 1210 851 1283 ὁμώνυμος
909 1209 938 1263 6
995 1211 1094 1263 τοῦ
1153 1207 1352 1282 Κυρίου
1401 1207 1756 1283 κασίγνητος,
1813 1207 1906 1262 καί

252 1295 431 1354 ἄλλοι
459 1297 730 1357 πλεῖστοι.
763 1302 881 1354 Τῶν
913 1295 971 1352 δὲ
1001 1295 1219 1353 λοιπῶν
1248 1301 1367 1361 ταῖς
1414 1296 1630 1353 ἐκείνων
1677 1293 1904 1353 ἐπιϐου-

255 1386 384 1448 λαῖς
414 1394 514 1458 τῆς
562 1385 829 1450 Ἰουδαίας
879 1385 1318 1460 ἀπεληλαμένων
1366 1393 1470 1463 γῆς
1501 1405 1516 1421 ·
1571 1386 1632 1442 ού
1685 1389 1792 1460 μὴν
1848 1384 1905 1441 δὲ

251 1475 406 1530 ἀλλὰ
435 1475 525 1530 καὶ
555 1480 651 1531 τοῦ
699 1474 837 1531 λαοῦ
861 1478 960 1541 τῆς
1006 1474 1058 1530 ἐν
1111 1473 1522 1549 Ἰεροσολύμοις
1574 1474 1904 1546 Ἐκκλησίας

255 1569 544 1637 μυστικοῖς
572 1585 680 1619 τισι
711 1564 803 1620 καὶ
836 1564 1002 1638 θείοις
1055 1568 1336 1638 χρησμοῖς
1366 1568 1474 1618 τῶν
1506 1584 1614 1618 τισι
1661 1561 1901 1637 δοκίμων

250 1652 428 1708 ἐκεῖσε
484 1652 817 1729 ἆπορῥητως
875 1651 944 1707 δι’
998 1651 1398 1727 ἀποκαλύψεως
1457 1650 1744 1723 ἐκδοθεῖσί,
1797 1653 1902 1728 πρὸ

249 1745 352 1796 τοῦ
383 1740 656 1815 πολέμου,
688 1739 855 1816 λόγος
901 1739 1018 1816 ἔχει
1071 1743 1461 1816 μετανασθῆναι
1510 1748 1612 1812 τῆς
1661 1741 1900 1814 πόλεως,

248 1830 347 1884 καί
405 1851 509 1885 τινι
569 1828 730 1885 πόλει
787 1836 1099 1904 προσοικεῖν
1165 1829 1571 1897 κελευσθῆναι·
1629 1828 1778 1886 Πέλα
1832 1833 1898 1900 ἦν
1935 1864 1982 1929 Β

251 1921 396 1994 αὐτῇ
448 1917 621 1994 ὄνομα
651 1938 666 1952 ⁸
723 1923 796 1982 ὡς
828 1919 888 1975 ἅν
935 1943 996 1998 γε
1043 1923 1346 1977 παντάπασι
1392 1924 1498 1977 τῶν
1551 1921 1705 1977 θείων
1758 1921 1903 1977 ἐκλεο

253 2009 533 2066 λοιπότων
584 2007 818 2085 ἀνδρῶν,
869 2011 1041 2080 αὐτὴν
1090 2013 1164 2073 ὡς
1213 2012 1306 2066 οἷα
1351 2009 1612 2084 καθέδραν
1654 2011 1745 2066 καὶ
1792 2033 1902 2084 μη-

249 2098 519 2174 τρόπολιν
565 2099 827 2175 ἀρχικήν,
873 2099 964 2155 καὶ
1003 2101 1102 2168 τὴν
1150 2099 1351 2172 ταύτης
1401 2101 1714 2176 περίχωρον
1766 2101 1901 2156 ἰου-

251 2186 428 2258 δαίαν,
462 2189 535 2250 ὥς
581 2188 811 2244 πλεῖστα
865 2185 930 2259 δὴ
971 2189 1118 2245 ’κατᾶ
1159 2193 1404 2264 Χριστοῦ
1450 2189 1541 2245 καὶ
1587 2194 1695 2245 τιῖιν
1747 2189 1904 2246 θείων

249 2278 420 2333 αὐτοῦ
471 2283 744 2356 φοιτητῶν
792 2279 932 2332 κακᾶ
991 2275 1494 2353 διαπεπραγμένην,
1540 2280 1575 2348 ἡ
1625 2282 1722 2334 τοῦ
1763 2282 1902 2334 Θεοῦ

255 2363 514 2439 μετέλθοι
573 2364 722 2438 δίκη,
759 2364 854 2422 ’ίνα
909 2387 973 2442 γε
1027 2367 1253 2440 πάμπαν
1299 2369 1334 2437 ἡ
1384 2367 1536 2443 γενεὰ
1584 2366 1798 2423 ἐκείνων
1850 2367 1902 2438 ἐξ

248 2455 553 2531 ἀνθρώπων
615 2456 954 2534 ἀφανισθείη.
1012 2458 1124 2512 Ἐκ’
1180 2454 1274 2528 ἔτη
1335 2458 1428 2532 μὲν
1500 2459 1590 2513 οὗν
1645 2459 1903 2533 τεσσαράο

248 2567 416 2601 κοντα
470 2547 601 2620 μετὰ
649 2547 749 2616 τήν
803 2547 876 2609 εἰς
936 2546 1195 2623 οὐρανοὺς
1241 2544 1434 2602 ἄνοδον
1486 2553 1582 2603 τοῦ
1637 2555 1902 2623 Σωτῆρος

247 2635 536 2709 ἀπείρατοι
591 2635 1047 2710 διαμεμενήκασι,
1095 2641 1192 2692 τοῦ
1251 2642 1385 2692 Θεοῦ
1448 2638 1728 2711 μετανοίας
1782 2660 1900 2694 και-

251 2728 348 2799 ρον
386 2725 772 2802 ὑπανοίγοντος
825 2723 884 2781 ἔκ
921 2747 980 2782 τε
1021 2733 1122 2796 τῆς
1172 2722 1455 2800 διατριϐῆς
1504 2728 1594 2782 καὶ
1644 2726 1900 2784 διδασκα-

254 2812 402 2884 λίας,
456 2815 591 2889 πρὸς
650 2813 706 2869 δὲ
758 2816 848 2870 καὶ
908 2812 1215 2889 παραδόξου
1273 2815 1526 2891 ἐργασίας
1579 2820 1686 2872 τῶν
1744 2818 1900 2893 ἱερῶν

248 2901 598 2962 ἀποστόλων.
659 2905 747 2967 Ὦς
807 2904 854 2960 δ’
911 2906 1245 2980 ἐπιστροφῆς
1301 2906 1503 2975 ἥκιστα
1579 2908 1753 2982 εἶχον,
1813 2911 1902 2963 οἷα

251 2991 320 3063 δή
400 3015 544 3056 τινος
617 2991 810 3068 ἕρκους
887 2995 1288 3070 ἀφαιρεθέντος,
1349 2994 1428 3076 ἐφ’
1505 2996 1727 3059 ἑαυτοὺς
1803 2997 1902 3066 τήν

253 3083 521 3152 θεήλατον
593 3083 988 3158 πανωλεθρίαν,
1067 3089 1200 3140 Θεοῦ
1273 3086 1340 3140 τὰ
1426 3085 1610 3141 εἰκότα
1691 3085 1900 3163 κρίνον-

249 3191 371 3242 τος,
433 3172 813 3230 ἐπεσπάσαντο.
877 3175 1010 3244 Ἕτη
1074 3174 1169 3247 μὲν
1223 3175 1325 3250 γὰρ
1383 3175 1570 3230 ἑκατὸν
1639 3176 1741 3230 ὑπὸ
1796 3175 1900 3231 ἀλ-

253 3234 518 3341 λορύλων
566 3261 824 3320 Ἰουδαῖοι
869 3234 1265 3338 κατέρχοντοοο
1297 3234 1552 3339 ἒΗρώδης
1605 3267 1698 3340 μὶν
1735 3268 1834 3342 γὰρ
1869 3269 1896 3322 6
1927 3234 1971 3298 C

256 3356 478 3427 πρῶτος
507 3373 532 3415 ς
580 3347 672 3423 ἔτη
728 3356 774 3423 ζ’
806 3354 940 3428 πρὸς
970 3353 1020 3409 λ’
1064 3355 1214 3427 ἦρξε,
1249 3356 1363 3423 μεθ’
1415 3356 1474 3409 ’ὀν
1523 3355 1827 3430 Ἀρχέλαος
1873 3357 1901 3410 6

257 3443 378 3503 υἱὸς
430 3439 596 3497 αὐτοῦ
646 3441 738 3513 ἔτη
792 3442 938 3498 ἐννέα
969 3461 982 3475 ο
1033 3443 1213 3516 τούτῳ
1261 3440 1318 3498 δὲ
1364 3445 1392 3498 6
1439 3441 1674 3521 ἀδελφὸς
1738 3445 1903 3500 αὐτοῦ

258 3527 519 3605 Ἡρώδης
550 3527 810 3606 διάδοχος
843 3531 1050 3607 γίνεται
1084 3551 1097 3569 ο
1140 3533 1198 3594 ’ὀς
1232 3529 1297 3601 δὴ
1333 3531 1421 3587 καὶ
1451 3535 1541 3588 τὸν
1594 3536 1901 3603 Βαπτιστὴν

257 3617 398 3696 ξίφει
447 3617 649 3690 ἀνεῖλε,
696 3617 925 3694 τέσσαρα
972 3620 1111 3692 πρὸς
1162 3626 1278 3682 τοῖς
1325 3618 1523 3676 ε’ίκοσιν
1569 3616 1662 3692 ἔτη
1724 3619 1903 3698 διαγε.

257 3708 458 3783 γονιίις.
512 3707 660 3763 Μετά
703 3712 893 3763 τοῦτον
939 3708 1259 3785 Ἀγρίπτας.
1302 3710 1329 3763 6
1381 3709 1469 3764 καὶ
1517 3707 1768 3784 Ἡρώδης
1816 3732 1904 3766 κα-

256 3795 611 3869 λούμενος,ὁ
661 3797 751 3851 τὸν
803 3793 1060 3855 Ἰάκωϐον
1111 3797 1314 3853 ἀνελὼν
1368 3799 1635 3874 μαχαίρᾳ,
1686 3795 1779 3870 ἔτη
1833 3803 1899 3870 ζ’.

256 3888 465 3941 Τοῦτον
496 3882 554 3939 δὲ
583 3885 610 3939 6
643 3885 760 3948 υἱὸς
793 3884 956 3940 αὐτοῦ
1007 3884 1337 3962 διαδέχεται.
1372 3888 1676 3963 Ἀγρίππας
1708 3886 1765 3943 δὲ
1813 3891 1903 3945 καὶ

257 3973 422 4034 οὗτος
470 3972 754 4048 ὠνόμαστο
803 3977 830 4029 ὁ
877 3977 1164 4050 νεώτερος,
1213 3975 1294 4050 ἐφ’
1335 3974 1394 4030 οὗ
1447 3975 1668 4040 Παῦλος
1697 3976 1908 4054 παρῥη-

257 4061 352 4134 σίᾳ
393 4062 682 4138 ἐχρήσατο.
721 4062 908 4120 Εἴκοσι
959 4063 1016 4120 δὲ
1064 4066 1198 4140 πρὸς
1244 4067 1421 4142 τρισὶν
1466 4064 1557 4138 ἔτη
1607 4065 1904 4130 τετελεκὼς

259 4149 600 4227 διαγέγονεν,
630 4150 735 4216 ἓως
785 4153 848 4209 οὗ
879 4155 977 4223 τήν
1025 4154 1263 4225 παντελῆ
1317 4153 1692 4230 πανωλεθρίαν
1742 4150 1905 4232 ἔσχον

252 4241 636 4315 Ἰεροσόλυμα.

2014 583 2348 638 denuntiata
2400 582 2606 650 fuerat,
2664 581 2905 638 eversio.
2965 583 3096 638 Haec
3153 583 3386 653 quidem
3448 585 3664 641 bellum

2017 671 2953 742 praecessisse,Josephus,scribit.
2987 673 3095 726 Sed
3131 673 3285 727 enim
3318 690 3449 728 cum
3483 673 3666 729 Judaei

2016 765 2211 832 aperte
2244 760 2520 816 Romanis
2571 761 2939 817 rebellarant.
2970 763 3118 818 Nero
3167 766 3368 818 contra
3425 778 3523 820 eos
3583 765 3671 819 ira

2016 851 2228 905 exarsit
2259 866 2272 905 :
2307 855 2365 906 et
2392 849 2810 922 Vespasianum
2844 850 3148 921 filiumque
3176 852 3302 921 ejus
3349 851 3540 907 Titum
3603 868 3670 908 ex

2013 940 2229 995 Achaia
2259 944 2315 994 et
2343 938 2510 996 Italia
2557 956 2690 995 cum
2742 941 2994 996 exercitu
3053 939 3238 995 valido
3281 944 3338 995 et
3394 941 3668 997 insolenti

2015 1027 2297 1084 adversus
2329 1027 2750 1099 Hierosolyma,
2785 1028 2943 1084 urbis
3001 1029 3126 1099 ejus
3183 1029 3482 1085 obsidione
3543 1030 3666 1085 illis

2016 1118 2310 1185 mandata,
2344 1116 2526 1173 misit.
2558 1116 2958 1188 Vespasianus
3009 1132 3177 1188 porro
3234 1133 3302 1172 ex
3350 1118 3662 1190 plerisque,

2015 1221 2161 1277 quas
2189 1222 2222 1261 a
2251 1204 2469 1261 Judaeis
2494 1205 2691 1262 retulit
2722 1204 3197 1278 victoriis,gloria
3229 1211 3413 1276 parta,
3446 1207 3664 1264 bellum

2014 1293 2073 1348 id
2108 1294 2294 1366 magis
2326 1295 2629 1366 magisque
2661 1298 3002 1366 prosecutus
3050 1297 3138 1350 est
3171 1310 3184 1350 :
3223 1298 3281 1350 et
3309 1293 3494 1350 Judaei
3549 1313 3666 1352 non

2013 1387 2244 1441 tantum
2275 1388 2478 1440 contra
2508 1385 3040 1453 Romanos,verum
3070 1385 3242 1440 etiam
3274 1388 3476 1440 contra
3504 1384 3668 1440 Chri-

2015 1476 2170 1529 stum
2202 1472 2392 1543 ipsum
2425 1488 2587 1528 arma
2617 1475 3008 1544 sumpserant.
3043 1473 3111 1527 Et
3153 1489 3285 1528 cum
3331 1473 3669 1529 innumeras

2014 1562 2293 1619 Romanis
2325 1563 2698 1618 tetenderunt
2729 1562 2993 1628 insidias,
3031 1570 3151 1618 tum
3193 1562 3662 1618 Christianorum

2013 1651 2269 1707 caedibus
2299 1650 2652 1706 suntlaetati.
2704 1651 2763 1708 Id
2815 1653 2969 1722 quod
3018 1653 3158 1707 satis
3216 1651 3491 1707 indicavit
3542 1653 3666 1708 Ste-

2013 1739 2242 1810 phanus
2273 1739 2416 1810 ipse,
2457 1738 2712 1795 Zebedaai
2747 1739 2903 1795 ﬁlius
2949 1739 3217 1807 Jacobu,
3250 1739 3418 1811 eique
3460 1756 3670 1811 cogno-

2013 1830 2190 1888 minis
2221 1831 2406 1903 ipsius
2441 1832 2665 1890 Domini
2696 1832 3104 1903 consobrinus,
3136 1835 3309 1903 atque
3338 1832 3436 1887 alii
3487 1847 3666 1903 quam

2014 1921 2472 1994 plurimi.Siqui
2503 1939 2636 1980 vero
2685 1923 2878 1980 adhuc
2918 1927 3083 1980 erant
3130 1924 3359 1996 reliqui,
3394 1939 3670 1996 persecu-

2013 2011 2172 2068 tione
2201 2028 2402 2068 eorum
2432 2012 2639 2068 Judaea
2679 2015 2820 2068 sunt
2863 2012 3110 2083 expulsi.
3146 2013 3294 2080 Quin
3353 2011 3471 2069 imo
3503 2011 3666 2084 plebs

2014 2100 2552 2174 Hierosolymitanaa
2590 2101 2859 2158 Ecclesia)
2919 2102 3206 2172 universa,
3249 2101 3478 2158 arcanis
3535 2101 3668 2174 qui-

2013 2190 2260 2247 busdam
2285 2198 2338 2246 et
2368 2189 2581 2246 divinis
2622 2190 2942 2262 responsis,
2973 2206 3103 2261 qua)
3135 2191 3398 2262 probatis
3428 2191 3669 2262 quibus-

2013 2283 2147 2338 dam
2181 2283 2262 2339 ibi
2293 2283 2427 2339 viris
2482 2299 2580 2354 per
2635 2289 2913 2338 secretam
2971 2281 3382 2340 revelationem
3442 2282 3668 2338 reddita

2014 2377 2172 2442 sunt,
2207 2372 2524 2441 admonita,
2542 2377 2674 2428 ante
2691 2373 2885 2444 ipsum
2902 2371 3114 2428 bellum
3144 2372 3375 2429 civitate
3396 2372 3669 2429 excessit:

2013 2466 2068 2519 et
2097 2461 2155 2517 in
2186 2461 2469 2534 oppidum
2503 2462 2791 2533 quoddam
2825 2461 2916 2516 cui
2948 2459 3108 2518 Pella
3155 2477 3364 2517 nomen
3397 2469 3538 2529 erat,
3582 2461 3665 2517 ita

2015 2551 2266 2622 utjussa
2296 2549 2500 2618 fuerat,
2534 2549 2932 2621 commigravit
2967 2566 2980 2604 :
3017 2555 3081 2605 ut
3111 2549 3331 2606 scilicet
3369 2567 3403 2606 a
3435 2551 3546 2623 piis
3578 2549 3660 2606 di-

2013 2639 2280 2711 vinisque
2309 2638 2452 2695 viris
2490 2637 2763 2694 omnibus
2822 2637 3096 2694 derelicta
3148 2638 3277 2710 ipsa
3334 2639 3664 2712 Hierosoly-

2017 2744 2243 2785 morum
2276 2726 2819 2799 civitats.tanquam
2858 2727 3133 2783 cathedra
3163 2731 3220 2783 et
3247 2727 3527 2799 primaria
3550 2744 3667 2785 me-

2017 2817 2279 2890 tropolis,
2315 2817 2682 2887 ﬁnitimaque
2712 2817 2763 2872 et
2792 2815 3012 2883 Judaaa,
3046 2817 3200 2888 quod
3234 2821 3433 2873 contra
3488 2817 3665 2874 Chri-

2014 2911 2171 2963 stum
2197 2907 2537 2977 divinosque
2558 2906 2683 2976 ejus
2711 2905 3005 2977 apostolos
3029 2906 3183 2962 mala
3215 2923 3392 2978 quam
3414 2907 3662 2978 plurima

2014 3000 2466 3070 perpetrassent,
2499 2994 2754 3050 divinam
2797 2996 3126 3066 exciperent
3157 2995 3491 3058 vindictam,
3526 2997 3663 3052 uni-

2011 3101 2292 3158 versaque
2315 3099 2515 3141 eorum
2543 3083 2700 3139 natio
2731 3099 2800 3139 ex
2840 3083 3142 3140 hominum
3190 3101 3434 3141 numero
3492 3086 3663 3142 tolle-

2012 3179 2190 3234 retur.
2224 3174 2406 3230 Annis
2448 3172 2551 3230 sed
2573 3173 2724 3230 enim
2759 3173 3146 3246 quadraginta
3185 3178 3313 3246 post
3359 3175 3659 3233 ascensio-

2013 3282 2145 3322 nem
2195 3264 2510 3321 Servatoris
2570 3263 2624 3318 in
2679 3262 2854 3320 cmlos
2906 3263 3220 3335 (l),Judzei
3260 3268 3456 3336 aperto
3509 3264 3660 3321 bello

2013 3356 2329 3428 Oppugnati
2361 3371 2476 3411 non
2509 3355 2650 3410 sunt
2684 3368 2698 3408 :
2733 3354 2886 3424 quod
2918 3358 3072 3409 Deus
3130 3353 3272 3423 illis,
3303 3355 3656 3426 paenitentia;

2011 3452 2243 3518 tempus
2275 3445 2574 3517 praeberet,
2633 3459 2846 3515 eosque
2902 3444 2974 3499 ad
3029 3444 3484 3516 resipiscendum
3518 3445 3662 3513 vita,

2014 3535 2278 3592 doctrina
2326 3535 2475 3590 227
2537 3532 3016 3603 admirandisque
3071 3533 3342 3603 operibus
3397 3534 3660 3590 divorum

2015 3623 2412 3696 apostolorum
2472 3621 2761 3678 invitaret.
2811 3622 2954 3678 Cum
3011 3625 3206 3676 autem
3275 3621 3517 3676 minime
3601 3627 3666 3676 ut

2015 3715 2488 3769 converterentur
2538 3718 2820 3777 curarent,
2873 3717 3150 3781 tanquam
3209 3708 3462 3766 claustro
3510 3725 3662 3782 quo-

2015 3801 2173 3875 piam
2211 3804 2270 3857 et
2311 3799 2475 3856 obice
2504 3797 2758 3867 sublato,
2793 3799 3073 3856 divinitus
3127 3799 3496 3870 ingruentem
3547 3798 3660 3855 sibi

2015 3887 2929 3959 internecionem,justojudicio
2972 3888 3098 3957 Dei,
3131 3889 3188 3942 in
3248 3888 3472 3958 seipsos
3531 3904 3663 3960 per-

2015 3986 2333 4040 traxerunt.
2356 3978 2663 4034 Enimvero
2693 3993 2876 4033 annos
2914 3981 3148 4032 centum
3179 3977 3289 4032 sub
3321 3975 3666 4048 alienigenis

2017 4071 2253 4127 fuerunt
2282 4067 2534 4138 regibus.
2568 4065 2822 4123 Herodes
2854 4065 3010 4121 enim
3044 4064 3271 4138 primus
3326 4064 3496 4120 annis
3554 4066 3665 4122 tri-

2016 4158 2176 4230 ginta
2232 4163 2451 4228 septem
2499 4171 2703 4212 eorum
2761 4170 3006 4226 regnum
3065 4154 3268 4216 tenuit.
3323 4157 3453 4225 post
3507 4154 3668 4212 hunc

2016 4245 2338 4305 Archelaus
2371 4245 2529 4302 ﬁlius
2559 4245 2687 4317 ejus
2707 4259 2894 4300 annos
2925 4259 3134 4302 novem
3168 4259 3182 4300 :
3216 4243 3311 4299 cui
3336 4242 3506 4300 frater
3537 4245 3667 4315 ejus

260 4332 520 4388 Herodes
570 4334 647 4404 (2)
702 4336 1043 4404 succedens,
1094 4335 1147 4392 is
1194 4335 1293 4408 qui
1350 4336 1672 4409 Baptistam
1729 4337 1924 4411 gladio
1973 4336 2237 4402 sustulit,
2304 4333 2510 4407 viginti
2578 4337 2824 4406 quatuor
2871 4348 3058 4390 annos
3115 4333 3392 4404 regnavit.
3445 4332 3669 4389 Deinde

257 4421 534 4493 Agrippa,
559 4422 660 4494 qui
693 4427 750 4480 et
778 4426 1029 4481 Herodes
1058 4425 1131 4497 (3)
1163 4426 1500 4483 nominatus
1540 4431 1648 4495 est,
1681 4432 1740 4483 et
1791 4427 2078 4484 Jacobum
2137 4424 2449 4491 interemit,
2495 4439 2678 4479 annos
2727 4426 2947 4494 septem
2980 4438 2995 4478 :
3065 4425 3240 4493 atque
3293 4422 3472 4493 hujus
3526 4438 3671 4478 suc-

255 4527 460 4568 cessor
489 4510 645 4567 illius
672 4513 800 4582 ejus
829 4513 939 4568 fuit
971 4515 1226 4586 Agrippa
1255 4519 1311 4571 et
1367 4516 1741 4587 ipse,junior
1790 4517 2035 4586 scilicet,
2077 4514 2446 4588 appellatus:
2498 4513 2653 4586 apud
2703 4528 2876 4584 quem
2935 4511 3115 4567 libere
3173 4529 3274 4584 pro
3334 4528 3396 4568 se
3449 4512 3665 4568 Paulus

253 4616 499 4659 causam
543 4602 707 4657 dixit.
739 4603 960 4676 Viginti
993 4613 1188 4662 autem
1211 4614 1263 4663 et
1291 4610 1409 4664 tres
1449 4624 1636 4665 annos
1665 4608 1717 4664 is
1748 4623 1992 4680 regnum
2025 4603 2479 4673 administravit,
2513 4603 2703 4675 quoad
2731 4618 2915 4674 usque
2939 4601 3239 4660 occidione
3276 4599 3673 4671 Hierosolyma

254 4709 506 4767 prorsus
535 4692 828 4760 interiere.

894 4805 1158 4857 ΚΕΦΔΛ.
1200 4800 1277 4857 Δ’.
1939 4811 1986 4876 D

252 4888 403 4968 ’Ότι
441 4885 548 4968 κιαὶ
599 4886 726 4968 πρὸ
761 4892 1010 4968 καλιροῦ.
1049 4893 1298 4963 σημεῖα
1344 4891 1573 4968 θεόθεν
1625 4889 1907 4968 μέγιστα

2659 4799 2896 4858 CAPUT
2917 4799 3010 4858 IV.

2025 4894 2087 4951 ω
2127 4897 2252 4948 ante
2310 4892 2516 4946 bellum
2570 4891 2869 4949 Iudaicum
2917 4890 3171 4945 maxima
3226 4895 3425 4959 septem
3478 4886 3670 4959 prodi-

332 4958 496 5039 ἐτττᾷ
547 4957 1216 5039 τὰκαταληψόμεναι
1273 4961 1446 5033 πάθη
1505 4957 1636 5030 τῆν’
1671 4957 1904 5039 Ἰερου-

332 5027 499 5099 σοιλὴ
520 5050 562 5104 μ
598 5031 848 5105 προεσή
875 5027 1133 5104 μαινον.

335 5137 433 5190 Καὶ
465 5133 758 5212 παράδοξοι
791 5134 848 5192 δὲ
878 5139 1199 5212 θεεσημεῖαι
1228 5139 1290 5194 τὸ
1327 5138 1534 5215 μέλλον
1585 5140 1711 5196 ὅσον
1756 5140 1910 5197 οῦπω

255 5220 575 5299 συμϐαίνειν
635 5225 959 5303 τεκμηρίοις
1017 5228 1084 5298 δή
1139 5249 1279 5285 τισιν
1335 5227 1626 5303 ἆριδήλοις
1682 5225 1914 5307 ὑπέφαι-

331 5388 411 5462 (1)
443 5389 825 5468 Regnum__ab
856 5467 859 5468 ν
886 5393 1136 5449 Antonio
1191 5393 1404 5468 Herodi
1461 5396 1693 5468 datum,
1732 5396 1914 5454 victor

251 5461 554 5536 {angustus
587 5461 783 5536 auxit:
813 5467 872 5520 et
911 5469 1146 5536 gentem
1183 5465 1512 5523 Judaeorum
1574 5461 1909 5532 coercitam.

251 5531 422 5608 liberi
464 5533 710 5608 Ijerpdis
746 5531 1192 5608 quadripartito
1258 5554 1476 5595 rexere.
1508 5539 1630 5596 Sub
1677 5531 1909 5597 Tiberio

299 5603 526 5670 uies,G.
557 5603 803 5662 Caesaris
828 5603 1238 5665 mors-motum
1286 5609 1595 5666 Judaicum
1652 5612 1906 5668 diremit.

302 5675 537 5752 laudias
566 5677 869 5752 defunctis
887 5680 1149 5752 regibus,
1179 5684 1281 5736 aut
1319 5682 1391 5736 ad
1413 5683 1711 5739 modicum
1743 5683 1911 5740 reda-

246 5747 362 5808 ctis
397 5746 661 5807 ιωιωιω
713 5746 1072 5823 provinciam
1129 5746 1428 5826 equilibus
1467 5754 1750 5814 Romanis
1809 5759 1912 5816 aut

2088 4963 2482 5091 gia‘divinitus
2531 4963 2741 5019 cladem
2783 4961 3340 5032 Hierosolymitanam
3382 4959 3674 5032 portende-

2095 5053 2185 5091 rm
2219 5077 2231 5091 .

2095 5053 2231 5092 νιηι.

2096 5145 2382 5202 Caeterum
2415 5144 2585 5215 signa
2615 5141 2863 5198 mirifica
2892 5139 3109 5212 apertis
3141 5138 3495 5211 quibusdam
3528 5137 3679 5194 indi-

2025 5232 2132 5291 ciis
2161 5233 2384 5291 cladem
2409 5233 2660 5302 jamjam
2719 5228 3122 5286 advenientem
3172 5228 3580 5300 praedicebant,
3615 5233 3677 5282 ut

2022 5397 2248 5454 libertis
2280 5395 2564 5477 permisit.
2596 5395 2836 5477 Duravit
2895 5400 3088 5452 tamen
3131 5397 3410 5477 patientia
3455 5396 3675 5477 Judnis

2023 5485 2213 5550 usque
2259 5467 2918 5550 ad‘CestiumhFl‘orum
2962 5476 3389 5539 procuratorem
3426 5486 3438 5526 :
3472 5470 3582 5526 sub
3608 5485 3675 5528 eo

2024 5538 2245 5596 bellum
2278 5543 2492 5594 ortum.
2527 5539 2714 5595 Tacit.
2738 5538 2841 5595 lib.
2869 5538 2985 5594 xxi.

2096 5613 2153 5684 (2
2215 5611 2480 5682 Antipas.

2096 5612 2176 5757 (33
2207 5683 2460 5741 Priscus.

2096 5683 2174 5754 (3)
2207 5683 2460 5741 Priscus.
