4084 6208
442 330 564 395 899

1724 329 2151 394 NICEPHORI
2193 325 2567 393 CALLISTI.

3725 332 3845 395 900

443 469 621 527 etiam
646 467 936 542 Josepbus
965 467 1092 540 ipse
1128 465 1189 522 in
1217 480 1274 522 vx
1309 466 1687 523 Historiarum
1716 465 1863 522 libro
1894 469 2078 523 osten-

2197 482 2311 533 νον,
2342 462 2420 524 ὡς
2466 461 2558 517 καὶ
2605 458 2772 524 αὐτὸς
2817 459 3090 532 Ἰώσηπος
3140 458 3194 515 ἒν
3240 463 3313 536 τῇ
3363 459 3491 536 ἕκτῃ
3536 464 3644 516 τῶν
3696 468 3845 539 Συγο

449 559 550 618 dlt.
587 583 617 612 «ι
649 558 1037 616 Miserandam
1075 556 1258 629 igitur
1298 555 1547 627 plebem,
1579 555 1792 627 inquit,
1823 556 2094 612 seducto-

449 666 540 706 res
571 649 655 705 illi
687 666 721 705 a
748 649 863 705 Deo
892 648 1064 719 longe
1096 646 1454 713 aberrantes,
1484 648 1609 702 tum
1647 645 1948 700 suadendo
1993 644 2091 700 de-

446 739 760 812 cipiebant,
794 737 1083 809 certisque
1112 738 1170 793 et
1197 735 1371 794 claris
1399 734 1633 791 indiciis
1670 734 2090 791 desolationem

447 832 505 883 et
524 826 813 884 vastitiem
843 827 1105 884 futuram
1138 828 1337 896 aperte
1366 823 1786 891 indicantibus,
1820 838 1925 879 nec
1956 823 2090 879 ani-

447 932 608 973 mum
630 916 1007 991 adhibebant,
1041 931 1147 972 nec
1203 914 1377 970 ﬁdem
1434 912 1767 970 habebant:
1799 913 1895 969 sed
1954 918 2091 969 tan-

444 1022 622 1081 quam
654 1005 894 1063 fulmine
923 1004 1103 1063 afﬂati
1132 1008 1307 1076 atque
1336 1002 1714 1071 consternati,
1746 1002 1843 1074 qui
1901 1017 2089 1075 neque

333 1160 339 1169 ,
443 1094 666 1162 oculos,
699 1110 890 1168 neque
919 1098 1176 1152 mentem
1216 1093 1522 1161 haberent,
1553 1091 1957 1163 prmdictiones
1986 1092 2087 1149 Dei

440 1184 897 1242 contemnebant
924 1184 1024 1257 (l).
1052 1203 1078 1235 υ
1103 1183 1214 1239 Sed
1247 1197 1513 1255 quanam
1553 1181 1790 1237 tandem
1821 1197 1887 1238 ea
1928 1182 2088 1238 fuere

438 1275 607 1349 signa
633 1273 753 1347 (2)7
774 1273 952 1331 Stella
979 1271 1249 1345 equidem
1281 1271 1509 1342 crinita,
1526 1269 1715 1342 gladio
1746 1269 2086 1343 persimilis,

440 1380 593 1421 anno
621 1366 742 1420 toto
772 1378 952 1435 supra
966 1362 1173 1418 urbem
1196 1360 1391 1417 lucere
1420 1359 1548 1415 visa
1577 1363 1685 1416 est.
1718 1359 1818 1415 Die
1851 1365 2090 1432 Azymo-

439 1469 567 1511 rum
610 1453 889 1525 quodam.
924 1449 1132 1523 Aprilis
1189 1449 1410 1506 mensis
1467 1464 1640 1515 nono,
1672 1447 1815 1504 hora
1861 1463 2087 1521 quoque

436 1543 623 1601 noctis
656 1540 993 1610 nona,lucis
1007 1539 1283 1613 splendor
1312 1555 1463 1595 aram
1493 1543 1550 1595 et
1584 1537 1863 1610 templum
1893 1538 2086 1608 ipsum

435 1632 516 1689 ita
545 1631 881 1701 illustravit,
914 1634 977 1686 ut
1010 1630 1131 1687 dies
1162 1630 1317 1685 clara
1364 1644 1493 1684 esse
1551 1627 1878 1684 videretur:
1912 1630 2087 1698 atque

433 1722 485 1779 is
524 1720 796 1795 splendor
856 1720 929 1776 ad
983 1718 1288 1775 dimidiam
1348 1716 1578 1773 duravit
1637 1716 1858 1773 horam.
1890 1716 2081 1771 Tertio

2201 553 2465 630 γραφῶν
2514 550 2740 624 ἱστορεῖ.
2775 573 2803 602 (ι
2834 548 2934 604 Τὸν
2970 553 3103 625 γοῦν
3134 546 3351 619 ἄθλιον,
3381 550 3539 629 φησὶ,
3572 548 3747 621 δῆμον
3791 555 3842 607 οἱ

2204 641 2297 712 μὲν
2343 640 2649 701 ἀπατεῶνες
2691 638 2782 694 καὶ
2837 635 3164 714 ψευδόμενοι
3211 643 3308 694 τοῦ
3369 644 3503 694 Θεοῦ
3554 646 3843 710 τηνικαῦτα

2197 730 2526 805 παρέπειθον
2558 746 2572 759 ’
2602 733 2721 788 τοῖς
2754 725 2801 783 δ’
2845 729 3094 804 ἐναργέσι
3126 728 3217 783 καὶ
3265 730 3714 802 προσημαίνουσι
3745 733 3840 798 τήν

2202 817 2508 891 μέλλουσαν
2554 814 2766 872 ἔσεσθαι
2815 817 3051 892 ἐρημίαν
3102 817 3166 873 οὐ
3215 823 3534 891 προσεῖχον,
3583 816 3697 873 οὔτ’
3743 818 3843 873 Eti-

2196 927 2383 963 στευον
2419 925 2431 939 ⁸
2467 904 2595 961 ἀλλ’
2626 906 2702 969 ὡς
2744 900 3275 982 ἐμϐεϐροντημένοι,
3308 907 3398 961 καὶ
3432 909 3575 980 μήτε
3622 906 3844 980 ὄμματα

2199 998 2337 1070 μήτε
2388 997 2574 1070 ψυχὴν
2633 993 2877 1070 ἔχοντες,
2928 1000 3037 1051 τῶν
3094 1000 3193 1052 τοῦ
3270 1000 3405 1053 Θεοῦ
3473 997 3843 1072 κηρυγμάτων

2194 1087 2531 1159 παρήκουον.
2567 1107 2596 1137 ››
2645 1085 2774 1140 Τίνα
2821 1082 2881 1139 δὲ
2928 1086 2996 1140 τὰ
3042 1090 3284 1159 σημεῖα;
3336 1087 3542 1162 Ἀστὴρ
3593 1086 3688 1160 μὶν
3743 1088 3844 1161 γάρ

2190 1176 2444 1248 κομήτης
2504 1173 2753 1248 ῥομφάίᾳ
2805 1174 3192 1252 παραπλησίος
3247 1174 3329 1230 ἐπ’
3387 1174 3631 1232 ἐνιαυτὸν
3714 1177 3841 1251 ὑπὲρ

2189 1271 2289 1334 τῆς
2322 1263 2541 1327 πόλεως
2573 1261 2810 1337 λάμπων
2841 1264 3050 1340 ἑωρᾶτο
3085 1286 3098 1299 ο
3132 1265 3188 1321 έν
3220 1262 3277 1320 δὲ
3323 1270 3393 1331 τῇ
3423 1271 3531 1322 τῶν
3582 1266 3840 1342 Ἀζύμων

2190 1354 2372 1428 ἡμέρα
2400 1350 2592 1428 έννάτῃ
2625 1355 2898 1410 Ξανθικοῦ
2945 1355 3114 1427 μηνὸς
3148 1353 3202 1410 έν
3252 1353 3371 1430 ὥρᾳ
3409 1357 3605 1419 νυκτὸς
3657 1355 3842 1432 ἐνάτῃ,

2190 1439 2358 1511 αἶ’σλη
2393 1442 2572 1519 φωτὸς
2621 1443 2713 1498 τόν
2741 1462 2799 1498 τε
2850 1444 3042 1518 βωμὸν
3086 1444 3177 1498 καὶ
3225 1445 3317 1499 τὸν
3347 1446 3482 1499 νεὼν
3530 1445 3838 1521 περιέσχεν,

2190 1532 2265 1595 ὡς
2298 1530 2473 1586 δοκεῖν
2525 1530 2735 1607 ἡμέραν
2788 1532 2993 1612 φαίνειν
3042 1531 3301 1610 λαμπράν
3332 1553 3346 1567 ⁸
3397 1534 3488 1589 καὶ
3541 1536 3617 1596 εἰς
3667 1536 3840 1607 ἥμισυ

2190 1619 2335 1695 ὥρας
2368 1618 2625 1694 διέμεινε.
2656 1622 2848 1693 Τρίτον
2902 1624 2937 1692 ἡ
2982 1623 3119 1699 πρὸς
3147 1620 3223 1677 ἕω
3271 1621 3421 1695 πύλη
3472 1631 3575 1694 τῆς
3622 1625 3841 1690 πόλεως

2190 1708 2404 1784 χαλκοῦ
2452 1711 2822 1785 πεποιημένη,
2878 1715 2958 1782 τῷ
2997 1706 3238 1788 στιϐαρῷ
3285 1716 3383 1768 τοῦ
3433 1710 3692 1787 μεγέθους
3736 1716 3839 1786 μό-

436 1817 603 1886 porta
624 1811 783 1870 urbis
828 1810 899 1867 ad
952 1808 1231 1865 orientem
1304 1811 1596 1880 spectans,
1627 1822 1696 1862 ex
1739 1806 1925 1862 solido
1972 1822 2078 1862 aere

2191 1800 2278 1863 λις
2309 1800 2413 1854 ὑπὸ
2444 1798 2621 1856 ετίκοσι
2668 1805 2805 1856 κατα
2835 1800 3024 1871 δείλην
3077 1801 3567 1876 περικεκλεισμένη
3602 1802 3839 1879 ἀνδρῶν,

434 1902 604 1968 facta,
663 1916 792 1972 quis
849 1901 1080 1972 propter
1135 1897 1408 1968 ponderis
1474 1895 1929 1968 magnitudinem
1986 1895 2082 1950 vix

434 1990 591 2047 circa
620 1986 1026 2061 crepusculum
1060 2003 1092 2042 a
1120 1985 1323 2057 viginti
1364 1984 1565 2042 clausa
1584 1988 1705 2040 erat
1732 1983 1894 2052 viris,
1926 1985 2079 2040 223

436 2077 638 2135 ferreis
669 2076 907 2133 sun‘ulta
935 2074 1220 2143 vectibus,
1254 2072 1675 2144 altissimisque
1707 2073 1767 2128 in
1815 2071 1937 2129 solo
1975 2072 2082 2128 flr-

437 2171 594 2225 mata
615 2165 783 2239 palis,
805 2165 1033 2221 circiter
1048 2162 1249 2219 horam
1279 2160 1469 2220 noctis
1489 2165 1708 2218 sextam
1739 2178 1849 2217 sua
1874 2165 2081 2234 sponte

436 2258 557 2313 visa
586 2260 675 2312 est:
706 2253 1101 2327 aperiri.Ante
1130 2251 1271 2309 solis
1304 2266 1531 2324 quoque
1558 2267 1830 2307 occasum
1861 2250 1921 2306 in
1971 2267 2082 2306 nu-

437 2346 613 2403 bibus
642 2343 1240 2411 sublimescurrus,et
1262 2341 1414 2397 acies
1443 2340 1763 2397 emicantes
1791 2340 2082 2411 urbesque

439 2435 773 2493 obsidentes
830 2447 1170 2506 apparuere.
1229 2430 1333 2487 Die
1389 2430 1568 2487 etiam
1619 2430 1872 2501 quodam
1929 2429 2081 2501 apud

437 2525 572 2582 illos
620 2524 785 2592 festo,
830 2520 1246 2593 Scenopegiam
1301 2522 1529 2586 vocant,
1562 2535 1697 2574 cum
1755 2520 2084 2576 sacerdotes

438 2617 612 2672 noctu
661 2628 823 2670 more
875 2628 982 2668 suo
1043 2612 1115 2668 ad
1172 2624 1403 2667 sacrum
1461 2608 1850 2665 ministerium
1909 2625 2081 2665 suum

442 2706 772 2763 obeundum
812 2703 986 2771 irent,
1042 2702 1329 2775 fragorem
1382 2704 1440 2757 et
1487 2708 1705 2757 motum
1766 2701 2081 2771 quemdam

443 2795 715 2863 sensisse,
741 2810 808 2850 ac
837 2792 1109 2864 deinceps
1136 2806 1335 2847 vocem
1360 2790 1654 2860 ingentem
1697 2788 1931 2845 audisse
1960 2793 2082 2844 tra-

443 2888 680 2955 duntur,
731 2899 858 2956 quis
894 2882 1266 2955 migrandum
1325 2880 1462 2937 inde
1518 2896 1646 2936 esse
1693 2880 2081 2936 denuntiaret.

430 2978 649 3042 Quarto
674 2976 807 3029 ante
828 2971 1046 3028 bellum
1068 2987 1218 3026 anno
1233 2970 1323 3027 vir
1352 2970 1589 3041 quidam
1623 2968 1861 3025 nomine
1889 2969 2081 3039 Jcsus,

424 3063 671 3137 agrestis
700 3061 1017 3118 admodum
1064 3064 1120 3116 et
1149 3059 1366 3116 intimas
1423 3059 1602 3115 sortis
1668 3057 1906 3114 homine
1964 3058 2082 3128 (cui

2186 1885 2435 1963 σιδηροῖς
2497 1890 2593 1963 μὲν
2651 1888 3036 1965 ἐπερειδομένη
3103 1890 3350 1965 μοχλοῖς
3406 1892 3744 1966 βαθυτάτους
3791 1892 3839 1948 δ’

2188 1974 2391 2052 ἔχουσα
2433 1985 2760 2055 παταπῆγας
2802 1978 2879 2043 εἷς
2928 1979 3019 2035 τὸν
3072 1977 3259 2052 οὐδὸν,
3306 1980 3433 2057 περὶ
3473 1978 3639 2053 ’ἕκτην
3695 1983 3838 2058 ὥραν

2186 2068 2374 2128 νυκτὸς
2430 2067 2715 2142 αὐτομάτη
2772 2066 2932 2143 ὤφθη
2992 2069 3330 2145 ἀνεῳγμένη.
3386 2072 3499 2147 Πρὸ
3561 2068 3619 2126 δὲ
3669 2071 3838 2142 ἡλίου

2187 2152 2410 2229 δυσμῶν
2465 2158 2555 2212 καὶ
2618 2159 2864 2232 μετέωρα
2920 2159 3136 2234 ἅρματα
3182 2161 3272 2214 καὶ
3332 2159 3676 2234 στρατόπεδα
3728 2167 3839 2218 τῶν

2184 2246 2423 2323 νεφελῶν
2456 2244 2740 2317 διᾴττοντα
2785 2248 2875 2303 καὶ
2915 2247 3010 2311 τὰς
3058 2247 3249 2314 πόλεις
3294 2248 3605 2306 κυκλοῦντα
3652 2246 3839 2329 ὤφθη.

2187 2337 2334 2390 Κατὰ
2379 2332 2438 2390 δὲ
2489 2334 2613 2409 μίαν
2653 2340 2765 2391 τῶν
2811 2337 2939 2413 παρ’
2987 2336 3212 2399 ἐκείνοις
3262 2338 3488 2413 ἑορτῶν,
3536 2347 3841 2413 Σκηνοπη-

2184 2422 2308 2498 γίαν
2368 2422 2626 2479 καλοῦσιν
2696 2424 2884 2496 αὐτὴν,
2943 2424 3157 2500 νύκτωρ
3215 2427 3267 2481 οἱ
3326 2428 3491 2503 ἱερεῖς
3559 2427 3840 2498 ἐλθόντες,

2188 2511 2370 2587 ὥσπερ
2401 2515 2467 2583 ἦν
2516 2512 2633 2575 ἔθος
2680 2518 2803 2579 ταῖς
2849 2514 3241 2591 λειτουργίαις,
3283 2516 3491 2572 κτύπου
3541 2519 3718 2588 τινὸς,
3748 2521 3837 2575 καὶ

2187 2604 2451 2673 κινήσεως
2500 2602 2798 2671 αἰσθέσθαι,
2847 2601 3033 2659 ἔπειτα
3086 2602 3143 2659 δὲ
3198 2606 3289 2661 καὶ
3345 2606 3548 2681 ἀθρόας
3607 2608 3839 2663 ἀκοῦσαι

2188 2700 2376 2773 φωνῆς
2423 2693 2697 2769 λέγονται,
2742 2690 3165 2769 Μεταϐαίνωμεν
3224 2694 3484 2765 ἐντεῦθεν,
3533 2695 3834 2771 λεγούσης.

2192 2782 2289 2838 Καὶ
2340 2784 2445 2857 πρὸ
2494 2783 2766 2858 τεσσάρων
2814 2781 2857 2839 δ’
2908 2782 3043 2839 ἐτῶν
3092 2788 3190 2841 τοῦ
3238 2784 3494 2859 πολέμου
3541 2787 3685 2859 ἀνήρ
3736 2807 3839 2856 τις,

2190 2869 2365 2943 ὄνομα
2412 2872 2647 2940 Ἰησοῦς,
2686 2868 2943 2947 ἄγροικος
2994 2871 3086 2927 καὶ
3140 2872 3201 2928 ἐκ
3251 2870 3476 2928 ἰδιώτου
3522 2872 3836 2950 προελθὼν,

2188 2964 2426 3024 ’Ἀνανος
2456 2964 2556 3033 τήν
2603 2960 2823 3034 κλῆσιν,
2860 2963 3075 3038 βαθείας
3124 2962 3338 3037 εἰρήνης
3393 2962 3708 3039 ἐπεχούσης
3737 2969 3835 3036 τὴν

2187 3052 2371 3124 πόλιν,
2430 3051 2685 3124 ἐξαπίνης
2741 3054 2877 3109 κατὰ
2933 3053 2996 3107 τὸ
3052 3053 3198 3129 ἱερὸν
3258 3051 3595 3128 είσδραμὼν,
3643 3058 3839 3127 Φωνὴ,

422 3152 611 3209 Anani
635 3167 846 3208 nomen
877 3150 1020 3222 erat)
1045 3153 1388 3221 prognatus,
1419 3164 1551 3204 cum
1611 3147 1818 3220 ingens
1867 3164 1978 3219 pax
2021 3152 2078 3203 et

2190 3139 2397 3217 ἔλεγεν,
2427 3140 2534 3197 ἀπὸ
2572 3141 2875 3212 ἀνατολῶν,
2908 3144 3060 3219 φωνὴ
3112 3142 3218 3198 ἀπὸ
3250 3141 3473 3206 δύσεως,
3522 3145 3681 3223 φωνή
3732 3144 3841 3200 ἀπὸ

425 3239 830 3313 tranquillitas
859 3238 921 3295 in
954 3238 1097 3293 urbe
1127 3239 1294 3303 esset,
1328 3237 1637 3307 derepente
1678 3235 1739 3290 in
1799 3232 2078 3305 templum

2192 3236 2300 3285 τῶν
2355 3230 2628 3305 τεσσάρων
2686 3229 2924 3304 ἀνέμων,
2973 3233 3127 3310 φωνή
3189 3231 3275 3287 ἐπὶ
3333 3233 3697 3306 Ἱεροσόλυμα
3748 3235 3839 3289 καῖ

428 3329 732 3402 ingressus
767 3343 835 3383 τε
861 3326 1006 3393 Vox,
1036 3324 1249 3397 inquit,
1280 3323 1352 3380 ab
1381 3323 1627 3392 Oriente,
1656 3339 1766 3378 vox
1797 3323 1869 3378 ab
1909 3321 2083 3379 Occi-

431 3420 626 3487 dente,
657 3433 766 3475 vox
787 3434 819 3473 a
850 3423 1095 3489 quatuor
1120 3413 1451 3482 ventis,vox
1483 3428 1659 3485 super
1687 3410 2083 3484 Hierosolyma

430 3513 487 3566 et
513 3508 711 3580 ipsum
740 3506 1048 3579 templum,
1080 3520 1186 3561 vox
1216 3519 1392 3575 super
1433 3517 1679 3574 sponsos
1718 3505 1776 3557 et
1811 3517 2078 3573 sponsas,

430 3613 537 3655 vox
565 3614 743 3670 super
764 3594 1047 3669 populum
1079 3609 1337 3650 omnem.
1370 3614 1398 3643 »
1434 3591 1537 3648 Die
1566 3596 1759 3647 autem
1794 3596 2082 3662 noctuque

428 3688 552 3744 haec
573 3687 894 3743 vociferans
928 3684 1231 3741 circuibat.
1264 3684 1624 3753 Quapropter
1652 3679 1918 3738 nonnulli
1948 3685 2081 3736 tan-

427 3792 603 3849 quam
633 3776 774 3832 maIi
803 3773 1017 3832 ominis
1037 3786 1303 3830 sermone
1324 3772 1454 3842 ejus
1480 3770 1780 3840 commoti,
1812 3787 2081 3842 compre-

425 3866 675 3923 hensum
707 3880 839 3922 eum
887 3862 1076 3936 plagis
1125 3864 1474 3917 mactarunt.
1510 3859 1611 3916 Ille
1657 3876 1790 3916 vero
1839 3858 2081 3915 minime

427 3956 788 4024 movebatur,
818 3968 1007 4025 neque
1038 3950 1362 4023 quidquam
1391 3948 1462 4005 de
1507 3949 1699 4020 seipse
1754 3948 2077 4015 verebatur,

423 4050 482 4101 et
509 4045 687 4102 verba
716 4060 783 4100 ea
804 4043 929 4114 jam
961 4041 1074 4098 sibi
1104 4042 1387 4097 consueta
1434 4038 1752 4095 inclamare
1783 4039 2077 4109 pergebat.

421 4132 572 4198 Quin
604 4132 780 4188 etiam
812 4132 881 4187 ad
916 4130 1242 4187 Romanum
1272 4128 1583 4200 praesidem
1616 4128 2077 4190 adductus,cum

418 4220 622 4276 itidem
651 4219 734 4275 ibi
770 4220 1199 4285 verberaretur,
1229 4231 1346 4270 non
1406 4214 1564 4269 aliud
1621 4215 1953 4285 prolocutus
1991 4220 2080 4271 est

416 4308 683 4377 verbum,
708 4323 897 4380 neque
924 4306 1100 4363 etiam
1147 4303 1445 4374 lacrymas
1488 4302 1721 4359 emisit:
1754 4303 1854 4360 sed
1903 4303 2075 4359 mise-

417 4398 670 4457 randum
701 4400 928 4454 tantum
958 4396 1017 4451 in
1050 4393 1292 4450 modum
1321 4391 1680 4459 lamentans,
1730 4395 1800 4449 ad
1842 4393 2075 4465 plagam

419 4501 903 4561 unamquamque
935 4505 949 4545 :
984 4509 1014 4540 ci
1048 4489 1161 4556 Vas,
1204 4504 1285 4543 vis
1335 4482 1791 4557 Hierosolymis!
1827 4503 1854 4535 ι
1889 4482 2079 4540 excla-

2186 3320 2279 3375 τὸν
2310 3320 2461 3388 ναὸν,
2493 3320 2645 3393 φωνὴ
2697 3318 2785 3374 ἐπὶ
2832 3319 3102 3395 νυμφίους
3130 3319 3219 3374 καὶ
3268 3320 3507 3397 νύμφας,
3539 3324 3698 3396 φωνή
3750 3320 3837 3377 ἐπὶ

2186 3410 2362 3464 πάντα
2418 3409 2509 3463 τὸν
2571 3406 2704 3463 λαόν
2740 3426 2753 3440 '
2804 3408 3013 3484 νύκτωρ
3063 3406 3121 3464 δὲ
3167 3408 3256 3463 καὶ
3309 3409 3627 3486 μεθημέραν
3671 3416 3836 3467 τοῦτο

2185 3498 2466 3573 κεκραγὼς
2512 3498 2748 3572 περιῄει.
2780 3498 2931 3560 Τινὲς
2979 3496 3073 3553 οῦν
3103 3499 3240 3573 πρὸς
3288 3500 3351 3553 τὸ
3391 3495 3686 3579 δύσφημον
3715 3500 3837 3571 ὀξυ-

2184 3588 2425 3660 νόμενοι,
2475 3581 2958 3661 συλλαμϐάνοντες
3004 3585 3218 3661 ᾔκιζον.
3250 3588 3308 3642 Ὀ
3358 3586 3414 3642 δὲ
3461 3590 3661 3659 ἣκιστα
3712 3589 3836 3645 ἐπε-

2186 3677 2444 3750 στρέφετο
2478 3692 2491 3707 ⁸
2544 3672 2668 3731 οὔτε
2714 3676 2821 3750 μὴν
2871 3676 2994 3750 περὶ
3042 3677 3236 3732 ἑαυτοῦ
3287 3674 3556 3732 δυσωπῶν
3605 3678 3671 3745 ἦν
3708 3698 3722 3711 ·
3772 3681 3835 3735 τὸ

2187 3764 2412 3836 σύνηθες
2445 3762 2503 3820 δὲ
2535 3766 2679 3842 βοῶν
2728 3762 2981 3823 διετέλει.
3017 3765 3167 3824 Ἐπεὶ
3199 3762 3257 3821 δὶ
3303 3768 3396 3822 καὶ
3424 3772 3505 3839 τῷ
3542 3770 3833 3840 Ῥωμαίων

2188 3853 2412 3930 ἄρχοντι
2443 3855 2724 3929 παρεστὼς
2753 3855 2842 3910 καὶ
2874 3854 3214 3929 τυπτόμενος
3263 3853 3405 3910 ἄλλο
3435 3855 3607 3912 πλέον
3655 3856 3835 3933 λέγειν

2187 3944 2288 3998 οὐκ
2344 3944 2479 4019 εἶχε,
2524 3942 2795 4017 μηδαμῶς
2855 3941 2912 3999 δὲ
2971 3942 3242 4019 δακρύων,
3303 3943 3718 4022 ὀλοφυρόμενος
3778 3946 3831 4002 δὲ

2188 4035 2303 4089 οἷον
2337 4032 2609 4089 ο⁹ίκτιστον
2642 4034 2779 4108 πρὸς
2810 4034 3037 4105 ἑκάστην
3067 4032 3307 4110 πληγὴν.
3342 4036 3412 4089 Δῖ
3448 4034 3507 4090 αί
3532 4035 3831 4110 Ἱεροσολύ-

2190 4124 2361 4198 μοιςι
2425 4118 2574 4181 ἐϐόα.
2626 4125 2726 4181 Καὶ
2791 4123 2921 4197 βοῦς
2982 4120 3040 4178 δὲ
3094 4123 3230 4180 κατά
3276 4126 3376 4194 τήν
3421 4128 3530 4180 τῶν
3580 4127 3830 4200 ’Δζύμων

2186 4214 2379 4289 ἑορτὴν
2415 4212 2490 4276 εἷς
2521 4213 2703 4268 θυσίαν
2754 4212 2985 4289 ἀχθεῖσα
3016 4212 3067 4268 έν
3123 4214 3272 4287 μέσῳ
3300 4219 3380 4284 τῷ
3412 4216 3567 4290 ἱερῷ,
3620 4218 3830 4272 πάντων

2186 4306 2439 4381 ὁρώντων
2471 4302 2603 4379 ἄρνα
2633 4308 2809 4381 γεννᾷ.
2843 4308 2899 4359 Ὃ
2948 4302 2995 4359 δ’
3025 4304 3187 4366 αὐτὸς
3232 4306 3441 4381 ἱστορεῖ
3469 4305 3562 4360 καί
3604 4328 3655 4362 τι
3690 4306 3829 4362 ἄλλο

2183 4391 2614 4469 παραδοξότερον
2648 4408 2665 4424 ⁸
2716 4393 2973 4467 χρησμὸν
3018 4393 3110 4448 καὶ
3168 4394 3272 4470 γάρ
3317 4416 3479 4469 φησιν
3539 4398 3832 4470 εὑρεθῆναι

2183 4489 2299 4546 τοῖς
2328 4486 2497 4558 ἱεροῖς
2539 4483 2886 4560 γράμμασιν,
2913 4483 2987 4545 ὡς
3034 4484 3153 4539 κατ’
3203 4483 3376 4539 ἐκεῖνο
3422 4490 3619 4561 καιροῦ
3649 4486 3834 4564 ἐγχώ-

416 4555 764 4635 mavit._Bos
794 4555 1030 4650 quoque
1061 4578 1411 4648 Azymorum
1448 4573 1543 4630 die
1583 4555 1730 4629 festo
1761 4572 1833 4628 ad
1893 4572 2073 4629 sacri-

2187 4573 2303 4646 ριός
2342 4555 2424 4636 τις
2469 4555 2648 4629 αὐτῶν
2692 4555 2796 4643 τῆς
2845 4571 3175 4644 οἰκουμένης
3222 4572 3402 4645 πάσης
3451 4555 3835 4651 κατάρξεῖῗὈ

415 4668 615 4725 ficium
646 4668 707 4727 in
738 4668 998 4726 medium
1034 4668 1280 4724 adducta
1330 4664 1633 4736 templum,
1665 4663 2064 4736 spectantibus

415 4756 687 4813 omnibus
716 4772 935 4830 agnum
965 4754 1164 4813 edidit.
1202 4755 1362 4811 Idem
1392 4752 1521 4825 ipse
1565 4751 1860 4822 Josepbus
1906 4749 2062 4806 aliud

415 4847 690 4920 quiddam
725 4846 912 4919 magis
941 4845 1350 4903 admirandum
1384 4843 1555 4899 refert
1590 4858 1603 4897 :
1645 4838 1946 4897 oraculum
1977 4840 2066 4896 vi-

413 4934 619 4993 delicet
648 4937 949 5008 quoddam
979 4938 1041 4992 in
1072 4935 1255 4993 sacris
1284 4932 1517 4989 Litteris
1573 4932 1869 4987 inventum
1918 4946 2063 5002 esse,

412 5040 480 5083 eo
509 5025 637 5098 ipso
657 5029 915 5099 tempore
936 5025 1016 5098 (3)
1043 5042 1111 5082 ex
1136 5022 1514 5097 popularibus
1528 5037 1724 5078 eorum
1751 5021 2065 5093 quemdam

482 5150 612 5223 (1)»
646 5151 1238 5223 Hierosolymitanum
1270 5147 1567 5223 excidium
1597 5146 1802 5223 Petrus
1835 5161 2065 5218 quoque

411 5227 471 5279 et
495 5218 714 5281 Paulus
745 5218 993 5296 apostoli
1021 5222 1081 5296 in
1099 5220 1471 5278 sermonibus
1485 5220 1604 5276 suis
1618 5218 2065 5292 praedixerunt.»

411 5295 593 5367 (Lact.
626 5296 731 5368 lib.
763 5295 838 5363 iv,
871 5310 1000 5368 cap.
1030 5295 1149 5363 2t.)

480 5368 561 5440 (2)
595 5361 987 5453 nlﬂvenerant,
1027 5361 1316 5493 prodigia,
1342 5379 1465 5435 qua
1509 5376 1701 5446 neque
1728 5361 1934 5445 hostiis
1973 5376 2066 5416 ne-

480 5454 526 5493 ie
554 5443 702 5493 votis
734 5454 891 5493 mare
914 5438 999 5493 fas
1072 5438 1225 5493 abet.
1259 5451 1403 5493 nens
1452 5438 1853 5493 superstitioni
1884 5432 2065 5488 obno-

409 5432 526 5511 que
545 5432 891 5511 'votispiare
914 5432 999 5494 fas
1018 5432 1228 5511 habet,
1259 5432 1403 5511 gens
1452 5432 1853 5511 supeistitioni
1884 5432 2065 5488 obno-

409 5505 526 5577 iia,
566 5505 947 5583 religionibus
964 5510 1226 5583 adversa.
1264 5505 1425 5583 Visis
1457 5521 1560 5583 per
1590 5505 1799 5583 coelum
1823 5518 2067 5583 concur-

411 5574 537 5652 rere
568 5574 738 5652 acie's,
770 5580 1070 5652 rutilantia
1097 5595 1281 5648 arma,
1313 5582 1372 5633 et
1419 5574 1613 5652 subito
1643 5574 2067 5652 nubium‘igne

411 5650 699 5712 collucere
725 5646 1035 5726 templum.
1094 5646 1363 5723 ExpaSss
1381 5650 1615 5720 repente
1639 5646 1865 5704 delubri
1889 5646 2063 5723 tores.

2187 4663 2282 4735 μὶν
2338 4660 2428 4718 οὖν
2487 4663 2755 4733 Ἰώσηπος
2814 4661 2889 4724 εἷς
2954 4662 3345 4718 Οὐεσπεσιανὸν
3402 4660 3673 4743 ἀνείληφε
3746 4668 3835 4722 τὸν

2177 4751 2453 4829 χρησμόν.
2484 4750 2659 4808 Ἀλλὰ
2712 4753 2888 4825 μόνης
2935 4752 3181 4826 Ῥώμης,
3225 4748 3270 4806 ὦ
3318 4750 3504 4823 οὗτος,
3555 4756 3649 4810 καὶ
3704 4757 3831 4831 οὐχὶ

2175 4841 2349 4913 πάσης
2379 4840 2540 4918 ἄρχει
2591 4847 2692 4912 τῆς
2739 4847 2861 4916 γῆς.
2905 4839 3113 4915 Πολλῷ
3161 4840 3207 4897 δ’
3255 4839 3317 4896 ἃν
3369 4841 3454 4914 ε’ίη
3504 4847 3835 4919 προσήκων,

2175 4933 2309 5006 πρὸς
2353 4931 2443 4988 τὸν
2497 4938 2734 5009 Σωτῆρα
2776 4932 2867 4987 καὶ
2913 4930 3109 5004 Κύριον
3155 4931 3537 5011 ἀναφέρεσθαι,
3582 4937 3727 5006 πρὸς
3773 4938 3830 4991 ὃν

2174 5022 2263 5076 καὶ
2294 5022 2321 5075 ὁ
2348 5019 2400 5075 ἐν
2434 5020 2693 5095 Ψαλμοῖς
2743 5021 3001 5100 χρησμὸς
3032 5020 3108 5082 ὡς
3157 5021 3260 5076 ἀπὸ
3288 5026 3386 5077 τοῦ
3441 5025 3656 5098 Πατρὸς
3700 5026 3830 5079 ἀνα-

2170 5149 2243 5223 Et
2284 5149 2479 5223 audita
2535 5149 2720 5221 major
2778 5149 3047 5223 humana
3093 5163 3249 5223 vox:
3318 5149 3609 5207 Excedere
3669 5153 3833 5221 deos,

2175 5220 2363 5277 Simul
2398 5221 2603 5295 ingens
2636 5220 3307 5295 'motus__excedentium,
3336 5238 3470 5295 quae
3534 5225 3717 5295 pauci
3772 5220 3830 5280 in

2175 5298 2395 5349 metum
2423 5291 2748 5349 trahebant.
2782 5314 2812 5344 ››
2844 5291 3047 5364 ('l‘acit.
3081 5295 3147 5347 ut
3175 5291 3401 5363 supra.)

2244 5365 2332 5449 (3)⁸
2360 5386 2384 5416 α
2422 5363 2832 5449 Percrebuerat
2856 5363 3094 5449 ’Qriente
3114 5366 3235 5419 toto
3258 5368 3422 5449 vetus
3444 5368 3505 5449 et
3548 5371 3830 5449 constans

2174 5434 2393 5507 opinio,
2428 5451 2553 5510 esse
2577 5437 2635 5493 in
2668 5437 2826 5510 fatis,
2849 5439 2911 5510 u_t
2940 5449 3007 5510 eo
3045 5438 3305 5506 tempore
3345 5434 3559 5510 gudaia
3590 5440 3828 5510 profecti

2175 5505 2384 5583 rerum
2409 5508 2751 5580 potirentur.
2769 5508 2832 5564 Id
2864 5505 3316 5583 de_impera_tore
3345 5505 3828 5583 Ro_manc_i,qnan-

2175 5581 2301 5653 tum
2334 5577 2543 5637 eventu
2575 5584 2774 5653 postea
2803 5578 2993 5652 patuit
3022 5577 3378 5651 pradictum.
3409 5577 3602 5653 Judaei
3636 5577 3717 5639 a'd
3770 5597 3827 5639 es

2176 5650 2499 5726 trahentes,
2531 5650 2882 5711 rebellarunt
2916 5666 2931 5707 :
2992 5650 3261 5723 chaoque
3308 5651 3639 5726 praposito,
3676 5653 3825 5728 lega-
