4016 6206
198 360 310 426 901

1194 369 1806 433 ECCLESIASTIC/E
1845 369 2235 435 HISTORIIE
2274 370 2422 432 LIB.
2469 371 2579 432 III.

3477 348 3600 432 sos

198 499 439 575 φέρεται,
498 498 784 572 Αἲτησαι
835 503 980 577 παρ’
1038 501 1227 578 ἐμοῦ,
1259 504 1542 581 λέγοντος,
1572 508 1678 562 καὶ
1721 505 1844 562 δώ-

1966 508 2231 565 universo
2277 506 2403 563 orbi
2451 506 2890 578 imperaturum.
2935 504 3005 561 Et
3045 504 3335 577 Josephus
3366 506 3600 578 quidem

195 611 279 643 σω
315 588 592 661 σοιέθνη
622 587 1222 666 τήνκληρονομίαν
1257 615 1391 664 σου,
1424 598 1530 650 καὶ
1564 599 1679 666 τήν
1732 618 1842 652 καυ

194 677 515 756 τάσχεσίν
563 700 676 733 σου
723 679 1070 756 τᾶπέρατα
1098 689 1214 751 τῆς
1244 690 1383 759 γῆς.
1415 685 1488 738 Οὖ
1517 689 1624 740 τῶν
1663 690 1842 760 μαθη-

195 771 316 820 τῶν
349 767 458 821 καὶ
491 768 519 821 ὁ
551 768 845 844 φθόγγος
878 769 973 832 εἷς
1005 777 1210 826 πᾶσαν
1249 772 1489 842 ἐξῆλθε
1539 776 1656 844 τήν
1699 777 1838 850 γῆν,

196 857 299 910 καὶ
332 857 1502 934 εἷςτὰπέρατατῆςοἷκουμένηςτῶν
1528 862 1841 940 ῥημάτων

195 947 227 1012 ἡ
279 942 593 1018 δύναμις.
639 948 854 1003 Τούτων
887 945 943 1002 δὲ
989 947 1098 1020 ἤδη
1158 951 1592 1027 προειρημένων,
1643 951 1732 1006 ἐπὶ
1777 954 1842 1008 τά

195 1034 317 1103 ἑξῆς
345 1041 448 1104 τῆς
479 1035 720 1110 ἱστορίας
739 1037 1044 1112 προΐωμεν.

1955 613 2297 670 responsum
2320 597 2377 652 id
2403 597 2472 652 ad
2494 595 2916 667 Vespasianum
2941 594 3346 666 imperatorem
3380 596 3598 653 retulit.

1953 689 2061 743 Sed
2096 689 2193 743 ille
2228 688 2495 743 Romanas
2545 690 2776 741 tantum
2822 685 3006 749 urbis,
3051 701 3166 741 non
3200 686 3447 742 universi
3481 690 3598 740 ter-

1953 795 2151 833 rarum
2185 777 2442 832 omnium
2490 775 2648 831 orbis
2700 773 3013 847 imperium
3055 774 3327 831 obtinuit.
3363 775 3597 832 Rectius

1953 867 2142 938 itaque
2174 867 2476 922 oraculum
2528 864 2638 921 tale
2693 864 2980 920 Servatori
3021 871 3074 920 et
3124 865 3368 921 Domino
3402 872 3597 920 nostro

1951 957 2446 1024 accommodetur,
2478 956 2547 1010 ad
2575 971 2745 1026 quem
2775 965 2829 1010 et
2849 953 2991 1009 illud
3015 953 3231 1009 Psalmi
3253 970 3598 1026 responsum

1950 1060 1984 1100 a
2039 1044 2210 1100 Patre
2265 1043 2528 1110 refertur,
2576 1041 2799 1098 Postula
2847 1057 2880 1096 a
2917 1057 3022 1109 me,
3075 1039 3320 1110 dicente,
3365 1047 3420 1096 et
3463 1041 3599 1098 dabo

196 1126 300 1180 tibi
327 1135 515 1196 gentes
544 1127 927 1185 hxreditatem
974 1134 1152 1200 luam,
1201 1135 1254 1188 et
1291 1133 1680 1206 possessionem
1723 1138 1874 1190 tuam
1919 1134 2179 1190 terminos
2220 1139 2406 1192 terra}.
2457 1133 2636 1205 Cujus
2684 1131 2859 1188 etiam
2915 1131 3339 1203 discipulorum
3388 1147 3493 1188 vox
3541 1133 3602 1187 in

193 1233 408 1273 omnem
437 1220 609 1274 exivit
655 1227 886 1288 terram,
931 1230 982 1278 et
1027 1222 1100 1278 ad
1139 1225 1402 1282 terminos
1449 1226 1596 1282 orbis
1641 1225 1803 1282 verba
1844 1241 2054 1282 eorum.
2102 1227 2289 1296 Atque
2338 1225 2434 1282 his
2480 1225 2559 1281 ita
2603 1222 2938 1296 praemissis,
2972 1222 3040 1278 ad
3074 1221 3378 1279 historiam
3409 1222 3598 1294 ipsam

196 1308 592 1368 deveniamus.

827 1402 1086 1459 ΚΕΦΑΛ.
1128 1409 1202 1459 E’.

195 1505 476 1583 '6;_pera‘i
505 1506 770 1583 Νέρωνα
805 1509 1054 1583 οί-περί
1104 1506 1492 1583 Γάλϐαν-,καὶ
1553 1515 1838 1582 νΟθωνα,

266 1579 411 1659 εἶτα
443 1578 940 1659 Οὐεσπασιανὸς
972 1578 1320 1659 ’Ῥωμαίων
1351 1581 1567 1659 ἆρχεν
1601 1587 1707 1640 καὶ
1739 1578 1842 1640 καὲ

263 1650 558 1731 sileo-{oc
586 1650 1144 1731 papauoc‘tibvubir’
1165 1650 1615 1731 αὐτοῦὴὲἣενη
1637 1657 1840 1728 μένων

265 1725 340 1794 τῇ
377 1721 832 1796 Ἰερουσαλὴμ
863 1721 1114 1782 δεινῶν.

268 1827 454 1901 Νέρων
525 1829 619 1901 μὲν
675 1827 765 1883 οὖν
812 1828 1070 1903 τέσσαρας
1127 1831 1218 1887 ἐπΐ
1292 1829 1419 1888 δέκα
1491 1834 1843 1910 αὖταρχήσας

199 1914 491 1986 ἐνιαυτοὺς,
537 1922 651 1978 τοῖς
682 1918 803 1992 περὶ
852 1915 1066 1974 Γάλϐαν
1097 1922 1184 1975 καὶ
1230 1923 1447 1979 ’Όθωνα
1485 1924 1573 1976 καὶ
1620 1922 1846 1978 Οὐϊτέλ-

201 2004 316 2059 λιον
346 2007 450 2074 τὴν
481 2006 660 2084 ἀρχὴν
699 2007 940 2082 αἰσχρῶς
966 2007 1307 2079 καταλιπὼν,
1337 2012 1430 2066 τὸν
1467 2012 1584 2086 βίον
1649 2012 1844 2085 μετήλ·

201 2091 344 2164 λιξε.
383 2096 482 2152 Καὶ
517 2096 668 2150 οὗτοι
725 2093 772 2150 δ’
827 2096 910 2150 ἐπ’
957 2096 1180 2172 ἐνιαυτῷ
1235 2101 1325 2155 καὶ
1359 2100 1524 2173 μησὶν
1567 2099 1618 2172 ἓξ
1652 2105 1843 2158 θᾶττον

203 2182 596 2262 διαφθαρέντα,
651 2184 1030 2258 Οὐεσπεσιανῷ
1083 2194 1183 2258 τῆς
1258 2189 1681 2265 αὐτοκρατορίας
1736 2213 1844 2247 πα·

200 2277 546 2348 ραχωροῦσι,
575 2279 690 2336 τοῖς
747 2277 884 2330 κατά
915 2277 1314 2353 Ἰεροσολύμων
1363 2281 1647 2355 τροπαίοις
1677 2282 1845 2353 κληΐ-

199 2361 433 2435 ξομένῳ.
469 2363 570 2418 Καὶ
628 2362 806 2419 τοίνυν
861 2365 964 2420 ὑπὸ
1021 2370 1128 2421 τῶν
1185 2371 1453 2424 συνόντων
1511 2373 1844 2446 στρατευμάο

199 2473 304 2506 των
334 2451 738 2526 ἀναγορευθεὶς,
761 2457 839 2526 τῷ
887 2455 982 2526 μὲν
1038 2456 1140 2528 υίῷ
1194 2455 1335 2531 Τίτῳ
1381 2459 1474 2515 τὸν
1523 2461 1657 2515 κατὰ
1704 2461 1846 2517 Ἰου-

200 2537 368 2593 δαίων
400 2538 644 2612 πόλεμον
678 2539 968 2616 ἐγχειρίζει
999 2559 1014 2574 ⁸
1049 2545 1214 2607 αὐτὸς
1265 2542 1310 2600 δ’
1343 2548 1406 2600 οἴ
1433 2549 1639 2622 τάχους
1671 2549 1844 2624 εἶχεν,

199 2627 354 2689 ὅλαις
389 2629 571 2697 ἡνίαις
609 2631 706 2699 τήν
740 2629 793 2691 ἐς
822 2632 1042 2704 Ῥώμην
1099 2635 1362 2712 φέρουσαν
1409 2637 1661 2706 ἤλαυνεν.
1689 2636 1846 2694 Ἀλλ’

198 2719 293 2771 ὅσα
340 2717 419 2778 εἰς
468 2719 673 2774 ἅπαντα
727 2726 826 2788 τῆς
876 2719 1137 2786 Ἰουδαίας
1179 2726 1272 2780 τὸν
1331 2725 1496 2782 τόπον
1557 2725 1846 2802 συνερρυη-

1867 1412 1916 1478 Β

2505 1407 2658 1464 229
2699 1404 2927 1463 CAPUT
2968 1407 3037 1461 V.

1954 1512 2017 1568 Ut
2071 1520 2188 1584 post
2243 1515 2504 1571 Neronem
2564 1514 2729 1570 Galba
2797 1520 2848 1568 et
2905 1513 3042 1584 Otho
3096 1515 3146 1566 et
3209 1512 3484 1579 Vitellius,
3544 1517 3598 1567 et

2021 1583 2216 1641 deinde
2249 1587 2609 1656 Vespasianus
2642 1587 2900 1641 Romanis
2948 1583 3245 1656 imperarit
3276 1601 3295 1638 :
3341 1592 3393 1639 el
3420 1586 3599 1656 parti-

2021 1657 2230 1711 cularis
2273 1655 2713 1712 commemoratio
2761 1655 3160 1723 calamitatum,
3217 1669 3342 1726 quia
3369 1655 3466 1709 sub
3507 1657 3598 1712 Ve-

2023 1730 2274 1799 spasiano
2305 1728 2699 1800 Hierosolymis
2728 1727 3064 1783 acciderunt.

2022 1831 2171 1890 Nero
2184 1851 2316 1890 cum
2332 1838 2583 1908 quatuor
2601 1834 2783 1890 decim
2803 1850 2988 1891 annos
3003 1832 3368 1906 imperasset,
3384 1833 3597 1897 Galbae,

1953 1921 2161 1978 Othoni
2209 1927 2266 1980 et
2317 1923 2534 1980 Vitellio
2584 1924 2830 1996 turpiter
2872 1922 3119 1994 imperio
3168 1922 3387 1990 relicto,
3419 1923 3598 1978 vitam

1955 2011 2139 2067 ﬁnivit
2172 2028 2186 2066 :
2219 2016 2393 2085 atque
2431 2013 2470 2068 ii
2511 2013 2685 2069 etiam
2719 2011 2896 2068 unius
2927 2011 3064 2067 anni
3094 2014 3151 2066 et
3181 2011 3474 2067 mensium
3500 2027 3598 2066 sex

1953 2105 2214 2173 tempore
2243 2102 2377 2159 czeci
2409 2101 2804 2172 disperierunt
2829 2116 2843 2156 :
2866 2105 2924 2157 et
2944 2099 3324 2170 Vespasiano,
3349 2100 3449 2171 qui
3471 2103 3594 2155 tum

1953 2189 2230 2245 adversus
2269 2189 2662 2262 Hierosolyma
2691 2188 2909 2245 bellum
2942 2204 3150 2259 gerens
3182 2189 3382 2246 multis
3411 2190 3598 2246 iuerat

1951 2279 2184 2351 tropaeis
2215 2278 2576 2347 nobilitatus,
2611 2279 2926 2351 imperium
2958 2277 3262 2349 reliquere.
3297 2278 3402 2334 Ubi
3433 2296 3467 2334 a
3497 2279 3598 2334 mi-

1954 2369 2222 2425 litaribus
2269 2369 2450 2441 c0piis
2505 2384 2633 2440 qum
2686 2383 2820 2424 cum
2870 2367 3000 2438 ipso
3047 2376 3232 2437 erant,
3286 2369 3598 2438 imperator

1953 2457 2345 2526 renuntiatus,
2377 2456 2496 2514 tilio
2525 2457 2650 2512 Tito
2677 2455 2895 2512 bellum
2915 2455 3225 2512 Judaicum
3259 2457 3594 2512 mandavit:

1953 2546 2078 2618 ipse
2107 2550 2321 2614 autem,
2354 2550 2571 2617 quanta
2616 2548 2806 2617 potuit
2837 2544 3150 2614 celeritate,
3182 2549 3426 2602 Romam
3457 2562 3594 2600 con-

1952 2635 2160 2692 tendit.
2193 2637 2363 2692 Porro
2393 2639 2614 2706 quanta
2657 2634 2718 2691 in
2749 2650 2948 2691 omnes
2978 2633 3188 2690 Judaeaa
3216 2637 3411 2706 partes
3443 2634 3596 2690 mala

1957 2725 2343 2797 pervenerint,
2361 2725 2644 2796 quibusve
2665 2724 2930 2780 cladibus
2953 2723 3172 2796 ubique
3197 2740 3341 2796 gens
3373 2725 3598 2780 Judan-

198 2808 335 2860 κακά
368 2825 382 2839 ⁸
420 2805 566 2870 οἵαις
593 2828 650 2862 τε
692 2815 994 2887 συμφοραῖς
1022 2813 1084 2867 τὸ
1143 2812 1422 2871 Ἰουδαίων
1468 2813 1621 2881 ἓθνος
1674 2786 1844 2872 cit-itav-

1966 2831 2088 2871 rum
2117 2816 2195 2872 sit
2216 2815 2570 2880 conﬂictata,
2590 2829 2766 2885 quam
2784 2812 2941 2868 varia
2959 2811 3134 2869 etiam
3157 2812 3363 2868 mortis
3383 2814 3596 2884 specie,

195 2900 378 2970 ταχοῦ
437 2895 716 2968 συνηλάθη
752 2917 768 2932 ο
825 2899 914 2954 καὶ
973 2901 1047 2962 ὡς
1079 2899 1360 2981 διαφόροις
1389 2905 1629 2961 θανάτων
1661 2905 1847 2978 ε’ίδεσι,

194 2984 257 3037 τὸ
301 2981 357 3037 δὲ
390 2981 558 3038 πλέον
588 2983 738 3057 λιμῷ
791 2986 879 3040 καὶ
911 2987 1048 3065 ξίφει
1082 2987 1335 3064 μυριάδες
1366 2987 1576 3063 ἡϐηδὸν
1636 2991 1850 3074 διεφθά-

198 3093 373 3148 ρησαν
412 3092 424 3106 ·
461 3071 579 3128 ὅσαι
607 3095 666 3128 τε
694 3075 829 3131 κατὰ
872 3077 1058 3152 χώρας
1106 3079 1424 3156 πολιορκίαι
1483 3071 1798 3158 προῦϐησαν
1833 3102 1849 3118 ’

195 3164 284 3218 καὶ
338 3165 402 3218 τὸ
455 3161 782 3235 τελευταῖον,
841 3166 915 3228 ὡς
971 3165 1053 3222 ἐπ’
1103 3170 1268 3239 αὐτὴν
1325 3173 1426 3241 τὴν
1487 3173 1852 3248 Ἰερουσαλὴμ

197 3251 269 3312 ὡς
305 3253 397 3305 οἶα
427 3248 586 3325 ἕρκος
643 3272 695 3306 τι
746 3258 853 3308 τῶν
909 3253 1141 3330 ἀμάχων
1201 3260 1682 3337 καταπεφευγότες,
1737 3261 1850 3317 οὐδ’

195 3339 429 3394 ἀκοῦσαι
465 3339 678 3416 φορητᾶ
715 3341 1010 3398 πεπόνθασι
1047 3363 1058 3376 ·
1113 3348 1212 3416 τήν
1261 3367 1320 3402 τε
1372 3345 1658 3420 διασκευήν
1711 3352 1850 3406 ἅπα-

199 3449 293 3482 σαν
336 3425 441 3482 τοῖ’)
498 3427 769 3503 πολέμου,
799 3430 998 3487 ἕκαστά
1048 3455 1106 3489 τε
1148 3439 1256 3491 τῶν
1310 3435 1362 3491 ἐν
1398 3438 1547 3513 μέρει
1606 3438 1851 3504 ἑκάστοις

194 3513 464 3586 τηνικάδε
511 3521 889 3594 γεγενημένων
925 3541 937 3553 ·
996 3521 1085 3577 καὶ
1146 3524 1220 3586 ὡς
1280 3527 1342 3581 τὸ
1397 3525 1566 3582 πάλαι
1609 3525 1674 3599 δὴ
1733 3534 1851 3594 τοῖς

198 3608 518 3695 προφήταις
568 3605 883 3682 εἰρημένον,
929 3612 992 3666 τὸ
1034 3618 1134 3682 τῆς
1184 3614 1516 3689 ἐρημώσεως
1567 3617 1852 3695 βοέλυγμα

197 3701 278 3769 τῷ
328 3691 656 3772 περιϐοήτῳ
709 3697 834 3771 ἔστη
901 3703 1026 3775 νεῲ,
1085 3707 1252 3779 πυρὸς
1312 3707 1531 3763 είσάπαν
1570 3691 1856 3783 νάνάλωμα

202 3785 513 3861 γενομένῳ,
555 3785 613 3842 ἐκ
656 3792 766 3843 τῶν
814 3791 893 3862 τῷ
931 3793 1184 3866 Ἰωσήπῳ
1243 3795 1544 3870 εἰρημένων
1599 3797 1852 3874 πᾶρεστιν

201 3877 580 3952 ἀναλέγεσθαι.
635 3879 801 3934 Τοῦτό
849 3901 911 3953 γε
971 3883 1078 3954 μὴν
1149 3891 1422 3959 προσῆκον
1496 3888 1856 3960 ὑποσημήνα-

201 3967 348 4033 σθαι,
383 3966 470 4028 ὡς
499 3966 662 4029 αὐτὸς
703 3965 859 4030 οὗτος
900 3973 1024 4045 περί
1079 3993 1184 4028 που
1239 3974 1335 4038 τὰς
1387 3976 1695 4050 τριακοσίας
1750 3999 1856 4051 μυ-

199 4053 398 4127 ριάδας
460 4055 682 4132 ἱστορεῖ,
743 4057 959 4124 πλῆθος
1014 4061 1290 4139 εἰσρυῆναι
1347 4065 1405 4120 ἐκ
1475 4070 1656 4137 πάσης
1723 4069 1857 4123 Ἰου-

1952 2907 2010 2961 in
2042 2904 2248 2977 primis
2273 2919 2405 2960 vero
2456 2905 2607 2959 fame
2653 2906 2710 2958 et
2742 2904 2908 2971 ferro,
2943 2901 3132 2958 multa
3175 2901 3359 2957 millia
3406 2903 3597 2958 omnis

1952 2993 2138 3049 aetatis
2169 2993 2477 3049 hominum
2509 2991 2854 3059 interierint,
2879 2994 2935 3046 et
2964 3006 3090 3062 quae
3122 2991 3364 3046 seorsim
3386 2990 3600 3062 oppida

1953 3084 2191 3139 obsessa
2239 3082 2456 3138 fuerint
2505 3097 2518 3138 :
2578 3087 2990 3152 postremoque
3033 3095 3167 3135 cum
3213 3080 3600 3151 undequaque

1955 3173 2296 3244 omnesipsa
2310 3171 2706 3244 Hierosolyma
2721 3169 3076 3241 tanquamin
3093 3169 3596 3242 propugnaculum

1955 3261 2408 3334 inexpugnabile
2463 3261 2885 3332 confugissent,
2933 3275 3059 3330 qua:
3105 3260 3305 3315 auditu
3365 3275 3598 3331 quoque

1956 3351 2278 3408 tolerabilia
2307 3367 2421 3407 non
2453 3354 2590 3408 sunt
2620 3351 2718 3422 (1),
2742 3349 3082 3421 pertulerint
3107 3364 3120 3402 :
3153 3349 3316 3417 item,
3342 3349 3440 3419 qui
3465 3347 3601 3403 belli

1957 3442 2133 3498 totius
2181 3441 2356 3497 fuerit
2405 3443 2746 3512 apparatus,
2795 3442 2896 3494 aut
2935 3453 3060 3509 qua
3107 3437 3348 3494 seorsim
3389 3437 3601 3508 cuique

1957 3533 2079 3586 tum
2115 3531 2259 3585 dura
2290 3533 2467 3602 atque
2496 3529 2704 3585 acerba
2730 3527 3048 3583 acciderint
3081 3541 3095 3580 :
3131 3525 3378 3595 denique
3410 3529 3474 3578 ut
3503 3527 3603 3580 de-

1958 3618 2260 3676 solationis
2291 3617 2669 3684 abominatio,
2703 3633 2806 3688 pro
2846 3631 2911 3670 eo
2943 3618 3118 3685 atque
3148 3613 3371 3668 dudum
3402 3628 3434 3664 a
3465 3628 3602 3681 pro-

1959 3708 2148 3779 phetis
2169 3707 2510 3778 prmdictum
2537 3707 2744 3772 fuerat,
2767 3704 2826 3759 in
2849 3702 3221 3759 celeberrimo
3243 3701 3340 3757 illo
3364 3699 3600 3770 templo,

1961 3797 2115 3867 quod
2146 3795 2380 3865 quidem
2431 3792 2699 3851 incendio
2745 3792 2896 3848 fcede
2941 3793 3238 3848 vastatum
3279 3796 3386 3858 est,
3423 3793 3595 3845 stete-

1963 3885 2035 3942 rit
2078 3900 2092 3940 :
2133 3901 2202 3942 ea
2247 3885 2445 3941 omnia
2485 3900 2554 3941 ex
2597 3881 2836 3953 Josephi
2876 3879 3124 3936 Historia
3172 3881 3286 3951 peti
3328 3883 3596 3950 possunt.

1965 3976 2110 4032 Illud
2143 3979 2297 4032 certe
2328 3974 2568 4045 quidem
2601 3973 2791 4029 modis
2822 3970 3098 4028 omnibus
3133 3970 3388 4025 indicare
3413 3985 3614 4026 conve-

1963 4067 2073 4135 nit,
2121 4065 2394 4122 eumdem
2452 4063 2649 4134 ipsum
2703 4059 3043 4116 historicum
3101 4058 3316 4114 alicubi
3374 4058 3609 4131 referre,

197 4143 356 4208 δαίας
421 4148 557 4201 κατὰ
605 4147 697 4204 τὸν
747 4155 841 4204 νοῦ
895 4151 1087 4232 Πάσχα
1142 4157 1350 4230 καιρὸν,
1428 4158 1517 4214 καὶ
1585 4159 1678 4213 οἷά
1751 4181 1848 4215 τινι

1966 4158 2036 4212 ad
2068 4161 2158 4212 ter
2203 4162 2477 4213 centenas
2521 4151 2815 4225 myriades
2865 4148 3174 4205 hominum
3221 4149 3610 4205 multitudinis

193 4234 655 4312 περικλεισθηναι
714 4244 946 4316 φρουρᾷ.
1005 4243 1210 4320 Ἐχρῆν
1258 4245 1348 4300 καὶ
1397 4248 1503 4322 γὰρ
1545 4249 1664 4303 κατ’
1693 4247 1857 4310 αὐτάς

190 4347 254 4400 γε
287 4327 518 4387 πάντως
549 4326 646 4388 τὰς
704 4329 917 4403 ἡμέρας
976 4331 1066 4387 καὶ
1123 4333 1351 4399 τούτους
1401 4335 1702 4407 ὑποστῆναι
1755 4340 1855 4402 τῆς

190 4415 331 4468 κατὰ
366 4414 465 4468 τὸν
500 4417 734 4489 Σωτῆρα
765 4414 968 4490 λύττης
997 4420 1090 4476 τὸν
1143 4418 1392 4498 ὄλεθρον,
1424 4425 1514 4480 καὶ
1566 4429 1664 4496 τῆς
1712 4426 1855 4488 θείας

188 4501 356 4574 δίκης
393 4505 707 4579 πειρᾶσθαι,
748 4507 868 4560 καθ’
915 4509 977 4572 ἃς
1018 4507 1215 4566 ἕκεῖνοι
1268 4513 1371 4582 τήν
1429 4513 1565 4570 κατᾶ
1621 4518 1853 4588 Χριστὸν

260 4632 310 4667 ⁸³
347 4629 510 4686 Psal.
547 4647 610 4698 ιι,
642 4633 694 4687 8.
771 4631 818 4668 ⁴⁴
847 4633 1000 4690 Psal.
1032 4652 1197 4707 xvm,
1226 4637 1282 4694 5.

1967 4263 2036 4303 ex
2067 4246 2334 4304 universa
2360 4243 2553 4300 Judaaa
2583 4243 2686 4316 (2),
2732 4239 2876 4312 ipsis
2905 4238 3143 4295 Paschm
3189 4239 3367 4307 feriis,
3418 4238 3612 4295 Hiero-

1966 4337 2189 4410 solyma
2217 4335 2586 4400 conﬂuxisse,
2609 4337 2786 4404 atque
2815 4345 2941 4387 eam
2973 4328 3053 4384 ibi
3087 4327 3325 4400 perinde
3358 4330 3529 4398 atque
3554 4327 3613 4383 in

1968 4426 2236 4484 custodia
2287 4429 2345 4482 et
2401 4439 2630 4480 carcere
2703 4418 3153 4477 circumclusam
3210 4423 3265 4474 et
3319 4415 3616 4472 obsessam

1968 4532 2094 4574 esse
2121 4515 2220 4588 (3).
2243 4515 2494 4585 IEquum
2522 4511 2678 4568 enim
2700 4517 2841 4573 erat,
2864 4510 2948 4567 eis
2973 4507 3120 4582 ipsis
3142 4506 3368 4577 diebus,
3401 4504 3617 4578 quibus

186 4764 321 4842 tum
371 4757 623 4842 insuper
649 4759 821 4842 S_yriaa
854 4765 1220 4842 consularem
1253 4771 1552 4842 suppetias
1582 4772 1859 4830 ferentem

185 4839 368 4917 Μέθῃ
413 4829 1034 4917 ἒααίηκτδεανβτυριο
1088 4857 1124 4917 ι,
1172 4829 1428 4917 (δυειδῐι,
1479 4843 1538 4899 in
1587 4829 1855 4917 vespas.)

189 4901 546 4986 shi’luoribus
570 4901 920 4986 persuasio
943 4907 1155 4986 inerat,
1180 4901 1460 4984 ‘antiquis
1489 4901 1857 4972 sacerdotum

188 4976 759 5053 litteriacontineri,
789 4993 862 5053 eo
905 4976 1482 5053 ipso_tempore-fore
1511 4993 1573 5042 ut
1601 4987 1862 5044 valesce-

187 5051 280 5130 ret
332 5044 576 5130 Oriens,
624 5044 982 5130 profectique
1028 5044 1468 5130 Judasa__rerum
1509 5059 1856 5130 potirentur.

186 5121 360 5262 angi
372 5114 664 5255 tcurgl;ages
691 5114 1117 5191 Vespasianum
1140 5141 1205 5180 ac
1227 5126 1420 5183 Titum
1453 5114 1858 5202 praedixerant.

267 5202 498 5244 σοιῐιιε.

260 5260 372 5344 (_t)_
389 5258 927 5344 Hierosolymorum
950 5265 1154 5344 urbem
1187 5270 1636 5344 munitissimam
1661 5275 1861 5344 fuisse,

187 5328 466 5388 testatur
495 5328 848 5403 Tacituslib.
882 5352 976 5391 xxx
1011 5355 1023 5394 :
1057 5360 1088 5388 κ
1121 5340 1233 5396 Sed
1255 5342 1455 5400 urbem
1479 5328 1862 5403 arad'aiﬁ‘éi‘id

187 5418 380 5486 opera
417 5400 719 5488 molesque
749 5406 1138 5488 firmaverant,
1170 5415 1278 5468 etc.
1303 5413 1433 5488 Alia
1463 5400 1866 5475 intus-moenia

189 5481 377 5548 regiae
411 5481 834 5556 .Ciroumjecta,
884 5481 1312 5569 conspicuoque
1365 5487 1600 5562 fastigio
1660 5491 1862 5557 turris,

189 5551 473 5619 Antonia
519 5545 902 5619 m_honorem
936 5553 991 5609 M
1019 5555 1258 5611 Antonii
1305 5557 1376 5614 ab
1416 5559 1640 5619 Herode
1669 5561 1862 5619 annel-

189 5577 473 5635 ιιιιιυιιιξι
521 5577 578 5600 lu
625 5577 902 5607 uuuurutu
937 5577 991 5609 tu
1019 5577 1258 5611 nutonu
1305 5577 1376 5614 ιω
1416 5577 1640 5619 ηοτοαθ
1669 5577 1868 5632 appel-

189 5619 338 5706 lata.
360 5615 440 5706 J'l
456 5616 714 5706 emplum
763 5621 823 5678 in
852 5625 1111 5706 modum
1153 5627 1326 5706 a_rcis,
1359 5633 1659 5706 prepiique
1690 5633 1866 5706 muri,

187 5691 413 5750 labore
453 5691 511 5744 et
559 5704 728 5762 opere
771 5699 905 5753 ante
950 5695 1114 5754 alios.
1176 5691 1323 5770 Ipse'
1359 5691 1646 5776 porticus,
1699 5691 1868 5779 queis

1969 4774 2254 4846 templum
2301 4771 2686 4846 ambiebatur,
2738 4763 3616 4846 egregiumpropugnaculum.

1975 4837 2128 4901 Fons
2158 4845 2430 4917 perennis
2481 4837 2808 4914 aquaa,ct6.
2845 4837 3245 4917 Praeviderant
3283 4837 3619 4917 conditores

1967 4932 2036 4973 ex
2077 4908 2413 4972 diversitate
2457 4908 2687 4970 morum
2740 4912 2916 4968 creba
2955 4908 3144 4976 bella;
3200 4908 3338 4963 inde
3385 4911 3620 4975 cuncta,

1969 4988 2240 5059 quamvis
2271 4989 2547 5042 adversus
2578 4984 2812 5056 longius
2841 4981 3157 5059 obsidium.
3190 4979 3260 5034 Et
3281 4995 3315 5033 a
3347 4979 3619 5059 Pompeio

1969 5051 2314 5131 Expugnatis
2346 5064 2535 5114 metus
2567 5051 2740 5131 atque
2783 5070 2926 5131 u_s_us
2951 5051 3241 5131 pleraque
3268 5054 3622 5131 monstrave-

1969 5125 2078 5186 rat.
2113 5125 2298 5204 atque
2329 5145 2432 5201 per
2466 5125 2766 5204 avaritiam
2789 5125 3242 5181 Claudianorum
3264 5125 3618 5204 temporum,

1971 5212 2164 5273 empto
2203 5200 2348 5273 *jure
2406 5200 2726 5273 muniendi,
2789 5205 3048 5273 struxere
3106 5211 3310 5273 muros
3367 5200 3428 5273 in
3486 5207 3622 5262 pace

1971 5266 2255 5346 tanquam
2279 5274 2360 5346 ad
2388 5272 2631 5346 bellum,
2666 5266 3155 5346 magnafolluvie
3195 5270 3252 5322 et
3283 5268 3623 5346 caeterarum

1972 5339 2207 5401 urbi-um
2240 5345 2404 5401 clade
2435 5342 2606 5398 aucti.
2640 5363 2668 5391 »
2700 5339 2855 5411 (Haec
2881 5340 3113 5411 Tac.f_ut
3144 5339 3367 5411 supra.)

2043 5417 2121 5488 (2)
2153 5421 2270 5472 Hoc
2301 5419 2409 5485 est,
2443 5414 2634 5488 tricies
2665 5407 2904 5488 centena
2937 5409 3120 5465 millia
3150 5407 3480 5488 hominum.
3526 5477 3564 5488 ﬂ

2046 5479 2121 5559 (3)
2174 5511 2203 5538 «
2246 5479 2680 5559 Multitudinom
2742 5483 3116 5559 obsessorum
3165 5479 3366 5559 omnis.
3411 5479 3621 5559 astatis,

1972 5549 2157 5616 virilis
2189 5575 2255 5615 ac
2286 5557 2582 5614 muliebris
2622 5571 2816 5625 sexus,
2850 5557 3194 5610 sexcentena
3224 5549 3407 5607 millia
3438 5550 3621 5608 fuisse

1975 5631 2332 5704 accepimus.
2367 5652 2395 5681 »
2426 5628 2694 5700 (Tacitus,
2727 5634 2788 5683 ut
2818 5625 3040 5698 supra.)
