4084 6208
423 317 545 382 903
1723 298 2146 365 NICEPHORI
2189 298 2540 362 GALLISTI
3713 297 3848 360 904

423 455 588 509 tanto
637 447 830 507 studio
872 446 940 502 ad
972 440 1184 500 Christi
1218 438 1536 496 Servatoris
1565 436 2071 505 benefactorisque

2186 432 2274 486 τὸν
2329 436 2564 505 Σωτῆρα
2603 429 2695 485 καὶ
2740 429 3028 504 εὐεργέτην
3072 428 3285 485 πάντων
3333 427 3649 504 μιαιφονίαν
3699 448 3848 483 κατ-

425 544 690 601 omnium
720 540 936 595 caedem
969 532 1281 589 furibunde
1329 530 1439 586 acti
1481 530 1732 594 fuerant,
1764 529 2072 595 virumque

2186 517 2462 592 ἔσπευδον,
2551 517 2719 594 ἄνδρα
2805 520 2974 594 φονέα
3054 526 3153 589 τῆς
3231 517 3429 574 ἐκείνου
3519 519 3852 593 εὐεργεσίας

427 629 874 704 sanguinarium
906 628 963 680 et
990 621 1345 678 homicidam
1379 616 1627 673 summis
1657 615 1816 670 illius
1847 614 2071 670 beneﬁ—

2186 607 2714 681 ἆντσλλαττόμενυι,
2747 609 2834 662 καὶ
2882 615 2980 676 τῆς
3029 606 3232 662 ἐκείνου
3285 607 3562 682 βασιλείας
3613 607 3856 674 ἀτη-ιιά-

427 724 531 778 ciis
582 717 1034 791 praeposuerant,
1087 725 1330 782 regnum
1381 721 1611 778 quoque
1669 705 1794 774 ejus
1840 702 2068 774 (Caesari
2187 703 2391 766 ζοντες,
2444 697 2535 752 καὶ
2592 701 2672 768 τῷ
2731 697 2956 771 Καίσαρι
3041 696 3476 772 προστιθέμενοι.
3561 694 3854 770 λαμπρῶν

427 811 666 880 addicti)
724 809 984 878 proterve
1037 801 1376 872 rejecerant,
1428 802 1656 868 propter
1708 810 1840 849 eum
1901 808 2070 864 quem

423 900 482 955 in
515 899 876 954 Servatorem
911 891 1285 948 evomuerant
1331 885 1596 942 rabidum
1631 883 1886 937 furorem
1919 881 2068 935 divi-

425 1005 558 1046 nam
581 985 823 1059 expcriri
847 983 1016 1042 230
1039 981 1375 1043 vindictam,
1412 980 1854 1044 extremumque
1875 971 2070 1026 subire

424 1079 692 1144 exitium,
723 1079 898 1146 atque
927 1073 1010 1128 ita
1041 1068 1390 1140 condignam
1425 1065 1593 1120 factis
1633 1063 1753 1118 suis
1785 1068 2071 1130 reportare

421 1167 668 1240 gratiam
702 1169 758 1220 et
788 1158 1350 1233 compensationem.
1395 1156 1579 1223 Atque
1610 1150 1878 1224 equidem
1917 1166 2068 1220 prae-

424 1237 772 1313 tereundum
823 1251 996 1308 etiam
1047 1263 1170 1303 esse
1221 1244 1380 1312 duxi,
1423 1258 1569 1313 quas
1601 1239 1684 1296 illi
1715 1237 1802 1294 vel
1834 1255 1866 1292 a
1897 1239 2068 1308 ferro,

423 1345 510 1402 vel
543 1346 614 1403 ab
634 1343 763 1400 afiis
785 1340 922 1398 belli
951 1335 1261 1394 tormentis
1291 1330 1616 1402 acceperint
1639 1328 1831 1384 clades
1857 1344 1869 1382 :
1893 1331 1948 1382 et
1972 1343 2069 1382 eas

425 1439 658 1493 tantum
684 1444 998 1505 persequar
1022 1423 1564 1490 calamitates,quas
1587 1433 1778 1473 rerum
1806 1416 2069 1472 omnium

2187 703 2391 766 ζοντες,
2444 697 2535 752 καὶ
2592 701 2672 768 τῷ
2731 697 2956 771 Καίσαρι
3041 696 3476 772 προστιθέμενοι.

2181 808 2246 862 γε
2299 787 2388 841 καὶ
2447 785 2609 856 ἀξίων
2687 785 3052 846 ἀπολαύοντες
3120 781 3388 860 ἀμοιῧῶν.
3455 787 3660 860 Ἐγωγ’
3753 783 3858 837 οὖν

2183 873 2560 950 παραδραμεῖν
2613 874 2800 948 οἴομαι
2861 873 2988 944 δεῖν,
3023 875 3120 930 ὅσα
3169 873 3256 929 διὰ
3287 877 3472 948 ξίφους
3513 875 3604 928 καὶ
3641 873 3860 934 ἄλλοις

2187 963 2610 1043 μηχανημάτων
2667 962 2860 1018 εἷ’δεσιν
2914 964 3098 1026 αὐτοῖς
3152 962 3424 1038 ἐπέρρωσε
3454 969 3560 1018 τῶν
3591 961 3804 1018 δεινῶν
3841 981 3858 998 ⁸

2183 1054 2336 1115 ὅσαις
2365 1075 2425 1130 γε
2459 1055 2568 1126 μὴν
2618 1054 2721 1108 ὑπὸ
2771 1051 2942 1126 λιμοῦ
2993 1073 3093 1128 περ
3141 1055 3490 1108 πεπτώκεσαν
3523 1057 3862 1127 συμιεοραῖς

2183 1142 2581 1217 παραθέμενος,
2625 1143 3000 1216 ἀποχρώντως
3061 1141 3122 1196 ἂν
3183 1141 3372 1217 ἔχοιμι
3424 1141 3586 1213 δεῖξαι
3621 1117 3750 1203 τοῖς
3783 1146 3862 1214 τῇ

2183 1231 2431 1307 παρούσῃ
2489 1231 2876 1306 ἐντυγχάνουσι
2939 1232 3236 1309 ξυγγραφῇ,
3298 1233 3372 1294 ὡς
3431 1231 3533 1286 οὐκ
3587 1229 3669 1292 εἷς
3743 1203 3862 1304 μαζ

2183 1322 2316 1394 κρᾶν
2357 1327 2458 1390 τῆς
2515 1319 2592 1382 εἷς
2649 1321 2742 1375 τὸν
2802 1327 3038 1394 Σωτῆρα
3091 1319 3374 1394 παροινίας
3431 1320 3620 1391 ἐπαξία
3677 1342 3864 1394 μετε-

2183 1408 2394 1480 λήλυθε
2423 1411 2572 1480 νίκη.
2622 1408 2834 1480 Ταύτην
2879 1407 2926 1464 δ’
2979 1412 3108 1482 ἡμῖν
3151 1411 3185 1478 ἡ
3217 1414 3326 1464 τῶν
3361 1411 3614 1484 ἱστοριῶν
3647 1411 3864 1480 Ἴως-ἥ-

423 1524 619 1597 inopia
648 1526 704 1578 et
727 1523 878 1576 fame
899 1520 1034 1573 sunt
1055 1511 1333 1586 perpessi.
1359 1510 1448 1565 Sic
1471 1508 1625 1564 enim
1648 1507 1876 1562 abunde
1899 1505 2062 1572 satis,

2186 1519 2290 1597 που
2347 1499 2572 1571 πέμπτη
2637 1501 2820 1574 σαφῶς
2895 1495 3210 1572 διηγήσεται
3289 1500 3390 1568 τὴν
3449 1495 3772 1575 τραγῳδίαν
3843 1519 3860 1532 ·

427 1585 546 1686 qui.
580 1610 886 1667 historiam
945 1585 1094 1660 banc
1155 1599 1461 1671 aliquando
1521 1597 1732 1668 legent,
1794 1593 2068 1648 omnibus

2186 1587 2350 1642 ἐκεῖσε
2378 1587 2466 1641 καὶ
2498 1587 2602 1664 γὰρ
2635 1589 2822 1649 αὐταῖς
2853 1585 3067 1657 λέξεσαν
3098 1586 3241 1641 οὕτω
3273 1586 3404 1664 φησί
3437 1603 3452 1618 ·

424 1679 744 1772 ostendam,
803 1715 916 1755 non
977 1697 1058 1750 ita
1119 1693 1214 1748 diu
1275 1693 1512 1760 patratae
1557 1687 1614 1740 in
1663 1686 2022 1741 Servatorem
2065 1698 2291 1772 vesanae
2339 1685 2398 1735 et
2455 1685 2734 1751 protervas
2782 1679 3148 1749 procacitatis
3195 1681 3294 1751 (1),
3345 1681 3636 1751 condigna
3697 1695 3862 1736 cun-

426 1798 637 1854 ctatum
693 1806 820 1848 esse
875 1785 1210 1844 vindictam.
1266 1781 1442 1835 Porro
1490 1776 1878 1832 calamitatem
1936 1789 2064 1828 eam
2123 1771 2294 1842 plane
2345 1769 2625 1842 tragicam
2679 1769 2847 1824 nobis
2895 1769 2952 1823 in
3003 1769 3205 1840 quinto
3254 1768 3400 1824 libro
3445 1770 3860 1826 Historiarum

435 1899 672 1942 suarum
705 1879 987 1950 Josephus
1017 1875 1174 1934 clare
1203 1869 1461 1942 exponit,
1493 1867 1651 1924 hisce
1691 1864 2112 1938 propemodum
2144 1861 2335 1917 verbis
2371 1876 2384 1914 :

1073 1981 1304 2039 CAPUT
1341 1978 1436 2033 VI.
2106 1957 2150 2018 Β

435 2083 520 2138 Ea:
575 2078 772 2152 quinta
823 2075 1060 2152 historia
1105 2069 1324 2152 [osephg‘
1375 2067 1438 2152 de
1486 2063 1809 2152 continuata
1855 2057 2086 2114 Iudaica

683 2149 975 2221 expositio.
1004 2148 1062 2200 ut
1091 2133 1262 2213 fama:
1291 2139 1506 2196 Judmos
1536 2133 1828 2204 afﬂixerit.

501 2289 977 2366 Opulentioribus
1007 2299 1142 2342 sane
1175 2285 1434 2356 quidem,
1467 2279 1618 2351 quod
1654 2277 1711 2330 in
1743 2277 1886 2330 urbe
1919 2289 2083 2328 man-

430 2387 651 2450 serant,
692 2381 864 2437 exitio
897 2379 1028 2433 fuit.
1073 2381 1198 2434 Non
1253 2372 1420 2444 pauci
1469 2369 1625 2424 enim
1660 2367 1767 2423 sub
1801 2368 2076 2436 prietextu

431 2473 558 2528 initi
591 2472 661 2527 de
687 2469 821 2540 fuga
852 2465 1102 2532 consilii,
1129 2466 1360 2534 prOpter
1380 2475 1517 2531 opes
1546 2473 1680 2513 suas
1701 2454 2080 2511 trucidaban-

431 2560 620 2631 tur(2)
655 2575 669 2614 :
721 2564 774 2612 et
807 2573 918 2612 una
967 2569 1102 2609 cum
1145 2553 1296 2607 fame
1335 2547 1748 2605 seditiosorum
1783 2543 2079 2598 crescebat

431 2649 715 2717 recordia,
745 2651 802 2702 et
829 2648 886 2702 in
919 2646 1040 2700 dies
1071 2643 1330 2712 utrisque
1361 2635 1802 2707 adaugebantur
1832 2631 2076 2687 calami-

436 2745 602 2796 tates.
639 2738 701 2792 In
735 2734 966 2807 publico
998 2730 1262 2803 equidem
1284 2726 1512 2783 nullum
1538 2727 1662 2779 erat
1693 2723 2073 2776 frumentum.

432 2829 619 2892 Quare
665 2825 886 2895 impetu
938 2821 998 2876 in
1043 2821 1248 2876 domos
1297 2817 1464 2884 facto,
1505 2829 1603 2870 eas
1629 2809 1889 2880 scrutati,
1925 2811 2076 2864 farra

429 2915 819 2987 inquirebant.
884 2913 1039 2979 Qua,
1099 2909 1220 2965 sive
1277 2905 1651 2967 invenissent,
1709 2915 2075 2970 possessores

426 3009 704 3076 tanquam
755 3018 821 3057 ea
871 2999 1303 3072 pernegassent,
1354 2991 1779 3050 verberabant:
1822 3003 1926 3043 seu
1959 3003 2072 3042 non

427 3093 808 3160 invenissent,
859 3087 1243 3144 nihilominus
1291 3089 1484 3138 tamen
1533 3079 1712 3134 veluti
1753 3095 1817 3133 ea
1859 3077 2075 3145 majore

428 3200 568 3240 cura
611 3185 668 3237 et
697 3177 1004 3250 diligentia
1051 3174 1465 3239 occultassent,
1499 3167 1868 3238 torquebant.
1905 3163 2072 3219 indi-

426 3275 583 3330 cium
632 3275 824 3326 autem
875 3265 962 3323 vel
1012 3266 1244 3332 habere,
1293 3262 1378 3316 vel
1429 3276 1542 3316 non
1574 3259 1788 3313 habere
1817 3272 1916 3310 eos
1947 3255 2070 3308 fru-

427 3367 645 3428 menta,
695 3373 932 3430 corpora
979 3356 1105 3427 ipsa
1159 3352 1499 3408 miserorum
1551 3347 1888 3402 faciebant:
1942 3359 2067 3414 quae

424 3451 760 3524 quicunque
811 3447 1002 3502 adhuc
1051 3440 1378 3498 robustiora
1439 3437 1715 3492 haberent
1769 3433 2068 3488 abundare

425 3522 717 3597 alimentis
739 3535 1083 3592 videbantur
1107 3549 1120 3586 :
1144 3530 1242 3602 qui
1259 3527 1584 3596 autemjam
1609 3522 2066 3587 conlubuissent,

425 3629 890 3704 praeteribantur.
941 3625 1018 3678 Ac
1061 3625 1267 3693 praeter
1297 3617 1579 3673 rationem
1613 3629 1741 3669 esse
1770 3609 2068 3682 praedones

421 3702 788 3792 judicabant,
825 3715 872 3770 si
899 3730 998 3770 eos
1021 3713 1167 3767 ferro
1197 3713 1487 3774 necarent,
1512 3704 1610 3775 qui
1635 3702 1822 3774 primo
1845 3714 2069 3771 quoque

427 3789 682 3880 tempore
715 3803 951 3878 penuria
981 3805 1176 3857 essent
1207 3795 1515 3853 interituri.
1549 3790 1716 3847 Multi
1751 3789 1899 3845 clam
1935 3803 2066 3858 pos-

429 3879 717 3956 sessiones
742 3911 879 3951 suas
911 3890 1099 3947 modio
1119 3903 1256 3954 uno,
1281 3884 1567 3955 siquidem
1596 3879 1833 3934 ditiores
1857 3882 2068 3942 essent,

426 3987 604 4044 tritici
663 4001 678 4041 :
735 3985 826 4040 sin
887 3978 1326 4051 indigentiores,
1379 3971 1578 4027 hordei
1638 3967 2068 4040 permutabant.

427 4075 646 4133 Deinde
693 4073 752 4128 in
801 4069 1171 4127 abditissima
1220 4078 1460 4135 quaeque
1513 4058 1721 4114 aedium
1783 4053 2075 4110 conclavia

431 4177 558 4220 sese
606 4162 882 4218 abdentes
921 4158 1160 4230 quidam
1211 4155 1446 4224 propter
1497 4151 1706 4204 famem
1757 4157 2072 4208 summam,

433 4253 788 4308 frumentum
830 4249 1024 4320 ipsum
1063 4243 1485 4302 inelaboratum
1527 4237 1795 4293 edebant.
1829 4232 2074 4296 Quidam

435 4357 591 4406 vero,
623 4343 794 4411 prout
841 4337 1157 4393 necessitas
1206 4340 1458 4388 extrema
1497 4327 1782 4396 timorque
1810 4321 2078 4377 cohorta-

433 4431 668 4498 bantur,
723 4427 892 4505 id_in
944 4426 1112 4497 panis
1161 4424 1406 4479 formam
1452 4415 1834 4488 redigebant:
1891 4425 2076 4481 neque

435 4519 664 4590 uspiam
699 4501 900 4573 mensa
938 4513 1389 4586 proponebatur,
1442 4508 1540 4563 sed
1575 4523 1642 4562 ex
1671 4504 1800 4574 igne
1831 4501 1954 4572 ipso
1985 4516 2078 4554 ex-

433 4589 633 4677 tracta,
667 4607 858 4664 adhuc
889 4605 1112 4660 incocta
1145 4611 1200 4659 et
1229 4600 1407 4657 cruda
1439 4599 1724 4652 frumenta
1753 4589 2072 4663 rapiebant.

2808 1953 3067 2005 ΚΕΦΑΛ.
3111 1947 3204 2023 ς’.

2191 2037 3118 2128 Διεὶτςγηισιςῖξκπῆςπέμπτης
3169 2037 3466 2128 ἱστορίας
3515 2045 3636 2108 τῆς
3681 2042 3858 2095 Ἰου-

2905 2116 2922 2128 .
3511 2113 3538 2124 ς.
3817 2111 3830 2128 .

2261 2109 2496 2180 δαῖκῆς
2531 2110 2842 2184 ἁλώσεως
2877 2109 3208 2184 Ἰωσήπου
3249 2109 3541 2184 περίτοῦ
3578 2111 3856 2182 συντρί-

2261 2165 3189 2256 ψαντοςἼουδαίόυςλιμοῦ.
3341 2165 3348 2184 Ι
3759 2165 3768 2182 ⁸

2261 2293 2286 2326 α
2327 2277 2450 2332 Τοῖς
2479 2291 2539 2344 γε
2574 2272 2682 2342 μὴν
2741 2268 2994 2343 εὐπόροις
3038 2269 3126 2323 καὶ
3193 2271 3255 2324 τὸ
3291 2271 3467 2342 μένειν
3513 2273 3653 2344 πρὸς
3687 2293 3852 2326 απωο

2187 2359 2340 2422 λείας
2396 2356 2512 2411 ίίσον
2569 2357 2660 2425 ἦν.
2715 2355 2986 2433 Προφίσει
3031 2357 3133 2431 γὰρ
3185 2356 3520 2430 αὐτομολίας
3575 2359 3850 2432 ἀνῃρεῖτό

2183 2470 2267 2511 τις
2297 2445 2386 2502 διὰ
2415 2449 2516 2514 τήν
2549 2445 2758 2501 οὐσίαν.
2793 2449 2878 2516 Τῷ
2911 2445 3061 2516 λιμῷ
3109 2442 3154 2498 δ’
3187 2448 3222 2514 ἡ
3271 2447 3498 2500 ἂπόνοια
3553 2451 3664 2501 τῶν
3717 2469 3852 2502 στα-

2183 2541 2420 2592 σιαστῶν
2481 2537 2792 2606 συνήκμαζε
2844 2553 2857 2567 ·
2937 2535 3025 2587 καὶ
3108 2535 3423 2608 καθημὲραν
3498 2535 3850 2611 ἀμφοτέροις

2183 2623 2590 2701 προσεξεκαίετο
2639 2623 2705 2678 τὰ
2753 2620 2919 2680 δεινα.
2983 2623 3218 2694 Φανερὸς
3271 2624 3368 2696 μὲν
3423 2635 3526 2698 γαρ
3585 2623 3848 2698 οὐδαμοῦ

2183 2721 2330 2777 σῖτος
2359 2715 2426 2783 ἦν
2461 2733 2474 2747 ·
2527 2710 2965 2782 ἐπεισπηδῶντες
3015 2710 3092 2783 δὲ,
3144 2710 3440 2786 διηρεύνων
3484 2713 3580 2776 τὰς
3631 2713 3846 2777 οἲκίάς,

2185 2806 2412 2861 Ἔπειτα
2459 2802 2706 2875 εὑρόντες
2759 2801 2876 2874 μὲν,
2911 2803 2987 2863 ὡς
3041 2803 3450 2874 ἀρνησαμένους
3481 2799 3673 2872 ἧκιζον
3705 2821 3721 2834 ·
3759 2808 3842 2876 μή

2182 2895 2426 2968 εὑρόντες
2487 2890 2564 2956 δὲ,
2599 2893 2674 2953 ὡς
2723 2889 3140 2966 ἐπιμελέστερον
3197 2891 3526 2965 κρύψοντας,
3585 2888 3848 2947 ἐϐασάνι-

2183 2987 2295 3050 ζον.
2352 2982 2660 3054 Τεκμήριον
2717 2977 2773 3035 δὲ
2808 2984 2905 3034 τοῦ
2955 2981 3004 3034 τ’
3052 2975 3198 3054 ἔχειν
3231 2979 3320 3034 καὶ
3373 2982 3472 3053 μὴ,
3505 2982 3572 3036 τὰ
3601 2984 3842 3056 σώματα

2178 3075 2287 3124 τῶν
2343 3067 2546 3124 ἀθλίων
2578 3089 2590 3101 ·
2653 3067 2726 3123 ὧν
2786 3070 2837 3124 οἱ
2899 3069 2994 3140 μὲν
3045 3063 3123 3124 ἔτι
3193 3074 3520 3132 συνεστῶτες
3579 3071 3841 3144 εὐπορεῖν

2179 3165 2387 3237 τροφῆς
2421 3156 2641 3212 ἐδόκουν
2677 3173 2691 3189 ·
2725 3159 2778 3212 o't
2814 3157 3113 3230 τηκόμενοι
3163 3155 3219 3212 δὲ
3249 3157 3358 3228 ἤδη
3391 3157 3788 3233 παρωδεύοντο
3823 3177 3842 3192 ⁸

2181 3246 2271 3301 καὶ
2330 3245 2552 3301 κτείνειν
2613 3245 2812 3322 ἄλογον
2873 3244 3048 3301 ἐδόκει
3105 3246 3230 3308 τοὺς
3289 3248 3380 3302 ὑπ’
3447 3245 3646 3310 ἐνδείας
3708 3249 3842 3304 εει-ον

2103 3313 2143 3378 C
2185 3334 2337 3390 οὔπω
2384 3334 2811 3408 τεθνηξομένους
2849 3335 3058 3393 αὐτίκα.
3121 3335 3336 3391 Πολλοὶ
3395 3335 3452 3391 δὲ
3509 3337 3676 3412 λέθρα
3731 3339 3838 3401 τὰς

2175 3427 2393 3494 κτήσεις
2447 3425 2564 3487 ἑνὸς
2625 3422 3034 3494 ἀντηλλάξαντο
3097 3425 3324 3498 μέτρου,
3365 3431 3550 3499 πυρῶν
3607 3429 3726 3499 μὲν,
3789 3429 3838 3482 εἰ

2176 3513 2576 3587 πλουσιώτεροι
2640 3514 2958 3588 τυγχάνοιεν
3013 3511 3183 3582 ὄντες,
3255 3515 3307 3568 οἱ
3384 3513 3443 3570 δὲ
3497 3517 3838 3591 πενέστεροι,

2175 3604 2390 3678 κριθῆς.
2447 3605 2672 3656 Ἔπειτα
2727 3602 3139 3664 κατακλείοντες
3197 3603 3392 3666 αὐτοὺς
3453 3605 3528 3666 εἰς
3585 3607 3652 3660 τὰ
3725 3629 3840 3677 μυ-

2179 3692 2412 3770 χαίτατα
2469 3695 2578 3745 τῶν
2639 3689 2852 3760 οἰκιῶν,
2910 3693 3052 3754 τινὲς
3112 3693 3207 3764 μὲν
3269 3693 3358 3747 ὑπ’
3419 3695 3586 3768 ἄκρας
3631 3693 3840 3758 ἐνδείας

2179 3780 2502 3856 ἀνέργαστον
2561 3782 2652 3836 τὸν
2715 3787 2862 3836 σῖτον
2918 3779 3108 3850 ἤσθιον
3143 3801 3157 3815 '
3209 3784 3260 3836 οἱ
3305 3780 3362 3837 δὲ
3411 3781 3658 3850 ἔπεσσον,
3691 3787 3766 3847 ὡς
3799 3787 3834 3854 ἦ

2177 3891 2235 3925 τε
2287 3870 2494 3945 ἀνάγκη
2545 3869 2634 3924 καὶ
2691 3871 2753 3924 τὸ
2813 3868 2930 3932 δέος
2983 3872 3230 3945 παρῄνει,
3293 3872 3391 3927 Καὶ
3449 3877 3690 3946 τράπεζα
3739 3877 3836 3946 μὲν

2183 3955 2428 4032 οὐδαμοῦ
2469 3959 2786 4034 παρετίθετο
2823 3978 2836 3991 ·
2887 3963 2985 4014 τοῦ
3037 3957 3093 4015 δὲ
3141 3961 3304 4036 πυρὶς
3351 3961 3700 4033 ὑφέλκοντες,
3749 3959 3834 4018 ἔτ-

2182 4049 2309 4122 ὠμά
2363 4048 2430 4103 τὰ
2495 4048 2638 4102 σιτία
2695 4046 3019 4123 διήρπαζον.
3073 4047 3316 4119 Ἐλεεινή
3345 4049 3393 4104 δ’
3439 4053 3507 4120 ἦν
3551 4055 3586 4121 ἡ
3629 4055 3832 4123 τροις-ἧ,

2181 4138 2272 4191 καὶ
2333 4134 2580 4211 δακρύων
2631 4135 2778 4205 ἄξιος
2835 4138 2870 4206 ἠ
2933 4135 3046 4206 θέα,
3105 4143 3212 4193 τῶν
3275 4141 3368 4210 μὲν
3449 4107 3834 4196 δυνατωτέοων

2183 4225 2674 4296 πλεονεκτούντων,
2735 4231 2844 4282 τῶν
2896 4225 2943 4280 δ’
3009 4227 3238 4282 ἀσθενῶν
3283 4227 3652 4302 ὀδυρομένων.
3691 4201 3836 4286 [iis-

2181 4337 2288 4370 των
2323 4316 2416 4388 μὶν
2455 4313 2522 4384 δὴ
2557 4317 2737 4370 παθῶν
2783 4314 3128 4389 ὑπερίσταται
3181 4316 3384 4391 λιμός·
3431 4317 3586 4373 οὐδὲν
3641 4318 3689 4374 δ’
3739 4319 3834 4374 οὗ.

2182 4409 2290 4465 τῶς
2345 4403 2651 4460 ἀπόλλυσιν
2702 4405 2777 4466 ὡς
2827 4401 2988 4463 αἰδώ.
3049 4407 3118 4460 Τὸ
3175 4407 3274 4482 γὰρ
3329 4405 3518 4471 ἄλλως
3567 4408 3834 4484 ἐντροπῆς

2185 4491 2328 4564 ἄξιον
2387 4493 2438 4548 ἐν
2485 4495 2662 4567 τούτῳ
2711 4501 3170 4570 καταφρονεῖται·
3229 4501 3476 4569 γυναῖκες
3535 4501 3670 4574 γοῦν
3744 4499 3838 4554 ἆν-

2186 4581 2352 4657 δρῶν,
2391 4585 2476 4638 καὶ
2529 4581 2718 4647 παῖδες
2761 4585 3031 4660 πατέρων,
3071 4586 3160 4640 καὶ
3205 4587 3268 4640 τὸ
3314 4586 3694 4661 οἰκτρότατον,
3731 4611 3842 4662 μη-

433 4669 986 4755 281'Miseranda3
1053 4691 1304 4761 profecto
1361 4685 1508 4740 tales
1567 4683 1725 4736 fuere
1781 4677 1964 4749 epulas
2022 4679 2072 4731 et

2186 4674 2332 4747 τέρες
2387 4671 2594 4742 νηπίων
2653 4669 2950 4746 ἐξήρπαζον
3001 4671 3052 4742 ἐξ
3115 4674 3292 4728 αὐτῶν
3349 4678 3458 4729 τῶν
3545 4677 3838 4748 στομάτων

433 4784 678 4856 dignum
707 4779 978 4853 lacrymis
999 4791 1241 4851 prorsus
1269 4768 1688 4844 spectaculum.
1717 4764 2072 4819 Potentiores

434 4851 689 4944 na'mque
730 4851 1123 4936 abundabant,
1175 4861 1595 4935 superioraque
1652 4853 1848 4910 omnia
1895 4851 2071 4907 habe-

435 4962 573 5018 bant
593 4939 620 5016 -ε
653 4959 974 5016 imbecilles
1007 4965 1198 5012 autem
1249 4956 1307 5007 et
1349 4951 1552 5020 inopes
1583 4944 1862 5016 lugebant
1899 4946 1956 4997 et
1986 4939 2072 4994 la-

435 5053 868 5108 mentabantur.
920 5049 1122 5103 Fames
1172 5057 1342 5114 porro
1393 5054 1522 5094 cum
1575 5035 1826 5106 reliquas
1874 5046 2074 5088 omnes

433 5139 725 5200 antecellit
743 5153 1055 5202 erumnas,
1077 5137 1198 5188 tum
1227 5131 1502 5203 pudorem
1531 5125 1706 5183 etiam
1729 5123 1900 5179 tollit.
1926 5121 2070 5176 Nam

507 5269 584 5339 (l)
615 5288 644 5347 (ς
677 5265 755 5347 Eo
787 5262 942 5347 quod
964 5258 1379 5347 exs‘ultszei-int
1399 5271 1576 5347 super
1605 5249 2074 5347 amantissimum

436 5345 492 5396 et
510 5325 998 5412 probatissimum
1041 5332 1138 5388 Dei
1171 5331 1397 5412 Filium.
1431 5325 1701 5409 »_(Lact..)

509 5389 871 5483 (ἥγὲίῖέίόέιξ
887 5407 1142 5462 Joannes
1189 5407 1246 5459 et
1290 5389 1610 5483 Elcazarus,
1643 5389 1912 5475 intestini
1941 5389 2076 5483 belli

437 5465 642 5550 duces,
680 5465 988 5551 templum,
1019 5491 1218 5551 arcem
1267 5477 1324 5551 et
1371 5473 1660 5551 civitatem
1711 5466 2000 5551 sanguine
2023 5465 2080 5516 et

437 5533 1215 5623 (indeﬂciviﬁuinwreplerunt
1255 5543 1492 5623 (J_osepb
1551 5541 1658 5623 lib.
1713 5553 1790 5606 v1,
1823 5533 2076 5623 Ἰιιςίαἱοη

439 5606 669 5699 οᾶρξῦξ
703 5606 884 5680 Tacit.
918 5606 1020 5679 illi.
1049 5621 1188 5693 κει).
1231 5606 1798 5672 «Ῥθιννὶοδοὶεοίωοε
1830 5606 2078 5680 quisque

2180 4765 2279 4826 τὰς
2323 4765 2526 4840 τροφάς
2561 4782 2573 4798 ·
2633 4762 2724 4819 καὶ
2779 4767 2887 4820 τῶν
2947 4763 3222 4836 φιλτατων
3281 4763 3333 4819 ἐν
3375 4767 3536 4844 χερσὶ
3572 4788 3842 4842 μαραινο-

2188 4854 2380 4927 μένων,
2437 4852 2534 4908 of»:
2587 4852 2654 4919 ἦν
2725 4850 2894 4932 φειδὼ
2947 4852 3075 4915 τοὺς
3119 4858 3216 4910 τοῦ
3247 4858 3343 4928 ζῇν
3376 4854 3678 4934 ἀερελέσθαι
3707 4880 3844 4914 στα-

2185 4941 2452 5018 λαγμούς.
2502 4947 2735 4998 Τοιαῦτα
2787 4939 2834 4997 δ’
2891 4941 3180 5014 ἐσθίοντες,
3211 4945 3364 5017 ὅμως
3421 4945 3486 4999 οὐ
3543 4943 3844 5003 διελάνθα-

2183 5051 2288 5085 νον.
2325 5035 2611 5106 Πανταχοῢ
2661 5029 2706 5086 δ’
2747 5031 3027 5110 ἐφίσταντο
3060 5033 3111 5087 o't
3143 5053 3275 5088 στασ
3313 5033 3470 5090 ασταῖ
3501 5034 3594 5089 καὶ
3625 5036 3840 5092 τούτων

2183 5125 2301 5182 ταῖς
2360 5122 2648 5195 ἁρπαγαῖς.
2718 5123 2907 5176 Ὁπότε
2993 5121 3096 5198 γὰρ
3173 5119 3438 5177 κατίδοιεν
3521 5125 3842 5182 ἀποκεκλει·

2189 5246 2328 5319 illuc
2395 5249 2744 5319 perfugerat,
2811 5263 2990 5318 eoque
3055 5247 3391 5302 seditiosius
3459 5251 3741 5318 agebant.
3809 5275 3836 5303 ιο

2185 5318 2420 5402 (idem)
2453 5318 2686 5402 «sum
2717 5323 2984 5402 tempore
3015 5319 3363 5402 captivitatis
3391 5319 3654 5402 Judaicaa
3687 5325 3836 5394 prin-

2187 5389 2342 5461 cipes
2381 5393 2670 5452 exstitere,
2707 5390 2812 5462 qui
2844 5389 3113 5462 'Christos
3158 5407 3229 5462 se
3271 5407 3393 5446 esse
3435 5389 3724 5455 dicerent.
3779 5397 3834 5452 in

2187 5465 2431 5548 tantum,
2469 5466 2533 5545 ut
2561 5461 2965 5548 obsidentibus
2991 5461 3270 5548 Romanis
3289 5463 3699 5548 Hierosolyma
3727 5473 3836 5525 tres

2187 5533 2348 5590 intus
2389 5533 2604 5590 fuerint
2635 5534 2934 5590 factiones.
2973 5555 2994 5583 ιι
3027 5533 3483 5620 (Hieronymus)
