4016 6206
157 363 256 424 905

1163 357 1782 422 ECCLESIASTICE
1823 353 2213 417 HISTOBIIE
2255 352 2397 414 LIB.
2449 353 2551 414 lli.

3433 357 3552 418 906

159 493 348 568 σμένην
405 491 602 566 οἷκίαν,
636 497 864 568 σημεῖον
921 495 988 564 ἧν
1047 498 1233 565 τοῦτο,
1263 495 1391 556 τοὺς
1447 490 1594 550 ἔνοον
1625 513 1793 567 προσο

1908 508 2030 562 quas
2063 491 2120 546 in
2170 490 2344 546 rebus
2374 489 2506 547 aliis
2537 489 2758 549 obtinet
2787 494 3152 565 verecundia,
3185 511 3252 552 ea
3282 495 3343 552 in
3375 497 3548 552 famis

159 582 400 663 φέρεσθαι
465 583 692 658 τροφάς.
744 582 959 648 Εὐθέως
1016 581 1064 638 δ’
1121 581 1496 658 ἐξαῤῥσὶξαντες
1551 583 1647 646 τὰς
1701 579 1797 636 θύ-

159 695 266 748 ρας,
325 671 668 745 εἰσεπήδων·
700 673 789 728 καὶ
849 675 1015 745 μόνον
1076 672 1177 728 οὐκ
1233 672 1292 728 ἐκ
1334 678 1442 728 τῶν
1503 673 1791 748 φαρύγγων

159 759 536 826 ἀναθλίϐοντες
581 761 709 828 τοῦς
756 763 990 826 ἀκόλους
1038 762 1310 840 ἀνέφερον.
1363 763 1691 819 Ἐτύπταντο
1736 759 1794 816 δὲ

158 854 400 930 γέροντες
444 852 806 927 ἀντεχόμενοι
847 856 953 906 τῶν
1002 851 1208 909 σιτίων.
1262 851 1358 907 Καὶ
1406 853 1582 925 κόμας
1641 851 1794 906 ἐσπα-

160 945 417 1018 ράσσοντο
477 948 748 1018 γυναῖκες,
808 940 1278 1015 συγκαλύπτουσαι
1343 943 1410 995 τὰ
1475 940 1526 995 ἐν
1583 939 1790 1016 χερσίν.

161 1031 284 1090 Ούδέ
339 1053 425 1094 τις
485 1033 553 1102 ἦν
612 1032 793 1094 οἶκτος
850 1029 1048 1092 πολιᾶς
1103 1029 1139 1100 ἢ
1185 1031 1438 1101 νηπίων·
1485 1029 1630 1086 ἀλλὰ
1672 1051 1789 1084 συν-

159 1123 466 1182 επαίαοντες
515 1121 582 1174 τὰ
624 1117 814 1175 παιδία
851 1123 962 1175 τῶν
1007 1122 1202 1194 ψυμῶν
1243 1118 1633 1194 ἐκκρεμάμενα,
1666 1139 1792 1174 κατ-

160 1212 314 1266 έσειον
377 1211 455 1272 εἷς
511 1205 746 1289 ἔδαφος·
780 1214 897 1270 τοῖς
955 1206 1013 1264 δὲ
1069 1207 1296 1286 φθάσασι
1343 1211 1444 1279 τὴν
1491 1206 1788 1284 εἰσδρομὴν

157 1300 348 1368 αὐτῶν,
409 1299 499 1354 καὶ
573 1301 1006 1372 προκαταπιοῦσι
1059 1299 1124 1352 τὸ
1190 1297 1664 1373 ἁρπαγησόμενον,
1715 1298 1788 1360 ὡς

158 1386 500 1452 ἀδικηθέντες
537 1387 673 1455 ἦσαν
704 1386 1000 1462 ὠμότεροι.
1033 1388 1217 1448 Δεινὰς
1252 1385 1310 1443 δὲ
1343 1387 1588 1462 βασάνων
1629 1385 1789 1449 ὁδοὺς

157 1475 400 1533 ἐπενόουν
433 1475 572 1552 πρός
603 1473 818 1551 ἔρευναν
857 1482 1066 1554 τροφῆς
1089 1495 1102 1509 ⁸
1137 1471 1356 1551 ὀρόϐοις
1409 1477 1504 1550 μὲν
1546 1475 1790 1555 ἐμφράτ-

161 1587 328 1628 τοντες
388 1571 508 1628 τοῖς
565 1563 776 1628 ἀθλίοις
835 1564 961 1629 τοὺς
1014 1569 1122 1620 τῶν
1179 1563 1403 1620 αἰδοίων
1434 1566 1793 1640 πόρους,ῥά-

164 1651 308 1718 ϐδοις
361 1653 412 1710 δ’
459 1654 654 1724 ὀξείαις
703 1654 1084 1730 ἀναπείροντες
1130 1653 1225 1716 τὰς
1273 1652 1454 1726 ἕδρας.
1489 1655 1566 1710 Τἁ
1595 1656 1792 1734 φρικτὰ

159 1743 208 1800 δὲ
249 1745 340 1800 καὶ
391 1743 580 1806 ἀκοαῖς
628 1741 832 1820 ἔπασχέ
879 1764 960 1806 τις
1011 1743 1087 1805 εἷς
1127 1741 1530 1819 ἐξομολόγησιν
1563 1745 1675 1806 ἑνὸς
1707 1743 1791 1818 ἅρ-

1905 585 1962 636 et
1991 580 2195 636 inedia:
2228 579 2468 636 miseria
2517 581 2905 653 proculcetur.
2939 583 3240 656 Siquidem
3274 585 3549 642 mulieres

1904 687 1970 727 ex
2018 671 2292 737 virorum,
2343 669 2509 726 liberi
2560 686 2630 726 ex
2681 678 2934 742 patrum,
2979 681 3036 730 et
3075 674 3232 746 quod
3287 677 3552 732 omnium

1903 759 2410 816 luctuosissimum
2441 764 2546 830 est,
2572 767 2790 817 matres
2820 779 2889 817 ex
2919 760 3206 819 infantum
3241 781 3337 820 ore
3359 766 3556 822 cibum

1904 851 2216 921 rapientes,
2248 849 2652 906 extrahebant.
2693 851 2756 904 Et
2806 867 2939 906 cum
2973 852 3312 910 dulcissima
3342 857 3398 909 in
3434 871 3554 910 ma-

1903 939 2081 994 nibus
2110 954 2311 994 earum
2363 939 2604 1010 pignora
2659 949 3100 1012 marcescerent,
3142 949 3428 998 extremas
3456 947 3552 998 ta—

1903 1044 2032 1083 men
2065 1027 2180 1083 illis
2223 1028 2350 1082 νὶιω
2384 1027 2742 1084 sustinenda:
2772 1029 3042 1100 reliquias
3075 1033 3440 1088 auferebant.
3470 1035 3549 1087 Ae

1905 1133 1974 1170 ne
2005 1117 2088 1172 sic
2119 1117 2352 1188 quidem
2385 1116 2581 1172 cibum
2615 1117 2813 1173 furtim
2837 1119 3126 1190 capientes
3149 1119 3326 1176 latere
3359 1126 3550 1191 potue-

1880 1205 2057 1262 'runt.
2109 1206 2332 1260 Passim
2381 1205 2536 1262 enim
2583 1207 2748 1276 ipsis,
2807 1207 3104 1280 raptisque
3151 1225 3352 1264 eorum
3382 1209 3549 1280 cibis,

1899 1295 2162 1350 seditiosi
2203 1295 2501 1367 praedones
2549 1294 2952 1354 imminebant.
3005 1297 3349 1370 Ubicunque
3390 1299 3546 1354 enim

1902 1384 1987 1439 illi
2019 1384 2167 1439 mdes
2197 1383 2424 1440 clausas
2455 1385 2922 1456 conspexissent,
2971 1397 3206 1458 sumpto
3234 1387 3368 1442 inde
3393 1386 3548 1440 indi-

1902 1473 2010 1542 cio,
2043 1473 2240 1528 cibum
2273 1473 2433 1529 intus
2463 1473 2592 1543 capi
2623 1477 3044 1538 existimantes,
3099 1475 3305 1552 statim
3327 1477 3550 1532 toribus

1902 1563 2222 1632 perfractis,
2262 1577 2394 1617 cum
2429 1563 2649 1634 impetu
2691 1563 2747 1618 in
2800 1580 2892 1618 eas
2923 1564 3255 1619 insiliebant
3287 1581 3300 1619 :
3344 1570 3401 1620 et
3434 1573 3556 1619 tan-

1904 1659 2030 1708 tum
2064 1669 2177 1708 non
2207 1668 2275 1707 ex
2305 1653 2451 1724 ipsis
2484 1654 2747 1708 faucibus
2767 1654 3113 1710 miserorum
3148 1654 3551 1710 minutissima

1903 1743 2091 1796 frusta
2133 1741 2512 1808 excutientes,
2565 1741 2800 1798 reddere
2845 1745 3149 1814 cogebant.
3202 1744 3555 1798 Verberibus

156 1855 260 1904 του,
292 1835 384 1890 καὶ
431 1833 526 1888 ἰνα
577 1833 790 1907 μηνύσῃ
839 1830 1008 1908 δράκα
1060 1835 1186 1904 μίαν
1217 1835 1602 1906 κεκρυμμένων
1629 1831 1790 1905 ἀλφί-

1908 1830 2314 1886 at‘liciebantur
2365 1847 2555 1898 senes,
2605 1831 2808 1902 epulas
2865 1849 3004 1887 suas
3064 1837 3548 1904 propugnantes:

159 1945 278 1980 των.
311 1924 378 1978 Οἱ
443 1923 757 1995 βασανισταὶ
803 1919 849 1976 δ’
899 1921 998 1976 ούκ
1047 1920 1306 1976 ἐπείνων·
1344 1921 1434 1976 καὶ
1479 1923 1578 1997 γὰρ
1620 1925 1789 1991 ἧττον

157 2011 350 2084 ἄνομον
408 2010 475 2080 ἦν
531 2010 594 2066 τὸ
654 2011 788 2084 μετᾶ
843 2010 1080 2081 ἀνάγκης
1107 2029 1118 2042 ·
1160 2011 1522 2085 γυμνάζοντες
1579 2011 1636 2066 δὲ
1691 2013 1788 2079 την

156 2100 433 2168 ἀπόνοιαν,
482 2099 574 2153 καὶ
642 2100 1246 2172 προπαρασκευάζοντες
1309 2099 1522 2161 ἑαυτοῖς
1579 2097 1654 2160 εἷς
1697 2101 1794 2161 τὰς

157 2187 265 2257 ἑξῆς
323 2189 543 2260 ἡμέρας
590 2185 798 2266 ἐφόδια,
830 2191 946 2248 τοῖς
994 2183 1039 2240 δ’
1069 2185 1154 2241 ἐπὶ
1207 2188 1307 2254 τὴν
1357 2191 1465 2241 τῶν
1504 2188 1790 2260 Ῥωμαίων

155 2278 389 2354 φρουρὰν
435 2275 648 2350 νύκτωρ
691 2275 1035 2349 ἐξερπύσασιν
1077 2275 1164 2330 ἐπὶ
1210 2275 1464 2350 λαχάνων
1509 2276 1788 2349 συλλογήν

155 2367 348 2440 ἀγρίων
396 2366 488 2420 καὶ
549 2366 708 2427 πόας.
757 2366 1094 2426 ὑπαντῶντες
1143 2365 1222 2420 ὅτ’
1273 2364 1382 2434 ἤδη
1440 2366 1568 2421 τοὺς
1625 2366 1792 2421 πολε-

156 2455 305 2526 μίους
364 2452 778 2532 διαπεφευγέναι
826 2451 1074 2522 ἐδόκουν,
1131 2453 1448 2531 ἀφήρπαζον
1505 2457 1572 2511 τὰ
1627 2477 1794 2527 κομι-

154 2547 360 2600 σθέντα⁸
412 2544 503 2599 καὶ
553 2541 825 2605 πολλάκις
856 2544 1202 2598 ἱκετευόντων
1247 2544 1336 2598 καὶ
1394 2545 1456 2598 τὸ
1505 2545 1796 2622 φρικτότα-

154 2655 239 2690 τον
277 2633 730 2706 ἐπικαλουμένων
779 2631 956 2707 ὄνομα
997 2637 1094 2690 τοῦ
1141 2639 1299 2704 Θεοῦ,
1337 2631 1657 2707 μεταδοῦναι
1700 2636 1793 2707 μέ-

155 2745 245 2798 ρος
299 2725 492 2784 αὐτοῖς
546 2725 620 2778 ὧν
669 2721 1103 2786 κινδυνεύσαντες
1151 2725 1403 2800 ἤνεγκαν,
1447 2723 1560 2778 οὐδ’
1609 2725 1790 2780 ὁτιοῦν

159 2813 470 2885 μετέδοσαν.
500 2815 818 2890 Ἀγαπητὸν
844 2811 890 2868 δ’
919 2814 986 2883 ἦν
1015 2815 1079 2869 τὸ
1112 2815 1190 2886 μὴ
1222 2815 1312 2868 καὶ
1351 2812 1794 2888 προσαπολέσθαι

154 2901 348 2972 σεσυλη
363 2905 580 2973 μένους.
617 2928 638 2953 ι
675 2903 898 2963 Τούτοις
934 2903 1052 2976 μεθ’
1079 2899 1237 2978 ἕτερα
1285 2903 1526 2982 ἐπιφέρει
1577 2903 1752 2979 λέγων
1775 2921 1791 2936 ·

152 3014 178 3041 ι(
209 2989 502 3053 Ἰουδαίοις
535 2988 591 3046 δὲ
625 2992 761 3064 μετὰ
794 2995 901 3045 τῶν
953 2988 1148 3060 ἐξόδιον
1195 2991 1442 3062 ἀπεκόπη
1491 2997 1632 3046 πᾶσα
1683 3013 1790 3045 σω-

149 3079 338 3154 τηρίας
399 3079 584 3142 ἐλπίς.
649 3081 748 3136 Καὶ
809 3080 1042 3154 βαθύνας
1109 3081 1294 3136 ἑαυτὸν
1351 3081 1380 3136 ὁ
1438 3081 1620 3154 λιμὸς,
1678 3079 1795 3134 κατ’

151 3171 328 3233 οἴκους
385 3173 480 3226 καὶ
542 3172 723 3246 γενεὰς
777 3172 868 3225 τὸν
926 3168 1102 3242 δῆμον
1159 3165 1522 3226 ἐπεϐόσκετο·
1583 3172 1671 3225 καὶ
1727 3168 1794 3223 τα

152 3261 241 3334 μὲν
297 3259 438 3336 τέγη
493 3257 832 3334 πεπλήρωτο
889 3264 1159 3337 γυναικῶν
1213 3263 1300 3316 καὶ
1359 3262 1568 3337 βρεφῶν
1619 3259 1788 3315 λελυ-

153 3350 346 3421 μένων,
382 3349 436 3404 οἱ
485 3349 753 3404 στενωποὶ
803 3346 860 3404 δέ
905 3350 1178 3423 γερόντων
1229 3355 1454 3422 νεκρῶν.
1493 3347 1682 3410 Παῖδες
1733 3345 1791 3403 δὲ

149 3441 233 3495 καὶ
291 3439 502 3496 νεανίαι
575 3436 927 3510 διοιδοῦντες,
985 3437 1166 3514 ὥσπερ
1225 3438 1430 3495 εἴδωλα
1486 3439 1623 3493 κατὰ
1697 3437 1790 3499 τὰς

149 3528 343 3604 ἀγορὰς
406 3527 746 3599 ἀνειλοῦντο,
803 3529 892 3583 καὶ
957 3529 1308 3597 κατέπιπτον,
1365 3527 1490 3582 ὅποι
1553 3528 1672 3582 τινὰ
1727 3526 1790 3580 τὸ

151 3620 318 3681 πάθος
373 3614 816 3692 καταλαμϐάνοι.
849 3617 1077 3674 Θάπτειν
1134 3615 1192 3672 δὲ
1245 3617 1372 3678 τοὺς
1419 3619 1792 3689 προσήκοντας

148 3709 274 3763 οῦτο
320 3704 531 3783 ὅσχυον
579 3709 632 3762 οἱ
675 3707 991 3781 κάμνοντες,
1021 3707 1112 3762 καὶ
1159 3708 1222 3762 τὸ
1257 3703 1562 3761 διευτονοῦν
1609 3704 1792 3772 ὤκνει,

149 3793 234 3850 διά
289 3817 352 3852 τε
408 3797 473 3852 τὸ
533 3795 746 3862 πλῆθος
805 3801 910 3852 τῶν
968 3800 1190 3864 νεκρῶν,
1222 3795 1310 3850 καὶ
1356 3795 1417 3850 τὸ
1469 3795 1604 3850 κατᾶ
1657 3799 1794 3871 σφᾶς

147 3883 382 3955 ἐιδηλον.
451 3883 668 3942 Πολλοὶ
725 3885 829 3960 γὰρ
883 3890 999 3946 τοῖς
1058 3885 1144 3940 ὑπ’
1210 3883 1384 3940 αὐτῶν
1435 3883 1796 3954 θαπτομένοις

151 3974 602 4045 ἐπαπέθνησκον·
657 3971 868 4029 πολλοὶ
915 3970 962 4028 δ’
1001 3972 1086 4028 ἐπὶ
1136 3973 1230 4035 τας
1279 3974 1470 4043 θήκας,
1513 3972 1642 4046 πρὶν
1689 3968 1803 4026 ἒπιο

149 4070 340 4132 στῆναι
387 4064 454 4118 τὸ
513 4062 723 4140 χρεὼν,
752 4059 1200 4138 προῆλθον.οῦτε
1259 4059 1314 4116 δὲ
1370 4063 1566 4135 θρῆνος
1600 4058 1652 4115 ἒν
1679 4066 1800 4122 ταῖς

149 4157 490 4230 συμφοραῖς,
522 4149 646 4207 οὔτε
675 4149 997 4226 ὀλοφυρμὸς
1024 4151 1090 4220 ἦν
1115 4171 1128 4184 ·
1162 4149 1308 4206 ἀλλὰ
1340 4151 1368 4206 ὁ
1399 4151 1564 4224 λιμὸς
1595 4150 1803 4226 ἤλεγχε

147 4245 211 4297 τὰ
259 4243 441 4313 πάθη.
470 4245 683 4312 Ξηροῖς
735 4238 792 4295 δὲ
827 4246 947 4304 τοῖς
991 4237 1202 4314 ὄμμασι
1249 4241 1339 4296 καὶ
1389 4241 1646 4314 σεσηρόσι
1685 4245 1803 4302 τοῖς

149 4334 415 4408 στόμασιν
466 4333 520 4388 οἱ
578 4329 1026 4396 δυσθανατοῦντες
1077 4333 1332 4408 ἐφεώρων
1395 4331 1521 4393 τοὺς
1581 4330 1807 4408 φθάσαν-

147 4443 237 4485 τας
291 4421 735 4478 ἀναπαύσασθαι.
793 4423 990 4477 Βαθεῖα
1053 4417 1111 4475 δὲ
1181 4422 1282 4490 τὴν
1340 4419 1502 4476 πόλιν
1559 4423 1812 4494 περιεῖχε

148 4515 297 4588 σιγή,
329 4513 429 4568 καί
479 4511 570 4585 νὺξ
612 4511 844 4566 θανάτου
901 4509 1146 4586 γέμουσα
1174 4532 1187 4546 ο
1221 4512 1308 4566 καὶ
1368 4510 1575 4566 τούτων
1619 4511 1674 4566 οἱ
1721 4509 1816 4584 λῃ·

1900 1919 2121 1990 capillis
2156 1923 2538 1990 raptabantur
2569 1921 2862 1988 mulieres,
2887 1923 3046 1978 cibos
3077 1938 3224 1992 quos
3257 1922 3555 1976 habebant

1900 2014 2282 2066 occultantes.
2315 2009 2486 2065 Nulla
2515 2009 2766 2076 canitiei,
2793 2011 2950 2066 nulla
2975 2019 3178 2066 tenerae
3210 2011 3397 2065 aetatis
3428 2015 3552 2064 erat

1901 2099 2333 2154 commiseratio
2364 2114 2379 2154 :
2414 2100 2515 2154 sed
2550 2099 2786 2171 puellos.
2811 2115 2923 2154 una
2965 2115 3101 2156 cum
3133 2099 3397 2155 ciborum
3431 2099 3552 2153 fru-

1901 2189 2028 2254 stis,
2063 2205 2208 2260 quos
2261 2189 2321 2244 in
2369 2205 2469 2244 ore
2519 2189 2830 2254 habebant,
2877 2189 2935 2243 in
2987 2189 3240 2244 sublime
3271 2189 3556 2256 sublatos,

1903 2279 2025 2336 solo
2063 2280 2400 2334 allidebant.
2441 2280 2497 2334 Si
2532 2281 2631 2349 qui
2664 2285 2858 2334 autem
2901 2279 3351 2350 impressionem
3382 2284 3559 2349 atque

1901 2369 2181 2439 impetum
2230 2385 2431 2424 eorum
2489 2371 2920 2440 praevenissent,
2977 2375 3034 2422 et
3075 2368 3129 2422 id
3162 2369 3315 2438 quod
3352 2367 3434 2422 illi
3467 2383 3554 2422 ra-

1903 2458 2058 2530 pturi
2091 2460 2317 2513 fuerant
2337 2459 2767 2528 deglutiissent,
2791 2463 2910 2512 tum
2935 2457 3017 2511 illi
3045 2463 3318 2528 tanquam
3340 2456 3556 2524 injuria

1901 2547 2118 2612 allecti,
2148 2547 2447 2602 ferociores
2478 2546 2946 2617 crudelioresque
2978 2547 3212 2613 fiebant,
3247 2549 3300 2600 et
3331 2545 3554 2616 gravis-

1903 2635 2050 2690 sima
2081 2637 2152 2690 ad
2185 2635 2381 2690 cilium
2417 2635 2833 2706 inquirendum
2865 2640 3294 2689 tormentorum
3327 2634 3553 2690 crucia-

1904 2732 2186 2794 tuumque
2216 2739 2430 2792 genera
2460 2723 2880 2792 excogitabant.
2917 2723 3143 2778 Meatus
3166 2737 3422 2792 namque
3452 2737 3556 2792 pu-

1901 2813 2228 2867 dendorum
2284 2811 2640 2867 calamitosis
2697 2810 3035 2866 hominibus
3093 2827 3226 2866 ervo
3283 2811 3552 2865 immisso

1902 2901 2274 2956 obturabant.
2307 2900 2671 2964 Quibusdam
2703 2901 2761 2956 in
2811 2917 3023 2956 arcana
3054 2900 3282 2954 aedium
3319 2899 3438 2954 loco
3470 2899 3551 2970 (id

1903 2987 2058 3058 quod
2106 2988 2311 3042 auditu
2361 2987 2716 3043 horrendum
2757 2989 2866 3056 est)
2919 2987 3165 3058 perticas
3211 2989 3408 3040 acutas
3455 3000 3554 3054 per

1903 3077 2014 3131 vim
2047 3075 2422 3132 immitebant
2452 3081 2514 3130 ut
2543 3075 2629 3131 vel
2665 3091 2866 3147 panem
2899 3091 3102 3144 unum,
3136 3074 3221 3129 vel
3252 3071 3551 3128 occultata:

1905 3166 2103 3221 farinae
2153 3165 2438 3238 pugillum
2486 3165 2832 3221 indicarent.
2883 3163 3198 3220 Carniﬁces
3238 3170 3434 3218 autem
3469 3161 3550 3217 illi

1906 3273 2019 3310 non
2053 3270 2254 3309 omnes
2283 3255 2532 3323 egebant
2560 3270 2574 3308 :
2600 3261 2656 3309 et
2677 3253 2894 3322 injuria
2925 3252 3308 3322 violentiaque
3329 3265 3552 3316 eorum,

1901 3349 2132 3415 propter
2190 3344 2614 3409 necessitatem,
2677 3342 2833 3412 juris
2891 3343 3293 3412 aequitatisque
3359 3339 3552 3396 locum

1899 3433 2313 3501 obtinuissent,
2364 3433 2465 3487 sed
2517 3431 2841 3487 vecordiam
2891 3448 3062 3487 suam
3115 3430 3302 3501 palam
3345 3444 3459 3498 pm
3490 3443 3554 3482 se

1902 3523 2170 3587 ferentes,
2220 3520 2562 3576 alimentum
2611 3525 2894 3589 tanquam
2943 3519 3219 3574 viaticum
3251 3514 3364 3571 sibi
3395 3515 3554 3585 rapi-

1903 3615 1993 3669 nis
2020 3613 2080 3668 in
2113 3613 2376 3666 futurum
2400 3619 2632 3681 tempus
2656 3611 2960 3680 parabant.
2983 3613 3063 3666 Ac
3083 3609 3128 3663 si
3162 3608 3258 3679 qui
3285 3609 3456 3661 noctu
3481 3621 3550 3660 ex

1905 3706 2049 3760 urbe
2079 3702 2226 3757 clam
2263 3703 2320 3756 in
2354 3701 2749 3756 Romanorum
2783 3706 2974 3756 castra
3003 3709 3060 3756 et
3091 3697 3446 3754 munitiones
3477 3695 3549 3750 ad

1905 3795 2062 3850 olera
2091 3793 2416 3863 herbasque
2438 3801 2695 3863 agrestes
2716 3791 3076 3864 colligendas
3103 3787 3547 3860 prorepsissent,

1905 3899 2038 3939 cum
2072 3881 2270 3936 miseri
2302 3880 2386 3935 illi
2425 3898 2485 3936 se
2518 3881 2774 3936 hostium
2805 3881 3102 3936 custodias
3135 3878 3384 3932 fallendo
3414 3891 3548 3930 eva-

1907 3974 2052 4029 sisse
2080 3971 2400 4040 crederent,
2433 3973 2490 4026 in
2512 3970 2778 4025 ‘latrones
2817 3986 2917 4026 eos
2948 3968 3300 4033 incidebant,
3333 3967 3435 4035 qui
3464 3963 3548 4018 eis

1909 4059 2063 4132 quod
2094 4059 2426 4114 attulissent
2457 4059 2814 4130 diripiebant
2843 4075 2857 4113 :
2891 4064 2948 4113 et
2990 4073 3124 4112 cum
3159 4071 3310 4125 sepe
3339 4053 3551 4108 miser-

1913 4149 2044 4204 rimi
2075 4147 2159 4202 illi
2204 4147 2494 4208 mortales.
2548 4147 2830 4202 horrendo
2869 4145 2972 4202 Dei
3018 4145 3280 4199 invocato
3321 4141 3556 4197 nomine

1911 4237 2287 4311 praedonibus
2314 4235 2388 4292 ad
2421 4236 2594 4306 pedes
2615 4251 2810 4291 eorum
2833 4236 3116 4304 provoluti
3139 4231 3560 4304 supplicarent,

1919 4326 2075 4384 282
2126 4335 2182 4380 ut
2230 4326 2538 4381 minimam
2597 4325 2804 4380 saltem
2865 4330 3085 4394 partem
3145 4319 3364 4394 pabuli,
3411 4317 3567 4390 quod

1920 4422 2177 4472 extremo
2217 4413 2372 4469 adito
2423 4413 2675 4484 periculo
2724 4413 3088 4479 attulissent,
3121 4413 3206 4467 eis
3236 4409 3568 4473 redderent,

1925 4503 2072 4560 nihil
2104 4520 2347 4574 prorsus
2388 4503 2763 4573 recipiebant.
2797 4503 2947 4568 Quin
2984 4501 3126 4558 bene
3163 4500 3338 4555 etiam
3369 4510 3568 4552 secum

146 4581 694 4678 παῖ-χαλεπώτεροι
719 4621 732 4634 ·
765 4581 1262 4674 τυμϐωρυχοῦντες
1293 4605 1423 4674 γοῦν
1463 4601 1559 4663 τὰς
1610 4581 1793 4666 οἰκίας,

1915 4597 2007 4666 agi
2041 4594 2349 4664 putabant,
2405 4592 2454 4646 si
2505 4593 2576 4647 ad
2628 4607 2760 4646 eum
2815 4591 3054 4647 modum
3097 4585 3412 4678 dispoliati.
3455 4599 3570 4678 non

143 4691 359 4748 ἐσύλων
421 4689 550 4752 τοὺς
608 4689 870 4759 νεκρούς·
905 4690 996 4744 καὶ
1049 4689 1117 4744 τὰ
1163 4687 1502 4761 καλύμματα
1557 4693 1666 4744 τῶν
1703 4709 1816 4743 σω-

149 4781 338 4852 μάτων
385 4779 780 4856 περίσπῶντες,
825 4779 961 4848 μετᾶ
1005 4777 1251 4854 γέλωτος
1301 4778 1522 4854 ἐξῄεσαν
1550 4796 1562 4808 ·
1619 4781 1714 4838 τάς
1758 4797 1816 4832 τε

145 4869 330 4942 ἀκμὰς
393 4873 502 4923 τῶν
563 4869 734 4944 ξιφῶν
795 4863 1126 4936 ἐδοκίμαζον
1177 4867 1227 4921 ἐν
1266 4872 1384 4928 τοῖς
1413 4865 1694 4938 πτώμασι,
1725 4865 1815 4918 καί

144 4979 291 5020 τινας
355 4962 470 5012 τῶν
531 4953 878 5030 ἐρριμμένων
947 4953 1026 5010 ἔτι
1089 4960 1298 5026 ζῶντας
1373 4953 1668 5026 διήλαυνον
1727 4951 1812 5008 ἐπὶ

145 5046 310 5120 πείρᾳ
371 5049 472 5100 τοῦ
553 5041 806 5119 σιδήρου.
840 5046 973 5106 Τοὺς
1043 5042 1100 5099 δὲ
1186 5045 1520 5104 ἱκετεύοντας
1573 5043 1815 5116 χρῆσθαι

145 5135 294 5213 σφίσι
359 5132 541 5206 δεξιὰν
594 5133 684 5187 καὶ
741 5132 897 5210 ξίφος
953 5137 1034 5204 τῷ
1084 5132 1236 5206 λιμῷ
1284 5130 1577 5188 κατέλιπον
1621 5131 1818 5202 ὑπερη-

145 5229 476 5304 φανοῦντες.
527 5221 627 5278 Καὶ
713 5225 820 5276 τῶν
901 5220 1230 5278 ἐκπνεόντων
1306 5219 1531 5278 ἕκαστος
1617 5219 1819 5289 ἀπηνὲς

146 5315 224 5378 εἰς
265 5313 370 5369 τὸν
423 5312 559 5366 νεὼν
605 5310 838 5387 ἐφεώρα,
869 5309 996 5373 τοὺς
1055 5311 1380 5374 στασιαστὰς
1433 5314 1639 5379 ζῶντας
1685 5307 1823 5362 ἀπο-

147 5401 460 5460 λιπών.οὶ
519 5396 577 5454 δὲ
631 5400 694 5454 τὸ
755 5400 850 5471 μὶν
909 5404 1126 5474 πρῶτον
1187 5397 1247 5454 ἐκ
1294 5404 1392 5455 τοῦ
1425 5397 1698 5471 δημοσίου
1730 5399 1822 5465 θη.

145 5497 363 5568 σαυροῦ
424 5489 551 5551 τοῦς
610 5487 834 5564 νεκροὺς
886 5488 1102 5544 θάπτειν
1162 5488 1435 5554 ἐκέλευον,
1487 5489 1583 5556 τήν
1645 5485 1822 5553 ὀσμὴν

145 5584 210 5639 οὐ
259 5581 568 5662 φέροντες·
618 5571 805 5634 ἔπειτα
853 5578 926 5640 ὡς
973 5576 1035 5632 ού
1083 5575 1365 5649 διήρκουν,
1396 5577 1508 5632 ἀπὸ
1559 5579 1667 5631 τῶν
1709 5595 1822 5630 τειο

141 5661 597 5751 χῶνίὶρῥίπτουν
630 5667 707 5734 εἷς
739 5667 833 5731 τὰς
882 5666 1184 5746 φάραγγας.
1219 5667 1456 5744 Περιιὼν
1518 5662 1576 5721 δὲ
1625 5661 1826 5726 ταύτας

485 5770 749 5835 Panos.
794 5771 904 5834 Gn.
947 5769 1175 5834 CXLV.

1923 4681 2494 4742 contrucidarentur.
2550 4703 2578 4732 »
2629 4681 2730 4736 His
2780 4681 3054 4749 deinceps
3103 4679 3219 4732 alia
3248 4671 3572 4742 subjungit,

1924 4775 2124 4828 dicens
2159 4789 2172 4826 :
2220 4791 2246 4822 ιι
2281 4771 2501 4826 Judaeis
2535 4788 2702 4841 porro
2743 4775 2801 4824 et
2831 4769 3019 4824 exitus
3051 4767 3119 4820 ad
3157 4767 3347 4834 fugam
3380 4759 3574 4812 omnis

1927 4861 2246 4930 praeclusus
2277 4864 2333 4912 et
2363 4874 2494 4927 spes
2523 4857 2729 4912 salutis
2763 4871 3000 4928 prorsus
3033 4852 3276 4923 praecisa
3306 4853 3447 4902 erat.
3476 4846 3577 4900 Fa-

1927 4967 2050 5005 mes
2080 4956 2283 5004 autem
2307 4948 2684 5012 invalescens,
2705 4949 3038 5016 passimque
3067 4959 3168 5013 per
3190 4941 3394 4994 domos
3415 4942 3472 4991 et
3495 4937 3576 4989 fa-

1929 5037 2124 5092 milias
2151 5037 2432 5109 p0pulum
2454 5037 2777 5108 depascens
2800 5033 3117 5088 crescebat.
3143 5029 3357 5084 Domus
3381 5024 3583 5080 umile-

1927 5143 2058 5182 rum
2075 5128 2436 5183 etint'antum
2461 5126 2835 5181 cadaveribus
2851 5121 3030 5191 plenae
3045 5118 3302 5174 erant.ln
3321 5115 3586 5186 angipor-

1929 5217 2083 5272 tibus
2113 5220 2325 5288 passim
2349 5231 2518 5271 senes
2555 5211 2762 5270 mortui
2788 5211 3080 5280 jacebant.
3113 5198 3280 5264 Pueri
3311 5211 3504 5260 autem
3530 5207 3590 5256 et

1930 5305 2325 5360 adolescentes
2360 5301 2884 5359 intumescentibus
2916 5298 3280 5370 corporibus,
3315 5305 3588 5362 tanquam

1931 5394 2084 5449 idola
2113 5399 2170 5450 et
2199 5393 2516 5449 simulacra
2541 5396 2595 5444 in
2627 5393 2749 5445 foro
2774 5392 3237 5451 circumeuntes,
3263 5384 3599 5450 ubicunque

1931 5499 2218 5554 quemque
2247 5498 2419 5535 casus
2473 5484 2842 5549 occupasset,
2895 5477 3308 5532 concidebant.
3345 5469 3601 5542 Sepelire

1932 5591 2063 5630 vero
2091 5591 2296 5644 genere
2329 5571 2439 5627 sibi
2472 5577 2572 5626 aut
2595 5567 3033 5624 necessitudine
3068 5567 3182 5622 alia
3223 5563 3600 5634 conjunctae,

1930 5661 2208 5720 imbecilli
2255 5676 2370 5719 non
2414 5660 2684 5733 poterant
2719 5672 2735 5714 :
2769 5655 3119 5713 valentiores
3161 5659 3366 5712 autem
3399 5652 3599 5708 horre-

3179 5753 3257 5816 29
