4016 6206
409 314 525 374 90⁸1

1713 310 2136 375 NICEPHORI
2180 313 2532 378 CALLISTI

3699 320 3828 381 908

411 449 572 516 bant,
607 463 736 504 cum
787 449 1024 520 propter
1063 449 1408 500 cadaverum
1444 443 1902 513 multitudinem,
1934 452 2060 504 tum

2177 450 2205 502 ὁ
2237 453 2418 516 Τῖτος,
2451 449 2526 511 ὡς
2575 445 2826 502 ἐθεάσατο
2871 446 3261 522 πεπλησμένας
3315 453 3422 504 τῶν
3472 454 3698 518 νεκρῶν,
3733 453 3829 506 καὶ

413 543 566 612 quod
604 541 832 610 Ipsimet
865 541 934 590 de
963 537 1080 590 vita
1113 553 1220 589 sua
1251 536 1454 588 incerti
1480 541 1695 589 essent.
1733 535 1898 590 Multi
1933 553 2062 593 vero

413 633 586 687 etiam
619 632 702 684 eis
736 643 881 698 quos
915 627 1294 697 sepeliebant,
1329 623 1818 680 immoriebantur
1852 642 1865 680 :
1895 627 2062 680 multi

413 722 474 775 in
527 719 742 774 loculos
793 733 930 771 suos
987 725 1042 772 et
1089 719 1354 786 sepulcra
1413 715 1574 785 prius
1619 717 2062 786 descendebant,

415 825 590 882 quam
623 817 880 862 extrema
911 809 1144 862 adesset
1177 807 1510 859 necessitas.
1563 805 1756 872 Neque
1799 807 2066 875 planctus

413 900 586 966 ullus,
639 912 824 967 neque
874 895 1128 964 ejulatus
1176 895 1233 948 in
1280 893 1572 964 ejusmodi
1619 893 1885 949 cladibus
1915 901 2061 964 erat,

421 989 522 1044 sed
575 989 755 1044 fames
803 987 1134 1042 affectiones
1183 983 1326 1040 tales
1357 983 1720 1056 praepediens
1749 985 2066 1056 redargue-

412 1080 512 1136 bat
544 1095 558 1136 :
589 1078 762 1134 siccis
795 1077 979 1133 oculis
1010 1079 1066 1131 et
1114 1089 1212 1130 ore
1261 1073 1470 1140 hianti,
1522 1073 1622 1144 qui
1667 1089 1816 1145 aegre
1843 1075 2062 1130 morie-

411 1170 650 1237 bantur,
702 1167 846 1222 alios
894 1180 952 1221 se
1001 1165 1061 1220 in
1111 1167 1296 1220 morte
1337 1163 1752 1234 prmvenientes
1783 1163 2064 1234 inspicie-

415 1259 576 1313 bant.
608 1260 670 1313 1n
703 1259 844 1312 urbe
876 1255 1058 1310 altum
1099 1257 1222 1308 erat
1259 1253 1580 1322 silentium,
1623 1261 1678 1307 et
1725 1258 1896 1309 noctu
1931 1253 2062 1325 plu-

416 1348 564 1402 rima
614 1347 818 1403 mortis
847 1345 1037 1416 imago
1069 1361 1088 1399 :
1137 1347 1538 1398 verumtamen
1581 1341 1754 1397 tantis
1784 1343 2062 1398 aerumnis

415 1442 472 1492 et
501 1436 767 1492 cladibus
803 1435 1100 1506 praedones
1127 1435 1298 1503 longe
1325 1436 1488 1487 erant
1515 1432 1826 1503 graviores.
1861 1431 2062 1502 Sepul-

415 1543 514 1583 cra
543 1527 698 1580 enim
748 1525 1103 1588 effodientes,
1138 1523 1412 1576 cadavera
1461 1521 1796 1591 spoliabant
1828 1538 1842 1576 :
1876 1527 1934 1576 et
1964 1522 2061 1576 de-

414 1618 614 1674 tractis
643 1615 874 1670 illorum
920 1615 1172 1670 vestibus
1202 1628 1334 1666 cum
1377 1613 1492 1666 risu
1526 1613 1698 1667 etiam
1735 1615 2062 1684 progredie-

413 1709 646 1763 bantur.
699 1704 1028 1761 Gladiorum
1078 1701 1231 1758 acies
1281 1702 1341 1756 in
1390 1701 1768 1756 cadaveribus
1805 1703 2064 1772 experie-

413 1796 628 1850 bantur
663 1810 674 1848 :
710 1795 1000 1863 quosdam
1041 1791 1212 1846 etiam
1248 1790 1346 1861 qui
1383 1789 1544 1843 bumi
1575 1790 1742 1844 strati
1769 1791 2061 1858 jacebant,

413 1893 586 1956 atque
615 1885 790 1940 etiam
821 1889 948 1938 tum
1001 1880 1302 1953 paululum
1347 1879 1670 1949 spirabant,
1704 1895 1871 1934 enses
1916 1881 2064 1950 peri-

415 1977 672 2032 clitaturi
705 1973 1132 2028 confodiebant.
1175 1971 1232 2025 Si
1267 1969 1366 2040 qui
1401 1985 1530 2022 vero
1561 1967 1878 2038 supplices,
1910 1969 2060 2036 illos,

419 2073 480 2121 ut
509 2066 619 2120 sibi
660 2079 776 2134 prae
825 2061 994 2117 famis
1045 2059 1414 2114 intolerantia
1467 2069 1708 2112 mortem
1757 2057 2060 2126 inferrent,

417 2159 810 2217 obsecrarent,
842 2168 940 2207 eos
967 2149 1384 2206 contumeliose
1409 2146 1641 2202 relictos
1665 2145 2061 2217 praeteribant.

423 2247 491 2301 Et
521 2246 622 2317 qui
655 2253 770 2299 tam
809 2242 1013 2297 misere
1031 2241 1422 2309 exspirabant,
1447 2239 1518 2292 ad
1545 2237 1831 2308 templum
1867 2239 2062 2307 ipsum

417 2338 690 2392 continue
718 2349 851 2388 cum
885 2331 1104 2396 dolore,
1127 2330 1286 2384 vivos
1310 2329 1701 2400 relinquentes
1724 2326 2060 2393 seditiosos,

415 2425 844 2496 respectabant.
896 2423 972 2475 Ac
1006 2420 1254 2490 primum
1288 2419 1524 2487 quidem
1559 2414 1788 2486 publico
1819 2421 2060 2486 sumptu

415 2518 715 2580 cadavera,
769 2517 1002 2582 propter
1043 2507 1471 2562 intolerandum
1505 2505 1781 2570 (αξιοι-θα),
1814 2504 2063 2574 sepelie-

415 2607 666 2660 bantur:
701 2619 834 2656 cum
871 2615 1004 2655 vero
1043 2599 1166 2669 jam
1217 2596 1580 2652 tumulandis
1625 2595 1708 2650 eis
1757 2592 2060 2648 libitinarii

415 2712 530 2751 non
587 2693 940 2755 sufficerent,
1018 2703 1047 2742 e
1099 2702 1260 2740 muro
1311 2687 1368 2740 in
1421 2685 1609 2739 fossas
1659 2683 2056 2754 projiciebant.

413 2788 560 2850 Quas
591 2783 758 2838 Titus
790 2779 1104 2850 aliquando
1135 2777 1511 2836 circumiens.
1553 2791 1684 2829 cum
1720 2772 2060 2842 corporibus

413 2872 682 2943 repletas,
714 2875 772 2924 et
803 2868 1226 2923 redundantem
1271 2881 1340 2920 ex
1369 2863 1771 2918 diffluentibus
1799 2862 1916 2916 illis
1949 2861 2060 2914 mi-

413 2971 568 3019 stum
619 2966 754 3018 tabo
806 2965 863 3015 et
905 2957 1068 3013 sanie
1117 2971 1382 3012 cruorem
1415 2957 1691 3020 cerneret,
1723 2953 2056 3022 suspiravit,

412 3065 464 3112 et
501 3053 771 3108 manibus
791 3049 1038 3105 sublatis
1061 3047 1238 3102 Deum
1263 3051 1351 3100 est
1372 3048 1638 3108 testatus,
1665 3059 1778 3096 non
1801 3057 1862 3096 se
1886 3047 2057 3095 tantas

411 3145 596 3202 cladis
646 3143 936 3196 auctorem
987 3153 1133 3192 esse.
1171 3157 1198 3186 n
1230 3136 1352 3190 Sub
1403 3134 1521 3188 hac
1562 3133 1824 3203 quasdam
1859 3130 1971 3185 alia
1999 3131 2056 3186 in

2180 539 2342 612 βαθὺν
2395 537 2575 612 ἰχῶρα
2635 533 2955 610 μυδώντων,
2983 537 3072 592 τόν
3125 537 3460 614 ὑπορρέοντα
3498 545 3608 596 τῶν
3639 541 3830 614 σωμα-

2174 649 2306 698 των,
2357 626 2594 697 ἐστέναξέ
2639 648 2718 698 τε,
2767 626 2856 682 καί
2913 630 3006 690 τὰς
3067 634 3255 702 χεῖρας
3315 630 3618 700 ἀνατείνας,
3665 651 3830 686 κατε-

2179 719 2494 792 μαρτύρατο
2539 719 2628 771 τὸν
2681 719 2828 782 Θεὸν,
2872 717 2945 778 ὡς
2993 717 3090 772 οὐκ
3137 716 3220 788 ε’ίη
3271 720 3335 774 τὸ
3375 718 3536 794 ἔργον
3573 721 3764 775 αὐτοῦ.
3801 743 3828 774 ι

2176 807 2408 868 Τούτοις
2443 803 2500 861 δέ
2527 827 2650 861 τινα
2679 807 2846 860 εἴπὼν
2886 809 3102 880 μεταξὺ,
3137 807 3380 886 ἐπιφέρει
3423 809 3620 884 λέγων.
3657 835 3686 862 «ι
3711 810 3830 867 Οὐκ

2177 896 2235 950 ἃν
2289 895 2720 968 ὑποστειλαίμην
2772 895 2962 966 εἰπεῖν,
3009 895 3041 950 ἃ
3091 917 3185 970 μοι
3235 895 3446 952 κελεύει
3509 900 3573 954 τὸ
3625 900 3828 963 πάθες.

2176 985 2344 1060 Οἶμαι
2393 985 2675 1059 Ῥωμαίων
2727 981 3100 1060 βραδυνόντων
3157 985 3246 1040 ἐπὶ
3295 988 3422 1050 τοὺς
3471 985 3830 1062 ἀλίτηρίους,

2175 1073 2211 1144 ἢ
2269 1077 2636 1144 καταποθῆναι
2685 1071 2745 1128 ἂν
2795 1075 2896 1130 ὑπὸ
2946 1075 3330 1149 χάσματος,ἢ
3381 1075 3830 1144 κατακλυσθῆναι

2173 1165 2272 1232 τήν
2293 1163 2455 1219 πόλιν
2493 1183 2506 1197 ·
2539 1163 2574 1233 ἢ
2605 1163 2731 1228 τοὺς
2758 1171 2856 1232 τῆς
2893 1160 3223 1236 Σοδομηνῆς
3259 1161 3588 1238 μεταλαὸεῑν
3621 1187 3832 1240 κεραυ-

2175 1253 2320 1316 νούς.
2369 1253 2518 1309 Πολὺ
2575 1254 2680 1328 γὰρ
2735 1258 2844 1309 τῶν
2893 1257 3116 1310 τοιαῦτα
3155 1255 3434 1310 παθόντων
3483 1253 3680 1332 ἤνεγκε
3737 1279 3832 1331 γε-

2175 1343 2297 1398 νεάν
2343 1342 2666 1410 ἀθεωτέραν.
2725 1345 2803 1412 Τῇ
2859 1347 2988 1416 γοῦν
3043 1343 3250 1398 τούτων
3333 1345 3572 1416 ἀπονοίᾳ
3629 1352 3738 1408 πᾶς
3807 1349 3830 1400 ὁ

2181 1431 2312 1493 λαὸς
2345 1433 2714 1488 συναπώλετο.
2753 1457 2774 1482 ι
2809 1431 2913 1488 Καὶ
2944 1431 2996 1486 έν
3025 1437 3106 1504 τῷ
3133 1431 3275 1505 ἕκτῳ
3305 1431 3362 1488 δὲ
3413 1429 3622 1508 βιϐλίῳ
3679 1433 3830 1488 οὕτω

2178 1521 2402 1598 γράφει·
2437 1545 2464 1572 ‹‹
2515 1525 2628 1576 Τῶν
2682 1517 2739 1574 δὲ
2783 1521 2886 1576 ὑπὸ
2933 1525 3030 1574 τοῦ
3081 1519 3251 1594 λιμοῦ
3283 1523 3660 1598 φθειρομένων
3688 1526 3832 1578 κατά

2177 1613 2274 1681 τήν
2321 1611 2484 1666 πόλιν
2525 1610 2744 1685 ἄπειρον
2801 1611 2896 1684 μὲν
2939 1607 3129 1666 ἔπιπτε
3175 1613 3238 1665 τὸ
3271 1612 3519 1682 Πλῆθος,
3551 1612 3830 1688 ἀδιήγητα

2178 1699 2236 1755 δὲ
2293 1697 2567 1755 συνέϐαινε
2639 1701 2704 1755 τὰ
2759 1701 2930 1770 πάθη.
2991 1701 3118 1754 Καθ’
3177 1701 3404 1772 ἑκάστην
3459 1703 3562 1776 γὰρ
3623 1703 3829 1766 οἰκίαν,

2179 1789 2230 1844 εἶ’
2279 1811 2384 1844 που
2432 1797 2640 1868 τροφῆς
2697 1789 3034 1863 παραφανείη
3095 1791 3239 1860 σκιὰ,
3272 1793 3522 1862 πόλεμος
3579 1792 3689 1861 ἦν⁶
3737 1795 3828 1848 καὶ

2177 1877 2266 1934 διὰ
2320 1884 2524 1955 χειρῶν
2585 1879 2830 1954 ἐχώρουν
2891 1879 2940 1932 οἳ
2999 1877 3256 1954 φίλτατοι
3316 1881 3453 1954 πρὸς
3503 1881 3825 1950 ἀλλήλους,

2173 1967 2560 2041 ἐξαρπάζοντες
2615 1969 2676 2022 τὰ
2721 1966 3044 2040 ταλαίπωρα
3093 1975 3195 2036 τῆς
3245 1971 3430 2042 ψυχῆς
3479 1967 3688 2046 ἐρείδει,
3727 1973 3826 2025 ni-

2176 2077 2289 2116 στις
2337 2054 2382 2110 δ’
2433 2055 2664 2130 ἀπορίας
2713 2053 2838 2110 οὔδε
2886 2061 3002 2117 τοῖς
3037 2057 3360 2126 θνήσκουσιν
3392 2059 3458 2127 ἦν
3487 2078 3502 2092 ο
3537 2058 3682 2114 ἀλλά
3733 2062 3824 2115 καὶ

2171 2147 2298 2207 τοὺς
2356 2145 2679 2208 ἐκπνέοντας
2731 2146 2782 2200 οἱ
2837 2144 3026 2218 λῃσταῖ
3087 2142 3425 2220 διηρεύνων·
3461 2151 3540 2222 μή
3599 2171 3680 2212 τις
3719 2152 3824 2206 ὑπὸ

2173 2235 2380 2290 κόλπον
2429 2230 2574 2310 ἔχων
2615 2237 2848 2312 τροφὴν,
2903 2235 3202 2306 σκήπτοιτο
3251 2237 3342 2291 τὸν
3381 2238 3610 2292 θάνατον
3645 2240 3822 2312 αὐτῷ.

2173 2327 2237 2382 Οἱ
2269 2324 2315 2380 δ’
2349 2325 2436 2380 ὑπ’
2469 2323 2672 2386 ἐνδείας
2727 2323 3054 2390 λυσσῶντες,
3085 2321 3266 2400 ὥσπερ
3300 2328 3596 2405 κεχηνότες
3641 2329 3822 2398 κῦνες,

2173 2416 2486 2493 έφήλλοντο
2529 2417 2616 2470 καὶ
2668 2411 3056 2492 παρεφέροντο.
3099 2423 3224 2478 Ταῖς
3273 2437 3334 2471 τε
3383 2417 3572 2490 θύραις
3627 2417 3824 2474 ἐνσειό-

2177 2527 2329 2580 μενοι
2388 2504 2694 2578 μεθυόντων
2749 2506 2972 2578 τρόπον,
3021 2505 3108 2559 καὶ
3173 2505 3260 2560 ὑπ’
3321 2505 3636 2582 ἀμηχανίας
3691 2513 3826 2572 τοὺς

2173 2594 2368 2657 αὐτοὺς
2411 2594 2595 2658 οἷ’κους
2643 2591 2944 2662 εἰσεπήδων
2980 2591 3063 2656 δὶς
3091 2593 3126 2664 ἢ
3159 2594 3276 2669 τρὶς
3326 2595 3442 2670 ὥρᾳ
3495 2601 3613 2667 μιᾷ.
3649 2598 3824 2652 Πάντα

2173 2681 2220 2738 δ’
2253 2683 2342 2738 ὑπ’
2401 2679 2626 2744 ὀδόντας
2678 2682 2808 2756 ἦγεν
2871 2683 2904 2750 ἡ
2963 2681 3198 2756 ἀνάγκη*
3232 2682 3322 2736 καὶ
3377 2685 3445 2737 τά
3505 2683 3646 2757 μηδὲ
3701 2693 3822 2748 τοῖς

2172 2773 2580 2848 ῥυπαρωτάτοις
2630 2775 2738 2826 τῶν
2783 2769 3004 2846 ἀλόγων
3057 2773 3212 2841 ζώων
3271 2772 3558 2848 πρόσφορα
3621 2775 3820 2831 συλλέ-

2167 2883 2379 2936 γοντες,
2409 2861 2602 2916 ἐσθίειν
2663 2861 2964 2936 ὑπέφερον·
3002 2863 3300 2936 ζωστήρων
3357 2861 3486 2938 γοῦν
3539 2865 3630 2918 καὶ
3679 2867 3818 2920 ὑπο.

2174 2951 2434 3023 δημάτων
2499 2951 2562 3005 τὸ
2635 2949 2948 3004 τελευταῖον
3029 2949 3126 3004 οὐκ
3203 2951 3548 3026 ἀπέσχοντο·
3603 2955 3696 3008 καὶ
3753 2955 3817 3008 τΞι

2171 3038 2410 3114 δέρματα
2465 3043 2574 3094 τῶν
2633 3040 2836 3113 θυρεῶν
2897 3036 3252 3112 ἀποδέροντες
3297 3040 3816 3122 έμασῶντο.Τροφή

2173 3127 2217 3184 δ’
2274 3130 2340 3198 ἦν
2405 3149 2513 3183 τισι
2567 3128 2658 3182 καὶ
2715 3129 2922 3206 χόρτου
2983 3127 3220 3183 παλαιοῦ
3275 3131 3658 3206 σπαράγματα.
3715 3134 3818 3193 Τὰς

411 3235 600 3290 medio
630 3243 1118 3294 commemorans,
1147 3225 1242 3280 illa
1264 3222 1704 3293 deindeinfert:
1741 3242 1768 3270 ‹‹
1793 3219 2062 3276 Commit-

2177 3219 2280 3294 γᾶρ
2315 3216 2435 3279 τίνας
2485 3215 2618 3272 ἔνιοι
2656 3217 3034 3295 συλλέγοντες,
3067 3217 3358 3294 ἐλάχιστον
3399 3205 3640 3294 σταθμὸν
3671 3221 3784 3276 έπώ

413 3333 535 3380 tere
565 3321 805 3379 omnino
829 3333 1073 3388 nequeo,
1094 3317 1234 3386 quin
1268 3314 1420 3384 quod
1455 3313 1688 3366 animus
1715 3311 1900 3379 jubet,
1936 3325 2060 3378 pro-

2177 3307 2303 3363 λουν
2331 3308 2590 3362 ’Δττικῶν
2622 3306 2918 3380 τεσσάρων.
2953 3329 2982 3359 ιι

411 3417 620 3472 feram.
651 3415 735 3468 Ita
763 3409 917 3465 enim
943 3409 1146 3478 judico
1181 3422 1194 3460 :
1226 3407 1271 3458 si
1303 3401 1548 3458 Romani
1581 3399 1730 3455 bello
1759 3401 2055 3455 vindicare
2105 3401 2352 3456 nefarios
2395 3399 2662 3455 homines
2711 3401 2964 3455 cunctati
3015 3409 3230 3468 essent,
3263 3402 3466 3458 urbem
3501 3404 3688 3474 ipsam
3719 3411 3822 3460 aut

409 3506 572 3562 hiatu
607 3509 790 3572 terrae,
841 3506 942 3556 aut
981 3495 1360 3552 inundatione
1409 3491 1800 3548 interituram.
1835 3489 1988 3545 238
2019 3494 2122 3545 aut
2169 3495 2320 3545 certe
2369 3490 2633 3544 Sodomae
2679 3489 2928 3545 fulmina
2971 3497 3336 3562 experturum
3385 3493 3588 3550 fuisse.
3639 3495 3816 3551 Multo

409 3597 588 3664 enim,
622 3608 798 3666 quam
850 3589 948 3661 qui
998 3586 1138 3642 talia
1185 3585 1322 3640 olim
1369 3587 1506 3638 sunt
1556 3579 1833 3652 perpessi,
1883 3579 2018 3634 tulit
2066 3584 2296 3650 gentem
2347 3579 2712 3648 deteriorem,
2757 3589 2807 3634 et
2857 3579 3102 3652 impiam
3137 3583 3340 3653 magis,
3387 3593 3624 3655 propter
3651 3589 3816 3656 cujus

407 3684 737 3742 vecordiam
771 3678 1022 3750 populus
1055 3676 1226 3732 simul
1256 3673 1562 3730 universus
1585 3669 1796 3726 interii.
1831 3689 1860 3720 ››
1895 3669 2120 3724 Rursus
2151 3669 2208 3722 in
2234 3685 2288 3724 vx
2315 3667 2460 3724 libro
2481 3669 2552 3722 ad
2577 3669 2735 3724 hunc
2759 3671 2996 3724 modum
3021 3671 3226 3726 scribit
3259 3687 3272 3727 :
3307 3693 3335 3722 ‹‹
3371 3671 3818 3728 Innumerabilia

411 3793 648 3848 prorsus
705 3785 904 3826 eorum
965 3767 1280 3822 multitudo
1339 3763 1468 3828 fuit,
1527 3761 1626 3832 qui
1687 3761 1839 3815 fame
1897 3760 1956 3814 in
2019 3759 2159 3813 urbe
2219 3758 2534 3829 perierunt,
2589 3761 2804 3831 quibus
2857 3761 3224 3817 incredibiles
3273 3763 3434 3818 dictu
3479 3765 3818 3820 acciderunt

409 3881 700 3923 rerumnze.
752 3863 814 3917 In
865 3859 1122 3930 qualibet
1167 3859 1322 3912 enim
1374 3856 1570 3920 domo,
1621 3852 1716 3906 ubi
1766 3851 1974 3906 umbra
2025 3849 2231 3904 saltem
2283 3849 2476 3921 aliqua
2525 3853 2788 3906 ciborum
2829 3859 3153 3922 appareret,
3203 3852 3414 3908 bellum
3453 3857 3817 3926 gerebatur;

409 3965 466 4014 et
514 3959 608 4028 qui
670 3953 996 4009 arctissima
1044 3951 1194 4004 inter
1250 3963 1312 4002 se
1367 3943 1584 4000 amoris
1643 3941 2074 3998 necessitudine
2123 3946 2288 3996 erant
2331 3942 2652 4010 conjuncti,
2704 3959 2914 3998 manus
2961 3943 3364 4011 conserebant,
3409 3946 3522 4000 sibi
3573 3946 3816 4002 invicem

411 4049 784 4103 calamitosas
837 4043 1060 4097 miserm
1112 4041 1239 4094 vitae
1291 4037 1566 4106 reliquias
1609 4033 1940 4102 eripientes.
1994 4034 2277 4084 Ceterum
2329 4047 2398 4084 ne
2451 4031 2832 4086 morientibus
2881 4033 3140 4103 quidem,
3188 4035 3344 4104 quod
3375 4035 3520 4090 nihil
3551 4051 3814 4091 escarum

413 4139 711 4200 haberent,
763 4135 904 4188 fides
955 4133 1294 4186 bibebatur.
1345 4127 1490 4182 Nam
1543 4126 1842 4195 praedones
1893 4121 2122 4176 animas
2171 4137 2402 4192 quoque
2435 4121 2561 4191 jam
2607 4129 2845 4193 agente
2885 4123 3280 4189 excutiebant,
3327 4141 3398 4179 ne
3429 4128 3564 4194 quis
3593 4141 3816 4191 eorum,

414 4227 526 4281 cibi
559 4231 875 4296 qumquam
927 4223 982 4276 in
1035 4222 1166 4275 sinu
1222 4220 1464 4280 habens,
1517 4223 1754 4268 mortem
1807 4211 2195 4266 assimularet.
2251 4211 2338 4265 Illi
2395 4229 2564 4282 porro
2611 4230 2728 4284 praa
2777 4214 2973 4284 inopia
3013 4213 3396 4276 insanientes.
3441 4216 3614 4272 sicuti
3639 4215 3818 4272 rabidi

413 4317 750 4382 hiantesque
780 4331 969 4380 canes,
1001 4313 1058 4366 in
1110 4311 1262 4362 (edes
1311 4307 1673 4370 insiliebant,
1706 4309 1762 4356 et
1793 4308 1857 4354 ut
1912 4307 2086 4371 atque
2135 4301 2274 4357 illuc
2323 4309 2624 4359 currentes
2674 4305 3026 4360 ferebantur.
3077 4307 3146 4360 Et
3185 4309 3350 4372 fores,
3387 4307 3676 4362 ebriorum
3715 4307 3820 4362 bo-

415 4409 641 4464 minum
706 4419 862 4457 more
907 4401 1219 4455 identidem
1267 4395 1650 4466 impellentes,
1705 4397 1939 4463 propter
2003 4393 2400 4462 impotentiam
2461 4395 2668 4461 animi,
2719 4412 2835 4450 una
2892 4397 3214 4469 eademque
3263 4397 3406 4452 hora
3463 4399 3572 4465 bis,
3633 4415 3821 4467 quan-

416 4503 602 4568 doque
635 4507 736 4559 Ier,
769 4495 826 4548 in
862 4492 1093 4546 easdem
1130 4489 1532 4558 irrumpebattt
1563 4487 1732 4540 aedes.
1770 4489 1962 4553 Atque
1992 4499 2125 4537 cum
2153 4485 2272 4553 jam
2309 4487 2625 4542 necessitas
2654 4503 2754 4542 eos
2788 4489 2976 4556 fruges
3005 4503 3212 4543 omnes
3233 4503 3582 4544 consumere
3603 4505 3824 4560 coegis-

415 4597 522 4654 set,
557 4588 812 4644 collectis
859 4586 1032 4640 etiam
1086 4581 1258 4635 rebus
1305 4579 1390 4633 eis
1441 4593 1566 4649 quae
1619 4574 2034 4646 impurissimis
2086 4575 2417 4648 quibusque
2464 4577 2864 4634 animantibus
2913 4579 2987 4635 ad
3035 4581 3234 4636 cibum
3283 4581 3672 4636 accommoda
3707 4597 3826 4634 non

417 4691 576 4748 sunt,
610 4679 760 4733 vesci
795 4677 1220 4730 sustinuerunt.
1255 4669 1554 4740 Siquidem
1586 4667 1658 4721 ad
1709 4673 2066 4736 postremum
2119 4681 2190 4718 ne
2233 4682 2266 4720 a
2314 4668 2565 4738 cingulis
2614 4670 2848 4740 quidem
2907 4675 2964 4726 et
3009 4669 3418 4727 calceamentis
3465 4673 3824 4739 abstinuere,

417 4782 475 4827 et
535 4771 714 4843 pelles
764 4769 947 4822 scutis
995 4767 1288 4818 detractus
1339 4761 1702 4813 macerarunt
1769 4761 1826 4808 et
1885 4755 2281 4843 comederunt.
2347 4757 2658 4814 Nonnullis
2717 4760 2890 4815 etiam
2949 4761 3156 4816 veteris
3215 4761 3350 4817 fmni
3410 4763 3830 4834 rejectamenta

418 4842 562 4918 esca:
597 4865 775 4916 fuere.
809 4858 879 4912 Et
910 4859 1068 4910 fuere
1101 4851 1199 4924 qui
1233 4849 1508 4906 collectas
1539 4843 1888 4918 quisquilias
1923 4842 2078 4914 parvi
2111 4847 2382 4916 ponderis
2414 4855 2664 4919 quatuor
2691 4851 2895 4906 Atticis
2921 4851 3304 4908 vendiderint.
3338 4872 3368 4902 »

1043 4997 1274 5058 CAPUT
1313 4995 1437 5051 VII.

2811 4995 3176 5055 ΚΕΦΑΑ.ΖἌ

423 5123 504 5174 De
531 5115 762 5172 muliere
790 5110 1160 5185 ludamguw
1187 5121 1352 5185 suum
1385 5101 1495 5185 sibi
1522 5115 1756 5185 puerum
1784 5095 2062 5154 devoravit

2177 5099 2335 5170 Περὶ
2392 5105 2512 5185 τῆς
2574 5100 2645 5185 τό
2704 5100 3238 5185 οξκεῖονιτέκνον
3298 5103 3828 5185 καταφαγορσης

790 5122 1002 5176 Iudaea,
1035 5122 1160 5180 qua!
1196 5122 1352 5161 suum
1385 5122 1492 5160 sun
1522 5122 1756 5170 puerum
1784 5122 2058 5154 ασνυηιυιι

789 5185 847 5238 in
872 5183 1150 5238 obsidione
1177 5175 1694 5246 Hierosolymitana.

2177 5122 2335 5170 ιιερι
2392 5122 2512 5186 της
2574 5122 2645 5154 το
2704 5122 2955 5156 οικειον
3009 5122 3238 5156 τεκνον
3298 5122 3560 5182 καταφα
3615 5123 3826 5170 ουσης

2247 5171 2920 5298 γυᾌαικοςίἹουδαίος
2961 5173 3019 5228 ἐν
3056 5177 3134 5246 τῇ
3174 5178 3300 5229 τῶν
3347 5122 3826 5248 Ιεροσογλῦμων

2249 5261 2333 5296 πο
2369 5261 2547 5298 ιιορκ
2591 5263 2644 5298 α.

2369 5261 2644 5317 ιιορκιᾳ.

503 5405 530 5435 ‹‹
563 5383 670 5438 Sed
706 5381 838 5452 quid
873 5395 976 5450 ego
1001 5378 1167 5434 famis
1190 5373 1642 5432 inverecundam
1671 5367 2070 5441 impotentiam

435 5473 494 5528 in
551 5474 722 5526 rebus
773 5469 1048 5526 inanimis
1101 5482 1428 5538 persequor,
1483 5479 1547 5518 ac
1598 5477 1710 5516 non
1763 5459 1953 5528 potius
1983 5455 2070 5509 fa-

428 5570 586 5618 ctum
622 5563 730 5616 tale
761 5573 1174 5624 commemoro,
1217 5555 1386 5626 quale
1417 5569 1604 5623 neque
1635 5549 1787 5622 apud
1821 5546 2069 5613 Graecos,

427 5666 614 5724 neque
643 5651 795 5723 apud
829 5645 1106 5707 barbaros
1149 5659 1410 5716 unquam
1450 5647 1542 5700 est
1571 5639 2068 5701 animadversum,

2255 5389 2282 5419 ‹‹
2317 5367 2414 5424 Καὶ
2445 5369 2494 5424 τί
2530 5367 2611 5425 δεῖ
2637 5372 2734 5438 τὴν
2781 5370 2863 5426 ἐπ’
2893 5370 3130 5446 ἀψύχοις
3181 5368 3456 5426 ἀναίδειαν
3507 5373 3602 5425 τοῦ
3651 5369 3828 5446 λιμοῦ

2181 5453 2393 5528 λέγεινς
2427 5459 2537 5530 εἶμι
2579 5459 2681 5533 γὰρ
2731 5457 2876 5530 αὒτῷ
2923 5457 3190 5530 δηλώσων
3245 5457 3434 5534 ἔργον,
3469 5461 3656 5514 ὁποῖον
3689 5463 3828 5532 μήτε

2179 5547 2307 5621 παρ’
2335 5545 2574 5616 Ἕλλησι
2627 5549 2766 5621 μήτε
2813 5549 2959 5624 παρὰ
3007 5547 3302 5624 βαρϐάροις
3336 5549 3663 5624 ἱστόρηται·
3701 5569 3826 5628 φρι-

2177 5635 2304 5691 κτὸν
2339 5635 2432 5710 μὲν
2465 5635 2654 5710 εἰπεῖν,
2677 5639 2900 5716 φρικτὸν
2930 5635 2976 5694 δ’
3007 5637 3252 5696 ἀκοῦσαι.
3285 5637 3390 5697 Καὶ
3421 5635 3588 5714 ἔγωγε
3621 5638 3712 5711 μή
3735 5635 3824 5693 δό-
