4084 6208
249 333 376 396 909

1264 327 1881 391 ECCLESIASTICIE
1925 331 2318 394 HISTORLE
2360 334 2504 394 LIB.
2553 334 2660 396 IIl.

3544 343 3665 402 910

251 467 411 539 ξαιμι
439 463 813 537 τερατεύεσθαι
843 468 963 526 τοῖς
995 461 1190 526 ἄλλοις
1222 463 1528 535 ἀνθρώποις
1554 482 1566 496 ·
1602 463 1696 518 κᾶν
1729 463 1892 536 παρέο

2016 467 2369 524 horrendum
2403 469 2641 540 quidem
2675 470 2854 536 dicta,
2908 469 3267 526 horrendum
3299 488 3431 527 vero
3466 478 3522 529 et
3555 491 3665 530 au-

253 555 422 610 λιπον
474 557 572 621 τήν
621 553 903 630 συμφορὰν
953 550 1150 622 ἡδέως,
1183 552 1226 607 εἰ
1265 555 1340 624 μὴ
1371 557 1478 606 τῶν
1509 553 1625 608 κατ’
1675 552 1904 624 ἐμαυτὸν

255 647 417 721 εἶχον
466 644 724 714 ἀπείρους
773 644 1084 714 μάρτυρας*
1133 639 1322 704 ἄλλως
1349 663 1408 697 τε
1455 643 1544 696 καὶ
1594 644 1809 716 ψυχράν
1844 642 1902 696 ἂν

257 735 566 804 κατεθέμην
599 736 667 805 τῇ
699 731 918 804 πατριδι
964 732 1149 806 χάριν,
1201 733 1568 806 καθυφέμενος
1611 732 1700 786 τὸν
1737 731 1901 805 λόγον

258 826 327 881 οῦ
373 827 604 881 πέπονθε
651 827 716 878 τά
765 821 917 898 ἔργα.
968 827 1106 891 Γυνή
1137 827 1243 878 τῶν
1295 824 1427 898 ὑπὲρ
1484 824 1574 878 τὸν
1623 821 1902 896 Ἰορδάνην

253 915 680 980 κατοικούντων,
738 915 923 987 Μαρία
977 934 1239 984 τουνομα,
1290 913 1492 987 πατρὸς
1551 913 1902 986 Ἐλεαζάρου,

253 1007 459 1076 κώμης
493 1004 791 1077 Βαθεχζὼρ
819 1002 1098 1074 (σημαίνει
1121 999 1176 1056 δὲ
1207 1006 1394 1070 τοῦτο,
1423 1002 1571 1062 οἶκος
1604 1003 1903 1075 ὑσσώπου),

259 1093 356 1150 διά
394 1097 546 1169 γένος
594 1092 685 1147 καὶ
734 1092 972 1146 πλοῦτον
1022 1089 1314 1163 ἐπίσημος,
1375 1091 1510 1164 μετά
1558 1095 1656 1146 τοῦ
1706 1090 1905 1145 λοιποῦ

258 1185 516 1254 πλήθους
571 1180 646 1242 εἷς
704 1180 771 1236 τά
817 1178 1174 1255 Ἱεροσόλυμα
1221 1184 1626 1257 καταφυγοῦσα,
1678 1200 1906 1233 συνεπο-

261 1271 566 1347 λιορκεῖτο.
611 1270 820 1340 Ταύτης
868 1270 968 1338 τήν
1017 1271 1112 1341 μὶν
1162 1265 1342 1338 ἀλλην
1393 1275 1582 1337 κτῆσιν
1611 1269 1667 1322 οἱ
1709 1269 1906 1342 τύραν-

261 1384 352 1417 νοι
420 1359 746 1436 διήρπασαν,
816 1359 947 1429 ὅσην
1016 1358 1076 1413 ἐκ
1138 1365 1238 1427 τῆς
1322 1359 1547 1431 περαίας
1617 1359 1905 1412 ἀνασκευα-

263 1453 474 1525 σαμένη
537 1452 864 1526 μετήνεγκεν
923 1448 998 1510 εἷς
1055 1449 1156 1517 τήν
1209 1447 1410 1502 πόλιν
1456 1448 1522 1502 τά
1569 1444 1626 1500 δὲ
1677 1448 1907 1520 λείψανα

257 1546 370 1597 τῶν
419 1537 754 1612 κειμηλίων,
803 1535 897 1592 κᾶν
938 1537 991 1592 εἷ’
1014 1559 1065 1591 τι
1120 1535 1260 1592 ἄλλο
1308 1543 1516 1613 τροφῆς
1564 1535 1905 1605 ἐπινοηθείη,

259 1626 578 1702 καθημέραν
620 1623 962 1696 ἐσπηδῶντες
1009 1623 1254 1698 ἥρπαζον
1292 1625 1344 1679 οἱ
1383 1619 1698 1699 δορυφόροι.
1748 1625 1904 1692 Δεινή

261 1716 324 1772 δὲ
379 1718 441 1772 τὸ
497 1715 720 1790 γύναιον
779 1714 1141 1788 ἀγανάκτησις
1216 1713 1390 1787 εἰσῄει
1424 1730 1440 1745 ⁸
1492 1713 1581 1766 καὶ
1639 1711 1910 1774 πολλάκις

2009 561 2128 613 ditu
2153 560 2180 614 ?
2208 563 2389 631 Atque
2420 561 2716 631 equidem,
2765 578 2832 614 ne
2869 564 3130 631 prodigia
3164 565 3328 633 quzed
3353 582 3427 616 im
3468 567 3662 620 homi-

2013 649 2186 703 nibus
2219 651 2347 703 aliis
2399 666 2694 704 recensere
2745 651 2987 716 viderer,
3034 653 3218 705 libens
3256 655 3507 718 pr-ilerto
3543 665 3658 711 tam

2012 740 2415 795 calamitosum
2455 741 2678 794 facinus
2722 744 3146 809 pra’teriissem,
3184 747 3288 798 nisi
3325 746 3659 800 innumeros

2010 829 2138 894 ejus
2169 831 2320 898 apud
2361 830 2668 900 populares
2700 847 2928 900 quoque
2954 849 3112 886 meos
3141 833 3402 887 habere-ir
3441 843 3658 902 testes;

2011 924 2068 971 et
2095 924 2328 973 tenuem
2367 935 2505 971 sane
2555 920 2945 990 frigidamque
2986 938 3017 974 a
3069 924 3254 990 patria
3295 940 3421 977 mea
3457 926 3659 980 inirem

2011 1009 2284 1077 gratiam,
2335 1007 2488 1063 234
2541 1011 2586 1062 si
2639 1009 2828 1063 verbis
2879 1027 2992 1064 non
3051 1029 3450 1082 prosequerer,
3505 1019 3658 1086 quod

2009 1095 2112 1150 illa
2152 1100 2340 1168 reipsa
2394 1114 2670 1168 perpessa
2716 1105 2806 1153 est
2858 1100 3100 1153 malum.
3154 1101 3359 1156 Mulier
3392 1107 3658 1174 quaedam

2009 1194 2152 1251 erat,
2187 1203 2315 1256 qua:
2359 1191 2522 1241 trans
2570 1186 2881 1242 Jordanem
2930 1189 3306 1259 habitaverat,
3350 1191 3530 1246 Maria
3562 1212 3660 1250 no-

2013 1275 2188 1342 mine,
2227 1274 2492 1330 Eleazaro
2525 1281 2684 1344 patre
2717 1285 2865 1340 nata,
2917 1277 2975 1331 in
3026 1279 3149 1332 vico
3182 1279 3276 1333 cui
3308 1297 3520 1336 nomen
3557 1287 3661 1338 Ba-

2011 1364 2286 1419 thecbzor
2307 1365 2616 1437 (signiﬁcat
2648 1365 2707 1419 id
2739 1367 2958 1438 hyssopi
2987 1369 3248 1439 domum),
3281 1377 3338 1425 et
3369 1388 3578 1441 genere
3609 1380 3665 1427 et

2013 1455 2223 1526 Opibus
2256 1456 2434 1510 clara.
2483 1455 2632 1523 Herc,
2677 1473 2809 1511 cum
2845 1457 3244 1532 Hierosolyma
3274 1478 3407 1515 cum
3443 1463 3665 1535 reliqua

2016 1545 2393 1600 multitudine
2439 1547 2820 1615 confugisset,
2875 1547 3089 1604 ibidem
3135 1556 3224 1604 est
3255 1551 3518 1608 obsessa.
3557 1555 3665 1608 Fa—

2017 1633 2264 1688 cultates
2311 1635 2437 1703 ejus
2487 1634 2628 1688 alias
2677 1638 2907 1706 tyranni
2959 1646 3290 1707 rapuerant,
3339 1658 3482 1712 quas
3511 1643 3663 1698 vasis

2016 1721 2271 1775 collectis
2307 1723 2491 1791 patria
2523 1726 2826 1791 excedens,
2868 1741 3061 1780 secum
3106 1727 3166 1782 in
3200 1729 3399 1785 urbem
3433 1731 3661 1786 tulerat.

264 1803 604 1881 λοιδοροῦσα
655 1803 744 1860 καὶ
798 1803 1153 1877 καταρωμένη
1205 1801 1332 1865 τοὺς
1372 1799 1640 1878 ἅρπαγας,
1676 1801 1758 1878 ἐφ’
1789 1802 1904 1855 ἑαυε

2021 1812 2078 1865 Si
2113 1810 2257 1882 quid
2289 1817 2481 1866 autem
2516 1827 2583 1865 ex
2632 1814 2804 1868 rebus
2851 1816 3123 1885 repositis
3155 1819 3579 1887 pretiosoribus
3611 1826 3667 1874 et

264 1895 370 1961 τήν
428 1892 694 1967 ἠρέθιζεν.
755 1895 842 1952 Ὡς
890 1887 936 1944 δ’
985 1886 1107 1944 οὕτε
1154 1889 1589 1965 παροξυνόμενος
1636 1911 1740 1957 τις,
1791 1890 1914 1944 οὕτε

265 1981 438 2038 ἐλεῶν
500 1983 667 2051 αὐτην
724 1981 932 2055 ἀνῄρει,
993 1980 1081 2034 καὶ
1136 1980 1198 2033 τὸ
1249 1980 1343 2053 μὲν
1405 1981 1580 2053 εὑρεῖν
1629 1999 1683 2034 τι
1744 1984 1910 2034 σιτίον

269 2070 469 2131 ἀλλοις
517 2069 726 2138 ἐκοπία,
773 2066 1109 2143 πανταχόθεν
1153 2066 1198 2122 δ’
1248 2067 1452 2142 ἄπορον
1484 2067 1550 2136 ἦν
1579 2066 1687 2138 ἤδη
1723 2070 1807 2122 καὶ
1850 2069 1912 2123 τὸ

272 2161 472 2235 εὑρεῖν,
506 2161 533 2214 6
566 2160 728 2232 λιμὸς
760 2156 815 2213 δὲ
855 2155 942 2212 διὰ
991 2157 1328 2236 σπλάγχνων
1370 2158 1461 2212 καὶ
1515 2156 1731 2230 μυελῶν
1765 2157 1910 2230 ἐχώ-

277 2272 382 2325 ρει,
413 2253 502 2304 καί
549 2254 646 2304 τοῦ
696 2249 864 2321 λιμοῦ
917 2247 1128 2320 μᾶλλον
1180 2247 1415 2320 ἐξέκαιον
1445 2248 1497 2302 οἱ
1546 2248 1744 2320 θυμοί·
1780 2249 1912 2318 σύμ·

272 2337 479 2394 ϐουλον
524 2334 765 2394 λαϐοῦσα
812 2340 911 2406 τὴν
963 2337 1136 2413 ὀργην
1197 2339 1312 2410 μετ’
1356 2337 1618 2411 ἀνάγκης,
1668 2337 1754 2391 ἐπὶ
1813 2339 1911 2404 τήν

265 2429 426 2507 φύσιν
478 2427 676 2504 ἐχώρει
712 2447 725 2460 °
767 2429 858 2482 καὶ
905 2429 968 2482 τὸ
1023 2427 1227 2494 τέκνον,
1259 2428 1324 2495 ἦν
1360 2423 1406 2480 δ’
1437 2427 1574 2494 αὐτὴ
1608 2431 1732 2487 παῖς
1778 2427 1913 2480 ὑπο-

265 2521 518 2592 μάστιος,
587 2518 967 2592 ἁρπασαμένη,
1058 2516 1280 2592 Βρέφος,

255 2607 498 2681 πολέμῳ
545 2609 634 2661 καὶ
689 2605 844 2680 λιμῷ
891 2605 981 2659 καὶ
1035 2605 1215 2660 στάσει
1266 2603 1368 2658 τίνι
1421 2626 1477 2658 σε
1520 2607 1787 2678 rapiam;
1838 2607 1910 2660 Τὰ

267 2698 366 2770 μὶν
423 2698 564 2770 παρὰ
615 2694 912 2766 Ῥωμαίοις
954 2691 1192 2760 δουλεία,
1241 2693 1340 2748 κᾶν
1397 2696 1648 2766 ζήσωμεν
1707 2691 1788 2747 ἐπ’
1818 2693 1912 2746 αύ-

475 2785 656 2857 φθάνει
702 2781 758 2838 δὲ
802 2783 890 2838 καὶ
939 2785 1037 2850 τήν
1087 2780 1336 2837 δουλείαν
1371 2783 1397 2836 6
1430 2781 1618 2853 λιμός.
1663 2783 1729 2837 U't
1783 2803 1906 2836 στα-

1361 2515 1528 2585 εἶπεν,
1588 2513 1801 2583 ἄθλιον,
1859 2513 1910 2568 ἐν

260 2807 385 2846 τοις
410 2801 424 2816 ⁸

259 2875 478 2931 σιασταί
542 2872 599 2930 δὲ
644 2875 965 2954 ἀμφοτέρων
1017 2874 1419 2948 χαλεπώτεροι.
1474 2875 1575 2930 Ἴθι
1623 2877 1779 2947 γενοῦ
1815 2894 1908 2944 μοι

258 2967 468 3040 τροφὴ,
528 2965 617 3018 καὶ
674 2969 790 3025 τοῖς
848 2968 1191 3022 στασιασταῖς
1240 2961 1472 3035 ἐριννὺς,
1530 2962 1618 3016 καὶ
1673 2961 1751 3034 τῷ
1804 2962 1908 3036 βίῳ

264 3056 464 3127 μῦθος,
497 3054 524 3108 6
560 3053 723 3124 μόνος
771 3051 1040 3108 ἐλλείπων
1076 3058 1194 3113 ταῖς
1244 3049 1524 3108 Ἰουδαίων
1575 3057 1902 3130 συμφοραῖς.

260 3143 364 3198 Καὶ
423 3145 572 3199 ταῦθ’
628 3144 740 3215 ἅμα
797 3141 1054 3218 λέγουσα,
1103 3141 1300 3197 κτείνει
1365 3143 1458 3195 τὸν
1512 3141 1645 3196 υἱόν.
1698 3141 1903 3195 ”Επειτ’

1486 3232 1549 3286 τὸ
1601 3228 1658 3286 δέ
1706 3230 1900 3286 λοιπὸν

254 3320 706 3397 κατακαλύψασα,
757 3321 1074 3396 ἐφύλαττεν.
1125 3319 1336 3381 Εὐθέως
1390 3318 1445 3374 δὲ
1491 3322 1542 3375 οἱ
1589 3322 1900 3376 στασιασταὶ

256 3416 560 3483 παρῆσαν·
630 3411 716 3463 καὶ
785 3416 884 3478 τῆς
950 3408 1208 3482 ἀθεμίτου
1293 3408 1513 3477 κνίσσης
1581 3410 1900 3478 σπάσαντες,

255 3497 554 3569 ἠπείλουν,
587 3498 632 3552 εἴ
686 3500 762 3570 μὴ
814 3495 999 3570 δείξειε
1041 3500 1102 3552 τὸ
1149 3499 1602 3571 παρασκευασθὲν,
1655 3498 1899 3574 ἀποσφά-

260 3233 572 3302 ὀπτήσασα,
612 3233 675 3287 τὸ
738 3233 832 3305 μὲν
891 3232 1064 3304 ¹ἥμισυ
1121 3231 1389 3285 κατεσθίει
1424 3249 1436 3262 ⁸

257 3591 368 3660 ξειν
410 3589 582 3658 αὐτὴν
623 3589 844 3648 εὐθέως.
876 3589 938 3642 Ὶι
982 3587 1156 3642 δὲκαὶ
1210 3593 1403 3661 μοῖραν
1454 3586 1636 3648 αὐτοῖς
1677 3587 1901 3642 εἰποῦσα

254 3679 439 3746 καλὴν
494 3677 868 3750 τετηρηκέναι,
925 3676 991 3731 τὰ
1049 3675 1272 3750 λείψανα
1329 3681 1426 3729 τοῦ
1482 3675 1670 3730 τέκνου
1718 3676 1894 3732 διεκά-

256 3769 420 3840 λυψε.
481 3769 611 3828 Τοὺς
668 3764 714 3821 δ’
762 3765 954 3826 εὐθέως
1004 3767 1196 3842 φρίκη,
1258 3765 1346 3820 καὶ
1397 3772 1603 3843 φρενῶν
1656 3763 1896 3828 ἔκστασις

256 3854 408 3931 ᾔρει,
441 3856 530 3909 καὶ
573 3855 716 3928 παρά
758 3857 856 3923 τήν
910 3853 1033 3929 ὄψιν
1085 3854 1438 3928 ἐπεπήγεσαν.
1490 3860 1546 3910 Ἦ
1599 3852 1665 3922 δ’,
1709 3856 1897 3926 Ἐμὸν,

255 3945 390 4024 ἔφη,
437 3948 601 3999 τοῦτο
650 3945 711 3999 τὸ
759 3948 940 3998 τέκνον
984 3945 1232 4016 γνήσιον,
1282 3946 1370 3998 καὶ
1422 3946 1482 3999 τὸ
1531 3940 1687 4020 ἔργον
1725 3943 1856 4015 ἐμόν
1885 3987 1896 4000 .

259 4037 478 4109 φάγετε,
536 4035 624 4090 καὶ
672 4035 772 4109 γάρ
820 4034 923 4107 ἐγὼ
975 4031 1229 4109 βέϐρωκα
1260 4051 1274 4066 ⁸
1335 4037 1472 4108 μήτε
1520 4036 1749 4110 γένησθε
1802 4056 1903 4108 μα-

258 4124 566 4198 λακώτεροι
635 4125 910 4197 γυναικὸς,
981 4127 1118 4197 μήτε
1179 4125 1611 4198 συμπαθέστεροι
1666 4124 1898 4198 μητρός.

259 4215 323 4271 Εἰ
371 4211 416 4268 δ’
477 4214 631 4284 ὑμεῖς
689 4209 946 4284 εὐσεϐεῖς,
1004 4213 1093 4268 καὶ
1147 4220 1246 4281 τήν
1307 4212 1443 4287 ἓμὴν
1506 4215 1901 4291 ἀποστρέφεσθε

256 4303 473 4372 θυσίαν,
505 4301 614 4376 ἐγὼ
649 4303 742 4375 μὲν
775 4303 904 4374 ὑμῖν
939 4299 1213 4377 βέϐρωκα,
1245 4305 1333 4357 καὶ
1367 4304 1429 4358 τὸ
1471 4302 1662 4358 λοιπὸν
1699 4302 1745 4358 δ’
1776 4301 1900 4376 ἐμοὶ

257 4395 522 4466 μεινάτω.
556 4392 705 4447 Μετά
731 4394 878 4446 ταῦθ’
910 4393 962 4446 οἱ
1008 4393 1102 4464 μὲν
1142 4393 1436 4465 τρέμοντες
1480 4391 1717 4468 ἐξῄεσαν,
1763 4394 1898 4456 πρὸς

247 4482 308 4539 ’ἐν
343 4487 505 4537 τοῦτο
539 4480 734 4544 δειλοὶ,
769 4481 970 4551 ταύτης
999 4487 1098 4550 τῆς
1140 4502 1351 4558 τροφης
1397 4484 1898 4560 παραχωρήσαντες

2023 1901 2212 1954 fuerat
2243 1900 2469 1970 reliqui,
2518 1909 2569 1955 et
2619 1902 2664 1955 si
2712 1919 2886 1972 quam
2945 1912 3216 1972 praeterea
3247 1907 3532 1964 habuerat
3563 1925 3666 1964 an-

2025 2005 2264 2053 nonam,
2326 1990 2382 2043 id
2442 2007 2612 2044 omne
2667 1992 3004 2060 sanguinari
3063 1993 3144 2048 illi
3205 1996 3507 2063 satellites,
3567 1999 3667 2068 qui

2023 2079 2277 2148 quotidie
2327 2079 2383 2134 in
2437 2079 2789 2134 domicilium
2841 2083 2964 2150 ejus
3022 2083 3304 2153 impetum
3359 2088 3665 2156 faciebant,

2022 2167 2401 2223 abstulerant.
2459 2169 2656 2238 Itaque
2706 2172 2899 2239 gravis
2952 2173 3275 2241 indignatio
3318 2176 3669 2232 mulierculis

2023 2257 2304 2311 incessit:
2339 2263 2394 2311 et
2442 2275 2572 2312 cum
2625 2274 2880 2328 perszepe
2922 2267 3184 2330 raptores
3228 2264 3505 2319 conviciis
3539 2284 3672 2336 pro-

2022 2346 2312 2412 scidisset,
2348 2346 2603 2416 dirisque
2630 2347 2972 2414 devovisset,
3007 2356 3295 2418 postremo
3334 2354 3390 2406 in
3416 2353 3667 2424 seipsam

2022 2436 2289 2489 acerbius
2321 2444 2403 2489 est
2437 2441 2744 2491 commota.
2781 2436 3040 2509 Cumque
3083 2456 3194 2493 non
3228 2446 3375 2496 esset
3408 2442 3507 2514 qui
3539 2459 3668 2499 eam

2018 2526 2103 2579 vel
2127 2541 2224 2594 per
2242 2525 2624 2584 iracundiam,
2649 2527 2732 2579 vel
2762 2542 2860 2594 per
2882 2543 3005 2580 com
3019 2529 3449 2585 miserationem
3474 2530 3669 2589 interi-

2021 2620 2226 2680 meret,
2259 2614 2664 2682 dilticiliorque
2703 2614 2752 2669 ei
2786 2615 3002 2684 aliquid
3041 2619 3335 2673 frumentii
3369 2620 3500 2677 aliis
3531 2638 3666 2677 con-

2020 2703 2286 2770 quirendi
2341 2703 2502 2757 labor
2551 2704 2716 2758 fieret
2763 2707 2930 2773 (aegre
2961 2707 3115 2760 enim
3164 2707 3222 2761 id
3256 2709 3377 2776 jam
3411 2726 3478 2764 ex
3508 2711 3666 2765 omni

2020 2802 2180 2863 parte
2230 2793 2675 2862 inveniebatur),
2727 2802 2778 2848 et
2830 2796 3010 2849 fames
3042 2812 3141 2866 per
3170 2797 3390 2853 viscera
3439 2809 3491 2852 et
3538 2816 3666 2854 me-

2018 2881 2210 2934 dullas
2243 2897 2446 2936 omnes
2481 2885 2665 2951 magis
2690 2893 3070 2952 grassaretur,
3102 2885 3368 2956 fameque
3391 2887 3519 2955 ipsa
3541 2903 3671 2958 gra-

2018 2967 2145 3021 vius
2177 2967 2347 3020 etiam
2401 2968 2484 3020 ira
2541 2967 3002 3032 excandesceret,
3054 2971 3230 3026 animi
3275 2973 3668 3036 indignatione

2017 3073 2135 3110 una
2166 3071 2296 3109 cum
2332 3061 2571 3125 urgente
2619 3059 2962 3112 necessitate
3008 3059 3061 3112 in
3098 3060 3408 3114 consilium
3445 3080 3668 3117 assum-

2022 3151 2120 3216 pta
2149 3153 2348 3199 contra
2381 3147 2563 3214 ipsam
2601 3152 2864 3199 naturam
2901 3148 3105 3201 infesta
3133 3153 3328 3204 fertur.
3357 3150 3499 3204 Nam
3529 3154 3665 3221 tilio,

2017 3234 2118 3305 qui
2155 3235 2342 3288 adhuc
2383 3235 2598 3288 lactens
2644 3240 2785 3302 erat,
2835 3243 3108 3304 arrepto:
3162 3238 3204 3292 Ο
3257 3242 3308 3293 te
3357 3242 3664 3308 infantem,

2017 3326 2224 3393 inquit,
2257 3325 2424 3390 bello,
2459 3325 2608 3379 fame
2649 3333 2704 3378 et
2734 3327 3021 3381 seditione
3053 3329 3321 3382 intestina
3359 3334 3664 3401 miserum,

2015 3415 2084 3468 ad
2120 3431 2292 3483 quam
2344 3421 2398 3467 te
2443 3431 2600 3483 spem
2651 3416 3000 3468 reservabo?
3032 3417 3328 3486 Siquidem
3365 3422 3517 3486 apud
3554 3420 3660 3473 Ro-

2017 3521 2242 3570 manos,
2277 3504 2319 3556 si
2356 3505 2466 3557 sub
2499 3510 2582 3556 eis
2615 3505 2690 3556 sit
2718 3505 3044 3568 vivendum,
3080 3509 3324 3560 servitus
3351 3518 3400 3558 te
3427 3515 3658 3562 manet:

2016 3595 2352 3649 servitutem
2407 3600 2600 3647 autem
2646 3593 2831 3662 ipsam
2889 3596 3161 3662 praevenit
3205 3599 3406 3650 fames.
3441 3597 3660 3658 Quibus

2020 3681 2449 3737 calamitatibus
2509 3683 2768 3736 duriores
2827 3683 2996 3735 etiam
3051 3690 3188 3737 sunt
3247 3685 3504 3738 SGdlthhl
3568 3685 3662 3738 isti

2022 3771 2338 3840 praedones.
2376 3771 2574 3840 Itaque
2607 3787 2731 3840 age,
2771 3771 2908 3824 mihi
2947 3774 3112 3825 matri
3140 3778 3246 3825 tuae
3280 3791 3428 3839 esca,
3453 3790 3562 3842 prae
3588 3773 3662 3825 lo-

2019 3862 2191 3914 nibus
2222 3860 2429 3913 vindex
2474 3859 2738 3930 Erinnys,
2789 3866 2845 3914 et
2890 3861 3016 3913 vitae
3074 3863 3396 3916 mortaliu'u
3433 3862 3662 3914 tabula-

2013 3966 2140 4003 rum
2176 3965 2631 4018 sermonumque
2679 3950 2917 4002 materia
2963 3957 3084 4003 esto
3119 3968 3131 4004 :
3167 3968 3293 4020 quis
3330 3969 3441 4005 una
3473 3950 3662 4004 adhuc

2010 4040 2227 4092 Judasis
2278 4043 2457 4092 restat
2506 4039 2828 4092 calamitas.
2882 4037 2986 4091 Vix
3023 4039 3141 4092 haec
3197 4041 3378 4094 fuerat
3407 4043 3658 4105 elocuta,

2012 4137 2066 4183 et
2096 4126 2279 4181 tilium
2316 4132 2498 4194 necat,
2550 4127 2795 4197 ejusque
2845 4129 2912 4180 ad
2965 4127 3158 4196 ignem
3192 4129 3303 4183 ειεδί
3341 4139 3553 4199 partem
3581 4129 3667 4182 di-

2015 4217 2256 4270 midiam
2308 4217 2447 4282 edit,
2503 4223 2722 4283 partem
2774 4215 3009 4270 alteram
3062 4219 3411 4272 occultatam
3448 4226 3662 4272 servat.

2012 4307 2186 4360 Nulla
2234 4305 2541 4359 intercedit
2593 4322 2774 4371 mora,
2825 4313 2879 4360 et
2929 4305 3184 4361 latrones
3227 4307 3306 4362 illi
3341 4313 3576 4372 adsunt,
3610 4313 3667 4361 et

2014 4397 2276 4450 nidorem
2323 4396 2626 4448 infandum
2681 4397 2956 4449 sentiunt.
3006 4397 3362 4465 QuaprOpter
3416 4399 3490 4465 ei,
3553 4399 3661 4452 nisi

2012 4483 2451 4555 quamprimum
2485 4483 2640 4553 qund
2677 4493 2937 4553 parasset
2979 4486 3090 4538 cibi
3123 4489 3418 4554 proferret,
3452 4488 3664 4539 caedem

253 4577 326 4647 τῇ
395 4569 560 4643 μητρί
597 4588 611 4602 ⁶
665 4568 936 4638 ἀνεπλήσθ
983 4567 1027 4622 δ’
1077 4568 1274 4631 εὐθέως
1326 4569 1429 4639 ὅλη
1480 4575 1576 4624 τοῦ
1631 4571 1831 4642 μύσους
1867 4573 1901 4639 ἡ

2016 4575 2335 4628 minantur.
2389 4571 2494 4626 Illa
2538 4577 2732 4626 autem
2783 4580 3002 4642 partem
3037 4591 3098 4627 se
3129 4575 3210 4628 eis
3244 4576 3448 4627 bonam
3484 4588 3666 4626 reser-

254 4659 427 4721 πόλις
454 4679 466 4690 ·
499 4659 585 4712 καὶ
622 4659 727 4730 πρὸ
772 4660 1037 4731 ὀμμάτων
1084 4655 1306 4720 ἕκαστος
1355 4661 1417 4714 τὸ
1464 4661 1635 4720 πάθος
1689 4655 1907 4732 λαμϐά-

255 4770 394 4816 νων,
451 4749 526 4808 ὼς
571 4748 699 4820 παρ’
749 4747 911 4801 αὐτοῦ
962 4745 1264 4819 τολμηθὲν,
1312 4745 1544 4825 ἔφριττε.
1594 4747 1816 4818 Σπουδὴ
1853 4749 1910 4804 δὲ

256 4846 372 4895 τῶν
421 4836 930 4911 λιμωττόντωνέπί
974 4839 1064 4892 τὸν
1116 4839 1337 4893 θάνατον
1371 4840 1471 4909 ἦν·
1506 4841 1592 4894 καὶ
1642 4860 1902 4913 μακαρισ-

265 4933 372 5006 μὸς
425 4935 536 4985 τῶν
593 4929 935 5008 φθασάντων,
993 4929 1118 5001 πρὶν
1176 4930 1402 4984 ἀκοῦσαι
1473 4931 1562 4984 καὶ
1623 4931 1907 4984 θεάσασθαι

257 5021 406 5076 κακά
452 5018 778 5088 τηλικαῦτα.
813 5041 840 5070 ››
885 5020 978 5079 Ἐς
1025 5018 1244 5092 ὕστερον
1279 5016 1326 5073 δ’
1375 5021 1402 5073 ὁ
1454 5019 1797 5095 συλγραφεὺς
1844 5019 1906 5074 τὸ

257 5110 481 5178 πλῆθος
527 5113 634 5164 τῶν
682 5107 1040 5183 ἀνῃρημένων
1087 5113 1166 5180 τῷ
1195 5129 1253 5162 τε
1285 5109 1435 5181 λιμῷ
1464 5109 1552 5163 καὶ
1604 5108 1740 5186 ξίφει
1789 5131 1908 5162 συν-

255 5199 509 5275 αγαγὼν,
569 5199 755 5254 ἑκατόν
813 5219 944 5275 φησι
997 5197 1259 5274 μυριάδας
1324 5198 1726 5277 διαφθαρῶσιν
1777 5199 1903 5261 τοὺς

255 5288 318 5345 δὲ
384 5287 614 5350 λοιποὺς
675 5285 992 5349 στασιώδεις
1048 5289 1138 5342 καὶ
1197 5288 1526 5362 λῃστρικοὺς
1588 5289 1673 5344 ὑπ’
1725 5287 1902 5358 ἀλλήο

255 5381 378 5436 λων
440 5379 574 5452 μετά
639 5381 736 5449 τήν
804 5378 1011 5434 ἅλωσιν
1076 5376 1512 5452 ἐνδεικνυμένους
1580 5381 1902 5454 ἀνῃρῆσθαι,

252 5474 368 5525 τῶν
401 5466 457 5523 δὲ
494 5468 626 5523 νέων
675 5469 806 5530 τοὺς
857 5468 1236 5542 ὑψηλοτάτους
1278 5469 1366 5523 καὶ
1404 5467 1598 5524 κάλλει
1649 5469 1902 5540 σώματος

256 5558 617 5635 διαφέροντας
683 5560 1011 5631 τετηρῆσθαι
1079 5552 1351 5632 θριαμϐῳ.
1427 5562 1530 5614 Τοῦ
1589 5555 1645 5613 δὲ
1705 5557 1904 5613 λοιποῦ

267 5647 526 5722 πλήθους
577 5649 703 5711 τοὺς
763 5647 895 5725 ὑπὲρ
951 5644 1306 5703 ἐπτακαίδεκα
1360 5641 1452 5720 ἔτη
1515 5645 1767 5722 δεσμίους
1827 5647 1902 5711 εἷς

2019 4680 2186 4717 vasse
2216 4661 2392 4715 dicit:
2428 4672 2480 4714 et
2514 4660 2786 4729 reliquias
2817 4665 2983 4716 simul
3020 4662 3117 4715 lilii
3160 4662 3341 4718 affert.
3379 4661 3461 4714 llli
3500 4679 3666 4731 porro

2020 4751 2256 4806 horrore
2288 4750 2588 4804 confestim
2635 4756 2691 4804 et
2743 4753 2951 4805 mentis
2996 4751 3463 4805 consternatione
3494 4767 3668 4804 occu-

2021 4841 2157 4909 pati,
2211 4841 2278 4894 ad
2325 4845 2704 4910 conspectum
2768 4841 2934 4895 talem
2995 4842 3432 4909 obstupescunt.
3484 4843 3668 4904 Atque

2018 4931 2164 4984 illa:
2201 4929 2362 4984 Meus
2417 4931 2508 4984 hic
2559 4936 2664 4996 est,
2714 4931 2925 5001 inquit,
2980 4931 3211 4983 nativus
3245 4945 3670 5000 germanusque

2017 5019 2175 5074 ﬁlius
2211 5035 2224 5086 ;
2259 5035 2450 5073 meum
2500 5020 2606 5074 hoc
2658 5036 2841 5089 opus;
2879 5020 3265 5086 manducata;
3300 5036 3431 5073 nam
3461 5031 3506 5073 et
3546 5019 3668 5087 ipsa

2007 5111 2132 5182 jam
2169 5111 2553 5177 manducavi;
2591 5128 2772 5179 neque
2821 5111 2903 5164 vel
2958 5109 3251 5165 molliores
3305 5113 3539 5172 femina,
3585 5110 3667 5164 Vel

2017 5200 2415 5255 misericordes
2448 5201 2631 5269 magis
2667 5209 2843 5254 matre
2892 5199 3014 5269 ipsa
3045 5201 3190 5254 silis.
3228 5202 3387 5265 Quod
3424 5202 3470 5254 si
3506 5201 3668 5254 vobis

2015 5290 2200 5360 pietas
2249 5291 2461 5356 obstat,
2513 5304 2815 5356 meamque
2863 5295 3166 5358 propterea
3207 5291 3552 5344 aversamini
3585 5289 3666 5343 vi.

2013 5378 2272 5444 ctimam,
2311 5387 2579 5432 maneant
2604 5378 2754 5445 apud
2784 5393 2873 5431 me
2895 5377 3007 5432 cibi
3043 5380 3196 5447 ejus,
3229 5381 3477 5450 quojam
3509 5387 3668 5452 pasta

2013 5484 2169 5534 sum,
2223 5466 2500 5537 reliquias.
2535 5467 2682 5522 235
2721 5466 2813 5521 Sic
2867 5467 2950 5521 illi
2981 5472 3295 5523 trementes
3325 5473 3563 5540 abeunt,
3593 5473 3665 5527 ad

2013 5558 2121 5615 hoc
2154 5574 2335 5614 unum
2368 5558 2594 5614 facinus
2638 5555 2828 5612 timidi
2868 5573 2881 5612 :
2924 5563 2980 5611 et
3012 5573 3160 5628 aegre
3193 5559 3262 5614 de
3293 5559 3480 5630 epulis
3506 5561 3669 5632 ejus-

2015 5648 2175 5708 modi
2233 5648 2408 5706 matri
2467 5647 2580 5721 ipsi
2639 5646 2871 5707 cedunt.
2931 5647 3171 5720 Repleta
3208 5648 3368 5708 illico
3421 5654 3542 5710 tota
3597 5667 3663 5709 eo

3813 5869 4012 6046 Α
