4084 6208
273 380 397 447 913

271 523 429 584 νοίας
484 525 674 599 καιρὸν
733 525 834 579 οὐκ
877 524 1170 602 ἐλάχιστον
1222 529 1514 593 ὑπανέντος

273 611 586 684 κρείττονος
656 613 936 686 γενόμενοι
989 616 1285 691 λογισμοῦ,
1336 619 1426 674 καὶ
1476 625 1576 684 τῆς
1632 622 1707 685 εἷς
1757 625 1919 680 αὐτὸν

272 701 561 775 παροινίας
591 705 691 771 τὴν
731 701 888 773 δίκην
930 701 1020 760 διὰ
1062 711 1344 779 μετανοίας
1386 709 1734 783 ἀποδράσωσι
1769 733 1782 746 ⁸
1833 715 1923 769 καὶ

275 792 378 860 τὴν
409 789 1094 871 ἀποστολικῆνγπολιτείαν
1123 798 1211 851 καὶ
1269 797 1706 874 μεγαληγορίαν,
1739 801 1816 858 ἔτι
1867 801 1926 858 δὲ

274 878 369 932 καὶ
400 881 500 948 τήν
526 887 634 934 τῶν
664 880 912 951 ἐξαισίων
942 885 1234 958 τεραστίων
1264 883 1540 960 ἐπίδειξιν,
1573 891 1658 944 καὶ
1691 888 1780 945 ἐπὶ
1809 912 1927 946 τεσ-

276 967 583 1041 σάράκοντα
604 963 695 1038 ἔτη
707 971 902 1044 χρόνον
924 971 1277 1042 ἐκτείναντος,
1301 976 1391 1030 καὶ
1421 981 1530 1031 τῶν
1565 983 1744 1052 μικρῷ
1761 980 1926 1052 πρόσ-

275 1057 361 1110 θεν
397 1057 701 1129 εἰρημένων
743 1055 988 1132 φοϐερῶν
1021 1060 1074 1116 ἐν
1111 1062 1296 1124 αὐτοῖς
1338 1065 1578 1136 σημείων
1618 1069 1716 1135 τήν
1752 1088 1925 1122 πανω-

281 1142 502 1218 λεθρίαν
531 1145 876 1203 ἐπισειόντων
910 1170 922 1182 ·
957 1151 1008 1204 o't
1041 1147 1098 1205 δὲ
1133 1153 1219 1206 καὶ
1255 1148 1334 1206 ἔτι
1363 1159 1442 1225 τῷ
1485 1155 1694 1228 χείρονι
1726 1156 1924 1230 προσέ-

276 1252 503 1288 κειντο⁶
563 1237 654 1290 καὶ
729 1239 980 1309 μῆμόνον
1041 1240 1134 1294 τὸν
1200 1247 1436 1316 Σωτῆρα
1501 1245 1777 1320 ἠγνόησαν
1835 1246 1923 1300 καὶ

272 1319 650 1397 παρέδραμον,
684 1323 830 1380 ἀλλά
859 1327 950 1381 καὶ
980 1331 1116 1401 πρὸς
1146 1336 1236 1384 τὸν
1267 1336 1484 1402 πρῶτον
1517 1319 1684 1405 νόμον
1717 1332 1923 1393 ἀθλίως

279 1411 562 1481 διέκειντο,
595 1413 749 1468 οὐδὲν
784 1414 925 1478 εἶδος
955 1422 1299 1492 παρανομίας
1329 1421 1758 1495 παραλείποντες
1787 1423 1926 1478 ὥστε

279 1504 356 1576 μὴ
389 1508 574 1576 γυμνῇ
606 1505 860 1577 πράττειν
889 1511 958 1580 τῇ
988 1507 1222 1587 κεφαλῇ.
1267 1512 1346 1564 Δι’
1379 1513 1514 1585 ἅπερ
1542 1511 1631 1567 καὶ
1663 1517 1760 1568 τοῦ
1792 1517 1925 1567 Θεοῦ

281 1593 630 1665 μακρόθυμον
689 1593 1066 1667 ἀναλόσαντες,
1125 1599 1402 1663 πανώλεις
1448 1606 1528 1672 τῷ
1585 1601 1771 1657 ἀσανεῖ
1824 1609 1925 1670 τῆς

277 1681 468 1741 κακίας
527 1682 675 1754 βοθῷ
731 1685 1214 1764 παρεπέμφθησαν.
1277 1688 1374 1742 Καὶ
1444 1695 1520 1760 τῷ
1603 1691 1926 1764 βουλομένῳ

277 1771 608 1841 καταμαθεῖν
653 1771 792 1827 ἐστιν
848 1773 1057 1846 ῥᾴδιον,
1101 1773 1339 1849 ἀκριϐῶς
1387 1777 1763 1834 ἐπιστατοῦντι
1813 1786 1926 1840 τοῖς

278 1861 398 1913 καθ’
446 1858 670 1914 ἕκαστον
733 1860 1049 1935 λεγομένοις
1108 1870 1186 1935 τῷ
1243 1874 1560 1946 συγγραφεῖ,
1620 1872 1717 1935 μεθ
1795 1869 1928 1938 ὅσης

281 1951 512 2024 χάριτος
572 1953 661 2004 καὶ
718 1947 1043 2024 ἁδρότητος.
1105 1956 1250 2030 Ἐγὼ
1309 1954 1364 2010 δὲ
1423 1959 1510 2010 καὶ
1574 1958 1787 2030 μαλλον
1835 1960 1930 2013 τοῦ

281 2039 460 2092 πάντα
517 2037 700 2100 καλῶς
750 2042 1164 2114 οἱκονοροῦντος
1224 2049 1356 2099 Θεοῦ
1415 2044 1674 2118 θαυμάζω
1723 2047 1786 2101 τὸ
1833 2048 1932 2118 μέ-

282 2129 468 2200 γεθος,
502 2124 668 2201 ἄνδρα
727 2125 980 2202 Ἐϐραῖον
1029 2131 1118 2184 καὶ
1171 2137 1278 2186 τῶν
1325 2133 1563 2188 ἀπίστων
1615 2135 1757 2188 οὕτω
1787 2137 1935 2204 κινήο

283 2236 474 2286 σαντα,
532 2215 624 2270 καὶ
683 2217 932 2291 γλῶτταν
993 2217 1240 2293 λαμυρὰν
1293 2223 1734 2296 παρασχόμενον,
1798 2223 1934 2278 ὥστε

282 2301 352 2371 δὴ
398 2305 474 2366 ὡς
522 2310 702 2379 χρεών
752 2327 812 2378 γε
861 2309 926 2376 ἦν
973 2309 1074 2375 τὴν
1125 2309 1259 2363 κατὰ
1327 2307 1624 2371 Ἰουδαίους
1691 2312 1932 2385 ἱστορίαν

284 2394 525 2470 ἀρίστως
586 2393 875 2466 διεξελθεῖν
935 2418 949 2432 ·
999 2397 1090 2454 ’ίνα
1151 2402 1227 2472 μή
1293 2422 1378 2462 τις
1446 2401 1745 2477 ἀντιλέγειν
1799 2403 1934 2460 τὲως

280 2479 407 2558 ἔχοι
443 2505 456 2516 ·
490 2485 577 2538 καὶ
628 2487 764 2560 πρὸς
795 2488 1011 2550 τούτοις
1039 2486 1130 2542 ’ίνα
1177 2489 1267 2544 καὶ
1300 2496 1416 2552 τοῖς
1459 2490 1768 2566 εἱρημένοις
1796 2494 1938 2566 Χρι-

281 2577 396 2643 στῷ
443 2573 735 2650 σύμφωνός
783 2597 868 2639 τις
897 2574 979 2644 ε’ίη
1032 2578 1135 2632 κάκ
1163 2583 1270 2632 τῶν
1314 2577 1550 2654 ἐχθρῶν,
1582 2580 1644 2634 τὸ
1685 2581 1934 2634 καινότα-

281 2682 403 2720 τον.
462 2663 549 2723 Τίς
599 2661 644 2718 δ’
691 2664 850 2728 οὗτος
893 2666 1186 2735 Ἰώσηπος,
1228 2668 1317 2721 καὶ
1362 2670 1478 2723 τίνα
1542 2667 1608 2738 δὴ
1681 2669 1939 2742 συνεγρά-

281 2755 447 2825 ψατο,
497 2752 586 2806 καὶ
637 2750 755 2806 οἵου
803 2755 992 2828 γένους
1037 2756 1126 2810 καὶ
1176 2758 1420 2832 ἀγωγῆς,
1452 2757 1504 2812 ἐν
1553 2763 1630 2829 τῷ
1673 2759 1779 2832 πρὸ
1819 2760 1940 2814 τού-

281 2860 381 2895 του
441 2839 678 2913 ὰρίστως
735 2838 1060 2916 δεελάϐομεν
1123 2845 1302 2918 τόμῳ.
1367 2848 1462 2902 Καὶ
1520 2847 1585 2900 τὰ
1647 2848 1740 2919 μὲν
1802 2847 1937 2902 κατά

281 2929 584 2992 Ἰουδαίους
643 2929 695 2986 ἐν
743 2932 957 2994 τούτοις
1005 2934 1364 3006 ἦσαν’ἡμεῖς
1424 2932 1482 2989 δὲ
1529 2936 1618 2990 καὶ
1658 2935 1808 2998 αὖθις
1845 2935 1932 2992 ἐπὶ

279 3021 349 3074 τά
377 3019 499 3089 ἑξῆς
529 3027 631 3089 τῆς
663 3021 810 3095 ἱερᾶς
845 3023 1084 3098 ἱστορίας
1115 3035 1419 3098 προΐωμεν.

1279 393 1896 462 ΕΟΟΒΕΞΙΑΒΤΙΟᾹΞ
1941 391 2330 462 HISTURLE
2376 397 2520 457 LIB.
2565 396 2678 456 III.

3561 393 3680 468 914

1594 535 1670 596 ὡς
1715 533 1774 588 ἃν
1823 540 1920 590 τοῦ
1955 538 2000 602 Α
2036 539 2264 606 tempus
2289 530 2660 594 concesserit,
2687 531 2748 584 ut
2779 528 3020 586 meliora
3041 532 3284 588 consilia
3311 543 3365 590 et
3396 536 3676 592 rationem

2036 624 2336 680 rectiorem
2367 620 2574 686 secuti,
2617 635 2718 688 per
2765 619 3159 688 paenitentiam
3193 623 3508 680 vindictam
3548 643 3679 696 pro—

2033 715 2210 778 cacis,
2242 728 2358 783 qua
2387 709 2557 764 illum
2606 708 2867 776 ati'ecere,
2916 710 3280 766 contumeliae
3310 713 3631 784 effugerent
3665 734 3678 771 :

2032 808 2204 871 atque
2263 802 2502 869 insuper
2550 795 2931 864 apostolicam
2997 796 3224 854 vivendi
3281 803 3566 857 rationem
3626 810 3682 856 et

2034 891 2358 946 doctrinam
2403 887 2770 956 magniﬁcam
2806 901 2937 940 cum
2965 887 3444 946 admirandorum
3479 893 3678 964 prodi-

2034 981 2264 1052 giorum
2295 977 2482 1048 signis
2526 974 2770 1042 dederit,
2802 991 3050 1045 eamque
3083 977 3392 1035 bonitatem
3427 981 3498 1034 ad
3533 998 3682 1049 qua-

2035 1071 2304 1141 draginta
2335 1066 2652 1122 extenderit
2683 1081 2869 1119 annos
2895 1081 2907 1117 :
2942 1065 3398 1122 internecionem
3431 1069 3682 1140 denique

2033 1175 2158 1214 eam
2193 1156 2408 1227 populo
2431 1159 2582 1223 ante,
2615 1154 2700 1208 eis
2723 1169 2850 1223 quae
2875 1153 3130 1208 diximus
3163 1157 3429 1226 ostentis,
3456 1164 3677 1229 porten-

2033 1246 2224 1302 derit:
2277 1245 2357 1299 illi
2407 1249 2599 1298 tamen
2653 1243 2822 1313 longe
2871 1241 3042 1298 etiam
3087 1243 3313 1313 pejores
3365 1246 3518 1312 facti,
3565 1263 3678 1302 non

2032 1341 2259 1391 tantum
2318 1337 2674 1388 Servatorsm
2732 1346 3081 1401 cognoscere
3132 1348 3234 1402 per
3279 1337 3679 1403 contemptum

2035 1425 2369 1490 noluerunt,
2401 1437 2601 1478 verum
2634 1419 2809 1474 etiam
2853 1420 2922 1474 de
2955 1421 3142 1492 prima
3175 1423 3299 1491 lege
3329 1422 3454 1492 ipsa
3489 1427 3680 1478 minus

2035 1519 2188 1570 recte
2242 1515 2574 1576 senserunt,
2635 1508 2781 1564 nihil
2844 1526 3082 1580 prorsus
3148 1526 3217 1565 ex
3265 1510 3572 1580 iniquitate
3626 1516 3685 1566 et

2036 1607 2270 1675 peccato
2319 1600 2478 1656 omni
2528 1599 2946 1670 relinquentes,
2996 1598 3140 1669 quin
3188 1600 3243 1653 id
3298 1601 3452 1656 nudo
3499 1601 3680 1671 (quod

2037 1691 2270 1762 dicitur)
2303 1690 2492 1760 capite
2515 1691 2828 1760 patrarent.
2853 1687 3216 1758 Quapropter
3238 1689 3683 1760 longanimitate

2036 1777 2138 1833 Dei
2171 1777 2488 1847 repudiata,
2540 1776 2930 1830 internecione
2977 1791 3178 1830 omnes
3224 1775 3282 1830 in
3328 1777 3680 1845 profundum

2038 1866 2277 1922 malitiae
2324 1875 2378 1922 et
2442 1864 2784 1936 perditionis
2833 1863 3072 1920 demissi
3123 1869 3256 1918 sunt
3315 1864 3679 1920 barathrum.

2042 1957 2172 2012 Haec
2225 1955 2423 2010 omnia
2472 1954 2570 2025 qui
2620 1954 2796 2018 volet,
2849 1953 3010 2007 facile
3058 1969 3402 2022 cognoscere
3454 1956 3680 2023 poterit,

2035 2047 2086 2102 si
2135 2045 2445 2115 diligenter
2482 2044 2744 2099 animum
2796 2042 2866 2096 ad
2918 2059 3008 2097 res
3057 2059 3320 2114 quasque
3371 2043 3684 2114 aJosepho

2037 2134 2315 2188 historico
2360 2147 2490 2187 cum
2541 2129 2724 2187 multa
2767 2133 2952 2199 gratia
3004 2136 3062 2184 et
3101 2137 3407 2186 venustate
3436 2133 3684 2201 scriptas

2039 2222 2369 2278 attenderit.
2403 2221 2517 2290 Ego
2559 2237 2690 2275 vero
2743 2221 2801 2273 in
2854 2219 3077 2289 primis,
3127 2219 3322 2275 omnia
3371 2227 3522 2275 recte
3560 2220 3680 2273 dis-

2041 2311 2316 2382 ponentis
2365 2313 2537 2380 atque
2588 2307 3053 2362 administrautis
3087 2308 3181 2362 Dei
3215 2309 3680 2377 magnitudinem

2041 2403 2318 2467 admiror,
2353 2399 2453 2470 qui
2499 2398 2790 2452 hominem
2841 2414 2908 2451 ex
2936 2397 3270 2451 infidelibus
3299 2397 3569 2452 Judtcum
3605 2399 3685 2452 ita

2043 2489 2395 2554 excitaverit,
2441 2485 2748 2556 eidemque
2804 2485 3082 2539 disertam
3145 2501 3501 2555 suavemque
3562 2485 3682 2538 lin-

2043 2596 2215 2651 guam
2247 2578 2616 2646 concesserit,
2653 2582 2716 2630 ut
2739 2575 2855 2638 ille,
2878 2575 2957 2630 ita
2989 2581 3052 2629 ut
3080 2575 3354 2646 oportuit,
3376 2575 3682 2630 Judaicam

2045 2669 2348 2724 historiam
2397 2682 2571 2738 quam
2631 2664 2954 2720 rectissime
3005 2664 3290 2720 memoria
3337 2667 3680 2720 mandaret:

2045 2757 2328 2821 videlicet,
2385 2762 2448 2809 ut
2499 2771 2568 2808 ne
2599 2755 2732 2824 quis
2767 2760 2966 2808 contra
2995 2754 3393 2808 testimonium
3427 2755 3551 2823 ejus
3584 2770 3685 2809 ve-

2047 2848 2171 2903 nire
2226 2849 2464 2918 posset:
2501 2844 2646 2899 237
2701 2852 2753 2898 et
2805 2847 3098 2914 przeterea,
3147 2843 3296 2913 quod
3331 2844 3564 2913 quidem
3598 2847 3688 2897 est

2047 2938 2389 3002 maximum,
2439 2939 2504 2988 ut
2537 2950 2603 2987 ex
2656 2932 2923 2987 hostibus
2970 2933 3145 2986 etiam
3184 2931 3683 3001 ellsltll‘elnliqtlls,

2047 3025 2146 3096 qui
2203 3039 2460 3079 consona
2515 3023 2726 3076 Christi
2781 3020 3252 3092 praedictionibus
3298 3023 3684 3074 attestaretur.

283 3116 428 3179 Quis
477 3121 669 3169 autem
723 3115 1014 3187 Josephus
1062 3116 1169 3172 iste
1222 3119 1414 3177 fuerit.
1465 3134 1614 3190 quos
1664 3119 1842 3174 libros
1892 3117 2212 3188 scripserit,
2263 3130 2376 3185 quo
2419 3129 2651 3184 genere,
2713 3128 2893 3183 quave
2945 3110 3315 3166 inetltutione
3374 3108 3568 3175 fuerit,
3632 3110 3688 3162 in

283 3203 549 3274 proximo
581 3207 724 3260 satis
771 3210 1145 3275 eXposuimus
1196 3208 1360 3264 libro.
1414 3209 1482 3263 Et
1527 3209 1862 3264 Judteorum
1911 3209 2146 3280 quidem
2195 3223 2287 3261 res
2347 3207 2500 3259 hunc
2557 3203 2814 3258 habuere
2861 3205 3099 3258 exitum.
3149 3201 3328 3257 Nobis
3377 3207 3593 3264 autem,
3629 3203 3692 3254 ut

285 3295 357 3349 ad
393 3295 649 3366 reliquus
677 3313 798 3366 qua:
830 3303 1148 3368 supersunt
1175 3300 1479 3369 prapositae
1511 3299 1760 3356 historiae
1792 3315 1884 3356 res
1915 3303 2295 3366 revertamur,
2331 3306 2556 3368 tempus
2586 3310 2712 3349 esse
2744 3295 2991 3349 videtur.

923 3442 1182 3499 ΚΕΦΑΛ.
1226 3443 1304 3498 Θ’.

286 3556 398 3626 Ὠς
423 3567 584 3637 μετὰ
604 3568 720 3644 τήν
755 3565 1305 3644 ἅλωσιν-Συμεὼν
1335 3572 1362 3624 ὁ
1392 3577 1505 3626 τοῦ
1539 3572 1764 3629 Κλοπά
1795 3574 1933 3630 ἐπί-

365 3657 612 3718 σκοπος
690 3639 1144 3712 Ἰερουσαλὴμ
1193 3646 1757 3718 ’προχειρίςεταμ
1822 3646 1936 3701 Καὶ

363 3710 668 3792 περὶτῆς
718 3710 1128 3792 Δομετιανοῦ
1177 3710 1584 3786 ὠμότητοςῖ
1635 3718 1934 3792 καὶπερὶ

360 3786 486 3835 τῶν
519 3783 680 3836 κατά
710 3785 913 3857 σάρκα
945 3783 1280 3860 συγγενῶν
1314 3791 1428 3840 τοῦ
1461 3795 1791 3864 Σωτῆρος.

363 3927 559 3981 Φθανει
619 3929 710 4000 μὲν
768 3928 795 3981 ὁ
850 3931 946 3983 τοῦ
1005 3929 1205 4003 Κυρίου
1261 3928 1494 4008 ἀδελφὸς
1540 3926 1818 3993 Ἰάκωϐος,
1859 3935 1937 4001 τῷ

292 4014 427 4088 ὑπὲρ
485 4015 649 4070 αὐτοῦ
713 4017 992 4090 μαρτκρίῳ
1038 4017 1348 4081 τελειωθείς
1402 4040 1413 4050 ·
1463 4019 1578 4074 ἐπεὶ
1630 4017 1686 4074 δὲ
1713 4021 1803 4074 καὶ
1836 4020 1936 4074 Ἰε-

292 4103 587 4180 ρουσαλὴμ
617 4105 783 4175 ἑάλω,
817 4106 891 4168 ὡς
924 4106 1158 4179 εἶ’ρηται,
1192 4105 1295 4162 ἔτει
1343 4107 1554 4180 κόσμου
1604 4107 1936 4182 ἐῦισταμένῳ

291 4194 828 4268 πεντακισχιλιοστῷ
882 4202 1284 4268 πεντακοσιστῷ
1340 4193 1740 4271 ἑϐδομηκοστῷ
1817 4199 1938 4254 ἐνα-

297 4305 397 4355 τῳ,
428 4289 840 4357 τεσσαρακοστῷ
889 4281 945 4338 δὲ
996 4288 1129 4357 μετά
1174 4287 1274 4354 τήν
1319 4292 1415 4341 τοῦ
1466 4288 1663 4358 Κυρίου
1730 4287 1935 4357 ἀνάλη-

295 4374 386 4445 ψιν
423 4389 437 4402 ο
471 4369 526 4424 οἶ
557 4375 653 4426 τοῦ
697 4371 901 4445 Κυρίου
935 4371 1172 4444 μαθηταὶ
1217 4374 1306 4428 καὶ
1358 4373 1682 4444 ἀπόστολοι,
1715 4375 1830 4430 ὅσοι
1865 4373 1934 4446 ϐἠ

294 4457 374 4514 ἔτι
408 4466 672 4530 περιῆσαν
716 4465 796 4532 τῷ
857 4462 984 4536 βίῳ,
1041 4458 1093 4521 ἒς
1140 4462 1304 4516 ταυτὸ
1366 4461 1574 4536 βουλῆς
1633 4467 1934 4538 γεγονότες,

294 4549 668 4624 ἁπανταχόθεν
725 4547 936 4620 σύναμα
988 4554 1106 4612 τοῖς
1178 4551 1313 4623 πρὸς
1369 4551 1522 4626 γένος
1577 4573 1712 4607 κατα
1769 4554 1938 4624 σάρκα

293 4639 554 4710 Χριστοῦ,
585 4638 789 4694 πολλοὶ
836 4636 892 4693 δὲ
939 4639 1073 4708 ἦσαν
1117 4635 1216 4708 ἔτι,
1248 4661 1370 4694 τινα
1418 4639 1680 4717 διάδοχον
1709 4647 1787 4713 τῷ
1831 4645 1938 4700 Ἰα-

295 4722 485 4782 κώϐου
543 4729 720 4800 θρόνῳ
780 4732 966 4803 cuni);
1017 4727 1141 4784 ἐπιλ
1175 4729 1361 4798 ξασθαι
1421 4727 1759 4788 διεσκόπουν.
1807 4733 1941 4786 Πάν-

2682 3441 2911 3500 CAPUT
2950 3441 3048 3497 IX.

2050 3568 2115 3626 Ut
2162 3577 2278 3634 post
2326 3567 2697 3636 Hierosolyma
2741 3571 2927 3634 capta,
2979 3565 3208 3636 Symeon
3264 3566 3512 3632 ειεοριιςςε
3538 3565 3690 3634 ﬁlius

2117 3641 2397 3709 episcopus
2425 3639 2501 3692 ibi
2528 3643 2743 3709 creatus
2772 3640 2860 3692 sit.
2899 3639 2971 3690 De
3002 3640 3297 3691 Domitiani
3325 3639 3688 3709 crudelitate:

2116 3707 2167 3765 et
2221 3709 2286 3764 de
2340 3708 2586 3780 cognatis
2639 3709 2939 3764 Servatort's
2996 3710 3169 3763 nostri
3213 3707 3508 3764 secundum
3556 3724 3687 3762 car-

2115 3797 2262 3836 nem.

2114 3923 2366 3980 Jacobus
2398 3926 2572 3980 frater
2600 3924 2850 3992 Domini,
2903 3925 2978 3980 ita
3030 3929 3092 3980 ut
3122 3930 3291 3981 antea
3321 3929 3410 3980 est
3438 3925 3684 3992 dictum,

2048 4016 2324 4086 martyrio
2357 4032 2458 4087 pro
2487 4016 2614 4086 ipso
2657 4021 2746 4071 est
2790 4017 3044 4070 functus.
3079 4016 3221 4070 Cum
3251 4031 3385 4070 vero
3419 4016 3686 4071 Hieroso-

2044 4103 2203 4176 lyma
2245 4109 2385 4160 sunt
2433 4121 2632 4161 eversa
2662 4107 2765 4177 (ί),
2798 4125 2829 4160 a
2861 4107 3081 4161 mundo
3113 4105 3342 4161 condito
3375 4105 3687 4178 quinquies

2047 4193 2396 4250 millesimus
2423 4195 2926 4266 quingentesimus
2975 4195 3445 4267 septuagesimus
3478 4211 3686 4262 nonus,

2045 4283 2116 4338 ab
2143 4283 2485 4339 ascensione
2533 4283 2766 4339 Domini
2810 4288 3005 4339 autem
3037 4285 3520 4357 quadragesimus
3550 4301 3684 4358 age-

2047 4373 2218 4428 batur
2245 4389 2438 4429 annus
2463 4390 2476 4441 ;
2506 4377 2629 4428 tum
2673 4373 2946 4441 discipuli
2977 4378 3032 4429 et
3067 4375 3330 4446 apostoli,
3365 4374 3466 4446 qui
3496 4375 3689 4430 adhuc

2045 4463 2104 4517 in
2136 4462 2255 4517 vita
2283 4467 2468 4529 erant,
2493 4463 2647 4518 idem
2681 4461 3216 4530 secuticonsilium,
3241 4479 3306 4517 ex
3334 4463 3472 4518 locis
3495 4464 3689 4517 omni-

2049 4551 2157 4606 bus
2189 4567 2308 4606 una
2351 4567 2482 4608 cum
2524 4551 2594 4606 iis
2626 4551 2726 4624 qui
2757 4568 2965 4624 genere
2988 4553 3158 4624 juxta
3191 4567 3442 4617 carnem,
3474 4550 3684 4605 Christi

2050 4641 2358 4712 propinqui
2406 4645 2601 4696 essent
2649 4641 2838 4712 (multi
2870 4647 3064 4697 autem
3105 4642 3294 4696 adhuc
3325 4639 3686 4710 supererant)

2049 4735 2467 4797 convenerunt,
2525 4740 2578 4786 et
2653 4747 2968 4802 quemnam
3024 4729 3236 4786 Jacobo
3294 4743 3682 4782 successorem

290 4836 380 4877 τες
405 4815 497 4869 οὗν
544 4814 630 4870 ἐπὶ
679 4817 901 4889 Συμεὼν
949 4818 1041 4872 τὸν
1089 4823 1189 4871 τοῦ
1223 4817 1436 4890 Κλοπᾶ,
1468 4819 1530 4874 οὗ
1561 4821 1742 4876 καὶτὸ
1787 4821 1931 4892 ἱερὸν

2046 4826 2237 4888 aperte
2269 4825 2659 4894 surrogarent,
2691 4837 2819 4876 cum
2873 4838 3009 4875 cura
3049 4818 3463 4874 deliberarunt.
3498 4820 3686 4886 Atque

292 4903 626 4981 Εὐαγγὲλιω
685 4905 862 4978 μνείαν
912 4910 1171 4977 ποιεῖται,
1204 4908 1370 4982 ὁρῶσι
1410 4929 1423 4942 ·
1482 4910 1571 4964 καὶ
1622 4909 1799 4982 τούτῳ
1842 4912 1934 4964 τὸν

287 4997 389 5058 τῆς
441 4993 721 5069 ἱεραρχίας
777 4993 882 5070 ἐγχ
915 4993 1146 5069 ιρίςουσι
1198 4996 1389 5072 θρόνον
1431 5017 1442 5030 '
1503 4999 1560 5053 ’ὀν
1636 4995 1770 5067 δῆτα
1843 4999 1935 5054 καὶ

290 5080 509 5156 ἀνεψιόν
561 5082 736 5138 εἴτουν
796 5081 1086 5162 ἐξάδελφον
1141 5089 1238 5140 τοῦ
1273 5087 1454 5156 Ἰησοῦ
1514 5088 1540 5142 ὁ
1591 5090 1933 5163 Ἰἰγτςσιππος

287 5172 518 5247 ἱστορεῖ.
577 5175 634 5230 Ὀ
681 5178 781 5250 γάρ
842 5174 1058 5239 Κλοπᾶς
1107 5181 1203 5232 τοῦ
1254 5179 1560 5252 μνήστορΟς
1593 5179 1660 5247 ἦν
1703 5176 1934 5260 ἀδελφὸς

366 5434 447 5507 (1)
477 5435 672 5511 Capta,
709 5441 931 5501 exusta,
962 5441 1038 5511 get
1079 5435 1201 5511 solo
1229 5443 1458 5511 aequata
1490 5446 1577 5494 est
1609 5435 1937 5511 Hierosoly-

301 5509 736 5583 mor_um__urbs._
773 5525 924 5583 anno
960 5508 1184 5564 Domini
1213 5507 1317 5577 73,—
1337 5513 1689 5583 Septembris
1723 5507 1937 5566 mensis

293 5579 389 5653 die
417 5579 470 5632 8.
523 5579 782 5653 (Joseph.
835 5579 934 5634 iib.
969 5597 1067 5647 vn,
1101 5596 1222 5650 cap.
1251 5584 1366 5653 2‘5.)
1413 5579 1444 5632 ἱ(
1486 5584 1672 5652 Titus,
1705 5586 1773 5638 ad
1811 5600 1937 5652 per-

293 5651 647 5706 domandam
679 5651 934 5726 Judteam
967 5653 1228 5720 relictus,
1261 5651 1579 5710 novissima
1612 5651 1939 5726 HierosOly-

293 5737 529 5779 morum
541 5723 974 5795 oppugnatione
991 5731 1212 5797 septem
1233 5731 1690 5798 propugnatores
1705 5723 1937 5783 totidem

2044 4907 2311 4979 equidem
2371 4925 2576 4966 omnes
2632 4911 2692 4964 in
2747 4910 3091 4980 Symeonem
3159 4905 3340 4959 filium
3400 4903 3684 4975 Cleophis,

2046 4999 2218 5066 cujus
2245 4997 2416 5052 etiam
2466 5014 2691 5053 sacrum
2743 4996 3008 5052 meminit
3055 4994 3451 5065 Evangelium,
3484 4992 3685 5048 oculos

2045 5086 2384 5157 conjiciunt,
2413 5089 2577 5158 eique
2606 5086 2989 5157 episcopalem
3020 5082 3218 5139 sedem
3259 5082 3635 5138 committunt
3666 5098 3680 5136 :

2047 5190 2218 5246 quem
2275 5175 2618 5244 Symeonem
2676 5173 3037 5244 Hegesippus
3095 5172 3507 5228 consobrinum
3565 5171 3685 5225 sive

2045 5438 2388 5522 sagittarum
2428 5437 2701 5522 confeclt_
2727 5435 2960 5522 ictibus,
3019 5441 3453 5522 cepitque‘esm
3505 5432 3686 5522 natali

2045 5510 2176 5564 {illis
2225 5525 2367 5579 sum,
2398 5529 2426 5560 ››
2475 5516 2582 5566 etc.
2633 5511 2982 5581 (Tranquill.
3033 5510 3103 5567 in'
3137 5513 3310 5582 Tito.)
3356 5514 3683 5568 Secundum

2046 5584 2364 5638 neotericos
2409 5583 2903 5642 chrononraphos.
2953 5583 3346 5642 Hierosolyma
3392 5595 3563 5642 capta
3599 5591 3686 5640 est

2046 5597 2364 5638 necterlcos
2409 5597 2903 5654 cnronograpnos,
2953 5597 3346 5656 meroeotyma
3392 5601 3499 5658 cap

2045 5669 2198 5712 anno
2230 5653 2434 5710 mundi
2465 5654 2624 5725 4050,
2657 5673 2692 5711 a
2722 5654 2898 5711 natali
2928 5657 3241 5712 Salvatoris
3271 5657 3360 5711 72.
