4016 6206
432 358 548 418 9Ιὸ

1718 353 2064 433 ΝιοΕΡΗο

2183 364 2540 427 CALLISTI
3711 358 3807 418 916

432 492 751 562 patruelem
782 498 912 552 Jesu
950 496 1122 553 fuisse
1153 505 1474 558 memorat:
1507 503 1790 576 Cleophas
1820 506 2064 579 (t)enim

2191 501 2416 578 Ἰωεήφ.
2489 497 2886 559 Οὐεσπεσιανὸς
2942 494 3000 552 δὲ
3074 495 3210 568 μετᾶ
3262 495 3361 565 τήν
3432 492 3807 569 Ἱεροσολύμων

435 586 635 654 sponsi
674 585 912 656 Josepbi
947 590 1121 644 l'rater
1169 591 1296 647 fuit.
1350 593 1651 652 Enimvero
1681 596 2080 670 Vespasianus

435 676 851 746 Hierosolymis
902 679 1106 748 captis,
1158 695 1230 734 ne
1281 683 1415 752 quis
1455 700 1523 738 ex
1555 686 1706 741 tribu
1743 689 1896 758 regia
1926 689 2076 743 clam

437 765 778 830 profugeret,
813 766 1145 836 quicunque
1175 786 1208 824 a
1240 769 1454 828 Davide
1484 789 1671 844 genus
1708 775 2077 843 deducerent,

433 851 737 919 diligenter
781 855 991 924 inquiri
1019 858 1218 926 jussit.
1255 858 1418 915 Unde
1459 879 1693 918 rursum
1725 881 1837 920 non
1869 867 2080 936 exigua

433 943 752 1009 persecutio
793 945 1067 999 adversus
1099 946 1330 1004 Judaeos
1361 957 1448 1006 est
1479 961 1689 1008 coorta.
1723 954 1791 1009 Et
1817 971 1883 1009 ea
1914 955 2076 1010 cala-

435 1031 604 1082 mitas
635 1028 862 1100 longius
887 1043 1186 1099 processnt.
1215 1036 1356 1092 Nam
1384 1045 1439 1093 et
1471 1039 1833 1097 Domitianus
1865 1042 2077 1113 Vespa-

431 1114 577 1170 siani
615 1120 766 1172 lilius
799 1121 891 1190 (2),
927 1123 1024 1192 qui
1061 1131 1186 1189 post
1213 1126 1403 1181 Titum
1443 1128 1720 1185 Romanis
1753 1132 2074 1202 imperavit,

435 1205 642 1261 multos
673 1225 739 1262 ex
769 1208 1094 1266 illustribus
1113 1230 1460 1288 summoque
1483 1217 1605 1274 loco
1631 1221 1780 1276 natis
1799 1221 2076 1277 Romanis

431 1295 652 1350 civibus
685 1308 890 1366 praeter
921 1301 1199 1356 rationem
1234 1321 1464 1359 omnem
1507 1308 1786 1375 occidere,
1819 1317 1875 1364 et
1909 1311 2076 1366 bonis

431 1385 704 1440 omnibus
740 1386 1034 1456 muletere,
1078 1396 1135 1445 et
1182 1393 1382 1450 exsilio
1412 1397 1694 1452 damnare
1723 1407 1810 1454 est
1841 1417 2074 1470 aggres-

431 1489 554 1528 sus.
586 1475 770 1546 Atque
820 1479 868 1531 is
920 1485 1046 1546 post
1081 1479 1360 1536 Neronem
1395 1487 1683 1540 secundus
1714 1486 1827 1542 Deo
1859 1487 2073 1544 bellum

431 1565 629 1626 movit,
667 1568 1246 1640 persicutionemque
1276 1587 1505 1641 gravem
1553 1577 1832 1630 adversus
1861 1577 2072 1632 Christi

433 1651 656 1716 ﬁdeles,
702 1671 831 1708 cum
875 1657 1110 1726 quidem
1145 1657 1533 1731 Vespasianus
1576 1670 1737 1732 pater
1765 1665 1893 1735 ejus
1927 1667 2072 1722 nihil

429 1742 694 1796 acerbius
729 1744 782 1796 in
820 1761 923 1798 nos
971 1747 1295 1817 statuisset,
1337 1751 1624 1808 excitavit.
1659 1754 1782 1818 Quo
1812 1761 2072 1826 tempore

2188 588 2420 654 ἅλωσιν,
2453 585 2544 642 ’ίνα
2587 589 2664 662 μή
2707 607 2792 648 τις
2829 591 2930 656 τῆς
2971 584 3261 659 βασιλικῆς
3311 581 3491 662 φυλῆς
3537 580 3680 657 λάθῃ
3709 580 3808 636 διας

2189 678 2402 756 φυγὼν,
2459 677 2588 738 τοὺς
2645 675 2706 731 ἐκ
2761 672 2923 731 Δαυίδ
2976 675 3040 728 τὸ
3095 675 3245 750 γένος
3292 675 3632 748 κατάγοντας
3697 671 3809 743 μετὰ

2188 763 2438 836 σπουδῆς
2504 765 2878 838 ἀνερευνᾶσθαί
2944 762 3294 838 προσέταττε.
3371 763 3667 818 Κάντεῦθεν
3726 759 3811 814 οὐκ

2186 853 2480 930 ἐλάχιστος
2522 852 2765 929 διωγμὸς
2811 851 3099 915 Ἰουδαίοις
3147 849 3526 926 ἀνερῥιπίσθη,
3577 849 3670 905 καὶ
3713 847 3810 904 ἐπι-

2185 943 2330 1001 πολὺ
2360 945 2423 1001 τὸ
2464 943 2634 999 δεινὸν
2682 943 2902 1018 προῄει,
2948 943 3026 1006 ὡς
3070 943 3161 996 καὶ
3207 941 3535 1014 Δομετιανὸν
3577 940 3672 994 τὸν
3715 939 3812 992 υἱὸν

2189 1033 2326 1106 μετὰ
2367 1039 2522 1090 Τῖτον
2568 1033 2856 1105 Ῥωμαίων
2908 1031 3254 1106 ἡγησάμενον
3309 1027 3559 1091 πολλοὺς
3610 1047 3670 1082 τε
3717 1031 3810 1081 τῶν

2184 1123 2461 1197 ἐπιφανῶν
2536 1125 2626 1180 καὶ
2711 1125 3004 1197 Ῥωμαίων
3091 1119 3428 1195 εὐπατριδῶν
3513 1117 3811 1193 ἆνευλόγως

2183 1215 2412 1271 κτείνειλ
2477 1214 2800 1289 ἐπιχειρεῖν,
2857 1212 3029 1287 ζημίᾳ
3079 1233 3142 1268 τε
3189 1208 3396 1274 ἄλλους
3455 1208 3685 1278 οὗσιων,
3736 1209 3810 1262 καὶ

2186 1305 2447 1380 ὑπερορῖᾳ
2483 1304 2546 1359 τὸ
2593 1301 2906 1359 τελευταῖον
2951 1298 3329 1370 καταδικάζειν
3361 1321 3375 1334 ·
3427 1301 3504 1360 ὡς
3552 1299 3647 1354 καὶ
3694 1297 3815 1371 μετᾶ

2184 1395 2402 1461 Νέρωνα
2451 1392 2700 1469 δεύτερον
2759 1391 3034 1467 θεομάχον
3103 1389 3291 1445 ἑαυτὸν
3338 1395 3696 1457 καταστῆσαι,
3732 1387 3812 1441 καὶ

2181 1483 2317 1539 κατᾶ
2358 1487 2464 1538 τῶν
2511 1481 2588 1544 εἷς
2637 1481 2868 1557 Χριστὸν
2927 1479 3288 1536 πιστευόντων
3338 1475 3513 1534 δεινὸν
3564 1477 3814 1552 ἀνεγεῖραι

2180 1574 2270 1628 τὸν
2320 1569 2603 1648 διωγμόνο
2655 1571 2848 1645 καίπερ
2897 1570 3292 1628 Οὐεσπεσιανοῦ
3340 1572 3440 1624 τοῦ
3479 1567 3686 1639 πατρὸς
3717 1587 3810 1639 μη-

2193 1659 2278 1717 δὲν
2332 1662 2449 1718 καθ’
2503 1663 2665 1734 ἡμῶν
2719 1661 3108 1731 ἐπινοήσαντος
3170 1658 3371 1714 ἄτοπον
3397 1673 3413 1690 ο
3462 1654 3553 1712 ὅτε
3593 1655 3687 1712 καὶ
3728 1657 3808 1710 τὸν

2179 1750 2486 1808 ἀπόστολον
2516 1753 2772 1822 Ἰωάννην
2805 1749 2884 1807 ἔτι
2915 1747 3323 1825 περιπολοῦντα
3349 1749 3450 1818 τήν
3466 1753 3596 1822 γῆν,
3621 1745 3809 1817 Πάτμῳ

429 1834 485 1884 et
514 1831 809 1898 apostolos
837 1833 1086 1890 Joannes
1125 1837 1318 1894 adhuc
1359 1841 1415 1894 in
1457 1842 1628 1896 terris
1659 1859 1915 1910 versans,
1949 1862 2064 1916 pro.

2182 1845 2252 1915 τῇ
2281 1843 2434 1914 νήσῳ
2465 1847 2564 1910 τῆς
2597 1839 2675 1902 εἰς
2719 1840 2948 1914 Χριστὸν
3001 1833 3271 1900 εὐσεϐείας
3317 1834 3474 1892 ἕνεκα
3527 1836 3617 1892 ὑπ’
3664 1832 3809 1890 αὐτοῦ

430 1925 554 1988 pter
589 1919 854 1989 pietatem
888 1923 1230 1997 cultumque
1261 1927 1492 1996 Christi,
1528 1931 1600 1985 ab
1627 1947 1693 1986 eo
1724 1932 1782 1986 in
1811 1933 2064 1992 insulam

429 2005 690 2062 Palmum
742 2009 1221 2082 circumscriptus
1269 2032 1397 2072 esse
1435 2027 1801 2089 memoratur,
1839 2023 1936 2076 ubi
1971 2023 2069 2079 ille

428 2112 650 2150 sacram
684 2100 838 2152 illam
875 2098 1160 2166 Evangelii
1189 2105 1278 2158 sui
1301 2107 1562 2162 detonuit
1584 2125 1804 2179 vocem,
1837 2112 1990 2168 238
2013 2117 2070 2169 et

405 2185 603 2238 .simul
639 2186 820 2256 ipsam
857 2191 1093 2260 scripsit
1128 2194 1550 2266 Apocalypsim.
1587 2198 1664 2253 De
1694 2215 1808 2271 qua
1836 2203 2066 2272 Apoca-

425 2272 577 2344 lypsi
635 2275 882 2331 lreuaaus
931 2279 1337 2350 Lugdunensis
1392 2285 1698 2358 episcopus
1755 2287 1812 2343 in
1861 2291 2066 2362 quinto

426 2364 688 2418 Adversus
719 2367 950 2422 hereses
999 2369 1166 2438 libro,
1216 2387 1282 2426 eo
1314 2371 1438 2428 loco
1473 2375 1569 2430 ubi
1603 2377 1674 2432 de
1705 2379 1928 2435 calculo
1959 2398 2068 2436 no-

426 2453 602 2508 minis
631 2456 988 2524 Antichristi,
1021 2460 1116 2526 qui
1151 2460 1226 2514 ibi
1262 2461 1464 2533 fertur,
1503 2471 1730 2530 tractat,
1766 2467 1888 2524 haec
1919 2470 2068 2526 scri-

425 2539 509 2592 bit
541 2556 554 2594 :
589 2563 618 2590 «
648 2543 701 2594 si
739 2547 1095 2615 temporibus
1141 2547 1212 2603 iis
1269 2551 1455 2620 palam
1491 2569 1696 2609 nomen
1739 2555 1898 2612 illius
1931 2575 2069 2628 pro-

426 2629 670 2700 mulgari
696 2634 948 2703 deberet,
975 2652 1074 2706 per
1097 2637 1246 2692 hunc
1274 2643 1522 2709 profecto
1545 2644 1642 2714 qui
1663 2646 2064 2717 Apocalypsim

422 2719 612 2789 ipsam
639 2727 694 2774 et
718 2722 1124 2780 revelationem
1150 2728 1315 2795 vidit,
1339 2731 1558 2786 dictum
1583 2734 1886 2790 esset.Nou
1909 2738 2065 2792 enim

422 2816 556 2863 ante
589 2811 771 2865 multa
803 2821 1082 2884 tempore,
1131 2817 1228 2871 sed
1265 2825 1466 2874 nostra
1498 2837 1670 2892 prope
1699 2831 1866 2880 aetate
1896 2825 2067 2882 circi-

425 2903 516 2952 ter
561 2899 872 2955 Domitiani
925 2903 1150 2974 imperii
1202 2907 1374 2962 tinem
1418 2911 1663 2966 revelata
1707 2920 1817 2970 est.
1869 2935 1896 2967 ι
1943 2913 2068 2970 Non

424 2990 598 3044 modo
631 2996 820 3045 autem
856 2996 1231 3062 professionis
1262 2999 1511 3069 fideique
1543 3013 1747 3056 nostra:
1782 3003 2064 3072 homines,

423 3079 518 3133 sed
555 3078 734 3134 multo
782 3082 953 3136 etiam
1010 3085 1214 3154 magis,
1266 3088 1366 3157 qui
1415 3089 1602 3144 alieno
1651 3107 1684 3145 a
1733 3091 1900 3146 nobis
1930 3102 2067 3148 sunt

422 3169 640 3234 animo,
673 3173 1014 3225 acerrimam
1064 3173 1221 3228 illam
1274 3174 1382 3229 sub
1422 3176 1750 3234 Domitiano
1793 3196 2064 3250 persecu-

423 3257 660 3326 tionem,
686 3264 740 3314 et
761 3273 859 3313 eos
887 3264 983 3330 qui
1009 3269 1132 3316 tum
1159 3263 1408 3319 maxime
1430 3264 1750 3322 ﬂoruerunt
1777 3269 2060 3337 homines,
2091 3247 2135 3314 δ

420 3347 1002 3419 testilicationemque
1033 3358 1088 3405 et
1111 3354 1448 3424 martyrium
1471 3370 1673 3410 eorum
1697 3359 2066 3428 conscripse-

421 3445 576 3503 runt,
609 3437 865 3508 satisque
896 3446 1049 3495 certo
1081 3445 1137 3494 et
1185 3446 1416 3512 tempus
1468 3445 1660 3516 ipsum
1710 3445 2058 3503 indicarunt.

419 3532 562 3583 Nam
617 3533 746 3598 post
791 3527 979 3597 plures
1009 3529 1176 3599 alios,
1211 3531 1407 3601 quinto
1438 3533 1665 3590 decimo
1697 3536 2062 3605 imperatoris

417 3617 546 3684 ejus
577 3633 730 3671 anno
753 3616 852 3689 (3).
887 3617 1137 3674 Flaviam
1172 3622 1343 3676 etiam
1373 3622 1730 3680 Domitillam
1755 3625 1851 3697 (4),
1885 3626 2062 3682 Flavii

416 3705 726 3761 Clementis
755 3707 836 3777 (5)
868 3707 1261 3765 Romanorum
1295 3713 1596 3769 consulum
1635 3715 1812 3770 unius
1846 3715 2063 3774 sororis

2181 1931 2593 2007 περιοριοθῆναι
2635 1929 2944 2004 ἱστόρηται,
2991 1925 3114 1982 ἔνθα
3161 1923 3230 1994 δή
3260 1926 3352 1981 καὶ
3399 1924 3694 2000 γενόμενον
3722 1925 3807 1990 τήν

2175 2021 2323 2095 ἱεράν
2373 2025 2481 2074 τῶν
2532 2017 2881 2094 Εὐαγγελίων
2935 2018 3228 2093 βροντῆσαι
3274 2018 3482 2094 φωνην,
3531 2014 3628 2068 καὶ
3657 2013 3804 2080 αὐτήν

2176 2107 2549 2183 Ἀποκάλυψιν
2582 2127 2596 2142 ·
2651 2107 2777 2183 περὶ
2825 2109 2892 2178 ἧς
2943 2105 3383 2179 Ἀποκαλύψεως
3442 2104 3735 2179 Εἰρηναῖος
3783 2103 3807 2156 ὁ

2180 2196 2534 2274 Κουγδούνων
2577 2197 2876 2258 ἐπίσκοπος
2908 2195 2960 2251 ἰν
2993 2195 3226 2269 πέμπτῳ
3270 2200 3379 2250 τῶν
3430 2195 3568 2268 πρὸς
3598 2194 3692 2255 τάς
3733 2193 3804 2246 αἱ·

2179 2291 2346 2364 ρέσεις
2377 2285 2501 2362 περὶ
2530 2293 2630 2356 τῆς
2669 2289 2856 2365 ψήιρου
2903 2285 3041 2340 κατὰ
3083 2285 3176 2341 τὸν
3226 2283 3609 2359 ’Δντίχριστον
3653 2280 3806 2365 ἐκεῖσε

2177 2373 2486 2453 φερομένης
2521 2373 2650 2430 τάδε
2708 2364 2843 2430 κατὰ
2890 2373 3045 2448 ῥῆμα
3095 2368 3378 2442 διέξεισιν·
3442 2394 3464 2422 ι
3500 2371 3564 2428 Εἰ
3617 2367 3673 2425 δί
3711 2364 3806 2424 ἔδει

2175 2463 2476 2542 ἀναφανδὸν
2525 2463 2576 2519 ἰν
2623 2467 2703 2535 τῷ
2757 2467 2846 2518 νῦν
2900 2467 3076 2536 καιρῷ
3123 2461 3481 2537 κηρύττεσθαι
3532 2460 3598 2516 τὸ
3651 2458 3810 2530 ὄνομα

2178 2553 2367 2624 αὐτοῦ,
2421 2552 2492 2608 δι’
2551 2551 2756 2608 ἐκείνου
2811 2550 2874 2607 ἃν
2921 2549 3139 2628 ἒρῥέθη,
3187 2554 3286 2606 τοῦ
3335 2549 3427 2605 καὶ
3475 2551 3576 2619 τήν
3626 2548 3812 2604 ἀποκά-

2178 2643 2343 2716 λυψιν
2377 2643 2684 2717 ἑωρακότος
2710 2659 2726 2674 ⁸
2778 2639 2906 2697 οὐδὲ
2935 2642 3036 2716 γάρ
3075 2640 3182 2716 πρὸ
3233 2638 3452 2697 πολλοῦ
3483 2640 3689 2714 χρόνου
3716 2639 3809 2693 ἕω-

2179 2733 2344 2805 ράθη,
2365 2731 2512 2787 ἀλλά
2543 2729 2738 2806 σχεδὸν
2766 2728 2854 2786 ἐπὶ
2891 2737 2994 2799 τῆς
3042 2731 3316 2804 ἡμετερας
3360 2735 3544 2804 γενεᾶς
3584 2728 3716 2797 πρὸς
3741 2730 3811 2797 τῷ

2175 2820 2322 2876 τέλει
2367 2827 2469 2890 τῆς
2515 2823 2851 2893 Δομετιανοῦ
2901 2819 3103 2894 ἀρχῆς.
3139 2840 3165 2871 ι
3220 2817 3294 2874 Οὐ
3329 2817 3496 2890 μόνον
3541 2814 3602 2872 δὲ
3648 2817 3697 2871 oi
3725 2813 3809 2878 τῆς

2175 2911 2296 2966 καθ’
2325 2912 2474 2982 ἡμᾶς
2523 2909 2776 2974 πίστεως,
2827 2907 3028 2981 πολλῷ
3071 2907 3128 2964 δὲ
3177 2907 3394 2981 μᾶλλον
3441 2907 3534 2962 καὶ
3561 2907 3617 2962 οἱ
3653 2905 3808 2962 ἄλλο·

2175 2999 2342 3074 τρίως
2367 3001 2501 3072 ἡμῖν
2532 2996 2776 3076 ἔχοντες,
2807 2999 2902 3054 τὸν
2932 2996 3020 3053 ἐπὶ
3061 3000 3397 3071 Δομετιανοῦ
3445 2994 3802 3073 σφοδρότατον

2177 3087 2448 3167 διωγμὸν,
2495 3089 2588 3144 καὶ
2621 3088 2747 3152 τοὺς
2782 3084 3038 3160 τηνικάδε
3085 3084 3522 3159 διαλάμποντας,
3581 3085 3674 3140 καὶ
3716 3085 3806 3153 τήν

2174 3177 2390 3234 ἐκείνων
2462 3179 2760 3254 μαρτυρίαν
2826 3177 3252 3255 συγγράφοντες,
3303 3175 3386 3231 ἐπ’
3433 3169 3675 3250 ἀκριϐὲς,
3723 3170 3804 3227 καὶ

2171 3269 2266 3323 τὸΑ
2293 3267 2479 3341 καιρὸν
2533 3264 2767 3338 ἔκδηλον
2815 3268 3131 3322 καθιστῶσι.
3181 3266 3331 3322 Μετὰ
3363 3262 3410 3320 δ’
3440 3261 3534 3319 οὖν
3567 3261 3806 3324 πολλοὺς

2173 3356 2378 3420 ἄλλους
2434 3362 2514 3430 τῷ
2572 3354 3034 3430 πεντεκαιδεκάτῳ
3087 3361 3188 3422 τῆς
3262 3356 3444 3432 ἀρχῆς
3498 3355 3666 3410 αὐτοῦ
3709 3345 3806 3407 ἔτει

2171 3445 2261 3500 καί
2313 3445 2435 3502 τίνα
2491 3443 2735 3500 Φλαυΐαν
2793 3445 3133 3518 Δομετίλλαν
3209 3442 3509 3523 ἀδελφιδῆν
3569 3439 3806 3500 Φλαυίου

2173 3535 2491 3608 Κλήμεντος
2549 3539 2657 3590 τῶν
2703 3535 2792 3590 ἐπὶ
2843 3536 3068 3609 Ῥώμης
3123 3533 3341 3591 ὑπάτων
3384 3535 3499 3596 ἑνὸς
3541 3534 3807 3607 ἱστοροῦσι

2170 3631 2270 3694 τῆς
2303 3625 2378 3688 εἰς
2411 3625 2648 3698 Χριστὸν
2685 3622 2984 3699 μαρτυρίας
3017 3624 3182 3703 χάριν
3223 3624 3390 3694 νῆσόν
3420 3643 3543 3678 τινα
3591 3620 3804 3678 Ποντίαν

2171 3717 2560 3790 κατακριθῆναι
2595 3713 2786 3772 οῗκεῖν.

416 3797 618 3865 filiam,
659 3803 895 3870 propter
945 3799 1072 3870 ejus
1128 3801 1199 3856 de
1245 3802 1474 3860 Christo
1522 3805 2008 3874 testiiicationem,
2063 3808 2124 3864 in
2173 3808 2426 3864 insulam
2475 3808 2791 3878 quamdam
2841 3807 3106 3862 Pontiam
3157 3805 3475 3880 relegatam
3508 3820 3639 3862 esse
3665 3819 3804 3860 com-

415 3893 829 3945 memorarunt.

1063 3983 1294 4040 CAPUT
1330 3987 1406 4042 X.

411 4070 496 4125 Ex
551 4071 862 4154 fisgesr'ppo.
913 4071 1053 4154 quod
1083 4075 1168 4154 Qad
1205 4075 1271 4154 id
1314 4092 1488 4154 asque
1533 4085 1792 4154 tempus,
1816 4080 1920 4154 qui“
1961 4085 2058 4154 [a-

483 4144 650 4224 miliac
706 4153 756 4198 et
810 4148 1027 4214 generis
1074 4147 1249 4202 Dauid
1296 4144 1474 4219 fuere,
1535 4144 1793 4222 inquisiri
1820 4144 1974 4207 ἐἱηί
2003 4158 2058 4208 et

485 4228 640 4266 οεσιδι
650 4251 662 4264 .

485 4318 553 4375 Ut
602 4326 794 4378 autem
847 4339 943 4379 eos
1007 4342 1236 4399 quoque
1293 4327 1390 4396 qui
1446 4345 1515 4384 ex
1561 4329 1800 4386 Davidis
1847 4347 2055 4401 genere

2823 3989 3067 4044 ΚΕΦΑΛ
3108 3987 3166 4045 1'.

2171 4077 2275 4134 Ἐκ
2303 4081 2429 4134 τῶν
2457 4073 2912 4152 Ἡγησίππου,
2945 4075 3048 4130 ὅτι
3078 4073 3239 4152 ἄχρι
3283 4072 3437 4152 τότε
3465 4076 3529 4130 οἱ
3559 4073 3687 4152 ἀπὸ
3715 4073 3805 4149 γὲ·

2237 4153 2520 4211 νουςτοῦ
2547 4145 2746 4203 Δαυΐδ
2771 4145 3228 4222 κᾶνεζητοῦντο
3257 4146 3368 4202 καὶ
3400 4145 3802 4222 ἀνῃροῦντο.

2234 4331 2325 4391 Ὠς
2363 4327 2419 4385 δὲ
2464 4330 2592 4393 τοὺς
2642 4328 2748 4384 ἀπὸ
2797 4329 2985 4407 γένους
3033 4325 3196 4385 Δαυῒδ
3247 4324 3510 4384 ἐπέϐαλεν
3557 4329 3806 4402 ἀναιρεῖν,

412 4419 604 4466 ortum
641 4413 931 4470 habebant
963 4418 1061 4489 (6),
1093 4419 1418 4477 interﬁcere
1457 4422 1727 4492 decrevit,
1776 4425 2058 4480 traditum

2179 4420 2337 4495 λόγος
2394 4419 2536 4494 αἱρεῖ
2583 4422 2689 4474 τῶν
2731 4419 3017 4493 αἱρετικῶν
3052 4439 3201 4481 τινας
3249 4419 3372 4492 περὶ
3435 4417 3590 4482 δίκας
3641 4417 3809 4473 ἕλκειν

412 4505 704 4558 memoriae
735 4514 838 4570 est,
874 4523 941 4562 ex
974 4509 1261 4565 haereticis
1290 4513 1570 4582 quosdam
1606 4522 1842 4585 nepotes
1862 4517 2053 4584 Judm,

408 4610 474 4647 eo
506 4596 740 4651 nomine
771 4599 921 4667 quod
957 4614 1142 4668 genus
1187 4615 1254 4654 ex
1287 4599 1500 4656 Davide
1537 4601 1832 4673 ducerent,
1865 4604 1926 4660 in
1951 4608 2052 4675 jus

479 4738 556 4816 (i)
591 4737 896 4816 Hics‘upra
940 4741 1084 4797 libro
1131 4760 1170 4811 ι,
1217 4758 1342 4815 cap.
1394 4745 1484 4810 33,
1526 4744 1812 4816 Cleophas
1842 4746 2053 4802 dictus.

407 4806 654 4890 Et‘alius
704 4806 825 4890 hic;
844 4806 1430 4890 Sym‘eonuf'ueritab
1451 4806 1717 4890 _'eo,7qi'ii
1757 4835 1938 4890 supra
1969 4823 2057 4873 est

405 4885 745 5006 geminatus
795 4884 1035 4957 Josephi
1086 4886 1268 4955 ﬁlius,
1312 4884 1738 4954 Jacobi,'.lu_daa
1797 4884 1852 4944 et
1906 4891 2054 4946 Josie

432 4971 492 5006 P8
523 4971 600 5006 re.

432 4960 600 5009 ratrc.

475 5024 556 5098 (2)
590 5027 818 5083 Primus
869 5027 1240 5086 Domitianus
1287 5030 1594 5087 Dominum
1655 5049 1719 5088 se
1763 5035 1821 5089 et
1873 5034 2054 5089 Deum

405 5098 686 5167 appellari
713 5100 894 5165 jussit
926 5117 938 5154 :
974 5121 999 5153 ε
1035 5102 1315 5158 Dominus
1347 5109 1399 5157 et
1423 5103 1576 5159 Deus
1599 5111 1797 5160 noster
1819 5106 1902 5160 sic
1930 5105 2053 5161 fieri

397 5168 588 5250 jubet.
622 5191 676 5250 ξς-
707 5171 1080 5250 (Tranquill.)
1128 5173 1373 5230 Uxorem
1425 5176 1562 5232 item
1613 5193 1801 5246 suam,
1851 5182 2056 5250 Augu—

404 5245 578 5294 stam.
613 5243 899 5313 (Eutrop)

474 5314 549 5383 (3)
583 5316 686 5378 Qui
721 5322 777 5367 et
808 5316 1047 5369 ultimus
1082 5317 1212 5372 (υῑι.

473 5387 550 5452 (In
586 5386 776 5462 F_lav_ia
828 5387 1123 5442 Domitilla
1173 5395 1406 5462 propter
1434 5391 1729 5448 Christum
1783 5392 1840 5446 in
1885 5391 2054 5446 ineu-

401 5451 658 5580 lgmfiub
709 5459 1037 5514 Domitiano
1089 5451 1406 5533 deportata.
1443 5464 1703 5536 (Eutrop.
1741 5465 1836 5520 lib.
1881 5479 1957 5530 ix,
1992 5463 2050 5518 in

447 5543 502 5580 n.

569 5599 788 5690 mFlavii
808 5603 1173 5690 “Clementis,
1235 5607 1336 5690 qui
1399 5606 1682 5690 patruelis
1705 5605 2054 5690 “Domitiani

401 5668 540 5741 fuit,
569 5677 941 5746 Tranquillus
996 5676 1055 5732 in
1108 5668 1433 5735 Domitiano
1481 5677 1767 5749 meminit,
1797 5677 1968 5736 sicuti
1999 5685 2055 5736 to

2167 4508 2295 4571 τοὺς
2344 4508 2644 4583 ἀπογόνους
2695 4506 2892 4578 Ἰούδα,
2939 4509 3013 4572 ὡς
3062 4507 3120 4564 ἐκ
3169 4505 3335 4564 Δαυὶδ
3381 4509 3484 4578 τήν
3515 4507 3696 4582 σειράν
3724 4504 3811 4562 ’έλ-

2167 4619 2356 4659 κοντας
2380 4619 2392 4631 ·
2428 4595 2662 4672 ἀδελφὸς
2694 4594 2751 4652 δὲ
2779 4600 2875 4652 τοῦ
2908 4599 3168 4673 Σωτῆρος
3198 4599 3336 4655 κατὰ
3389 4599 3561 4674 σάρκα
3611 4592 3809 4656 Ἰούδας

2167 4744 2580 4814 persecutionis
2649 4743 3133 4804 Christianorum.
3210 4745 3318 4800 sub
3381 4746 3619 4802 Judaici
3688 4743 3806 4800 ﬁsci

2167 4819 2400 4870 nomine
2434 4833 2447 4871 :
2477 4839 2504 4866 ι(
2539 4821 2750 4871 Praeter
2779 4827 3030 4883 caeteros,
3072 4816 3286 4888 inquit.
3318 4815 3600 4873 Judaicns
3633 4818 3808 4874 ﬁscus

2165 4888 2540 4944 acerbissime
2581 4897 2766 4959 actus
2789 4893 2894 4957 est,
2941 4889 3010 4944 ad
3043 4904 3216 4959 quem
3247 4889 3682 4956 deferebantur,
3714 4893 3806 4959 qui

2164 4959 2323 5014 velut
2369 4959 2608 5030 professi
2657 4958 2961 5015 Judaicam
3010 4958 3164 5015 intra
3202 4960 3404 5016 urbem
3435 4963 3699 5017 viverent
3726 4958 3806 5015 vi-

2164 5036 2282 5085 tam
2312 5047 2324 5084 :
2351 5034 2431 5086 vel
2455 5031 2824 5087 dissimulata
2851 5030 3092 5103 origine,
3115 5032 3386 5102 imposita
3406 5034 3561 5104 genti
3591 5033 3810 5088 tributa

2165 5119 2278 5157 non
2314 5105 2744 5174 pependissent,
2788 5123 2818 5153 ι»
2849 5109 2956 5158 etc.

2235 5174 2310 5242 (6)
2368 5173 2822 5248 «Domitianus
2879 5178 3122 5248 agnatos
3179 5173 3493 5232 Salvatoris
3551 5187 3810 5248 repertos

2166 5257 2398 5314 prOplel‘
2427 5245 2680 5316 inepiam
2727 5246 3080 5315 contempsit
3124 5250 3183 5301 et
3221 5248 3485 5303 absolvit.
3521 5245 3684 5303 inter
3707 5246 3809 5301 Ju-

2164 5317 2317 5397 ὀρέως
2351 5333 2582 5398 quoque
2628 5319 2940 5398 acerbitate
2979 5322 3493 5398 tormentorumet
3518 5319 3810 5398 cruentis:

2164 5390 2326 5442 sima‘
2350 5389 2690 5460 qua-stionis
2713 5390 2933 5459 exquiri
2959 5405 3143 5460 genus
3157 5387 3810 5460 David,atqueintertici

2163 5469 2516 5530 praeceptum
2546 5467 2668 5526 est;
2703 5462 2867 5531 quasi
2917 5461 3108 5516 adhuc
3156 5461 3390 5515 futurus
3429 5467 3591 5516 esset
3618 5479 3689 5519 ex
3718 5477 3808 5516 se-

2163 5536 2324 5605 mine
2353 5532 2722 5605 David,_dum
2753 5531 3305 5605 praphetissanctis
3343 5537 3404 5605 et
3435 5532 3732 5605 invidetur
3757 5537 3810 5605 et

2165 5604 2434 5675 creditur,
2480 5603 2578 5676 qui
2628 5603 2875 5676 regnum
2920 5603 3106 5676 possit
3152 5603 3420 5676 adipisci.
3455 5625 3486 5656 »
3523 5603 3809 5677 (Eutr-op.)
