4016 6206
180 393 284 463 917

180 535 256 603 ἦν,
288 530 381 588 ἅτε
410 539 540 596 παῖς
586 532 662 588 ὢν
697 535 898 611 Ἰωσήφ
935 553 948 565 ·

183 624 314 678 οὕτω
364 627 590 699 γράφων
625 645 638 658 °
693 650 720 677 κ
777 626 894 680 Ἔτι
956 623 1012 680 δέ
1061 632 1323 700 περιῆσαν
1377 627 1427 680 oi
1476 626 1582 680 ἀπὸ
1629 626 1817 700 γένους

179 718 263 769 τοῦ
298 713 527 787 Κυρίου,
560 714 750 770 υἱωνοὶ
804 711 1003 782 Ἰούδα,
1051 720 1148 770 τοῦ
1193 716 1329 769 κατὰ
1373 717 1541 788 σάρκα
1592 715 1822 790 λεγομέ-

183 825 264 857 νου
306 804 472 858 αὐτοῦ
503 801 742 881 ἀδελφοῦ
776 823 790 836 ·
825 804 916 867 οὓς
949 801 1382 877 ἐδηλατόρευσαν
1430 806 1503 867 ὡς
1537 804 1595 859 ἐκ
1635 808 1822 878 γένους

184 890 329 954 ὄντας
383 891 546 948 Δαυΐδ
582 913 595 926 ·
645 894 864 955 τούτοις
911 891 958 948 δ’
1009 895 1036 948 ὁ
1083 893 1413 956 Ἡουόκατος
1459 893 1638 972 ἤγαφε
1685 897 1822 970 πρὸς

185 985 508 1054 Δομετιανὸν
562 983 818 1060 Καίσαρα.
869 980 1157 1064 Ἐτροϐεῖτο
1213 987 1313 1061 γὰρ
1371 987 1474 1055 τὴν
1522 985 1820 1060 παρουσίαν

183 1077 263 1126 τοῦ
297 1076 566 1147 Χριστοῦ,
596 1075 672 1137 ὡς
713 1075 803 1128 καὶ
850 1073 1099 1150 Ἡρώδης
1133 1091 1148 1106 ⁶
1197 1075 1287 1129 καὶ
1333 1075 1683 1149 ἐπηρώτησεν
1734 1075 1823 1130 αὐ-

183 1162 295 1224 τοῦς
327 1163 377 1217 εἰ
429 1161 487 1218 ἐκ
535 1161 696 1218 Δαυΐδ
748 1164 852 1219 εἶσι
884 1183 896 1197 ⁸
951 1163 1040 1219 καῖ
1088 1164 1479 1238 ὡμολόγησαν.
1511 1167 1639 1221 Τότε
1688 1166 1822 1236 ἐπη-

183 1252 416 1324 ρώτησεν
478 1253 677 1316 αὐτοὺς
734 1258 905 1317 πόσας
960 1256 1178 1326 κτήσεις
1238 1250 1478 1332 ἔχουσιν,
1538 1255 1572 1323 ἢ
1643 1256 1824 1309 πόσων

184 1343 480 1418 χρημάτων
536 1342 898 1418 κυριεύουσιν.
959 1345 1023 1398 Οἱ
1080 1343 1136 1399 δὲ
1216 1345 1367 1399 εἶπον
1447 1343 1824 1418 ἐννακισχίλια

183 1429 406 1506 δηνάρια
456 1433 721 1511 ὑπάρχειν
769 1433 957 1494 αὐτοῖς
1016 1434 1176 1506 μόνα,
1210 1434 1418 1506 ἑκάστῳ
1465 1434 1642 1488 αὐτῶν
1691 1435 1825 1505 ἀνή-

179 1542 356 1583 κοντος
415 1527 513 1576 τοῦ
573 1522 822 1595 ἡμίσεος.
872 1522 972 1577 Καὶ
1029 1527 1194 1577 ταῦτα
1268 1524 1366 1577 οὐκ
1420 1521 1470 1577 ἐν
1542 1522 1824 1600 ἀργυρίοις

181 1607 402 1688 ἔοασλιιον
440 1607 614 1686 ἔχειν,
659 1610 785 1667 ἀλλ’
830 1611 882 1667 ἐν
929 1609 1241 1685 διατιμήσει
1289 1619 1392 1686 γῆς
1445 1610 1696 1686 πλέθρων
1741 1611 1825 1667 λθ¹

186 1700 353 1772 μόνων
390 1719 404 1732 ·
439 1700 493 1771 ἐξ
524 1701 598 1754 ὧν
626 1701 716 1754 καὶ
747 1700 872 1764 τοὺς
919 1701 1125 1776 φόρους
1161 1700 1460 1779 ἀναφέρειν,
1502 1703 1588 1756 καὶ
1625 1701 1819 1762 αὐτοὺς

183 1789 602 1864 αὖτουργοῦντας
655 1788 1044 1867 διατρέφεσθαι,
1083 1791 1210 1846 Εἶτα
1261 1789 1438 1846 δὲκαὶ
1485 1792 1580 1852 τὰς
1629 1795 1822 1866 χεῖρας

307 1879 329 1910 ἃ

182 1879 262 1939 τὰς
307 1879 517 1932 ἑαυτῶν
560 1875 917 1934 ἐπιδεικνύναι
968 1881 1264 1954 μαρτύριον
1315 1887 1415 1949 τῆς
1472 1879 1820 1955 αὐτουργίας,
1853 1911 1900 1976 Β

183 1970 268 2034 τὴν
297 1972 402 2022 τοῦ
447 1969 700 2040 σώματος
750 1967 1036 2042 σκληρίαν.
1069 1969 1158 2023 καὶ
1204 1969 1328 2030 τοὺς
1363 1969 1467 2024 ἀπὸ
1517 1976 1616 2037 τῆς
1670 1991 1822 2024 συνε-

184 2061 303 2130 χοῦς
352 2056 606 2132 ἐργασίας
661 2057 1159 2113 ἐναποτυπωθὲνται
1211 2059 1296 2113 ἐπὶ
1346 2063 1454 2112 τῶν
1505 2057 1659 2112 ἰδίων
1704 2078 1825 2134 χει.

186 2151 277 2219 ρῶν
359 2146 564 2208 τύλους
637 2148 1013 2221 παριστάντας.
1089 2150 1489 2222 Ἐριυτηῦέντας
1571 2145 1628 2202 δὲ
1702 2147 1824 2223 περὶ

183 2241 266 2290 τοῦ
302 2242 547 2310 Χριστοῦ
577 2239 664 2292 καὶ
699 2246 798 2303 τῆς
847 2237 1126 2313 βασιλείας
1174 2239 1359 2305 αὐτοῦ,
1393 2238 1552 2293 ὁποία
1595 2259 1677 2301 τις
1710 2237 1824 2307 εἵη,

181 2327 260 2380 καὶ
308 2334 414 2394 πῆ,
445 2327 532 2380 καὶ
582 2327 714 2382 πότε
754 2327 1128 2404 φανησομένη,
1163 2325 1328 2401 λόγον
1381 2325 1589 2393 δοῦναι,
1639 2328 1711 2389 ὡς
1761 2326 1823 2380 οῦ

180 2417 412 2488 κοσμικὴ
450 2416 567 2488 μὲν,
602 2413 719 2470 οὐδ’
763 2415 1020 2489 ἐπίγειος,
1055 2415 1368 2490 ἐπουράνιος
1417 2413 1474 2471 δέ
1521 2416 1609 2470 καὶ
1654 2415 1822 2492 ἀγγε-

181 2505 296 2575 λική
329 2509 621 2584 τυγχάνει,
651 2507 739 2562 ἐπὶ
774 2507 1053 2580 συντελείᾳ
1079 2513 1176 2563 τοῦ
1205 2509 1399 2570 αἰῶνος
1430 2509 1776 2584 γενησομένη
1809 2524 1822 2540 ⁸

182 2599 412 2668 ὁπηνίκα
442 2599 614 2654 ἐλθὼν
649 2597 701 2653 ἐν
749 2597 901 2674 δόξῃ,
933 2599 1134 2675 κρίνειε
1188 2604 1391 2669 ζῶντας
1437 2599 1529 2654 καὶ
1579 2596 1823 2672 νεκροὺς,

181 2688 261 2743 καὶ
311 2686 591 2744 ἀποδώσει
641 2689 847 2762 ἑκάστῳ
890 2692 1024 2744 κατὰ
1068 2691 1134 2744 τά
1183 2687 1591 2761 ἐπιτηδεύματα
1639 2687 1824 2743 αὐτοῦ.

181 2778 288 2854 Ἐφ’
335 2778 427 2840 οἷς
481 2776 650 2850 μηδὲν
702 2775 864 2834 αὺτὸν
913 2779 1294 2855 κατεγνωκότα
1336 2779 1428 2832 τὸν
1473 2778 1827 2850 Δομετιανὸν,

185 2865 318 2921 ἀλλὰ
364 2870 456 2922 καὶ
518 2869 591 2930 ὡς
652 2867 890 2924 εῦτελῶν
946 2871 1449 2947 καταφρονήσαντα,
1511 2866 1828 2941 ἐλευθέρους

187 2955 272 3025 μὲν
322 2956 524 3016 αὐτοὺς
571 2958 798 3028 ἀνεῖναι,
851 2963 1190 3014 καταπαῦσαι
1238 2955 1295 3013 δὲ
1345 2955 1434 3012 διὰ
1479 2957 1826 3031 πρόσταγμα·

181 3064 263 3105 τος
289 3046 385 3100 τὸν
443 3047 580 3102 κατὰ
609 3049 708 3115 τῆς
758 3047 1088 3117 Ἐκκλησίας
1134 3044 1393 3120 διωγμόν.
1427 3045 1559 3108 Τοὺς
1610 3043 1656 3100 δ’
1701 3047 1828 3101 ἀπο·

184 3130 438 3196 λυθέντας
492 3137 800 3212 ἡγήσασθαι
850 3142 959 3190 τῶν
992 3135 1320 3206 ἐκκλησιῶν,
1353 3137 1426 3198 ὡς
1477 3133 1537 3189 ἃν
1580 3132 1645 3205 δὴ
1698 3136 1830 3209 πάρ-

180 3243 333 3297 τῦρας
389 3226 533 3296 ὁμοῦ
607 3226 698 3280 καὶ
773 3227 878 3280 ἀπὸ
956 3226 1144 3301 γένους
1203 3220 1357 3287 ὄντας
1433 3229 1530 3280 τοῦ
1601 3224 1826 3299 Κυρίου,

180 3313 472 3387 γενομένης
525 3335 583 3368 τε
640 3315 881 3390 εἰρήνης,
947 3315 1113 3391 μέχρι
1171 3320 1440 3389 Τραϊανοῦ
1499 3321 1827 3388 παραμεῖναι

181 3403 373 3467 αὐτοῦς
421 3409 500 3476 τῷ
552 3405 674 3480 βίῳ.
722 3430 750 3458 ››
794 3411 968 3461 Ταῦτα
1021 3407 1114 3480 μὲν
1168 3407 1195 3461 ὁ
1249 3407 1593 3479 Ἡγήσιππος
1626 3425 1638 3436 ·
1699 3412 1828 3477 Τερ-

182 3491 435 3555 τυλιανὸς
503 3492 560 3549 δὲ
616 3496 703 3550 καὶ
766 3495 927 3557 αὐτὸς
984 3497 1084 3565 τὴν
1145 3499 1474 3567 Δομετιανοῦ
1529 3496 1827 3562 πεποίηται

187 3582 388 3652 μνείαν,
419 3582 640 3659 γράφων
684 3583 758 3645 ὡς
812 3605 837 3637 ι
872 3583 1198 3657 Πεπείραται
1234 3585 1327 3655 μὲν
1362 3583 1450 3637 καὶ
1497 3581 1830 3654 Δομετιανὸς

181 3673 341 3726 ταυτα
388 3677 566 3726 ποιεῖν
615 3670 831 3742 ἐκείνῳ,
885 3677 1048 3748 μέρος
1095 3671 1168 3726 ὢν
1223 3680 1322 3740 τῆς
1381 3671 1624 3744 Νέρωνος
1681 3670 1832 3742 ὠμό-

183 3781 341 3830 τητος
374 3781 388 3794 ⁶
439 3759 568 3816 ἀλλ’
619 3762 772 3834 οἶμαι
806 3763 898 3816 ἅτε
943 3760 1088 3838 ἔχων
1120 3783 1173 3816 τι
1222 3763 1499 3829 συνέσεως,
1542 3761 1616 3822 ὡς
1656 3760 1828 3834 τάχος

185 3845 478 3922 ἐπαύσατο,
511 3850 981 3926 ἀνακαλεσάμενος
1013 3851 1102 3906 καὶ
1135 3849 1226 3914 οῦς
1254 3849 1523 3920 ἐξηλάκει.
1558 3873 1585 3900 ››

803 4153 1060 4208 ΚΕΦΑΛ.
1107 4153 1212 4207 ΙΔ’.

181 4239 470 4309 Τελευτή
533 4239 1059 4308 Οὐεσπασιανοῦ,
1099 4241 1292 4294 Τίτου
1347 4257 1412 4293 τε
1468 4238 1574 4293 καὶ
1627 4244 1830 4309 Δομε-

245 4307 487 4368 τιανοῦ
527 4313 637 4367 καὶ
680 4314 972 4387 Νερούαο
1014 4307 1121 4366 καὶ
1163 4311 1452 4384 περὶτοῦ
1495 4307 1830 4384 βασιλέως

245 4389 600 4460 Τραϊανοῦ.

247 4495 592 4565 Κρατοῦντος
624 4488 672 4544 δ’
723 4486 798 4544 ἔτι
843 4489 1260 4555 Οὐεσπεσιανοῦ,
1304 4486 1503 4562 λοιμόν
1555 4508 1681 4563 φασι
1740 4485 1830 4559 μέ-

174 4602 268 4652 γαν
320 4583 413 4636 ἑπὶ
463 4583 689 4653 Ῥώμης
739 4581 1002 4655 γενέσθαι,
1062 4579 1136 4643 ὡς
1192 4580 1323 4654 ὑπὲρ
1382 4579 1607 4652 μυρίους
1667 4579 1825 4632 καθε-

171 4673 378 4740 κάστην
437 4671 523 4726 ἐπὶ
585 4669 865 4732 πλείσταις
921 4667 1154 4743 ἡμέραις
1233 4670 1477 4738 θνήσκειν
1514 4688 1525 4701 ’

169 4760 256 4814 καὶ
314 4764 410 4815 τὸν
462 4758 515 4814 ἐν
568 4755 745 4831 Ῥόδῳ
802 4757 1094 4830 κολοσσὸν,
1153 4757 1369 4832 χαλκοῦ
1423 4755 1818 4828 πεποιημένον,

167 4852 384 4920 στήλην
434 4847 679 4912 Ῥοδίους
727 4853 806 4920 τῷ
854 4849 934 4904 Διὶ
986 4851 1250 4905 ἂναθεῖναι
1299 4849 1493 4925 λόγος,
1548 4849 1682 4903 ἐπτᾶ
1733 4847 1820 4903 ἐπὶ

167 4937 339 4994 εἴκοσι
389 4941 481 4994 καὶ
528 4939 718 4994 ἑκατὸν
769 4935 938 5000 πόδας
991 4937 1066 5002 εἷς
1117 4937 1253 5013 ὕψος
1301 4937 1625 5012 ἐκτρέχοντα
1657 4955 1670 4969 ·
1730 4935 1820 4991 καὶ

163 5029 222 5082 τὸ
280 5029 334 5084 ἐν
391 5029 582 5101 Ῥώμῃ
641 5025 699 5082 δὲ
759 5026 1108 5084 Καπιτώλιον
1168 5028 1304 5098 πρὸς
1363 5024 1609 5095 δαπάνην
1665 5025 1821 5101 γενό-

166 5140 325 5191 μενον
376 5119 541 5178 οῦτυς
592 5115 742 5179 αὖθις
791 5116 1098 5193 ἀνήγειρεν.
1132 5117 1252 5172 Ἐπὶ
1305 5113 1429 5171 δέκα
1473 5113 1530 5170 δὲ
1577 5113 1669 5184 ἔτη
1718 5116 1818 5184 τὴν

160 5207 343 5283 ἀρχὴν
381 5206 645 5275 διιθῦνας,
677 5211 755 5279 τῷ
803 5205 956 5262 παιδὶ
989 5205 1131 5278 Τίτῳ
1163 5207 1258 5273 τήν
1312 5205 1590 5279 βασιλείαν
1620 5205 1818 5273 λιπὼν,

156 5297 411 5368 τελευτᾷ.
445 5297 580 5353 Τότε
625 5294 691 5365 δὴ
725 5297 809 5350 καὶ
857 5299 954 5350 τοῦ
1004 5291 1294 5350 Βεσουϐίου
1343 5291 1504 5367 ὅρους
1537 5293 1818 5368 ῥαγέντος,

155 5388 428 5442 τοσοῦτόν
481 5407 640 5463 φασιν
697 5385 896 5440 ἐκεῖθεν
966 5390 1074 5459 πῦρ
1133 5380 1447 5447 ἀναϐλῦσαι,
1510 5384 1644 5438 ὥστε
1718 5386 1816 5452 τὴν

157 5477 576 5551 παρακειμένην
633 5477 820 5550 χώραν
870 5475 962 5530 σῦν
1016 5481 1134 5539 ταῖς
1200 5475 1519 5551 ἀγχιθῦροις
1590 5473 1816 5530 πόλεσιν

109 5589 120 5598 ·
157 5569 443 5645 ἀξίανίσαι.
493 5568 573 5621 Δι’
633 5567 837 5643 ἀγῶνος
895 5564 953 5621 δε
1007 5571 1243 5622 ποιεῖται
1293 5567 1392 5635 τὴν
1447 5562 1671 5635 Ῥώμην
1727 5563 1818 5619 εὐ-

156 5654 403 5733 δαίμονα.
463 5655 516 5711 ἐν
577 5653 788 5731 ὀλίγοις
844 5651 1012 5711 ἔτεσιν
1071 5655 1348 5729 ἀποφῆναι
1382 5676 1394 5690 ο
1452 5653 1640 5731 σοφίαν
1709 5654 1814 5728 γὰρ

154 5747 246 5803 καὶ
292 5747 404 5816 τήν
464 5748 575 5802 τῶν
635 5743 816 5820 λόγων
875 5743 1116 5801 παιδείαν
1165 5741 1528 5824 διαφερόντως
1573 5743 1760 5820 ἠγάπα
1790 5781 1806 5800 .

1178 393 1808 465 ECCLESIASTlC/E
1850 400 2241 468 HISTORIE
2281 408 2431 470 LIB.
2479 406 2584 471 III.

999 533 1074 598 ὡς
1118 531 1284 603 δηλοῖ
1329 535 1418 588 καὶ
1466 535 1814 610 Ἡγήσιππος

1936 541 2198 596 traxisse.
2253 542 2463 598 Fuerat
2503 545 2696 597 autem
2747 541 2928 596 Judas
2973 540 3150 594 frater
3181 537 3429 606 Domini,
3479 554 3575 593 se-

1587 4666 1822 4736 ὁπηνίκα
1854 4650 1899 4716 Ῑ)

3458 401 3575 466 9'18

1929 633 2183 687 cundum
2240 649 2504 694 carnem;
2539 632 2777 703 Josepbi
2811 631 3020 701 quippe
3055 631 3230 686 ﬁlius.
3263 630 3383 693 Qua
3414 630 3483 682 de
3517 645 3573 683 re

1931 722 2289 794 Hegesippus
2323 725 2400 778 ita
2426 723 2630 778 scribit
2662 740 2675 777 :
2721 746 2748 772 «
2784 721 3138 792 Supererant
3177 722 3368 776 adhuc
3399 735 3568 789 gene-

1931 814 2011 866 ris
2041 819 2099 868 et
2157 814 2387 868 familiai
2420 813 2646 869 Domini
2697 818 2934 883 nepotes
2987 829 3051 866 ex
3094 812 3210 866 ﬁlio
3258 811 3444 876 Judze,
3479 809 3569 878 qui

1931 903 2106 958 frater
2134 903 2365 959 Domini
2390 905 2562 975 juxta
2609 920 2842 959 carnem
2883 903 3073 957 dictus
3113 906 3217 956 est.
3255 902 3385 964 Eos,
3419 898 3573 970 quod

1931 992 2120 1060 gentis
2169 992 2400 1048 Davidis
2449 1009 2579 1048 esse
2621 991 2795 1047 delati
2847 990 3113 1058 fuissent,
3165 991 3448 1045 Evocatus
3499 987 3570 1040 ad

1937 1081 2326 1138 Domitianum
2358 1083 2612 1137 adduxit.
2654 1083 2943 1137 Metuebat
2973 1081 3151 1145 enim,
3185 1080 3265 1134 ita
3315 1084 3380 1132 ut
3409 1081 3568 1130 antc-

1934 1169 2042 1224 hac
2090 1169 2358 1238 Herodes,
2419 1172 2742 1225 advendum
2791 1169 3022 1225 Christi.
3056 1167 3251 1238 Itaque
3293 1183 3390 1220 eos
3433 1165 3574 1233 illle,

1932 1259 2200 1314 essenine
2234 1261 2460 1314 familiaa
2519 1261 2670 1316 280
2706 1261 2960 1322 Davidis,
3004 1265 3184 1327 rogat.
3221 1257 3379 1322 Quod
3441 1273 3571 1310 cum

1933 1355 2127 1403 essent
2186 1350 2449 1420 professi,
2485 1366 2687 1404 rursus
2728 1351 2797 1403 ab
2839 1349 2940 1412 eis,
2995 1363 3124 1418 quae
3151 1363 3350 1401 eorum
3385 1351 3578 1400 essent

1935 1440 2355 1509 possessiones,
2427 1446 2483 1496 et
2533 1447 2810 1512 quantam
2856 1438 3230 1511 pecuniarum
3282 1452 3574 1492 summam

1933 1528 2232 1594 haberent,
2285 1532 2510 1601 quaerit.
2572 1535 2760 1600 Atque
2809 1532 2860 1585 ei
2911 1528 2993 1584 illi
3055 1527 3426 1599 respondent,
3460 1543 3575 1580 non

1933 1619 2187 1689 amplius
2217 1619 2300 1675 eis
2331 1637 2461 1676 esse
2491 1637 2668 1692 quam
2703 1636 2902 1675 novem
2939 1618 3184 1673 millium
3202 1617 3573 1672 denariorum

1932 1709 2343 1779 patrimonium
2394 1727 2727 1778 commune,
2785 1711 2938 1782 quod
3000 1709 3248 1763 divisum
3294 1723 3362 1762 ex
3416 1711 3575 1774 parte

1932 1800 2176 1856 dimidia
2207 1804 2276 1856 ad
2311 1819 2605 1875 quemque
2667 1819 2870 1858 eorum
2906 1802 3216 1874 pertineret
3248 1816 3261 1855 :
3297 1815 3485 1869 neque
3522 1798 3577 1851 id

1934 1889 1988 1943 in
2025 1889 2269 1961 pecunia
2311 1899 2639 1956 numerata,
2674 1893 2774 1948 sed
2810 1893 2867 1946 in
2901 1890 3280 1946 aestimatione
3310 1893 3366 1942 et
3398 1888 3580 1957 pretio

1939 1978 2485 2048 undequadraginta
2555 1980 2674 2047 agri
2721 1983 2994 2050 jugerum
3046 1977 3381 2032 consistere.
3417 1973 3581 2029 Unde

1935 2083 2060 2121 cum
2101 2067 2386 2122 tributum
2433 2069 2771 2138 penderent,
2833 2073 2956 2122 tum
3001 2066 3110 2137 ipsi
3148 2064 3422 2118 manibus
3455 2063 3580 2117 suis

1935 2174 2082 2228 opus
2125 2159 2422 2227 facientes,
2455 2170 2722 2231 sumptus
2755 2157 3085 2213 tolerarent.
3122 2154 3338 2209 Deinde
3373 2169 3581 2207 manus

1935 2264 2072 2302 suas
2102 2248 2440 2311 ostendunt,
2476 2255 2540 2303 ut
2569 2248 2828 2318 corporis
2878 2245 3094 2301 duritia
3124 2250 3180 2298 et
3211 2243 3376 2297 callis
3406 2242 3584 2296 conti-

1937 2353 2052 2390 nuo
2083 2335 2277 2392 labore
2324 2337 2537 2397 ductis.
2589 2353 2794 2406 operas
2827 2353 2958 2389 suae
2993 2335 3455 2401 comprobarent.
3502 2331 3579 2384 De

1935 2440 2114 2494 regno
2145 2432 2337 2480 autem
2372 2425 2609 2490 Christi,
2643 2423 2815 2494 quale
2851 2424 2903 2478 id
2931 2429 3104 2485 esset,
3131 2421 3226 2473 ubi
3261 2424 3316 2473 et
3347 2419 3578 2486 quando

1936 2514 2274 2570 habiturum
2335 2520 2490 2570 esset
2543 2514 2798 2579 initium,
2834 2510 3167 2580 interrogati
3205 2525 3218 2562 :
3251 2512 3371 2561 Non
3409 2523 3584 2561 mun-

1937 2604 2152 2659 danum
2186 2605 2267 2671 id,
2300 2619 2488 2672 neque
2518 2607 2830 2671 terrenum,
2865 2601 2964 2656 sed
3018 2599 3244 2654 sceleste
3275 2602 3333 2652 et
3363 2595 3584 2662 angeli-

1938 2711 2072 2750 cum
2125 2695 2242 2750 fore
2297 2697 2607 2759 testantur,
2640 2693 2698 2748 in
2747 2691 2943 2748 saculi
3001 2687 3502 2744 consummatione
3569 2700 3582 2739 :

1938 2801 2071 2841 cum
2097 2783 2411 2839 adveniens
2466 2781 2564 2838 ille
2621 2798 2753 2837 cum
2805 2779 2988 2852 gloria
3018 2779 3178 2833 vivos
3236 2782 3293 2832 et
3324 2781 3586 2830 mortuos

1931 2873 2326 2944 judicaturus,
2373 2875 2430 2927 et
2479 2872 2688 2943 cuique
2728 2861 2898 2941 jtixta
2956 2867 3152 2924 studia
3182 2871 3240 2921 et
3300 2867 3449 2920 facta
3480 2880 3588 2920 sua

1939 2963 2247 3034 praemium
2287 2962 2622 3017 redditurus
2669 2966 2837 3017 esset.
2880 2958 3152 3014 Sedenim
3193 2973 3254 3012 re
3301 2955 3382 3010 ita
3426 2970 3588 3010 com-

1941 3057 2124 3123 perta,
2164 3050 2534 3107 Domitianus
2570 3050 2692 3122 ipse
2739 3049 2870 3105 illos
2904 3065 3016 3103 non
3071 3048 3446 3113 condemnat,
3484 3044 3584 3098 sed

1940 3144 2221 3198 tenuitate
2269 3142 2502 3198 illorum
2553 3147 2906 3214 contempta,
2940 3139 3114 3194 simul
3165 3148 3216 3193 et
3251 3137 3462 3192 liberos
3492 3149 3588 3190 eos

1941 3233 2203 3302 dimittit,
2257 3238 2314 3290 et
2343 3235 2529 3288 edicto
2575 3237 2870 3304 proposito
2904 3230 3364 3303 persecutionem
3397 3229 3582 3282 eccle-

1938 3323 2155 3378 siarum
2182 3324 2424 3378 inhibet.
2462 3326 2544 3379 Ita
2571 3323 2652 3376 illi
2689 3322 2967 3382 absoluti,
3005 3321 3286 3386 ecclesiis,
3320 3324 3382 3371 ut
3411 3323 3588 3372 testes

1939 3414 2113 3470 simul
2146 3421 2203 3469 et
2232 3417 2426 3486 agnati
2459 3413 2710 3482 Domini,
2748 3414 3108 3483 praefuerunt
3142 3427 3154 3464 :
3188 3416 3241 3464 et
3279 3424 3415 3478 pace
3449 3404 3585 3460 red-

1939 3505 2078 3569 dita,
2109 3521 2289 3572 usque
2319 3505 2386 3556 ad
2420 3502 2651 3570 Traiani
2685 3509 2939 3570 tempora
2967 3502 3366 3568 pervenerunt.
3403 3523 3428 3544 ν
3457 3496 3584 3549 Ηωο

1941 3592 2324 3662 Ηρεοεὶρρυε.
2359 3591 2468 3644 Sed
2504 3597 2559 3642 et
2617 3589 3008 3643 Tertullianus
3059 3585 3366 3639 Domitiani
3419 3600 3584 3636 men-

1940 3682 2154 3737 tionem
2215 3682 2343 3736 facit
2387 3697 2399 3736 :
2436 3703 2464 3731 «
2525 3681 2893 3746 Tentaverat,
2952 3676 3244 3748 inquiens.
3304 3680 3359 3728 et
3395 3673 3588 3727 Domi-

1939 3770 2155 3835 tianus,
2191 3770 2374 3838 portio
2425 3770 2671 3824 Neronis
2715 3770 2786 3823 de
2831 3767 3192 3826 crudelitate,
3227 3764 3425 3818 eadem
3460 3780 3588 3831 qum

1939 3859 2040 3915 ille
2073 3861 2276 3914 facere.
2312 3859 2445 3927 Sed,
2477 3865 2541 3914 ut
2570 3858 2795 3927 opinor,
2846 3856 3066 3926 aliquid
3099 3855 3322 3908 habens
3353 3851 3589 3905 rationis

1940 3951 1996 4005 et
2028 3947 2368 4020 prudenti»,
2419 3954 2647 4002 mature
2703 3944 2946 4013 destitit,
2981 3941 3259 4000 revocatis
3290 3943 3464 3996 etiam
3517 3939 3588 3994 iis

1941 4054 2088 4110 quos
2119 4037 2179 4093 in
2210 4036 2481 4092 exsilium
2509 4042 2725 4108 egerat.
2761 4058 2783 4086 ι»

2579 4143 2815 4200 CAPUT
2843 4143 2941 4200 XI.

1941 4231 2132 4290 Obitus
2193 4232 2544 4307 Vespasiani,
2587 4231 2713 4299 Titi,
2732 4231 3052 4307 Domitiani,
3081 4236 3137 4286 et
3167 4229 3378 4299 Nerva,
3435 4234 3487 4284 et
3517 4228 3590 4284 de

2444 4308 2775 4378 imperatore
2815 4302 3068 4360 Traiano.

2010 4495 2338 4565 imperante
2373 4498 2566 4550 autem
2608 4493 2932 4550 etiamnum
2973 4493 3354 4566 Vespasiano,
3387 4492 3585 4562 ingen-

1938 4589 2052 4639 tem
2085 4584 2468 4654 pestilentiam
2507 4585 2701 4641 Romaa
2732 4590 3056 4658 grassatam
3089 4600 3217 4640 esse
3242 4583 3464 4650 dicunt,
3505 4584 3583 4636 ita

1932 4677 1994 4728 ut
2025 4672 2230 4730 diebus
2263 4673 2527 4744 plurimis
2549 4675 2810 4748 quotidie
2831 4691 3011 4746 supra
3040 4674 3238 4728 decem
3275 4670 3579 4727 hominum

1932 4761 2097 4818 milla
2138 4763 2668 4837 exstinguereutur.
2727 4767 2850 4829 Quo
2935 4767 3196 4833 tempore
3231 4761 3378 4816 fama
3403 4758 3579 4814 etiam

1933 4852 2066 4920 fert,
2098 4853 2352 4911 Rhodios
2395 4855 2692 4912 colossum
2739 4869 2952 4910 aereum
3002 4854 3236 4910 centum
3289 4853 3346 4906 et
3374 4847 3580 4919 viginti

1931 4947 2155 5015 septem
2187 4946 2402 5017 pedum
2459 4946 2586 5002 Jovi
2627 4947 2684 5001 in
2737 4945 2878 5001 urbe
2932 4958 3034 4999 sua
3092 4943 3338 4998 dicasse.
3384 4939 3578 4995 Roma:

1931 5033 2312 5105 Capitolium,
2345 5035 2502 5107 quod
2533 5028 3579 5106 conﬂagraverat,Vespasianus240

1932 5121 2182 5178 restituit
2213 5140 2228 5179 :
2263 5124 2360 5193 qui
2405 5123 2654 5196 imperio
2683 5122 2873 5178 'annis
2917 5122 3116 5177 decem
3148 5118 3577 5184 administrato,

1931 5213 2182 5268 moriens
2215 5213 2334 5268 filio
2363 5213 2492 5268 Tito
2531 5212 2588 5268 id
2623 5211 2878 5284 reliquit.
2911 5211 3030 5266 Sub
3055 5210 3164 5265 hoc
3196 5225 3362 5264 mons
3391 5207 3577 5262 Vesu-

1930 5300 2059 5356 vius
2094 5307 2320 5363 ruptus.
2351 5306 2581 5356 tantum
2615 5302 2872 5356 evomuit
2901 5299 3249 5363 incendii,ut
3282 5295 3574 5366 regionem

1934 5393 2251 5462 proximam
2319 5392 2694 5463 civitatesque
2753 5391 2971 5448 vicinas
3031 5405 3267 5460 prorsus
3324 5385 3576 5440 vastarit.

1934 5479 2321 5553 Maximopere
2361 5485 2409 5538 is
2440 5480 2826 5538 contendebat
2860 5481 3102 5536 Romam
3139 5477 3290 5533 brevi
3319 5479 3579 5546 tempore

1930 5568 2159 5627 beatam
2176 5573 2414 5627 reddere
2431 5577 2487 5627 et
2518 5572 2776 5639 felicem;
2805 5569 3064 5625 studium
3081 5572 3234 5624 enim
3261 5566 3574 5637 sapientiae,

1926 5657 2375 5733 liberaliumque
2419 5661 2635 5719 artium
2669 5659 3040 5732 disciplinam
3072 5657 3386 5732 plurimum
3419 5673 3579 5711 ama-

1922 5747 2024 5807 vit.
2045 5747 2476 5824 Josephum,ut
2503 5752 2690 5810 virum
2721 5750 3019 5824 egregium
3052 5751 3110 5807 et
3140 5744 3578 5821 praclarumﬁn
