4084 6208
448 349 570 409 919

1745 353 2161 420 NICEPHORI
2200 356 2555 418 GALLIS'I‘I

3734 344 3868 405 920

453 501 687 543 summo
717 486 921 542 habuit
949 486 1184 543 honore.
1237 490 1413 560 Cujus
1461 492 1632 548 etiam
1683 492 1862 549 libros
1904 492 2093 547 mani-

2225 492 2279 551 ὓς
2321 491 2410 545 καὶ
2461 490 2619 545 αὐτὸν
2662 490 2933 559 Ἰώσηπον
2985 491 3071 544 οἵα
3120 486 3186 558 δὴ
3233 487 3399 563 λόγου
3446 482 3618 560 ἄνδρα
3662 488 3866 554 τιμαῖς

457 574 567 631 bus
597 576 719 631 suis
750 578 1073 641 descriptos
1102 578 1202 650 (t),
1238 580 1294 634 in
1330 580 1648 637 Romanam
1682 582 2093 637 bibliothecam

460 665 732 736 reposuit.
774 665 880 721 Sed
915 667 1070 721 enim
1129 683 1263 723 cum
1316 686 1498 727 annos
1530 682 1641 726 tres
1675 672 1986 741 imperium
2022 681 2096 726 te-

464 755 707 822 nuisset,
754 760 808 809 et
838 756 1032 811 aestivo
1082 761 1340 829 tempore
1398 760 1648 814 interdiu
1696 761 1809 816 iter
1854 761 2098 826 faciens,

461 843 774 913 plurimum
828 860 860 899 e
916 847 1155 901 naribus
1196 848 1534 916 sanguinem
1589 851 1903 919 emisisset,
1926 863 2099 923 atque

459 931 594 986 inde
662 933 859 989 animo
916 936 1174 991 defectus
1224 939 1457 1007 fuisset,
1506 938 1875 997 Domitianus
1924 942 2101 997 frater

459 1022 609 1090 ejus,
662 1022 984 1094 imperandi
1044 1027 1357 1096 cupiditate
1413 1036 1624 1097 victus,
1681 1047 1899 1086 veneno
1964 1048 2097 1087 eum

460 1110 718 1181 sustulit,
768 1118 939 1181 atque
976 1114 1167 1169 adhuc
1198 1118 1512 1187 spirantem
1564 1120 1620 1174 in
1664 1118 1886 1175 loculos
1919 1120 2102 1175 funeri

463 1204 693 1269 paratos
736 1200 1028 1271 imposuit.
1082 1203 1182 1258 Hic
1235 1222 1402 1275 porro
1451 1207 1651 1278 impie,
1697 1216 1772 1274 et,
1810 1215 1869 1264 ut
1902 1211 2101 1280 paucis

464 1286 677 1353 dicam,
738 1290 998 1360 improbe
1038 1310 1276 1361 prorsus
1318 1295 1624 1365 imperium
1658 1300 2101 1367 administrans,

464 1386 522 1430 et
550 1380 806 1446 seipsom
840 1382 1160 1436 secundum
1194 1401 1227 1437 a
1257 1384 1481 1441 Nerone
1530 1404 1671 1441 veras
1720 1391 1946 1459 pietatis
1978 1398 2101 1445 stu-

465 1466 762 1521 diosorum
842 1468 1142 1527 hominum
1231 1481 1655 1542 persecutorem
1722 1479 2101 1543 constituens,

467 1572 582 1611 non
645 1573 858 1626 paucos
891 1560 1131 1626 necavit,
1195 1567 1256 1615 ut
1315 1563 1478 1632 paulo
1509 1572 1642 1620 ante
1673 1566 1950 1623 diximus.
1985 1568 2104 1622 Sub

468 1644 645 1713 hujus
667 1648 820 1700 enim
849 1648 1091 1717 imperio
1118 1656 1174 1704 et
1203 1651 1570 1723 Timotheus,
1603 1663 1658 1710 et
1688 1656 2019 1719 Onesimus,
2052 1661 2107 1711 et

466 1732 775 1804 Dionysius
824 1737 1189 1808 AreOpagita,
1250 1756 1487 1797 cursum
1541 1761 1712 1799 suum
1749 1762 1849 1816 pro
1884 1747 2105 1801 Christo

2209 575 2682 653 ὑπερϐαλλούσαις
2730 584 2916 653 τιμᾷν,
2964 581 3031 634 τά
3069 599 3128 634 τε
3183 577 3390 633 ἐκείνου
3441 570 3644 651 βιϐλία
3685 571 3861 626 ἰδέαι)

2205 671 2411 743 γράψαι
2472 669 2653 745 χερσὶ,
2703 671 2789 724 καὶ
2846 674 2965 730 ταῖς
3029 663 3415 742 βιϐλιοθήκαις
3469 672 3573 734 τῆς
3628 664 3864 734 Ῥώμης

2204 755 2546 831 ἒναποτάξαι.
2594 759 2746 833 Τρισὶ
2798 756 2841 812 δ’
2891 758 2973 813 ἐπ’
3023 756 3287 819 ἐνιαυτοῖς
3334 758 3434 825 τήν
3485 755 3670 829 ἀρχὴν
3728 749 3869 823 διῳ-

2207 848 2438 915 κηκὸτκ,
2484 847 2601 922 ὥρᾳ
2647 846 2827 922 θερείᾳ
2875 844 2943 901 δι’
2993 847 3204 919 ἡμέρας
3253 844 3732 917 ὁδοιπορήσαντα,
3782 840 3870 894 καὲ

2207 937 2341 1009 αἷμα
2375 935 2459 991 διὰ
2508 942 2615 992 τῶν
2653 940 2947 1013 μυκτήρων
2992 937 3092 992 οὐκ
3134 936 3320 1011 ὀλίγον
3370 931 3705 1009 προέμενον,
3740 930 3876 984 κάνο-

2205 1027 2388 1079 τεῦθεν
2447 1023 2934 1100 λειποδρανούντα,
2986 1026 3311 1098 Δομετιανὸς
3369 1025 3397 1079 ὁ
3450 1022 3653 1078 τούτου
3715 1019 3877 1074 κασί-

2209 1135 2435 1190 γνητος,
2469 1119 2565 1170 τοῦ
2592 1123 2692 1185 τῆς
2737 1116 3043 1195 μοναρχίας
3087 1110 3290 1189 ἔρωτος
3321 1114 3501 1183 ἥττων
3548 1113 3875 1189 γενόμενος,

2209 1204 2485 1282 φαρμάκῳ
2535 1205 2692 1259 αὐτὸν
2740 1205 2992 1277 ἀναιρεῖ·
3046 1199 3123 1259 ἔτι
3172 1202 3216 1259 δ’
3267 1204 3573 1275 ἐμπνέοντα
3623 1206 3756 1261 ταῖς
3802 1220 3876 1254 νε-

2209 1298 2421 1366 κρικαῖς
2466 1294 2657 1363 θήκαις
2707 1293 3076 1364 ἐναποτίθησι.
3125 1294 3292 1355 Οὗτος
3345 1290 3390 1347 δ’
3446 1293 3621 1353 ἀθέως
3670 1291 3773 1345 καὶ
3817 1291 3881 1344 τὸ

2213 1383 2341 1436 ὅλον
2376 1383 2532 1459 φάναι
2579 1386 2883 1459 μοχθηρῶς
2912 1388 2982 1459 τῇ
3030 1384 3177 1457 ἀρχῇ
3225 1383 3540 1471 χρώμενος,
3577 1380 3723 1453 μετὶ
3774 1382 3882 1471 ιςέ-
3932 1470 3937 1471 7

2214 1491 2360 1544 ρωνα
2394 1470 2639 1545 δεύτερος
2691 1472 2929 1543 διώκτης
2967 1478 3047 1544 τῷ
3096 1468 3305 1527 εὐσεϐεῖ
3354 1470 3504 1546 μέρει
3552 1468 3882 1546 ἀναφανεὶς,

2214 1560 2313 1613 ούκ
2363 1558 2583 1635 ὀλίγους
2640 1558 2957 1639 διέφθειρεν,
3010 1562 3082 1621 ὡς
3118 1561 3312 1635 μικρὸν
3362 1561 3561 1615 ἄνωθεν
3620 1552 3883 1613 ὂιελάὸο-

2218 1670 2336 1722 μεν.
2390 1650 2505 1705 Ἐπ’
2554 1650 2717 1705 αὐτοῦ
2771 1653 2872 1727 γὰρ
2923 1652 3014 1705 καὶ
3060 1650 3338 1723 Τιμόθεος,
3398 1650 3485 1704 καὶ
3545 1650 3880 1720 Ὀνήσιμος.

2215 1740 2305 1793 καὶ
2342 1740 2625 1803 Διονύσιος
2659 1742 2688 1794 6
2738 1741 3155 1816 Ἀρεοπαγίτης,
3187 1742 3250 1797 τὸ
3283 1740 3415 1814 ὑπὲρ
3463 1741 3709 1813 Χριστοῦ
3760 1739 3881 1791 στα-

467 1822 726 1890 martyrii
776 1825 959 1879 stadio
1017 1826 1408 1884 absolverunt.
1462 1831 1595 1902 Ejus
1651 1839 1813 1889 aetate
1870 1834 2106 1907 Apollo-

2226 1821 2339 1879 διον
2392 1820 2649 1900 ἔδραμον.
2700 1829 2823 1883 Ἐπὶ
2871 1827 3071 1884 τούτου
3100 1829 3189 1883 καὶ
3239 1828 3268 1882 6
3315 1827 3544 1888 Τυανεὺς
3573 1824 3888 1882 ’Δπολλώ-

470 1910 599 1965 nius
622 1910 700 1983 (2)
731 1930 962 1985 quoque
1002 1916 1271 1987 Tyaneus
1302 1921 1462 1989 vixit,
1488 1938 1656 1993 quem
1697 1923 1958 1979 hist-oriae
2000 1942 2123 1996 pro.

469 2004 615 2054 dunt
672 2000 853 2057 Roma
911 2003 1249 2075 Byzantium
1283 2010 1532 2077 venisse,
1584 2017 1758 2083 atque
1789 2013 1870 2068 ibi
1901 2015 2122 2070 deamo-

469 2092 651 2147 niaci
682 2094 1029 2163 quibusdam
1064 2098 1372 2169 praestigiis
1418 2105 1589 2171 atque
1620 2103 2121 2160 incantationibus

471 2198 746 2253 magnam
783 2183 891 2236 vim
927 2189 1260 2256 serpentum
1294 2196 1343 2243 et
1371 2192 1737 2261 scorpionum
1776 2194 2031 2264 fugasse,
2064 2203 2122 2254 et

470 2281 743 2341 praeterea
814 2272 1202 2330 ferocissimos
1270 2294 1539 2350 quosque
1590 2298 1773 2351 equos
1841 2284 2117 2339 frenasse-

469 2359 694 2429 aliaque
722 2360 907 2415 multa
938 2363 1273 2435 prodigiosa
1304 2366 1529 2423 fecisse.
1566 2370 1747 2436 Hunc,
1787 2374 1933 2441 quod
1990 2372 2122 2427 Ner’

468 2466 547 2503 vaa
580 2449 793 2504 charus
824 2457 997 2518 esset,
1032 2452 1418 2526 Domitianus,
1465 2475 1598 2515 cum
1634 2462 1795 2530 prius
1826 2464 2121 2519 totondis—

468 2544 576 2605 set,
610 2554 742 2594 mox
771 2542 1018 2611 conjecit
1054 2542 1114 2597 in
1148 2547 1489 2603 custodiam.
1521 2549 1633 2603 Sed
1677 2567 1805 2604 cum
1850 2551 2115 2606 Domitia-

470 2642 580 2681 nus
614 2644 716 2698 per
766 2629 1098 2698 quindecim
1158 2649 1344 2689 annos
1386 2636 1693 2707 imperium
1751 2641 2049 2710 gessisset,
2085 2658 2118 2696 a

469 2717 787 2787 conjuratis
841 2722 895 2773 in
957 2723 1173 2793 templo
1221 2724 1377 2780 Jovis
1427 2730 1678 2795 occisus,
1737 2729 1929 2785 Nervae
1960 2732 2113 2801 (3)id

468 2806 686 2861 invitus
721 2808 972 2879 reliquit.
1008 2810 1492 2885 Itaquessenatus,
1535 2819 1679 2873 actis
1709 2819 1834 2888 ejus
1866 2821 2114 2885 abolitis,

472 2896 698 2951 exsules
727 2901 1029 2968 revocavit,
1061 2904 1262 2973 eisque
1323 2906 1471 2961 bona
1501 2925 1602 2962 sua
1633 2910 1908 2967 restituit.
1967 2912 2113 2966 Tum

473 2988 1024 3057 quoqueJoaunem,
1060 3003 1386 3057 apostorum
1422 3012 1488 3050 ex
1523 2998 1873 3070 Palmo,quo
1901 3000 2117 3072 relega-

473 3082 566 3128 tus
600 3075 802 3142 luerat,
826 3077 1117 3147 Ephesum
1153 3082 1414 3149 rediisse,
1435 3091 1605 3155 atque
1630 3087 1702 3140 ibi
1738 3087 2015 3144 ecclesias
2036 3107 2115 3144 re-

471 3163 626 3219 xisse
659 3168 866 3233 ferunt,
899 3170 1004 3221 Sed
1040 3170 1194 3224 enim
1227 3178 1282 3225 et
1313 3172 1516 3235 Nerva.
1558 3192 1689 3229 cum
1732 3194 1884 3233 anno
1918 3195 2032 3233 uno
2054 3184 2110 3233 et

473 3256 645 3325 paulo
676 3257 898 3311 diutius
930 3258 1291 3329 imperasset,
1333 3264 1639 3319 defunctus
1668 3265 1978 3335 Trajanum
2014 3270 2108 3322 ha-

474 3344 601 3396 buit
632 3360 1066 3413 successorem;
1101 3349 1209 3402 sub
1259 3366 1374 3420 quo
1405 3354 1596 3407 adhuc
1636 3355 1960 3425 discipulus
1991 3357 2109 3423 ille,

474 3432 569 3501 qui
603 3450 781 3504 supra
803 3441 1005 3504 pectus
1053 3435 1281 3493 Domini
1329 3442 1611 3512 recubuit,
1669 3443 1725 3497 in
1786 3446 1923 3500 Asia
1953 3446 2109 3501 vixit.

474 3520 784 3577 Testantur
817 3525 921 3579 hoc
953 3526 1199 3582 Irenaaus
1248 3529 1653 3600 Lugdunensis
1692 3535 2016 3606 episcopus,
2057 3540 2115 3592 et

473 3610 897 3669 Alexandrinus
956 3615 1223 3671 Clemens
1255 3624 1576 3689 contextor,
1609 3622 1755 3678 241
1810 3626 1905 3694 qui
1943 3627 2115 3680 ambo

473 3698 605 3754 fidei
630 3701 1202 3772 verbumzadmodum
1238 3709 1699 3780 promulgarunt.
1731 3711 1950 3767 Horum
1974 3712 2118 3768 alter

474 3789 536 3845 in
594 3806 652 3845 ιι
706 3792 969 3848 Adversus
1016 3794 1247 3852 haereses
1302 3797 1449 3855 libro
1508 3800 1627 3856 haec
1701 3804 1875 3859 verba
1932 3804 2116 3860 facit:

474 3901 504 3932 ‹‹
538 3878 607 3934 Et
635 3896 836 3937 omnes
885 3884 1226 3956 presbyteri,
1283 3888 1382 3958 qui
1411 3904 1543 3943 cum
1584 3890 1800 3947 Joanne
1831 3892 2118 3961 discipulo

474 3970 706 4025 Domini
736 3969 796 4025 in
827 3972 960 4026 Asia
999 3990 1300 4031 sermones
1332 3978 1721 4049 contulerunt,
1753 3986 1929 4037 testes
1961 3988 2123 4053 sunt,

474 4059 600 4113 hinc
630 4076 663 4115 a
693 4059 915 4118 Joanne
961 4064 1177 4120 tradita
1221 4083 1369 4123 esse.
1423 4068 1637 4125 Mansit
1680 4071 1833 4126 enim
1872 4088 2004 4128 cum
2037 4073 2122 4129 eis

478 4163 666 4217 usque
696 4150 767 4202 ad
825 4151 952 4220 'l‘raj
975 4152 1056 4206 uni
1088 4159 1367 4225 tempora,
1412 4164 1468 4210 et
1500 4174 1667 4213 verus
1696 4165 1785 4215 est
1815 4168 2129 4232 certusque

479 4240 645 4290 testis
703 4237 1086 4294 traditionum
1139 4243 1211 4296 ab
1263 4244 1541 4313 apostolis
1574 4254 1963 4319 acceptarum.
1997 4251 2124 4307 Cle-

481 4340 646 4378 mens
676 4342 808 4380 vero
856 4328 913 4381 in
946 4345 1011 4383 eo
1071 4329 1219 4385 libro
1257 4336 1427 4401 cujus
1462 4334 1672 4391 titulus
1704 4344 1812 4406 est,
1844 4343 1953 4410 Qui
1980 4340 2128 4397 dive:

478 4414 661 4468 salvus
688 4415 809 4483 ﬁat,
866 4425 1131 4487 tempore
1167 4418 1275 4475 hoc
1305 4423 1515 4479 diserte
1548 4426 1825 4496 indicato,
1857 4437 1915 4484 et
1945 4429 2131 4487 histo‘

480 4502 584 4570 ria,
619 4520 793 4575 quam
847 4513 979 4561 ante
1010 4510 1376 4567 narravimus
1417 4514 1487 4569 de
1518 4517 1785 4587 praedone
1835 4536 1934 4589 per
1984 4521 2124 4575 resi-

2230 1936 2345 1976 νιος
2400 1916 2742 1991 ἐγνωρίζετο,
2792 1919 2851 1973 ὃν
2907 1918 3015 1974 ἀπὸ
3072 1919 3295 1992 Ῥώμης
3352 1916 3405 1979 ἐς
3466 1922 3769 1987 Βυζαντιωο
3826 1917 3888 1983 ἧ-

2225 2028 2387 2061 κοντα
2416 2006 2589 2085 ὄφεων
2640 2011 2728 2064 καὶ
2780 2010 3058 2085 σκορπίων
3085 2008 3299 2079 πλῆθος
3346 2006 3693 2081 δαιμονικαῑς
3742 2028 3884 2062 τισιν

2225 2096 2642 2172 ἀρῥητοποιίαις
2720 2100 2811 2153 καὶ
2893 2098 3212 2168 ἐπικλήσεσι
3287 2096 3623 2178 φυγαδεῦσαί
3700 2115 3885 2170 φασι·

2226 2172 2528 2259 χαλινῶσαί
2556 2208 2615 2242 τε
2662 2188 2800 2262 πρὸς
2827 2188 3044 2249 τούτοις
3087 2189 3311 2243 καὶτῶν
3353 2186 3544 2244 ’ίππων
3599 2187 3704 2255 τήν
3746 2188 3892 2241 ἄτα·-

2225 2278 2337 2347 ξίαν
2369 2293 2381 2305 ·
2430 2276 2520 2330 καὶ
2580 2274 2707 2331 ἀλλ’
2755 2276 2888 2332 ἅττα
2942 2276 3179 2351 τερᾶτων
3235 2275 3507 2348 ἀνάμεστα
3559 2277 3884 2349 ἱστοροῦσιν

2225 2366 2385 2419 αὐτὸν
2436 2363 2870 2439 διαπράξασθαι·
2922 2366 2980 2421 ’ὀν
3013 2366 3088 2427 ὡς
3136 2367 3293 2443 φίλον
3333 2366 3462 2421 ὅντα
3509 2365 3736 2440 Νερούα
3788 2376 3888 2420 Ao-

2227 2454 2474 2525 μετιανὸς
2524 2449 2833 2532 ἔμφρουρον
2885 2456 3030 2530 εἶχε,
3079 2456 3342 2530 πρότερον
3388 2455 3713 2528 ἀποκείρας.
3770 2456 3890 2510 Ἐπ’

2222 2537 2315 2612 ἔτη
2350 2539 2407 2597 δὲ
2436 2542 2815 2599 πεντεκαίδεκα
2852 2545 2941 2599 καὶ
2969 2545 3131 2607 οὗτος
3163 2545 3190 2599 6
3240 2544 3570 2617 Δομετιανὸς
3726 2545 3883 2617 ἀρχῇ

2223 2628 2491 2699 διανύσας,
2519 2634 2607 2687 καὶ
2657 2638 2737 2705 τῷ
2773 2633 2877 2706 νεῲ
2927 2636 3151 2711 σφαγεὶς
3188 2638 3285 2689 τοῦ
3334 2633 3481 2704 Διὸς,
3513 2633 3740 2707 Nepai;
3790 2632 3884 2686 καὶ

2222 2718 2366 2775 ἄκων
2425 2728 2748 2796 παραχωρεῖ
2802 2723 2903 2793 τῆς
2958 2724 3159 2802 ἀρχῆς.
3221 2724 3409 2780 Τοίνυν
3458 2728 3495 2794 ἡ
3556 2724 3881 2802 σύγκλητος

2220 2809 2429 2864 λύσασα
2458 2817 2573 2872 τοῖς
2623 2809 2829 2874 ἀδίκως
2875 2810 3319 2885 ἀπεληλαμένοις
3365 2816 3463 2878 τας
3511 2814 3754 2890 ὲξορίας,
3791 2816 3887 2870 καὶ

2217 2902 2323 2952 τῶν
2358 2898 2576 2954 οἰκείων
2611 2902 2759 2979 σφίσι
2812 2901 3059 2977 μετέχειν
3108 2902 3293 2972 ἀνῆκε.
3322 2905 3454 2959 Τίτε
3488 2900 3555 2972 δή
3606 2906 3740 2960 τότε
3785 2906 3888 2959 λό-

2220 3009 2317 3063 γος
2348 2990 2437 3044 καὶ
2488 2990 2577 3044 τὸν
2626 2989 2930 3046 ἀπόστολον
2965 2991 3218 3063 Ἰωάννην
3266 2996 3365 3057 τῆς
3410 2993 3463 3047 ἐν
3514 2994 3734 3067 Πάτμῳ
3779 2994 3890 3050 λυ-

2220 3076 2371 3131 θέντα
2403 3084 2604 3155 φυγῆς,
2636 3076 2688 3133 ἒν
2739 3078 2944 3156 Ἐφέσῳ
2977 3079 3141 3135 πάλιν
3189 3079 3386 3147 ἐλθεῖν,
3418 3080 3509 3135 καὶ
3554 3084 3656 3143 τὰς
3685 3082 3890 3138 αὐτόοι

2221 3165 2511 3237 ἐκκλησίας
2571 3166 2793 3223 διέπειν.
2854 3171 3095 3236 Νερούαν
3151 3167 3210 3226 δὲ
3264 3172 3357 3226 καὶ
3422 3172 3589 3227 αὐτὸν
3647 3172 3888 3246 ἐνιαυτῷ

2221 3277 2290 3310 κα
2364 3252 2558 3330 μικρόν
2615 3279 2664 3312 τι
2724 3262 2860 3333 πρὸς
2914 3259 3333 3336 αὖταρχήσαντα
3380 3263 3646 3335 Τραϊανὸς
3692 3260 3885 3319 διαδέ-

2219 3366 2397 3422 χεται.
2433 3347 2528 3400 Καὶ
2576 3346 2664 3401 ἐπὶ
2695 3347 2893 3403 τούτου
2939 3347 2996 3403 δὲ
3036 3346 3110 3404 ἔτι
3143 3355 3222 3421 τῷ
3272 3351 3378 3425 βίῳ
3425 3358 3623 3425 περιῆν
3672 3353 3700 3406 6
3757 3353 3884 3408 ἐπι-

2223 3437 2443 3504 στήθιος
2478 3437 2727 3508 μαθητὴς
2762 3435 2811 3491 έν
2841 3438 2993 3509 Ἀσίᾳ
3028 3440 3359 3512 ποιούμενος
3390 3439 3484 3502 τὰς
3533 3437 3832 3515 διατριϐάς
3870 3460 3885 3474 ⁸

2221 3524 2402 3579 καὶτὸ
2457 3526 2863 3599 μαρτύριοντῷ
2914 3526 3067 3604 λόγῳ
3100 3526 3342 3583 διδόασιν
3393 3528 3691 3605 Εἶρηναῖός
3744 3552 3810 3586 τε
3860 3533 3891 3586 ὁ

2224 3611 2584 3687 Λουγδούνων
2634 3612 2932 3679 ἐπίσκοπος
2973 3617 3063 3671 καὶ
3123 3618 3151 3671 ὁ
3200 3615 3577 3693 Ἀλεξανδρεὺς
3643 3619 3894 3691 Κλήμης

2226 3704 2253 3757 6
2285 3702 2632 3776 στρωματεύς
2657 3722 2669 3735 ·
2722 3706 2812 3758 καὶ
2847 3704 3013 3784 ἄμφω
3054 3703 3111 3760 δὲ
3155 3707 3247 3761 τὸν
3279 3714 3380 3777 τῆς
3429 3709 3670 3771 πίστεως
3711 3706 3894 3784 λόγον

2230 3790 2378 3865 μάλα
2407 3793 2541 3861 ἦσαν
2592 3788 2991 3867 πρεσϐεύοντες.
3026 3799 3120 3849 Ὦν
3150 3797 3178 3851 6
3212 3797 3309 3869 μὲν
3354 3798 3623 3872 πρότερος
3666 3796 3721 3852 ἐν
3760 3795 3895 3852 δευ-

2226 3881 2366 3955 τέρῳ
2394 3885 2501 3935 τῶν
2536 3882 2705 3956 Πρὸς
2744 3883 2857 3945 τὰς
2892 3883 3185 3960 αἰρέσεις
3213 3883 3341 3941 τάδε
3368 3886 3506 3943 κατᾶ
3534 3886 3690 3963 ῥῆμά
3722 3907 3891 3966 φησι·

2231 3994 2259 4023 ‹‹
2292 3969 2395 4026 Καὶ
2425 3970 2622 4034 πάντες
2648 3972 2700 4026 οἱ
2725 3968 3081 4049 πρεσϐύτεροι
3116 3980 3479 4053 μαρτυροῦσιν
3510 3977 3564 4030 οἱ
3605 3977 3753 4031 κατὰ
3790 3979 3893 4046 τήν

2230 4058 2409 4113 Ἀσίαν
2453 4058 2680 4134 Ἰωάννῃ
2741 4065 2820 4133 τῷ
2875 4060 2972 4116 τοῖ’)
3032 4064 3234 4138 Κυρίου
3294 4067 3513 4139 μαθητῇ
3559 4060 3893 4138 συμϐεϐληο

2230 4149 2386 4211 κότες
2462 4147 2899 4225 παραδεδωκέναι
2956 4156 3123 4208 ταῦτα
3193 4155 3286 4209 τὸν
3362 4156 3643 4224 Ἰωάννην.
3708 4156 3891 4231 [lapso

2238 4260 2381 4313 μεινε
2427 4240 2528 4315 γὰρ
2576 4237 2760 4302 αὐτοῖς
2793 4239 2959 4317 μέχρι
3009 4247 3119 4297 τῶν
3165 4248 3430 4316 Τραϊανοῦ
3475 4243 3691 4320 χρόνων
3724 4262 3742 4275 ⁶
3798 4246 3894 4300 καὶ

2243 4329 2446 4401 μάρτυς
2504 4326 2717 4398 ἀληθής
2775 4327 2884 4384 ἐστι
2940 4337 3039 4400 τῆς
3096 4336 3202 4387 τῶν
3257 4331 3583 4389 ἀποστόλων
3646 4333 3894 4410 παραὲσὼ

2239 4438 2394 4479 σεως.
2429 4441 2449 4467 ι
2507 4416 2741 4490 Κὶήμης
2784 4416 2841 4473 δὲ
2886 4421 2977 4475 καὶ
3019 4420 3182 4484 αὐτὸς
3210 4423 3301 4477 τὸν
3347 4422 3549 4498 χρόνον
3596 4421 3894 4495 ἐπισητιῃ·

2238 4507 2462 4578 ναμενος
2492 4504 2544 4561 ἐν
2569 4511 2670 4579 τῷ,
2702 4508 2809 4570 Τίς
2844 4512 2870 4562 ο
2903 4510 3279 4582 σωζόμενος
3318 4511 3674 4581 πλούσιος,
3707 4513 3896 4590 λόγῳ,

481 4594 823 4664 piscentiam
849 4606 1093 4665 servato,
1126 4608 1404 4671 exposita,
1439 4603 1561 4660 haac
1594 4624 1820 4678 quoque
1863 4609 2005 4664 ferin
2046 4610 2114 4665 ita

2225 4596 2315 4650 καὶ
2374 4597 2473 4666 τὴν
2537 4601 2718 4670 μικρῷ
2776 4599 3005 4672 πρόσθεν
3062 4602 3199 4670 ἡμῖν
3257 4600 3551 4676 εῗρημένην
3614 4603 3896 4677 ἱστορίαν,

482 4682 837 4737 scribenszu
868 4685 1017 4739 Audi
1063 4687 1341 4757 tabulam,
1385 4708 1498 4747 non
1542 4696 1816 4764 fabulam,
1867 4698 1964 4751 sed
1998 4714 2117 4753 ora-

482 4770 701 4827 tionem
736 4788 924 4829 veram
959 4776 1028 4830 de
1056 4779 1278 4834 Joanne
1297 4783 1557 4852 apostolo
1598 4786 1764 4840 nobis
1805 4786 2118 4856 proditam,

484 4864 541 4914 et
598 4862 879 4919 memoria
923 4873 1346 4924 conservatam.
1409 4874 1788 4943 Posteaquam
1839 4876 1995 4931 enim
2046 4881 2129 4949 ty-

485 4948 668 5005 ranno
698 4950 1117 5019 (Domitianum
1152 4964 1348 5014 autem
1381 4977 1623 5032 prorsus
1655 4964 1818 5036 dicit)
1849 4948 2125 5023 defuncto

556 5171 632 5242 (1)
662 5176 1039 5245 Tranquillus
1088 5180 1309 5241 scribit,
1345 5183 1534 5237 Titum
1569 5184 1927 5241 velocissime
1958 5188 2126 5243 nobis

488 5245 1158 5313 rxoiperesnlitum,curn
1192 5257 1649 5309 amanuensibus
1672 5258 1795 5311 suis
1822 5275 1919 5327 per
1939 5261 2121 5327 iocum

491 5318 804 5387 Imiquue
836 5329 1173 5389 certantem,
1211 5329 1420 5397 Imitari
1446 5318 1833 5396 chirographa
1862 5318 2127 5397 quaecun-

487 5404 599 5457 que
630 5392 887 5447 vidisset.
922 5408 987 5443 ac
1034 5396 1283 5461 pronteri
1317 5416 1484 5465 κωρρ,
1518 5415 1577 5451 se
1611 5392 1921 5454 maritimum
1961 5408 2121 5457 talea-

492 5478 636 5512 rmm
672 5482 799 5513 αιμεμ
852 5473 1121 5527 ίουὶιιιδμν.
1158 5466 1278 5521 Non
1337 5482 1543 5521 nurum
1605 5474 1796 5537 taque
1850 5476 2039 5534 tuerit,
2074 5476 2123 5529 si

488 5534 662 5582 libi”:
690 5554 808 5602 ipso
874 5545 1096 5604 septeni
1130 5539 1368 5610 JUSt‘piti
1409 5541 1480 5594 De
1524 5544 1659 5597 bello
1689 5534 1915 5599 Iudaico
1948 5563 2121 5602 manu

487 5616 593 5674 sua
626 5610 1010 5674 descripserit.

560 5672 632 5743 (2)
664 5672 832 5731 [tunc
859 5692 991 5731 cum
1024 5679 1389 5737 Domitianus
1438 5685 1645 5754 punire
1675 5685 1865 5755 vellet,
1890 5694 2123 5761 repente

2231 4684 2379 4746 ὅπως
2434 4686 2524 4739 τὸν
2585 4683 2795 4759 λῃστὴν
2854 4684 3175 4760 διεσώσατο,
3238 4689 3480 4770 ἐπιφέρει
3543 4691 3639 4746 καὶ
3697 4696 3897 4761 ταῦτα,

2228 4773 2447 4850 γράφων
2481 4773 2675 4837 οὕτως·
2710 4796 2741 4830 α
2768 4780 3033 4832 ’Ἄκουσον
3069 4780 3258 4852 μῦθον,
3290 4780 3353 4834 οὗ
3391 4780 3584 4852 μῦθον,
3609 4780 3746 4837 ἀλλ’
3770 4778 3901 4838 ὄντα

2239 4860 2429 4938 λόγον,
2471 4863 2594 4939 περὶ
2639 4866 2889 4921 Ἰωάννου
2934 4871 3033 4922 τοῦ
3081 4868 3392 4925 ἀποστόλου
3444 4869 3775 4945 λεγόμενον,
3804 4872 3891 4926 καί

2237 4955 2373 5025 ’ἡμῖν
2448 4950 2904 5029 παραδεδομένον,
2984 4957 3073 5010 καὶ
3157 4960 3351 5034 μνήμῃ
3438 4958 3894 5038 πεφυλαγμένον.

2235 5183 2287 5238 is
2318 5183 2373 5236 in
2404 5182 2621 5250 judicio
2661 5180 2962 5253 disparuit.
2997 5182 3177 5250 (Lact.
3204 5181 3307 5237 lib.
3349 5199 3402 5250 ν,
3437 5199 3562 5253 cap.
3595 5184 3680 5252 3.)

2306 5256 2382 5325 (2)
2417 5253 2598 5308 Nerva
2628 5270 2831 5309 omnes
2875 5255 2972 5325 qui
3030 5254 3351 5323 impietatis
3378 5256 3437 5309 in
3470 5257 3607 5310 dess
3640 5257 3724 5311 rei
3780 5259 3897 5312 fue-

2236 5336 2385 5390 rant,
2425 5326 2780 5379 Chrisiianos
2822 5326 3062 5388 scrlicet,
3092 5327 3311 5380 absolvi
3345 5328 3551 5382 voluit.
3586 5327 3661 5382 Et
3708 5330 3895 5384 edicto

2235 5398 2434 5457 vetuit,
2496 5415 2566 5451 ne
2613 5398 2760 5451 servi
2819 5399 3027 5452 deinde
3075 5399 3346 5452 dominos
3420 5402 3895 5466 criminarentur,

2236 5487 2375 5524 nuve
2407 5469 2602 5523 licervt
2644 5477 2745 5522 aut
2775 5469 3089 5539 impietatis
3120 5469 3607 5540 (Cbrtstianismi)
3656 5480 3763 5526 aut
3811 5476 3897 5527 lu-

2233 5542 2410 5596 deice“:
2441 5552 2610 5594 sectae
2642 5557 2978 5614 quumplam‘
3025 5540 3257 5614 debincA
3287 5542 3649 5597 insimulari.
3683 5546 3893 5614 (Diom)

2233 5638 2261 5664 ‹‹
2291 5612 2475 5667 Nerva
2497 5628 2702 5682 pueros
2738 5618 2795 5667 et
2834 5612 3055 5683 puellas
3092 5611 3702 5684 egenis|parentibus
3737 5611 3893 5671 natos

2234 5688 2473 5755 sumptu
2502 5684 2733 5754 publico
2783 5682 2885 5757 per
2916 5682 3153 5740 italiam
3197 5682 3269 5740 ali
3295 5685 3499 5754 jussit.
3537 5706 3566 5735 η
3638 5686 3899 5761 (Eutrop.
