4084 6208
240 403 362 466 921

1249 401 1874 466 ECCLESIASTICIE
1913 401 2308 467 HISTOBIIE
2349 405 2496 466 LIB.
2542 406 2652 466 III.

3531 404 3651 466 922

241 539 402 596 Ἐπεὶ
463 535 532 607 δὴ
587 536 690 614 γὰρ
745 541 842 592 τοῦ
895 537 1162 612 τυράννου
1217 536 1643 609 τελευτήσαντος
1700 542 1897 612 (Δομεο

2024 555 2080 596 ax
2117 539 2310 596 insula
2340 540 2540 596 Patmo
2570 538 2864 610 Ephesum
2901 539 3090 608 rediit,
3131 559 3154 590 ι
3189 541 3247 594 et
3277 554 3408 610 qua:
3435 555 3651 611 sequn-

235 638 427 684 τιανον
489 627 546 684 δὲ
603 629 820 689 πάντως
875 627 1061 707 φησὶν)
1122 627 1227 682 ἀπὸ
1285 634 1386 698 τῆς
1436 631 1608 700 νήσου
1675 629 1899 702 Πάτμου

247 716 522 793 μετῆλθεν
557 717 635 782 εἷς
662 719 912 796 Ἔφεσον,
946 741 976 769 ››
1003 718 1092 772 καὶ
1124 717 1224 772 ὅσα
1253 715 1394 788 ἑξῆς.

879 829 1136 880 ΚΕΦΑΛ.
1178 825 1280 881 ΙΒ’.

244 932 412 1006 Περί
469 935 586 988 τοῦ
640 931 804 1006 μετᾶ
849 930 964 1006 τὸν
1013 929 1234 1004 Μάγον
1267 929 1543 1006 Σίμωνα
1587 927 1902 1004 δευτέρου

626 1001 1079 1078 αἳρεσιάρχου
1107 1001 1527 1078 Μενάνδρου.

317 1107 446 1166 Ἐπὶ
477 1107 536 1165 δὲ
577 1116 679 1178 τῆς
723 1108 892 1178 αὐτῆς
934 1109 1136 1184 ἀρχῆς,
1179 1108 1314 1182 μετᾶ
1360 1108 1586 1182 Σίμωνα
1635 1109 1728 1164 τὸν
1781 1109 1904 1164 Μά-

245 1218 374 1272 γον,
441 1197 745 1271 ἀξιόμαχον
814 1196 986 1253 ὅπλον
1051 1204 1152 1267 τῆς
1229 1193 1559 1262 διαϐολικῆς
1635 1195 1902 1272 ἐνεργείας

252 1285 504 1361 δεύτερον
569 1284 941 1343 ἀναδείκνυται
999 1285 1325 1361 Μένανδρος,
1382 1287 1570 1360 ἐκείνῳ
1633 1287 1727 1360 μὲν
1793 1308 1906 1360 μα-

254 1377 557 1447 θητευθεὶς,
609 1378 894 1450 Σαμαρεὺς
927 1374 971 1430 δ’
1001 1378 1067 1446 ἦν
1099 1377 1190 1431 καὶ
1251 1375 1408 1438 οὗτος
1455 1375 1632 1452 ὥσπερ
1683 1375 1906 1446 ἐκεῖνος,

251 1472 376 1527 ταῖς
407 1485 470 1540 γε
503 1466 613 1538 μὴν
663 1464 940 1541 γοητείαις
987 1465 1079 1520 καὶ
1120 1463 1535 1540 τερατολογίαις
1585 1465 1637 1520 ἐν
1668 1462 1906 1540 δευτέρῳ

251 1554 349 1608 τὸν
381 1551 706 1608 διδάσκαλον
737 1552 960 1626 θέμενος
982 1572 996 1586 °
1031 1554 1208 1626 εαυτῷ
1237 1554 1343 1630 γὰρ
1372 1555 1472 1624 τὴν
1498 1557 1596 1608 τοῦ
1643 1560 1904 1628 Σωτῆρος

256 1644 420 1716 ἡμῶν
516 1641 745 1698 ἀνετίθει
835 1643 1030 1713 τιμὴν,
1114 1644 1202 1697 καὶ
1288 1639 1487 1698 ἄνωθεν
1572 1642 1906 1697 ἀπεστάλθαι

255 1729 530 1806 ἐληρώδει
569 1737 670 1800 τῆς
707 1751 815 1786 των
858 1731 1158 1807 ἀνθρώπων
1195 1727 1369 1787 ἕνεκεν
1423 1731 1721 1806 σωτηρίας.
1765 1729 1907 1788 Ἐδί-

260 1817 421 1876 δασκέ
451 1841 514 1898 γε
545 1822 678 1892 μὴν,
703 1821 780 1894 μὴ
811 1818 1002 1883 ἄλλως
1030 1821 1167 1896 πρὸς
1197 1811 1389 1900 ἰσχύος
1441 1820 1588 1897 ἔχειν
1633 1823 1757 1878 τινα
1801 1826 1912 1877 τῶν

2006 633 2120 684 tur.

2627 827 2862 886 CAPUT
2901 829 3018 886 XII.

2010 941 2085 994 De
2149 937 2465 1006 Menandro,
2535 937 2769 993 secunda
2826 955 2860 992 a
2935 937 3160 994 Simone
3234 939 3384 1008 Mago
3431 940 3655 996 heresi-

2742 1009 2930 1064 archa.

2077 1115 2196 1172 Sub
2219 1117 2418 1172 eodem
2451 1115 2716 1186 imperio,
2751 1115 3193 1185 postSimonem
3225 1116 3392 1172 illum
3421 1120 3650 1189 Magum

2011 1205 2301 1276 insignem
2345 1205 2641 1259 diabolicae
2683 1205 3036 1276 operationis
3069 1211 3127 1260 et
3157 1205 3426 1261 efficacia)
3456 1223 3659 1264 arma-

2009 1299 2198 1352 turam
2223 1295 2488 1350 exhibuit
2506 1293 2842 1360 Menander,
2877 1295 3199 1366 discipulus
3231 1295 3378 1366 ejus,
3401 1296 3658 1352 Samari-

2009 1389 2190 1440 tanus
2221 1385 2413 1438 itidem
2451 1388 2513 1436 ut
2544 1382 2660 1444 ille,
2695 1383 3040 1453 imposturis
3071 1389 3223 1439 certe
3249 1388 3304 1440 et
3325 1385 3655 1441 carminum

2013 1471 2315 1545 prastigiis
2358 1471 2524 1540 longe
2581 1472 2930 1544 magistrum
2993 1479 3122 1544 post
3176 1489 3238 1528 se
3297 1473 3658 1544 relinquens.

2012 1562 2135 1618 Sibi
2167 1562 2276 1632 ipsi
2307 1563 2462 1617 enim
2495 1561 2813 1617 Servatoris
2871 1562 3054 1616 nostri
3087 1563 3426 1618 vendicebat
3474 1562 3662 1620 hono-

2013 1667 2160 1718 rem,
2193 1667 2373 1722 seque
2403 1667 2432 1706 e
2453 1650 2594 1706 coelo
2626 1651 2835 1706 salutis
2859 1649 3168 1706 hominum
3187 1668 3322 1723 ergo
3345 1653 3656 1708 demissum

2011 1757 2141 1796 esse
2172 1741 2520 1810 nugahatur,
2549 1738 2690 1795 illud
2725 1739 2896 1795 etiam
2931 1741 3148 1796 docens
3183 1757 3196 1796 :
3233 1743 3523 1798 neminem
3559 1759 3662 1798 un-

2013 1845 2188 1900 quam
2225 1829 2390 1884 aliter
2438 1846 2505 1884 ex
2559 1830 2873 1886 certamine
2922 1845 3050 1885 cum
3087 1831 3294 1886 mundi
3326 1831 3657 1888 architectis

257 1914 616 1984 κοσμοποιῶν
673 1909 918 1985 ἀγγέλων
974 1910 1360 1985 περιγενέσθοι,
1422 1911 1468 1966 εἰ
1529 1913 1606 1984 μή
1668 1932 1752 1974 τις
1820 1910 1911 1966 διὰ

2024 1919 2240 1992 angelis
2271 1935 2676 1990 congressum,
2717 1920 2992 1976 victorem
3031 1919 3348 1986 abiturum,
3397 1937 3574 1992 quam
3607 1922 3655 1976 si

253 2006 355 2070 τῆς
384 1997 548 2056 αὐτοῦ
587 1999 842 2076 γοητείας
893 1996 1124 2068 διέλθοι,
1155 2000 1246 2055 καὶ
1294 1999 1426 2076 ὅπερ
1475 1999 1635 2062 αὐτὸς
1681 1997 1902 2074 παρεδί-

255 2086 354 2144 δου
421 2089 703 2164 βάπτισμα
757 2087 1016 2144 λούσαιτο
1063 2091 1300 2166 Ἔφασκε
1370 2089 1476 2164 γὰρ
1525 2087 1650 2151 τοὺς
1706 2089 1903 2146 τούτου

258 2179 681 2250 καταξιωθέντας
737 2179 964 2254 ἀγήρως
1011 2175 1380 2252 διᾳϐιώσκειν,
1433 2175 1613 2234 ἀϊδίου
1641 2179 1733 2234 καὶ
1783 2179 1906 2234 ἀθα-

258 2268 426 2324 νάτου
486 2267 814 2344 μετέχοντας
875 2269 1094 2344 βιοτῆς.
1154 2267 1442 2341 Μέμνηται
1515 2267 1712 2323 τούτου
1759 2266 1790 2323 8
1846 2289 1905 2324 τε

252 2358 590 2436 προρῥηθείς
639 2359 952 2436 Εῗρηναῖος,
1000 2361 1090 2415 καὶ
1143 2361 1171 2414 ὁ
1211 2357 1266 2415 ἒν
1317 2359 1644 2439 φιλοσόφοις
1698 2360 1904 2435 μάρτυς

250 2452 474 2525 ἄριστος
533 2449 845 2516 Ἰουστίνος,
892 2453 989 2504 τοῦ
1036 2469 1096 2505 τε
1148 2450 1402 2522 Σίμωνος
1468 2451 1653 2524 μνείαν
1707 2450 1904 2505 ποιού-

253 2560 440 2614 μενος,
470 2543 561 2594 καί
593 2539 762 2594 αὐτοῦ
805 2537 872 2607 δὴ
914 2538 1137 2611 τούτου,
1179 2537 1322 2595 οὕτω
1371 2538 1580 2616 λέγων·
1635 2563 1664 2593 ‹‹
1695 2539 1903 2596 Μέναν-

249 2627 386 2705 δρον
430 2627 488 2684 δέ
541 2649 663 2684 τινα
715 2627 807 2684 καὶ
866 2627 1030 2684 αὐτὸν
1078 2629 1355 2704 Σαμαρέα,
1401 2630 1494 2684 τὸν
1543 2629 1650 2685 ἀπὸ
1705 2629 1902 2703 κώμης

253 2718 625 2794 Καπαρατέως
683 2717 996 2794 γενόμενον,
1057 2719 1304 2792 μαθητήν
1357 2722 1457 2775 τοῦ
1507 2717 1783 2792 Σίμωνος,
1817 2717 1902 2773 οἷ-

254 2807 556 2882 στρηθέντα
611 2807 701 2862 καὶ
754 2807 913 2865 αὐτον
987 2809 1090 2864 ὑπὸ
1163 2813 1271 2864 τῶν
1351 2805 1644 2881 δαιμόνων,
1699 2809 1786 2863 καὶ
1848 2806 1902 2863 έν

250 2897 575 2973 Ἀντιοχείᾳ
624 2900 936 2976 γενόμενον,
985 2897 1232 2961 πολλοὺς
1285 2897 1613 2970 ἐξαπατῆσαι
1662 2895 1752 2954 διὰ
1801 2920 1903 2972 μα-

250 2994 422 3064 γικῆς
451 2989 653 3062 τέχνης
699 2986 926 3061 οἴδαμεν
952 3007 968 3022 θ
1001 2989 1062 3052 ’ὸς
1105 2989 1194 3044 καὶ
1225 2989 1352 3051 τοὺς
1389 2988 1540 3062 αὐγῷ
1585 2989 1900 3062 ἒπομένους

254 3077 338 3138 ὡς
394 3078 469 3149 μὴ
513 3076 956 3148 ἀποθνήσκοντας
1013 3073 1232 3134 ἔπεισε·
1289 3077 1380 3134 καὶ
1437 3081 1528 3133 νῦν
1576 3079 1720 3141 τινές
1770 3077 1900 3134 εἰσιν

255 3169 353 3226 ἀπ’
409 3167 618 3224 ἐκείνου
671 3173 834 3225 τοῦτο
885 3167 1312 3244 ὁμολογοῦντες.
1345 3193 1376 3222 ››
1422 3174 1519 3225 Ἦν
1551 3167 1609 3224 δὲ
1637 3166 1738 3244 ἄρα
1784 3165 1906 3224 δια-

2015 2008 2377 2080 disciplinam
2415 2009 2766 2080 magiearum
2803 2009 3219 2080 praestigiarum
3241 2027 3400 2066 suam
3426 2027 3660 2083 omnem

2015 2099 2192 2170 probe
2223 2103 2464 2164 teneret,
2497 2103 2552 2152 et
2584 2115 2754 2170 quem
2780 2098 2904 2168 ipse
2936 2097 3269 2154 tradidisset
3298 2097 3658 2170 baptismum

2012 2187 2250 2244 subiret.
2285 2188 2407 2252 Quo
2433 2189 2722 2258 baptismo
2755 2189 2802 2242 si
2835 2205 3006 2258 quem
3040 2189 3310 2260 dignatus
3339 2196 3658 2258 esset,eum

2014 2287 2299 2349 eXpertem
2331 2277 2668 2344 senectutis,
2718 2277 3135 2348 sempiternam
3167 2283 3221 2332 et
3265 2277 3660 2336 immortalem

2011 2369 2180 2424 vitam
2211 2367 2496 2422 victurum
2530 2383 2659 2422 esse
2691 2367 2938 2430 dicebat.
2971 2365 3233 2421 Meminit
3263 2366 3464 2436 hujus,
3487 2381 3658 2437 quem

2014 2459 2186 2516 modo
2237 2457 2689 2524 nominavimus,
2737 2456 3007 2522 Irenaeus,
3039 2464 3094 2511 et
3124 2457 3261 2511 item
3295 2472 3363 2512 ex
3401 2456 3660 2527 philoso-

2013 2546 2144 2619 phis
2175 2551 2396 2617 martyr
2427 2551 2482 2599 et
2512 2544 2675 2600 testis
2707 2545 2960 2614 optimus
2987 2543 3276 2612 Justinus,
3311 2543 3568 2600 Simonis
3601 2543 3665 2600 il-

2011 2634 2126 2692 lius
2151 2641 2324 2706 atque
2357 2633 2654 2690 Menandri
2697 2633 2874 2699 huius
2907 2633 3266 2688 mentionem
3301 2632 3540 2701 faciens,
3572 2635 3658 2689 at-

2013 2741 2126 2796 que
2155 2724 2235 2778 ita
2266 2724 2466 2780 dicens
2501 2740 2514 2778 :
2553 2745 2580 2773 α
2613 2725 2919 2778 Menander
2949 2723 3206 2793 quidam,
3243 2727 3300 2778 et
3321 2722 3442 2793 ipse
3464 2722 3663 2778 Sama-

2012 2813 2258 2880 ritanus,
2294 2813 2351 2866 in
2395 2812 2518 2866 vico
2549 2812 2920 2883 Caparatensi
2967 2817 3148 2875 ortus,
3181 2811 3434 2866 Simonis
3468 2809 3658 2867 disci-

2014 2904 2208 2976 pulus,
2240 2901 2402 2958 242
2463 2918 2576 2957 non
2639 2903 2838 2957 minus
2867 2918 3042 2972 quam
3093 2901 3191 2956 ille
3239 2900 3656 2956 daemoniorum

2013 2993 2208 3048 furore
2239 2989 2492 3060 aﬂlatus,
2529 2990 2846 3062 permultos
2881 2990 3198 3046 Antiochiae
3221 2991 3416 3045 vivens
3436 2990 3662 3061 magica

2013 3087 2135 3138 arte
2165 3081 2418 3148 seduxit,
2451 3081 2548 3152 qui
2583 3082 2759 3136 etiam
2793 3078 3174 3136 sectatoribus
3202 3079 3327 3136 suis
3359 3092 3658 3150 nunquam

2016 3187 2118 3228 eos
2165 3172 2476 3226 morituros
2527 3187 2654 3226 esse
2686 3169 2996 3241 persuasit.
3059 3171 3297 3226 Exstant
3333 3167 3658 3224 etiamnum

256 3253 500 3328 ϐολικῆς
565 3257 832 3334 ἐνεργείας
895 3257 982 3314 διὰ
1056 3263 1164 3314 τῶν
1231 3251 1460 3314 τοιῶνδε
1523 3261 1740 3335 γοήτων
1804 3259 1906 3328 τήν

2024 3260 2200 3318 illlius
2243 3261 2514 3332 discipuli
2564 3259 2854 3326 nonnulli,
2913 3261 3011 3331 qui
3064 3258 3175 3315 hoc
3204 3261 3356 3315 idem
3387 3257 3662 3330 profiten-

256 3349 598 3420 Χριστιανῶν
666 3345 1033 3424 προσηγορίαν
1127 3344 1538 3422 ὑποδυομὲνων,
1623 3349 1686 3403 τὸ
1770 3347 1910 3421 μέγα

256 3437 364 3505 τῆς
433 3433 740 3499 θεοσεϐείας
813 3440 1110 3512 μυστήριον
1178 3436 1267 3493 ἐπὶ
1335 3437 1535 3514 μαγείᾳ
1609 3434 1910 3492 σπουδάσαι

263 3521 570 3598 διαϐαλεῖν,
629 3523 881 3600 διασῦραί
934 3547 993 3582 τε
1053 3523 1126 3582 δι’
1176 3528 1357 3584 αὐτῶν
1421 3527 1489 3582 τὰ
1545 3526 1668 3600 περὶ
1725 3529 1914 3602 ψυχῆς

264 3615 558 3678 ἀθανασίας
622 3616 714 3672 καὶ
779 3621 985 3692 νεκρῶν
1071 3617 1410 3679 ἃναστάσεως
1493 3614 1916 3688 έκκλησιαστικὰ

267 3703 546 3780 δόγματα.

882 3999 1138 4052 ΚΕΦΔΛ.
1181 3996 1286 4054 Il".

449 4102 605 4179 Περί
643 4108 762 4172 τῆς
800 4105 929 4157 τῶν
970 4097 1372 4160 Ἐϐιοναιων
1415 4103 1768 4180 αἱρέσεως.

348 4211 414 4266 Οἱ
447 4211 542 4284 μὲν
589 4211 682 4266 οὗν
729 4208 904 4275 οὕτως
948 4210 1162 4282 ἀπάτης
1218 4212 1373 4288 εἶχον
1408 4230 1422 4246 ⁸
1482 4207 1657 4288 ἕτεροι
1708 4211 1765 4270 δὲ
1821 4221 1922 4285 τῆς

272 4300 401 4369 περὶ
455 4299 547 4354 τὸν
593 4301 822 4375 Χριστὸν
872 4297 1158 4360 διαθέσεως
1216 4301 1308 4355 τὸν
1359 4306 1492 4357 Θεοῦ
1543 4304 1667 4358 Υἱὸν
1725 4304 1922 4369 ἱκανῶς

272 4388 586 4444 ἀποσπάσαι
649 4389 724 4463 μή
770 4385 1015 4465 ἔχοντες,
1065 4389 1254 4458 εὐτελῆ
1310 4387 1550 4464 δοξάζειν
1602 4393 1728 4466 περὶ
1758 4393 1922 4449 αὐτοῦ

271 4475 619 4552 εἷσηγοῦντο.
666 4473 1020 4542 Ἐόιωναίους
1068 4478 1299 4543 τούτους
1329 4479 1380 4534 οἷ
1429 4481 1536 4553 πρὸ
1583 4483 1746 4555 ἡμῶν
1790 4480 1922 4539 ὡνόο

275 4588 472 4643 μασαν.
521 4567 795 4638 Τοιαύτης
841 4567 890 4623 δ’
937 4563 1132 4644 ἔτυχον
1173 4569 1567 4645 προσηγτρίας,
1637 4569 1918 4651 εὐστόχως

2023 3355 2139 3408 tur.
2176 3371 2206 3402 »
2236 3350 2452 3408 Verum
2505 3349 2798 3406 enimvero
2847 3348 3146 3404 diabolicae
3198 3349 3366 3420 plane
3408 3349 3513 3404 hoc
3543 3350 3666 3402 erat

2024 3440 2292 3501 solertiae,
2328 3455 2424 3510 per
2471 3439 2612 3492 tales
2644 3454 2862 3509 magos,
2907 3437 3004 3508 qui
3034 3437 3497 3492 Christianorum
3531 3434 3665 3504 sibi,

2025 3535 2334 3603 prastextus
2364 3529 2568 3600 gratia,
2623 3543 2832 3582 nomen
2877 3525 3290 3596 sumpsissent,
3323 3525 3544 3596 ingenti
3575 3523 3666 3578 di-

2023 3622 2170 3677 vinae
2217 3615 2444 3690 pietatis
2501 3615 2778 3687 mysterio
2847 3615 3200 3686 magicarum
3245 3611 3666 3683 praestigiarum

2024 3711 2230 3766 iuuere
2249 3705 2628 3768 calumniam,
2670 3711 2844 3778 atque
2875 3705 3273 3762 ecclesiastica
3321 3703 3392 3758 de
3429 3702 3666 3758 anima-

2027 3815 2160 3856 rum
2209 3795 2646 3853 immortalitate
2701 3803 2756 3851 et
2827 3799 3188 3850 mortuorum
3247 3791 3670 3850 resurrectione

2030 3889 2298 3960 dogmata
2325 3887 2628 3942 traducere
2655 3889 2826 3956 atque
2863 3889 3134 3941 evertere.

2649 3991 2886 4049 CAPUT
2915 3991 3064 4047 XIII.

2467 4103 2540 4158 De
2607 4101 2800 4159 haeresi
2841 4099 3236 4156 Ebionitarum.

2105 4212 2289 4284 Atque
2345 4209 2428 4265 illi
2461 4210 2694 4282 quidem
2747 4209 2824 4263 ita
2855 4207 3124 4263 homines
3155 4205 3528 4264 seducebant.
3562 4203 3673 4262 Alii

2033 4317 2224 4374 porro,
2255 4315 2386 4356 cum
2438 4298 2702 4354 homines
2749 4315 2782 4352 a
2813 4296 3166 4368 professione
3204 4310 3256 4352 et
3289 4295 3400 4352 fide
3429 4297 3489 4351 in
3519 4293 3682 4350 Chri-

2032 4396 2188 4448 stum
2223 4391 2430 4446 Filium
2469 4388 2564 4444 Dei
2623 4387 2862 4443 omnino
2889 4385 3222 4442 abstrahere
3267 4402 3380 4442 non
3415 4389 3674 4457 possent,

2027 4481 2350 4538 tenuiorem
2385 4480 2456 4534 de
2493 4493 2559 4534 eo
2589 4475 2923 4550 opinionem
2956 4477 3331 4532 induxerunt.
3382 4474 3683 4530 Ebionaaos

2032 4570 2141 4626 hos
2171 4571 2422 4640 majores
2470 4569 2648 4624 nostri
2699 4569 3134 4621 nominarunt:
3180 4566 3388 4634 dignos
3441 4577 3681 4634 prorsus

267 4659 376 4726 τήν
420 4661 521 4723 τῆς
587 4655 831 4720 διανοίας
893 4657 1072 4714 αὐτῶν
1135 4659 1415 4734 πτωχείαν
1475 4657 1888 4735 ὑποφαινούσης

2040 4659 2140 4732 qui
2169 4657 2614 4730 appellationem
2649 4672 2774 4711 eam
2807 4655 3162 4722 obtinerent,
3195 4653 3409 4708 directe
3440 4655 3496 4706 et
3525 4655 3681 4706 certo

277 4745 425 4802 οὕτω
481 4747 584 4824 γὰρ
641 4748 768 4822 παρ’
837 4741 1110 4820 Ἑϐραίοις
1171 4748 1198 4802 ὁ
1255 4747 1482 4822 πτωχὸς
1552 4749 1924 4822 ὀνομάζεται·

277 4835 448 4911 ψιλὸν
493 4835 718 4912 καὶγὰρ
771 4833 1059 4912 ἄνθρωπον
1111 4836 1278 4910 μόνον
1325 4837 1417 4892 τὸν
1468 4837 1698 4912 Χριστὸν
1749 4835 1926 4908 ἐδόξα-

279 4933 398 4998 ζον,
447 4925 584 4981 κατὰ
633 4927 924 5000 προκοπήν
973 4923 1144 4995 ἤθους
1197 4923 1925 5001 δεδικαιωμένον·ήρμένον

283 5015 379 5088 μὲν
411 5015 502 5069 καὶ
549 5015 942 5090 γεγεννημένον
993 5013 1100 5069 ἀπὸ
1151 5015 1382 5090 Μαρίας,
1411 5015 1503 5070 καὶ
1549 5014 1610 5070 ἐκ
1640 5017 1926 5095 συναφείας

271 5108 377 5160 τοῦ
435 5104 641 5180 Ἰωσὴφ
697 5105 799 5172 τήν
855 5103 1039 5181 ἀρχὴν
1097 5101 1376 5178 ἐσχηκότα
1409 5123 1422 5136 ο
1474 5105 1561 5159 καὶ
1622 5103 1685 5159 οὐ
1737 5102 1925 5180 ῥᾴδιον

271 5188 463 5268 ἔλεγον
499 5191 587 5248 διὰ
620 5192 788 5266 μόνης
833 5199 934 5262 τῆς
981 5191 1116 5248 κατᾶ
1163 5193 1399 5268 Χριστὸν
1445 5191 1676 5256 πίστεως
1719 5199 1924 5271 περιεῖ-

272 5303 364 5339 ναι
396 5282 459 5337 τὸ
501 5282 785 5353 σώζεσθαι,
835 5282 881 5338 εἰ
932 5283 1009 5354 μὴ
1062 5281 1153 5338 καὶ
1198 5289 1301 5353 τῆς
1346 5289 1578 5356 νομικῆς
1634 5284 1924 5359 θρησκείας

270 5393 362 5433 τις
399 5371 633 5448 μέτοχος
663 5369 774 5442 ε’ίη,
815 5370 1069 5442 γᾶκείνην
1111 5369 1178 5441 δη
1219 5374 1318 5441 τήν
1360 5371 1641 5428 πολιτείαν
1697 5372 1922 5445 μέτεισι.

271 5467 386 5526 Τῆς
433 5459 479 5516 δ’
519 5460 686 5530 αὐτῆς
735 5462 992 5534 αἱρέσεως
1042 5459 1118 5520 είς
1159 5457 1254 5515 δύο
1307 5458 1672 5538 διῃρημένης,
1723 5463 1775 5516 οἱ
1829 5465 1924 5537 μὲν

271 5552 430 5606 ταῦτ’
479 5543 710 5626 ἔλεγον·
768 5551 820 5605 οἱ
878 5549 936 5604 δὶ
987 5549 1276 5624 προσίεντο
1333 5549 1393 5606 ἐκ
1453 5551 1767 5625 Πνεύματος
1827 5553 1922 5624 μὲν

275 5638 440 5715 ἁγίου
469 5639 558 5694 καὶ
588 5645 690 5711 τῆς
721 5638 992 5711 Παρθένου
1021 5637 1234 5713 Μαρίας
1275 5641 1626 5716 γεγεννῆσθαι
1669 5642 1921 5716 Χριστὸν,

274 5731 340 5786 οὐ
377 5750 486 5806 μην
531 5728 617 5785 καὶ
667 5729 1104 5804 προϋπάρχοντα
1147 5723 1321 5805 Λόγον
1360 5749 1421 5785 τε
1457 5729 1548 5784 καὶ
1589 5729 1781 5804 σοφίαν
1825 5735 1922 5788 τοῦ

2039 4749 2252 4805 mentis
2283 4763 2483 4804 eorum
2517 4745 2770 4816 inopiam
2804 4749 2859 4798 et
2906 4741 3339 4798 mendicitatem
3380 4737 3682 4795 declaran-

2037 4841 2156 4894 tem
2207 4855 2220 4895 :
2273 4837 2352 4892 ita
2399 4839 2554 4892 enim
2625 4835 2777 4906 apud
2839 4832 3104 4889 Hebraeos
3156 4827 3454 4886 mendicos
3517 4843 3683 4886 voca-

2036 4931 2152 4984 tur.
2187 4925 2492 4999 Siquidem
2525 4941 2737 4997 purum
2789 4927 3020 4978 tantum
3057 4919 3350 4976 hominem
3381 4917 3680 4975 Christum

2037 5032 2167 5074 esse
2223 5018 2566 5083 docuerunt,
2603 5029 2828 5070 morum
2864 5009 3200 5082 proﬁciente
3231 5006 3682 5077 accessioneju-

2037 5107 2352 5164 stiticatum
2389 5121 2402 5161 :
2437 5105 2538 5177 qui
2569 5119 2638 5158 ex
2669 5101 2845 5158 Maria
2899 5098 3127 5170 genitus
3161 5097 3414 5170 primum
3445 5096 3682 5153 exstite-

2036 5197 2133 5266 rit,
2166 5201 2225 5254 et
2254 5213 2320 5252 ex
2348 5209 2660 5263 congressu
2689 5189 2922 5262 Josephi
2968 5188 3200 5244 initium
3217 5185 3537 5258 sumpserit
3571 5201 3584 5240 :
3620 5187 3678 5240 et

2035 5293 2329 5359 praeterea,
2383 5283 2534 5356 quod
2579 5297 2694 5336 non
2756 5279 2921 5334 facile
2971 5277 3286 5350 quisquam
3347 5293 3446 5348 per
3495 5273 3680 5330 solam

2036 5376 2212 5432 ﬁdem
2246 5375 2304 5430 in
2343 5373 2640 5429 Christum
2699 5367 2892 5424 salvus
2931 5369 3112 5436 ﬁeret,
3167 5367 3278 5422 nisi
3318 5365 3493 5421 etiam
3535 5361 3682 5434 legis

2034 5464 2412 5522 caeremonias
2443 5464 2722 5525 servaret,
2774 5463 2830 5514 et
2859 5473 2985 5512 eam
3036 5455 3262 5511 vivendi
3299 5454 3578 5510 rationem
3619 5466 3682 5508 se

2035 5559 2329 5628 queretur.
2357 5550 2570 5608 Haeresi
2601 5549 2710 5604 hac
2740 5554 2797 5604 et
2818 5551 2976 5602 secta
3007 5547 3062 5600 in
3095 5546 3242 5601 duas
3265 5549 3457 5616 partes
3487 5543 3676 5598 disse-

2035 5649 2147 5712 cta,
2173 5643 2338 5700 alteri
2369 5641 2631 5714 quidem,
2655 5653 2784 5710 qua:
2817 5635 2988 5694 modo
3037 5634 3312 5702 diximus,
3345 5635 3682 5702 senserunt,

2035 5735 2201 5793 alteri
2249 5738 2446 5792 autem
2503 5729 2870 5790 admiserunt
2915 5727 3152 5800 quidem
3206 5724 3314 5800 illi,
3344 5743 3414 5786 ex
3466 5723 3686 5798 Spiritu

4031 5737 4036 5744 ν

3943 5841 3954 5848 θ

3977 5917 3988 5924 θ

3801 5943 3814 5948 -
3882 5933 3906 5950 Δ’
3917 5931 3989 5950 ’μὶ
3999 5935 4008 5946 δ

3807 5937 4040 6088 ν
