4016 6206
446 381 565 442 923

1750 371 2167 438 NICEPHOBI
2212 366 2570 434 CALLISTI

3736 364 3841 430 924

446 517 648 571 sancto
668 516 724 569 et
752 511 928 568 Maria
958 508 1181 583 virgine
1209 507 1502 565 Christum
1517 513 1718 564 natum
1750 524 1895 573 esse,
1918 523 2090 564 eum-

2208 502 2448 577 ἀνάρχου
2479 501 2615 556 εἶναι
2656 504 2812 558 Θεοῦ.
2855 499 3147 556 Κάντεῦθεν
3188 500 3276 557 καὶ
3329 502 3478 557 οὗτοι
3516 504 3588 574 τῇ
3640 499 3842 555 ἰκείνων

441 605 575 659 dem
642 609 830 657 autem
859 600 1013 673 quod
1046 604 1218 655 antea
1258 600 1329 654 ab
1362 606 1571 655 (sterno
1598 598 1793 666 fuerit,
1828 597 2084 653 Verbum

444 698 503 749 et
535 693 880 766 sapientiam
918 690 1201 763 principio
1244 694 1494 746 carentis
1526 695 1580 745 et
1611 690 1804 745 aeterni
1840 688 1939 744 Dei
1969 703 2092 743 esse

443 787 858 854 pernegarunt.
893 779 1258 851 Proindeque
1287 784 1344 834 et
1371 778 1411 832 ii
1443 780 1502 834 in
1552 780 1750 835 eadem
1785 794 1918 834 cum
1953 776 2095 832 alte-

441 871 522 927 ris
546 870 655 926 illis
685 870 886 926 versati
959 875 1097 925 sunt
1125 869 1443 939 impietate.
1482 869 1682 923 Itidem
1714 864 2090 933 enim,utilli,

442 960 584 1028 legis
615 960 837 1015 cultum
884 964 942 1015 et
985 958 1443 1014 observationem
1490 957 1804 1029 plurimum
1837 956 2091 1028 comple-

437 1050 764 1105 ctebantur.
824 1048 1008 1104 Illicet
1043 1056 1095 1103 et
1128 1047 1381 1116 Apostoli
1406 1047 1682 1116 epistolas
1703 1063 1930 1112 omnes,
1956 1063 2093 1117 apo-

442 1144 653 1194 statam
685 1144 740 1194 et
770 1139 1119 1193 desertorem
1163 1137 1401 1191 Paulum
1441 1135 1822 1206 appellantes,
1857 1135 2084 1202 rejicie-

445 1229 589 1283 bant
621 1244 634 1283 :
669 1233 725 1282 et
755 1227 857 1282 soli
891 1227 1042 1296 quod
1076 1226 1397 1282 secundum
1435 1226 1699 1279 Hebraeos
1732 1228 1874 1292 erat,
1908 1224 2091 1278 Evan-

2201 589 2621 666 περιετρέποντο
2681 585 2920 661 ἀσεϐείᾳ.
2979 590 3210 661 Ἐπίσης
3270 592 3373 668 γάρ
3436 589 3716 650 κάκείνοις
3773 588 3844 642 καὶ

2202 683 2354 738 οὗτοι
2401 681 2501 749 τὴν
2549 680 2689 735 κατὰ
2739 679 2910 754 νόμον
2960 678 3211 754 λατρείαν
3260 682 3334 744 ὡς
3365 678 3627 735 πλεῖστον
3677 681 3846 752 περιξ-

2200 792 2392 835 ποντες
2437 770 2597 840 ἦσαν.
2644 767 2868 843 ’Δμέλει
2906 791 2992 825 τοι
3033 770 3124 825 καὶ
3175 772 3349 831 πάσας
3399 771 3495 844 μὲν
3542 773 3643 825 τοῦ
3696 773 3845 825 Ἀπο-

2204 860 2404 916 στόλου
2457 860 2553 921 τὰς
2595 858 2889 922 ἐπιστολὰς
2930 857 3264 927 ἀπεσείοντο,
3316 859 3631 930 ἀποστάτην
3662 880 3725 913 τε
3772 862 3841 914 τὸν

2204 948 2426 1006 Παῦλον
2458 948 2712 1018 ἐκάλουν,
2766 950 2917 1023 μόνῳ
2960 947 3017 1005 δὲ
3045 954 3122 1021 τῷ
3160 950 3280 1004 καθ’
3325 944 3624 1022 Ἐϐραίους
3676 948 3843 1022 Εὐαγ-

2201 1039 2375 1116 γελίῳ
2417 1037 2692 1096 διετέλουν
2752 1040 3217 1113 προστετηκότες·
3250 1042 3341 1095 καὶ
3389 1042 3452 1095 τὸ
3487 1040 3583 1113 μὲν
3636 1033 3843 1094 Σάϐϐα-

2199 1152 2292 1186 τον
2356 1130 2445 1184 καὶ
2512 1131 2617 1197 τήν
2686 1127 2865 1198 ἄλλην
2932 1130 3111 1185 αὐτῶν
3198 1132 3575 1204 παρατήρησιν
3666 1128 3842 1198 ἐπίσης

2201 1219 2426 1284 ἐκείνοις
2478 1218 2788 1295 ἐφύλαττον
2826 1239 2840 1253 ·
2892 1219 3294 1294 παραπλησίως
3344 1218 3391 1275 δ’
3440 1223 3577 1292 ἡμῖν
3625 1219 3724 1274 καῖ
3771 1220 3846 1282 τὶς

441 1317 591 1390 gelio
660 1317 953 1372 adhaerere
1015 1315 1475 1385 perseverabant.
1512 1318 1576 1368 Et
1605 1329 1740 1370 cum
1772 1312 2092 1368 Sabbatum

2207 1311 2472 1385 Κυριακάς
2506 1309 2709 1382 ἐτίμων
2744 1310 2820 1371 είς
2864 1312 3086 1384 μνήμην
3138 1318 3236 1381 τῆς
3282 1315 3381 1366 τοῦ
3428 1313 3675 1385 Χριστοῦ
3724 1309 3844 1362 ἀνα-

443 1408 738 1479 aliamque
797 1423 999 1462 eorum
1058 1406 1520 1461 obserVationem
1569 1420 1795 1460 omnem
1828 1421 1895 1458 ex
1925 1419 2091 1474 aequo

2209 1401 2473 1461 στάσεως.

447 1515 582 1554 cum
616 1498 730 1554 illis
779 1506 1092 1567 servarent,
1160 1497 1545 1553 nihilominus
1581 1501 1637 1552 et
1694 1494 1994 1551 nobiscum
2054 1493 2385 1550 Dominicos
2444 1494 2569 1548 dies
2622 1492 2696 1548 ad
2752 1492 2966 1549 Christi
3015 1493 3460 1550 resurrectionis
3513 1493 3846 1549 memoriam

452 1588 739 1644 colebant.

984 1715 1137 1772 2-13
1169 1713 1394 1771 CAPUI‘
1423 1713 1560 1770 XIV.

865 1823 937 1879 De
982 1822 1239 1878 Cerintho
1296 1819 1679 1879 hmresiarcha.

477 2019 481 2022 ξ
517 1948 754 2045 Eadem-
780 1953 1069 2045 tetato_et
1115 1950 1449 2005 Corinthum
1501 1948 1813 2045 quemdam
1859 1945 2096 2045 alterius
2129 1979 2173 2045 Β

448 2039 688 2095 haeresis
722 2039 929 2094 ducem
964 2039 1159 2106 fuisse,
1194 2039 1443 2109 scriptor
1472 2037 1903 2093 ecclesiasticus
1924 2036 2095 2092 Caius

450 2132 885 2195 commemorat,
907 2127 991 2183 ita
1019 2129 1217 2182 dicens
1244 2143 1257 2182 :
1290 2150 1318 2177 «
1344 2127 1455 2183 Sed
1477 2132 1533 2182 et
1552 2126 1861 2183 Corinthus
1885 2142 1982 2197 per
2013 2141 2093 2181 re-

448 2217 769 2275 velationes
799 2217 959 2273 velut
988 2236 1021 2273 a
1053 2233 1263 2288 magno
1297 2215 1555 2286 apostolo
1587 2215 1851 2287 scriptas,
1882 2216 2095 2270 verbo-

452 2323 582 2363 rum
620 2313 879 2378 porlenta
901 2307 1069 2363 nobis
1101 2316 1377 2377 tanquam
1404 2322 1501 2377 per
1529 2305 1765 2378 angelos
1804 2304 1855 2360 ei
1885 2304 2099 2360 tradita

454 2396 736 2452 mentitus
765 2396 1010 2458 inducit,
1045 2401 1173 2464 post
1197 2394 1680 2450 resurrectionem
1703 2400 1969 2450 astruens
1992 2399 2101 2448 ter-

456 2501 665 2542 renum
716 2486 978 2541 futurum
1039 2483 1255 2540 Christi
1324 2500 1591 2555 regnum,
1644 2492 1698 2539 et
1744 2483 2009 2539 homines
2037 2481 2096 2537 in

455 2589 625 2631 carne
685 2576 1186 2631 conversationem
1241 2573 1658 2644 cupiditatibus
1712 2572 2099 2636 voluptatibus

453 2668 773 2734 subjectam
806 2665 997 2722 denuo
1025 2667 1177 2737 apud
1201 2663 1528 2721 Jerusalem
1557 2665 1880 2719 habituros.
1909 2668 2099 2735 Atque

452 2771 581 2811 cum
613 2771 912 2811 sacrarum
962 2755 1060 2810 Dei
1091 2755 1524 2827 Scripturarum
1556 2752 1634 2808 sit
1681 2752 1890 2818 hostis,
1923 2753 2101 2808 sedu-

451 2861 579 2901 cere
610 2844 875 2901 homines
898 2844 1117 2914 volens,
1140 2843 1298 2899 mille
1328 2853 1516 2898 tamen
1543 2859 1828 2898 annorum
1864 2843 2101 2912 nuptia-

456 2951 587 2991 rum
649 2933 1081 2989 celobritatibus
1133 2933 1487 2989 destinatum
1549 2934 1719 2988 refert
1769 2932 1870 3003 (l).
1906 2953 1934 2981 ››
1968 2934 2104 3001 Ejus

457 3023 635 3079 etiam
668 3022 978 3091 Dionysius
1036 3023 1460 3079 Alexandrinus
1488 3024 1547 3077 in
1578 3024 1835 3077 secundo
1863 3023 2104 3077 Promis-

453 3112 671 3167 sianum
701 3113 770 3169 de
797 3112 1045 3169 Joannis
1068 3114 1414 3185 Apocalypsi
1443 3112 1590 3167 libro
1622 3111 1919 3167 meminit:
1944 3134 1971 3161 «
1997 3110 2102 3167 Ce-

456 3201 733 3266 rinthum,
765 3202 985 3268 dicens,
1019 3200 1119 3271 qui
1151 3207 1208 3256 et
1238 3219 1272 3257 a
1300 3218 1362 3256 so
1394 3201 1756 3255 nominatam
1788 3200 2099 3255 Corinthia-

454 3286 593 3347 nam'
641 3292 906 3347 haeresim
966 3292 1248 3360 instituit,
1307 3291 1662 3362 condignum
1702 3291 2098 3363 idoneumquo

2852 1716 3105 1767 ΚΕΦΔΛ.
3149 1710 3248 1766 ΙΔ’.

2421 1815 2578 1891 Περὶ
2620 1814 2959 1891 Κηρίνθου
2996 1821 3113 1872 τοῦ
3153 1818 3646 1892 αἱρεσῖάρχου.

2274 1945 2349 2015 Τῇ
2402 1938 2448 1995 δ’
2499 1942 2635 2015 αὐτῇ
2688 1947 2785 1999 τοῦ
2829 1945 3036 2019 χρόνου
3082 1947 3224 2024 φορᾷ
3269 1942 3360 1998 καὶ
3409 1940 3691 2014 Κήρινθόν
3748 1959 3844 1993 τινα

2209 2030 2390 2102 ἄλλης
2457 2031 2715 2103 αἱρέσεως
2791 2031 3039 2110 ἀρχηγὸν
3128 2035 3287 2096 Γάϊος
3371 2028 3841 2100 ἐκκληστιαστικὸς

2211 2122 2348 2196 ἀνὴρ
2379 2123 2585 2198 ἱστορεῖ
2603 2124 2845 2198 γενέσθαι
2872 2141 2886 2155 ·
2922 2146 2948 2177 σ
2978 2122 3155 2181 Ἀλλὰ
3175 2123 3265 2179 καὶ
3294 2123 3562 2196 Κήρινθος
3584 2121 3614 2175 ὁ
3638 2117 3711 2176 δι’
3733 2120 3843 2173 ἀπο-

2211 2212 2498 2288 καλύψεων
2533 2215 2607 2276 ὡς
2658 2215 2761 2270 ὑπὸ
2809 2214 3125 2270 ἀποστόλου
3174 2214 3415 2289 μεγάλου
3462 2210 3843 2288 γεγραμμένων

2209 2303 2602 2380 τερατολογίας
2632 2307 2769 2376 ἡμῖν
2799 2305 2873 2366 ὡς
2907 2302 2977 2359 δι’
3007 2303 3256 2382 ἀγγέλων
3286 2304 3436 2376 αὖτῷ
3467 2300 3844 2379 δεδιδαγμένας

2214 2391 2548 2468 ψευδόμενος
2602 2392 2891 2471 ἐπεισάγει,
2951 2395 3148 2470 λέγων,
3213 2395 3347 2467 μετᾶ
3408 2396 3509 2461 τὴν
3569 2393 3844 2448 ἀνάστασιν

2216 2483 2453 2558 ἐπίγειον
2486 2483 2619 2539 εἶλαι
2662 2484 2723 2539 τὸ
2768 2483 3041 2559 βασίλειον
3090 2484 3192 2539 τοῦ
3240 2487 3512 2559 Χριστοῦ·
3563 2482 3658 2536 καῖ
3696 2480 3843 2537 πάλιν

2213 2572 2526 2648 ἐπιθυμίαις
2582 2574 2673 2629 κάὶ
2733 2573 2953 2644 ἡδοναῖς
3012 2574 3064 2629 ἐν
3119 2574 3488 2650 Ἰερουσαλήμ
3541 2576 3645 2645 τὴν
3695 2574 3845 2644 σάρκα

2216 2663 2654 2737 πολιτευομένην
2707 2662 2982 2719 δουλεύειν
3014 2683 3027 2696 ·
3071 2665 3161 2718 καὶ
3212 2662 3376 2738 tm;
3424 2663 3694 2738 ὑπάρχων
3738 2665 3844 2722 ταῖς

2217 2759 2453 2827 Γραφαῖς
2506 2758 2604 2808 τοῦ
2663 2757 2818 2820 Θεοῦ,
2878 2754 3108 2828 ἀριθμὸν
3176 2752 3484 2830 χιλιοετίας
3561 2752 3615 2807 ἒν
3680 2753 3844 2827 γάμου

2214 2844 2375 2918 ἑορτῇ
2417 2842 2591 2898 θέλων
2636 2841 2845 2914 πλανᾷν
2898 2843 3048 2917 λέγει
3090 2843 3352 2919 γενέσθαι.
3391 2865 3415 2896 ο
3465 2847 3570 2899 Τοῦ
3603 2840 3651 2897 δ’
3697 2842 3843 2896 αὐτοῦ

2213 2936 2301 2991 καὶ
2354 2934 2635 2999 Διονύσιος
2684 2936 2713 2990 ὁ
2764 2934 3170 3011 Ἀλεξανδρείας
3224 2936 3497 3011 μέμνηται
3542 2935 3597 2991 ἐν
3642 2932 3845 3006 δευτὲρᾳ

2215 3030 2323 3082 τῶν
2384 3026 2765 3104 Ἐπαγγελιῶν
2814 3029 2937 3102 περὶ
2983 3034 3084 3098 τῆς
3128 3027 3380 3084 ’ῐωάννου
3427 3026 3843 3100 ’ΔποκλῦψεωΨ

2222 3137 2246 3167 ι
2275 3118 2567 3190 Κήρινθον,
2600 3116 2797 3191 λέγων,
2827 3118 2918 3172 τὸν
2957 3139 3049 3172 και
3095 3118 3196 3186 τὴν
3238 3117 3329 3172 ἀπ’
3381 3115 3591 3172 ἐκείνου
3636 3114 3849 3184 κληθεῖ-

2216 3225 2309 3259 σιν
2354 3207 2721 3278 Κηρινθιανήν
2777 3204 2980 3280 α’ίρεσιν
3040 3206 3445 3280 συστησάμενον
3483 3248 3499 3273 ,
3553 3204 3848 3276 ἀξιόπιστον

2214 3293 2542 3367 ἐπιφημίσαι
2592 3294 2893 3365 θελήσαντα
2951 3300 3030 3369 τῷ
3088 3297 3280 3351 ἑαυτοῦ
3328 3295 3618 3367 πλάσματι
3663 3292 3847 3364 ὄνομα.

452 3381 725 3450 ﬁgmento
756 3399 862 3439 suo
897 3398 1107 3438 nomen
1150 3381 1261 3437 sibi
1302 3381 1475 3452 vulgo
1523 3398 1791 3441 arrouare
1821 3380 2094 3437 voluisse.

2207 3388 2379 3439 Τοῦτο
2424 3386 2526 3459 γὰρ
2581 3385 2718 3440 εἶναι
2776 3393 2877 3455 τῆς
2926 3382 3278 3447 διδασκαλίας
3320 3385 3491 3440 αὐτοῦ
3532 3384 3597 3440 τὸ
3645 3381 3846 3458 δόγμα·

447 3470 779 3541 Disciplina)
837 3471 1054 3543 quippe
1108 3472 1239 3542 ejus
1297 3471 1456 3525 illam
1510 3470 1690 3526 fuisse
1747 3472 2093 3540 doctrinam,

452 3561 771 3618 Terrenum
798 3561 895 3617 Dei
930 3577 1174 3633 regnum
1200 3562 1354 3617 fore:
1384 3566 1441 3616 et
1458 3578 1705 3632 quarum
1740 3578 1927 3616 rerum
1954 3561 2095 3633 ipse,

450 3651 548 3723 qui
581 3652 839 3723 corporis
858 3652 944 3707 sui
979 3668 1183 3707 amans
1213 3655 1270 3706 et
1297 3651 1610 3706 admodum
1633 3649 1883 3706 carnalis
1914 3657 2088 3717 esset,

447 3741 759 3812 cupiditate
816 3745 1133 3806 teneretur,
1186 3741 1408 3797 ventris
1453 3740 1740 3810 videlicet,
1798 3746 1855 3796 et
1894 3758 2093 3797 eorum

455 3847 583 3902 quae
613 3829 722 3886 sub
743 3835 941 3887 ventre
988 3834 1131 3885 sunt
1166 3830 1418 3900 partium
1462 3830 1781 3897 voluptatis
1804 3834 1860 3885 et
1883 3829 2097 3885 exube—

450 3919 672 3988 rantia,
706 3921 767 3975 in
797 3918 882 3975 eis
915 3925 1193 3990 tauquam
1229 3921 1287 3975 in
1314 3918 1535 3975 somnis
1575 3919 1754 3974 vitam
1785 3926 2087 3991 peractum

450 4006 561 4063 iri:
593 4007 701 4065 hoc
729 4012 838 4073 est,
873 4008 931 4063 in
964 4009 1176 4079 epulis,
1199 4007 1750 4080 compotationibus,
1782 4006 2091 4078 conjugiis.

448 4099 507 4151 et
534 4097 753 4166 quibus
778 4097 902 4154 haec
925 4096 1327 4168 plausibiliora
1349 4096 1809 4169 gratiosioraquo
1831 4097 1951 4152 fore
1980 4096 2094 4153 lar-

452 4184 698 4253 giusque
729 4191 1079 4256 proventura
1111 4183 1562 4257 putavit,diebus
1581 4184 2093 4256 festis,sacriliciis,

450 4277 508 4327 et
552 4271 920 4329 victimarum
970 4274 1448 4330 mactationibus.
1506 4293 1534 4322 η
1575 4272 1704 4327 ΙΙωο
1759 4272 2093 4345 Dionysius.

449 4366 699 4418 lrenzeus
750 4371 966 4430 autem,
1016 4379 1148 4418 cum
1192 4362 1309 4418 alia
1350 4362 1527 4417 etiam
1585 4360 1752 4432 plura
1796 4363 2097 4434 vertiginis

451 4451 620 4524 plena
650 4451 1037 4507 deliramenta
1067 4450 1199 4521 ejus
1230 4450 1287 4506 in
1317 4450 1505 4521 primo
1538 4450 1743 4507 Contra
1769 4450 2005 4508 harster
2036 4452 2097 4508 li-

448 4541 552 4599 bro
585 4539 909 4614 proposuit,
937 4544 1058 4595 tum
1088 4541 1147 4594 in
1179 4540 1347 4596 tertio
1398 4541 1663 4611 ejusdem
1707 4544 1898 4613 operis
1928 4543 1999 4600 de
2027 4560 2094 4600 eo

449 4633 733 4688 memoria
780 4630 1018 4703 dignam
1076 4627 1381 4685 historiam
1431 4635 1717 4701 recenset,
1756 4647 1932 4701 quam
1991 4650 2093 4704 per

446 4723 822 4780 traditionem
864 4719 1161 4793 Polycarpi
1208 4720 1491 4792 Smyrnei
1542 4722 1800 4793 episcOpi
1830 4739 1892 4779 se
1923 4739 2095 4781 acce-

446 4814 603 4886 pisse
641 4813 801 4869 dicit.
833 4814 974 4867 Cum
1007 4826 1259 4882 namque
1297 4810 1607 4881 aliquando
1635 4810 1919 4868 Joannem
1952 4831 2093 4885 apo-

449 4905 653 4961 stolurn
704 4904 911 4960 balneo
964 4902 1048 4958 uti
1124 4907 1433 4974 oporteret,
1493 4906 1551 4958 ot
1600 4918 1731 4958 cum
1783 4903 1909 4973 jam
1954 4903 2096 4961 illuc

443 4995 817 5067 ingressurus
888 4992 1228 5049 Corinthum
1291 4992 1452 5048 intus
1515 5008 1646 5048 sese
1703 4994 2093 5065 cognovisset,

443 5094 662 5158 quanta
693 5083 881 5158 potuit
910 5084 1205 5141 celeritate
1224 5082 1360 5139 inde
1392 5072 1623 5153 refugit,
1652 5099 1723 5138 ne
1747 5084 1858 5139 sub
1887 5085 2092 5142 eodem

445 5175 682 5245 quidem
740 5176 893 5228 tecto
945 5189 1062 5227 una
1117 5188 1253 5228 cum
1313 5170 1411 5228 illo
1444 5186 1680 5228 manere
1704 5172 1933 5243 justum
1964 5188 2094 5229 esse

2202 3472 2436 3549 ἐπίγειον
2494 3469 2705 3528 ἔσεσθαι
2764 3476 2876 3543 τὴν
2932 3478 3027 3529 τοῦ
3070 3478 3206 3531 Θεοῦ
3259 3473 3542 3549 βασιλείαν
3575 3492 3590 3506 ·
3642 3473 3730 3527 καὶ
3776 3471 3847 3524 ὧν

2200 3562 2360 3624 αὐτὸς
2405 3562 2671 3639 ὠρέγετο,
2716 3562 3110 3643 φιλοσώματος
3151 3564 3225 3619 ὥν
3266 3562 3355 3620 καὶ
3393 3564 3532 3619 πάνυ
3583 3561 3844 3636 σαρκικὸς,

2199 3650 2250 3705 ἐν
2306 3650 2522 3712 τούτοις
2579 3650 2968 3726 ὀνειροπολεῖν
3029 3649 3237 3708 ἔσεσθαι
3290 3654 3525 3726 γαστρὸς
3594 3652 3687 3707 καὶ
3742 3653 3842 3705 τῶν

2201 3740 2304 3794 ὑπὸ
2360 3739 2591 3815 γαστέρα
2680 3739 3049 3814 πλησμονῶν,
3108 3744 3255 3797 τοῦτ’
3312 3740 3423 3797 ἔστι
3483 3739 3680 3803 σιτίοις
3760 3738 3843 3792 καὶ

2198 3836 2392 3894 ποτοῖς
2431 3829 2520 3885 καὶ
2567 3832 2809 3906 γάμοις·
2864 3832 2955 3887 καὶ
3004 3829 3075 3886 δι’
3122 3832 3196 3886 ὧν
3254 3831 3629 3908 εὐφημότερον
3684 3833 3843 3885 ταῦτα

2198 3918 2357 3993 ᾥήθη
2418 3922 2748 3995 ποριεῖσθαι,
2809 3920 3023 3995 ἑορταῖς
3075 3924 3165 3976 καὶ
3237 3923 3446 3986 θυσίαις
3493 3921 3585 3976 καὶ
3634 3919 3836 3991 ἱερείων

2199 4014 2467 4086 σφαγαῖς.
2507 4034 2535 4061 ››
2588 4011 2691 4066 Καὶ
2741 4011 3021 4074 Διονύσιος
3068 4013 3163 4084 μὲν
3210 4016 3413 4067 ταῦτα·
3449 4012 3738 4084 Εἰρηναῖος
3766 4006 3839 4079 δὶ,

2198 4097 2289 4153 καὶ
2333 4096 2511 4161 ἄλλας
2561 4098 2786 4175 ἰλίγγου
2834 4099 3069 4175 πλήρεις
3119 4102 3405 4181 φαντασίας
3458 4099 3514 4156 ἓν
3541 4104 3611 4174 τῇ
3660 4099 3840 4174 πρώτῃ

2197 4191 2305 4243 τῶν
2349 4188 2526 4261 Πρὸς
2573 4190 2691 4250 τὰς
2737 4188 3036 4263 αἱρέσεις
3081 4190 3442 4264 προθέμενος,
3474 4188 3529 4245 ἒν
3564 4194 3645 4261 τῷ
3684 4188 3840 4257 τρίτῳ

2197 4284 2299 4347 τῆς
2330 4277 2496 4333 αὐτοῦ
2545 4277 2920 4355 πραγματείας
2965 4280 3055 4333 καὶ
3103 4277 3284 4349 ἄλλην
3331 4281 3467 4350 ἡμῖν
3515 4279 3643 4354 περὶ
3689 4277 3843 4332 αὐτοῦ

2200 4364 2380 4436 λήθης
2413 4366 2654 4440 ἱστορίαν
2711 4369 2815 4423 οὐκ
2866 4367 3014 4441 ἀξίαν
3063 4366 3343 4448 ἐπιφέρει·
3397 4369 3465 4438 ἢν
3511 4369 3570 4423 ἐκ
3611 4363 3843 4439 παραδόο

2200 4476 2335 4518 σεως
2393 4454 2764 4531 Πολυκάρπου
2815 4458 2918 4513 τοῦ
2979 4459 3306 4533 Σμυρναίων
3356 4454 3657 4513 ἐπισκόπου
3702 4454 3842 4530 ἔχειν

2199 4546 2400 4625 φησιν·
2451 4545 2525 4609 ὡς
2573 4546 2760 4622 χρείας
2801 4550 3121 4622 γενομένης,
3171 4552 3262 4603 τὸν
3315 4546 3620 4603 ἀπόστολον
3668 4545 3843 4603 Ἰωάν-

2199 4654 2298 4705 νην
2335 4634 2603 4709 βαλανείῳ
2637 4638 2950 4711 χρήσασθαι
2979 4654 2993 4667 ·
3026 4634 3221 4709 γνόντα
3252 4634 3329 4707 δὲ,
3369 4634 3463 4710 [ἐν]
3501 4640 3581 4707 τῷ
3621 4632 3840 4709 μὲλλειν

2203 4720 2446 4793 εἰσιέναι,
2508 4726 2776 4798 Κήρινθον
2835 4720 2983 4780 ἔνδον
3040 4720 3189 4787 ὄντα.
3247 4724 3444 4798 θύραζε
3492 4723 3619 4780 ὅσον
3676 4726 3843 4801 τάχος

2206 4814 2359 4876 αὗθις
2398 4812 2768 4886 ἀναπηδῆσαι,
2824 4812 2966 4889 μηδὲ
3006 4822 3109 4884 τῆς
3155 4815 3323 4869 αὐτοῦ
3369 4817 3567 4889 στέγης
3613 4811 3846 4886 μεταλα-

2207 4909 2327 4983 χεῖν
2363 4901 2552 4977 ἒκείνῳ
2610 4902 2815 4960 δίκαιον
2867 4905 3154 4977 κρίναντα·
3208 4904 3606 4982 εἰσηγήσασθαί
3655 4924 3716 4959 τε
3762 4903 3842 4956 καὶ

2202 4998 2320 5055 τοῖς
2356 4994 2473 5066 μετ’
2506 4995 2672 5050 αὐτοῦ
2703 4998 2887 5064 τοῦτο,
2934 4993 3230 5070 Φὺγωμεν,
3280 4994 3621 5058 ἂπειπὸντος,
3667 4993 3743 5066 μή
3788 4991 3846 5045 τὸ

2209 5081 2499 5159 βαλανεῖον
2530 5085 2665 5157 ἡμῖν
2722 5083 2997 5159 συμπέσῃ,
3048 5081 3199 5139 ἔνδον
3249 5079 3406 5146 ὄντος
3458 5084 3728 5160 Κηρίνθου
3760 5083 3846 5136 τοῦ

2201 5179 2303 5242 τῆς
2335 5171 2595 5242 ἀληθείας
2626 5173 2851 5249 ἐχθροῦ.

449 5264 769 5337 opinatus:
804 5263 957 5334 quod
1012 5264 1185 5319 etiam
1220 5263 1290 5318 iis
1343 5264 1603 5334 quicum
1657 5278 1723 5320 eo
1780 5268 1947 5321 erant
2000 5264 2337 5337 persuasit:
2390 5265 2730 5339 Fugiamus,
2761 5266 3051 5339 inquiens,
3094 5282 3166 5323 ne
3227 5267 3506 5325 balneum
3564 5264 3847 5329 concidat,

447 5355 506 5414 in
538 5373 655 5430 quo
693 5356 952 5413 veritatis
979 5354 1259 5412 inimicus
1286 5354 1596 5412 Corinthus
1626 5353 1800 5413 lavat.

514 5544 595 5616 (1)
617 5544 1018 5602 Chiliastarum
1041 5541 1162 5601 sive
1190 5542 1653 5600 Millenariorum
1675 5540 1862 5613 origo.
