4084 6208
205 367 331 425 925

842 503 1104 558 ΚΕΦΑΛ.
1150 507 1247 559 ΙΕ’.

206 605 374 685 Περὶ
414 613 533 685 ’τῆ-ς
572 606 890 685 αξιρέσεως
929 612 1056 685 τῶν
1103 608 1485 685 λεγομένων
1518 609 1856 685 ΔΝικολαϊει

282 679 432 766 τῶν,
476 680 560 740 ὡς
598 679 723 771 ἀπρ
764 681 1128 748 Νικολάου,
1171 679 1315 745 ἑνὸς
1353 687 1478 736 τῶν
1516 682 1675 737 ama
1714 680 1856 737 δια-

282 772 515 814 κονων,
555 772 857 823 τυνεστη.

282 857 426 931 Πρὸς
465 857 683 921 τούτοις
736 858 964 932 τετάρτη
1024 858 1130 913 ἀπὸ
1189 857 1437 932 Σίμωνος
1497 858 1583 914 ἐπὶ
1641 860 1851 935 βραχὺν

199 947 414 1020 χρόνον
442 947 530 1001 καὶ
561 949 596 1018 ἡ
639 946 983 1003 Νικολαϊτῶν
1035 945 1309 1024 λεγομένη
1342 948 1545 1024 αἵρεσις
1593 950 1853 1025 ἀνεφάνη,

196 1038 273 1105 ἧς
303 1036 392 1091 καὶ
446 1037 700 1106 Ἰωάννης
748 1036 799 1091 ἐν
832 1041 901 1110 τῇ
953 1037 1321 1112 Ἀποκαλύψει
1366 1038 1548 1110 μνείαν
1594 1044 1848 1094 ποιεῖται.

197 1122 486 1198 Ἀρχηγὸς
515 1122 571 1178 δὲ
600 1125 803 1193 ταύτης
848 1124 1118 1187 Νικόλαος
1150 1126 1239 1195 ἦν,
1274 1125 1353 1186 εἴς
1399 1129 1506 1180 τῶν
1539 1128 1673 1197 μετὰ
1722 1131 1853 1179 Στε-

196 1213 376 1290 φάνου
407 1212 496 1267 ἐπὶ
542 1217 611 1286 τῇ
643 1218 750 1269 τῶν
800 1213 991 1269 ἐνδεῶν
1041 1213 1293 1285 θεραπείᾳ
1326 1212 1376 1268 ἐν
1426 1218 1544 1276 ταῖς
1595 1215 1852 1289 Πράξεσιν

196 1301 443 1372 ἱστορίας
490 1302 759 1374 ἀξιωθείς.
811 1304 978 1364 Οὗτος
1033 1307 1350 1380 τοιγαροῦν,
1402 1302 1479 1365 ὡς
1531 1304 1559 1358 ὁ
1599 1301 1853 1373 Ἀλεξαν-

197 1387 360 1466 δρεὺς
395 1389 628 1464 Κλήμης
659 1391 710 1447 ἐν
743 1396 822 1464 τῷ
851 1392 1020 1468 τρίτῳ
1050 1393 1182 1471 φησί
1215 1392 1849 1467 Στρωματεῖ,ὡραίαν

196 1476 349 1555 ἔχων
382 1486 611 1555 γυναῖκα
644 1481 777 1555 μετᾶ
823 1483 922 1552 τήν
953 1485 1052 1537 τοῦ
1100 1486 1361 1557 Σωτῆρος
1393 1479 1664 1556 ἀνάληψιν
1710 1483 1847 1557 πρὸς

195 1574 311 1624 τῶν
366 1568 689 1625 ἀποστόλων
745 1569 1081 1641 ζηλοτυπίαν
1137 1569 1472 1640 ὀνειδισθεὶς,
1529 1570 1617 1626 ἐπὶ
1678 1572 1850 1643 μέσης

196 1659 372 1730 αὐτὴν
427 1659 666 1739 ἀγαγὼν,
696 1668 875 1737 γῆμαι
931 1660 1091 1716 παντί
1146 1683 1226 1735 τῳ
1283 1659 1651 1736 προύτρέπετο
1686 1680 1700 1695 ·
1753 1663 1845 1716 καὶ

196 1748 362 1827 ῥῆσιν
418 1754 486 1823 τῇ
543 1749 728 1822 τοιᾷδε
784 1750 972 1825 πράξει
1046 1751 1402 1822 κατάλληλον
1479 1750 1698 1826 ἐπῆγεν,
1760 1750 1841 1806 ὅτι

194 1841 581 1915 παραχρᾶσθαι
615 1837 697 1894 δεῖ
740 1843 810 1905 τῆ
844 1839 1002 1915 σαρκί
1035 1859 1047 1873 ⁸
1097 1840 1251 1915 ὅπερ,
1292 1841 1366 1903 ὡς
1415 1838 1653 1917 ἐγῷμαι,
1688 1837 1839 1895 οὐδεν

191 1925 382 2004 ἕτερον
441 1931 595 2002 εἶναι,
648 1931 682 2001 ἢ
741 1932 803 1986 τὸ
882 1931 958 2005 μὴ
1016 1934 1387 2006 καταχρᾶσθαι
1454 1931 1840 2005 εἰσηγεῖσθαι·

192 2019 367 2074 οἱονεὶ
411 2020 474 2074 τὸ
535 2022 611 2093 μὴ
659 2017 923 2075 ἐνδιδόναι
972 2024 1041 2094 τῇ
1093 2019 1263 2095 ὀρέξει
1318 2026 1425 2075 τῶν
1480 2027 1583 2090 τῆς
1644 2021 1840 2096 σαρκὸς

191 2106 545 2181 θελημάτων.
591 2109 655 2164 Οἱ
703 2105 761 2164 δὲ
804 2111 902 2180 τήν
953 2107 1160 2183 α’ίρεσιν
1213 2109 1375 2165 αὐτοῦ
1429 2110 1720 2183 μετιόντες,
1759 2115 1840 2183 τῷ

186 2198 538 2273 γεγενημένῳ
580 2199 669 2253 καὶ
721 2202 800 2271 τῷ
853 2198 1127 2273 εἰρημένῳ
1183 2197 1359 2275 χωρίς
1402 2220 1546 2261 τινος
1603 2200 1838 2275 βασάνου

186 2284 784 2359 κατακολουθήσαντες,
860 2285 1054 2358 ἀνέδην
1129 2291 1198 2362 τῇ
1271 2287 1495 2362 πορνείᾳ
1572 2293 1833 2364 χρῶνται.

187 2376 382 2431 Καίτοι
411 2398 471 2452 γε
499 2375 665 2452 λόγος
712 2378 803 2433 τὸν
837 2375 1112 2433 Νικόλαον
1144 2378 1222 2449 μή
1270 2398 1373 2433 τινι
1414 2375 1569 2453 ἑτέρᾳ
1616 2379 1742 2453 παρ’
1771 2378 1832 2447 ἣν

183 2462 394 2541 ἔγημεν
447 2466 715 2538 ὁμιλῆσαι
749 2486 763 2501 ’
825 2465 971 2522 ἀλλὰ
1016 2468 1105 2521 καὶ
1164 2468 1218 2522 οἱ
1266 2465 1318 2537 ἐξ
1376 2465 1576 2522 ἐκείνου
1624 2468 1832 2545 φύντες,

184 2556 245 2610 αἱ
300 2557 398 2628 μὶν
457 2556 672 2626 θήλειαι
726 2559 1042 2632 κατεγήρων
1086 2557 1373 2629 παρθενίαν
1425 2557 1680 2612 ἀσκοῦσαι
1716 2577 1731 2591 ο
1777 2557 1830 2612 ἐν

179 2644 421 2723 ἀφθορίᾳ
468 2643 524 2701 δὲ
575 2647 665 2701 καὶ
720 2647 814 2703 τὸν
864 2646 1069 2701 ἐκείνου
1126 2647 1239 2701 υἱὸν
1298 2652 1626 2722 παραμεῖναι
1667 2643 1832 2720 ἔγνω-

182 2755 310 2806 μεν.
343 2735 566 2791 Τούοων
612 2733 659 2789 δ’
708 2734 1200 2812 ὁμολογουμένων,
1249 2733 1418 2792 ἔοικεν
1447 2737 1522 2797 ὡς
1571 2732 1824 2807 ἀποϐολὴ

177 2823 387 2885 πάθους
417 2825 485 2894 ἦν
520 2826 556 2892 ἠ
605 2824 657 2888 ἐς
715 2823 875 2898 μέσον
923 2830 1032 2881 τῶν
1076 2823 1400 2881 ἀποστόλων
1448 2831 1548 2895 τῆς
1596 2824 1830 2896 ζηλοτυ-

176 2916 464 2989 πουμένης
516 2914 846 2991 ἑγκύκλςσις
889 2917 1144 2990 γυναικός
1177 2933 1192 2947 ·
1240 2916 1331 2971 καὶ
1380 2919 1488 2970 τῶν
1532 2913 1623 2970 διὰ
1666 2936 1829 2971 σπου-

178 3000 283 3073 δῆς
338 3002 548 3073 ἡδονῶν
608 3004 893 3082 ἐγκράτεια
955 3006 1018 3061 τὸ
1083 3006 1466 3080 παραχρᾶσθαι
1522 3009 1592 3080 τῇ
1668 3005 1827 3079 σαρκὶ

176 3092 433 3149 ἐδίδασκε
466 3111 479 3125 ⁸
514 3096 591 3166 μή
624 3094 727 3169 γὰρ
763 3092 1055 3169 βούλεσθαι
1095 3091 1214 3149 δυσὶ
1262 3096 1473 3167 κυρίοις
1524 3092 1825 3166 δουλεύειν,

174 3184 320 3238 κατᾶ
348 3185 445 3254 τὴν
494 3188 590 3238 τοῦ
640 3190 905 3257 Σωτῆρος
955 3182 1207 3255 ἐντολὴν,
1254 3181 1429 3257 ἡδονῇ
1478 3184 1568 3238 καί
1617 3185 1823 3258 Κυρίῳ.

177 3272 323 3328 Φασὶ
360 3270 530 3328 δὲκαὶ
571 3273 663 3329 τὸν
696 3272 970 3329 Ματθαίαν
1021 3274 1167 3329 οὕτω
1216 3269 1423 3346 διδάξαι
1456 3293 1470 3307 ·
1521 3272 1675 3348 σαρκί
1727 3274 1821 3345 μὲν

179 3363 452 3439 μάχεσθαι
500 3363 591 3418 καὶ
632 3364 1015 3442 παραχρᾶσθαι
1068 3362 1239 3437 μηδὲν
1299 3360 1435 3437 αὒτῇ
1494 3364 1631 3434 πρὸς
1685 3360 1823 3433 ἠδο-

170 3455 277 3522 νήν
337 3448 617 3508 ἐνδιδόντα
651 3471 663 3484 ·
725 3455 911 3528 ψυχὴν
959 3450 1017 3507 δὲ
1071 3452 1245 3522 αὔξειν
1305 3449 1393 3506 διὰ
1450 3450 1683 3514 πίστεως
1731 3453 1822 3508 καὶ

171 3544 453 3616 γνώσεως.
502 3545 676 3597 Ταῦτα
737 3543 830 3615 μὲν
891 3542 1015 3616 περὶ
1071 3546 1178 3597 τῶν
1234 3540 1512 3617 καταρχὰς
1562 3561 1822 3618 παραχα-

172 3635 391 3706 ράττειν
420 3632 512 3686 τὸν
557 3629 736 3701 ἁληθῆ
769 3638 870 3701 τῆς
918 3631 1152 3695 πίστεως
1182 3629 1351 3706 λόγον
1400 3630 1820 3707 ἐπικεχειρηκό-

168 3742 305 3783 των,
355 3721 547 3777 θᾶττον
589 3719 647 3775 δὲ
703 3717 1078 3795 διαρρυέντων,
1133 3719 1411 3793 ἐπιτόμως
1467 3720 1764 3797 εἲρήκαμεν
1800 3743 1814 3759 ι

166 3810 313 3866 κατὰ
335 3810 523 3887 καιρὸν
555 3807 611 3866 δὲ
639 3830 729 3865 και
753 3811 878 3873 τοὺς
910 3808 1198 3874 λείποντας
1229 3812 1489 3884 θήσομεν.

1226 366 1845 432 ECCLESIASTIC/E
1885 366 2281 434 HISTORIIE
2321 372 2466 434 LIB.
2515 368 2620 435 IIl.

1892 509 1947 574 Α
2510 508 2666 564 244
2698 507 2931 566 CAPUT
2968 509 3078 567 XV.

3498 376 3621 439 926

1963 618 2042 671 De
2071 614 2270 673 ἤιενεεί
2314 630 2527 685 eorum,
2559 618 2652 686 qui
2699 617 2984 674 Nicolaitas
3039 618 3320 684 dicuntur,
3354 621 3412 674 ut
3467 636 3534 675 ea
3584 639 3620 677 α

2034 688 2281 755 Νἰεοιαο,
2312 703 2422 744 uno
2451 704 2520 744 ea:
2545 698 2750 760 septem
2779 691 3048 759 diaconis,
3079 697 3197 747 orto
3226 692 3500 749 exstiterit

2034 871 2246 926 Praeter
2274 870 2402 936 has,
2434 876 2644 942 quarta
2677 888 2900 945 quoque
2930 891 2963 930 a
2995 873 3231 930 Simone
3262 874 3417 930 brevi
3457 883 3611 932 tem-

1963 975 2119 1031 pore,
2175 977 2302 1032 qua:
2354 960 2776 1019 Nicolaitarum
2832 962 3046 1019 dicitur
3096 964 3355 1034 haeresis,
3380 966 3612 1037 viguit:

1962 1052 2131 1119 cujus
2161 1050 2496 1107 etJoannes
2563 1052 2619 1107 in
2677 1053 3023 1124 Apocalypsi
3085 1054 3371 1109 meminit.
3399 1057 3618 1111 Auctor

1960 1138 2088 1207 ejus
2121 1137 2228 1192 fuit
2256 1138 2553 1207 Nicolaus,
2584 1154 2783 1195 eorum
2815 1157 2967 1195 unus
2995 1140 3098 1211 qui
3141 1158 3256 1196 una
3295 1157 3429 1196 cum
3473 1141 3607 1198 Ste-

1964 1226 2153 1293 phano
2173 1226 2244 1281 ad
2277 1244 2601 1299 pauperum
2632 1245 2831 1283 curam
2851 1236 2908 1284 et
2939 1230 3331 1284 ministerium
3362 1230 3422 1285 in
3453 1230 3610 1286 Actis

1960 1315 2299 1387 apostolicis
2333 1327 2471 1372 sunt
2528 1316 2753 1375 delecti.
2789 1320 2860 1385 ls,
2894 1324 2960 1373 ut
3014 1318 3440 1374 Alexandrinus
3487 1319 3612 1375 Cle-

1958 1420 2126 1461 mens
2159 1408 2216 1461 in
2247 1407 2418 1462 tertio
2450 1406 2870 1465 Contextionum
2899 1408 3048 1465 libro
3079 1411 3178 1477 ait,
3212 1424 3340 1465 cum
3394 1408 3607 1464 τοι·ωο·
3688 1424 3693 1429 ·

1957 1507 2085 1547 sam
2130 1491 2368 1549 haberet
2421 1510 2681 1562 uxorem,
2713 1496 2883 1568 eique
2948 1500 3080 1567 post
3136 1496 3460 1552 Servatoris
3506 1512 3608 1553 as-

1955 1582 2371 1652 sumptionem,
2405 1584 2478 1639 ab
2509 1583 2786 1655 apostolis
2830 1582 3128 1656 zelotypim
3181 1584 3405 1641 crimen
3443 1585 3609 1656 obje-

1954 1673 2110 1725 ctum
2136 1677 2307 1739 esset,
2332 1674 2388 1726 in
2423 1673 2676 1728 medium
2704 1672 3409 1745 productam,quicunque
3439 1672 3615 1729 vellet

1953 1758 2158 1815 ducere
2189 1777 2316 1817 eam
2343 1763 2522 1832 jussit
2550 1778 2565 1830 ;
2599 1764 2764 1833 eique
2795 1763 2942 1818 iacto
2983 1778 3315 1833 congruens
3373 1778 3606 1834 quoque

1955 1848 2169 1920 adjecit
2223 1851 2468 1915 dictum,
2516 1853 2887 1908 Abutendum
2938 1867 3068 1908 esse
3133 1866 3306 1906 carne
3364 1852 3465 1923 (1),
3511 1852 3604 1906 in-

1949 1938 2177 2008 quiens.
2220 1939 2343 2003 Quo
2375 1939 2733 2011 quidemille
2778 1942 2977 2008 verbo,
3009 1944 3072 1995 ut
3116 1955 3223 2011 ego
3280 1945 3441 2011 puto,
3486 1955 3601 1995 non

1950 2025 2132 2094 aliud,
2161 2043 2338 2098 quam
2378 2044 2550 2084 carne
2594 2030 2665 2084 ad
2711 2027 3047 2101 illegitimas
3103 2030 3429 2100 voluptates
3485 2044 3601 2085 non

1949 2117 2255 2184 utendum,
2291 2132 2480 2189 neque
2521 2118 2802 2188 appetitui
2850 2118 3160 2174 libidinum
3215 2117 3341 2188 ejus
3401 2117 3603 2173 indul~

1946 2205 2199 2275 gendum
2233 2221 2361 2261 esse
2392 2205 2737 2261 insinuavit.
2772 2206 2879 2272 Qui
2921 2210 3114 2262 autem
3160 2206 3424 2262 haeresim
3476 2207 3606 2277 ejus

1944 2293 2229 2364 complexi
2257 2300 2416 2361 sunt,
2453 2294 2671 2350 factum
2704 2294 2883 2350 simul
2916 2294 3253 2366 dictumque
3293 2296 3420 2362 ejus
3476 2294 3602 2351 sine

1938 2381 2163 2451 judicio
2198 2383 2403 2443 secuti.
2466 2382 2839 2455 impudenter
2906 2382 3284 2438 fornicatione
3332 2388 3600 2440 utuntur.

1943 2470 2052 2526 Sed
2083 2470 2240 2527 enim
2268 2471 2567 2527 Nicolaum
2602 2488 2736 2528 cum
2768 2470 2928 2528 nulla
2954 2471 3070 2528 alia
3122 2472 3366 2529 muliere
3419 2489 3599 2544 quam

1941 2562 2187 2633 conjuge
2233 2578 2344 2617 sua
2398 2562 2769 2618 oonsuevisse
2820 2562 2974 2618 fama
3038 2570 3126 2617 est
3180 2577 3195 2617 :
3263 2579 3334 2618 ex
3398 2561 3601 2620 liberis

1941 2665 2112 2720 quos.
2142 2650 2367 2723 genuit,
2400 2651 2627 2706 feminas
2657 2652 2892 2723 quidem
2923 2652 2984 2706 in
3012 2650 3350 2723 virginitate
3386 2668 3601 2708 conss.-

1941 2744 2217 2808 nuerunt,
2250 2740 2436 2795 tilium
2468 2746 2660 2796 autem
2693 2741 2750 2794 in
2782 2739 3118 2808 incorrupto
3147 2740 3419 2796 cmlibatu
3451 2757 3601 2813 quo-

1940 2843 2054 2898 que
2075 2831 2467 2899 permansisse
2514 2830 2751 2885 scimus.
2786 2829 2920 2892 Qum
2977 2844 3108 2885 cum
3155 2831 3305 2884 citra
3361 2840 3597 2886 contro-

1939 2917 2183 2973 versiam
2213 2919 2295 2974 ita
2322 2933 2385 2973 se
2407 2917 2682 2985 habeant,
2699 2920 2843 2973 satis
2868 2922 3130 2989 apparet,
3151 2917 3306 2988 quod
3337 2917 3432 2973 ille
3456 2935 3592 2974 uxo-

1936 3021 2082 3074 rem,
2116 3012 2351 3078 pr0pter
2380 3025 2553 3079 quam
2594 3009 2892 3080 zelotypus
2940 3010 3101 3063 visus
3154 3012 3329 3074 esset,
3361 3007 3418 3062 in
3475 3022 3592 3064 me-

1936 3094 2099 3151 dium
2132 3096 2526 3168 apostolorum
2552 3098 2916 3169 produxit,id
2948 3098 3102 3152 velut
3126 3095 3590 3168 repudiationem

1935 3185 2257 3242 affectionis
2304 3187 2556 3244 carnalis
2604 3187 2784 3243 fuisse
2818 3202 2831 3242 :
2864 3202 3116 3255 eumque
3174 3202 3273 3256 per
3330 3187 3581 3243 abusum

1854 3260 1898 3326 C
1936 3274 2131 3331 carnis
2190 3276 2609 3332 continentiam
2667 3282 2725 3332 et
2807 3280 3136 3332 accuratam
3220 3276 3581 3346 voluptatum

1935 3368 2431 3435 compressionem
2465 3366 2752 3434 docuisse,
2786 3366 3005 3438 quippe
3036 3364 3134 3437 qui
3158 3365 3348 3438 juxta,
3380 3366 3587 3423 Serva-

1935 3456 2075 3511 toris
2132 3462 2510 3528 prmoeptum,
2543 3456 2774 3511 duobus
2828 3456 3004 3524 heris,
3037 3452 3316 3526 voluptati
3363 3454 3587 3511 scilicet

1933 3553 1987 3599 et
2036 3546 2304 3612 Domino,
2338 3546 2618 3600 inservire
2675 3543 2951 3611 noluerit,
3013 3542 3231 3598 Ferunt
3274 3549 3469 3598 autem
3528 3550 3586 3600 et

1933 3635 2239 3691 Matthiam
2272 3635 2572 3689 docentem
2606 3633 2689 3688 ita
2729 3632 3040 3688 tradidisse
3070 3648 3083 3684 :
3119 3631 3581 3702 Expugnandam

1930 3726 2167 3798 quidem
2215 3740 2345 3781 esse
2396 3738 2654 3793 carnem,
2686 3738 2863 3792 eaque
2899 3722 3280 3788 abutendum,
3315 3736 3503 3792 neque
3528 3721 3581 3778 ei

1927 3813 2244 3885 quidquam
2294 3812 2369 3868 ad
2415 3811 2767 3883 voluptatem
2814 3810 3277 3881 indulgendum;
3324 3810 3575 3866 animam

165 3911 368 3960 autem
403 3920 504 3975 per
529 3904 725 3960 fideim
754 3909 814 3961 et
838 3904 1230 3976 cognitionem
1253 3920 1447 3960 veram
1478 3902 1751 3960 alendam
1781 3907 1957 3977 atque
1986 3904 2335 3975 augendam.
2369 3903 2501 3960 Hac
2529 3905 2600 3960 de
2637 3902 2772 3970 illis,
2796 3904 2899 3972 qui
2929 3918 2964 3956 a
2984 3899 3268 3972 principio
3297 3915 3494 3956 veram
3524 3904 3582 3957 et

162 3998 460 4051 sinceram
494 3993 626 4049 ﬂdei
653 3994 980 4050 doctrinam
1012 3994 1337 4051 adulterare
1367 4009 1499 4050 cum
1525 3994 1715 4050 conati
1747 4001 1963 4063 essent,
1992 3993 2193 4051 statim
2217 3996 2411 4050 tamen
2441 3993 2841 4059 difﬂuxerunt,
2874 3989 3279 4061 compendiose
3301 3989 3580 4056 diximus,

163 4101 273 4140 suo
307 4084 429 4140 loco
459 4085 630 4140 etiam
664 4084 735 4140 de
764 4084 1002 4157 reliquis
1033 4084 1265 4141 dicturi.

773 4195 1031 4250 ΚΕΦΑΛ.
1076 4193 1201 4268 ις’.

160 4280 732 4357 Ὠςηέμαρᾲτόρξησε
789 4282 1056 4354 Συμεὼν
1117 4285 1144 4336 ὁ
1201 4286 1315 4337 τοῦ
1377 4281 1652 4339 Κλοπᾶο
1704 4282 1814 4337 καὶ

236 4355 387 4409 ὅθεν
433 4354 496 4430 at}
552 4354 847 4430 αἱρέσεις
884 4356 1312 4430 τοκαταᾳρχᾶις
1368 4359 1445 4430 τῇ
1482 4360 1598 4411 τοῦ
1656 4359 1814 4428 Χρι-

236 4430 396 4482 στοῦ
436 4425 796 4504 εἰσεφθάρη
814 4446 927 4480 σαν
966 4425 1349 4497 Ἐκκλήσίᾳ.

232 4532 423 4608 Νέρων
453 4534 548 4606 μὲν
582 4530 648 4602 δή
683 4535 896 4607 πρῶτος
925 4537 1023 4589 τοῦ
1066 4535 1202 4589 κατὰ
1245 4534 1483 4609 Χριστὸν
1529 4533 1810 4606 ἀπήρξατο

156 4621 414 4697 διωγμοῦ
450 4641 463 4656 ·
526 4623 853 4697 Δομετιανὸς
903 4621 950 4679 δ’
1007 4623 1096 4679 ἐπὶ
1151 4624 1329 4697 τούτῳ
1378 4621 1625 4697 δεύτερος
1655 4640 1669 4654 ’
1715 4623 1805 4679 καὶ

150 4713 345 4790 τρίτος
377 4710 539 4775 οὗτος
569 4712 833 4788 Τραϊανός
868 4734 880 4747 ·
915 4712 995 4792 ἐφ’
1027 4711 1090 4769 οὗ
1137 4713 1226 4770 καὶ
1263 4718 1500 4787 μερικῶς
1529 4713 1620 4769 καὶ
1668 4713 1806 4771 κατᾶ

150 4804 354 4867 πόλεις
397 4800 591 4877 δήμων
638 4803 1074 4878 ἐπανισταμένων
1121 4806 1212 4859 τὸν
1260 4806 1375 4860 καθ’
1420 4807 1581 4876 ἡμῶν
1632 4801 1805 4881 διωγ-

154 4895 266 4969 μὸν
299 4893 473 4949 πολύν
504 4914 626 4949 τινα
669 4895 914 4972 γενέσθαι
945 4893 1113 4970 λόγος
1160 4894 1394 4969 ἀρχαῖος
1446 4891 1805 4967 διαθρυλλεῖ-

146 4984 277 5040 καθ’
324 4984 385 5038 ’όν
431 4984 621 5057 καιρὸν
671 4985 758 5039 καί
815 4988 1079 5055 Συμεῶνα
1122 4983 1211 5039 τὸν
1263 4982 1322 5039 ἐκ
1366 4987 1463 5039 τοῦ
1511 4984 1661 5038 θείου
1707 4987 1804 5038 τοῦ

146 5076 338 5145 Ἰησοῦ
396 5072 588 5130 Κλοπᾶ
642 5073 980 5151 γεννηθέντα,
1040 5075 1130 5130 καὶ
1199 5074 1407 5149 Μαρίας
1464 5076 1562 5144 τῆς
1638 5073 1803 5129 αὐτοῦ

218 5282 301 5353 (1)
323 5277 406 5353 De
434 5276 984 5353 carnisbujusmodi
1016 5278 1201 5353 abusu
1234 5276 1481 5353 illustris
1511 5283 1600 5333 est
1627 5277 1802 5353 etiam

140 5349 447 5411 sententia
477 5351 630 5419 apud
664 5352 842 5406 Cicer.
877 5349 976 5406 lib.
1002 5369 1019 5406 ι
1045 5351 1115 5405 De
1135 5350 1276 5420 legib
1306 5368 1326 5407 :
1348 5374 1375 5401 ‹‹
1399 5350 1543 5407 Cum
1569 5352 1804 5406 animus

138 5424 403 5495 cognitis
445 5421 844 5493 perceptisque
870 5422 1264 5495 virtutibus_a
1322 5422 1581 5495 corporis
1629 5423 1803 5478 obse-

138 5492 283 5565 quio
368 5495 851 5565 indulgentiaque
913 5492 1268 5560 discesserit,
1326 5492 1802 5565 volUptatemque

134 5563 297 5628 sicut
347 5563 565 5621 labem‘
591 5563 852 5637 aliquam
918 5565 1220 5622 de-iecoris
1275 5566 1648 5637 oppresserit,
1675 5563 1799 5623 om-

134 5581 297 5628 sicut
348 5581 537 5621 tabem
591 5581 667 5621 ait
718 5581 852 5621 nam
918 5581 1220 5622 oc-rzecorts
1275 5581 1799 5637 oppresserit,om-

134 5652 403 5711 namque
425 5637 628 5695 mortis
673 5581 1009 5711 actor-isque
1044 5636 1312 5711 timorem
1342 5637 1659 5711 __et!'ugerit,
1707 5652 1799 5695 so-

129 5707 534 5782 cietatemque
558 5708 749 5766 carnis
777 5707 1170 5782 ejecerit,tum
1196 5707 1475 5767 omnibus
1492 5707 1561 5767 se
1588 5713 1800 5767 natura

2442 4192 2593 4250 245
2637 4189 2873 4247 CAPUT
2912 4189 3058 4247 XVI.

1929 4282 2015 4355 Ut,
2055 4281 2298 4355 Symeon
2365 4283 2612 4355 CleOpltz
2658 4284 3001 4355 martyrium
3055 4277 3576 4355 subierz't;_ct_unde

1994 4349 2226 4411 Ιικνῖεεθε
2291 4371 2326 4410 a
2376 4349 2629 4427 principe
2680 4354 2740 4410 in
2785 4349 3077 4409 Ecclesium
3139 4349 3348 4406 Christi
3409 4352 3578 4407 inva-

1841 4428 1889 4493 D
1991 4431 2136 4482 scrin
2146 4432 2185 4480 τ.

1995 4532 2145 4590 Nero
2213 4533 2454 4606 quidem
2507 4534 2738 4606 primus
2808 4533 3078 4605 persequi
3133 4530 3427 4588 Christum
3488 4533 3580 4587 est

1922 4638 2189 4689 exorsus,
2222 4622 2590 4679 Domitianus
2635 4625 2950 4691 secundus,
2983 4620 3183 4678 tertius
3230 4619 3324 4675 hic
3372 4618 3577 4686 Traja-

1916 4729 2069 4779 nus;
2101 4712 2212 4768 sub
2235 4727 2351 4783 quo
2401 4716 2458 4768 et
2516 4712 2788 4784 privatim
2847 4717 2906 4769 et
2956 4710 3207 4782 publice,
3240 4723 3344 4780 per
3396 4706 3571 4763 urbes

1916 4800 2208 4857 universis
2267 4802 2715 4873 insurgentibus
2748 4801 3001 4872 populis,
3035 4796 3360 4869 antiquitus
3391 4794 3573 4851 tradi-

1916 4900 2041 4947 tum
2080 4895 2169 4947 est
2224 4890 2522 4963 ingentem
2570 4896 2774 4949 contra
2820 4906 2929 4946 nos
2982 4886 3327 4944 concitatam
3394 4884 3573 4941 fuisse

1919 4978 2399 5051 persecutionem.
2432 4981 2556 5047 Quo
2599 4986 2859 5052 tempore
2913 4978 3254 5048 Symeonem
3315 4988 3570 5047 quoque,

1916 5074 2125 5142 patruo
2155 5069 2302 5127 Jesu
2326 5070 2603 5144 Cleopha,
2634 5084 2693 5129 et
2722 5068 2901 5126 Maria
2928 5068 3179 5140 conjuge
3217 5068 3367 5140 ejus,
3393 5080 3570 5137 quam

1915 5270 2292 5339 coniunctum
2326 5271 2576 5340 duxerit,
2609 5270 2950 5339 cultumque
2980 5265 3078 5340 Dei
3111 5269 3168 5321 et
3193 5280 3397 5340 puram
3430 5261 3567 5319 reli-

1911 5335 2142 5421 gionem
2186 5344 2528 5421 susceperit,
2553 5335 2615 5421 et
2635 5335 2927 5421 exacuerit
2955 5339 3117 5421 illam
3152 5335 3213 5421 ut
3243 5335 3565 5421 oculorum,

1913 5407 2000 5469 iis
2034 5414 2251 5481 Ingenii
2282 5407 2463 5471 aciem
2497 5407 2567 5469 ad
2602 5415 2755 5469 bona
2799 5411 3125 5481 deligenda,
3160 5418 3214 5466 et
3253 5407 3566 5481 rejicienda

1913 5429 2000 5469 sic
2034 5426 2251 5481 Ingenti
2282 5429 2463 5471 aciem
2497 5426 2567 5469 ad
2602 5426 2755 5469 bona
2799 5426 2912 5467 aen
2957 5426 3125 5478 enoa,
3160 5426 3214 5466 et
3253 5426 3564 5479 I‘BJIOIODOI

1913 5486 2227 5562 contraria,
2261 5486 2611 5562 quteivirtus
2628 5502 2703 5562 ea
2750 5426 3121 5562 provigendo
3142 5485 3228 5538 est
3264 5478 3564 5562 appellata

1908 5550 2245 5686 pii-lugentia,
2276 5550 2423 5630 'quid
2455 5573 2524 5616 eo
2581 5558 2697 5614 dici
2727 5550 2830 5615 a'ut
2885 5554 3125 5627 cogitari
3183 5550 3394 5626 poterit
3431 5550 3563 5608 bea-

1998 5645 2028 5685 s
2099 5648 2128 5684 ι

1957 5643 2071 5685 οη
2099 5648 2128 5684 1
