4016 6206
490 355 606 416 92⁵1

1782 373 1832 434 Ν
1837 375 2119 438 [CEPHO
2129 371 2207 437 BI
2249 377 2341 438 CA
2352 373 2596 440 LLISTI

3771 385 3873 446 928

491 493 551 546 et
573 505 831 548 sororem
861 493 1098 566 (quippe
1127 495 1304 554 veluti
1353 516 1742 574 cousponsam
1781 513 1952 579 atque
1993 511 2134 566 adeo

2256 511 2525 582 γυναικὸς,
2573 511 2637 578 ἣν
2685 507 2753 578 δή
2798 510 2889 566 καὶ
2937 509 3178 590 ἀδελφὴν
3236 520 3337 583 τῆς
3383 517 3654 570 Θεοτόκου
3714 516 3870 592 φασὶν,

489 576 695 652 ﬁliam)
727 579 825 636 Dei
859 581 1171 642 Genitricis
1213 587 1396 645 fuisse
1426 591 1648 659 dicunt,
1683 612 1798 650 non
1848 576 1915 652 ex
1971 601 2140 654 Anna

491 671 550 724 et
576 668 902 742 Joachimo,
937 674 1036 730 sed
1063 692 1130 731 ex
1162 676 1390 736 Salome
1428 686 1486 737 et
1517 682 1772 756 Josepho
1802 687 2042 749 editam.
2073 693 2138 746 ut

491 756 713 814 dictum
773 765 881 830 est,
943 765 1330 836 progenitum,
1366 774 1625 839 martyrii
1658 791 1898 832 cursum
1943 778 2138 834 absol-

487 843 642 901 visse
672 853 898 906 constat
929 867 944 906 :
974 853 1066 908 cui
1099 855 1270 912 etiam
1313 865 1447 930 post
1499 861 1778 918 Jacobnm
1826 865 2140 940 Hierosoly-

489 936 724 994 mitanae
746 941 1012 1000 Ecclesia:
1051 948 1220 1004 sedes
1277 953 1594 1010 commissa
1645 957 1854 1013 fuerat.
1889 936 2135 1032 Symeo'n

485 1026 598 1084 iste
637 1032 1053 1121 aéquibusdam
1116 1039 1427 1113 haereticis,
1459 1045 1615 1102 velut
1656 1065 1806 1104 unus
1875 1026 2136 1121 postero-

487 1131 621 1174 rum
680 1119 916 1179 Davidis
995 1129 1153 1196 (nam
1196 1131 1267 1185 ad
1329 1131 1576 1206 idusque
1608 1141 1840 1208 tempus
1873 1119 2137 1212 inquire-

487 1207 732 1298 bantur)
761 1217 816 1266 et
872 1216 1084 1286 regalis
1140 1219 1327 1276 tribus
1392 1223 1577 1293 Judie,
1633 1207 2135 1298 ipsiusque-adeo

489 1297 704 1353 Christi
737 1308 1003 1389 agnatus,
1039 1305 1269 1366 delatus
1299 1317 1386 1366 est
1421 1329 1434 1366 :
1467 1317 1521 1368 et
1545 1321 1778 1386 prOpter
1802 1297 2133 1389 eum,quod

490 1385 668 1441 libere
702 1388 1002 1457 pulchram
1047 1397 1460 1466 professionem
1518 1385 1902 1474 profiteretur,
1944 1385 2133 1476 gravis

485 1475 778 1532 aemulatio
809 1486 866 1534 et
896 1481 1110 1540 invidia
1161 1489 1516 1560 principibus
1553 1493 1812 1550 incessit.
1849 1475 1964 1551 Hic,
1995 1511 2131 1552 cum

489 1563 695 1620 diebus
727 1567 994 1657 pluribus
1023 1573 1167 1628 dura
1190 1579 1445 1647 verbera,
1481 1598 1606 1652 quia
1656 1583 1706 1639 ei
1764 1584 1990 1641 Atticus
2033 1603 2134 1657 per

487 1653 781 1708 tormenta
811 1655 1116 1728 inferebat,
1151 1664 1374 1721 fortiter
1431 1669 1782 1741 pertulisset,
1819 1672 1940 1742 pari
1995 1653 2127 1728 cum

490 1739 718 1830 Christo
749 1747 1030 1816 snpplicio
1060 1755 1146 1806 est
1182 1739 1446 1812 affectus;
1478 1757 1735 1830 Namque
1791 1739 1847 1816 in
1899 1779 2126 1818 crucem

2245 597 2322 662 ὡς
2374 619 2680 671 συννυμφον
2739 599 2908 670 αὐτῆς
2959 599 3120 656 οὖσαν
3181 603 3271 658 καὶ
3329 605 3618 680 θυγττέρα,
3673 605 3769 660 οὑκ
3830 605 3871 674 ἐξ

2247 687 2444 757 ’Δννης
2477 689 2565 742 καὶ
2596 693 2694 743 τοῦ
2724 690 3005 764 Ἰωακείμ,
3037 689 3185 746 ἀλλὰ
3215 691 3499 766 Σαλώμης
3534 695 3626 748 καὶ
3675 696 3870 770 Ἰωσηρ,

2247 781 2322 842 ὡς
2380 779 2612 854 εἶ’ρηται,
2671 783 2734 837 τὸ
2790 787 2886 838 τοῦ
2967 785 3267 859 μαρτυρίου
3341 783 3560 842 στάδιον
3619 785 3870 842 ὑπελθεῖν.

2245 868 2432 941 Τούτῳ
2487 871 2577 926 καὶ
2628 872 2656 926 6
2705 879 2806 941 τῆς
2865 873 3264 947 Ἱεροσολύμων
3322 873 3654 946 Ἐκκλησίας
3710 877 3873 944 θρόνος

2248 959 2384 1031 μετὰ
2442 955 2698 1016 Ἰάκωϐον
2755 960 3051 1037 ἐπιτράπη.
3113 963 3281 1026 Οὗτος
3335 964 3518 1019 τοίνυν
3580 967 3608 1020 ὁ
3671 965 3871 1036 Συμεὼν

2246 1049 2348 1104 ὑπό
2397 1073 2561 1106 τινων
2602 1053 2960 1126 αἱρεσιωτῶν,
3008 1054 3084 1117 ὡς
3129 1053 3400 1130 ἀπόγονος
3448 1052 3522 1108 ὢν
3569 1060 3672 1110 τοῦ
3733 1049 3870 1110 Δαϐίᾶ

2243 1140 2652 1216 κατηγορηθεὶς
2711 1142 2825 1214 (καὶ
2883 1143 2986 1219 γὰρ
3046 1143 3180 1222 ἄχρι
3238 1144 3303 1212 ὸή
3363 1145 3452 1198 καὶ
3511 1149 3621 1200 τῶν
3681 1145 3872 1218 χρόνων

2241 1227 2448 1284 ἐκείνου
2479 1229 2833 1304 ἀνιχνεὺοντο
2874 1233 2926 1286 οἱ
2979 1230 3026 1302 ἐξ
3061 1229 3237 1290 Ἰούδα
3281 1239 3382 1301 τῆς
3434 1232 3736 1306 βασιλικῆς
3775 1255 3872 1288 κατι

2243 1317 2470 1391 ηγμὲνοι
2503 1320 2731 1394 φυλῆς),
2758 1321 2848 1374 καὶ
2880 1321 2954 1382 ὡς
2992 1326 3074 1392 τῷ
3117 1322 3338 1394 Χριστῴ
3384 1323 3522 1396 πρὸς
3555 1319 3749 1398 γένους
3791 1321 3871 1390 ὢν,

2243 1403 2314 1460 δι’
2344 1407 2400 1461 ὃν
2435 1408 2522 1462 καὶ
2556 1409 2620 1463 οὐ
2657 1408 2872 1483 μέτριος
2903 1411 2930 1464 6
2978 1407 3148 1479 ζῆλος
3186 1415 3302 1472 τοῖς
3355 1409 3620 1489 ἄρχουσιν
3669 1411 3760 1480 ἦν,
3789 1413 3870 1476 τὴν

2239 1494 2416 1567 καλὴν
2473 1496 2778 1572 ὁμολογίαν
2837 1498 3372 1574 παρρησιασάμενος,
3430 1500 3522 1554 καὶ
3585 1499 3674 1556 ἐπὶ
3738 1500 3865 1554 πλείι

2241 1606 2368 1646 στας
2423 1590 2532 1640 τῶν
2592 1587 2816 1661 ἡμερῶν
2871 1587 3047 1652 αἰκίας
3102 1591 3441 1663 καρτερήσας
3490 1589 3718 1664 συχνᾶς.
3767 1589 3869 1643 Ἀτ-

2237 1677 2391 1728 τικοῦ
2421 1675 2518 1744 τήν
2569 1674 2794 1730 κόλασιν
2840 1676 3208 1755 ἐπιφέροντος,
3239 1681 3460 1752 Χριστῷ
3504 1678 3869 1750 παραπλήσιον

2236 1763 2299 1817 τὸ
2357 1761 2518 1826 τέλος
2579 1767 2786 1821 παθεῖν.
2839 1770 3062 1840 Σταυρῷ
3117 1767 3219 1841 γὰρ
3281 1767 3554 1841 μετέωρος
3612 1765 3866 1841 ἐπαρθεὶς,

489 1826 780 1898 sublatus,
805 1833 876 1888 ad
911 1833 1076 1892 illum
1105 1841 1358 1899 moriens
1418 1826 1665 1916 transiit,
1697 1864 1830 1904 cum
1888 1851 2126 1922 quidem

2256 1850 2374 1926 τρὸς
2433 1852 2592 1907 αὐτὸν
2665 1850 2914 1926 ἐκδημεῖ,
2970 1852 3142 1910 εἶ’κοσι
3197 1856 3286 1910 καὶ
3362 1855 3550 1910 ἑκατὸν
3623 1853 3866 1924 διαζήσας

487 1925 715 1973 centum
749 1925 805 1975 ot
861 1923 1064 1995 viginti
1123 1933 1438 2001 peregisset
1486 1951 1690 1992 annos.
1725 1939 1938 1995 Scribit
1994 1956 2130 1996 sane

487 2002 866 2101 iiegesippus,
899 2027 1027 2070 cum
1063 2031 1126 2072 eo
1162 2027 1414 2090 tempore
1441 2023 1625 2080 Judaei
1659 2027 1824 2098 regiae
1847 2029 2048 2101 stirpis
2077 2036 2134 2088 st

487 2091 676 2150 tribus
707 2096 1156 2174 inquirerentur,
1187 2107 1367 2178 ipsius
1415 2127 1645 2185 quoque
1701 2091 2004 2188 §ymconis
2039 2135 2134 2174 nc-

491 2187 808 2255 cusatores,
849 2192 1002 2260 quod
1089 2196 1356 2254 videlicet
1409 2217 1479 2256 ex
1526 2205 1610 2258 eis
1675 2187 1886 2273 essent,
1937 2211 2136 2278 captos

492 2285 640 2328 esse.
665 2275 826 2339 Quod
859 2278 908 2332 si
940 2282 1074 2352 quis
1105 2300 1247 2341 verna
1279 2289 1485 2346 rationi
1519 2297 1693 2364 atque
1751 2275 2138 2350 observationi

499 2359 758 2451 insistat,
816 2372 970 2424 recte
1016 2375 1271 2441 profecto
1331 2359 1672 2451 Symeonem
1715 2382 1874 2442 hunc
1910 2400 1977 2440 ex
2025 2385 2142 2440 illis

502 2449 684 2506 fuisse
713 2453 884 2526 dicat,
917 2459 1016 2530 qui
1046 2461 1356 2522 Dominum
1376 2449 1504 2525 suis
1527 2471 1790 2544 ipsorum
1839 2473 2024 2530 oculis
2057 2474 2142 2528 vi-

501 2538 713 2632 derint.
769 2549 827 2601 et
873 2549 1114 2608 auribus
1173 2556 1486 2614 audierint.
1526 2538 1808 2632 Apertum
1868 2565 2142 2619 nimirum

501 2624 787 2686 indicium
836 2643 919 2689 est
975 2634 1316 2710 longmvitas
1349 2644 1538 2716 ipsius
1569 2624 1596 2702 τ’
1618 2654 1674 2704 et
1705 2651 1858 2722 quod
1919 2652 2145 2707 divino-

498 2730 628 2772 rum
654 2807 666 2813 _
687 2718 1125 2794 Evangeliorum
1181 2733 1473 2805 scriptura
1519 2718 2046 2813 Mariae—Cleophae,
2077 2757 2148 2796 ex

505 2819 620 2876 quo
654 2807 809 2865 hunc
839 2821 1186 2886 prognatum
1217 2836 1346 2878 esse
1377 2841 1554 2896 supra
1595 2828 1873 2897 diximus,
1899 2807 2148 2886 mentio-

505 2909 638 2990 nem
689 2897 843 2990 facil.
898 2903 1054 2962 Idem
1127 2907 1441 2970 historicus
1511 2917 1747 2974 allerius
1815 2921 2146 2990 cujusdam,

506 2983 684 3042 unius
710 3004 777 3044 ex
812 2989 904 3060 iis,
937 2995 1040 3065 qui
1070 3013 1135 3053 ex
1166 3015 1376 3070 genere
1431 3011 1540 3061 orti
1591 3013 1758 3062 erant
1812 3009 2147 3075 Salvatoris,

504 3076 792 3134 cuiJudie
841 3097 1053 3142 nomen
1113 3088 1307 3159 fuerit,
1343 3095 1629 3164 meminit,
1655 3112 1828 3167 quem
1888 3097 1962 3152 ad
2021 3113 2148 3154 eam

505 3189 736 3248 quoque
765 3185 990 3240 aalatem
1032 3185 1243 3244 vixisse
1290 3191 1472 3246 dicit:
1507 3202 1632 3262 post
1679 3193 1761 3262 id,
1802 3196 1956 3266 quod
2016 3201 2150 3252 ante

507 3268 792 3355 erposuit,
825 3277 1209 3342 quorumdam
1258 3280 1364 3335 sub
1409 3279 1738 3338 Domitiano
1791 3300 1892 3355 pro
1945 3285 2058 3341 fide
2089 3288 2146 3342 in

507 3353 802 3414 Christum
834 3371 1126 3432 peractum
1172 3369 1530 3439 martyrium.
1565 3353 2014 3430 Scribitvantem
2077 3375 2152 3432 ad

509 3443 668 3504 hunc
707 3452 946 3507 modum
1000 3469 1014 3508 :
1051 3474 1082 3504 «
1118 3451 1283 3510 246
1337 3455 1634 3514 Venerunt
1680 3459 1860 3532 igitur
1896 3471 1950 3518 et
2009 3481 2150 3536 prte-

513 3534 748 3594 fuerunt
787 3539 1050 3597 Ecclesiis
1083 3545 1264 3610 omni,
1295 3543 1446 3601 velut
1497 3554 1784 3621 martyres
1839 3557 1896 3608 et
1953 3534 2149 3621 testes,

511 3627 760 3697 gentiles
779 3645 1008 3712 quoque
1036 3631 1258 3687 Domini
1292 3648 1305 3686 :
1339 3639 1395 3689 et
1426 3652 1563 3706 pace
1605 3638 1874 3696 Ecclesiis
1907 3643 2148 3712 reddita,

511 3723 697 3778 usque
755 3709 824 3764 ad
877 3710 1193 3779 Trajanum
1224 3713 1502 3773 Caesarem
1564 3729 1937 3779 manserunt:
1971 3709 2153 3781 donee

511 3796 710 3885 etiam,
741 3811 916 3868 quem
947 3799 1218 3870 diximus,
1251 3802 1498 3875 Symeon
1531 3807 1792 3882 Cleophis
1840 3813 2018 3881 ﬁlius,
2052 3831 2150 3885 pa-

513 3887 626 3941 trui
648 3884 903 3953 Domini,
937 3902 1039 3957 per
1075 3890 1435 3952 calumniam
1493 3897 1566 3954 ab
1609 3898 1898 3958 hereticis
1947 3884 2150 3960 eodem

514 3975 688 4030 modo
726 3975 882 4045 apud
917 3977 1172 4036 Atticum
1203 3983 1572 4043 consularem
1617 3988 1833 4059 dolatu,
1887 3999 1994 4048 est.
2047 3991 2156 4056 Qui

514 4063 638 4118 dies
670 4063 883 4121 multos
901 4070 1106 4140 tortus,
1131 4071 1212 4128 ita
1244 4077 1586 4148 martyrium
1619 4079 1784 4148 obiit,
1809 4085 1874 4136 ut
1927 4097 2156 4152 omnes,

517 4155 690 4222 atque
749 4152 874 4224 ipse
913 4158 1086 4214 etiam
1135 4162 1378 4234 Atticus,
1437 4168 1810 4236 mirarentur,
1860 4170 2156 4228 hominem

517 4244 753 4298 centum
783 4248 842 4299 et
871 4243 1073 4317 viginti
1114 4267 1301 4307 annos
1358 4259 1558 4311 natum
1616 4261 1846 4314 tantum
1906 4260 2158 4331 perferre

514 4332 814 4418 tormenti.
846 4333 916 4390 Et
947 4337 992 4390 is
1021 4339 1256 4394 tandem
1292 4341 1349 4397 in
1382 4359 1610 4400 crucem
1641 4351 1731 4418 agi
1764 4352 1856 4402 est
1878 4348 2102 4417 jussus.
2125 4369 2160 4402 »

513 4417 819 4478 Paululum
851 4429 1046 4483 autem
1077 4427 1390 4489 historicus
1423 4417 1744 4506 digressus,
1775 4437 1874 4494 ubi
1912 4455 1980 4495 ea
2035 4457 2159 4512 qua:

514 4519 970 4570 commemorata
1027 4525 1164 4573 sunt
1220 4519 1386 4590 dixit,
1427 4525 1638 4582 deinde
1693 4535 1746 4582 et
1802 4527 1900 4582 illa
1947 4530 2156 4585 addit:

2239 1939 2536 2004 ἐνιαυτοὺς.
2587 1945 2812 2016 Ἰστορεῖ
2869 1963 2932 2018 γε
2991 1945 3100 2015 μὴν
3161 1945 3188 1998 6
3232 1947 3600 2019 Ἡγήσιππος,
3649 1945 3728 2006 ὡς
3779 1943 3866 2016 ἄρα

2237 2031 2484 2093 καὶτοὺς
2534 2031 2878 2106 κατηγόρους
2924 2033 3112 2099 αὐτοῦ,
3165 2034 3511 2106 ζητουμένων
3561 2037 3862 2103 τοτηνικαῦ-

2238 2140 2304 2174 τα
2327 2124 2434 2174 τῶν
2483 2119 2590 2175 ἀπὸ
2635 2128 2737 2190 τῆς
2790 2120 3078 2194 βασιλικῆς
3127 2120 3307 2198 φυλῆς
3353 2120 3649 2186 Ἰουδαίων,
3703 2123 3771 2184 ὡς
3812 2121 3863 2175 ἂν

2243 2205 2296 2276 ἐξ
2354 2208 2534 2262 αὐτῶν
2589 2203 2768 2277 ὄντας,
2827 2209 3032 2265 ἁλῶναι
3083 2205 3276 2279 συνέϐη
3313 2229 3326 2242 ⁸
3379 2209 3640 2287 λογισμῷ
3681 2208 3725 2266 δ’
3779 2209 3866 2282 ἄρα

2243 2296 2337 2350 καὶ
2395 2297 2489 2350 τὸν
2543 2301 2800 2370 Συμεῶνα
2854 2298 3024 2353 εἶ’κότι
3081 2301 3371 2374 χρώμενος
3437 2305 3547 2355 τῶν
3606 2299 3866 2355 αὐτοπτῶν

2246 2385 2336 2439 καί
2393 2383 2678 2456 αὐτηκόων
2738 2384 2882 2441 εἷ’ποι
2940 2387 3002 2442 ἅν
3059 2407 3141 2448 τις
3207 2392 3304 2443 τοῦ
3365 2387 3564 2461 Κυρίου
3627 2388 3872 2462 γενέσθιι,

2249 2475 2533 2551 ἀκραιφνεῖ
2585 2476 2870 2548 τεκμηρίῳ
2945 2481 3024 2548 τῷ
3098 2481 3290 2552 μακρῷ
3356 2481 3456 2542 τῆς
3513 2483 3658 2546 ζωῆς
3727 2477 3874 2532 αὖτοῦ

2250 2564 2770 2638 προσχρησάμενος,
2819 2565 2909 2620 καὶ
2966 2571 3044 2637 τῷ
3106 2566 3286 2638 μνείαν
3347 2573 3575 2636 ποιῆσαι
3630 2567 3731 2629 τήν
3780 2569 3876 2618 τῶν

2253 2654 2412 2708 θείων
2467 2651 2805 2728 Εὐαγγελίων
2851 2656 3062 2732 γραφὴν
3117 2653 3326 2728 Μαρίας
3379 2662 3482 2724 τῆς
3537 2661 3632 2710 τοῦ
3686 2653 3879 2720 Κλοπῐι,

2255 2741 2309 2812 ἐξ
2340 2743 2402 2796 οὗ
2436 2745 2591 2817 φῦναι
2639 2741 2842 2813 ταύτην
2871 2744 2963 2797 καί
3012 2743 3278 2818 πρότερον
3310 2747 3339 2800 6
3387 2743 3553 2819 λόγος
3591 2744 3879 2819 ἱστόρησεν.

2255 2837 2312 2888 '0
2344 2829 2390 2887 δ’
2442 2832 2603 2894 αὐτὸς
2653 2833 2990 2912 συγγραφεὺς
3031 2835 3120 2889 καὶ
3171 2835 3356 2908 ὲτέρου
3402 2840 3510 2890 τῶν
3561 2833 3668 2889 ἀπὸ
3712 2834 3878 2911 γένους

2257 2920 2570 2999 φερομένων
2604 2919 2851 3000 ἀδελφῶν
2879 2927 2976 2978 τοῦ
3007 2930 3263 2999 Σωτῆρος
3295 2925 3433 2993 ἐνὸς,
3468 2925 3514 2996 ᾧ
3563 2921 3733 2996 ὄνομα
3759 2922 3882 2979 Ἰοῦο

2258 3011 2376 3080 δας,
2411 3012 2594 3084 μνείαν
2644 3017 2930 3068 ποιεῖται·
2965 3011 3020 3067 ὅν
3053 3035 3186 3090 φησι
3233 3015 3322 3069 καὶ
3368 3015 3536 3088 μέχρι
3582 3021 3680 3082 τῆς
3729 3012 3882 3078 αὐτῆς

2259 3095 2543 3155 ἐπιϐιῶναι
2578 3100 2754 3176 ἀρχῆς
2805 3102 2938 3174 μετὰ
2969 3104 3066 3172 τήν
3115 3100 3223 3173 ἤδη
3275 3104 3537 3179 πρότερον
3589 3104 3881 3176 ἱστορηθεῖ-

2259 3203 2353 3246 σὰν
2403 3189 2550 3260 αὐτῷ
2603 3190 2734 3263 ὑπὲρ
2782 3193 2880 3259 τῆς
2928 3190 3005 3254 εἰς
3055 3193 3288 3266 Χριστὸν
3334 3191 3568 3255 πίστεως
3617 3191 3704 3246 ἐπὶ
3735 3201 3888 3260 Δομεο

2255 3283 2442 3335 τιανοῦ
2491 3301 2654 3334 τινων
2705 3280 3026 3355 μαρτυρίαν.
3081 3281 3276 3355 Γράφει
3327 3278 3386 3336 δὲ
3433 3280 3606 3341 οὕτως
3640 3302 3654 3314 ·
3701 3306 3726 3332 ιι
3777 3285 3890 3352 Ἕρ-

2258 3389 2452 3446 χονται
2503 3366 2593 3422 οὖν
2645 3368 2736 3424 καὶ
2781 3375 3155 3444 προηγοῦνται
3209 3370 3387 3441 πάσης
3451 3369 3778 3440 Ἐκκλησίας
3820 3368 3888 3427 ὡς

2263 3459 2529 3533 μάρτυρες
2558 3458 2648 3512 καὶ
2699 3459 2749 3514 o't
2796 3457 2902 3514 ἀπὸ
2950 3458 3139 3534 γένους
3169 3463 3266 3515 τοῦ
3316 3459 3518 3535 Κυρίου
3554 3479 3567 3494 ο
3613 3459 3704 3514 καὶ
3745 3479 3891 3534 γενο-

2264 3546 2426 3619 μένης
2486 3547 2708 3620 εἱρήνης
2766 3546 2820 3602 ἐν
2867 3551 3012 3623 πασῃ
3073 3547 3394 3621 Ἐκκλησία,
3459 3552 3674 3621 μένουσι
3735 3547 3888 3622 μέχρι

2259 3639 2522 3710 Τραϊανοῦ
2554 3635 2822 3712 Καίσαρος
2857 3655 2870 3668 '
2903 3635 3066 3712 ἄχρις
3099 3639 3159 3692 οὔ
3200 3639 3228 3693 6
3261 3637 3320 3692 ἐκ
3350 3637 3502 3692 θείου
3539 3643 3632 3692 τοῦ
3677 3635 3886 3710 Κυρίου,

2262 3724 2290 3780 6
2335 3727 2734 3800 προειρημὲνος
2786 3726 3010 3799 Συμεὼν
3057 3726 3175 3790 υἱὸς
3226 3725 3436 3796 Κλοπᾶ,
3479 3725 3885 3803 συκοφαντηθείς

2263 3813 2366 3869 ὑπὸ
2403 3818 2512 3869 τῶν
2562 3816 2870 3889 αἱρετικῶν,
2903 3815 3173 3877 ὡσαόπως
3219 3817 3576 3892 κατηγορήθη
3605 3816 3694 3870 καὶ
3737 3813 3885 3872 αὑτὸς

2260 3906 2340 3974 τῷ
2372 3903 2519 3976 αὐτῷ
2567 3904 2721 3978 λόγῳ
2768 3902 2855 3958 ἐπὶ
2888 3905 3136 3960 Ἀττικοῦ
3174 3909 3271 3960 τοῦ
3317 3905 3582 3960 ὑπατικοῦ
3613 3925 3625 3939 ·
3671 3904 3763 3958 καὶ
3812 3900 3886 3957 ἐπὶ

2263 3989 2500 4055 πολλαῖς
2573 3994 2806 4067 ἡμέραις
2882 3992 3252 4068 αἰκιζόμενος,
3337 3993 3707 4069 ἐμαρτύρησεν
3741 4014 3755 4026 ’
3823 3991 3888 4050 ὡς

2265 4080 2468 4142 πάντας
2529 4082 2980 4157 ὑπερθαυμάζειν,
3011 4083 3100 4138 καὶ
3157 4084 3249 4138 τὸν
3311 4084 3569 4139 ὑπατικόν
3601 4101 3614 4115 ·
3667 4085 3727 4144 ’ὀς
3774 4084 3892 4137 ἑκα-

2266 4171 2357 4226 τὸν
2403 4167 2578 4225 εἴκοσι
2633 4169 2920 4247 τόγχάνων
2981 4171 3137 4243 ἑτῶν,
3171 4171 3425 4244 ὑπέμεινε
3481 4172 3570 4226 καὶ
3615 4169 3886 4237 ἐκελεόσθη

2269 4262 2665 4334 σταυρωθῆναι.
2709 4282 2737 4312 ι)
2796 4261 3004 4336 Μικρὸν
3065 4257 3122 4316 δὲ
3178 4261 3526 4337 παρακατιὼν
3589 4263 3616 4316 ὁ
3675 4279 3891 4334 συγγρα-

2268 4348 2416 4427 φεὺς,
2464 4349 2554 4404 καὶ
2615 4351 2681 4404 τὰ
2728 4351 2852 4424 περὶ
2909 4354 3017 4404 τῶν
3075 4351 3379 4422 εἰρημένων
3439 4350 3626 4419 εἰπὼν,
3685 4347 3888 4420 ὕστερον

2266 4437 2356 4494 καὶ
2399 4441 2565 4494 ταῦτα
2604 4437 2958 4510 προστίθησιν
2992 4459 3004 4472 ο
3048 4464 3076 4490 ι(
3123 4440 3208 4500 Ὠς
3258 4437 3362 4514 ἄρα
3413 4439 3580 4516 μέχρι
3627 4441 3738 4493 τῶν
3783 4436 3893 4490 τότε

2270 4527 2484 4602 χρόνων
2520 4529 2781 4596 παρθένος
2837 4529 3042 4602 καθαρᾶ
3096 4528 3185 4583 καὶ
3245 4526 3573 4606 ἀδιάφθορος
3618 4526 3820 4601 ἔμεινεν
3861 4526 3890 4591 ἡ

517 4599 667 4669 quod
702 4601 773 4656 ad
804 4618 868 4658 ea
908 4620 1093 4677 usque
1132 4612 1398 4681 tempora
1452 4612 1708 4670 Ecclesia
1755 4633 1900 4688 pura
1955 4623 2012 4674 et
2066 4617 2148 4673 in-

2262 4599 2582 4689 ﬁxxlnoiq,
2614 4615 2666 4672 ἐν
2699 4615 2892 4690 ἀδήλῳ
2942 4599 3046 4672 που
3079 4616 3282 4690 σκοτίῳ
3332 4599 3692 4691 φωλευόντων
3746 4613 3892 4671 εἶσέτί

519 4697 793 4762 corrupta
827 4698 1214 4765 permanserit
1269 4702 1449 4773 virgo.
1483 4703 1542 4758 in
1589 4703 1731 4760 locis
1787 4707 2050 4762 obscuris
2105 4712 2163 4764 et

519 4777 1080 4853 caliginosisadhuc,
1113 4787 1162 4842 si
1190 4789 1292 4860 qui
1339 4799 1462 4847 tum
1510 4791 1863 4850 exstiterunt
1919 4795 2019 4866 qui
2078 4813 2172 4852 sa-

519 4885 653 4926 nam
684 4873 1006 4932 doctrinam
1043 4879 1358 4937 salutiferas
1415 4883 1846 4953 pradicationis
1908 4903 2170 4944 corrum-

519 4977 654 5034 pere
694 4975 832 5020 sunt
887 4969 1102 5037 conati,
1135 4970 1632 5032 delitescentibus.
1694 4980 2004 5047 Postquam
2072 4994 2172 5034 au-

517 5057 636 5109 tem
667 5070 830 5112 sacer
867 5060 1260 5131 apostolorum
1295 5063 1510 5121 chorus
1543 5067 1770 5124 diverso
1803 5069 2008 5124 mortis
2065 5085 2169 5141 ge-

518 5159 654 5200 nere
700 5145 879 5202 vitam
929 5150 1100 5218 finiit,
1149 5155 1566 5226 generatioque
1635 5174 1838 5213 eorum
1871 5158 2166 5231 praeteriit,

519 5233 616 5304 qui
647 5236 889 5294 auribus
921 5239 1032 5311 ipsi
1059 5241 1185 5298 suis
1215 5242 1472 5300 divinam
1531 5247 1881 5318 sapientiam
1939 5248 2167 5304 audive-

519 5329 678 5379 rant:
713 5329 841 5381 tum
871 5329 1122 5399 primum
1159 5331 1472 5405 impiorum
1499 5336 1889 5405 seductorum,
1922 5353 2024 5411 per
2045 5353 2169 5410 per-

511 5415 848 5484 egrinorum
890 5417 1192 5476 doctorum
1243 5422 1673 5495 deceptionem,
1705 5429 1876 5485 coitio
1908 5432 1966 5485 et
2025 5445 2163 5484 con-

517 5502 754 5571 spiratio
789 5507 1019 5563 initium
1080 5510 1252 5582 cepit.
1311 5512 1418 5579 Qui
1461 5515 1694 5585 deinde,
1731 5516 1888 5572 nullo
1929 5517 2052 5588 jam
2102 5532 2170 5572 ex

517 5593 798 5663 apostolis
847 5595 1096 5670 reliquo,
1123 5602 1282 5658 nudo
1325 5603 1413 5676 (ut
1462 5605 1699 5678 dicitur)
1729 5605 1912 5677 capite
1967 5610 2172 5665 contra

2270 4703 2392 4762 τότε
2437 4712 2569 4771 τῶν,
2611 4707 2654 4762 εἰ
2704 4707 2791 4763 καί
2839 4727 2978 4770 τινες
3029 4707 3307 4784 ὑπῆρχον,
3359 4709 3743 4786 παραφθείρειν
3791 4706 3897 4762 ἑπι-

2277 4795 2610 4872 χειρούντων
2657 4796 2749 4852 τὸν
2799 4796 2924 4872 ὑγιῆ
2972 4797 3169 4851 κανόνα
3225 4801 3321 4851 τοῦ
3381 4796 3654 4872 σωτηρίου
3701 4794 3896 4870 κηρῦγ-

2277 4906 2465 4959 ματος.
2500 4889 2587 4948 Ὡς
2621 4883 2718 4940 δ’ὁ
2747 4885 2892 4960 ἱερὸς
2923 4889 3030 4939 τῶν
3069 4883 3394 4940 ἀποστόλων
3432 4885 3600 4960 χορὸς
3648 4881 3892 4962 διαφοραί

2271 4973 2486 5051 εἰλήφει
2543 4977 2638 5029 τοῦ
2699 4971 2824 5048 βίου
2881 4971 3062 5043 τέλος,
3123 4973 3496 5048 παρεληλύθει
3555 4995 3608 5028 τε
3663 4976 3700 5042 ἡ
3757 4973 3895 5047 γενεὰ

2269 5061 2448 5134 ὶκείνη
2506 5067 2613 5118 τῶν
2673 5063 2861 5125 αὐταῖς
2919 5062 3109 5126 ἀκοαῖς
3163 5069 3262 5132 τῆς
3321 5060 3504 5118 ἐνθέου
3553 5062 3743 5140 copia:
3788 5060 3894 5116 ἐπα-

2269 5156 2458 5208 κοῦσαι
2506 5151 2954 5226 κατηξιωμένων,
3002 5154 3301 5221 τηνικαῦτα
3344 5157 3446 5220 τῆς
3497 5149 3649 5206 ἆθέου
3699 5148 3895 5216 πλάνης

2275 5242 2452 5316 ἀρχὴν
2501 5235 2801 5314 ἐλάμϐανεν
2847 5241 2882 5310 ἡ
2943 5238 3192 5301 σόστασις
3242 5235 3332 5294 διὰ
3375 5242 3479 5305 τῆς
3524 5245 3631 5294 τῶν
3675 5233 3894 5312 ἱτεροδι-

2274 5328 2559 5386 δασκάλων
2605 5329 2814 5400 ἀπάτης
2849 5347 2862 5362 ⁸
2913 5327 2966 5384 οἳ
3013 5329 3104 5383 καὶ
3153 5327 3245 5384 ἅτε
3297 5324 3534 5402 μηδενὸς
3577 5332 3684 5384 τῶν
3737 5327 3890 5382 αὐτῶν

2271 5419 2594 5476 ἀποστόλων
2656 5417 3009 5492 λειπομένου,
3067 5420 3253 5496 γυμνῇ
3313 5416 3511 5473 λοιπὸν
3569 5416 3776 5494 κεφαλῇ
3825 5417 3891 5484 τῷ

2271 5517 2371 5582 τῆς
2427 5507 2686 5580 ἀληθείας
2741 5507 3051 5584 κηρύγματι
3109 5507 3208 5576 τήν
3287 5503 3638 5582 ψευδώνυμον
3713 5509 3891 5580 γνῶσίν

2275 5597 2674 5675 ἂντικηρύττειν
2721 5596 3055 5670 ἐπεχείρουν.
3097 5619 3126 5648 ››
3174 5600 3228 5651 Ὁ
3280 5594 3376 5670 μὲν
3428 5595 3520 5652 οὗν
3570 5597 3885 5672 Ἡγήσιππος
