4084 6208
207 361 335 422 929

1215 357 1836 430 ΕΟΕΕΕΞΙΑΞΤῙΟΛΕ
1878 370 2266 436 ΗΙΞΤΟΒΙᾸΞ
2310 377 2456 438 LIB.
2502 379 2606 440 III.

204 498 416 549 ταῦτα·
450 495 613 566 ⁴ἡμεῖς
645 491 702 549 δὲ
739 495 800 549 τὸ
841 493 1032 550 λεῖπον
1077 503 1178 567 τῆς
1219 502 1490 572 Τραϊανοῦ
1537 499 1843 565 δυναστείας

1963 507 2226 564 veritatis
2272 511 2738 581 praedicationem
2809 514 2953 572 falso
3005 517 3360 576 nominatam
3411 522 3607 580 scien-

199 589 280 658 τῇ
309 577 522 658 ἱστορίᾳ
553 586 992 658 ἐπισυνάψωμεν.

840 887 1092 940 ΚΕΦΑΛ.
1135 883 1228 938 ΙΖ’.

251 974 408 1048 Περὶ
437 977 554 1028 τοῦ
584 974 750 1028 κατά
779 973 1110 1048 Τρα-ῖανὸν
1141 969 1482 1048 διωγμούξ
1513 971 1626 1048 καὶ
1655 975 1800 1027 οἷον

297 1044 514 1118 δόγμα
547 1046 746 1107 οὗτος
777 1044 940 1099 κατὰ
972 1044 1393 1118 Χριστιανῶν
1427 1044 1766 1119 ἐξήνεγκε.

286 1137 345 1192 Ὁ
389 1142 482 1205 μὲν
517 1133 610 1188 οὖν
649 1131 892 1208 διωγμὸς
939 1131 1114 1195 πολὺς
1161 1135 1251 1188 καὶ
1305 1133 1563 1204 ἀκμάζων
1614 1132 1853 1204 μάλιστα

198 1224 312 1291 ἦν·
354 1224 443 1277 καὶ
493 1227 776 1286 τοσοῦτον,
828 1222 904 1285 ὡς
950 1221 1037 1276 καί
1093 1243 1211 1276 τινα
1263 1220 1484 1277 Πλίνιον
1535 1219 1851 1289 Σικοῦνδον,

199 1311 265 1366 ἐν
294 1317 409 1372 τοῖς
443 1309 677 1385 ἡγεμόσι
713 1308 1003 1383 διάσημον,
1042 1313 1104 1366 τὸ
1157 1309 1370 1378 πλῆθος
1411 1315 1518 1364 τῶν
1563 1311 1851 1385 μαρτύρων

198 1400 446 1473 ὁρῶντα,
510 1399 726 1474 βασιλεῖ
782 1401 918 1471 πρὸς
969 1399 1170 1476 λόγους
1218 1397 1416 1467 ἐλθεῖν,
1460 1399 1549 1453 καὶ
1597 1399 1658 1454 τὸ
1705 1399 1852 1456 πολὺ

197 1494 308 1544 ταῦ
367 1488 617 1558 πλήθους
671 1493 778 1543 τῶν
829 1489 962 1563 ὑπὲρ
1008 1495 1109 1558 τῆς
1158 1489 1394 1550 πίστεως
1445 1488 1850 1562 ἀναιρουμένων

200 1576 604 1650 ὑποσημῆναιο
660 1577 748 1632 καί
807 1579 920 1646 ἅμα
981 1576 1294 1650 μηνύοντα,
1357 1575 1526 1650 μηδέν
1596 1599 1649 1632 τι
1706 1580 1851 1654 παρά

196 1667 335 1728 τοὺς
390 1667 597 1739 νόμους
650 1665 904 1740 πράττειν
963 1665 1322 1741 Χριστιανοὺς
1380 1667 1595 1722 ἀνόσιον
1656 1667 1846 1745 φάναιο

197 1755 357 1826 πλήν
388 1775 448 1830 γε
488 1753 555 1824 δὴ
605 1753 688 1810 ὅτι
733 1755 847 1827 ἅμα
910 1749 984 1826 ἕῳ
1031 1755 1429 1827 ἐξανιστάμενοι
1476 1757 1568 1810 τὸν
1617 1757 1848 1831 Χριστὸν

201 1845 302 1897 οἷα
331 1846 460 1899 Θεὸν
509 1844 854 1923 εὐφημοῦσι·
907 1848 1015 1898 τῶν
1076 1864 1139 1918 γε
1199 1845 1308 1916 μήν
1362 1843 1630 1916 ἀθεμίτων
1680 1844 1850 1920 ἔργων
1882 1885 1925 1948 Β

366 1934 376 1948 .
660 1934 683 1948 λ
786 1937 811 1946 .-
975 1932 988 1948 .
1197 1930 1249 1948 ,ς
1342 1932 1354 1948 .
1521 1939 1560 1948 ...
1607 1935 1620 1948 ,
1809 1933 1849 1948 ...

202 1934 513 1988 παντάπασι
587 1934 900 1989 καθεστᾶσιν
959 1932 1034 1994 ὡς
1110 1930 1463 2010 πορβωτέρω.
1521 1935 1745 1996 Τούτοις
1803 1933 1849 1989 δ’

203 2021 607 2077 ἑπεκλασθέντα
669 2027 786 2084 τοῖς
872 2021 1078 2092 ῥήμασι
1145 2023 1236 2077 τὸν
1316 2023 1596 2096 Τραϊανὸν,
1674 2019 1850 2100 δόγμα

202 2115 382 2168 Θεῖναι
419 2109 628 2166 τοιόνδε
661 2133 674 2146 ⁸
728 2108 798 2166 Τὸ
851 2115 1191 2184 Χριστιανῶν
1245 2112 1415 2187 φῦλον
1469 2113 1546 2185 μή
1595 2111 1848 2184 ἐκζητεῖ-

430 2201 445 2218 \
581 2198 595 2220 Ί
758 2200 772 2216 \
870 2196 912 2218 ἢκ
1102 2201 1112 2218 Ι
1431 2201 1476 2220 p9
1579 2205 1604 2216 α-

203 2204 330 2255 σθαι
390 2220 518 2274 μεν,
576 2219 810 2271 εμπεσον
866 2215 924 2254 οε
978 2198 1336 2268 κολαζεσθαι.
1409 2203 1698 2256 Καντευθιν
1759 2203 1844 2276 μὲ-

199 2309 362 2363 τριον
421 2291 515 2361 μὲν
571 2289 695 2344 ὅσον
749 2292 842 2343 τὸν
903 2285 1150 2362 διωγμὸν
1217 2287 1665 2364 ἀναχαιτισθῆναι
1700 2308 1711 2321 ⁸
1768 2293 1844 2364 μὴ

197 2380 435 2452 πάμπαν
467 2377 523 2432 δὲ
571 2377 661 2432 καὶ
698 2382 812 2438 τοῖς
859 2381 1175 2452 κακουργεῖν
1217 2377 1520 2453 ᾑρημένοις
1567 2379 1846 2454 ἀνεπιχεί-

201 2488 347 2541 ρητα
384 2468 449 2522 τὰ
496 2469 732 2540 ἠμὲνερα
780 2466 919 2521 εἶναι
965 2472 1084 2529 ταῖς
1130 2465 1348 2521 ἐκείνων
1390 2465 1734 2537 ἐπιϐουλαῖς,
1770 2477 1841 2539 πῆ

204 2558 304 2630 μὲν
364 2562 474 2611 τῶν
526 2554 718 2628 δήμων
768 2555 964 2626 αὐτῶν,
1014 2559 1090 2620 πῇ
1135 2553 1192 2610 δὲ
1237 2557 1328 2610 καὶ
1371 2555 1650 2632 ἀρχόντων
1710 2559 1847 2614 κατᾶ

197 2647 395 2722 χώρας
454 2648 588 2718 ἡμῖν
648 2643 1101 2722 ἐπεγειρομένων,
1162 2646 1236 2706 ὡς
1289 2645 1378 2698 καὶ
1427 2651 1717 2724 προφανῶς
1767 2651 1842 2721 μὴ

199 2735 706 2808 ἐπικηρυττομὲνου
771 2732 1066 2788 καθολικοῦ
1133 2731 1430 2807 διωγμοῦ*
1490 2735 1746 2809 μερικοῦς
1798 2735 1847 2790 δ’

199 2825 360 2896 ὅμως
391 2825 506 2878 κατ’
535 2823 803 2897 ἐπαρχίας
841 2825 1102 2877 κινεῖσθαί
1136 2844 1306 2893 τινας,
1357 2824 1430 2886 ὡς
1469 2825 1558 2878 καὶ
1598 2825 1844 2887 πολλοὺς

199 2914 446 2968 ἐνδτεῦθεν
505 2909 909 2967 ἀναδείκνυσθαι
970 2914 1265 2986 μάρτυρας.
1323 2916 1496 2967 Ταῦτα
1559 2912 1844 2984 Τερτυλιαο

196 3005 294 3065 νὸς
324 3005 530 3076 ἱστορεῖ
560 3003 613 3056 ἐν
643 3006 711 3076 τῇ
753 3005 879 3076 παρ’
928 3000 1092 3056 αἱ)τοῦ
1142 3001 1505 3078 συγγραφείσῃ
1553 3006 1839 3077 Ῥωμαϊκῇ

195 3091 502 3165 ἀπολογίᾳ,
563 3090 706 3146 οὕτω
765 3089 971 3161 διεξιών
1007 3107 1020 3121 °
1081 3115 1110 3142 «
1148 3089 1336 3146 Καίτοι
1387 3091 1690 3165 εὑρήκαμεν
1751 3092 1839 3146 καὶ

194 3183 302 3249 τῆν
331 3179 408 3242 εἷς
445 3182 594 3252 ἡμᾶς
639 3179 963 3249 ἐπιζήτησιν
1006 3179 1412 3250 κεκωλυμένην.
1467 3179 1689 3242 Πλίνιος
1737 3182 1838 3256 γὰρ

199 3267 503 3330 Σεκοῦνδος
535 3271 842 3344 ἡγούμενος
892 3267 1179 3344 ἐπαρχίας,
1230 3269 1556 3339 κατακρίνας
1588 3275 1844 3342 Χριστια-
1870 3248 1922 3316 c

196 3357 328 3420 νούς
373 3379 523 3418 τινας
582 3358 671 3410 καὶ
730 3361 828 3424 τῆς
887 3357 1034 3430 ἀξίας
1092 3352 1362 3427 ἐκϐαλὼν,
1419 3360 1713 3433 ταραχθετς
1764 3366 1843 3434 τῷ

198 3447 430 3514 πλήθει,
491 3443 575 3500 διὸ
631 3446 816 3522 ἠγνόει
863 3446 916 3500 τί
965 3445 1112 3516 αὐτῷ
1169 3447 1360 3500 λοιπὸν
1415 3445 1500 3514 εἴη
1559 3448 1845 3519 πρακτέον,

201 3539 453 3609 Τραϊανῷ
489 3539 568 3608 τῷ
625 3533 841 3608 βασιλεῖ
884 3535 1301 3602 ἀνεκοινώσατο,
1354 3533 1549 3610 λέγων,
1603 3533 1703 3607 ἔξω
1751 3542 1846 3593 τοῦ

210 3626 292 3696 μή
338 3621 626 3696 βούλεσθαι
676 3623 870 3684 αὐτοὺς
919 3621 1364 3698 εἷδωλολατρεῖν,
1417 3621 1585 3694 μηδὲν
1634 3626 1848 3681 ἀνόσιον

209 3713 265 3767 ἐν
299 3713 482 3773 αὐτοῖς
515 3713 818 3785 εὖρηκέναι.
873 3714 1109 3783 Ἐμήνυε
1155 3709 1213 3766 δὲ
1242 3718 1332 3766 καί
1376 3716 1538 3768 τοῦτο
1569 3734 1581 3748 ·
1621 3714 1846 3770 ἀνίστα-

209 3805 335 3854 σθαι
399 3797 563 3854 ἕωθεν
629 3801 754 3861 τοὺς
831 3801 1206 3872 Χριστιανοὺς,
1290 3801 1380 3854 καὶ
1456 3802 1548 3856 τὸν
1615 3804 1846 3876 Χριστὸν

206 3893 346 3943 Θεού
379 3886 532 3958 δίκην
567 3888 749 3960 ὑμνεῖν
775 3907 786 3920 ·
840 3889 930 3942 καὶ
977 3889 1114 3962 πρὸς
1158 3891 1219 3942 τὸ
1258 3890 1358 3958 τὴν
1411 3888 1719 3962 ἐπιστήμην
1755 3889 1850 3946 αὒ-

201 3983 316 4032 τῶν
379 3975 785 4053 διαφυλάσσειν,
841 3976 1148 4033 κωλύεσθαι
1221 3982 1484 4055 φονεύειν,
1544 3979 1848 4058 μοιχεύειν,

200 4067 575 4136 πλεονεκτεῖν,
607 4064 944 4140 ἀποστερεῖν,
976 4067 1068 4121 καὶ
1109 4068 1176 4121 τὰ
1221 4069 1436 4128 τούτοις
1487 4069 1674 4142 ὅμοια.
1708 4069 1848 4142 Πρὸς

197 4162 371 4210 ταῦτα
457 4156 750 4230 ἀντέγραψε
832 4157 1117 4231 Τραϊανὸς,
1179 4156 1242 4210 τὸ
1307 4161 1415 4210 τῶν
1506 4163 1843 4231 Χριστιανῶν

197 4241 374 4318 φῦλον
411 4245 486 4313 μή
521 4242 862 4312 ὲκζητεῖσθαι
897 4243 1015 4315 μὲν,
1059 4241 1292 4314 ἐμπεσὸν
1325 4239 1382 4297 δὲ
1430 4242 1778 4313 κολάζεσθαι.
1812 4271 1839 4300 ››

1960 598 2102 652 tiam
2139 600 2504 672 promulgare
2535 608 2674 658 sunt
2697 605 2884 660 ausi.»
2923 607 2990 661 Et
3022 606 3142 663 haec
3174 611 3411 680 quidem
3435 612 3612 686 Hege-

1962 687 2186 757 sippus.
2254 689 2368 744 Nos
2420 709 2584 760 porro
2651 693 2938 766 reliquum
3003 696 3237 767 Trajani
3290 700 3602 772 imperium

1963 773 2216 831 historiae
2249 777 2343 834 hic
2375 780 2822 852 subjungamus.

2549 887 2782 944 CAPUT
2823 889 3021 947 XVIII.

1962 971 2036 1028 De
2075 975 2454 1044 persecutione
2491 978 2588 1052 sub
2647 979 2896 1052 Trojano,
2951 986 3004 1034 et
3054 983 3216 1052 quale
3263 985 3497 1043 edictum
3553 991 3604 1045 is

2251 1055 2441 1102 contra
2474 1049 2818 1104 Christiano:
2844 1049 3292 1124 promulgaveril.

2035 1135 2362 1191 Persecutio
2393 1137 2570 1208 igitur
2602 1146 2727 1192 tum
2781 1141 2850 1194 ad
2885 1157 3180 1196 summum
3219 1153 3555 1213 pervenerat
3586 1167 3600 1205 :

1962 1227 2102 1280 adeo
2139 1229 2200 1278 ut
2247 1228 2417 1280 etiam
2471 1227 2696 1282 Plinius
2755 1231 3078 1296 Secundus,
3116 1233 3264 1288 inter
3295 1237 3601 1304 provinciis

1961 1319 2208 1370 rectores
2247 1317 2597 1386 praecipuus,
2649 1319 2804 1388 quod
2850 1325 3070 1374 tantam
3125 1328 3442 1394 martyrum
3477 1343 3604 1383 esse

1961 1403 2178 1458 videret
2237 1406 2694 1472 multitudinem,
2767 1408 2834 1462 ad
2900 1409 3300 1478 imperatorem
3352 1415 3602 1470 referen-

1959 1493 2124 1562 dum,
2151 1503 2204 1548 et
2255 1495 2485 1548 turbam
2521 1501 2740 1550 tantam
2799 1513 2996 1552 eorum
3059 1500 3157 1570 qui
3193 1518 3294 1571 pro
3326 1503 3437 1559 ﬁde
3466 1507 3600 1562 caesi

1959 1591 2176 1647 essent,
2209 1584 2256 1638 ei
2291 1585 2734 1654 signiﬁcandam
2768 1587 3016 1654 duxerit,
3038 1589 3138 1645 illo
3167 1592 3341 1646 etiam
3375 1593 3595 1662 addito,

1959 1688 2072 1728 non
2141 1673 2458 1743 quidquam
2507 1675 2734 1730 sceleris
2777 1681 2973 1732 contra
3033 1677 3190 1749 leges
3237 1681 3598 1739 Christianos

1958 1765 2339 1832 committere,
2401 1771 2782 1834 praeterquam
2833 1768 2983 1837 quod
3035 1785 3168 1824 cum
3224 1772 3410 1842 primo
3453 1775 3602 1830 dilu-

1957 1853 2086 1910 culo
2119 1861 2558 1925 consurgentes,
2603 1857 2901 1912 Christum
2945 1863 3222 1930 tanquam
3259 1866 3438 1918 Deum
3479 1865 3604 1918 lau-

1961 1943 2134 1998 dibus
2191 1943 2498 2008 celebrent,
2569 1962 2599 1999 a
2657 1945 2954 2000 sceleratis
3023 1950 3298 2004 omnibus
3361 1951 3598 2022 ﬂagitiis

1958 2032 2323 2088 alienissimi.
2385 2033 2604 2096 Quibus
2659 2033 2815 2087 verbi
2874 2035 3158 2103 Trajanus
3204 2037 3407 2106 ﬂexus,
3441 2041 3591 2096 241

1956 2121 2008 2176 ei
2048 2121 2340 2191 rescripsit
2391 2138 2404 2176 :
2447 2121 2902 2178 Christianorum
2937 2126 3172 2194 quidem
3204 2133 3438 2196 gentem
3481 2145 3596 2185 non

1955 2209 2363 2281 inquirendam
2432 2227 2580 2275 esse,
2638 2211 2862 2266 oblatos
2927 2229 3060 2268 vero
3121 2215 3315 2284 puniri
3365 2217 3598 2274 debere.

1955 2290 2200 2346 Proinde
2231 2291 2315 2346 vis
2372 2297 2429 2345 et
2479 2292 2802 2360 persecutio
2847 2309 2914 2347 ea
2959 2293 3327 2364 aliquatenus
3359 2299 3596 2366 quidem

1956 2379 2206 2434 cohibita
2253 2385 2363 2445 est,
2425 2397 2537 2434 non
2591 2389 2779 2436 tamen
2831 2398 2926 2436 res
2993 2382 3478 2450 Christianorum,
3527 2388 3601 2442 ab

1953 2470 2184 2526 insidiis
2233 2487 2432 2524 eorum
2485 2471 2586 2540 qui
2636 2471 2772 2525 illos
2839 2470 3091 2542 atI'Iigere
3142 2474 3600 2546 constituissent,

1954 2563 2092 2612 tutas
2127 2575 2364 2628 prorsus
2425 2560 2601 2613 fuere.
2664 2559 2889 2614 Alicubi
2939 2561 3093 2615 enim
3156 2562 3403 2634 populus
3449 2564 3595 2634 ipse.

1955 2647 2165 2703 alicubi
2199 2663 2330 2701 vero
2369 2655 2421 2700 et
2464 2647 2739 2717 praesides
2788 2647 3046 2703 locorum
3097 2656 3298 2704 contra
3348 2667 3453 2706 nos
3492 2652 3593 2707 in-

1953 2737 2284 2807 surgebant.
2315 2737 2382 2790 Et
2413 2736 2676 2806 quamvis
2709 2737 2933 2806 publice
2974 2739 3030 2792 in
3081 2738 3416 2794 universum
3463 2757 3598 2810 pero

1952 2826 2171 2881 secutio
2216 2827 2486 2879 mandata
2519 2831 2572 2880 et
2605 2826 2968 2896 promulgata
3001 2845 3114 2882 non
3147 2836 3320 2897 esset,
3351 2829 3594 2886 seorsim

1951 2917 2144 2968 tamen
2181 2929 2278 2982 per
2320 2913 2642 2982 provincias
2685 2930 2747 2967 ea
2778 2915 3170 2977 exercebatur,
3224 2921 3288 2970 ut
3317 2915 3400 2971 sic
3445 2933 3597 2986 quo-

1949 3016 2065 3070 que
2093 3001 2513 3070 quamplurimi
2565 3002 2764 3055 tierent
2797 3009 3092 3072 martyres.
3127 3004 3258 3058 Hec
3290 3004 3602 3060 Tertullia-

1949 3106 2062 3146 nus
2108 3089 2168 3144 in
2210 3089 2544 3144 defensione
2575 3107 2700 3154 sua,
2749 3107 2922 3161 quam
2959 3091 3215 3148 Romana
3241 3095 3592 3166 conscripsit

1949 3179 2167 3251 lingua,
2201 3185 2617 3234 commemorat
2666 3179 2824 3234 hisce
2855 3197 3032 3251 prope
3069 3182 3258 3238 verbis
3293 3199 3307 3238 :
3354 3203 3380 3234 α
3413 3184 3590 3255 Atqui

1955 3269 2282 3324 invenimus
2330 3268 2767 3338 inquisitionem
2809 3286 3043 3341 quoque
3091 3271 3150 3326 in
3185 3289 3290 3327 nos
3323 3272 3595 3344 prohibi-

1954 3362 2096 3413 tam.
2133 3357 2350 3412 Plinius
2380 3357 2536 3410 enim
2569 3358 2895 3426 Secundus,
2927 3375 3059 3414 cum
3087 3361 3441 3431 provinciam
3467 3377 3600 3432 rege

1955 3455 2060 3512 rel,
2092 3446 2382 3500 damnatis
2433 3445 2784 3514 quibusdam
2827 3447 3196 3515 Christianis,
3241 3449 3592 3518 quibusdam

1957 3536 2140 3607 gradu
2168 3535 2374 3604 pulsis,
2408 3535 2536 3604 ipsa
2580 3536 2816 3588 tandem
2880 3536 3252 3592 multitudine
3302 3539 3602 3606 perturba-

1957 3631 2075 3692 tus,
2131 3636 2178 3679 et
2217 3625 2355 3695 quid
2390 3625 2460 3678 de
2494 3629 2698 3678 caetero
2761 3631 2957 3694 ageret
3004 3627 3264 3692 nescius,
3311 3626 3613 3681 consuluit

1957 3721 2097 3771 tunc
2173 3715 2485 3784 Trajanqu
2574 3717 3002 3784 imperatorem,
3061 3715 3340 3786 allegans,
3403 3725 3620 3786 praeter-

1959 3805 2409 3862 obstinationem
2472 3819 2582 3857 non
2642 3803 3026 3866 sacrificandi,
3061 3804 3206 3858 nihil
3237 3821 3300 3860 se
3337 3804 3599 3860 scelerati

1959 3897 2030 3950 de
2087 3894 2170 3948 eis
2222 3891 2567 3959 comperisse
2613 3909 2626 3958 ;
2678 3893 2984 3946 insinuans
3029 3909 3260 3962 quoque
3320 3898 3376 3947 et
3432 3893 3596 3958 illud,

1959 3999 2197 4054 surgere
2252 3986 2426 4052 atque
2481 3981 2786 4035 convenire
2842 3997 3065 4034 Summo
3117 3997 3283 4035 mane
3329 3981 3610 4036 Christia-

1961 4089 2089 4140 nos,
2120 4077 2172 4126 et
2203 4070 2497 4126 Christum
2548 4075 2825 4140 tanquam
2859 4069 3038 4124 Deum
3082 4070 3442 4124 carminibus
3475 4069 3606 4123 Iau-

1953 4163 2108 4227 dare,
2169 4165 2225 4215 et
2286 4160 2356 4214 ad
2425 4160 2881 4214 conservandam
2943 4173 3144 4213 eorum
3211 4157 3602 4226 disciplinam,

1953 4249 2358 4313 homicidium,
2419 4249 2794 4312 adulterium,
2857 4248 3142 4313 fraudem,
3190 4247 3520 4318 perfidiam,
3552 4252 3614 4303 et.

194 4339 408 4388 cetera
476 4334 693 4388 scelera
753 4334 1074 4404 prohibere.
1133 4337 1218 4389 Ab
1277 4351 1404 4404 quae
1471 4335 1755 4404 Traianus
1813 4341 2126 4413 rescripsit,
2194 4338 2552 4394 Christianos
2611 4337 2992 4408 inquirendos
3053 4353 3168 4392 non
3247 4352 3396 4402 esse,
3442 4337 3602 4393 obla.

194 4437 290 4478 tos
319 4430 514 4478 autem
551 4424 897 4492 puniendos.
937 4446 962 4472 ι)

807 4536 1076 4588 ΚΕΦΑᾹ.
1121 4534 1237 4588 ΙΗ’.

189 4620 730 4694 Μαρτύριονίτοῢ
763 4619 956 4692 ἀγίου
989 4617 1374 4694 Κλήμεντος
1407 4621 1696 4694 ⁴ξ’ώμης,
1730 4621 1834 4676 καί

448 4693 759 4765 περὶτῶν
796 4691 1351 4768 συγγραμμάτων
1381 4691 1613 4750 αὐτοῦ,

270 4783 403 4838 Κατ’
459 4779 630 4834 ἐκεῖνο
707 4778 763 4834 δὲ
835 4784 1028 4852 καιροῦ
1093 4779 1170 4834 ἔτι
1246 4778 1481 4850 Κλήμης
1541 4780 1592 4834 ἔν
1651 4781 1839 4857 Ῥώμῃ

189 4869 500 4944 διέπρεπεο
562 4871 699 4941 πρὸς
756 4866 814 4924 δὲ
887 4871 976 4923 καὶ
1054 4870 1314 4942 Ἰγνάτιος
1379 4871 1479 4938 τήν
1553 4870 1841 4946 Ἀντιόχου

189 4958 418 5014 διεῖπε·
481 4957 692 5020 Παπίας
743 4979 800 5012 τε
856 4958 923 5026 ἧν
978 4957 1029 5011 ἐν
1085 4957 1387 5032 Ἱεραπόλει
1466 4959 1787 5033 συγγράφων
1823 4977 1836 4990 ⁶

191 5053 540 5128 Πιγκρατιός
615 5072 672 5106 τε
749 5052 838 5105 καὶ
917 5052 944 5104 ὁ
1016 5052 1115 5116 τῆς
1177 5050 1500 5124 Σμυρναίων
1573 5047 1839 5126 πρόεδρος

192 5140 561 5215 Πολύκαρπος
585 5160 597 5173 °
637 5141 710 5195 ὧν
745 5140 796 5194 οἱ
832 5141 924 5212 μὲν
981 5141 1207 5214 Πέτρου,
1257 5137 1616 5212 Πολύκαρπος
1658 5137 1716 5194 δὲ
1743 5145 1841 5195 τοῦ

187 5229 517 5300 ἒπιστηθίου
573 5230 710 5298 ἦσαν
767 5228 1058 5300 ὁμιληταί.
1118 5230 1331 5285 Τούτων
1383 5230 1410 5282 ὁ
1458 5228 1554 5302 μὲν
1598 5227 1840 5302 Κλήμης

186 5321 467 5391 Ῥωμαῖος
526 5317 722 5373 ἄνωθεν
780 5319 870 5386 ἦν,
916 5319 1005 5372 καὶ
1053 5322 1121 5389 τῇ
1175 5317 1435 5390 βασιλικῇ
1486 5316 1636 5392 φυλῇ
1702 5319 1842 5374 κατά

184 5409 345 5482 γὲιος
371 5411 690 5481 προσήκων,
739 5405 992 5461 Φαύστου
1041 5408 1189 5466 τινὸς
1218 5407 1309 5459 καὶ
1359 5402 1657 5470 Ματθιδίας
1701 5407 1836 5478 υἱὸς,

183 5499 424 5568 παντοίᾳ
470 5495 528 5552 δὲ
567 5493 788 5567 παιδείᾳ
839 5492 1144 5567 Ἑλληνικῇ
1204 5494 1543 5572 συντραφεὶς,
1594 5496 1686 5549 καὶ
1733 5503 1840 5552 πᾶ-

261 5689 311 5762 (1
323 5686 484 5761 )ξΑ1ἱὶ
513 5685 1005 5758 babentff‘Faustin
1017 5685 1055 5738 I.

2555 4535 2784 4592 CAPUT
2813 4535 3003 4592 XVIII.

1950 4627 2275 4698 Martyrium
2307 4625 2482 4682 sancti
2541 4625 2859 4708 Clemenatis
2893 4627 3153 4694 Romani,
3211 4633 3268 4678 et
3323 4623 3390 4678 de
3442 4622 3602 4678 libris

2719 4713 2854 4767 ejus.

2025 4788 2100 4843 Eo
2149 4790 2407 4857 tempore
2475 4786 2665 4841 adhuc
2715 4790 2902 4841 Romae
2953 4785 3216 4840 Clemens
3263 4781 3494 4848 enituit,
3545 4784 3603 4837 et

1953 4875 2210 4944 Ignatins
2243 4875 2555 4930 Ecclesiam
2589 4876 3006 4930 Antiochenam
3043 4875 3206 4926 rexit.
3256 4871 3458 4941 Papias
3490 4889 3597 4926 au-

1948 4970 2068 5021 tem
2104 4965 2389 5036 Hierapoli
2433 4965 2664 5036 scriptis
2694 4964 2933 5020 edendis
2959 4977 3188 5028 cperam
3223 4960 3406 5016 dedit.
3444 4961 3606 5016 Vixit

1950 5055 2126 5109 etiam
2179 5053 2538 5119 Pancratius,
2597 5058 2652 5107 et
2697 5051 3110 5123 Smynensium
3145 5051 3396 5105 antistes
3429 5049 3606 5120 Poly-

1949 5159 2164 5214 carpus
2207 5159 2219 5196 :
2269 5159 2511 5213 quorum
2564 5143 2645 5198 illi
2697 5141 2932 5213 quidem
2976 5139 3128 5194 Petri
3158 5139 3454 5208 discipuli,
3501 5139 3604 5194 Po-

1947 5232 2221 5306 lycarpus
2261 5237 2450 5288 autem
2518 5233 2647 5301 ejus
2693 5230 2786 5299 qui
2859 5245 3038 5299 supra
3097 5235 3294 5298 peetus
3369 5227 3600 5284 Domini

1949 5323 2238 5390 recubuit,
2283 5325 2534 5376 sectator
2581 5320 2710 5374 fuit.
2765 5318 3027 5374 Clemens
3069 5334 3240 5388 porro
3291 5316 3482 5373 Romae
3535 5316 3594 5371 il-

1949 5411 2114 5467 lustri
2160 5409 2284 5465 loco
2333 5415 2529 5471 natus,
2576 5423 2874 5479 genusque
2903 5423 3077 5460 suum
3111 5407 3178 5460 ad
3215 5406 3597 5479 imperatores

1947 5504 2241 5556 Romanos
2294 5499 2566 5558 referens,
2629 5497 2826 5552 Fausti
2871 5496 2948 5568 (t)
2997 5495 3297 5566 cujusdam
3341 5501 3399 5551 et
3448 5495 3597 5552 Mat-

3492 393 3612 454 930
3683 383 3690 394 ’
