4016 6206
431 336 546 397 931

1725 331 2149 397 NICEPHORI
2193 335 2538 397 CALLlSTI

3719 331 3820 392 932

433 468 638 526 thidite
669 467 844 536 ﬁlius,
869 465 1044 522 variis
1075 466 1396 521 Graecorum
1429 463 1754 536 disciplinis
1785 467 2077 534 eruditus,

2194 487 2282 522 σαν
2329 467 2428 534 τήν
2467 469 2573 520 τῶν
2623 459 2792 519 ὄντων
2847 469 3046 537 γνῶσιν
3099 463 3174 526 εἷς
3209 463 3370 536 ἄκρον
3431 461 3696 533 ἆσκήσας,
3747 463 3820 516 καὶ

435 564 606 628 atque
641 559 695 612 in
751 556 909 612 omni
967 571 1176 626 genere
1205 554 1574 610 scientiarum
1609 571 1834 610 summe
1860 557 2077 614 exerci-

431 654 616 715 tatus,
649 645 1040 718 apostolorum
1091 644 1369 715 principis
1403 644 1704 700 familiaris
1737 647 1863 713 fuit,
1907 649 2074 704 sicuti

437 745 607 795 antea
631 755 662 790 a
695 753 784 790 me
816 737 1036 790 dictum
1068 739 1157 788 est
1189 751 1201 788 :
1238 751 1271 788 a
1301 750 1414 805 quo
1446 751 1656 790 arcana
1687 735 2080 797 Christisacra

433 829 691 892 edoctus,
745 824 1118 894 Evangelium
1169 823 1572 894 promulgavit.
1617 823 1758 880 Cum
1793 827 1944 882 248
1978 845 2082 883 au-

433 921 550 972 tem
590 917 868 983 imperata
923 913 1157 983 Trajani
1213 929 1328 967 non
1379 914 1610 981 faceret,
1659 913 1716 968 in
1787 917 2080 974 civitatem

434 1005 746 1078 quamdam
805 1005 1112 1058 obscuram
1184 1006 1242 1058 et
1299 1002 1613 1057 desolatam
1673 1003 1950 1061 Chersoni
1999 1009 2078 1077 (1)

433 1097 682 1152 vicinam
725 1097 813 1148 est
858 1092 1136 1163 relegatus
1169 1092 1284 1162 (2);
1321 1090 1638 1163 multisque
1684 1095 1918 1150 casibus
1953 1114 2078 1166 pro-

440 1191 568 1260 pter
597 1181 806 1238 Christi
832 1181 1252 1238 confessionem
1282 1181 1658 1251 conﬂictatus,
1703 1184 1930 1240 tande
1973 1203 2078 1242 an-

440 1291 570 1331 cora
603 1275 786 1328 ferrea
831 1288 862 1326 e
910 1271 1056 1326 collo
1087 1271 1212 1342 ejus
1245 1287 1546 1341 suspensa,
1599 1272 1656 1326 in
1689 1273 1868 1328 altum
1923 1291 2080 1330 mare

438 1362 760 1436 projicitur.
825 1361 904 1416 De
959 1377 1068 1429 quo
1154 1377 1328 1430 supra
1385 1361 1718 1429 opinionem
1781 1363 2079 1432 praesentis

433 1451 724 1509 memoria:
759 1451 1037 1523 quiddam
1089 1449 1319 1506 accidit.
1353 1449 1646 1519 Siquidem
1697 1451 1844 1506 mari
1877 1453 2080 1507 diebus

432 1547 654 1614 septem
685 1541 758 1596 ad
819 1540 930 1596 tria
984 1537 1166 1594 millia
1223 1554 1503 1610 passuum
1559 1540 1764 1608 diviso,
1817 1541 1982 1597 mluti
2015 1559 2080 1598 eo

433 1639 596 1698 eunt,
648 1639 701 1685 et
759 1629 1028 1701 martyris
1103 1645 1314 1700 corpus
1387 1629 1818 1698 exosculantur,
1877 1633 2080 1704 templo

441 1721 634 1779 divina
663 1719 870 1776 virtute
901 1719 1166 1776 excitato.
1198 1719 1268 1772 Et
1307 1735 1437 1773 cum
1472 1720 1786 1790 aliquando
1827 1737 1984 1777 mare
2019 1727 2082 1778 ut

437 1812 668 1879 assolet,
702 1809 954 1864 divisum
1013 1813 1187 1872 esset,
1222 1807 1586 1878 populusque
1617 1813 1772 1863 stata
1803 1811 1882 1864 ibi
1914 1827 2080 1866 sacra

443 1901 782 1972 peregisset,
835 1905 1011 1968 atque
1055 1896 1190 1952 inde
1249 1913 1449 1950 rursus
1503 1903 1900 1966 reverteretur,
1959 1916 2084 1955 eve-

439 1989 548 2054 nit,
582 1995 644 2042 ut
689 2005 790 2060 per
847 1993 1152 2058 parentum
1208 1985 1554 2042 oblivionem
1603 1987 1722 2041 illic
1775 2005 1916 2058 puer
1947 1990 2083 2058 qui-

439 2079 570 2134 dam
608 2077 1048 2148 relinqueretur.
1098 2076 1284 2144 Atque
1318 2075 1414 2128 ubi
1447 2091 1604 2130 mare
1643 2075 1701 2130 in
1732 2091 1858 2130 sese
1891 2078 2079 2146 rediit,

438 2183 582 2239 puer
612 2165 858 2220 tenellus
888 2164 1206 2220 etiamnum
1241 2163 1414 2218 undis
1444 2169 1532 2219 est
1565 2165 1827 2221 obrutus.
1863 2167 2080 2223 Deinde

438 2271 572 2311 cum
607 2271 842 2309 rursum
889 2253 1101 2307 ﬂuctus
1153 2254 1551 2321 recessissent,
1589 2261 1854 2324 parentes
1895 2273 1960 2310 eo
1992 2273 2085 2312 ac-

439 2360 686 2412 cessere,
745 2348 803 2398 et
857 2341 1111 2412 puellum
1165 2339 1388 2396 salvum
1450 2347 1507 2398 et
1579 2343 1832 2400 validum
1890 2345 2080 2403 loculo

443 2433 626 2490 sancti
679 2432 954 2500 martyris
981 2431 1334 2485 assidentem
1369 2439 1720 2501 repererunt.
1757 2437 1878 2501 Qua
1907 2453 1968 2491 re
1997 2453 2082 2492 co-

434 2523 618 2596 gnita,
687 2519 1116 2588 intellexerunt,
1175 2535 1308 2574 eum
1369 2535 1468 2588 per
1523 2519 1946 2580 inhabitantem
1997 2524 2078 2580 ibi

433 2613 680 2684 gratiam
715 2611 924 2677 totum,
955 2615 1012 2664 et
1040 2609 1188 2664 citra
1219 2615 1642 2665 nocumeutum
1675 2629 1706 2665 a
1739 2613 1873 2668 feris
1899 2617 2076 2668 mari-

435 2702 528 2757 nis
558 2709 960 2756 consveratum
993 2713 1138 2753 esse.
1173 2699 1538 2769 Quapropter
1567 2701 1866 2772 Apostolo,
1901 2721 2076 2774 quem

439 2789 629 2848 decuit
690 2799 860 2856 atque
889 2788 1164 2860 oportuit,
1201 2787 1418 2842 honore
1473 2788 1692 2854 habito,
1735 2807 1866 2845 cum
1905 2809 2078 2864 puero

439 2895 546 2935 suo
604 2879 840 2934 domum
875 2881 1014 2932 sunt
1063 2875 1295 2932 reversi.
1330 2877 1406 2931 De
1445 2877 1738 2934 Clemente
1773 2881 1878 2936 hoc
1909 2889 2079 2938 antea

439 2983 666 3040 quoque
697 2967 968 3022 diximus.
1003 2965 1320 3037 Epistolam
1363 2965 1538 3032 hujus
1571 2969 1804 3024 nomine
1835 2971 2076 3042 editam,

438 3073 714 3129 magnam
746 3061 802 3112 et
833 3054 1250 3121 admirandam,
1273 3057 1556 3110 Eusebius
1591 3056 1872 3128 Pamphili
1909 3061 2079 3116 attin-

437 3149 522 3220 git
555 3163 569 3202 :
603 3163 776 3218 quam
815 3145 1086 3201 Romana
1143 3144 1410 3199 Ecclesiae
1459 3147 1694 3202 nomine
1733 3147 2071 3215 Corinthiis,

437 3252 570 3292 cum
603 3235 754 3306 apud
789 3250 884 3290 eos
929 3242 1048 3288 tum
1081 3233 1284 3288 seditio
1313 3238 1481 3298 esset,
1519 3235 1754 3306 scripsit

435 3324 756 3396 antiquitus
811 3331 866 3379 et
927 3339 1033 3378 suo
1091 3331 1348 3392 tempore
1425 3324 1654 3394 publice
1711 3327 1768 3380 in
1823 3329 2082 3384 Ecclesia

440 3416 646 3470 lectam
695 3413 854 3478 dicit,
913 3413 972 3467 in
1031 3427 1146 3482 qua
1205 3410 1400 3467 multis
1459 3414 1766 3469 sententiis
1812 3415 2081 3484 Epistolis

441 3503 604 3560 Pauli
635 3500 880 3576 apostoli
919 3502 990 3556 ad
1041 3501 1304 3556 Hebraeos
1337 3501 1535 3556 utitur.
1571 3503 1699 3558 Fuit
1737 3509 1793 3560 et
1823 3507 1936 3561 alia
1971 3509 2080 3562 sub

443 3594 622 3664 hujus
665 3591 900 3648 nomine
943 3590 1207 3661 epistola,
1241 3589 1417 3661 priori
1449 3590 1617 3664 longe
1659 3593 1870 3664 impar,
1905 3612 2080 3666 quam

444 3689 665 3738 veteres
715 3681 1036 3750 ignorasse,
1097 3679 1246 3734 idem
1309 3681 1596 3736 Eusebius
1665 3684 1870 3739 scribit
1918 3700 1931 3740 :
1985 3687 2080 3756 qui

441 3787 609 3844 porro
640 3773 696 3824 ct
723 3769 930 3839 exigua
979 3769 1106 3836 ejus
1157 3769 1390 3838 scripta,
1441 3785 1564 3838 que
1615 3769 1760 3827 Petri
1791 3777 1848 3827 et
1875 3775 2086 3844 Appio-

443 3860 537 3916 nis
585 3873 714 3914 esse
762 3859 839 3912 ait
891 3857 1208 3926 dialogum,
1254 3859 1518 3928 reprobat
1568 3875 1582 3914 :
1627 3877 1756 3932 quas
1805 3861 2081 3918 nimirum

441 3951 722 4006 sinceram
781 3953 1108 4018 certamque
1165 3947 1493 4017 apostolica
1551 3951 1910 4006 orthodoxim
1977 3955 2087 4008 for-

445 4053 600 4091 mam
651 4036 896 4090 retinere
927 4039 1118 4105 negat.
1164 4035 1275 4104 Ego
1319 4051 1452 4090 vero
1508 4035 1610 4104 illi,
1647 4039 1693 4092 si
1729 4041 1799 4093 de
1829 4040 1912 4093 eis
1959 4057 2082 4110 quae

447 4137 604 4180 nunc
633 4124 786 4194 apud
837 4139 942 4176 nos
998 4122 1360 4178 Clementina
1408 4125 1702 4192 dicuntur,
1737 4127 1932 4193 sentit,
1967 4145 2082 4184 non

443 4213 730 4267 assentior
761 4235 777 4279 ς
810 4227 878 4266 ea
906 4210 1061 4266 enim
1105 4212 1372 4266 Ecclesia:
1413 4221 1642 4283 recepta
1672 4223 1824 4270 sunt.
1865 4217 1922 4270 Si
1953 4233 2083 4274 vero

447 4305 720 4373 preterea
777 4299 972 4368 aliqua
1031 4299 1146 4353 sint
1205 4299 1338 4364 alia,
1398 4301 1544 4355 nihil
1604 4303 1878 4370 refragor.
1919 4309 2084 4361 Hunc

443 4395 638 4446 autem
682 4391 740 4442 et
787 4387 1236 4455 apostolicarum
1277 4389 1785 4462 constitutionum,
1817 4400 1870 4448 et
1897 4409 2082 4450 sacro-

442 4493 576 4533 rum
630 4491 863 4547 quoque
931 4491 1219 4531 canonum
1273 4477 1556 4550 ipsorum,
1606 4489 1902 4538 auctorem
1960 4501 2086 4540 esse

2117 1848 2162 1912 Β

1802 3254 1816 3292 2
1859 3255 1984 3294 eam
2019 3212 2074 3295 et
2105 3212 2146 3277 Ο

2191 561 2270 628 τῷ
2302 555 2584 633 κορυφαίῳ
2632 559 2739 610 τῶν
2791 551 3115 608 ἀποστόλων
3161 553 3494 628 περιτυχὼν,
3547 555 3694 626 ᾗπερ
3747 573 3824 624 μοι

2189 646 2426 722 εἴρηται,
2471 650 2560 700 καί
2607 647 2669 698 τὸ
2725 645 2859 698 κατὰ
2915 643 3146 718 Φριστὸν
3211 645 3516 716 μυστήριον
3581 645 3822 716 μηηθεές,

2187 735 2442 810 κηρύττει
2483 735 2548 790 τὸ
2595 733 2926 808 Εὖαγγὲλιον
2981 734 3244 788 Ἀπειθῶν
3271 729 3315 786 δ’
3347 731 3438 786 οὖν
3483 738 3604 792 τοῖς
3657 731 3825 786 ἐντελ-

2191 824 2448 898 λομένοις
2508 827 2775 896 Τραϊανῷ,
2839 822 3128 897 ὑπερόριος
3187 821 3246 876 ἐκ
3303 821 3524 894 Ῥώμης
3583 820 3660 884 ε’ίς
3723 843 3826 876 τινα

2187 913 2352 970 πόλιν
2395 919 2463 988 τῇ
2517 918 2756 986 Χερσῶνι
2805 911 3210 985 παρακειμένην
3261 908 3466 985 ἔρημον
3501 914 3700 980 πάντη
3749 912 3824 966 καὶ

2189 1005 2486 1080 αὐχμηρὰν
2523 1003 2744 1078 γίνεται.
2803 1001 3050 1062 Πολλοῖς
3099 999 3156 1055 δὲ
3205 998 3403 1062 δεινοῖς
3459 999 3550 1054 δια
3611 1003 3717 1070 τὴν
3765 999 3828 1062 εἷς

2189 1093 2415 1166 Χριστὸν
2481 1089 2784 1164 ὁμολογίαν
2835 1089 3144 1162 ὡμιληκὼς
3195 1087 3436 1164 ὕστερον,
3487 1088 3706 1164 ἀγκύρᾳ
3757 1109 3825 1142 σι-

2191 1182 2331 1255 δηρᾷ
2367 1185 2462 1236 τοῦ
2510 1180 2800 1255 τραχήλου
2847 1179 3222 1254 ἐξαρτηθείσῃ,
3279 1183 3358 1250 τῷ
3407 1185 3510 1246 τῆς
3559 1177 3828 1246 θαλάσσης

2193 1273 2342 1347 βυθῷ
2403 1269 2818 1348 ἀποῤῥίπτεται.
2881 1267 3190 1343 Παράδοξον
3239 1267 3296 1324 δὲ
3351 1290 3404 1323 τι
3454 1273 3556 1332 τῆς
3613 1271 3826 1340 μνήμης

2189 1362 2540 1436 ἐνισταμένης
2599 1361 2748 1432 αὐτῷ
2804 1359 3122 1434 ἐπιγίνεται.
3173 1359 3296 1418 Ἐπῖ
3355 1359 3456 1434 γαρ
3501 1359 3631 1433 τρία
3685 1359 3828 1430 μίλια

2188 1455 2286 1518 τῆς
2339 1450 2614 1521 θαλάττης
2667 1447 3052 1524 διαιρουμένης
3085 1449 3162 1526 ἐφ’
3196 1447 3428 1524 ἡμέραις
3479 1450 3640 1518 ἑπτὰ,
3675 1469 3827 1522 προσ-

2195 1540 2334 1596 ίασιν
2367 1541 2417 1595 οἱ
2467 1539 2856 1613 ἐπιφοιτῶντες
2881 1559 2894 1572 υ
2939 1538 3030 1593 καί
3065 1541 3128 1594 τὸ
3170 1546 3371 1608 σκῆνος
3412 1543 3510 1594 τοῦ
3569 1537 3831 1612 μάρτυρος

2190 1631 2650 1700 κατασπάζονται,
2713 1631 2820 1683 νεώ
2895 1627 3065 1684 ἐκεῖσε
3139 1629 3258 1700 θείᾳ
3313 1625 3544 1699 δυνάμει
3619 1627 3828 1702 ἀνεγερ-

2191 1721 2390 1782 θέντος.
2439 1721 2537 1774 Καί
2573 1739 2704 1773 ποτε
2739 1715 2796 1772 δὲ
2841 1724 2942 1786 τῆς
2992 1716 3272 1786 θαλάσσης
3323 1719 3410 1772 οἷα
3461 1715 3582 1780 ἔθος
3641 1715 3830 1792 διαιρε-

2193 1809 2402 1880 θείσης,
2447 1810 2538 1864 καὶ
2594 1812 2690 1864 τοῦ
2748 1807 2883 1863 λαοῦ
2938 1807 3006 1862 τὰ
3060 1808 3292 1862 εἰωθότα
3345 1808 3698 1880 τελέσαντος,
3749 1809 3826 1862 καὶ

2191 1897 2344 1960 αὖθις
2407 1899 2913 1976 ὑποχωρήσαντος,
2981 1895 3200 1952 παιδίον
3275 1899 3413 1952 κατὰ
3490 1896 3674 1968 λήθην
3733 1903 3824 1951 τῶν

2191 1989 2456 2042 τεκόντων
2527 1986 2698 2041 ἐκεῖσε
2765 1984 2832 2048 δὴ
2901 1985 3358 2062 ἐναπολειφθῆναι
3445 1984 3662 2060 ἐγένετο
3705 2005 3718 2020 ·
3779 1985 3824 2047 ἐς

2191 2077 2356 2132 ταυτὸ
2385 2075 2442 2131 δὲ
2482 2083 2580 2144 τῆς
2631 2075 2906 2145 θαλάσσης
2959 2073 3249 2146 ἐλθούσης,
3293 2075 3382 2130 τὸν
3429 2074 3600 2130 παῖδα
3647 2079 3824 2146 νήπιον

2195 2165 2324 2222 ὅντα
2366 2164 2706 2242 καλυφθῆναι
2753 2170 2870 2228 τοῖς
2917 2163 3153 2238 κύμασιν
3187 2182 3203 2196 ⁵
3251 2163 3520 2220 είσέπειτα
3551 2161 3602 2218 δ’
3633 2163 3828 2226 ἐσαῦθις

2191 2256 2688 2332 ἀνακεχωρηκότος
2743 2259 2840 2312 τοῦ
2894 2255 3160 2329 κύματος,
3205 2255 3331 2314 τοὺς
3377 2261 3554 2328 γονεῖς
3607 2254 3826 2328 προσελο

2191 2347 2402 2407 θόντας.
2457 2345 2631 2420 εὑρεῖν
2693 2347 2844 2422 ὑγιὲς
2893 2347 2956 2400 τὸ
3008 2343 3223 2400 παιδίον
3277 2345 3370 2400 καὶ
3429 2345 3712 2420 εὐτραφὲς.
3765 2349 3824 2414 τῇ

2189 2439 2286 2490 τοῦ
2351 2434 2511 2512 ἁγίου
2569 2437 3026 2509 παρακαθήμενον
3083 2435 3330 2509 λάρνακι.
3391 2435 3464 2490 Οὗ
3539 2431 3608 2504 δή
3667 2455 3826 2490 πεπυ-

2190 2525 2378 2599 σμένοι
2431 2525 2754 2597 ἐμάνθανον,
2783 2525 2844 2580 ἐκ
2882 2530 2983 2592 τῆς
3028 2529 3126 2581 τοῦ
3175 2525 3574 2596 παρακειμένου
3627 2523 3826 2598 διατρέ-

2190 2617 2376 2696 φεσθαι
2411 2619 2662 2690 χάριτος,
2693 2614 2782 2670 καὶ
2821 2621 2920 2684 τῆς
2961 2619 3072 2669 τῶν
3117 2613 3352 2669 ἓναλίων
3403 2614 3612 2687 θηρίων
3657 2613 3830 2684 διατη-

2191 2707 2398 2781 ρεῖσθαι
2450 2703 2634 2779 λύμης
2691 2705 2962 2780 ἀνώτερον
2991 2725 3006 2738 ⁸
3055 2702 3108 2759 ο⁶ί
3163 2705 3256 2760 καὶ
3309 2709 3390 2776 τῷ
3439 2704 3730 2776 ἀποστὸλῳ
3773 2705 3828 2757 τὸ

2189 2795 2336 2858 είκὸς
2406 2797 2873 2868 ἀφοσιωσάμενοι,
2953 2795 3086 2867 μετᾶ
3159 2799 3258 2850 τοῦ
3331 2795 3590 2870 σφετέρου
3649 2791 3829 2854 παιδὸς

2189 2885 2326 2956 πρὸς
2355 2883 2420 2938 τὰ
2452 2884 2625 2940 οἰκεῖα
2667 2883 2960 2957 ἐπανῄεσαν
3015 2884 3148 2952 ἢθη.
3201 2883 3330 2955 Περὶ
3366 2886 3464 2956 μὶν
3498 2881 3594 2938 οὖν
3643 2883 3828 2940 τούτου

2187 2973 2278 3028 καὶ
2335 2971 2537 3027 ἄνωθεν
2601 2967 2952 3043 διελάῦομεν,
3010 2970 3492 3047 Ὀμολογουμένην
3569 2975 3666 3044 μὲν
3747 2970 3832 3026 οὖν

2187 3063 2392 3121 τούτου
2441 3061 2738 3132 ἐπιστολήν
2779 3058 3040 3124 Εὖσέϐιος
3086 3063 3294 3138 ἱστορεῖ
3323 3065 3350 3118 ὁ
3383 3064 3700 3143 Παμφίλου,
3743 3085 3832 3138 με·

2187 3153 2364 3230 γσὶλην
2395 3175 2454 3208 τε
2483 3155 2572 3208 καὶ
2605 3153 2753 3222 ἀξίαν
2785 3151 3003 3208 πολλοῦ
3035 3152 3312 3224 θαύματος
3333 3169 3348 3184 ⁸
3381 3155 3443 3222 ἢν
3477 3155 3552 3215 ὡς
3585 3154 3690 3209 ἀπὸ
3737 3157 3828 3220 τῆς

2182 3241 2469 3314 Ῥωμαίων
2517 3241 2840 3305 Ἐκκλησίας
2895 3239 3206 3312 Κορινθίοις
3255 3236 3643 3311 διαπέμπεται,
3703 3241 3828 3294 στεί-

2193 3353 2328 3393 σεως
2361 3331 2530 3386 ἐκεῖσε
2569 3328 2826 3400 τηνικάδε
2874 3331 3268 3404 γεγενημένης.
3315 3329 3526 3399 Ταύτην
3579 3329 3634 3384 δὲ
3684 3331 3826 3405 λέγει

2191 3423 2276 3476 καὶ
2321 3415 2555 3476 ἔκπαλαι
2599 3421 2688 3474 καὶ
2735 3419 2816 3473 ἐπ’
2865 3420 3032 3474 αὐτοῦ
3083 3419 3171 3474 ἐπὶ
3219 3423 3299 3491 τῷ
3343 3418 3515 3492 κοινῷ
3557 3427 3660 3488 τῆς
3707 3421 3828 3476 Ἐκ-

2193 3508 2426 3578 κλησίας
2469 3507 2940 3582 δημοσιενομένην
2993 3508 3126 3563 εἶναι
3155 3529 3166 3541 ·
3203 3507 3254 3563 ἐν
3349 3509 3441 3562 καὶ
3491 3507 3676 3564 πολλᾶ
3705 3511 3830 3578 νοή-

2203 3623 2346 3676 ματα
2375 3601 2434 3656 ἐκ
2464 3609 2564 3670 τῆς
2613 3602 2751 3674 πρὸς
2803 3595 3088 3673 Ἑϐραίους
3133 3603 3231 3654 τοῦ
3273 3598 3586 3653 ἀποστόλου
3621 3599 3830 3654 Παῦλον

2193 3695 2400 3766 χρῆται
2435 3687 2752 3758 ἐπιστολῆς.
2807 3691 2905 3744 Καὶ
2955 3687 3100 3757 ἄλλη
3135 3686 3192 3744 δέ
3242 3687 3409 3743 αὐτοῦ
3451 3687 3666 3764 φέρεται
3717 3689 3830 3743 ἐπι-

2195 3781 2364 3850 στολὴ
2396 3787 2496 3850 τῆς
2529 3779 2791 3854 προτέρας
2825 3781 2962 3835 κατᾶ
2991 3778 3134 3834 πολὺ
3185 3778 3507 3848 ἁποὸἐοτσα,
3557 3781 3682 3852 περὶ
3713 3779 3830 3848 ἧςὸ

2196 3871 2356 3932 αύτός
2399 3891 2561 3944 φησιν
2615 3865 2896 3936 Εὐσέϐιος,
2947 3869 3022 3941 μὴ
3057 3867 3109 3922 ἐν
3139 3867 3416 3940 ἐπιστήμῃ
3459 3869 3662 3937 ταύτης
3711 3867 3830 3927 τούς

2196 3959 2457 4034 ἀρχαίονς
2516 3957 2674 4013 εἶναι.
2739 3957 3154 4034 [Ιαραγρᾶφεται
3215 3953 3260 4010 δ’
3309 3957 3336 4011 ὁ
3397 3955 3697 4031 Παμφίλου
3745 3957 3828 4010 καῖ

2193 4051 2258 4102 τὰ
2320 4048 2487 4122 μικρὰ
2537 4047 2732 4102 τούτου
2781 4065 3216 4122 συγγραμματα·
3245 4045 3440 4124 ἆφησι
3491 4047 3699 4121 Πέτρου
3745 4047 3830 4102 καὶ

2195 4137 2466 4200 Ἀπίωνος
2514 4134 2775 4212 διάλογον
2829 4137 2983 4205 εἶναι,
3017 4135 3048 4189 ἃ
3082 4133 3224 4208 μηδὲ
3271 4136 3462 4205 σώζειν
3491 4137 3581 4190 τὸν
3631 4133 3826 4208 ἀκριϐῆ

2194 4236 2292 4296 τῆς
2341 4225 2712 4293 ἀποστολικῆς
2761 4221 3077 4300 ἀρθοδοξίας
3125 4223 3448 4299 χαρακτῆρά
3489 4245 3682 4304 φησιν.
3713 4227 3830 4299 Eni:

2197 4316 2272 4386 δέ,
2335 4316 2378 4370 εἷ
2431 4316 2524 4386 μὲν
2573 4315 2640 4369 τα
2685 4317 2773 4368 νῦν
2829 4315 2956 4388 παρ’
3005 4317 3142 4386 ἡμῖν
3191 4313 3508 4384 Κλημὲντια
3562 4314 3834 4386 ὄνομαζὸ-

2200 4427 2328 4480 μενα
2377 4403 2544 4478 λέγει,
2605 4403 2666 4457 ού
2709 4405 3006 4475 πείθομαι’
3057 4407 3224 4458 ταῦτα
3265 4403 3368 4474 γὰρ
3419 4407 3486 4476 τῇ
3537 4403 3834 4474 Ἐκκλησία

2193 4495 2281 4550 καὶ
2334 4490 2742 4548 εύπαοάδεκταο
2785 4492 2832 4546 si"
2881 4489 2928 4545 δ’
2973 4489 3129 4566 ’ἐτερά
3181 4489 3282 4546 εἶσι
3333 4493 3478 4566 παρᾶ
3523 4493 3718 4562 ταῦτα,
3751 4491 3832 4546 λέ-

443 4567 758 4624 credimus.
789 4565 1070 4620 Caaterum
1113 4567 1184 4622 de
1223 4567 1459 4638 epistola
1491 4571 1564 4625 ad
1619 4571 1770 4627 249
1817 4573 2081 4630 Hebraeos

2194 4605 2300 4658 γειν
2349 4583 2451 4638 οὐκ
2499 4579 2636 4660 ἔχω.
2687 4583 2891 4638 Τοῦτον
2945 4579 3250 4658 συγγραφέα
3301 4580 3391 4634 καὶ
3439 4585 3547 4636 τῶν
3597 4581 3834 4637 αποστοι

443 4672 656 4728 anceps
703 4661 792 4710 est
823 4655 1038 4725 opinio,
1091 4655 1314 4711 hiccine
1374 4673 1446 4711 an
1499 4657 1682 4715 Lucas
1734 4665 2085 4734 evangelista

443 4763 572 4802 eam
606 4743 992 4814 transtulerit,
1026 4761 1059 4800 a
1091 4744 1284 4814 Paulo,
1329 4749 1495 4816 cujus
1541 4749 1732 4805 nativa
1769 4755 1823 4806 et
1853 4753 2086 4823 propria

447 4843 554 4907 est,
589 4839 842 4907 primum
875 4833 1171 4892 dictatam.

1067 5109 1295 5168 CAPUT
1332 5109 1465 5167 XIX.

452 5199 514 5256 Ut
565 5197 785 5252 divinus
817 5197 1064 5270 lgnnlius
1117 5217 1192 5273 ex
1235 5200 1518 5256 Antiochia
1571 5203 1802 5258 Romam
1855 5203 2086 5273 delatus,

517 5277 742 5346 propter
792 5273 1068 5346 Christum
1111 5271 1298 5328 bestiis
1335 5275 1684 5330 devorandas
1711 5276 1950 5346 objecta:
1971 5281 2042 5334 sit
2071 5271 2089 5333 ὲ

520 5351 568 5397 et
608 5341 673 5396 de
717 5341 959 5412 epistolis
986 5344 1122 5410 eius.

521 5429 648 5486 Divi
677 5429 992 5486 Clementis
1040 5448 1128 5487 res
1175 5433 1256 5488 sic
1303 5449 1366 5490 se
1397 5433 1668 5493 habuere.
1699 5437 1784 5492 Ab
1815 5437 2090 5494 omnibus

524 5571 601 5641 ll)
631 5571 1085 5632 Chersonensem
1116 5575 1213 5632 alii
1261 5583 1485 5638 vocant.

519 5643 600 5718 (2)
622 5641 887 5705 Clemens
911 5649 1086 5720 jussu
1119 5649 1356 5722 Trajani
1385 5653 1446 5711 in
1477 5653 1732 5716 insulam
1759 5659 1850 5716 est
1881 5656 2088 5730 depor-

2195 4671 2364 4728 λικῶν
2397 4669 2711 4741 διατάξεων,
2764 4668 2909 4725 ἄλλα
2949 4667 3015 4738 δὴ
3045 4670 3136 4724 καὶ
3177 4673 3284 4724 τῶν
3325 4671 3486 4744 ἱερῶν
3535 4669 3715 4725 αὐτῶν
3747 4693 3834 4725 κα-

2194 4763 2359 4816 νόνων
2405 4761 2756 4832 πιστεύομεν.
2809 4759 2937 4832 Περὶ
2985 4759 3170 4830 μένθοι
3215 4765 3315 4828 τῆς
3361 4759 3500 4833 πρὸς
3549 4756 3834 4834 Ἑϐραίους

2197 4851 2541 4924 ἀμφήριστος
2581 4851 2609 4904 ὁ
2649 4848 2810 4920 λόγος
2869 4847 3030 4918 ἐστὶν,
3091 4845 3200 4903 ε’ίτε
3253 4847 3410 4910 οὗτος
3461 4845 3571 4903 ε’ίτε
3623 4853 3834 4910 Λουκᾶς

2195 4941 2223 4994 ὁ
2259 4935 2640 5014 εὐαγγελιστὴς
2673 4933 2883 5007 ἐξέδοτο
2913 4937 3138 5008 ταύτην,
3173 4936 3393 4993 Παύλου
3425 4937 3653 5014 γνησίαν
3683 4935 3836 4993 οὖσαν

2199 5029 2284 5084 καὶ
2321 5027 2555 5102 πρώτως
2591 5027 3074 5102 ὑπαγορεύσαντος.

2825 5121 3076 5172 ΚΕΦΑΛ.
3119 5115 3220 5173 16⁸.

2196 5211 2292 5283 Ὡς
2327 5207 2444 5283 καὶ
2486 5205 3254 5283 ὁ-θεοφόμροςξ-Ιγνάτιος
3291 5203 3836 5283 ἐξ-Ἀντιοχείας

2271 5278 2376 5354 ἐπὶ
2419 5275 2705 5354 *Ῥώμης
2753 5275 2860 5354 διὰ
2905 5275 3186 5354 Χριστὸν
3226 5275 3490 5354 θηρίω-ιρ
3539 5275 3836 5354 ἐγεγόνει

2271 5345 2436 5422 ϐορά
2460 5369 2473 5384 ⁸
2505 5345 2789 5422 καὶπερὶ
2823 5345 3357 5406 τῶνέπιστολῶν
3389 5345 3624 5408 αὐτοῦ’.

2269 5439 2348 5494 Τὰ
2391 5439 2486 5512 μὲν
2544 5437 2634 5494 οὖν
2697 5443 2794 5494 τοῦ
2851 5437 2996 5494 θείου
3047 5437 3362 5512 Κλήμεντος
3409 5443 3602 5494 τοῦτον
3645 5438 3832 5515 ἴσχετο

2199 5589 2376 5654 tatus,
2417 5585 2474 5640 in
2503 5601 2619 5658 qua
2647 5585 2764 5640 duo
2791 5583 3448 5658 milianhristianorum
3483 5586 3552 5644 ad
3583 5585 3832 5646 secanda

2197 5673 2492 5718 marmora
2519 5656 2934 5716 damnatorum
2963 5656 3204 5714 invenit.
