4016 6206
150 322 268 385 933
1147 322 1771 386 ECCLESIASTICE
1813 322 2210 386 HISTORIJE
2251 323 2395 387 LIB.
2443 323 2551 385 IIl.
3438 325 3559 389 934

152 458 242 513 τὸν
288 457 519 534 τρόπον.
560 458 617 512 '0
666 455 724 512 δὲ
760 452 1091 531 περιϐόητος
1135 461 1317 515 πᾶσιν.
1355 458 1641 534 Ἰγνάτιος,
1679 453 1795 511 δευ-

1919 463 2101 514 ιυιεω
2126 457 2445 513 celebratus
2475 457 2752 530 Ignatius,
2785 457 3078 516 secundus
3106 457 3168 517 in
3192 460 3557 518 Antiochena

151 569 307 623 τερος
358 545 431 603 ὢν
491 552 590 614 τῆς
649 548 783 603 κατὰ
842 546 1176 622 Ἀντιόχειον
1236 552 1443 620 Πέτρου
1503 544 1793 623 διαδοχῆς,

153 640 409 712 Τραϊανῷ
440 637 517 699 εἷς
545 639 645 708 τήν
678 638 1018 712 Ἀντιόχειαν
1057 634 1351 712 γενομένῳ,
1385 635 1501 690 ἐπεὶ
1546 635 1796 714 ἐλέγχων

157 727 253 782 οὐκ
291 726 428 781 ἀνίει
476 728 577 796 τήν
629 723 1053 799 δεισιδαιμονίαν
1102 722 1349 799 τάνδρὸς,
1401 722 1621 798 δέσμιον
1666 724 1800 779 ἐκεῖ·

158 819 240 871 θεν
314 816 391 877 εἷς
467 817 687 887 Ῥώμην
762 814 1027 888 ἐκπέμπει
1109 809 1297 869 λέουσι
1372 810 1795 889 παραϐληθῆναι

160 907 345 982 βοράν,
383 906 461 978 μή
510 907 609 973 τήν
662 905 737 967 είς
779 906 1006 980 Χριστὸν
1061 903 1421 978 έξομνόμενον
1466 904 1665 960 πίστιν.
1701 905 1798 958 Καὶ

156 996 331 1051 τοίνυν
387 994 611 1068 δέσμιος
671 992 738 1049 δι’
801 995 984 1056 Ἀσίας
1042 994 1136 1049 ἰὼν
1199 995 1316 1067 μετ’
1371 994 1648 1072 ἀσφαλοῦς
1700 997 1800 1059 τῆς

156 1090 417 1165 φρουρᾶς,
450 1086 539 1139 καὶ
569 1090 686 1147 ταῖς
732 1084 869 1139 κατὰ
916 1081 1078 1138 πόλιν
1130 1090 1440 1158 παροικίαις
1489 1082 1796 1156 ἐπιδημῶν,

156 1180 494 1252 προτροπαῖς
562 1175 651 1230 καὶ
728 1172 975 1247 ὁμιλίαις
1054 1170 1362 1248 έπεῤῥώννυ
1417 1173 1635 1235 ταύτας.
1700 1173 1795 1229 Καὶ

156 1264 264 1321 ἐπεὶ
297 1270 380 1337 τῷ
426 1261 683 1335 τηνικάδε
729 1262 850 1335 ἄρτι
893 1263 1128 1339 πρώτως
1177 1263 1407 1337 αἱρέσεις
1460 1264 1641 1338 ἠρέμα
1684 1283 1802 1327 πως

159 1355 642 1432 ἐπαρρησιάζοντο,
702 1352 1064 1428 φυλάττεσθαι
1138 1354 1334 1416 ταύτας
1408 1351 1798 1427 προύτρέπετο,

158 1449 237 1501 καί
299 1451 404 1513 τῆς
478 1442 850 1511 ἀποπολικῆς
926 1440 1277 1516 παραδόσεως
1350 1447 1467 1505 τοῖς
1535 1441 1685 1515 ὅροις
1746 1440 1799 1505 ἒς

161 1527 372 1605 ἀκριϐὲς
427 1531 676 1604 ἐμμένειν
711 1549 725 1564 ’
780 1528 1052 1608 τάσφαλὲς
1103 1527 1160 1585 δὲ
1211 1529 1663 1604 μνηστευόμενος,
1712 1530 1799 1585 καὶ

161 1622 439 1701 ἐγγράφω(
507 1618 620 1676 δεῖν
677 1623 868 1695 ἡγεῖτο
923 1618 1331 1675 διατυποῦσθαι.
1368 1620 1468 1675 Καί
1523 1621 1573 1696 γ’
1630 1618 1681 1675 ἐν
1730 1624 1798 1693 τῇ

162 1711 481 1786 Σμυρναίων
523 1710 831 1786 γενόμενος,
882 1706 1005 1765 ἔνθα
1064 1707 1426 1784 Πολόκαρπός
1474 1711 1633 1785 ἱερῶς
1677 1711 1798 1781 ἐξη-

1908 548 2164 604 Ecclesia
2219 548 2371 602 Petri
2423 563 2744 617 successor,
2790 564 2921 603 cum
2981 548 3235 620 'l‘rajani,
3268 550 3368 623 qui
3427 557 3551 607 tum

1908 637 2230 694 Antiochiaa
2285 640 2431 702 erat,
2454 653 2569 692 non
2628 636 2911 693 desineret
2968 639 3391 710 reprehendere
3448 657 3552 696 su-

1911 729 2583 798 perstitionem.vinctus
2625 729 2867 785 Romam
2901 733 2966 784 ut
2992 730 3072 786 ibi
3111 730 3375 789 leonibus
3422 748 3557 789 esea

1909 818 2278 891 objiceretur,
2311 818 2361 873 si
2401 819 2571 874 (idem
2607 818 2817 873 Christi
2842 835 2956 873 non
2997 820 3313 890 ahjuraret,
3346 822 3558 878 missus

1908 916 2031 965 est:
2066 913 2124 962 et
2153 906 2355 963 Asiam
2379 924 2505 963 cum
2541 907 2708 963 ﬁrma
2740 907 2989 963 militum
3021 910 3287 965 custodia
3329 912 3553 968 vinctus

1909 1013 2243 1069 peragrans,
2277 996 2669 1069 ecclesiasque
2716 998 3033 1068 oppidatim
3081 1000 3301 1069 adiens,
3335 1016 3559 1056 sermo-

1909 1087 2084 1141 nibus
2114 1086 2502 1142 familiaribus
2533 1093 2589 1142 et
2620 1087 3120 1141 cohortationibus
3150 1089 3555 1157 confirmabat,

1907 1180 1965 1231 et
1993 1179 2268 1246 quoniam
2302 1182 2425 1230 tum
2459 1176 2716 1246 primum
2743 1179 2989 1231 haereses
3014 1177 3288 1245 paulatim
3317 1179 3556 1234 liberius

1910 1279 1969 1319 se
2001 1266 2253 1335 proferre
2284 1267 2585 1325 auderent.
2621 1273 2677 1319 ut
2707 1265 2816 1319 sibi
2860 1266 2932 1319 ab
2971 1265 3056 1319 eis
3103 1272 3388 1333 caverent,
3420 1268 3556 1323 doc-

1910 1353 2191 1426 trinaeque
2251 1353 2473 1424 apostol
2525 1370 2726 1409 carum
2786 1354 3165 1410 traditionum
3225 1362 3562 1413 constanter

1909 1443 2267 1512 insisterent,
2301 1444 2665 1499 admonebat.
2702 1443 2864 1508 Quod
2898 1450 2961 1498 ut
2993 1444 3109 1500 illis
3149 1446 3371 1501 certius
3427 1463 3561 1518 per-

1910 1532 2202 1601 suaderet,
2236 1533 2293 1587 in
2324 1533 2546 1590 litteras
2586 1532 3018 1589 cohortationes
3047 1551 3179 1589 suae
3233 1536 3564 1593 referendas

1909 1639 2037 1680 esse
2067 1623 2246 1677 duxit.
2284 1622 2485 1692 Itaque
2532 1623 2792 1695 Smyrnaa
2841 1639 2975 1678 cum
3014 1632 3189 1692 esset,
3224 1625 3322 1679 ubi
3387 1625 3562 1699 Poly-

1908 1728 2117 1782 carpus
2172 1711 2473 1767 ecclesiam
2533 1713 2787 1783 regebat,
2856 1711 3162 1783 epistolam
3240 1729 3417 1770 unam
3487 1717 3557 1771 ad

160 1807 323 1876 γεῖτο,
378 1800 506 1874 μίαν
562 1798 856 1866 ἐπιστολὴν
916 1802 985 1873 τῇ
1042 1798 1302 1871 Ἐφεσίων
1354 1796 1647 1873 διέπεμπεν
1709 1800 1800 1854 ἐκ-

1919 1801 2292 1874 Ephesiorum
2325 1802 2627 1858 ecclesiam
2657 1802 3101 1865 dedit,Onesimi
3135 1805 3385 1875 pastoris
3403 1822 3560 1861 men-

162 1889 382 1961 κλησίᾳ,
440 1889 744 1962 ὐνησίμου
796 1890 1142 1964 μεμνημένος
1198 1892 1480 1962 ποιμένος.
1543 1890 1637 1943 Καὶ
1696 1889 1806 1945 ἄλ-

165 1980 261 2051 λην
321 1976 382 2034 δὶ
434 1983 505 2053 τῇ
561 1981 700 2054 πρὸς
774 1976 1071 2053 Μαιάνδρῳ
1142 1978 1426 2053 Μαγνησίᾳ
1490 1977 1799 2048 ἐπέστελλε,

165 2071 311 2142 Δάμα
339 2069 491 2130 τινὸς
537 2067 836 2123 ἐπισκόπου
871 2067 1050 2140 μνείαν
1100 2067 1428 2141 ποιούμενος
1464 2087 1476 2100 ·
1524 2067 1701 2140 ἀλλην
1746 2067 1804 2125 δὲ

162 2167 268 2222 τοῖς
298 2160 352 2216 έν
406 2158 696 2233 Τράλλεσι,
750 2155 1027 2215 Πολυϐίου
1078 2158 1329 2231 τηνικάδε
1379 2157 1657 2225 διέποντος
1703 2162 1800 2229 τὴν

165 2253 363 2326 ἀρχήν.
417 2251 685 2325 Τετάρτην
718 2247 806 2305 ἐπὶ
856 2249 1073 2313 τούτοις
1120 2253 1188 2316 τῇ
1238 2249 1522 2324 Ῥωμαίων
1571 2248 1804 2320 Ἐκκλη-

165 2339 247 2411 σίᾳ
299 2359 517 2416 γράφει,
592 2339 935 2415 παράκλησιν
1011 2338 1333 2414 προτείνων,
1396 2340 1472 2413 μή
1550 2338 1803 2412 ἐμποδὼν

163 2428 305 2499 αὐτῷ
331 2429 577 2501 γενέσθαι
624 2428 721 2482 τοῦ
774 2427 1094 2502 μαρτυρίου,
1139 2426 1229 2482 καὶ
1283 2428 1646 2503 μικροψόχως
1688 2424 1801 2481 δια-

164 2518 428 2586 τεθέντας,
471 2522 571 2584 τῆς
622 2514 1082 2590 προσδοκωμένης
1131 2514 1357 2579 ἐλπίδος
1402 2517 1802 2591 παρασκευάσαι

167 2603 454 2661 διαπεσεῖν.
508 2607 691 2678 ’Ἄξιον
741 2603 798 2659 δὲ
850 2605 940 2660 καί
992 2626 1113 2659 τινα
1169 2606 1388 2680 ῥήματα
1445 2608 1540 2674 τῆς
1594 2604 1803 2661 ὶκείνου

164 2695 413 2771 γλώττης
454 2694 589 2769 πρὸς
648 2690 867 2764 ἔνδειξιν
924 2701 1025 2764 τῆς
1089 2695 1348 2772 μεγίστης
1411 2693 1627 2771 ἀνδρίας
1671 2694 1807 2751 ἐκεί-

165 2806 250 2839 νου
306 2784 395 2839 καὶ
456 2783 688 2846 πίστεως
744 2788 815 2857 τῇ
874 2788 1158 2858 συγγραφῇ
1217 2786 1552 2859 παραθεῖναι.
1606 2786 1803 2861 Γράφει

168 2872 218 2928 δὲ
247 2874 424 2935 οὕτως
456 2892 469 2906 ’
507 2897 537 2925 ιι
564 2874 699 2929 Ἀπὸ
750 2872 947 2948 Συρίας
985 2875 1149 2947 μέχρι
1199 2875 1418 2947 Ῥώμης
1469 2875 1804 2950 θηριομαχῶ

170 2963 252 3019 διὰ
297 2972 407 3040 γῆς
460 2965 550 3019 καὶ
607 2961 903 3034 θαλάσσης,
952 2965 1141 3026 νυκτὸς
1196 2965 1284 3018 καὶ
1343 2963 1552 3038 ἡμέρας
1597 2962 1802 3019 ἐνδεδε-

174 3054 322 3127 μένος
355 3053 486 3110 δέκα
516 3050 842 3128 λεοπάρδοις
880 3074 893 3087 ο
938 3053 967 3108 ὅ
998 3052 1110 3108 ἐστι
1139 3052 1322 3126 τάγμα
1371 3054 1755 3127 στρατιωτικόν
1788 3070 1801 3085 ⁶

174 3144 222 3198 οἶ
247 3143 333 3198 καὶ
382 3144 823 3219 εὐεργετούμενοι
874 3141 1093 3216 χείρους
1143 3142 1400 3217 γίνονται.
1452 3143 1535 3198 Ἐν
1585 3141 1641 3198 δὲ
1686 3147 1803 3205 τοῖς
1838 3179 1882 3243 c

1786 3230 1797 3251 9

1562 3229 1688 3286 ἁλλ’
1745 3230 1806 3285 οὐ

175 3325 308 3399 παρά
376 3327 546 3378 τοῦτο
626 3320 1004 3396 δεδικαίωμαι.
1082 3322 1341 3394 Ὀναίμην
1415 3327 1521 3377 τῶν
1600 3320 1807 3393 θηρίων

174 3230 499 3306 ἀδικήμασιν
555 3231 732 3286 αὐτῶν
795 3230 1008 3303 μᾶλλον
1064 3230 1439 3305 μαθητεόομαι
1475 3250 1487 3263 ·

174 3418 271 3468 τῶν
301 3413 427 3485 ἐμοὶ
461 3411 698 3484 ἑτοίμων
734 3431 747 3445 ο
782 3411 815 3466 ἃ
843 3412 932 3466 καὶ
971 3409 1231 3487 εὔχομαι,
1265 3411 1503 3486 σόντομά
1537 3432 1631 3485 μοι
1659 3412 1808 3485 εὐρε·

176 3503 323 3570 θῆναι
356 3523 369 3536 '
406 3502 444 3556 ἃ
486 3503 576 3556 καί
624 3499 964 3567 κολακεόσω,
998 3502 1277 3576 συντόμως
1330 3522 1395 3574 με
1439 3506 1759 3579 καταφαγεῖν
1792 3517 1807 3534 ·

175 3591 259 3646 κάν
314 3593 449 3647 αὐτὰ
509 3590 567 3647 δὲ
623 3590 824 3647 ἄκοντα
882 3593 957 3664 μὴ
1014 3590 1186 3661 θέλοι,
1244 3593 1354 3667 ἐγὼ
1412 3587 1809 3668 προὸιάσομαι.

182 3683 511 3755 Συγγνώμην
571 3702 664 3754 μοι
718 3678 891 3756 ἔχετε.
941 3680 1000 3735 Τί
1062 3702 1156 3754 μοι
1213 3680 1511 3759 συμφέρει,
1564 3681 1667 3755 ἐγὼ
1708 3680 1809 3756 γάρ

180 3772 444 3845 γινώσκω,
475 3768 519 3825 εἰ
574 3771 651 3844 μὴ
681 3774 771 3823 νῦν
822 3767 1067 3845 ἄρχομαι
1104 3771 1351 3842 μαθητὴς
1401 3772 1667 3846 γενέσθαι,
1703 3792 1813 3842 μη-

183 3857 259 3915 δέν
336 3881 404 3934 με
484 3859 731 3930 ζηλῶσαι
798 3864 905 3914 τῶν
960 3857 1202 3934 ἀοράτων
1270 3861 1358 3915 καὶ
1438 3859 1663 3933 ὁρατῶν,
1720 3857 1815 3914 ’ίνά

180 3950 352 4018 Ἰησοῦ
399 3952 642 4023 Χριστοῦ
690 3946 959 4027 ἐπιτύχω.
1006 3952 1118 4022 [Ιῦρ
1166 3949 1255 4003 καὶ
1305 3948 1555 4023 σταυρὸς,
1606 3947 1811 4022 θηρίων

181 4060 234 4094 τε
277 4040 580 4106 συστάσεις,
630 4037 961 4112 σκορπισμοὶ
1020 4038 1242 4105 ὀστέων,
1284 4039 1552 4115 συγκοπαί
1606 4036 1811 4110 μελῶν,

183 4127 402 4199 ἇλεσμοί
465 4126 601 4183 ὅλου
657 4131 753 4182 τοῦ
812 4128 1085 4198 σώματος,
1115 4125 1368 4189 κολάσεις
1427 4122 1689 4181 διαϐόλου
1739 4125 1817 4191 εἷς

184 4213 270 4288 ἐμὲ
298 4216 646 4291 ἐρχέσθωσαν
685 4232 699 4246 ⁸
754 4215 919 4288 μόνον
967 4216 1148 4285 Ἰησοῦ
1197 4220 1436 4290 Χριστοῦ
1484 4214 1751 4291 ἒπιτόχω.
1786 4236 1816 4267 ››

183 4311 342 4361 Ταῦτα
390 4307 491 4380 μὶν
542 4306 648 4360 ἀπὸ
698 4312 797 4375 τῆς
845 4306 1166 4380 Σμυρναίων
1212 4304 1507 4361 ἐπέστελλε
1552 4304 1766 4367 πόλεως
1800 4322 1815 4337 ’

184 4393 260 4450 ἐπί
307 4394 363 4451 δὲ
419 4392 683 4467 Τρωάδος
737 4394 1047 4470 γενόμενος,
1094 4397 1378 4471 γράμμασι
1432 4398 1501 4468 τῇ
1549 4392 1819 4450 Φιλαδελ-

184 4487 309 4555 φέων
354 4483 630 4557 ἐκκλησίᾳ
671 4483 1011 4559 προσομιλτῖ
1042 4505 1055 4518 ·
1106 4486 1197 4540 καὶ
1258 4483 1589 4560 Σμυρναίοις
1640 4483 1818 4553 ἄλλην

1914 1892 2127 1947 tionem
2161 1891 2401 1947 faciens.
2432 1892 2619 1947 Aliam
2654 1897 2845 1947 autem
2894 1893 3199 1965 Magnesia
3228 1899 3285 1948 et
3314 1893 3559 1950 Messan-

1914 1981 2084 2035 drum
2110 1980 2234 2035 sitas
2257 1980 2512 2052 scripsit,
2531 1981 2588 2035 in
2613 1998 2726 2051 qua
2745 1983 3000 2052 episcOpi
3032 1984 3330 2051 cujusdem
3364 1983 3559 2039 Dama:

1915 2070 2198 2126 meminit.
2231 2071 2418 2125 Aliam
2450 2071 2590 2127 item
2624 2071 2695 2126 ad
2728 2071 3036 2127 ecclesiam
3086 2088 3218 2143 qua:
3260 2072 3561 2130 Trallibus

1918 2158 2045 2226 fuit,
2083 2159 2262 2225 misit,
2315 2159 2409 2213 cui
2458 2163 2585 2214 tum
2645 2159 2918 2230 Polybius
2976 2161 3223 2231 praal'uit.
3284 2162 3561 2227 Quartam

1916 2263 2083 2319 porro
2123 2249 2192 2303 ad
2228 2247 2548 2304 Romanam
2582 2248 2818 2319 scripsit
2850 2249 3183 2317 Ecclesiam,
3208 2265 3339 2305 cum
3366 2250 3564 2322 ampla

1912 2336 2330 2403 exhortatione,
2389 2353 2462 2393 ne
2509 2338 2663 2409 quod
2724 2340 3000 2411 martyrio
3058 2340 3186 2408 ejus
3242 2340 3563 2408 objicerent

1914 2424 2417 2496 impedimentum,
2469 2441 2611 2480 neve
2643 2432 2875 2497 propter
2903 2428 3231 2482 animorum
3291 2426 3557 2483 imbecil-

1914 2513 2134 2569 litatem
2167 2513 2491 2585 quidquam
2526 2519 2785 2584 agerent,
2811 2520 2874 2568 ut
2917 2514 3042 2585 ipse
3071 2523 3347 2588 concepta
3394 2526 3558 2588 cpias

1913 2611 2083 2673 taque
2108 2618 2212 2673 spe
2241 2619 2346 2657 sua
2401 2602 2704 2658 excideret.
2729 2602 2925 2673 Operae
2958 2603 3205 2672 pretium
3258 2620 3391 2661 vero
3448 2609 3556 2671 est,

1911 2692 2089 2747 verba
2119 2692 2314 2762 aliqua
2344 2691 2554 2763 linguae
2581 2692 2760 2759 illius,
2792 2693 2865 2747 ad
2917 2693 3274 2749 fortitudinis
3304 2698 3362 2749 et
3421 2695 3554 2750 fidei

1913 2782 2043 2852 ejus
2098 2780 2559 2851 magnitudinem
2623 2780 3054 2849 declarandam,
3109 2782 3363 2838 historia
3423 2782 3560 2839 huic

1914 2885 2222 2941 apponere.
2282 2868 2497 2924 Scribit
2541 2870 2698 2924 enim
2756 2870 2825 2924 ad
2879 2868 3033 2925 hunc
3092 2873 3370 2927 modum:
3410 2889 3432 2920 ι
3466 2872 3555 2927 Ab

1912 2961 2039 3032 ipsa
2065 2959 2231 3032 Syria
2274 2960 2511 3015 Romam
2546 2976 2756 3032 usque,
2802 2966 2957 3016 terra
2988 2963 3271 3033 marique,
3305 2963 3402 3018 diu
3454 2979 3565 3019 no-

1914 3055 2126 3121 ctuque
2156 3064 2291 3103 cum
2324 3048 2528 3104 bestiis
2564 3049 2708 3103 mihi
2769 3050 3233 3121 depugnandum
3285 3056 3392 3115 est.
3426 3066 3563 3107 cum

1917 3139 2112 3193 decem
2144 3137 2409 3193 videlicet
2444 3138 2752 3209 leopardis,
2786 3137 2896 3194 hoc
2950 3147 3058 3208 est,
3090 3140 3329 3196 militari
3373 3141 3560 3196 mani-

1920 3227 2077 3300 pulo,
2108 3226 2206 3299 qui
2239 3226 2535 3282 beneficiis
2564 3227 2751 3283 affecti
2808 3227 2977 3301 longe
3017 3229 3190 3285 etiam
3249 3230 3567 3288 deteriores

1919 3317 2088 3372 ﬁunt.
2109 3314 2569 3386 Veruminjuriis
2599 3333 2799 3373 eorum
2834 3318 3020 3390 magis
3052 3318 3228 3374 etiam
3263 3319 3567 3391 magisque

1920 3406 2171 3462 crudior.
2207 3405 2619 3462 Verumtamen
2650 3422 2717 3461 ea
2748 3408 2819 3462 de
2839 3424 3014 3463 causa
3038 3407 3393 3476 justiflcatus
3449 3425 3565 3464 non

1921 3509 2076 3549 sum.
2113 3491 2276 3549 πο
2306 3494 2488 3559 Quam
2520 3493 2689 3548 velim
2720 3494 2857 3549 mihi
2900 3495 3026 3565 jam
3076 3494 3299 3562 adesse,
3330 3510 3457 3564 quas
3506 3495 3565 3549 in

1922 3598 2015 3637 me
2044 3582 2353 3638 destinata)
2371 3588 2695 3652 parataeque
2718 3582 3250 3654 sunthestie,quas
3280 3584 3454 3638 etiam
3499 3587 3566 3637 ut

1922 3686 2094 3741 quam
2103 3670 2356 3740 primum
2381 3670 2663 3738 reperiam
2688 3674 2842 3740 opto.
2862 3670 2968 3725 Eas
2990 3686 3087 3741 per
3108 3670 3562 3727 assentationem

1922 3766 1978 3816 et
2008 3757 2397 3831 palpationem
2429 3759 2789 3828 demulcebo,
2826 3765 2888 3814 ut
2918 3775 3010 3814 me
3041 3775 3213 3831 quam
3262 3758 3564 3814 celerrime

1926 3850 2216 3905 devorent.
2248 3851 2437 3919 Atque
2457 3848 2628 3904 etiam
2663 3848 2712 3902 si
2742 3849 2799 3902 id
2835 3850 3017 3903 facere
3068 3848 3287 3914 nolent,
3318 3863 3420 3920 ego
3464 3863 3564 3904 eas

1922 3938 2041 3993 vim
2070 3937 2186 3993 illis
2210 3939 2464 3993 inferens
2493 3936 2770 3993 incitabo.
2802 3936 2944 3992 Date
2975 3936 3142 3999 mihi.
3175 3953 3391 4008 quaso,
3414 3936 3568 3994 hanc

1924 4030 2173 4084 veniam.
2218 4026 2363 4092 Quid
2415 4026 2558 4082 mihi
2631 4027 2915 4098 expediat,
2971 4028 3122 4082 novi.
3175 4026 3339 4083 Nunc
3410 4026 3568 4083 enim

1925 4118 2160 4173 demum
2192 4116 2415 4171 discere
2443 4114 2681 4187 incipio,
2716 4115 2859 4170 nihil
2883 4118 3080 4186 optare
3109 4119 3211 4170 aut
3239 4116 3570 4172 desiderare

1928 4221 2121 4261 rerum
2154 4205 2418 4260 omnium
2450 4203 2909 4260 etinvisibilium
2942 4208 3000 4259 et
3026 4203 3371 4267 visibillum.
3405 4208 3470 4260 ut
3498 4203 3571 4262 ad

1926 4294 2124 4351 Jesum
2157 4295 2449 4350 Christum
2483 4296 2729 4351 veniam.
2762 4296 2954 4365 Ignes,
2986 4310 3211 4360 cruces,
3245 4293 3567 4350 bestiarum

1930 4388 2212 4451 cohortes,
2246 4383 2665 4453 dissipationes
2711 4382 2963 4450 ossium,
2995 4384 3389 4439 membrorum
3432 4399 3573 4439 con-

1933 4475 2204 4541 cisiones,
2236 4475 2409 4530 totius
2439 4474 2698 4545 corporis
2730 4472 3216 4538 commolitiones,
3241 4478 3299 4528 et
3354 4471 3573 4527 diaboli

185 4570 527 4651 διαχαράττει
561 4593 574 4607 ·
605 4575 697 4629 καὶ
746 4574 897 4645 αὐτῷ
941 4571 998 4629 δὲ
1036 4570 1147 4647 ἰδίᾳ
1193 4578 1273 4645 τῷ
1316 4572 1568 4648 προέδρῳ
1613 4573 1808 4643 ταύτης

1926 4570 2213 4620 tormenta
2240 4569 2296 4618 et
2325 4562 2608 4633 supplicia
2637 4563 2696 4617 in
2722 4579 2815 4617 me
2833 4562 3295 4634 progrediantur,
3320 4565 3382 4615 ut
3403 4559 3572 4615 modo

186 4662 527 4738 Πολυκάρπῳ
584 4662 767 4731 ἑτέραν
827 4661 1166 4733 ἐπέστελλεν,
1226 4664 1365 4734 ὁμοῦ
1436 4663 1529 4734 μὲν
1583 4662 1671 4716 καὶ
1750 4662 1821 4723 ὡς

188 4755 314 4806 θεῖον
364 4750 534 4826 ἄνδρα
584 4757 787 4826 τιμῶν,
831 4752 904 4813 ὡς
954 4749 1001 4806 δ’
1044 4751 1405 4808 ἀποστολίκὸν
1448 4752 1699 4824 ποιμένα,
1732 4750 1824 4804 οἷα

190 4838 250 4908 δὴ
300 4842 387 4897 καὶ
449 4840 615 4903 αὐτὸς·
673 4847 883 4914 ποιμην
944 4841 1145 4916 ἀγαθὸς
1197 4842 1295 4910 τὴν
1354 4842 1597 4915 ποίμνην
1644 4838 1822 4912 τούτῳ

190 4932 609 5005 παρατιθέμενος
646 4951 660 4965 ο
730 4930 1030 5009 φροντίζειν
1098 4952 1156 4987 τε
1230 4931 1397 5001 αὐτῆς
1472 4930 1657 5001 ἀξιῶν,
1732 4931 1819 4983 καὶ

190 5019 513 5097 εἰσηγεῖσθαι
566 5021 736 5095 ταύτῃ
796 5021 864 5076 τά
920 5021 1222 5093 κρείττονα.
1283 5022 1368 5074 Ἐν
1430 5016 1488 5074 δὲ
1540 5024 1610 5093 τῇ
1689 5017 1824 5091 πρὸς

193 5112 526 5184 Σμυρναίους
576 5108 668 5163 καί
713 5130 825 5164 τισι
873 5116 1076 5185 χρῆται
1124 5109 1315 5185 ῥητοῖς
1368 5109 1492 5184 περῖ⁵
1540 5111 1635 5162 τοῦ
1696 5113 1825 5180 Χρι-

188 5204 325 5268 στοῦ,
356 5200 464 5255 οὐκ
509 5196 616 5254 οἶδ’
660 5199 852 5254 ὁπόθεν
901 5198 1277 5274 έρανισάμενος
1311 5216 1325 5230 ⁸
1380 5223 1409 5253 α
1440 5200 1586 5274 Ἐγὼ
1632 5194 1687 5252 δὲ
1732 5196 1824 5251 καὶ

192 5291 314 5360 μετά
338 5292 441 5358 την
478 5289 771 5345 ἀνάστασιν
825 5288 878 5344 ἐν
912 5294 1068 5364 σαρκί
1113 5288 1273 5343 αὐτὸν
1314 5288 1473 5356 εἶδον,
1508 5287 1637 5364 φησί
1672 5306 1685 5320 ⁶
1734 5286 1823 5341 καὶ

187 5386 412 5435 πιστεύω
444 5378 574 5436 ὄντα
608 5399 623 5413 ’
664 5379 753 5434 καὶ
801 5378 891 5435 ὅτε
920 5378 1056 5449 πρὸς
1105 5380 1231 5441 τοὺς
1276 5379 1400 5452 περὶ
1451 5380 1650 5454 Πέτρον
1682 5376 1823 5447 ἐλή-

188 5467 326 5541 λυθε,
349 5470 441 5526 καί
470 5468 576 5549 ἔφη
611 5468 815 5533 αὐτοῖς,
839 5465 1107 5537 Λάϐετε,
1139 5468 1583 5546 ψηλαφήσατέ
1615 5490 1689 5543 με
1717 5464 1824 5521 καὶ

192 5556 377 5634 ἴδετε,
415 5558 523 5614 ὅτι
562 5557 681 5614 οὐκ
720 5557 861 5632 εἰμὶ
901 5555 1251 5631 δαιμόνιον
1292 5556 1646 5632 ἀσώματον
1679 5574 1693 5589 ’
1737 5556 1824 5610 καὶ

192 5647 333 5710 εὗθυς
391 5648 563 5703 αὐτοῦ
621 5648 832 5721 ἥψαντο
896 5646 987 5702 καὶ
1062 5643 1395 5705 ἐπίστευσαν.
1430 5670 1458 5701 ››
1538 5647 1825 5725 Εἰρηναῖος

1931 4656 2000 4710 ad
2031 4653 2227 4709 Jesum
2252 4653 2544 4709 Christum
2574 4653 2924 4723 perveniam.
2961 4673 2990 4701 »
3023 4655 3205 4722 Atque
3233 4650 3351 4705 hac
3370 4649 3574 4719 Smyr-

1931 4762 2017 4800 me
2048 4744 2303 4814 scripsit.
2334 4743 2481 4799 Cum
2514 4750 2701 4797 autem
2734 4743 2957 4799 Troade
2988 4746 3161 4807 esset,
3203 4754 3304 4809 per
3349 4737 3572 4793 litteras

1931 4850 2066 4891 cum
2100 4832 2510 4903 Philadelphia
2540 4830 2784 4888 ecclesia
2824 4829 3145 4886 collocutus
3192 4830 3299 4883 est.
3350 4825 3575 4897 Episto-

1932 4923 2050 4979 lam
2109 4938 2345 4994 quoque
2384 4921 2456 4976 ad
2512 4925 2839 4994 Smyrnteos
2900 4918 3079 4984 dedit,
3112 4920 3169 4972 et
3226 4914 3406 4971 aliam
3439 4916 3577 4972 item

1933 5011 2180 5067 seorsim
2211 5009 2285 5066 ad
2327 5010 2663 5082 episcopum
2696 5023 2894 5064 eorum
2952 5005 3358 5078 Polycarpum,
3400 5002 3579 5060 simul

1931 5105 1988 5157 et
2017 5105 2082 5156 ut
2112 5101 2298 5156 virum
2331 5102 2591 5155 divinum
2629 5100 2940 5164 honorans,
2971 5100 3028 5151 et
3055 5093 3215 5151 velut
3261 5093 3576 5166 apostolico

1932 5190 2152 5263 pastori
2183 5190 2421 5262 (quippe
2450 5190 2652 5259 etipse
2691 5192 2887 5259 pastor
2914 5184 3122 5255 bonus)
3152 5198 3381 5255 gregem
3412 5198 3582 5238 com-

1934 5280 2216 5337 mendans
2250 5296 2263 5335 :
2297 5279 2509 5334 additis
2531 5290 2761 5349 quoque
2794 5274 3083 5347 precibus,
3108 5279 3173 5327 ut
3198 5288 3400 5327 curam
3422 5271 3581 5327 illius

1933 5369 2165 5430 habere.
2199 5379 2254 5424 et
2284 5384 2408 5437 quas
2441 5367 2661 5438 optima
2699 5369 2918 5432 essent,
2957 5378 3087 5419 eum
3133 5362 3338 5417 docere
3385 5358 3580 5416 vellet.

1934 5458 1996 5515 In
2021 5458 2263 5529 epistola
2302 5458 2373 5511 ad
2406 5457 2732 5529 Smyrna-os
2789 5453 2981 5509 verbis
3020 5451 3377 5524 quibusdam
3436 5449 3580 5506 insi-

1932 5548 2149 5622 gnibus
2179 5549 2249 5604 de
2305 5547 2531 5603 Christo
2592 5544 2963 5615 utitur;quaa
3017 5542 3169 5598 unde
3226 5539 3570 5613 desumpse-

1934 5638 2030 5710 rit,
2061 5653 2178 5696 non
2204 5635 2345 5695 satis
2375 5634 2496 5695 scio
2524 5648 2542 5693 :
2572 5655 2603 5686 «
2633 5633 2749 5707 Ego
2776 5647 2909 5692 vero
2940 5632 3114 5689 etiam
3140 5633 3272 5702 post
3308 5643 3576 5687 resurre-
