4016 6206
432 318 548 380 935

1726 310 2146 375 NIGEPHORI
2189 309 2542 373 CALLISTI

3724 316 3819 375 936

426 451 679 510 ctionem
712 451 770 509 in
794 467 982 519 carne,
1014 450 1227 523 inquit,
1263 465 1395 507 eum
1435 447 1572 516 vidi,
1602 448 1892 519 credoque
1946 461 2077 503 eum

2193 440 2251 498 δὲ
2307 442 2397 498 καὶ
2453 444 2515 498 τὸ
2577 442 2876 518 μαρτύριον
2934 441 3099 499 αὐτοῦ
3150 440 3286 511 οἶδε,
3341 442 3433 498 καὶ
3490 447 3604 498 τῶο
3636 441 3802 499 ἐπιστο

429 555 570 597 esse.
607 540 673 595 Et
701 555 830 594 cum
856 539 925 593 ad
953 542 1187 593 Petrum
1218 542 1275 593 et
1306 553 1405 593 eos
1464 535 1558 606 qui
1600 550 1734 591 cum
1793 549 1859 589 eo
1914 539 2080 589 erant

432 631 609 697 venit,
637 630 836 700 eisque
867 627 1062 683 dixit:
1105 628 1385 699 Accipite,
1446 629 1818 693 contrectato,
1878 630 1936 681 et
1988 626 2077 679 vi-

430 720 561 775 dete
590 734 679 775 me
711 735 823 773 non
857 733 984 773 esse
1016 718 1373 772 daemonium
1406 717 1850 786 incorporeum;
1883 715 2077 769 statim

430 825 563 865 eum
595 808 928 880 tetigerunt,
963 811 1019 863 et
1049 808 1442 864 crediderunt.
1478 827 1506 855 ››
1539 805 1646 861 Sed
1692 809 1747 860 et
1796 807 1925 875 Ipse
1966 806 2076 859 fre-

430 914 593 954 naus
617 898 956 970 martyrium
1016 898 1142 966 ejus
1201 897 1375 963 novit,
1407 900 1463 950 et
1520 894 1895 966 epistolarum
1954 896 2078 963 ejus

429 985 786 1043 mentionem
812 987 970 1040 facit:
1000 1006 1028 1035 «
1060 985 1563 1050 Quemadmodum
1592 988 1917 1037 nostrorum
1946 984 2077 1053 qui-

429 1077 559 1131 dam
592 1076 756 1142 dixit,
792 1079 1027 1146 propter
1053 1074 1471 1144 professionem
1506 1076 1683 1144 atque
1725 1071 2080 1126 testificatio-

429 1180 561 1220 nem
593 1166 663 1220 de
695 1169 805 1219 Deo
834 1165 903 1218 ad
937 1164 1151 1218 bestias
1184 1163 1606 1217 condemnatus
1640 1178 1653 1215 :
1700 1161 2079 1216 Frumentum

432 1271 563 1310 sum
603 1253 723 1322 Dei,
764 1257 821 1308 et
868 1269 968 1323 per
1016 1251 1331 1306 bestiarum
1391 1251 1594 1306 dentes
1644 1249 1983 1317 commolor,
2020 1259 2086 1308 ut

433 1358 621 1413 purus
680 1342 1061 1411 sincerusque
1115 1341 1379 1395 inveniar
1420 1340 1607 1410 panis.
1654 1360 1683 1389 »
1733 1339 2081 1410 Polycarpus

431 1437 651 1498 autem,
684 1431 743 1485 iu
766 1430 1134 1502 epistolasua
1151 1430 1222 1484 ad
1247 1429 1670 1500 Pbilippenses,
1694 1427 1855 1484 hisce
1885 1428 2079 1483 verbis

430 1522 559 1592 ejus
592 1521 883 1575 meminit:
924 1542 945 1567 ι
980 1518 1231 1575 Obsecro
1262 1518 1434 1590 igitur
1466 1534 1566 1572 vos
1593 1533 1819 1587 omnes,
1854 1524 1916 1571 ut
1944 1518 2083 1572 obe-

429 1608 603 1665 diatis
626 1608 839 1681 quibus
855 1608 1412 1676 debetis,etomnem
1437 1606 1778 1677 patientiam
1811 1621 2081 1662 exercea-

428 1699 526 1765 tis,
557 1714 733 1770 quam
768 1697 839 1752 ad
870 1698 1105 1752 oculum
1137 1696 1392 1764 vidistis,
1428 1712 1543 1749 non
1577 1696 1765 1751 solum
1802 1696 1858 1750 in
1896 1697 2081 1751 beatis

2185 529 2296 588 λῶν
2354 532 2520 589 αὐτοῦ
2580 532 2762 604 μνείαν
2822 536 3080 602 ποιεῖται,
3129 532 3354 608 γράφων
3410 531 3586 594 οὕτως
3619 550 3635 562 ’
3672 553 3698 585 ι
3746 534 3818 594 Ὠς

2185 621 2300 677 εἶπέ
2348 641 2432 683 τις
2477 625 2585 676 τῶν
2632 622 2916 696 ἡμετέρων
2970 618 3058 676 διὰ
3104 623 3203 691 τήν
3254 622 3391 697 πρὸς
3443 623 3574 677 θεὸν
3633 642 3819 698 μαρτυ-

2186 711 2301 786 ρίαν
2331 712 2675 786 κατακριθεῖς
2727 712 2865 787 πρὸς
2894 710 3059 787 θηρία
3091 731 3106 745 ·
3158 713 3284 769 ’Ότι
3332 712 3482 773 σῖτός
3532 711 3652 784 εἶμι
3687 716 3821 780 Θεοῦ,

2184 800 2274 855 καὶ
2335 798 2405 855 δι’
2476 798 2711 856 ὀδόντων
2785 799 2990 874 θηρίων
3069 800 3371 872 ἀλήθομαι,
3441 797 3535 854 *ίνα
3609 801 3822 874 καθαρὸς

2185 888 2345 961 ἄρτος
2397 890 2625 964 εὑρεθῶ.
2671 912 2700 941 ››
2760 888 3048 963 Μέμνηται
3097 887 3155 944 δὲ
3203 890 3368 945 αὐτοῦ
3413 891 3508 944 καὶ
3557 888 3824 964 Πολύκαρ·

2185 1000 2285 1041 πος
2315 979 2367 1034 ἐν
2418 983 2487 1054 τῇ
2536 981 2671 1050 πρὸς
2722 978 3136 1050 Φιλιππησίους
3178 980 3375 1033 τούτου
3403 979 3707 1053 ἐπιστολῇ.
3745 979 3821 1033 οὗ·

2185 1068 2319 1123 τωσί
2367 1090 2483 1131 πως
2531 1066 2740 1138 διεξιών
2776 1088 2788 1102 ·
2843 1093 2872 1121 ‹‹
2921 1067 3229 1143 Παρακαλῶ
3280 1066 3370 1123 οὖν
3415 1070 3622 1130 πάντας
3676 1069 3822 1139 ὑμᾶς,

2184 1162 2503 1236 πειθαρχεῖν
2582 1159 2672 1215 καὶ
2730 1160 2909 1214 ἀσκεῖν
2976 1166 3146 1215 πᾶσαν
3210 1160 3489 1232 ὑπομονὴν
3549 1160 3610 1228 ἣν
3676 1156 3823 1213 εἴδετε

2184 1250 2301 1305 κατ’
2332 1246 2672 1325 ὀφθαλμοὺς,
2707 1247 2767 1302 ού
2821 1249 2985 1320 μόνον
3035 1247 3087 1302 ἐν
3131 1253 3251 1306 τοῖς
3302 1247 3612 1322 μακαρίοις,
3661 1249 3823 1319 Ἰγνα-

2184 1337 2288 1411 τίῳ
2333 1339 2420 1392 καὶ
2482 1338 2696 1417 Ῥούφῳ
2744 1336 2833 1391 καὶ
2891 1337 3147 1410 Ζωσίμῳ,
3182 1336 3327 1392 ἄλλα
3383 1337 3472 1390 καὶ
3530 1335 3585 1391 ἐν
3643 1334 3821 1397 ἄλλοις

2188 1433 2308 1488 τοῖς
2341 1425 2391 1497 ἐξ
2432 1428 2619 1500 ἡμῶν,
2650 1427 2739 1481 καὶ
2790 1426 2841 1480 ἐν
2890 1426 3037 1499 αύτῷ
3081 1424 3287 1499 Παύλῳ
3317 1426 3405 1480 καὶ
3452 1431 3572 1489 τοῖς
3614 1424 3823 1485 λοιποῖς

2185 1514 2522 1577 ἀποστόλοις
2559 1534 2573 1549 ·
2622 1517 2973 1588 πεπεισμένοι
3024 1515 3106 1570 ὅτι
3152 1515 3309 1570 οὗτοι
3364 1514 3561 1577 πάντες
3614 1513 3717 1568 οὐκ
3760 1514 3823 1573 εἰς

2186 1604 2341 1660 κενὸν
2396 1603 2656 1679 ἔδραμον,
2703 1602 2836 1660 ἀλλ’
2877 1603 2929 1658 ἐν
2974 1605 3154 1659 πίστει
3201 1602 3293 1659 καὶ
3342 1601 3667 1677 δικαιοσύνῃ
3703 1622 3714 1634 ο
3750 1601 3822 1654 καὶ

2188 1694 2273 1748 ὅτι
2333 1693 2409 1757 είς
2457 1694 2549 1747 τὸν
2608 1691 2965 1767 ὀφειλόμενον
3040 1691 3224 1754 αὐτοῖς
3298 1692 3466 1746 τόπον
3523 1691 3630 1746 εἶσὶ
3705 1691 3827 1761 παρὰ

427 1789 565 1844 viris
594 1787 819 1858 Ignatio
858 1791 914 1842 et
945 1786 1090 1841 Rufo
1116 1791 1173 1840 et
1203 1785 1454 1854 Zosimo,
1486 1785 1585 1839 sed
1633 1785 1807 1839 etiam
1859 1785 1912 1839 in
1953 1784 2079 1838 aliis

2191 1783 2394 1857 Κυρίῳ,
2541 1783 2633 1837 καὶ
2682 1783 3001 1839 συνέπαθον.
3051 1781 3124 1838 0'5
3182 1782 3286 1858 γὰρ
3328 1781 3421 1835 τὸν
3474 1785 3570 1835 νῦν
3621 1780 3823 1857 ἠγαπη-

430 1880 640 1930 ῐιοειτω
674 1875 1053 1947 professionis
1084 1873 1451 1941 hominibus,
1480 1878 1659 1944 atque
1688 1875 1830 1929 adeo
1865 1874 1920 1929 in
1957 1874 2086 1944 ipso

431 1964 608 2019 Paulo
634 1968 689 2017 ot
719 1962 958 2032 reliquis
980 1964 1279 2032 apostolis,
1312 1962 1454 2016 illud
1492 1979 1830 2035 persuasum
1877 1963 2090 2017 baben-

428 2068 518 2109 ses
547 2052 699 2123 quod
734 2051 817 2105 illi
850 2067 1057 2108 omnes
1082 2068 1193 2105 non
1231 2051 1286 2104 in
1325 2067 1539 2105 vanum
1574 2051 1953 2117 cucurrerint,
1987 2051 2087 2105 sed

437 2138 498 2193 in
534 2138 646 2193 fide
674 2142 731 2193 et
753 2137 1072 2208 justitia,et
1093 2138 1242 2208 quod
1276 2136 1335 2191 in
1368 2138 1558 2193 debito
1580 2138 1984 2209 destinatoque
2006 2138 2088 2193 cis

441 2226 568 2283 loco
599 2227 718 2281 sint
748 2228 896 2297 apud
930 2225 1372 2290 Dominum,cui
1395 2226 1570 2281 etiam
1602 2242 1728 2282 com
1743 2227 1895 2296 passi
1926 2231 2086 2281 sunt.

441 2306 567 2363 Non
582 2307 740 2362 enim
758 2322 1011 2378 praesens
1024 2306 1305 2376 complexi
1324 2308 1952 2364 amaveruntsaaculum
1966 2307 2089 2373 ,sed

441 2411 573 2452 eum
606 2396 705 2466 qui
730 2412 830 2465 pro
854 2396 1022 2450 nobis
1047 2399 1309 2450 mortuus
1331 2406 1433 2463 est,
1457 2401 1513 2451 et
1541 2397 1638 2465 qui
1662 2404 1893 2468 propter
1924 2413 2027 2453 nos
2057 2415 2090 2451 a

444 2485 559 2543 Deo
588 2489 676 2542 est
699 2485 1094 2540 resuscitatus.
1121 2504 1146 2537 ι
1173 2484 1324 2541 251
1376 2485 1455 2542 De
1493 2487 1746 2555 epistolis
1791 2487 1873 2541 ita
1943 2486 2088 2541 scri—

443 2575 565 2631 bit:
599 2596 628 2623 «
650 2573 979 2643 Scripsistis
1030 2573 1169 2628 mihi
1197 2579 1253 2629 et
1275 2590 1394 2641 vos,
1426 2580 1481 2630 et
1529 2575 1813 2647 lgnatius,
1848 2581 1910 2630 ut
1957 2592 2087 2631 cum

444 2663 577 2734 quis
603 2662 661 2717 in
694 2661 919 2734 Syriam
954 2661 1104 2729 ierit,
1134 2660 1355 2717 litteras
1384 2664 1454 2717 ad
1483 2679 1585 2719 vos
1616 2665 1864 2734 perferat
1895 2680 1907 2720 :
1934 2666 2085 2735 quod

442 2749 675 2822 quidem
708 2749 944 2815 curabo,
977 2754 1369 2821 opportunum
1389 2756 1857 2823 nactustempus,
1880 2753 1965 2806 vel
1986 2768 2088 2823 ego

441 2839 584 2910 ipse,
608 2840 694 2897 vel
724 2839 775 2894 is
802 2855 975 2910 quem
1009 2840 1195 2907 mitto,
1232 2841 1329 2911 qui
1353 2841 1430 2895 sit
1470 2859 1565 2912 pro
1604 2842 1768 2897 nobis
1822 2844 2086 2898 nuntium

435 2929 537 2985 lllo
571 2927 915 2999 perlaturus.
954 2927 1235 2998 Epistolas
1269 2930 1481 3000 lgnatii
1511 2933 1582 2985 ab
1612 2948 1680 2986 eo
1708 2933 1776 2986 ad
1813 2950 1919 2988 nos
1945 2934 2088 2990 mis-

435 3034 553 3086 sas,
577 3025 631 3072 et
662 3016 804 3073 alias
835 3018 996 3083 item,
1029 3034 1177 3089 quas
1211 3019 1512 3073 nobiscum
1555 3021 1886 3089 habuimus,
1918 3022 1998 3076 ita
2029 3033 2090 3078 ut

2193 1893 2286 1926 σαν
2317 1874 2510 1940 αἰῶνα,
2543 1869 2689 1926 ἀλλᾶ
2732 1871 2824 1926 τὸν
2881 1872 3015 1945 ὑπὲρ
3063 1873 3222 1943 ἡμῶν
3258 1871 3625 1939 ἀποθανόντα,
3656 1872 3737 1924 καὶ
3766 1866 3824 1922 δι’

2192 1963 2342 2032 ἡμᾶς
2399 1960 2502 2015 ὑπὸ
2550 1964 2647 2014 τοῦ
2695 1964 2827 2015 Θεοῦ
2877 1960 3193 2015 ἀναστάντα.
3227 1982 3257 2012 ››
3289 1960 3445 2028 Ἑξῆς
3485 1959 3533 2014 δ’
3562 1956 3824 2033 ἐπιφέρειθ

2195 2073 2220 2102 ις
2256 2050 2557 2123 Ἐγράψατέ
2610 2069 2702 2121 μοι
2759 2048 2849 2103 καὶ
2910 2048 3065 2119 ὑμεῖς
3122 2048 3211 2103 καὶ
3273 2049 3553 2125 Ἰγνάτιος,
3603 2045 3697 2101 ἵνα
3748 2046 3819 2100 iis

2191 2160 2275 2200 τις
2327 2139 2635 2213 ἂπέρχηται
2680 2138 2757 2200 εἰς
2810 2137 3026 2211 Συρίαν,
3079 2138 3167 2192 καὶ
3217 2137 3285 2191 τὰ
3328 2138 3454 2211 παρ’
3502 2138 3669 2207 ἡμῶν
3713 2137 3825 2189 ἄπο-

2194 2229 2399 2302 κομίσῃ
2459 2226 2800 2301 γράμματα’
2856 2226 2989 2301 ὅπερ
3037 2228 3279 2297 ποιήσω,
3309 2226 3399 2281 ἐὰν
3448 2220 3609 2281 λάϐω
3658 2226 3822 2298 καιρὸν

2194 2315 2427 2386 εὔθετον,
2486 2315 2594 2371 εἴτε
2654 2316 2781 2390 ἐγὼ,
2842 2314 2947 2371 εἴτε
3021 2316 3081 2371 ’ὸν
3156 2317 3358 2389 πέμπω
3421 2310 3825 2391 πρεσϐεύσοντα,

2194 2406 2283 2461 καὶ
2315 2405 2458 2479 ξπερὶ
2512 2406 2685 2477 ὑμῶν.
2730 2406 2834 2466 Τὰς
2900 2404 3194 2468 ἐπιστολὰς
3244 2405 3501 2482 Ἰγνάτίου
3558 2406 3658 2467 τὰς
3710 2424 3828 2474 πεμ-

2195 2496 2414 2569 φθείσας
2453 2496 2589 2563 ἡμῖν
2638 2494 2730 2550 ἀπ’
2776 2493 2965 2566 αὐτοῦ,
2995 2495 3084 2549 καὶ
3133 2492 3306 2556 ἄλλας
3359 2494 3422 2556 ’ἀς
3462 2493 3691 2569 εἴχομεν
3717 2493 3828 2564 παρ’

2193 2588 2354 2658 ἡμῖν,
2402 2583 2720 2659 ἐπέμψαμεν
2782 2584 2929 2658 ὑμῖν,
2978 2585 3163 2645 καθὼς
3220 2583 3590 2639 ένετείλασθεο
3652 2581 3825 2642 α’ίτινες

2198 2671 2623 2748 ὑποτεταγμέναι
2672 2673 2774 2727 εἰσί
2822 2677 2891 2747 τῇ
2941 2673 3205 2744 ἐπιστολῇ
3254 2673 3423 2747 ταύτῃ
3453 2692 3467 2705 ⁸
3522 2673 3576 2743 ἐξ
3616 2673 3691 2727 ὧν
3737 2692 3827 2747 με-

2192 2761 2333 2837 γαλα
2381 2761 2735 2836 ὠφεληθῆναι
2782 2758 3106 2831 δυνήσεσθε·
3142 2763 3460 2836 περιέχουσι
3510 2763 3615 2836 γὰρ
3661 2761 3823 2815 πίστιν

2193 2849 2284 2903 καὶ
2346 2849 2628 2921 ὖπομονὴν
2679 2850 2769 2904 καὶ
2826 2854 2999 2903 πᾶσαν
3054 2847 3356 2923 οἰκοδομήν
3412 2850 3515 2918 τήν
3597 2851 3673 2911 είς
3744 2848 3823 2902 τὸν

2195 2940 2393 3014 Κύριον
2453 2942 2615 3014 ἡμῶν
2676 2942 3002 3010 ἀνήκουσαν.
3037 2965 3063 2992 »
3116 2941 3203 2996 Ἐν
3261 2938 3319 2996 δὲ
3373 2941 3564 3013 Ῥώμῃ
3619 2941 3826 3015 γενόμε-

2191 3049 2305 3091 νος,
2364 3030 2455 3083 καὶ
2526 3028 2806 3090 ποικίλαις
2890 3030 3147 3104 βασάνοις
3205 3028 3500 3102 έξετασθεῖς
3553 3028 3823 3103 πρότερον,

426 3106 709 3178 jussistis,
755 3108 825 3160 ad
887 3122 985 3161 vos
1043 3108 1353 3176 misimus;
1397 3124 1527 3179 quae
1584 3111 1821 3180 quidem
1881 3112 2079 3165 litteri8

2194 3119 2284 3173 καὶ
2347 3114 2516 3190 μηδέν
2574 3139 2625 3173 τι
2677 3122 2776 3173 τοῦ
2833 3121 3206 3192 προσήκοντος
3251 3119 3508 3195 καθυφεὶς
3559 3121 3827 3196 φρονήμιμ

432 3211 604 3253 nesce
626 3196 840 3251 nostris
870 3202 1007 3250 sunt
1033 3197 1343 3266 adjuncta,
1375 3198 1586 3268 quibus
1618 3199 1863 3254 multum
1913 3201 2082 3270 adju-
2113 3194 2155 3214 “⁴

434 3286 552 3341 vari
593 3285 851 3356 poteriis.
901 3285 1384 3357 Complectuntur
1440 3288 1595 3342 enim
1645 3288 1839 3356 ﬁdem,
1877 3295 1934 3344 et
1992 3307 2083 3361 pa-

434 3365 730 3441 tienliam,
763 3378 820 3429 et
857 3374 1294 3431 aedificationem
1327 3392 1580 3443 omnem,
1612 3393 1734 3446 qum
1783 3380 1849 3432 ad
1885 3379 2080 3433 Domi-

433 3479 571 3519 num
608 3468 870 3519 nostrum
905 3465 1169 3520 refertur.
1205 3485 1233 3514 ››
1269 3464 1465 3519 Romae
1495 3481 1666 3534 porro
1721 3484 1854 3522 cum
1916 3468 2079 3539 prius

428 3552 590 3608 varia
645 3557 934 3608 tormenta
992 3552 1347 3623 pertulisset,
1383 3571 1568 3626 neque
1627 3557 1949 3628 quidquam
2009 3560 2079 3613 de

430 3644 725 3699 constanti
803 3643 1148 3714 decentique
1221 3660 1330 3699 sua
1395 3648 1691 3702 sententia
1751 3647 2080 3704 remisisset

431 3738 727 3803 postremo
759 3733 817 3788 in
853 3734 1039 3789 medio
1072 3735 1296 3789 theatro
1336 3736 1565 3791 duobus
1596 3736 1864 3793 leonibus
1914 3740 2079 3810 obje-

2194 3227 2310 3273 τος,
2336 3206 2493 3268 τέλος
2526 3206 2613 3260 έπὶ
2668 3208 2833 3280 μέσου
2879 3208 3104 3281 θεάτρου
3156 3205 3274 3261 δυσῖ
3317 3206 3503 3262 λέουσι
3548 3202 3827 3279 παραϐλη-

2194 3295 2325 3359 θεὶς,
2367 3294 2515 3350 τέλει
2561 3300 2658 3350 τοῦ
2710 3297 3013 3371 μαρτυρίου
3059 3297 3362 3371 ἐχρήσατο.
3408 3301 3530 3351 Τῶν
3574 3296 3668 3352 οὖν
3712 3317 3830 3370 σαρ-

2191 3388 2301 3437 κῶν
2353 3383 2518 3438 αὐτοῦ
2567 3385 2658 3438 καὶ
2713 3389 2821 3439 τῶν
2882 3384 3245 3459 ἁπαλωτέρων
3310 3384 3514 3440 ὀστέων
3564 3384 3828 3456 καταόρω-

2192 3473 2409 3536 θέντων,
2471 3475 2569 3528 ὅσα
2641 3478 2751 3528 τῶν
2826 3472 3193 3550 στερῥοτέρων
3272 3474 3600 3551 ὑπελείφθη,
3656 3474 3831 3549 χρόνῳ

2188 3560 2388 3633 πολλῷ
2443 3561 2661 3636 ὕστερον
2706 3562 2766 3616 ἐκ
2812 3565 3033 3634 Ῥώμης
3083 3562 3159 3625 εἷς
3204 3564 3548 3637 Ἀντιόχειαν
3595 3564 3648 3618 οἱ
3699 3563 3831 3618 ἐκεί-

2187 3673 2281 3706 νου
2312 3653 2572 3708 θιασῶται
2603 3653 2898 3729 ἀνήγαγον.
2921 3655 3163 3711 Τοιαῦτα
3190 3655 3280 3709 καὶ
3308 3655 3375 3708 τὰ
3405 3655 3547 3710 κατὰ
3576 3654 3671 3709 τὸν
3697 3655 3827 3709 θεῖον

2192 3744 2444 3817 Ἰγνάτιόν
2457 3786 2468 3797 .

428 3829 583 3891 ctus,
616 3825 895 3895 martyrio
926 3828 1015 3878 est
1057 3823 1409 3879 defunctus:
1443 3834 1495 3879 et
1525 3842 1731 3883 carnes
1780 3829 2016 3900 quidem
2079 3833 2206 3903 ejus
2264 3839 2442 3904 atque
2494 3851 2628 3889 ossa
2678 3836 2964 3892 teneriora
3003 3837 3204 3892 bestia:
3270 3835 3660 3892 devorarunt:
3691 3850 3828 3905 qua:-

433 3929 667 3985 cunque
699 3918 893 3969 autem
931 3913 1188 3968 ﬁrmiora
1219 3914 1442 3985 reliqua
1473 3915 1649 3985 tuere,
1683 3917 1862 3974 multo
1880 3920 2157 3991 deinceps
2186 3927 2447 3995 tempore
2472 3925 2653 3981 Roma
2685 3925 3048 3981 Antiochiam
3088 3926 3162 3981 ab
3199 3924 3498 3981 sodalibus
3546 3924 3830 3983 sectatori-

426 4002 656 4076 busque
673 4005 802 4073 ejus
829 4011 968 4058 sunt
996 4003 1236 4074 perlata.
1268 4005 1396 4059 Haec
1428 4006 1499 4061 de
1522 4008 1647 4079 ipso
1687 4008 1882 4066 divino
1915 4010 2157 4079 lgnatio.

1066 4151 1297 4207 CAPUT
1332 4152 1454 4208 XX.

429 4255 504 4312 De
534 4254 714 4324 Papia
745 4255 1085 4330 Hierapolim
1115 4275 1134 4311 :
1160 4267 1213 4312 et
1241 4272 1365 4327 quae
1405 4259 1472 4330 a_b
1528 4275 1612 4326 ea,
1662 4269 1868 4330 praeter
1922 4278 2078 4319 οοηι-

596 4340 815 4380 munem
844 4326 1181 4397 Opinionem,
1207 4326 1492 4385 Memoriae
1518 4332 1629 4384 sint
1658 4326 1903 4402 prodita.

499 4448 705 4520 Papias
733 4465 869 4505 vero
904 4450 1363 4519 Hierapolitanus
1403 4457 1459 4510 et
1498 4455 1621 4527 ipse
1658 4458 1775 4513 vita
1832 4463 2065 4528 aposto-

425 4540 539 4597 lica
560 4538 751 4595 clarus
774 4538 904 4607 fuit,
923 4539 1226 4611 multaque
1259 4541 1520 4599 Ecclesiae
1553 4547 1772 4617 scripta
1796 4547 2063 4620 reliquit:

427 4644 676 4701 quorum
712 4627 973 4700 quinque
1014 4631 1265 4699 tantum,
1309 4648 1437 4703 quea
1479 4633 1907 4692 Dominicorum
1969 4654 2079 4692 ser-

429 4732 667 4773 monum
713 4717 1129 4789 expositionem
1191 4720 1507 4790 inscripsit,
1562 4723 2077 4781 circumferuntur.

428 4814 635 4863 Eorum
678 4806 929 4863 Irenaeus
965 4825 1194 4880 quoque
1253 4812 1608 4867 mentionem
1667 4814 1826 4881 facit,
1860 4817 1939 4871 ita
1995 4816 2078 4871 in-

425 4898 633 4970 quiens
665 4915 678 4954 :
716 4918 746 4948 «
779 4896 859 4953 De
886 4897 959 4953 iis
991 4897 1220 4970 Papias,
1254 4899 1500 4956 Joannis
1531 4903 1771 4974 quidem
1822 4904 2075 4976 auditor,

425 4988 725 5059 Polycsrpi
757 4993 950 5045 autem
997 4989 1237 5058 sodalis,
1272 4990 1360 5046 vir
1419 4992 1662 5063 priscus,
1724 4997 1939 5067 scripto
1989 5001 2074 5052 te-

424 5084 634 5146 statur,
659 5077 715 5133 in
734 5086 942 5149 quarto
964 5080 1279 5137 voluminis
1311 5082 1399 5137 sui
1451 5083 2074 5157 libro.Quinqueeuim

422 5169 765 5239 composuit.
804 5188 829 5220 »
866 5169 1071 5240 Papias
1105 5187 1270 5241 porro
1301 5173 1444 5240 ipse,
1506 5172 1565 5229 in
1613 5176 1895 5230 Prnmmio
1928 5176 2074 5230 scri-

425 5263 658 5330 ptorum
695 5274 961 5327 suorum,
995 5277 1053 5316 se
1086 5261 1271 5317 oculis
1302 5264 1426 5318 suis
1472 5264 1765 5336 apostolos
1826 5284 1937 5322 non
1985 5268 2072 5319 vi-

425 5347 604 5419 disse,
639 5349 733 5403 sed
765 5346 898 5404 ﬁdei
931 5351 1343 5420 professionem
1391 5352 1464 5409 ab
1521 5354 1604 5410 eis
1637 5355 1736 5427 qui
1782 5355 1901 5413 illis
1950 5355 2074 5411 noti

423 5442 597 5506 atque
647 5435 956 5493 familiares
990 5440 1245 5507 fuerunt,
1279 5441 1647 5508 addidicisse,
1683 5445 1842 5501 hisce
1882 5443 2074 5500 verbis

423 5521 615 5577 innuit
655 5540 669 5579 :
706 5543 733 5574 ‹‹
765 5524 888 5581 Non
934 5527 1214 5598 gravabor
1252 5529 1432 5598 enim,
1464 5529 1672 5604 inquit,
1707 5547 2071 5605 quaecunque

422 5626 454 5667 ι
486 5612 838 5684 presbyteris
867 5622 1019 5671 recte
1049 5616 1252 5683 didici,
1287 5632 1355 5673 ac
1389 5624 1542 5675 recte
1563 5622 1856 5678 memoriae
1895 5636 2067 5678 mau-

2815 4166 3070 4218 ΚΕΦΔΛ.
3116 4162 3197 4218 Κ’.

2186 4265 2345 4340 Περὶ
2383 4266 2996 4340 τοῦΑἹεραπολίτου
3040 4267 3275 4340 Παπία,
3316 4267 3591 4322 καὶτῶν
3633 4286 3824 4339 παρα-

2501 4334 2705 4411 δόξως
2745 4337 3239 4413 ἱστορηθέντων
3262 4334 3481 4411 αὐτῷ.

2249 4462 2458 4524 Παπίας
2516 4459 2562 4516 δ’
2609 4464 2637 4518 ὁ
2675 4461 3051 4537 Ἱεραπολίτης
3108 4462 3463 4537 ἀποστολικῷ
3530 4464 3625 4519 καὶ
3677 4462 3826 4523 οὗτος

2178 4547 2479 4625 διαπρέψας
2541 4551 2665 4626 βίῳ,
2703 4549 2889 4607 πολλᾶ
2945 4553 3349 4628 συγγράμματα
3397 4556 3467 4626 τῇ
3527 4550 3829 4621 Ἐκκλησία

2186 4640 2483 4694 κατέλιπε·
2535 4639 2694 4695 πέντε
2742 4637 2789 4694 δ’
2840 4640 2933 4694 οὖν
2990 4640 3137 4713 αύτῷ
3202 4641 3341 4712 μόνα
3391 4641 3636 4715 έφὲρετο,
3669 4640 3705 4696 ἃ
3751 4640 3812 4694 λο

2186 4727 2318 4800 γίων
2370 4733 2650 4802 Κυριακῶν
2698 4728 2996 4804 ἐπέγραψεν
3051 4728 3383 4803 ἐξηγήσεως.
3424 4735 3519 4785 Ὧν
3588 4731 3685 4784 καὶ
3748 4728 3833 4786 Ei-

2189 4823 2412 4890 ρηναῖος
2458 4818 2642 4891 μνείαν
2686 4825 2947 4887 ποιεῖται,
2979 4819 3126 4875 οὕτω
3171 4822 3423 4897 φάσκων·
3459 4846 3488 4873 ‹‹
3527 4826 3711 4877 Ταῦτα
3748 4820 3830 4876 καὶ

2190 4906 2418 4977 Παπίας,
2476 4909 2729 4966 ’[ωάννου
2813 4909 2906 4981 μὲν
2978 4909 3272 4980 ἀκουστὴς,
3346 4910 3721 4983 Πολυκᾶρπου
3783 4907 3834 4963 δὲ

2186 4993 2397 5069 ἑταῖρος
2449 4997 2710 5071 γεγονὼς,
2762 4997 2994 5072 ἀρχαῖος
3044 4998 3206 5072 ἀνὴρ,
3254 4998 3541 5075 ἐγγράφως
3603 4999 3834 5072 ἐπιμαρο

2183 5090 2335 5158 τυρεῖ
2382 5084 2433 5139 έν
2482 5090 2551 5160 τῇ
2594 5087 2825 5161 τετάρτῃ
2879 5090 2985 5141 τῶν
3028 5086 3223 5141 ἑαυτοῦ
3259 5081 3493 5161 βιϐλίων
3519 5108 3533 5121 ο
3571 5086 3696 5142 ἔστι
3743 5087 3833 5159 γαρ

2186 5170 2332 5244 αὐτῷ
2380 5176 2533 5229 πέντε
2585 5168 2777 5248 βιϐλία
2834 5175 3249 5251 συντεταγμένα.
3289 5174 3562 5235 »Παπίας
3626 5172 3688 5230 δὲ
3744 5171 3836 5226 οὐκ

2184 5260 2457 5332 αὒτόπτην
2513 5264 2699 5318 ἑαυτὸν
2750 5262 2801 5317 ἐν
2851 5266 2932 5334 τῷ
2978 5263 3260 5337 προοιμίῳ
3316 5270 3418 5334 τῆς
3471 5260 3682 5340 βίϐλου
3738 5265 3837 5318 τῶν

2185 5351 2505 5407 ἀποστόλων
2535 5351 2717 5427 λέγει’
2765 5353 2831 5407 τὲ
2862 5347 2918 5406 δὶ
2948 5358 3047 5421 τῆς
3075 5351 3309 5413 πίστεως
3361 5351 3654 5430 εἰληφέναι
3712 5347 3833 5431 φησί

2183 5441 2328 5513 παρᾶ
2376 5445 2482 5497 τῶν
2536 5441 2763 5504 ἐκείνοις
2814 5440 3132 5517 γνωρίμων,
3181 5438 3253 5497 δι’
3298 5442 3373 5496 ὧν
3419 5441 3834 5515 ἐπισημαίνεται

2184 5528 2382 5601 λέξεων
2409 5549 2422 5563 ⁸
2459 5554 2486 5584 ιι
2518 5532 2630 5589 Οὐκ
2677 5531 2892 5601 ὀκνήσω
2942 5531 3043 5606 γάρ
3084 5552 3190 5595 σοι,
3224 5530 3383 5609 φησὶ,
3418 5532 3512 5587 καὶ
3558 5532 3669 5586 ὅσα
3715 5527 3833 5584 ποτὲ

2182 5618 2330 5696 παρὰ
2384 5625 2492 5674 τῶν
2560 5616 2947 5694 πρεσϐυτέρων
3004 5619 3189 5684 καλῶς
3245 5614 3451 5695 ἔμαθον
3508 5621 3603 5677 καὶ
3663 5618 3832 5676 καλῶς
