4084 6208
212 349 332 412 937

221 484 625 558 ἐμνημόνευσα,
675 480 948 552 συντάξαι,
977 486 1097 544 ταῖς
1147 480 1462 557 ἑρμηνείαις
1512 475 1858 537 διαϐεϐαιού-
1885 497 1941 566 Α

213 593 379 647 μενος
433 572 567 646 ὑπὶρ
625 571 804 626 αὐτῶν
863 569 1147 642 ἀλήθειαν.
1208 569 1282 627 Οὔ
1336 571 1437 647 γάρ
1495 575 1611 632 τοῖς
1669 568 1857 627 πολλὰ

209 661 463 738 λεγουσιν
514 657 755 736 ἔχαιρον,
805 657 985 734 ὥσπερ
1035 661 1086 714 οἱ
1135 657 1365 728 πολλοὶ,
1409 657 1553 713 ἀλλᾶ
1592 663 1710 720 τοῖς
1757 657 1855 713 τά-

209 749 359 821 ληθῆ
405 747 785 805 διδάσκουσιν*
829 746 962 804 οὐδὲ
997 754 1115 812 τοῖς
1155 749 1251 811 τάς
1290 746 1592 822 ἀλλοτρίας
1633 746 1854 811 ἐντολὰς

209 840 679 914 μνημονεύουσιν,
730 837 876 894 ἀλλά
905 844 1024 903 τοῖς
1068 840 1166 903 τὰς
1201 838 1348 913 παρὰ
1385 843 1482 894 τοῦ
1533 837 1732 914 Κυρίου
1781 841 1851 913 τῇ

207 931 388 986 πίστει
449 927 758 1002 δεδομένας,
818 929 910 983 καὶ
965 929 1094 1004 παρ’
1153 930 1323 999 αὐτῆς
1394 929 1855 1006 παραγινομένοις

205 1026 310 1090 τῆς
364 1019 643 1091 ἀληθείας.
694 1018 758 1076 Et
810 1016 868 1074 δέ
915 1039 1020 1074 που
1068 1019 1158 1073 καὶ
1213 1017 1722 1094 παρηκολουθηκώς
1771 1040 1854 1082 τις

206 1114 328 1171 τοῖς
359 1103 747 1184 πρεσϐυτέροις
780 1101 955 1177 ἔλθοι,
987 1106 1115 1170 τοὺς
1146 1111 1252 1162 τῶν
1303 1102 1678 1182 πρεσϐυτέρων
1729 1106 1856 1162 ἀνέ-

205 1219 393 1270 κρινον
439 1196 636 1273 λόγους
661 1215 673 1226 °
719 1195 772 1251 τί
823 1194 1098 1266 ’Δνδρέας,
1129 1197 1164 1267 ἢ
1195 1197 1247 1250 τί
1282 1195 1484 1271 Πέτρος
1533 1195 1702 1267 εἶπεν,
1733 1195 1767 1266 ἢ
1799 1196 1853 1250 τί

207 1292 433 1360 Θωμᾶς,
465 1288 501 1358 ἢ
534 1285 835 1354 Φίλιππος,
867 1284 902 1354 ἢ
952 1286 1005 1340 τί
1057 1286 1267 1357 Σίμων,
1317 1284 1354 1354 ἢ
1402 1280 1685 1358 Ἰάκωϐος,
1725 1286 1760 1356 ἢ
1800 1284 1853 1340 τί

202 1376 490 1450 Ἰωάννης,
518 1375 552 1444 ἢ
585 1377 864 1438 Mat-Gaio:
888 1393 900 1404 '
934 1375 968 1444 ἢ
1007 1396 1091 1436 τις
1135 1372 1317 1450 ἕτερος
1367 1378 1476 1429 τῶν
1505 1379 1607 1429 τοῦ
1655 1374 1854 1449 Κυρίου

210 1468 496 1539 μαθητῶν,
545 1465 579 1520 ἅ
623 1485 680 1518 τε
729 1462 1016 1538 Ἀριστίων
1066 1465 1156 1520 καὶ
1189 1465 1216 1519 ὁ
1256 1460 1619 1540 πρεσϐύτερος
1669 1465 1852 1520 Ἰωάν-

200 1577 330 1627 νης,
371 1560 468 1611 τοῦ
516 1553 721 1630 Κυρίου
772 1556 1032 1626 μαθηταῗ,
1084 1555 1350 1630 λέγουσιν.
1403 1552 1481 1613 Οῦ
1529 1554 1632 1631 γὰρ
1679 1555 1748 1610 τά
1795 1555 1854 1609 ἐκ

201 1650 314 1700 τῶν
352 1640 584 1720 βιϐλίων
613 1643 867 1700 τοσοῦτόν
904 1664 972 1717 με
1003 1643 1231 1721 ὠφελεῖν
1273 1639 1684 1716 ὑπελάμϐανον,
1728 1644 1852 1698 ὅσον

201 1737 271 1790 τά
320 1737 466 1811 παρά
517 1735 695 1805 ζώσης
746 1740 933 1810 φωνῆς
982 1733 1071 1788 καὶ
1124 1732 1413 1806 μενούσης.
1458 1757 1485 1784 ››
1533 1732 1847 1806 Ἐπισημή..

199 1824 395 1878 νασθαι
443 1820 500 1877 δὲ
537 1823 675 1900 χρὴ,
717 1822 792 1882 ὡς
833 1819 916 1883 δῖς
965 1823 1062 1890 τήν
1111 1821 1364 1877 Ἰωάννου
1413 1821 1735 1894 ὁμωνυμίαν
1767 1824 1847 1893 τῷ
1883 1869 1929 1935 Β

340 1913 415 1935 ,_!_
494 1932 592 1935 ,_,__
644 1909 931 1935 _-_-_--\l,_-_
969 1931 980 1935 -
1041 1911 1108 1935 3'...
1161 1911 1256 1935 _,‘,,_
1305 1911 1392 1935 αλ..
1448 1915 1561 1935 _-‘_'-
1613 1909 1816 1935 2._A__I

205 1913 599 1990 συγγράμματι
644 1909 936 1988 καταλέγει
968 1931 980 1944 ο
1035 1911 1109 1965 ὧν
1158 1911 1258 1980 τήν
1300 1911 1394 1982 μὶν
1445 1915 1562 1972 τοῖς
1605 1909 1852 1966 ἀποστό-

206 2002 332 2064 λοις
391 1999 803 2077 συγκαταλέγει,
875 1999 950 2062 ὡς
996 1998 1110 2073 ἒξόν
1169 1999 1304 2054 εἶναι
1352 1998 1444 2054 τὸν
1495 1998 1852 2076 ἠγαπημένον

204 2097 387 2148 νοεῖνο
434 2095 502 2165 τῇ
552 2089 609 2146 δὲ
663 2088 1013 2164 προστίθησιν
1074 2089 1416 2165 ’Δριστίωνα,
1462 2091 1550 2145 καὶ
1606 2085 1852 2166 πρεσϐύ-

205 2202 366 2258 τερον
424 2181 722 2256 ἀνομάζειο
780 2180 842 2235 οὗ
900 2201 1042 2242 τινες
1090 2179 1450 2254 ἀγνοήσαντες
1493 2180 1592 2249 τὴν
1636 2180 1852 2253 ὁμωνυ-

211 2274 367 2346 μίαν,
407 2271 501 2333 τάς
536 2272 671 2345 μετά
694 2271 795 2340 τὴν
827 2270 1050 2344 πρώτην
1084 2267 1178 2324 δύο
1227 2266 1558 2332 Ἐπιστολᾶς
1597 2269 1852 2325 Ἰωάννου

204 2361 302 2416 καὶ
335 2362 433 2428 τήν
466 2359 840 2434 Ἀποκάλυψιν
885 2359 1020 2414 εἶναι
1071 2357 1326 2431 ἐνόμισαν
1351 2379 1364 2390 '
1407 2357 1460 2414 έν
1493 2357 1700 2436 Ἐφέσῳ
1745 2357 1848 2434 γὰρ

203 2451 300 2505 καὶ
333 2451 493 2513 οὗτος
523 2451 551 2504 6
594 2443 960 2524 πρεσϐύτερος
1003 2443 1294 2521 διατρίϐων
1323 2449 1414 2518 ἦν,
1467 2445 1586 2503 ἔνθα
1626 2447 1716 2502 καὶ
1748 2443 1848 2502 δύο

205 2543 468 2614 μνήματα
517 2539 676 2617 λόγος
735 2539 894 2594 είσέτι
955 2539 1218 2607 σώζεσθαι
1269 2537 1549 2618 ἀμφότερα
1596 2537 1848 2596 Ἰωάννου

203 2634 450 2702 μνημεῖα
511 2627 821 2701 ὁμωνύμως
866 2625 1153 2703 λεγόμενα.
1209 2627 1357 2682 Ἐπεὶ
1416 2623 1464 2681 δ’
1494 2627 1522 2680 6
1556 2626 1846 2701 εἰρημένος

205 2720 423 2781 Παπίας
469 2719 556 2772 καὶ
609 2715 754 2772 ἄλλα
810 2715 931 2772 τινὰ
977 2713 1252 2790 παράδοξα
1300 2716 1506 2790 ἱστορεῖ
1552 2720 1672 2780 ταῖς
1715 2717 1847 2772 ἑαυ-

200 2813 307 2864 τοῦ
339 2805 581 2883 βίϐλοις,
614 2807 689 2868 ὡς
730 2805 790 2861 ἐκ
827 2803 1177 2880 παραδόσεως
1223 2810 1333 2861 τῶν
1380 2806 1488 2881 πρὸ
1531 2803 1738 2862 ἔκείνου
1771 2805 1848 2870 εἷς

199 2898 366 2955 αὐτὸν
408 2895 655 2968 ἐλθόντα,
689 2895 814 2972 φέρε
859 2896 949 2950 καὶ
989 2894 1113 2970 περὶ
1152 2893 1361 2951 τούτων
1407 2895 1617 2970 βραχέα
1655 2893 1850 2968 διαλη-

204 2990 460 3065 ψώμεθα.
509 2987 716 3044 Αὐτίκα
762 2988 866 3064 γὰρ
915 2988 1006 3042 τὸν
1052 2987 1188 3043 κατὰ
1235 2987 1335 3057 τήν
1379 2985 1688 3062 Ἱεράπολιν
1738 2987 1848 3044 Φί-

201 3078 436 3147 λιππον,
488 3079 549 3132 οὗ
604 3077 694 3132 καὶ
751 3079 847 3140 τὰς
906 3077 1206 3152 θυγατέρας
1261 3073 1601 3153 προφήτιδας
1650 3075 1844 3134 εἶναιὸ

200 3167 381 3243 λόγος
410 3164 710 3241 διείληφεν,
743 3162 833 3222 ἕνα
869 3169 978 3221 τῶν
1027 3163 1238 3221 δώδεκά
1284 3187 1446 3246 φησιν
1491 3166 1840 3238 ἀποστόλων,

1216 345 1838 410 ECCLESIASTICE
1879 345 2272 410 HiSTORi/E
2312 347 2464 406 LIB.
2513 346 2618 407 IiI.

3501 354 3618 412 938

1970 482 2123 555 davi,
2154 481 2448 539 veritatem
2470 497 2672 539 eorum
2718 481 3192 554 interpretatione
3240 483 3617 553 confirmans,

1962 572 2066 629 tibi
2112 587 2416 644 exponere.
2476 571 2713 627 Minime
2755 571 2912 628 enim
2964 572 3037 628 iis
3096 589 3254 641 sum,
3287 578 3351 629 ut
3407 574 3617 649 vulgus

1964 662 2266 719 hominum
2299 661 2824 729 solet,deletantus,
2850 662 3146 733 quimnlta
3197 663 3476 732 dicerent,
3511 668 3614 720 sed

1965 753 2064 824 qui
2117 767 2248 808 vera
2302 752 2832 824 docerentzneque
2884 754 2985 824 qui
3043 751 3253 822 aliena,
3286 755 3386 809 sed
3447 755 3617 827 quia

1967 842 2233 910 Domino,
2257 844 2314 898 et
2335 842 2406 898 ab
2429 841 2514 897 eis
2546 841 2760 913 quibus
2791 843 3067 916 eumipsa
3098 843 3335 899 veritate
3367 860 3614 900 consue-

1965 933 2105 988 tudo
2139 931 2352 997 fuit,de
2382 931 2494 988 tida
2524 931 2736 988 tradita
2757 941 3035 1004 precepts
3056 948 3613 1001 commemorarene,

1970 1019 2131 1079 952
2163 1023 2325 1088 Quod
2357 1023 2404 1078 ei
2443 1022 2678 1094 quando
2697 1020 2912 1094 aliquis
2934 1023 3406 1096 presbyterorum
3432 1028 3615 1081 secta-

1962 1113 2055 1166 tor
2083 1111 2398 1179 adveniret,
2431 1126 2633 1167 eorum
2664 1111 2927 1184 ipsorum
2973 1112 3334 1183 requirebam
3395 1128 3615 1170 sermo-

1965 1219 2070 1258 nes
2105 1218 2118 1257 :
2162 1201 2295 1274 quid
2330 1201 2545 1258 scilicet
2580 1202 2852 1269 Andreas,
2885 1203 3022 1273 quid
3072 1203 3276 1259 Petrus
3334 1203 3613 1261 dixisset:

1963 1290 2101 1362 quid
2135 1291 2414 1360 Thomas,
2449 1297 2546 1347 aut
2571 1290 2898 1362 Philippus,
2930 1297 3034 1347 aut
3063 1291 3286 1359 Simon,
3311 1297 3411 1348 aut
3448 1296 3609 1348 Jaco-

1969 1383 2074 1437 bus
2107 1398 2122 1437 :
2155 1385 2253 1436 aut
2283 1383 2421 1454 quid
2471 1381 2744 1448 Joannes,
2796 1387 2898 1437 aut
2956 1382 3276 1451 Mattheus,
3312 1387 3413 1439 aut
3473 1383 3612 1455 quid

1964 1469 2115 1526 alius
2173 1470 2485 1542 quisquam
2545 1469 2772 1525 Domini
2813 1469 3236 1541 discipulorum
3272 1489 3285 1526 :
3319 1475 3421 1527 aut
3479 1473 3613 1541 quid

1963 1560 2134 1614 etiam
2167 1560 2446 1624 Aristion,
2479 1563 2537 1614 et
2563 1561 2809 1615 Joannes
2841 1561 3156 1631 presbyter,
3190 1565 3246 1615 et
3275 1561 3389 1633 ipsi
3447 1560 3618 1616 disci-

1967 1647 2083 1720 puli
2121 1648 2349 1703 Domini
2384 1648 2600 1705 dicant.
2636 1649 2760 1704 Non
2811 1651 2967 1706 enim
3017 1655 3245 1704 tantum
3306 1665 3399 1704 me
3447 1649 3614 1705 libris

1966 1736 2254 1808 adjuvari,
2280 1744 2560 1810 quantum
2591 1738 2722 1793 viva
2759 1742 2816 1793 et
2873 1738 3143 1809 praesenti
3191 1755 3344 1808 voce,
3377 1740 3616 1794 arbitra-

1964 1831 2060 1882 tus
2091 1843 2245 1884 sum.
2281 1849 2310 1878 »
2340 1827 2668 1884 Notandum
2700 1845 2870 1901 porro
2900 1832 3008 1896 est,
3031 1827 3122 1884 bis
3153 1843 3284 1884 eum
3312 1829 3371 1883 in
3403 1832 3616 1899 scripto

1961 1915 2068 1971 hoc
2087 1917 2334 1974 Joannis
2357 1918 2595 1974 nomine
2642 1916 2979 1989 utizprimo
3036 1916 3294 1987 quidem,
3328 1918 3426 1973 ubi
3484 1934 3616 1988 apo-

1960 2003 2246 2060 stolorum
2305 2005 2805 2062 nomenclaturam
2872 2006 3148 2072 instituit,
3211 2010 3276 2062 ut
3332 2005 3614 2063 dilectum

1953 2091 2126 2150 illum
2187 2093 2507 2168 intelligere
2565 2093 2793 2151 liceat:
2853 2095 3106 2152 secundo
3191 2098 3386 2151 autem
3462 2094 3612 2163 loco,

1955 2182 2306 2242 Aristionem
2355 2187 2412 2241 et
2455 2185 2744 2242 Joannem
2802 2185 3029 2257 adjicit,
3089 2195 3141 2243 et
3210 2185 3612 2259 presbyterum

1958 2277 2147 2330 vocat.
2177 2273 2354 2345 Cujus
2414 2275 2652 2347 quidam
2719 2275 3058 2348 ignorantes
3117 2291 3431 2331 commune
3479 2292 3614 2332 cum

1958 2365 2219 2435 apostolo
2255 2365 2851 2437 nomen.posteriores
2869 2366 3015 2420 duas
3046 2365 3289 2422 Joannis
3320 2365 3612 2436 Epistolas

1957 2459 2014 2509 et
2043 2452 2450 2527 Apocalypsim
2485 2455 2745 2525 apostolo
2778 2453 2889 2524 ipsi
2936 2454 3356 2524 ascripserunt.
3391 2453 3606 2525 Ephesi

1956 2558 2214 2615 namque
2271 2543 2565 2617 presbyter
2612 2559 2843 2618 quoque
2900 2542 3008 2600 iste
3063 2542 3226 2612 vixit,
3285 2543 3382 2598 ubi
3430 2544 3606 2600 etiam

1956 2646 2114 2686 nunc
2143 2632 2499 2688 duoexstare
2517 2632 2792 2688 dicuntur
2813 2637 3206 2697 monumenta,
3243 2647 3368 2702 quae
3407 2632 3610 2690 eodem

1954 2722 2190 2778 nomine
2252 2721 2496 2779 Joannis
2564 2724 2850 2779 feruntur.
2891 2722 3379 2796 Quandoquidem
3409 2728 3603 2780 autem

1953 2808 2110 2867 idem
2141 2811 2349 2885 Papias
2379 2811 2492 2868 alia
2541 2828 2774 2885 quoque
2829 2812 3177 2868 admiranda
3227 2813 3493 2884 quodam
3549 2813 3609 2868 in

1954 2897 2122 2956 libris
2155 2899 2280 2957 suis
2312 2902 2512 2968 refert,
2541 2918 2574 2956 a
2606 2901 3011 2958 decessoribus
3051 2901 3174 2958 suis
3233 2917 3334 2973 per
3394 2917 3608 2959 manus

1953 2988 2066 3044 sibi
2097 2989 2332 3058 tradita,
2367 2992 2612 3064 agedum
2636 2991 2706 3047 de
2727 2990 2813 3047 eis
2841 3006 3072 3063 quoque
3094 3006 3278 3063 pauca
3317 2990 3610 3048 dicamus.

1953 3077 2161 3135 Statim
2194 3078 2351 3135 enim
2388 3079 2747 3152 Philippum,
2780 3094 2916 3135 eum
2971 3081 3069 3149 qui
3126 3079 3415 3152 Hierapoli
3481 3080 3609 3149 fuit,

1953 3170 2009 3223 et
2040 3166 2190 3224 tilias
2214 3167 2635 3238 prophetissae,
2670 3172 2731 3223 ut
2761 3173 2930 3225 antea
2961 3167 3181 3223 dictum
3239 3172 3349 3235 est,
3383 3166 3608 3237 habuit,

200 3257 268 3314 οὗ
301 3262 406 3314 τῶν
436 3256 568 3314 ἒπτά
600 3255 880 3327 διακόνων,
930 3257 1005 3319 ὡς
1055 3261 1264 3320 Λουκᾶς
1297 3257 1348 3312 ἐν
1397 3257 1653 3333 Πράξεσιν
1689 3259 1837 3314 ἱστο-

1957 3272 2144 3312 unum
2195 3233 2264 3312 ex
2311 3233 2628 3314 duodecim
2667 3257 2967 3329 apostolis,
3001 3273 3114 3312 non
3146 3272 3214 3312 ex
3239 3233 3460 3330 septem
3491 3233 3611 3314 illis

198 3353 309 3424 ρεῖ.
351 3345 713 3420 Ὧμιληκέναι
754 3343 810 3400 δὲ
857 3345 948 3401 καὶ
995 3351 1113 3408 ταῖς
1156 3345 1360 3402 ἐκείνου
1410 3346 1702 3422 θυγατράσι
1753 3346 1844 3404 λέ-

195 3458 288 3516 γει
325 3455 338 3470 ·
397 3437 524 3512 παρ’
581 3437 654 3491 ὧν
711 3435 915 3512 γνῶσαί
976 3456 1108 3512 φησι
1163 3435 1254 3490 καὶ
1308 3439 1500 3510 νεκροῦ
1559 3435 1845 3491 ἀνάστασιν

193 3532 325 3584 κατ’
366 3527 536 3582 ἐκεῖνο
595 3525 892 3601 γενομένην
953 3529 1165 3597 καιροῦ.
1230 3523 1360 3600 Περὶ
1424 3525 1520 3598 μὲν
1570 3545 1655 3580 τοι
1706 3532 1848 3600 Βαρ-

199 3611 366 3686 σαϐἆ,
406 3616 466 3676 ’ὀς
525 3611 798 3684 ἐπεκλήθη
858 3615 1114 3681 Ἰοῦστος,
1167 3612 1228 3668 οὗ
1277 3612 1332 3667 αἱ
1379 3613 1602 3690 Πράξεις
1660 3613 1844 3686 μνείαν

194 3703 550 3773 πεποίηνται,
601 3701 764 3776 λέγει,
819 3702 894 3763 ὡς
945 3692 1298 3774 δηλητηρίου
1340 3702 1630 3779 φαρμάκου
1680 3697 1846 3776 ὑπέρ.

191 3813 354 3869 τερος
415 3790 572 3865 ὣφθη
621 3789 708 3846 διὰ
757 3792 855 3860 τήν
911 3795 1008 3844 τοῦ
1056 3790 1262 3865 Κυρίου
1313 3790 1475 3870 χάριν
1525 3791 1692 3847 πιών.
1744 3790 1843 3847 Καὶ

196 3882 348 3938 ἄλλα
379 3879 434 3936 δὲ
478 3880 708 3936 πλεῖστα
757 3880 832 3942 ὡς
880 3878 939 3936 lx
985 3877 1333 3954 παραδόσεως
1381 3881 1621 3957 ἀγράφου
1663 3899 1844 3955 παρα-

194 3967 370 4034 ϐολάς
398 3991 548 4032 τινας
579 3970 670 4024 καὶ
726 3966 1078 4032 διδασκαλίας
1125 3973 1222 4023 τοῦ
1274 3975 1550 4043 Σωτῆρος,
1594 3969 1684 4023 καί
1722 3989 1844 4024 τινα

195 4059 349 4116 ἄλλα
405 4060 480 4122 ὡς
533 4060 592 4114 ἂν
649 4059 1018 4132 μυθικώτερον
1077 4059 1302 4133 ἱστορεῖ.
1365 4057 1462 4114 Καὶ
1522 4056 1754 4133 χιλιάδα
1795 4055 1842 4114 δ’

193 4149 334 4205 ἐτῶν
393 4145 602 4204 ἔσεσθαι
673 4148 809 4222 μετᾶ
865 4149 964 4218 τήν
1023 4147 1082 4203 ἐκ
1137 4152 1339 4222 νεκρῶν
1404 4147 1684 4204 ἀνάστασιν
1741 4154 1844 4218 τῆς

190 4243 432 4316 Χριστοῦ
491 4237 773 4314 βασιλείας
813 4235 1271 4312 σωματικώτερον
1319 4236 1408 4293 ἐπὶ
1463 4238 1690 4310 ταυτησὶ
1740 4244 1842 4307 τῆς

187 4335 296 4405 γῆς
332 4329 787 4402 ὑποστησομένης
813 4346 825 4359 ·
861 4328 895 4382 ’ἁ
927 4327 1082 4400 οἶμαι
1113 4327 1453 4404 ἀγνοήσαντα
1481 4327 1550 4382 τά
1577 4325 1628 4381 ἐν
1679 4325 1842 4403 ἑπαγ-

183 4415 403 4494 γελίαις
451 4416 714 4493 εἷ’ρημένα
770 4419 1067 4490 μυστικῶς,
1125 4416 1434 4494 παχύτερον
1481 4410 1839 4488 ἕκλᾳόἑσθαι·

187 4510 286 4562 ἅτε
318 4503 384 4576 δὴ
415 4505 506 4562 καὶ
541 4506 632 4561 τὸν
673 4508 794 4559 νοῦν
833 4508 1107 4573 τοιοῦτος,
1155 4505 1229 4566 ὡς
1279 4502 1338 4558 ἐκ
1382 4507 1490 4560 τῶν
1533 4505 1696 4561 αὐτοῦ
1746 4503 1843 4561 λό-

1961 3344 2244 3413 diaconis,
2278 3339 2422 3417 quos
2447 3345 2504 3400 in
2536 3346 2693 3401 Actis
2728 3352 2984 3404 recenset
3019 3346 3222 3414 Lucae,
3257 3345 3438 3402 fuisse
3499 3361 3608 3401 me-

1957 3439 2188 3502 morat;
2213 3439 2268 3490 et
2299 3451 2360 3490 se
2377 3451 2508 3490 cum
2544 3434 2775 3492 filiabus
2803 3438 2928 3507 ejus
2959 3434 3305 3491 collocutum
3340 3450 3467 3491 esse
3500 3435 3604 3504 ait,

1958 3524 2112 3579 unde
2143 3521 2493 3579 intellexerit
2521 3529 2684 3580 atate
2713 3539 2782 3581 ea
2823 3529 3120 3580 mortuum
3169 3523 3483 3594 quemdam
3513 3539 3611 3578 re-

1954 3613 2297 3669 surrexisse.
2330 3612 2410 3669 De
2456 3612 2710 3669 Barsaba
2765 3629 2908 3668 sane
2966 3613 3224 3684 quidem,
3257 3611 3353 3680 qui
3395 3610 3601 3669 Justus

1954 3701 2400 3773 cognominatus
2419 3706 2599 3767 est,et
2629 3702 2795 3773 cujus
2828 3703 2882 3756 in
2919 3700 3073 3757 Actis
3099 3701 3163 3754 fit
3192 3701 3429 3767 mentio,
3461 3700 3606 3756 illud

1953 3790 2146 3858 refert,
2179 3789 2358 3863 quod,
2389 3807 2612 3847 veneno
2674 3789 2946 3863 pestifero
3005 3789 3237 3859 hausto,
3271 3788 3414 3844 nihil
3484 3806 3611 3847 sen-

1953 3878 2092 3934 serit
2123 3895 2225 3954 per
2255 3878 2488 3935 Domini
2519 3879 2769 3952 gratiam
2819 3878 3175 3936 detrimenti.
3209 3877 3319 3934 Sed
3378 3882 3435 3934 et
3493 3878 3610 3936 alia

1952 3968 2210 4042 plurima
2239 3984 2306 4024 ex
2327 3969 2615 4040 majorum
2640 3971 2766 4026 sine
2786 3969 3002 4042 scripto
3025 3968 3330 4025 traditione
3350 3977 3603 4041 accepta,

1953 4066 2014 4116 ut
2069 4058 2377 4130 parabolae
2435 4061 2493 4114 et
2521 4049 2817 4115 doctrinas
2854 4059 3172 4116 Servatoris
3203 4059 3514 4132 quaedam,
3548 4066 3606 4116 et
3712 4053 3716 4058 ’

1953 4148 2090 4205 item
2137 4147 2252 4205 alia
2310 4145 2569 4204 fabulose
2632 4149 2886 4222 quodam
2941 4150 3112 4205 modo
3163 4154 3606 4217 commemorat,

1953 4238 2111 4297 Mille
2144 4255 2375 4312 quoque
2425 4255 2705 4296 annorum
2755 4244 2890 4312 post
2942 4245 3299 4296 mortuorum
3357 4255 3608 4298 resurre-

1954 4330 2209 4387 ctionem
2270 4329 2388 4387 fore
2445 4329 2588 4386 dicit
2633 4327 2849 4386 Christi
2898 4345 3168 4404 regnum,
3227 4329 3607 4400 corporaliter

1952 4418 2012 4475 in
2044 4419 2153 4475 hac
2186 4423 2340 4476 terra
2363 4418 2995 4491 producendum,quod
3026 4418 3218 4489 illum,
3239 4417 3606 4491 ignorantem

1953 4507 2375 4579 promissionee
2405 4522 2620 4564 arcano
2651 4508 2904 4581 quodam
2940 4507 3216 4582 mysterio
3246 4523 3371 4563 esse
3419 4506 3606 4562 editas

185 4619 304 4674 γων
363 4596 844 4671 τεκμηριώσασθαι
892 4591 1099 4668 ἔξεστι·
1149 4591 1296 4664 πλήν
1349 4591 1598 4658 πολλοὺς
1641 4594 1717 4657 εἷς
1753 4595 1843 4650 τὸν

1957 4597 2028 4654 ita
2076 4597 2338 4653 crassius
2396 4597 2688 4670 accepisse
2744 4597 2932 4666 credo,
2992 4598 3209 4670 quippe
3259 4596 3353 4666 qui
3415 4599 3605 4649 mente

191 4687 394 4762 ὅμοιον
429 4684 600 4757 ζῆλον
640 4685 857 4741 εἵλκυσε
899 4685 962 4740 τὸ
1009 4684 1241 4760 ἀρχαῖον
1269 4687 1364 4740 τοῦ
1410 4681 1602 4757 ἀνδρὸς
1652 4681 1844 4741 αἰδου-

197 4775 397 4850 μένους
424 4795 436 4807 °
472 4775 654 4849 ὥσπερ
687 4773 778 4830 οῦν
813 4775 1126 4850 Εἰρηναῖος,
1157 4773 1248 4829 καὶ
1280 4773 1430 4835 εἴτις
1453 4771 1624 4837 ἄλλος
1657 4773 1843 4849 ἐκείνῳ

187 4865 385 4936 ἐπίσης
436 4869 648 4942 φρονῶν
699 4862 1020 4944 ἒναπέφηνε.
1073 4864 1172 4919 Καὶ
1221 4860 1393 4920 ἄλλαι
1433 4860 1491 4919 δὲ
1517 4861 1844 4935 παραδόσεις

187 4955 251 5010 ἐκ
281 4960 389 5012 τῶν
431 4950 945 5029 προδεδηλωμένων
989 4952 1346 5027 Ἀριστίωνος
1392 4953 1482 5007 καὶ
1529 4957 1629 5007 τοῦ
1676 4973 1844 5028 πρεσ-

187 5041 424 5120 ϐυτέρου
452 5045 704 5102 Ἰωάννου
757 5040 904 5118 ἔχειν
953 5042 1114 5120 φησίν
1143 5061 1155 5076 °
1208 5043 1290 5122 ἐφ’
1319 5043 1382 5105 ἃς
1427 5042 1555 5106 τοὺς
1597 5043 1842 5121 φιλομα.

187 5138 306 5197 θεις
343 5131 826 5207 παραπέμψαντες,
875 5133 1184 5209 ἀναγκαίως
1243 5132 1277 5188 ἅ
1328 5152 1460 5208 φησι
1505 5132 1630 5205 περὶ
1687 5129 1842 5207 Μάρ-

181 5245 289 5279 κου
335 5223 428 5277 καί
489 5221 770 5280 Ματθαίου
826 5227 936 5276 τῶν
996 5219 1400 5297 εὐαγγελιστῶν
1467 5218 1840 5295 διαλήψομαι.

177 5312 347 5389 Λὲφει
407 5309 466 5368 δὲ
517 5309 682 5370 οὕτω.
743 5336 773 5364 ‹‹
809 5311 906 5368 Καὶ
963 5312 1112 5367 τοῦθ’
1157 5313 1186 5366 6
1233 5305 1602 5387 πρεσϐύτερος
1661 5305 1841 5387 ἔλεγεν

177 5404 482 5474 Ἰωάννης’
534 5403 756 5476 Μάρκος
811 5402 908 5475 μὲν
957 5400 1292 5473 ἐρμηνευτής
1345 5399 1555 5474 Πέτρου
1603 5401 1842 5475 γενόμε-

178 5513 301 5565 νος,
362 5492 463 5548 ὅσα
504 5491 934 5566 ἐμνημόνευσεν.
985 5485 1229 5563 ἀκριϐῶς
1283 5483 1541 5564 ἔγραψεν.
1589 5489 1664 5545 Οὔ
1713 5489 1839 5565 μὲν-

1951 4689 2072 4745 acri
2105 4703 2220 4746 non
2248 4687 2442 4757 fuerit,
2475 4688 2536 4744 id
2580 4689 2738 4763 quod
2795 4705 2863 4745 ex
2913 4688 3078 4745 libris
3131 4688 3261 4758 ejus
3316 4685 3603 4754 conjicere

1951 4777 2118 4846 licet;
2153 4776 2368 4834 multos
2391 4783 2586 4835 tamen
2621 4778 2680 4835 in
2715 4779 2982 4834 eamdem
3022 4773 3472 4840 emulationem,
3502 4789 3602 4829 ve-

1953 4871 2234 4925 tustatem
2282 4867 2389 4924 viri
2431 4868 2773 4936 admiratos,
2823 4868 3148 4940 pertraxit:
3200 4863 3362 4922 258
3429 4864 3601 4918 sicuti

1950 4957 2223 5024 Irenmus,
2256 4960 2312 5014 et
2351 4956 2400 5012 si
2449 4956 2584 5029 quis
2641 4964 2918 5031 praterea
2951 4955 3101 5012 alius
3143 4957 3405 5026 ejusdem
3463 4969 3601 5008 cum

1951 5045 2051 5103 illo
2069 5051 2161 5103 est
2187 5047 2486 5103 sententias
2515 5052 2574 5104 et
2626 5045 2920 5118 opinionis
2974 5046 3079 5116 (1),
3143 5043 3417 5100 ostendit.
3450 5041 3600 5110 Quin

1951 5134 2098 5188 alias
2127 5136 2302 5191 etiam
2334 5152 2420 5206 se,
2452 5138 2524 5190 ab
2553 5135 2638 5192 eis
2686 5135 2789 5208 qui
2835 5135 2974 5190 dicti
3003 5136 3164 5198 sunt,
3209 5133 3502 5189 Aristione
3546 5137 3604 5188 et

1949 5227 2288 5298 presbytero
2347 5226 2598 5296 Joanne,
2650 5225 2985 5281 traditiones
3037 5223 3247 5278 habere
3293 5222 3479 5278 dicit:
3531 5222 3606 5278 ad

1951 5331 2096 5386 quas
2125 5317 2422 5373 studiosos
2453 5315 2747 5387 rejiciene,
2784 5330 2909 5386 quas
2941 5315 3012 5370 de
3041 5312 3238 5369 Marco
3258 5315 3313 5367 et
3337 5309 3603 5368 Mattbao

1949 5403 2323 5478 evangelistie
2353 5405 2550 5468 tradit,
2585 5405 2910 5461 necessario
2923 5402 3018 5459 hic
3056 5399 3458 5474 persequenda
3477 5415 3604 5456 esse

1947 5494 2166 5564 putavi.
2201 5494 2284 5549 ita
2335 5494 2494 5550 enim
2533 5493 2786 5549 scribit:
2837 5513 2870 5542 «
2905 5491 3024 5548 Hoc
3065 5506 3304 5563 quoque
3348 5490 3605 5548 Joannes

253 5672 338 5750 (i)
368 5671 476 5740 Qui
507 5671 800 5746 opinionis
821 5675 879 5728 et
907 5668 1144 5727 haeresis
1164 5669 1295 5742 ejus
1323 5673 1480 5740 sunt,
1513 5666 1805 5742 Χιλασταὶ,
1835 5667 1942 5730 hoc
1971 5671 2081 5740 est,
2113 5668 2424 5732 Millomrii
2451 5668 2744 5732 dicuntur,

517 5774 776 5838 Panos.
821 5773 933 5839 Gn.
977 5770 1206 5836 CXLV.

3207 5771 3288 5837 30
