4084 6208
482 329 601 402 939

1777 317 2204 382 NIGEPHORI
2249 319 2594 383 CALLISTI

3763 324 3884 382 940

485 456 789 531 presbyter
815 455 982 512 dixit.
1015 453 1265 519 Marcus,
1291 449 1446 524 quod
1469 448 1621 506 Petri
1643 453 1800 506 esset
1828 449 2120 522 interpres1

2251 471 2338 507 τοι
2365 451 2510 522 τάξει
2549 453 2616 508 τὰ
2668 449 2772 508 ὑπὸ
2821 455 2919 508 τοῦ
2974 419 3214 528 Χριστοῦ
3262 451 3298 522 ἢ
3348 450 3620 528 λεχθέντα
3665 453 3700 522 ἢ
3751 473 3890 528 πρα-

489 565 618 621 qu
649 545 941 603 memoria:
969 541 1500 608 commendaverat,
1525 543 1679 595 certo
1729 544 1787 594 et
1831 539 2142 610 diligenter

487 635 852 706 conscripsit,
878 651 990 690 non
1019 638 1210 686 tamen
1251 633 1440 684 servto
1471 627 1759 683 dictorum
1819 628 2140 682 factorum-

489 742 603 797 que
632 723 847 780 Chrisli
871 722 1090 778 ordine.
1115 719 1238 775 Non
1271 719 1428 774 enim
1481 717 1724 786 audivit,
1761 733 1953 788 neque
1997 733 2141 772 con-

487 819 742 871 sectatus
775 817 866 870 est
895 809 1235 874 Dominum,
1258 808 1358 862 sed
1393 808 1792 878 posterius,ut
1821 806 1962 876 dixi,
1987 807 2141 862 Petri

483 904 808 974 discipulus
841 901 948 958 fuit
981 899 1120 972 ;qui
1151 897 1390 970 quidem
1423 912 1489 951 ex
1511 911 1620 951 usu
1671 897 2004 952 auditorum
2030 897 2144 951 do-

483 994 733 1050 ctrinam
766 1007 934 1048 suam
979 986 1398 1062 promulgavit,
1432 1002 1548 1042 non
1597 985 1800 1041 ordine
1839 1001 2140 1041 sermones

483 1087 540 1142 et
569 1081 808 1140 oracula
835 1079 1068 1137 Domini
1101 1076 1600 1134 commemoravit.
1637 1076 1998 1148 Quapropter
2029 1075 2142 1132 mi-

483 1172 636 1228 nime
667 1171 1061 1227 hallucinatus
1082 1171 1172 1224 est
1202 1166 1455 1234 Marcus,
1481 1165 1566 1220 sic
1585 1165 1862 1237 pleraque
1879 1163 2140 1221 scribens

486 1268 548 1316 ut
578 1276 646 1318 ea
677 1259 956 1316 memoria
987 1259 1172 1314 fuerat
1199 1257 1566 1312 consecutus.
1601 1252 1791 1310 Unum
1839 1251 1998 1310 enim
2030 1252 2140 1309 hoc

481 1349 593 1405 sibi
625 1348 685 1404 in
716 1348 1023 1405 scribendo
1049 1347 1454 1419 proposuerat,
1485 1359 1560 1400 ne
1607 1343 1748 1415 quid
1779 1357 1978 1399 eorum
2009 1357 2136 1414 que

480 1438 767 1506 audisset,
798 1439 1112 1506 omitteret,
1147 1451 1286 1492 neve
1316 1451 1350 1490 a
1379 1433 1615 1490 veritate
1650 1431 1964 1488 aberraret.
1985 1431 2140 1488 Mat-

478 1526 665 1583 theus
700 1543 832 1582 vero
865 1541 1134 1582 sermone
1179 1523 1458 1581 Hebraico
1507 1521 1723 1578 librum
1766 1536 1942 1578 suum
1988 1535 2138 1578 comv

477 1618 691 1687 posuit,
725 1631 902 1688 quem
939 1615 1170 1686 deinde,
1205 1617 1269 1670 ut
1290 1613 1542 1685 quisque
1580 1611 1794 1685 potuit,
1825 1613 1914 1668 est
1954 1611 2138 1667 inter-

479 1710 764 1777 pretato.
821 1727 850 1757 ››
907 1705 1100 1762 Utitur
1151 1704 1318 1761 adem
1377 1702 1587 1773 Papias
1674 1700 2023 1759 testimoniis
2080 1705 2140 1758 et

2249 539 2448 616 χθὲντα
2473 559 2485 574 ’
2519 537 2640 595 οὔτε
2671 541 2776 617 γὰρ
2816 541 3017 610 ἤκουσε
3047 541 3143 598 τοῦ
3193 541 3422 616 Κυρίου,
3469 537 3598 596 οὔτε
3645 561 3890 612 παρηκο-

2247 627 2522 700 λούθησαν
2582 629 2728 702 αὐτῷ
2761 649 2776 663 ⁶
2837 628 3057 706 ὕστερον
3106 629 3184 698 δὲ,
3235 631 3311 695 ὡς
3357 629 3514 706 ἔφην,
3577 631 3788 704 Πέτρῳ,
3833 631 3888 692 ὃς

2245 719 2382 792 πρὸς
2437 719 2532 780 τὰς
2591 720 2780 794 χρείας
2841 718 3080 776 ἐποιεῖτο
3133 717 3486 782 διδασκαλίας
3527 738 3542 752 ⁸
3601 717 3734 774 ἀλλ’
3781 721 3890 794 οὐχ

2247 811 2428 881 ὥσπερ
2475 807 2714 879 σύνταξιν
2761 813 2870 864 τῶν
2923 813 3206 884 Κυριακῶν
3257 809 3594 881 ποιούμενος
3643 807 3886 884 λογίων·

2247 896 2384 952 ὥστε
2435 895 2587 952 οὐδὲν
2644 899 2859 974 ἥμαρτε
2907 901 3126 975 Μάρκος
3181 897 3354 962 οὕτως
3403 895 3514 954 ἔνια
3557 899 3774 973 γράψας
3823 899 3892 962 ὡς

2243 985 2768 1060 ἀπεμνημόνευσεν·
2841 987 2954 1050 ἰνὸς
3032 989 3136 1062 γὰρ
3227 986 3520 1058 ἐποιήσατο
3607 985 3886 1062 πρόνοιαν,

2241 1078 2337 1130 τοῦ
2391 1072 2560 1149 μηδὲν
2615 1074 2944 1151 παραλιπεῖν
2991 1079 3064 1133 ὧν
3107 1074 3360 1148 ἤκουσεν,
3405 1078 3442 1146 ἢ
3493 1075 3788 1150 ψεύσασθαί
3841 1100 3888 1132 τι

2243 1162 2295 1218 ἐν
2328 1164 2533 1226 αὐτοῖς.
2579 1167 2861 1229 Ματθαῖος
2909 1165 2959 1222 δ’
3001 1161 3246 1240 Ἑϐραίδι
3297 1163 3568 1239 διαλέκτῳ
3613 1165 3682 1222 τὰ
3731 1166 3890 1242 λόγια

2242 1255 2587 1325 συνετάξατο·
2632 1257 2942 1328 ἡρμήνευσε
2991 1253 3050 1310 δε
3095 1253 3228 1310 αὐτὰ
3269 1255 3343 1318 ὡς
3389 1256 3454 1324 ἦν
3489 1253 3715 1318 δυνατὸς
3763 1255 3890 1311 ἓκαο

2246 1363 2476 1406 στος.»
2529 1345 2814 1420 Κέχρηται
2890 1343 2948 1401 δὲ
3001 1345 3160 1408 αὐτὸς
3243 1343 3564 1420 μαρτυρίαις
3621 1345 3730 1400 ἀπὸ
3793 1352 3889 1414 τῆς

2247 1432 2504 1490 Ἰωάννου
2553 1435 2820 1508 προτέρας
2869 1432 3198 1503 Ἐπιστολῆς
3245 1436 3336 1490 καὶ
3383 1433 3490 1488 ἀπὸ
3537 1440 3640 1504 τῆς
3685 1433 3886 1508 Πέτρου

2246 1521 2484 1594 ὁμοίως.
2515 1525 2614 1578 Καὶ
2661 1521 2838 1595 ἄλλην
2887 1521 2944 1580 δὲ
2989 1521 3235 1598 ἱστορίαν
3276 1522 3568 1594 προτίθησι
3617 1523 3746 1598 περὶ
3793 1545 3886 1600 γυ-

2244 1611 2429 1675 ναικὸς
2459 1612 2547 1668 ἐπὶ
2577 1613 2820 1676 πολλαῖς
2866 1613 3154 1688 ἁμαρτίαις
3206 1608 3606 1683 διαϐληθείσης
3659 1611 3751 1668 ἐπὶ
3795 1615 3886 1668 τοῦ

2245 1699 2470 1774 Κυρίου.
2515 1699 2692 1758 Ἀλλὰ
2739 1703 2829 1758 καὶ
2875 1703 2943 1758 τὰ
2987 1707 3067 1775 τῷ
3107 1703 3290 1776 Παπίᾳ
3333 1699 3716 1782 συγγραφέντα
3773 1706 3884 1758 τοῦ·

475 1796 919 1854 auctoritatihus
975 1810 1046 1854 ex
1105 1795 1295 1866 priore
1350 1792 1619 1860 Joannis,
1677 1796 1734 1848 et
1791 1791 1992 1847 itidem
2061 1807 2120 1848 es

2235 1811 2330 1846 τον
2359 1785 2549 1865 ἔχουσι
2583 1791 2676 1847 τὸν
2707 1792 2934 1866 τρόπον.

473 1886 662 1957 priore
688 1886 836 1942 Petri
867 1885 1160 1958 Epistolis.
1186 1883 1358 1940 Addit
1387 1886 1665 1956 presteres
1697 1879 2001 1937 historiam
2021 1879 2213 1952 aliam,
2237 1882 2309 1938 de
2331 1882 2592 1950 muliere,
2618 1898 2744 1954 qua
2774 1883 2972 1942 multis
2999 1883 3346 1942 criminibus
3373 1883 3528 1956 apud
3560 1881 3878 1940 Dominum

474 1983 553 2040 sit
575 1983 767 2041 delata
789 1983 888 2056 (1).
923 1983 992 2040 Et
1023 1981 1210 2055 Papiae
1241 1979 1476 2053 quidem
1507 1979 1728 2051 scripta
1757 1979 1830 2035 ad
1855 1979 2012 2035 hunc
2043 1995 2108 2036 se
2135 1979 2355 2036 habent
2385 1980 2644 2036 modum.

1087 2106 1319 2164 CAPUT
1357 2105 1514 2163 XXI.

469 2215 544 2272 De
600 2215 888 2285 Quadrato
943 2219 995 2271 et
1049 2213 1304 2277 Aristide,
1359 2213 1669 2283 apostolicis
1723 2211 1895 2284 plane
1951 2212 2119 2285 viris,

539 2283 634 2358 qui
688 2304 786 2357 pro
841 2289 1152 2358 defensione
1193 2285 1324 2356 ﬁdei
1378 2295 1572 2342 nostrae
1647 2283 1932 2356 Apologios
1982 2283 2118 2340 scri-

541 2369 789 2432 pserunl.

537 2465 760 2523 Floruit
790 2469 986 2523 autem
1019 2481 1086 2522 eo
1127 2469 1387 2537 tempore
1436 2463 1668 2520 divinus
1702 2477 1934 2535 quoque
1963 2463 2116 2529 Qua-

466 2556 671 2612 dratus
705 2572 719 2611 :
748 2557 840 2612 cui
871 2555 1016 2612 nihil
1047 2571 1248 2614 eorum
1279 2557 1592 2626 donorum,
1615 2571 1742 2627 quas
1763 2553 2118 2626 apostolicos

471 2643 678 2701 decent
706 2661 1091 2714 successores,
1123 2645 1323 2702 defuit.
1373 2645 1578 2702 Itidem
1619 2659 1752 2700 vero
1809 2651 1863 2698 et
1917 2641 2116 2698 Aristi-

472 2733 596 2802 des,
619 2734 708 2790 vir
736 2739 904 2792 aetate
934 2751 1002 2791 ea
1031 2735 1252 2806 ingenti
1274 2734 1406 2790 ﬂdei
1439 2739 1646 2790 nostris
1678 2731 2047 2788 simulatione
2063 2733 2120 2786 et

473 2825 678 2880 ardore
729 2825 983 2898 ﬂagrans
1031 2827 1215 2880 Ambo
1273 2824 1559 2890 doctrina,
1603 2824 1844 2884 fervore.
1877 2825 1935 2877 et
1991 2819 2116 2874 vim

471 2913 812 2970 Christianae
864 2917 1121 2971 moribus
1151 2929 1350 2987 pares;
1384 2914 1556 2970 ambo
1595 2912 1769 2968 etiam
1827 2910 2120 2966 orationes

473 3005 547 3059 ad
573 3003 784 3060 IElium
805 3003 1143 3074 Adrianum,
1177 3003 1278 3076 qui
1310 3003 1559 3074 Trajano
1601 3003 1658 3056 in
1707 3001 1949 3072 imperio
1989 3015 2121 3055 suc-

475 3093 670 3161 cessit,
705 3095 920 3165 quibus
945 3093 1343 3150 Cbristianum
1365 3093 1577 3162 dogma
1607 3091 2120 3158 defendunt,com-

476 3189 815 3251 posuerunt,
839 3197 971 3236 cum
996 3181 1240 3252 improbi
1271 3180 1508 3251 quidam
1537 3177 1804 3234 homines
1835 3177 2118 3234 Ecclesiae

477 3285 682 3340 urgere
719 3273 892 3341 atque
949 3269 1216 3342 persequi
1273 3271 1737 3341 aggrederentur.
1781 3267 1846 3323 In
1909 3265 2119 3339 quibus

2833 2115 3088 2167 ΚΕΦΔΛ.
3131 2109 3265 2168 KA'.

2227 2211 2382 2292 Περὶ
2437 2213 2932 2292 Κ-οδράτου-καί
2966 2219 2979 2240 ’
3011 2214 3440 2292 Αριστείδου,
3472 2215 3868 2292 νᾶποςιτολι-

2295 2285 2423 2378 κῶν
2470 2285 2748 2378 ᾁνδρῶγ,
2800 2288 2966 2378 ιξπὲρι
3005 2285 3120 2360 τῆς
3165 2290 3306 2343 καθ’
3353 2285 3533 2378 ἡμᾶς
3569 2287 3858 2350 πίστεως

2299 2356 2642 2438 ἐγγράφως
2675 2356 3590 2436 ἂπολογίαςποιησαμὲνων.

2297 2463 2400 2520 Καὶ
2459 2464 2735 2540 Κοδρᾶτος
2809 2463 2864 2522 δὲ
2923 2469 2952 2522 ὁ
3003 2469 3146 2530 θεῖος
3221 2471 3520 2538 τηνικαῦτα
3589 2463 3866 2542 διέπρεπε,

2224 2553 2361 2606 κατᾶ
2419 2552 2589 2628 μηδὲν
2648 2553 2837 2612 ἐνδέων
2877 2560 2983 2612 τῶν
3023 2565 3126 2628 τῆς
3175 2555 3546 2626 ὰποστολικῆς
3597 2555 3868 2633 διαδοχῆς

2225 2645 2608 2717 χαρισμάτων.
2675 2646 2949 2709 Ὡσαύτως
3014 2645 3072 2701 δὲ
3137 2647 3225 2702 καὶ
3303 2645 3672 2723 Ἀριστείδης,
3741 2648 3868 2724 ἀνὴρ

2223 2730 2484 2801 τηνικάδε
2539 2737 2616 2806 τῷ
2675 2733 2806 2809 ὑπὲρ
2862 2741 2964 2804 τῆς
3021 2736 3142 2790 καθ’
3195 2737 3341 2808 ἡμᾶς
3417 2735 3656 2796 πίστεως
3721 2735 3868 2808 ζήλῳ

2225 2820 2600 2893 πυρούμενοςο
2647 2821 3026 2896 παραπλήσιοι
3071 2822 3128 2878 δὲ
3172 2824 3263 2878 καὶ
3308 2823 3475 2896 ἄμφω
3525 2823 3619 2878 τόν
3669 2845 3732 2880 τε
3779 2825 3870 2880 λό’

2227 2929 2322 2984 γον
2374 2910 2463 2964 καὶ
2511 2908 2704 2980 ζῆλον,
2757 2911 2846 2966 καὶ
2892 2917 2960 2986 τῇ
3023 2912 3247 2982 ἀσκήσει
3293 2919 3393 2983 τῆς
3449 2915 3590 2968 κατᾶ
3639 2915 3863 2988 Χριστὸν

2225 2995 2526 3060 πολιτείας.
2589 2997 2912 3076 Ἀμφότεροι
2973 2997 3029 3054 δὲ
3089 2999 3290 3075 λόγους
3346 3005 3425 3072 τῷ
3483 3001 3622 3074 μετᾶ
3679 3009 3870 3077 Τραϊα-

2229 3085 2317 3140 νὸν
2363 3085 2544 3160 Αἰλίῳ
2593 3085 2862 3162 Ἀδριανῷ
2917 3095 3328 3167 προσφωνοῦσιν
3394 3090 3526 3166 ὑπὲρ
3593 3094 3695 3145 τοῦ
3751 3093 3868 3146 καθ’

2229 3177 2377 3247 ἡμᾶς
2419 3173 2716 3251 δόγματος,
2773 3181 2932 3233 τινῶν
2989 3200 3046 3253 γε
3104 3183 3356 3252 πονηρῶν
3413 3184 3530 3241 τοῖς
3581 3179 3868 3255 ἡμετέροις

2231 3263 2561 3320 ἐπιτίθεσθαι
2632 3265 3026 3342 πειριυμὲνων’
3087 3269 3138 3322 ἐν
3199 3271 3286 3332 οἷς
3365 3267 3478 3324 ἔύτι
3539 3279 3870 3340 κατανοῆσαι

476 3359 835 3416 orationibus
867 3360 1056 3414 videre
1087 3365 1177 3415 est
1223 3375 1336 3414 non
1391 3359 1556 3429 exiga
1601 3373 1802 3412 eorum
1855 3357 2109 3412 virorum

2233 3353 2285 3410 οὗ
2339 3355 2502 3427 μικρά
2553 3377 2670 3410 τινα
2723 3359 2997 3432 τεκμήρια
3039 3360 3140 3426 τῆς
3183 3363 3299 3413 τῶν
3350 3357 3562 3434 ἀνδρῶν
3617 3359 3872 3434 λαμπρᾶς

475 3447 815 3518 splendidis:
847 3449 1056 3504 mentis
1087 3447 1531 3521 apostolicaaque
1556 3451 1612 3502 et
1641 3451 1811 3502 recta
1841 3446 2118 3502 doctrinm

471 3536 708 3594 indicia.
734 3537 1061 3604 Quadratus
1093 3539 1329 3608 quidem
1351 3543 1505 3593 certe
1534 3539 1787 3608 priscam
1818 3535 2119 3592 sincerita-

469 3633 586 3684 tem
621 3634 677 3682 et
697 3629 870 3685 ﬁdem
901 3645 1064 3684 suam
1099 3629 1239 3684 satis
1262 3629 1519 3684 declarat
1557 3627 1632 3682 iis
1661 3629 1806 3699 ipsis
1857 3643 1985 3699 quas
2016 3643 2116 3682 se-

469 3728 728 3794 quuntur
783 3723 1007 3776 verbis:
1046 3719 1409 3776 «Servatoris
1467 3729 1658 3774 autem
1705 3719 1889 3776 nostri
1945 3735 2119 3791 opera

467 3827 698 3884 semper
724 3817 933 3882 praesto
995 3812 1352 3880 fuere,254
1386 3811 1602 3884 quippe
1660 3827 1787 3882 qua
1835 3827 1964 3866 vera
2031 3827 2118 3866 es-

467 3907 592 3958 sent
625 3917 640 3956 ι
675 3903 772 3974 qui
829 3903 1016 3957 sanati
1066 3903 1310 3972 fuerant,
1344 3903 1443 3973 qui
1475 3918 1507 3956 a
1529 3902 1778 3957 mortuis
1827 3897 2113 3966 suscitati,

467 4009 582 4049 non
615 3997 808 4047 solum
832 4009 962 4048 cum
988 3999 1329 4049 curarentur
1368 3997 1425 4048 et
1465 3993 1977 4058 cxsuscitarentur,
2011 3991 2113 4046 sed

465 4089 666 4154 postea
713 4083 886 4138 etiam
945 4083 1202 4138 viventes
1267 4083 1536 4138 continue
1595 4085 2116 4154 apparueruntzet

466 4187 581 4226 non
605 4175 834 4226 tantum
867 4187 1000 4226 cum
1034 4171 1295 4226 Salvator
1325 4171 1387 4226 in
1417 4169 1586 4225 terri
1630 4175 1977 4236 versaretur,
2019 4186 2112 4226 ve-

465 4273 596 4314 rum
629 4263 760 4327 post
795 4259 1118 4314 discessum
1177 4273 1404 4330 quoque
1460 4259 1588 4328 ejus
1629 4257 1801 4328 longo
1849 4259 2115 4314 vixerunt

463 4351 746 4417 tempore,
781 4347 922 4402 adeo
954 4351 1019 4401 ut
1051 4345 1318 4402 nonnulli
1351 4346 1520 4401 etiam
1556 4345 1626 4401 ad
1652 4350 1912 4402 nostram
1944 4347 2114 4403 dura-

461 4435 651 4492 verint
680 4439 928 4491 (etatem.
961 4455 991 4486 ››

1067 4561 1301 4620 CAPUT
1337 4562 1504 4620 XXII.

533 4671 667 4740 Quae
695 4669 861 4728 etiam
894 4669 991 4728 sub
1025 4670 1256 4742 Trojano
1283 4669 1484 4728 Judaeis
1513 4669 1812 4728 acciderint
1839 4671 2035 4728 clades.

529 4855 606 4907 Ac
637 4867 727 4908 res
769 4853 1007 4924 quidem
1057 4857 1267 4909 nostris
1309 4853 1389 4908 ita
1445 4853 1747 4920 ﬂorebant,
1809 4853 2100 4925 quotidia-

457 4957 718 5014 numque
739 4942 1166 5000 incrementum
1191 4943 1515 5014 capiebant,
1551 4943 1846 5000 radicibus
1867 4949 2102 5016 aposto-

455 5029 698 5088 licorum
765 5033 1044 5095 virorum.
1103 5032 1360 5106 quitum
1401 5031 1571 5088 multi
1627 5033 1687 5088 in
1745 5035 1863 5090 vita
1911 5039 2096 5103 erant,

455 5121 732 5177 doctrina)
765 5121 880 5177 alte
927 5124 1173 5188 actis,et
1216 5127 1552 5178 sanctorum
1600 5131 1912 5194 martyrum
1961 5140 2100 5180 san-

452 5227 625 5282 guine
671 5213 922 5266 ubertim
991 5213 1212 5284 rigatis.
1272 5212 1610 5270 Judaeorum
1684 5219 1880 5268 autem
1939 5215 2098 5270 natio

449 5301 852 5372 frequentibus
881 5301 1128 5373 aliisque
1153 5317 1330 5374 super
1361 5301 1506 5358 alias
1543 5302 1929 5359 accumulatis
1978 5303 2096 5361 ola-

448 5390 622 5446 dihus
651 5393 967 5447 admodum
1001 5393 1390 5448 occidebatur.
1422 5393 1694 5449 Decimus
1715 5399 1952 5449 octavus
1981 5393 2094 5448 im-

486 5477 598 5533 evit
627 5483 1514 5552 TraJaniagcbaturannus,cum
1538 5481 1869 5539 Judaaorum
1893 5497 2096 5540 rursus

2229 3441 2468 3508 διανοίας
2523 3447 2612 3499 καὶ
2665 3453 2767 3516 τῆς
2825 3445 3196 3518 ἀποστολικῆς
3257 3447 3608 3522 ὀρθοτομίας.
3663 3447 3868 3524 Κοδρᾶ-

2227 3555 2320 3596 τος
2371 3535 2556 3607 μέντοι
2594 3535 2684 3592 καὶ
2733 3537 2795 3592 τὸ
2853 3539 3086 3616 ἀρχαῖον
3145 3539 3313 3594 αὐτοῦ
3368 3545 3550 3617 σοφῶς
3611 3539 3872 3616 παραδείο

2227 3645 2428 3696 κνυσιν,
2471 3625 2522 3696 ἐξ
2572 3625 2647 3680 ὧν
2707 3648 2866 3705 φησιν
2923 3628 3112 3690 αὐταὶς
3169 3626 3342 3700 λέξεσι
3399 3630 3658 3706 γράφω-δ’
3715 3654 3738 3684 α
3771 3635 3866 3686 Τυῦ

2226 3711 2284 3770 δὲ
2315 3721 2578 3790 Σωτῆρος
2635 3718 2796 3788 ἡμῶν
2845 3718 2912 3772 τὰ
2959 3714 3087 3794 ἔργα
3135 3718 3216 3773 ἀεὶ
3269 3725 3487 3793 παρῆν·
3543 3717 3728 3790 ἀληθῆ
3769 3722 3864 3796 γὰρ

2223 3805 2290 3874 ἧν
2317 3823 2330 3836 ⁶
2374 3805 2425 3859 οἱ
2473 3807 2907 3880 θεραπευθέντες,
2955 3809 3008 3862 οἱ
3063 3807 3383 3870 ἀνασταντες
3431 3807 3492 3861 ἐκ
3537 3815 3768 3880 νεκρῶν,
3813 3809 3862 3864 οἳ

2223 3893 2328 3949 οὐκ
2379 3889 2634 3970 ὤφθησαν
2704 3895 2865 3970 μόνον
2934 3897 3352 3972 θεραπευόμενοι
3417 3897 3508 3952 καὶ
3579 3899 3858 3972 ἀνισναμε·

2221 4005 2324 4054 νοι,
2375 3983 2519 4039 ἀλλὰ
2576 3985 2666 4040 καὶ
2717 3988 3016 4061 παρόντες·
3067 3985 3197 4042 οὐδὲ
3244 3985 3652 4059 ἐπιδημοῦντος
3707 3991 3854 4060 μόνον

2219 4081 2315 4131 τοῦ
2371 4081 2652 4150 Σωτῆρος,
2713 4075 2860 4132 ἀλλὰ
2915 4077 3004 4134 καὶ
3083 4077 3517 4154 ἀπαλλαγέντος,
3583 4083 3718 4148 ἦσαν
3777 4079 3856 4136 ἐπὶ

2220 4173 2419 4241 χρόνον
2453 4165 2634 4220 ἱκανόν
2661 4185 2673 4200 ·
2705 4167 2779 4229 ὣς
2809 4188 2866 4222 τε
2897 4169 2986 4224 καὶ
3017 4169 3092 4231 εἷς
3121 4169 3248 4230 τοὺς
3279 4171 3584 4242 ἡμετέρους
3629 4171 3854 4245 χρόνους

2221 4258 2360 4318 τινὲς
2391 4255 2671 4334 ἀφίκοντο.
2709 4283 2731 4314 ι

2761 4619 2768 4628 .
2822 4571 3078 4627 ΚΕΦΔΛ.
3126 4573 3248 4626 KB'.

2217 4676 2376 4730 Ὀσα
2414 4677 2525 4730 καὶ
2578 4675 2680 4732 ἐπὶ
2716 4675 3042 4748 Τραίανοῦ
3073 4673 3440 4764 ’ίουδαίοις
3491 4673 3856 4746 ἐπισυνέὗη

2947 4769 3146 4806 κακα.

2277 4855 2354 4908 Τὰ
2387 4854 2482 4927 μὶν
2531 4851 2628 4908 οὖν
2674 4854 2912 4930 ἡμέτερα
2961 4854 3137 4919 οὕτως
3189 4856 3367 4925 ἢνθει,
3411 4855 3502 4909 καὶ
3545 4855 3669 4909 καθ’
3727 4855 3859 4926 ἡμὲ-

2213 4963 2304 5018 ραν
2365 4944 2440 5006 εἰς
2489 4941 2729 4999 ἐπίδοσιν
2793 4941 3017 5020 ἤγοντο,
3085 4943 3236 5018 ῥίζας
3309 4945 3525 5018 βαθείας
3584 4939 3858 5000 καταϐαλ-

2209 5031 2418 5107 λόμενα
2473 5039 2594 5094 ταῖς
2639 5055 2698 5089 τε
2745 5039 2858 5089 τῶν
2909 5031 3294 5089 ἀποστολικῶν
3339 5029 3548 5108 ἀνδρῶν
3607 5031 3858 5090 διδασκα-

2209 5121 2354 5185 λίαις
2379 5121 2607 5196 (πολλοὶ
2639 5120 2698 5178 δὲ
2725 5124 2863 5192 ἦσαν
2907 5128 2986 5194 τῷ
3023 5123 3148 5198 βίῳ)
3193 5123 3284 5177 καὶ
3327 5128 3444 5185 τοῖς
3489 5123 3602 5178 τῶν
3654 5123 3860 5199 μαρτυ-

2207 5231 2318 5287 ρων
2377 5211 2571 5286 αἵμασι
2614 5213 2970 5285 πιαινόμενα·
3021 5213 3090 5268 τα
3129 5211 3186 5267 δὲ
3227 5217 3335 5268 τῶν
3381 5209 3672 5267 Ἰουδαίων
3735 5233 3860 5288 συχ-

2205 5308 2318 5358 νοῖν
2347 5303 2436 5357 καὶ
2473 5300 2929 5372 ἂλλεπαλλήλοις
2961 5299 3176 5374 ἤκμαζε
3207 5305 3325 5362 τοῖς
3354 5306 3570 5365 κακοῖς.
3618 5300 3854 5380 Ὄγδοον

2210 5393 2302 5465 μὲν
2337 5391 2428 5446 οὖν
2461 5391 2550 5446 καὶ
2589 5387 2810 5445 δέκατον
2853 5385 2972 5452 ἔτος
3021 5395 3100 5463 τῷ
3143 5388 3506 5467 αὒτοκράτορι
3556 5389 3747 5466 τούτῳ
3791 5395 3852 5462 τῇ

2203 5482 2353 5556 ἀρχῇ
2413 5477 2681 5552 διηνῦετο,
2737 5480 2826 5534 καὶ
2883 5477 3164 5536 Ἰουδαίων
3221 5479 3440 5551 κίνησις
3487 5477 3646 5544 αὖθις
3697 5483 3854 5558 ἠγεί-

517 5655 592 5726 (l)
624 5656 760 5712 Eam
793 5657 1166 5730 Evangelium
1197 5659 1520 5715 secundum
1551 5657 1816 5716 Hebraeos
1845 5658 2122 5718 continet.
2151 5658 2386 5734 (Euseb.
2415 5659 2517 5716 lib.
2551 5675 2637 5726 ιιι,
2669 5674 2796 5732 cap.
2829 5657 2960 5728 ult.)
