4084 6208
1201 345 1828 414 EGCLESIASTICE
1870 343 2264 408 HISTORl/E
2305 343 2454 406 LIB.
2502 344 2604 408 Ill.
3491 357 3610 418 942

200 361 311 422 9M

198 494 340 570 ρέτο,
371 492 555 548 καὶτὸ
599 486 941 568 περιλειφθὶν
986 491 1083 544 τοῦ
1129 486 1378 559 πλήθους
1424 485 1671 566 ἠφάνιζε.
1704 490 1790 541 Δει

1911 541 1914 553 _
1945 481 2232 538 excitatus
2262 482 2348 539 est
2376 484 2576 541 motus
2599 483 2706 558 ευ)
2738 501 2752 544 :
2786 486 2881 560 qui
2913 488 3073 560 quod
3108 489 3449 565 relinquum
3480 493 3608 567 ejus

190 589 280 641 νοῦ
354 582 461 659 γὰρ
536 579 625 636 καὶ
705 575 1039 641 στασιώδους
1110 576 1418 650 πνεύματος
1501 575 1790 650 ἐμπεσόντι

1941 572 2143 646 populi
2176 572 2304 642 fuit,
2338 573 2597 630 sustulit.
2623 575 2769 633 Cum
2802 579 3018 636 etenim
3052 584 3248 652 gravis
3279 590 3337 640 et
3367 585 3602 643 seditio-

192 673 395 740 αὐτοῖς,
429 671 520 726 καὶ
568 668 660 725 τόν
712 669 888 743 θυμὸν
935 667 1147 742 μᾶλλον
1196 665 1664 742 ἀναρῥιπίζοντος,
1696 665 1790 740 πρε

1940 679 2041 718 sus
2089 679 2190 719 eos
2249 660 2508 720 alllasset
2541 665 2813 736 spiritus,
2846 668 2946 740 qui
2987 670 3133 726 iram
3162 673 3602 750 vindictamquc

190 764 314 825 τοὺς
369 760 652 820 συνοίκους
702 757 1014 828 ἐστασίαζον
1057 755 1360 827 Ἕλληνας.
1420 753 1519 811 Καὶ
1577 754 1726 809 τοῦτ’
1778 752 1790 807 ἔ

1939 752 2346 810 vehementius
2408 757 2745 825 commovit,
2798 758 3120 818 tumultum
3154 765 3433 822 adversus
3454 769 3603 824 cives

193 847 575 923 Ἀλεξανδρείᾳ
629 848 719 903 καὶ
777 847 1038 923 Αἰγύπτῳ
1094 845 1183 900 καὶ
1237 848 1309 919 τῇ
1383 843 1667 920 προσοίκῳ
1719 848 1790 898 Κυ

1950 858 2091 899 suos
2132 842 2362 900 Graecos
2390 844 2450 900 in
2481 843 2710 903 civitate
2737 845 3151 918 Alexandrina,
3181 853 3242 909 in
3269 855 3603 928 Egypto,et

193 941 328 1016 ρήνῃ
378 938 692 1015 ἐπράττετο.
756 935 899 993 Κατά
975 934 1166 1010 μικρὸν
1226 931 1283 989 δὲ
1335 934 1434 1002 τήν
1494 934 1676 990 στάσιν
1733 933 1790 987 αὖ

1937 930 2124 987 vicina
2145 932 2196 988 ei
2227 935 2442 1002 Cyrene
2473 935 2874 995 oonciverunt.
2917 939 3041 1003 Quo
3074 941 3283 1000 deinde
3315 945 3599 1017 paulatim

190 1033 459 1103 ξησαντες,
514 1031 596 1100 τῷ
657 1027 773 1100 μετ’
824 1024 1028 1082 ἐκεῖνον
1088 1025 1317 1097 ἐνιαυτῷ
1395 1024 1645 1100 μέγιστον
1711 1043 1790 1078 κα·

1936 1021 2235 1093 gliscente,
2267 1023 2368 1095 qui
2403 1024 2667 1095 proxime
2697 1033 3056 1086 consecutus
3086 1034 3197 1099 est,
3229 1049 3381 1090 anno
3415 1036 3597 1093 maxi-

185 1119 449 1191 ἀλλήλων
501 1120 743 1192 συνῆψαν
818 1116 912 1171 τὸν
960 1113 1228 1190 πόλεμον.
1282 1115 1503 1192 Ἥγεῖτο
1559 1110 1618 1168 δὲ
1667 1133 1790 1184 τηνι

1936 1127 2102 1168 mum
2133 1113 2462 1170 conﬂarunt
2491 1113 2710 1172 bellum
2741 1116 2840 1189 (2).
2877 1119 3132 1177 Tenebat
3159 1125 3285 1180 tum
3315 1141 3448 1182 cum
3485 1126 3596 1184 im-

183 1207 309 1266 κάδε
368 1212 592 1270 Λοῦπος
622 1204 926 1281 Αἲγύπτου.
962 1205 1060 1260 Καὶ
1117 1205 1184 1261 τὰ
1236 1204 1330 1277 μὲν
1388 1207 1580 1279 πρῶτα
1624 1200 1692 1259 τὰ
1718 1205 1790 1257 τῶ

1933 1202 2092 1272 perio
2151 1204 2506 1274 provinciam
2557 1205 2873 1278 ZEgyptum
2936 1209 3158 1281 Lupus.
3209 1213 3280 1268 Et
3336 1215 3593 1284 primum

184 1296 457 1358 Ἰουδαίων
514 1296 764 1369 ἐκράτει·
817 1295 870 1350 o't
927 1291 975 1349 δ’
1022 1291 1296 1362 ’Έλληνες
1371 1295 1518 1372 φυγῇ
1595 1291 1790 1366 (huich

1932 1291 2169 1363 quidem
2226 1293 2419 1348 Judmi
2468 1296 2801 1366 superiores
2859 1313 3036 1355 esse:
3080 1299 3264 1356 Graeci
3291 1312 3484 1360 autem
3521 1323 3587 1363 ex

184 1386 544 1462 χρησάμενοι,
598 1388 715 1446 τοῖς
762 1380 814 1437 ἐν
875 1378 1252 1456 Ἀλεξανδρείᾳ
1307 1379 1635 1456 άπροόπτως
1700 1376 1786 1434 ἐπι

1928 1379 2087 1452 turpi
2117 1381 2340 1438 etfmda
2362 1383 2498 1455 iuga
2519 1386 2872 1457 congregati,
2909 1404 2976 1444 ex
3007 1387 3321 1461 improviso
3350 1392 3591 1453 Judeeos

184 1477 388 1550 θέμενοι
437 1471 752 1541 Ἰουδαίοις,
805 1470 1071 1547 ζωγροῦσί
1129 1490 1186 1524 τε
1233 1467 1425 1525 αὐτίκα
1466 1467 1556 1524 καὶ
1609 1467 1790 1543 μαχαί⁴

1925 1468 2289 1528 Alexandria
2318 1473 2558 1544 adoriri,
2580 1478 2638 1530 et
2669 1475 2884 1546 partim
2919 1478 3068 1534 ferro
3108 1481 3349 1552 caedere,
3381 1486 3590 1555 partim

183 1587 272 1643 ρας
320 1562 475 1639 ἔργον
521 1565 826 1618 ποιοῦνται.
861 1558 1193 1635 Συμμαχίας
1239 1561 1366 1635 γοῦν
1414 1559 1466 1614 οἱ
1515 1557 1567 1614 ἐν
1608 1558 1790 1632 Κυρήντ

1927 1559 2183 1630 captivos
2214 1561 2525 1620 abducere.
2585 1563 2782 1634 Itaque
2814 1566 2915 1638 qui
2970 1567 3201 1637 Cyrenes
3231 1576 3416 1642 erant,
3439 1575 3589 1631 sub-

179 1663 274 1726 τῆς
327 1652 548 1710 ἐκείνων
598 1651 989 1728 ἀποτυχόντες,
1027 1649 1342 1704 καταθὲουσι
1390 1653 1491 1735 τῆς
1541 1646 1790 1722 Αίγύπτοε

1926 1649 2074 1704 sidio
2106 1649 2204 1706 tali
2265 1650 2507 1719 amisso,
2555 1658 2828 1711 cunctam
2862 1663 3210 1728 percurrunt
3239 1661 3578 1735 Egyptum,

178 1746 348 1816 πάσης
405 1738 485 1800 ἔτι
545 1740 856 1818 ἡγουμένου
915 1737 1170 1794 Λούπουο
1226 1737 1315 1792 καὶ
1371 1738 1400 1792 ’ὀ
1457 1733 1584 1812 δρᾷν
1653 1735 1790 1791 κακὸη

1922 1754 2098 1810 quam
2132 1740 2326 1812 Lupus
2356 1741 2547 1798 adhuc
2600 1743 3052 1803 administrabat
3085 1765 3098 1804 :
3131 1756 3185 1805 et
3216 1733 3405 1823 quam
3445 1733 3584 1826 pos-

185 1833 352 1909 εἶχον,
418 1829 596 1893 ἀδεῶς
671 1824 952 1904 ἔπρασσον.
1024 1825 1206 1888 Δείσας
1280 1826 1462 1881 τοίνυν
1533 1826 1790 1900 Τραϊανός

1925 1831 2086 1898 sunt,
2127 1827 2372 1901 impune
2413 1830 2672 1889 inferunt
2728 1833 2976 1892 cladem.
3028 1837 3108 1894 Ea
3166 1855 3227 1896 re
3287 1824 3579 1912 permotus

182 1923 374 1998 πέμπει
449 1922 700 1995 Μάρκιον
756 1913 1050 1992 Τούρϐωνα
1119 1916 1235 1990 μετ’
1291 1914 1597 1991 ἀξιομάχου
1655 1912 1787 1970 δυνά

1924 1917 2210 1989 Trajanns
2233 1918 2506 1976 Martium
2557 1921 2890 1980 Turbonem
2922 1941 2988 1980 eo
3021 1942 3153 1983 cum
3185 1928 3374 1986 valido
3406 1933 3584 1988 mittit

187 2035 342 2086 μεως,
388 2009 710 2068 ὑπαντιάσαι
765 2007 901 2064 κατᾶ
957 2005 1131 2080 στόμα
1187 2010 1307 2070 τοῖς
1349 2002 1658 2068 Ἰουδαίοις.

1924 2007 2199 2074 exercitu,
2231 2009 2494 2080 quicum
2545 2011 2764 2067 Judaais
2818 2013 3085 2071 cominus
3133 2023 3581 2091 congrederetur

183 2100 234 2157 δέ
287 2105 353 2176 τῇ
401 2104 635 2175 ναυτικῇ
684 2099 879 2169 πεζική
927 2117 985 2152 τε
1031 2094 1346 2164 καὶὶππική
1379 2093 1672 2168 παρείπετο
1719 2090 1780 2146 δύ

1923 2103 1979 2152 et
2005 2095 2254 2154 classem
2286 2098 2637 2156 maritimam
2668 2101 2932 2172 peditum
2962 2090 3348 2180 equitumque
3369 2126 3581 2168 conse-
3607 2100 3610 2103 ’

181 2208 367 2266 νομιςο
399 2192 457 2254 ’ὀς
508 2192 603 2246 καὶ
660 2188 712 2244 ἐν
771 2185 1050 2263 ἐλαχίστῳ
1097 2184 1281 2261 χρόνῳ
1319 2181 1558 2246 πολλαῖς
1611 2203 1670 2239 τε
1723 2203 1788 2238 κα

1925 2193 2187 2258 quuntur
2215 2187 2451 2246 auxilia.
2477 2189 2726 2247 Martius
2757 2209 2929 2264 porro
2961 2195 3114 2251 brevi
3148 2198 3350 2256 multis
3379 2202 3580 2259 variis-

181 2284 450 2346 παντοίαις
486 2283 694 2357 μάχαις
721 2279 814 2334 τὸν
845 2277 981 2352 πρὸς
1021 2274 1218 2338 αὐτοὺς
1273 2274 1521 2346 πόλεμον
1550 2274 1790 2350 γενναίως

1924 2292 2038 2348 que
2056 2277 2476 2335 certaminibus
2509 2281 2865 2348 commissis,
2896 2282 3164 2357 belloque
3210 2287 3433 2345 fortiter
3449 2307 3575 2349 con-

183 2371 481 2448 διενεγκὼν,
541 2369 799 2429 πλείστας
878 2362 1140 2440 μυριάδας
1214 2361 1487 2419 Ἰουδαίων
1564 2361 1625 2418 οὐ
1701 2365 1790 2416 τῶε

1925 2366 2071 2422 tecto
2100 2365 2376 2438 plurimas
2410 2367 2707 2440 myriadas
2761 2370 3123 2444 Judaeorum,
3153 2392 3268 2432 non
3303 2377 3574 2450 Cyrenai-

183 2464 280 2517 ἀπὸ
339 2463 588 2534 Κυρήνης
647 2459 837 2532 μόνον,
885 2455 1032 2512 ἀλλὰ
1076 2455 1167 2510 καὶ
1223 2459 1332 2509 τῶν
1386 2453 1477 2508 ἀπ’
1533 2452 1812 2526 Αἰγύπτου

178 2557 250 2624 τῷ
291 2555 432 2629 σφῶν
489 2548 709 2626 βασιλεῖ
761 2546 1228 2622 συμμαχούντων,
1261 2541 1492 2605 Λούκιος
1543 2543 1608 2611 ἦν
1659 2542 1810 2613 αύτῷ

179 2628 364 2714 ὄνομα,
404 2641 639 2714 ἀναιρεῖ.
687 2637 969 2697 Ὑπόπτως
1021 2631 1068 2689 δ’
1115 2628 1261 2709 ἔχων
1314 2633 1391 2705 μή
1439 2635 1555 2693 τοῖς
1603 2629 1812 2703 ὁμοφύ-

179 2729 290 2787 λοις
350 2729 439 2784 καὶ
520 2728 576 2783 oi
633 2726 685 2781 ἐν
749 2722 1145 2797 Μεσοποταμίᾳ
1225 2720 1415 2795 ἐπίσης
1496 2718 1808 2786 ἐπίθωνται,

181 2818 384 2891 Λουκίῳ
459 2817 648 2889 Κυὲτῴ
719 2814 1046 2891 προσέταττε
1099 2814 1200 2876 τῆς
1275 2810 1367 2867 ὕπ’
1423 2808 1584 2864 αὐτὸν
1642 2807 1809 2878 ἐπαρ-

181 2908 296 2984 χίας
335 2906 456 2962 ὅσον
507 2905 682 2980 τάχος
727 2902 1062 2977 ἐκκαθαίρειν
1112 2897 1330 2962 αὐτούς.
1371 2897 1471 2981 ¹Καὶ
1515 2897 1576 2962 ’ὸς
1629 2895 1810 2974 κρύφα

181 2997 534 3072 στρατηγικὴν
607 2994 708 3062 τὴν
782 2991 1074 3066 παράταξιν
1145 2988 1540 3063 ποιησάμενος,
1612 2986 1805 3061 ὑπάγει

174 3091 246 3158 τῷ
299 3085 430 3165 ξίφει
473 3083 696 3154 πλῆθος
755 3081 994 3150 ἐκείνων,
1027 3081 1092 3136 οὐ
1151 3075 1354 3165 ῥᾳδίως
1410 3077 1628 3154 ἀριθμῷ
1672 3077 1807 3165 ὑπο-

1923 2471 2126 2510 corum
2183 2454 2396 2527 solum,
2443 2473 2645 2514 verum
2692 2460 3123 2533 [Egyptiorum
3169 2481 3421 2538 quoque,
3475 2471 3572 2539 qui

1925 2543 2041 2614 regi
2099 2560 2206 2600 suo
2265 2544 2442 2602 Lucio
2500 2546 2604 2618 (ita
2668 2548 2825 2605 enim
2886 2550 3209 2623 dicebatur)
3267 2556 3574 2615 auxiliaria

1922 2634 2180 2691 tulerant
2228 2653 2416 2705 arma,
2465 2637 2854 2695 contrucidat.
2901 2641 3050 2699 255
3108 2643 3337 2701 Veritus
3375 2653 3572 2706 autem

1922 2724 2233 2796 Trajanus,
2258 2743 2330 2782 ne
2352 2725 2435 2781 illi
2467 2743 2702 2800 quoque
2731 2728 2833 2801 qui
2864 2730 2925 2786 in
2954 2729 3373 2800 Mesopotamia
3402 2743 3569 2794 erant

1921 2814 2046 2885 pari
2134 2815 2306 2871 modo
2363 2816 2738 2887 popularibus
2806 2819 2932 2875 suis
2993 2821 3206 2878 bellum
3263 2823 3567 2898 inferrent,

1921 2903 2098 2959 Lucio
2129 2904 2327 2970 Quieto
2359 2907 2606 2975 mandat,
2652 2911 2719 2963 ut
2751 2909 3106 2978 provinciam
3137 2929 3307 2970 suam
3356 2915 3567 2974 Judmis

1918 2992 2217 3064 oppressis
2247 2999 2536 3066 repurget.
2591 2997 2958 3069 QuaprOpter
3012 3000 3110 3057 ille
3139 3001 3361 3059 occulte
3387 3007 3569 3077 copiis

1919 3081 2272 3140 militaribus
2336 3086 2705 3157 comparatis,
2771 3086 2901 3144 illos
2961 3105 3294 3162 aggressus,
3345 3098 3569 3154 tantam

176 3164 380 3232 πίπτον.
413 3173 484 3228 Οὗ
538 3170 607 3241 δὴ
657 3172 821 3248 χάριν
866 3169 958 3226 καὶ
996 3175 1096 3239 τῆς
1143 3164 1409 3230 Ἰουδαίας
1467 3164 1737 3254 ἡγεμονίᾳ
1775 3165 1790 3219 ί

1915 3187 2118 3227 eorum
2179 3172 2327 3229 ferro
2375 3174 2632 3230 concidit
2694 3176 3155 3250 multitudinem,
3196 3188 3421 3254 quanta
3452 3202 3567 3242 non

176 3263 514 3338 αὐτοκράτωρ
573 3262 663 3318 τὸν
728 3260 960 3316 Λούκιον
1019 3260 1284 3328 καθιστᾷο
1317 3256 1392 3319 ὡς
1431 3255 1523 3310 καὶ
1571 3254 1623 3310 οἳ
1669 3251 1790 3325 ἔξω·

1917 3259 2087 3316 l'acile
2133 3262 2245 3317 sub
2305 3279 2613 3320 numerum
2672 3266 2877 3322 cadere
2938 3236 3154 3340 possit:
3189 3236 3567 3344 ﬁamque—oh

176 3353 252 3409 θεν
278 3354 600 3431 ἆναγραφεῖς
626 3355 737 3408 τῶν
767 3349 983 3426 χρόνων
1011 3347 1331 3423 ἱστόρησαν.

759 3640 1018 3695 ΚΕΦΑΔ.
1063 3637 1179 3694 Kl".

175 3733 315 3806 Περὶ
363 3737 477 3788 τοῦ
523 3731 780 3820 τρόπου
834 3720 1800 3820 Tpa't'jzvob',‘xatirebv_é1r"’Av-

233 3795 537 3881 τίογείας
571 3795 784 3878 ’ἔργων
825 3795 1061 3855 αύτοῦ·
1103 3795 1212 3853 καὶ
1251 3796 1402 3870 περὶ
1450 3799 1577 3849 τῶν
1619 3795 1656 3849 ε’
1693 3813 1796 3868 γυ-

361 3867 420 3891 »-
711 3873 724 3892 Ι

234 3881 469 3931 ναικῶν
515 3881 892 3950 μαρτύρων.

233 3983 364 4038 Φασί
415 4004 475 4058 γε
540 3983 647 4055 μὴν
691 3983 948 4036 τοσοῦτον
1009 3976 1142 4033 εἶναι
1199 3979 1296 4031 τοῖ’)
1357 3971 1574 4028 δικαίου
1633 3970 1793 4045 φίλον

168 4073 403 4147 Τραϊανὸν
475 4070 568 4127 καὶ
641 4071 742 4138 τὴν
813 4065 1074 4142 πονηρίαν
1136 4063 1509 4138 μυσάττεσθαι,
1571 4064 1645 4124 ὡς
1702 4061 1793 4115 καί

167 4180 285 4216 ποτε
349 4160 619 4238 ῥομφαίαν
684 4158 1072 4235 γυμνώσαντα,
1126 4158 1206 4226 τῷ
1264 4151 1492 4228 ἐπάρχῳ
1545 4157 1645 4220 τῆς
1690 4149 1791 4205 πό-

168 4247 297 4312 λεως
344 4247 621 4325 παρῤησίᾳ
675 4247 890 4303 πάντων
948 4241 1201 4300 ἐπιδόντα
1257 4243 1462 4298 εἰπεῖν’
1524 4242 1674 4313 Δέξαι
1728 4239 1791 4294 τὸ

172 4338 314 4416 ξίφος
362 4338 555 4394 τουτί’
585 4337 674 4392 καὶ
733 4335 782 4390 εἲ
833 4335 928 4409 μὶν
983 4332 1165 4395 καλῶς
1215 4333 1394 4407 ἄρχω,
1445 4330 1579 4406 ὑπὲρ
1632 4327 1791 4416 ipsi},

171 4413 321 4482 εἰδὲ
372 4431 575 4496 κακῶς,
624 4426 741 4481 κατ’
798 4423 932 4498 ἐμοῦ
987 4421 1165 4495 τούτῳ
1222 4427 1448 4496 χρῆσαι.
1507 4419 1677 4480 Δάκας
1735 4413 1793 4472 δέ

163 4518 449 4590 πορθήσας,
486 4516 605 4572 κατ’
652 4515 827 4571 αὐτῶν
886 4507 1267 4588 ἐθριάμϐευσε.
1330 4513 1546 4584 Περσῶν
1607 4505 1655 4562 δ’
1707 4505 1791 4561 ἐπ’

1911 3366 2148 3407 causam
2171 3351 2418 3409 Lucium
2449 3353 2766 3426 provincia)
2794 3355 3007 3414 Judasa
3040 3361 3293 3431 prafecit
3323 3362 3570 3436 impera-

1911 3441 2024 3507 tor,
2056 3439 2226 3496 sicuti
2255 3440 2312 3496 id
2343 3458 2576 3515 quoque
2617 3444 2849 3515 profani
2907 3448 3220 3508 Annalium
3251 3450 3566 3526 scriptores

1911 3528 2206 3587 memoria
2236 3529 2570 3602 prodidere.
3229 3546 3235 3552 ‘

2483 3638 2716 3697 CAPUT
2762 3619 2985 3699 xxm.’

1907 3728 1986 3784 Ds
2009 3725 2234 3812 ἰηιῤαί
2269 3728 2540 3812 portibus.
2573 3736 2632 3810 et.
2679 3731 2956 3812 operitur,
2987 3735 3384 3812 sti-actumque
3419 3739 3563 3812 ejus,

1984 3815 2124 3882 quas
2174 3799 2474 3882 Antiochia:
2505 3800 2632 3870 ﬁeri
2659 3799 2876 3860 curavit
2902 3799 2949 3861 ς’
2980 3813 3032 3862 et
3058 3806 3123 3864 de
3151 3799 3392 3882 quinque
3415 3799 3565 3868 τὶιονί

1976 3869 2032 3941 ty
2042 3869 2200 3926 ribus
2227 3869 2478 3941 feminis.

1979 3978 2118 4033 Tam
2157 3976 2464 4034 studiosus
2485 3984 2676 4036 autem
2707 3980 2883 4038 luisss
2912 3983 3094 4040 fertur
3113 3987 3569 4064 Trajanusjuris

1905 4069 1962 4124 et
1986 4065 2250 4137 institis,
2302 4071 2360 4122 et
2413 4071 2534 4125 tam
2566 4068 2638 4125 ab
2669 4070 3046 4142 improbitate
3075 4075 3324 4145 alienus,
3359 4084 3424 4136 ut
3453 4081 3562 4137 ali-

1907 4155 2142 4227 quando
2171 4170 2372 4212 ensem
2405 4156 2675 4214 strictum
2705 4160 2977 4231 praefecto
3001 4163 3128 4220 urbi
3162 4165 3221 4221 in
3253 4174 3562 4240 conspectu

1903 4245 2166 4301 omnium
2198 4244 2442 4313 dederit,
2483 4252 2663 4320 atque
2695 4248 2902 4306 dixerit
2934 4252 3124 4324 :Cape
3153 4253 3371 4313 ferrum
3402 4258 3514 4318 hoc
3544 4278 3560 4329 ;

1902 4338 1960 4391 et
2014 4333 2305 4405 siquidem
2363 4339 2516 4392 recte
2575 4336 2889 4408 imperium
2959 4356 3216 4412 gessero,
3276 4362 3379 4418 pro
3439 4367 3554 4420 me,

1902 4423 1991 4479 sin
2022 4420 2210 4491 aliter,
2242 4427 2443 4479 contra
2509 4439 2604 4480 me
2652 4425 2762 4482 hoc
2820 4430 2978 4484 utere
3007 4429 3108 4502 (3).
3161 4433 3319 4490 Idem
3370 4436 3556 4495 Dacos

1899 4511 2058 4580 vicit,
2091 4515 2148 4568 et
2176 4511 2248 4567 de
2311 4513 2398 4567 eis
2456 4512 2844 4586 triumphavit
2910 4517 3011 4589 (4).
3071 4519 3190 4576 Sub
3229 4538 3296 4578 eo
3326 4540 3560 4598 quoque

164 4604 315 4660 αὐτοῦ
366 4607 466 4675 τὴν
530 4605 821 4679 Ἀντιόχου
888 4599 1364 4674 καταδραμόντων,
1422 4596 1513 4653 ναὶ
1582 4595 1784 4667 ταύτην

1911 4601 2082 4658 Persas
2131 4601 2204 4656 ad
2257 4601 2625 4659 Antiochiam
2681 4621 2870 4677 usque
2899 4614 3274 4667 excurrerant
3325 4628 3340 4668 :
3388 4595 3558 4687 eique

163 4693 336 4770 λόγοις
373 4693 668 4770 εῒρηναίοις
704 4693 795 4749 καὶ
839 4688 1096 4753 σπονδαῖς
1143 4687 1476 4763 εἰληφότων,
1509 4687 1646 4744 ὥστε
1691 4685 1780 4743 καὶ

161 4783 347 4861 φόρους
392 4782 607 4840 ὶλὲσθαι
653 4783 915 4861 εἰσφέρειν
982 4779 1188 4851 αὐτοῖς,
1225 4778 1381 4840 εὐθὺς
1430 4777 1615 4840 αὐτοῖς
1662 4775 1783 4833 ἐπι-

161 4874 303 4943 πτὰς,
348 4874 438 4929 καὶ
493 4874 625 4949 ἄγχι
688 4876 798 4928 τῶν
856 4870 996 4947 ὅρων
1048 4870 1356 4946 γενόμενος,
1415 4867 1467 4923 ἐν
1529 4866 1784 4945 ἀποῤῥή-

159 4981 266 5024 τοις
322 4961 524 5036 ἐμήνυε
569 4961 699 5026 τοὺς
743 4961 820 5024 είς
880 4960 1118 5036 φρουρὰν
1175 4956 1626 5037 καταλειφθέντας
1681 4961 1780 5027 τῆς

223 5179 478 5262 υθιιάοεί
508 5182 602 5262 hic
635 5179 1540 5262 d_ucem.habuerun.t_Andream.
1593 5247 1630 5262 η

223 5250 297 5326 (ἐν)
334 5259 394 5310 lu
454 5261 614 5312 motu
663 5255 776 5311 isto
830 5251 1014 5326 Judaei
1070 5250 1325 5326 caedibus
1382 5250 1634 5326 contenti
1665 5263 1782 5326 non

160 5321 401 5396 (uerunt,
448 5329 546 5384 sed
608 5325 878 5383 humanis
934 5323 1208 5396 carnibus
1253 5321 1404 5396 vesci
1452 5324 1780 5396 cmperunt.

158 5393 545 5481 Qypriietiam
577 5399 650 5481 ab
679 5398 767 5481 eig
786 5395 1235 5481 ingenti‘clade,
1267 5393 1780 5481 duce-qudm‘orum

155 5467 493 5550 Artemione,
523 5475 657 5550 sunt
687 5467 895 5550 allecti.
927 5467 1114 5550 Judmi
1156 5467 1586 5550 conspiratione
1610 5467 1780 5550 tacta,

157 5543 362 5608 passim
393 5537 714 5601 ducentena
739 5548 798 5599 et
835 5539 1225 5614 quadraginta
1261 5537 1443 5594 millia
1473 5539 1779 5594 hominum

157 5555 362 5608 passim
393 5555 714 5601 ducentena
739 5555 798 5599 et
835 5555 1058 5614 quadra
1126 5555 1225 5596 nia
1261 5555 1443 5594 mima
1474 5555 1714 5594 nomino

157 5615 877 5696 contruciliarunt._(Dion.,
908 5555 1120 5696 Οιιοεῆι
1279 5682 1291 5696 .
1703 5680 1714 5691 ⁹

221 5683 294 5760 (3)
325 5708 355 5740 ‹‹
385 5686 500 5762 Ego
525 5681 759 5762 quidem
787 5681 869 5747 in
906 5700 1023 5758 me,
1052 5681 1104 5744 si
1133 5682 1400 5744 omnium
1445 5681 1670 5742 utilitas
1699 5681 1782 5740 ita

1893 4690 2022 4748 urbi
2060 4706 2166 4762 per
2190 4691 2353 4763 pacis
2415 4692 2775 4750 conditiones
2830 4701 3010 4767 captaa
3040 4697 3323 4755 tributum
3381 4703 3555 4760 simul

1890 4784 1949 4838 et
1977 4780 2312 4852 prasidium
2346 4781 2790 4854 imposuerant.
2818 4785 3105 4842 Continuo
3136 4787 3411 4846 auxilium
3446 4793 3557 4850 fert

1891 4870 2213 4940 imperator
2267 4886 2282 4927 :
2338 4875 2396 4928 et
2427 4888 2564 4929 cum
2625 4874 2694 4930 ad
2729 4875 2876 4931 ﬁnes
2904 4891 3103 4933 eorum
3142 4879 3418 4950 venisset,
3451 4899 3555 4955 per

1891 4963 2058 5018 notas
2088 4959 2210 5017 illis
2240 4960 2524 5030 scribens,
2557 4962 2707 5020 clam
2757 4964 3070 5038 signiﬁcat,
3101 4971 3167 5024 ut
3218 4969 3551 5042 praesidium

1893 5180 2181 5262 posceret.
2214 5179 2391 5262 etiam
2449 5183 2704 5262 prmiecti
2761 5199 2998 5262 manum
3030 5187 3331 5262 armavi.)
3385 5191 3550 5262 (Tra-

1884 5252 2069 5320 janus
2096 5252 2250 5333 apud
2284 5252 2433 5333 Plin.
2453 5252 2827 5333 'junioremin
2857 5252 3546 5333 Panegyrico.)Trajanus

1892 5337 2131 5401 quoque
2165 5324 2236 5401 ad
2269 5325 2492 5401 amicos
2520 5326 2864 5401 dixit,talsm
2897 5345 2958 5401 se
2979 5324 3105 5386 esse
3134 5324 3543 5401 imperatorem

1896 5393 2137 5475 privatis
2191 5399 2247 5451 et
2291 5396 2536 5475 civibus,
2579 5393 2821 5475 qualem
2838 5400 2950 5456 sibi
2980 5401 3105 5475 ipse
3134 5393 3543 5475 imperatorem

1897 5464 2158 5536 privatus
2232 5464 2529 5537 optasset
2579 5464 2737 5526 I‘dem
2789 5464 3022 5528 fiscum-
3059 5464 3267 5531 lienem
3320 5478 3544 5535 vocavit

1895 5537 2050 5614 quod
2067 5553 2150 5614 _eo
2180 5544 2470 5614 crescente
2493 5539 2698 5614 reliqui
2732 5547 2892 5599 artus
2911 5544 3292 5604 tabecerent.

1959 5608 2038 5683 (4)
2065 5609 2351 5670 Decebalo
2381 5627 2582 5672 eorum
2612 5608 2747 5672 duci
2779 5631 2978 5688 pacem
3000 5617 3179 5676 dedit.
