4084 6208
227 371 353 431 945

1232 365 1858 429 ECCLESIASTICE
1901 361 2297 424 HISTORLE
2341 362 2489 420 LIB.
2537 359 2640 419 lll.

3514 337 3632 396 946

223 526 328 576 νην
388 503 551 560 πόλιν
611 502 786 575 ὄνομα
835 502 932 569 τήν
986 499 1456 576 Ἀδριανούπολιν.
1518 504 1618 556 Οἷα
1665 499 1722 556 δὲ
1782 501 1872 555 καὶ

2000 496 2290 553 )bsidione
2334 493 2540 548 litteris
2573 487 2906 562 prodiderit.
2955 478 3325 576 commodum
3360 471 3534 528 fuerit
3565 485 3634 523 ex

224 595 492 668 Ἀρίστων
552 595 580 649 ὁ
641 591 914 652 Πελλαῖος
963 589 1116 652 αὖθις
1160 590 1284 664 περὶ
1331 599 1432 660 τῆς
1485 591 1717 661 ὑστάτης
1770 610 1872 644 πο-

224 683 481 758 λιορκίας
522 684 699 738 αὐτῶν
755 684 985 757 ἱστορεῖ,
1043 679 1210 735 καλὸν
1265 681 1454 740 αὐταῖς
1495 679 1696 752 λέξεσιν
1749 678 1875 734 ἐπα-

219 777 441 831 κοῦσαι.
505 795 528 825 ι-
586 771 684 826 Καὶ
733 767 872 835 δῆτα
919 776 1019 838 τῆς
1072 767 1351 823 Ἰουδαίων
1403 767 1733 829 ἀποστασίας
1785 765 1879 821 αὖ·

223 863 312 924 θις
347 862 423 923 είς
476 860 613 936 μέγα
658 859 748 914 καὶ
792 857 937 913 πολὺ
986 856 1388 937 προελθούσης,
1439 862 1668 933 Ῥοῦφος
1716 851 1880 930 ἔπαρ-

219 968 331 1024 χος
365 945 438 1002 ὢν
478 955 578 1016 τῆς
617 943 885 1016 Ιουδαίας,
930 948 1325 1020 στρατιωτικῆς
1361 945 1507 1015 αύτῷ
1553 943 1876 1018 σύμμαχίας

224 1039 337 1092 ὑπὸ
401 1038 670 1112 βασιλέως
743 1037 1104 1116 πεμφθείσης,
1160 1041 1279 1097 ταῖς
1350 1034 1630 1097 άπονοίαις
1696 1032 1874 1088 αὐτῶν

226 1127 526 1202 χρώμενος
587 1124 839 1202 σφοδρῶς
898 1125 1132 1198 ἐπεξῄει,
1195 1119 1458 1199 μυριάδας
1515 1121 1728 1196 ἀθρόως
1778 1123 1878 1176 άν-

224 1213 375 1290 δρῶν
436 1217 581 1290 ὁμοῦ
636 1215 726 1271 καὶ
782 1219 1048 1290 γυναικῶν
1104 1214 1196 1268 καὶ
1252 1211 1463 1269 παίδων
1525 1209 1875 1290 διαφθείρων,

221 1305 482 1378 πολέμου
513 1326 572 1360 τε
617 1307 772 1378 νόμῳ
818 1306 911 1366 τὰς
963 1305 1151 1379 χώρας
1200 1303 1374 1358 αὐτῶν
1424 1298 1877 1377 ἐξανδραποδιζό-

227 1413 417 1464 μενος.
473 1393 830 1466 Ἐστρατήγει
871 1389 928 1446 δὲ
975 1391 1099 1447 τότε
1143 1389 1422 1446 Ἰουδαίων
1475 1384 1874 1464 Βαρχωχέϐας,

221 1481 253 1535 ’ὸ
287 1479 358 1550 δὴ
393 1482 638 1555 ἀστέρα
669 1478 856 1551 δηλοῖ,
886 1481 952 1535 τὰ
988 1481 1080 1553 μὶν
1116 1478 1264 1534 ἅλλα
1293 1481 1510 1559 φονικὸς
1538 1479 1630 1534 καὶ
1656 1477 1875 1552 λῃστρι-

220 1572 326 1630 κός
383 1592 468 1633 τις
523 1570 664 1644 ἀνήρ
695 1589 710 1602 ⁸
771 1569 859 1624 ἐπὶ
912 1567 968 1624 δὲ
1013 1575 1081 1644 τῇ
1128 1569 1472 1645 προσηγορίᾳ
1520 1570 1608 1622 οἷα
1651 1566 1730 1622 ἐπ’
1787 1567 1876 1620 ἀν·

224 1656 516 1732 δραπόδων
552 1659 628 1722 ὡς
669 1656 734 1728 δὴ
779 1658 830 1729 ἐξ
875 1659 1102 1734 ούρανοῦ
1143 1659 1369 1736 φωστὴρ
1417 1657 1602 1719 αὐτοῖς
1640 1657 1873 1728 κατελη-

224 1748 437 1817 λυθὼς,
507 1748 865 1822 κακουμένοις
929 1770 987 1803 τε
1053 1745 1362 1821 ἐπιλάμψαι
1430 1746 1872 1821 τερατευόμενος.

221 1841 609 1930 ’ᾼκμᾶσαντος
653 1836 710 1892 δὲ
756 1843 852 1892 τοῦ
899 1836 1151 1911 πολέμου
1195 1836 1346 1898 ἔτους
1403 1835 1600 1911 ὀγδόςυ
1643 1837 1733 1890 καὶ
1785 1833 1870 1890 δε·
1907 1866 1955 1930 Β

224 1929 409 1982 κάτου
473 1935 575 1998 τῆς
660 1926 957 2004 ἡγεμονίας
1022 1925 1330 2002 Ἀδριανοῦ,
1415 1928 1553 1982 κατὰ
1638 1926 1879 1999 Βιθθηρὰ

223 2019 422 2088 πόλιν,
474 2017 597 2086 ἣτις
645 2017 712 2086 ῆν
767 2017 1118 2090 ὀχυρωτάτη,
1174 2020 1283 2070 τῶν
1351 2014 1749 2087 Ἱεροσολύμων
1820 2014 1882 2068 ού

226 2104 444 2181 σφόδρα
483 2105 674 2183 πόρῥω
723 2103 1011 2174 διεστῶσα,
1059 2111 1160 2171 τῆς
1206 2125 1266 2160 τε
1309 2099 1503 2173 ἔξωθεν
1551 2101 1888 2177 πολιορκίας

227 2196 470 2271 χρονίου
525 2194 848 2271 γενομένης.
903 2193 1059 2266 λιμῷ
1106 2216 1164 2250 τε
1213 2193 1302 2249 καὶ
1351 2191 1493 2267 δίψει
1539 2197 1648 2248 τῶν
1692 2213 1890 2247 νεωτε-

229 2291 490 2361 ροποιῶν
561 2285 639 2345 είς
697 2281 930 2362 ἔσχατον
989 2283 1218 2351 ὀλέθρου
1291 2280 1740 2358 περιελαθέντων,
1797 2282 1888 2337 καὶ

233 2376 342 2428 τοῦ
386 2375 486 2441 τῆς
530 2371 794 2433 ἀπονοίας
846 2371 1032 2435 αὺτοῖς
1077 2370 1257 2426 αἰτίου
1301 2372 1400 2440 τήν
1451 2369 1593 2440 ἀξίαν
1645 2368 1890 2424 ἐκτίσαν-

233 2481 434 2522 σαντος
472 2457 655 2530 δίκην,
685 2460 750 2515 τὸ
788 2465 891 2514 πᾶν
929 2453 1076 2522 ἔθνος
1124 2457 1175 2532 ἐξ
1224 2457 1430 2514 ἐκείνου
1479 2458 1568 2512 καὶ
1619 2463 1719 2526 τῆς
1764 2457 1889 2526 περὶ

226 2551 301 2605 τά
371 2547 732 2624 Ἱεροσόλυμα
786 2555 890 2625 γῆς
955 2549 1181 2622 πάμπαν
1273 2543 1566 2603 ἐπιϐαίνειν
1653 2544 1889 2622 εἷ’ργεται

230 2639 416 2712 νόμου
488 2635 725 2712 δόγματι
792 2638 886 2694 καὶ
955 2635 1251 2710 διατάξεσιν
1331 2634 1640 2709 Ἀδριανοῦ,
1699 2635 1775 2698 ὡς
1829 2631 1888 2688 ἄν

237 2725 390 2804 μηδὲ
419 2727 470 2798 ἐξ
521 2728 776 2784 ἀπόπτου
816 2729 1074 2803 θεωροῖεν
1122 2727 1185 2781 τὸ
1240 2731 1499 2801 πατρῷον
1557 2723 1757 2798 ἓδαφος
1808 2723 1892 2798 ἐγ-

233 2815 669 2890 κελευσαμένου.
705 2839 734 2868 ››
785 2815 937 2871 Οὕτω
988 2813 1044 2871 δὲ
1099 2822 1198 2885 τῆς
1248 2815 1464 2876 πόλεως
1515 2813 1593 2878 εἲς
1645 2810 1891 2881 παντελῆ

237 2905 446 2980 φθοράν
504 2909 601 2959 τοῦ
653 2900 927 2959 Ἰουδαίων
973 2901 1156 2965 ἔθνους
1200 2907 1307 2957 τῶν
1357 2899 1526 2956 πάλαι
1582 2897 1888 2972 οἰκητόρων

236 2994 533 3065 ἐλθούσης,
581 2994 632 3064 ἐξ
692 2991 1018 3070 ἀλλοφύλου
1073 3013 1131 3047 τε
1186 2991 1375 3066 γένους
1431 2989 1885 3057 συνοικισθείσης,

235 3089 276 3155 ἡ
343 3085 630 3157 μετέπειτα
687 3087 921 3138 συστᾶσα
967 3083 1252 3155 Ῥωμαϊκὴ
1303 3081 1467 3142 πόλις
1517 3081 1592 3141 εἷς
1638 3081 1738 3148 τὴν
1785 3079 1888 3132 τοῦ

1985 587 2174 642 verbis
2218 586 2346 656 ejus
2395 594 2776 644 cognoscere:
2837 599 2861 629 α
2897 575 3068 630 Porro
3109 567 3423 626 rebellione
3455 567 3632 632 atque

1988 676 2307 731 defectione
2353 673 2690 728 Judaaorurn
2742 666 2970 736 longius
3019 674 3251 716 rursum
3301 667 3628 726 progressa,

1987 764 2174 819 Rufus
2222 762 2435 818 Judaere
2487 759 2815 832 praefectus,
2865 750 3118 824 acceptis
3165 749 3236 803 ab
3283 746 3630 813 imperatore

1986 852 2340 909 militaribus
2387 849 2584 918 capiis,
2635 851 2693 902 et
2739 842 3008 899 vecordia
3055 852 3280 900 eorum,
3331 847 3433 906 pro
3465 845 3630 885 occa-

1987 943 2150 999 sione
2198 943 2343 998 bene
2393 939 2663 1012 gerendaa
2717 935 2821 1003 rei,
2871 930 3117 988 subinde
3174 941 3340 987 usus,
3398 918 3629 976 infestis

1987 1040 2188 1090 contra
2215 1051 2314 1090 eos
2345 1011 2533 1104 signis
2577 1035 2668 1085 est
2716 1040 3083 1100 progressus,
3111 1019 3261 1077 257
3291 1019 3348 1071 et
3377 1011 3632 1085 plurima

1989 1124 2204 1197 passim
2237 1124 2419 1179 millia
2449 1122 2702 1176 virorum
2739 1115 2915 1174 simul
2946 1118 3004 1170 et
3044 1109 3418 1167 feminarum,
3454 1106 3630 1172 atque

1987 1192 2162 1266 etiam
2196 1225 2501 1281 puerorum
2537 1205 2810 1270 concidit,
2842 1199 3094 1270 bellique
3117 1197 3253 1266 jure
3283 1192 3408 1247 loca
3430 1201 3629 1243 eorum

1986 1301 2210 1371 direpta
2240 1301 2298 1354 in
2330 1302 2666 1370 potestatem
2693 1309 2856 1349 suam
2881 1289 3122 1360 redegit.
3146 1285 3269 1341 Dux
3291 1281 3630 1371 Judteorum

1985 1365 2133 1443 tum—
2169 1365 2608 1444 Barchochebas
2653 1383 2731 1455 (1)
2776 1385 2918 1448 erat,
2971 1377 3122 1449 quod
3159 1387 3368 1428 nomen
3419 1365 3635 1422 stellam

1986 1479 2284 1550 significat
2319 1495 2332 1532 :
2379 1485 2582 1533 catera
2631 1474 2719 1528 vir
2760 1467 3170 1542 sanguinariae
3214 1468 3270 1518 et
3301 1458 3631 1532 praadator:

1984 1585 2052 1624 ex
2080 1569 2314 1623 nomine
2350 1572 2542 1623 autem
2578 1580 2684 1620 suo
2707 1561 2950 1634 perditis
2972 1553 3280 1624 mancipiis
3307 1545 3634 1621 prodigiose

1987 1662 2379 1730 persuaserat,
2413 1653 2637 1711 caelitus
2673 1668 2736 1708 se
2765 1651 2948 1705 lucem
2975 1644 3293 1700 demissum
3328 1653 3474 1699 esse,
3509 1648 3634 1730 quas

1985 1724 2232 1802 afﬂictos
2264 1752 2437 1816 atque
2466 1757 2777 1815 oppressos
2801 1738 3142 1794 illustraret.
3168 1731 3350 1795 Quam
3385 1724 3638 1816 maxime

1987 1841 2177 1891 autem
2249 1808 2398 1889 bello
2455 1808 2766 1903 ﬂagrante,
2824 1826 3052 1882 decimo
3129 1825 3332 1875 octavo
3407 1808 3639 1903 imperii

1997 1923 2233 1980 Adriani
2267 1938 2443 1987 anno,
2475 1896 2567 1976 ad.
2602 1917 2921 1973 Bittberam
2975 1909 3260 1967 civitatem
3307 1896 3641 1958 munitissi-

1996 2029 2175 2080 mam,
2227 2027 2331 2066 nec
2380 2011 2461 2064 ita
2505 2009 2677 2076 longe
2724 2023 2758 2061 a
2807 1996 3222 2068 Hierosolymis
3270 1993 3470 2057 sitam,
3504 2001 3638 2040 cum

1997 2100 2319 2156 diuturnirr
2366 2099 2592 2154 obsidio
2646 2095 2928 2157 instituta,
2960 2085 3320 2152 rebellesque
3359 2086 3409 2135 et
3442 2090 3637 2132 rerum

1999 2207 2278 2247 novarum
2309 2188 2552 2246 studiosi
2589 2187 2742 2242 fame
2789 2199 2854 2238 ac
2904 2181 3003 2236 siti
3051 2178 3120 2232 ad
3163 2180 3484 2229 extremum
3519 2166 3638 2221 exi-

1999 2281 2144 2336 tium
2206 2279 2424 2335 redacti
2474 2280 2690 2340 essent,
2741 2277 2798 2328 et
2846 2270 2945 2342 qui
3003 2269 3087 2322 eis
3140 2267 3316 2318 tantae
3358 2255 3640 2312 vecordia

2000 2377 2204 2428 auctor
2235 2371 2461 2437 fuisset,
2509 2369 2718 2438 dignas
2758 2380 2859 2434 per
2887 2357 3198 2416 vindictam
3235 2350 3494 2406 dedisset
3525 2361 3638 2438 pm-

1999 2480 2123 2527 nas,
2173 2477 2316 2533 gens
2347 2436 2466 2516 tota
2497 2436 2677 2514 eri—eo
2723 2461 2982 2522 tempore
3019 2446 3272 2501 vicinam
3302 2441 3359 2495 in
3393 2436 3639 2533 circuitu

1999 2524 2409 2619 Hierosolymis
2441 2547 2737 2619 regionem
2771 2555 3006 2614 prorsus
3036 2535 3318 2604 attingere
3349 2524 3640 2619 prohibita

2000 2647 2109 2708 est,
2141 2611 2314 2708 idque
2361 2639 2446 2693 sic
2495 2611 2909 2692 cvonstitutione
2956 2632 3012 2681 et
3059 2623 3358 2708 sanctione
3399 2611 3637 2708 Adriani

2001 2701 2266 2785 factum:
2301 2728 2400 2798 qui
2432 2725 2540 2780 hoc
2572 2723 2656 2779 sic
2679 2720 2885 2792 jussit,
2915 2721 2980 2772 ut
3010 2713 3095 2768 illi
3124 2729 3193 2767 ne
3224 2707 3480 2798 aspicere
3510 2701 3638 2774 qui-

2000 2820 2131 2876 dem
2164 2836 2231 2874 ex
2263 2797 2386 2873 loco
2418 2814 2681 2886 qquiam
2714 2810 2956 2866 editiore
2987 2803 3237 2877 patrium
3280 2797 3468 2854 solum
3501 2808 3637 2886 pos-

1998 2915 2150 2966 sent.
2185 2930 2214 2958 »
2245 2909 2325 2963 Ad
2360 2881 2517 2961 hunc
2534 2881 2781 2958 ‘modum
2807 2899 2949 2954 urbs
2976 2891 3505 2962 Hierosolymorum
3538 2881 3640 2937 Ju-

1999 2999 2234 3055 daicum
2267 2994 2572 3068 populum,
2605 2987 3050 3060 antiquissimos
3083 2997 3220 3038 suos
3252 2975 3516 3039 colonos,
3547 2970 3639 3068 in-

1998 3088 2325 3146 ternecione
2383 3099 2617 3142 summa
2674 3077 2895 3144 amisit,
2941 3081 2998 3131 et
3049 3079 3244 3146 postea
3289 3068 3358 3122 ad
3401 3059 3638 3119 advenis

239 3147 576 3249 κράτοῦντος
632 3170 830 3230 Αἰλίου
888 3147 1178 3248 Ἀδριανοῦ
1231 3147 1401 3245 τιμὴν
1461 3169 1624 3226 Δίλία
1689 3187 1889 3244 προσα-

2000 3178 2156 3237 culta
2205 3183 2380 3248 atque
2422 3171 2770 3234 inhabitata,
2811 3171 2874 3222 ut
2920 3167 3183 3221 Romana
3213 3151 3634 3249 plane—civitas,

239 3264 547 3340 γορεύεται.
595 3263 695 3318 Καὶ
755 3261 899 3317 οὕτω
961 3263 1054 3334 μὲν
1115 3259 1369 3317 Ἰουδαῖοι
1415 3261 1502 3315 καὶ
1552 3258 1638 3314 ἐπὶ
1685 3262 1885 3312 τοῦτου

2000 3233 2066 3325 i1;
2107 3233 2474 3339 imperatoris
2523 3260 2650 3318 Αξιίί
2709 3233 2951 3313 Adriani
3011 3252 3304 3340 honorem
3348 3241 3493 3340 Elia
3549 3241 3639 3340 est

239 3356 350 3422 τὴν
383 3352 621 3428 ἐσχάτην
659 3343 761 3421 τῆς
801 3352 937 3406 κατὰ
982 3351 1218 3425 Χριστοῦ
1269 3349 1457 3424 μανίας
1506 3348 1759 3403 ἀπέτισαν
1803 3343 1884 3400 δί-

241 3465 352 3513 κην
379 3463 392 3476 ·
427 3445 590 3515 ἡμεῖς
622 3440 678 3496 δὲ
704 3442 795 3495 καὶ
825 3441 911 3495 ἐπὶ
941 3441 1040 3509 τήν
1071 3436 1336 3515 διαδοχὴν
1367 3443 1476 3493 τῶν
1527 3437 1685 3492 θείων
1731 3434 1886 3498 αὖθις

248 3529 460 3609 ἀνδρῶν
490 3531 860 3609 χωρήσωμεν.

857 3833 1112 3882 ΚΕΦΔΛ.
1156 3827 1281 3882 ΚΕ’.

249 3923 440 3985 Τίνες
475 3921 639 3976 κατᾶ
675 3919 957 3974 τούτους
986 3917 1139 3991 τοὺς
1172 3917 1464 3991 χρόνου-ς
1512 3919 1639 3970 τῶν
1693 3913 1890 3991 μεγά-

327 3993 460 4049 λων
489 3995 863 4066 παροικιῶν
890 3993 969 4063 τῇ
1001 3985 1310 4063 ἱερατὶκῇ
1351 3985 1707 4060 διέπρεπον
1748 3985 1891 4041 λέι-

324 4063 649 4141 τουργίᾲ.

329 4169 627 4242 Δωδεκάτῳ
693 4162 797 4224 ἔτει
864 4173 966 4237 τῆς
1030 4170 1292 4242 Τραϊανοῦ
1351 4164 1631 4242 βασιλείας
1693 4163 1896 4237 Εύαρέ-

256 4283 388 4318 στου
432 4257 625 4336 ὄγδοον
681 4252 798 4318 ἔτος
855 4255 941 4312 ἐπὶ
987 4255 1212 4330 Ῥώμης
1255 4255 1683 4329 ἱερατεύσαντος,
1733 4252 1893 4311 Ἀλέ.

256 4347 484 4423 ξανδρος
527 4348 780 4420 πέμπτην
833 4345 938 4400 ἀπὸ
984 4343 1207 4401 Παύλου
1255 4344 1349 4398 καὶ
1389 4345 1594 4420 Πέτρου
1645 4343 1895 4420 κατάγων

259 4437 554 4518 διαδοχὴν,
602 4438 694 4492 τὸν
747 4435 938 4512 θρόνον
988 4431 1282 4509 λαμϐάνει.
1332 4433 1513 4508 Τρίτῳ
1555 4431 1597 4487 δ’
1649 4427 1752 4489 ἔτει
1800 4436 1900 4504 τῆς

258 4531 441 4605 ἀρχῆς
484 4526 683 4584 Αἰλίου
740 4523 1027 4600 Ἀδριανοῦ
1087 4524 1304 4580 δέκατον
1360 4518 1477 4586 ἔτος
1537 4522 1901 4597 ἐκπληρώσας

1996 3325 2303 3432 appellata.
2359 3357 2439 3409 Ac
2493 3352 2542 3408 si
2600 3349 2838 3420 quidem
2893 3343 3070 3401 etiam
3131 3338 3241 3432 sub
3292 3335 3398 3390 hoc
3455 3325 3639 3385 Judtsi

1996 3431 2318 3504 extremum
2377 3447 2581 3501 contra
2626 3438 2922 3496 Christum
2970 3449 3070 3506 per
3128 3431 3380 3486 furorem
3442 3435 3640 3494 perpe-

1996 3542 2128 3598 trati
2161 3538 2375 3614 piaculi
2408 3537 2566 3593 luere
2595 3531 2970 3606 supplicium.
3015 3527 3134 3583 Nos
3177 3525 3369 3578 autem
3402 3529 3637 3571 rursum

1999 3632 2069 3687 ad
2157 3629 2488 3686 divinorum
2561 3623 2820 3681 virorum
2894 3614 3320 3675 descendemus
3402 3618 3636 3662 succes~

1969 3789 1972 3792 I
1997 3721 2242 3778 sionem.

2593 3816 2824 3876 CAPUT
2861 3812 3036 3870 XXV.

2004 3917 2108 3986 Qui
2137 3931 2202 3972 ea
2227 3917 2397 3971 aetate
2425 3908 2688 3986 mammis
2736 3905 3046 3986 quibusque
3077 3897 3319 3986 ccclesiis
3349 3889 3644 3964 episcOpati

2474 3979 2789 4038 ministerio
2815 3976 3170 4049 przfuerinl.

2079 4166 2428 4224 Duodecimo
2473 4158 2821 4234 imperantis
2860 4154 3096 4227 Trajani
3128 4167 3305 4220 anno,
3335 4162 3469 4206 curn
3501 4147 3647 4203 Eva-

2008 4263 2197 4316 restus
2245 4255 2638 4328 pontificatum
2697 4250 2895 4306 Romae
2941 4249 3068 4302 octo
3117 4257 3301 4300 annos
3349 4237 3649 4311 gessisset,

2009 4348 2332 4406 Alexander
2389 4344 2630 4416 quintus
2688 4357 2723 4396 a
2771 4337 2949 4394 Paulo
3005 4338 3064 4392 et
3128 4337 3296 4388 Petro
3353 4341 3654 4416 successor

2011 4437 2316 4494 ecclesiam
2367 4413 2679 4508 regendam
2730 4427 3002 4496 suscepit.
3053 4422 3162 4488 Qui
3210 4420 3376 4478 tertio
3415 4413 3651 4508 Adriani

2012 4524 2242 4597 imperii
2299 4539 2475 4590 anno,
2526 4517 2806 4577 decennio
2873 4516 2932 4570 in
2990 4510 3306 4585 episcopali
3360 4506 3654 4562 iunctione

257 4598 652 4690 ’AﬂﬁavSpoc,
728 4598 924 4687 Ξύστῳ
1007 4614 1207 4682 ταύτης
1294 4613 1594 4683 ἐξίσταται.
1674 4619 1781 4682 Τῆς
1855 4609 1884 4668 δ

2016 4614 2264 4686 expleto,
2311 4616 2485 4683 Xysto
2542 4626 2672 4666 eam
2721 4605 3030 4664 concessit.
3080 4598 3427 4690 Duodecimo
3485 4606 3654 4690 porro

256 4706 564 4786 ἡγεμονίας
614 4703 902 4779 ’Δδριανοῦ
955 4701 1260 4759 δωδέκατον
1310 4702 1547 4781 ἐχούσης
1599 4701 1736 4774 ἔτος,
1790 4701 1904 4757 Ξύ-

259 4819 386 4854 στον
444 4795 668 4862 δεκαετῆ
723 4793 1103 4870 διαγενόμενον
1155 4794 1352 4873 χρόνον
1410 4798 1478 4868 τῇ
1533 4800 1633 4863 τῆς
1678 4793 1903 4870 Ῥώμης

259 4885 531 4960 ἐπισκοπῇ
580 4881 819 4959 ’ἕϐδομος
867 4883 974 4940 ἀπὸ
1031 4888 1138 4938 τῶν
1191 4881 1512 4938 ἀποστόλων
1567 4882 1904 4960 Τελέσφορος

261 4973 596 5055 διαδεχέται.
635 4975 728 5029 Καὶ
782 4973 978 5029 τούτου
1018 4970 1065 5026 δ’
1097 4970 1364 5046 ἑνδεκάτῳ
1410 4979 1510 5042 τῆς
1560 4971 1925 5048 λειτουργίας·

262 5066 495 5136 ἐνιαυτῷ
551 5065 614 5120 τὸ
674 5064 827 5137 βιοῦν
883 5059 1317 5135 μεταλλάξαντος
1372 5059 1516 5117 τέλει
1582 5059 1905 5137 μαρτυρίου,

262 5154 338 5217 ὥς
371 5175 534 5234 φησιν
592 5153 908 5224 Εἰρηναῖος,
968 5151 1177 5226 Ὑγῖνος
1235 5151 1325 5204 τὸν
1383 5147 1592 5224 κλῆρον
1637 5157 1738 5220 τῆς
1785 5147 1905 5205 ἒπι-

261 5250 474 5314 σκοπῆς
538 5242 886 5315 ἐκληροῦτο,
951 5237 1068 5302 ἔτος
1155 5245 1370 5314 πρῶτον
1459 5238 1778 5294 ’Δντωνίνου
1845 5240 1904 5301 ὃς

262 5327 504 5403 Εὐσεϐὴς
565 5329 922 5401 ἐπεκέκλητο,
981 5326 1202 5405 ἔχοντος
1245 5333 1315 5398 τῆ
1365 5329 1534 5407 ἀρχῇ.
1586 5327 1760 5385 Ἀλλὰ
1801 5331 1903 5405 γὰρ

263 5425 401 5499 μετὰ
456 5422 710 5497 τέταρτον
765 5427 866 5490 τῆς
916 5418 1220 5484 ἐπισκοπῆς
1264 5415 1382 5482 ἔτος
1443 5413 1904 5492 ἀποϐαλλομένου

336 5552 411 5622 (ι)
442 5546 885 5604 Barchocbebas
935 5544 1248 5622 perduel_li_s
1292 5544 1425 5622 iste,
1451 5521 1687 5622 rIustino
1715 5547 1908 5622 philo-

262 5616 530 5694 sophoet
559 5624 811 5694 martyre
842 5617 1185 5694 test_e,__ap_ud
1208 5616 1417 5694 Euseb.
1451 5616 1551 5673 lib.
1582 5635 1656 5688 ιν,
1689 5616 1815 5690 cap.
1849 5619 1905 5685 8,

259 5687 625 5753 Christianos
645 5687 818 5761 solos,
843 5689 954 5748 nisi
979 5687 1275 5746 Christum
1295 5687 1704 5761 abnegassent,
1729 5687 1907 5762 atque

2013 4681 2256 4763 Adriani
2275 4681 2452 4773 anno,
2475 4718 2609 4760 cum
2630 4699 2844 4770 Xystus
2872 4693 3216 4752 decennium
3245 4688 3441 4742 itidem
3471 4681 3655 4738 eccle-

2016 4797 2114 4854 sia:
2145 4794 2490 4868 praefuisset,
2523 4789 2915 4862 Telesphorus
2937 4785 2989 4840 ei
3020 4778 3323 4868 successit.
3355 4773 3567 4868 Verum
3601 4775 3658 4828 et

2014 4863 2164 4954 hoc;
2205 4884 2514 4940 undecimo
2582 4875 2934 4952 pontiﬁcalis
2978 4866 3289 4928 ministerii
3343 4863 3434 4921 sui
3481 4877 3653 4928 anno,

2014 4974 2168 5033 258
2212 4973 2326 5030 vita
2383 4988 2482 5044 per
2533 4967 2877 5042 martyrium
2935 4962 3230 5026 defuncto,
3289 4963 3352 5012 ut
3407 4957 3657 5044 Irenaeus

2013 5064 2228 5137 inquit,
2298 5042 2561 5135 Hyginus
2639 5054 2996 5131 provinciam
3055 5050 3182 5120 ejus
3237 5050 3326 5137 est
3390 5042 3656 5110 sortitus,

2015 5135 2201 5226 primo
2232 5151 2463 5224 imperii
2492 5146 2790 5212 Antonini,
2827 5141 2924 5215 qui
2955 5140 3089 5195 Pius
3119 5145 3206 5194 est
3235 5135 3448 5203 dictus,
3481 5147 3656 5226 anno.

2015 5219 2235 5315 liygino
2270 5219 2441 5313 porro
2475 5244 2603 5312 post
2650 5238 2922 5309 quartum
2974 5244 3194 5285 annum
3243 5230 3491 5290 mortuo,
3525 5219 3660 5315 Pius

2014 5311 2300 5390 successit
2332 5333 2428 5402 (2).
2477 5311 2666 5401 Atque
2714 5329 2849 5383 huic
2900 5339 3134 5379 rursum
3183 5319 3475 5380 Anicetus,
3510 5311 3661 5366 vice-

2015 5422 2166 5479 simo
2197 5420 2545 5493 imperantis
2568 5419 2654 5473 Pii
2679 5435 2854 5473 anno.
2877 5415 3152 5472 Anicetus
3173 5417 3365 5466 autem
3389 5402 3659 5461 undecim

2019 5545 2398 5630 blasphemiis
2447 5544 2825 5613 incesserent,
2873 5542 2945 5597 ad
2994 5535 3340 5611 gravissima
3369 5528 3662 5602 supplicia

2020 5618 2170 5674 trahi
2195 5618 2389 5688 jussit.

2089 5689 2166 5763 (2)
2195 5678 2338 5747 'Pius
2369 5686 2537 5748 annis
2567 5687 2636 5746 15
2663 5685 2999 5747 cathedram
3029 5678 3298 5740 obtinuit.
