4000 6220
403 365 520 428 947

1703 367 2128 430 NICEPHORI
2172 365 2524 428 CALLlSTI

3697 347 3821 410 958

407 501 577 559 annis
608 500 862 559 Ecclesia
892 502 1154 558 Romana
1182 501 1609 571 administrata,
1634 508 1836 560 octavo
1859 503 2045 574 impe-

2169 500 2367 576 ρΥγινου
2421 495 2485 550 τὸ
2546 496 2663 568 ζῇν,
2711 496 2843 554 Πῖος
2900 490 3000 557 τὴν
3058 480 3822 576 ‘tAﬁQL.Pd)P7)C“&1!t‘CXOﬁ-V-

408 592 616 648 ratoris
663 590 794 647 Veri
843 607 1020 662 anno,
1070 590 1257 648 Soteri
1303 607 1433 647 eam
1482 591 1739 665 reliquit.
1781 591 1881 648 Cui
1923 595 2053 664 post

409 699 593 738 annos
641 689 766 737 oclo
814 680 1160 738 Eleutherus
1203 685 1291 738 est
1338 682 1636 752 suffectus,
1669 681 2050 740 duodecimus

408 788 442 826 a
471 772 637 826 Petro
686 786 1007 832 successor.
1058 786 1192 826 cum
1244 770 1534 828 decimum
1587 772 1900 845 septimum
1941 787 2052 827 an-

409 875 551 916 num
585 859 657 915 Μ.
689 859 1019 915 Antoninus
1054 859 1131 930 (1)
1163 875 1294 915 cum
1326 859 1445 914 ﬂlio
1469 859 1799 916 Romanum
1830 863 2053 932 regeret

406 948 740 1019 imperium.
772 949 840 1005 In
869 948 1260 1004 Alexandrina
1289 947 1533 1005 ecclesia
1553 949 1783 1005 Primus
1813 953 2053 1020 quartus

407 1037 477 1093 ab
534 1037 816 1109 apostolis
859 1036 1170 1109 episcopus
1222 1035 1355 1092 fuit.
1420 1036 1509 1106 Ei,
1553 1053 1687 1094 cum
1747 1037 2050 1094 duodecim

407 1143 592 1183 annos
622 1126 951 1199 pontificale
983 1127 1228 1183 obiisset
1251 1141 1489 1196 manus,
1531 1125 1786 1183 Adriano
1812 1128 2051 1183 tertium

408 1218 736 1289 imperante
766 1231 1007 1278 annum,
1056 1216 1264 1274 Justus
1303 1224 1390 1273 est
1420 1221 1782 1290 eurrogatus.
1815 1216 2056 1273 Circiter

2156 567 2515 667 ἐγχειρίζεται
2549 603 2562 616 ⁸
2590 567 2675 638 ν’ὸν
2731 581 3025 650 Ἀνίκητος
3077 572 3408 667 διαδέχεται.
3438 567 3717 667 ’⁸9γδοον
3774 568 3821 667 δ’

3069 663 3354 734 ’Δνίκητον
3438 655 3635 714 ’ὲνδεκα
3701 663 3821 718 τοῖς

2161 673 2278 740 ἔτος
2345 675 2564 749 Οὖήρου
2640 669 2986 736 ἐλαύνοντος,
3069 669 3354 734 ’Δνίκητον
3438 669 3635 714 ἓνόεκα
3701 669 3817 718 τοῖς

3601 768 3668 801 ον
3730 765 3819 798 επι

2159 773 2318 823 πᾶσιν
2381 763 2520 820 ἔτεσι
2579 759 2860 816 διελθόντα
2920 752 3228 830 διαδέχεται
3288 750 3489 823 Σωτήρ
3526 768 3539 781 ·

2161 855 2358 932 ὅγδουν
2399 851 2749 926 ἡγησάμενον
2789 843 3264 932 ἕτος.Ἐλεύθερος
3309 836 3654 932 διαδέχεται,
3710 831 3816 888 δω-

2162 926 2382 1006 δέκατος
2441 941 2546 996 ἀπὸ
2600 946 2700 1009 τῆς
2763 940 2968 1013 Πέτρου
3027 927 3296 1005 διαδοχῆς
3373 926 3818 1013 γνωριζόμεγος.

2160 1034 2338 1108 Ἧρχε
2395 1028 2442 1085 δ’
2499 1007 2666 1084 εἰσέτι
2721 1007 3038 1085 Ἀντωνῖνος
3093 1023 3310 1095 Ούῆρος
3358 1018 3452 1072 σὺν
3515 1016 3626 1085 υἱῷ
3703 1007 3819 1074 ἔτος

2160 1102 2312 1197 πρδις⁷
2351 1115 2572 1192 ἑϐδόμῳ
2615 1115 2857 1172 δέκατον.
2909 1113 3008 1169 Καὶ
3059 1111 3271 1187 Πρίμον
3298 1106 3354 1163 δὶ
3392 1103 3659 1197 τέταρτον
3713 1102 3818 1197 ἀπὸ

2160 1191 2268 1267 τιῦν
2331 1191 2652 1264 ἀποστόλων
2707 1212 2806 1276 τῆς
2854 1203 2907 1258 έν
2959 1198 3332 1276 ’Δλεξανδρείᾳ
3375 1194 3677 1269 παροικίας
3724 1191 3818 1244 τὸν

409 1307 818 1362 duodecimum
853 1312 1042 1362 autem
1075 1307 1338 1376 ejusdem
1370 1306 1599 1378 imperii
1625 1323 1869 1374 annum,
1901 1323 2053 1364 anno

2169 1303 2354 1374 θρόνον
2424 1296 2868 1374 κεκληρωμένον,
2922 1294 3095 1370 τρίτῳ
3166 1299 3266 1390 τῆς
3337 1285 3644 1390 ἡγεμονίας
3699 1276 3819 1390 Fu:

413 1401 687 1468 praeterea
719 1412 832 1450 uno
863 1403 916 1449 el
953 1395 1256 1451 mensibus
1289 1377 1514 1467 aliquot
1543 1395 2053 1462 intercedentibus,

2169 1387 2474 1465 Ἀδριανοῦ,
2535 1385 2829 1458 δωδεκάτῳ
2894 1385 2982 1439 καὶ
3050 1389 3150 1452 τῆς
3228 1377 3578 1453 λειτουργίας
3653 1377 3819 1427 αὑτοῦ

409 1484 662 1540 ecclesiae
709 1485 836 1554 ejus
883 1483 1452 1540 administrationem
1495 1484 1783 1540 Eumenes
1813 1489 1902 1540 est
1925 1501 2056 1541 sor-

2169 1459 2617 1554 έκπληρώσαντα,
2679 1473 2987 1550 διαδέχεται
3069 1475 3327 1565 ἸοίξστοςΣ
3398 1465 3570 1565 Ἀρ.ῗί
3637 1459 3699 1516 δὶ

414 1573 575 1642 titus,
609 1552 751 1628 cum
775 1573 1012 1644 quidem
1062 1571 1270 1629 Justus
1318 1573 1589 1628 undecim
1639 1573 1691 1630 ei
1732 1573 2057 1644 praefuisset

2169 1566 2466 1624 δωδέκατον
2525 1573 2625 1636 τῆς
2682 1566 2846 1620 αὐτοῦ
2901 1563 3082 1637 ἀρχῆς
3138 1557 3258 1621 ἔτος
3309 1553 3559 1612 ἐνιαυτοῦ
3621 1552 3818 1624 μεταξὺ

2797 1651 2814 1657 ,
3067 1653 3076 1657 ,
3295 1651 3320 1657 _
3413 1642 3502 1657 .-ς
3553 1643 3574 1657 .
3655 1638 3682 1657 ..
3728 1639 3740 1655 ο

411 1663 604 1717 anni.
639 1642 921 1716 Eumenes
952 1677 1082 1717 vero
1112 1662 1388 1718 tredecim
1440 1663 1610 1717 annis
1649 1642 2052 1735 episcopatum

2169 1659 2252 1714 καὶ
2312 1662 2497 1731 μηνῶν
2563 1677 2724 1711 τινων
2793 1651 3187 1728 διαγενομένων
3254 1651 3357 1713 τῆς
3413 1642 3818 1735 ’Δλεξανδρέων

409 1751 618 1807 tenuit.
651 1750 754 1806 Cui
787 1751 1017 1806 Marcus
1049 1752 1393 1819 succedens,
1425 1752 1621 1808 decem
1650 1752 1821 1808 annis
1851 1768 2053 1808 curam

410 1839 758 1912 pastoralem
809 1841 1012 1912 gessit.
1064 1840 1258 1897 Marco
1306 1839 1578 1897 Celadion
1622 1841 1920 1912 suffectus,
1955 1843 2050 1914 qui

413 1931 850 2002 quatuordecim
905 1929 1076 1986 annis
1124 1932 1464 2001 episcopatu
1523 1931 1776 1996 functus,
1829 1947 2056 1986 succes-

413 2036 602 2075 sorem
636 2019 837 2075 habuit
865 2019 1270 2091 Agrippinum,
1297 2035 1514 2076 nonum
1547 2019 1806 2076 ecclesias
1835 2021 1960 2091 ejus
1979 2021 2053 2075 ab

415 2109 694 2182 apostolis
748 2109 1110 2181 episcopum.
1157 2111 1322 2181 Apud
1353 2108 1741 2165 Antiochenos
1778 2114 1909 2182 post
1937 2109 2053 2166 He-

413 2216 613 2256 ronem
687 2200 984 2257 ecclesiam
1056 2199 1202 2255 rexit
1254 2199 1578 2256 Cornelius.
1642 2201 1782 2255 Huic
1849 2201 2053 2271 quinto

414 2289 741 2360 apostolicae
791 2289 1181 2345 successionis
1229 2289 1410 2359 gradu
1443 2288 1580 2345 Eros
1620 2288 1680 2344 in
1714 2289 2050 2362 episcopatu

412 2379 696 2434 successit
727 2395 740 2433 :
775 2379 983 2433 deinde
1014 2383 1210 2433 sextus
1241 2377 1621 2449 Theophilus,
1654 2382 1710 2434 et
1739 2383 1869 2450 post
1899 2379 2055 2435 hunc

413 2467 694 2540 septimus
726 2469 796 2522 ab
827 2467 1120 2539 Apostolis
1163 2467 1533 2524 Maximinus.
1576 2466 2056 2540 Hierosolymita-

417 2573 627 2613 norum
663 2562 856 2612 aulom
889 2555 1293 2628 episcoporum
1343 2559 1606 2627 tempora
1643 2555 1851 2614 litteris
1885 2574 2055 2613 manv

416 2646 556 2702 data
587 2662 700 2702 non
751 2650 910 2714 sunt,
961 2660 1106 2716 quos
1154 2644 1346 2700 brevis
1395 2645 1702 2702 admodum
1741 2647 1842 2702 aevi
1878 2645 2056 2702 fuisse

417 2739 666 2802 constat,
701 2734 1032 2806 quindecim
1064 2749 1134 2789 ex
1161 2733 1384 2803 ordine,
1416 2741 1477 2788 ut
1505 2735 1740 2804 quidem
1775 2735 2058 2790 memoria

416 2823 540 2879 sine
571 2823 785 2894 scripto
817 2829 907 2878 est
937 2822 1254 2894 proditum,
1278 2822 1537 2878 Hebraici
1570 2823 1799 2894 generis
1829 2840 2056 2892 omnes,

416 2918 687 2985 recteque
737 2913 926 2968 ofﬁcio
967 2928 1072 2968 suo
1105 2915 1353 2980 functos,
1396 2914 1550 2984 quod
1583 2913 1795 2968 Christi
1837 2913 2059 2969 doctri-

414 3017 549 3056 nam
603 3011 661 3056 et
709 3002 1128 3072 professionem
1179 3001 1356 3072 probe
1409 3002 1743 3070 tenuerint;
1790 3018 1914 3074 qua:
1965 3018 2058 3060 res

413 3090 622 3160 etfacit,
656 3096 719 3144 ut
748 3091 817 3145 ad
851 3090 1248 3161 episcopatum
1293 3105 1426 3144 eum
1477 3089 1549 3145 ab
1580 3090 1822 3146 ecclesia
1851 3091 2060 3147 Hiero-

412 3178 780 3248 sulymitana,
812 3195 938 3249 quae
991 3179 1062 3233 ab
1093 3178 1488 3250 apostolorum
1523 3183 1780 3250 tempore
1820 3194 1890 3235 ex
1920 3179 2057 3236 lide-

2164 1730 2494 1821 Ἐκκλησίας
2545 1751 2645 1819 τήν
2691 1746 3020 1822 προστασίαν
3074 1742 3329 1816 Εὐμενὴς
3385 1737 3588 1812 κλήρῳ
3638 1730 3817 1822 διαδέ-

2164 1863 2344 1922 χεται,
2394 1839 2636 1896 Ἰούστου
2693 1820 2782 1894 ἐπὶ
2832 1833 2973 1892 ἔτεσι
3031 1832 3157 1890 δέκα
3213 1832 3352 1906 πρὸς
3397 1824 3615 1922 fcit-ivi.
3666 1820 3816 1922 διαρ-

2162 1913 2441 1992 ⁴ιιίέσαντος.
2491 1927 2596 1985 Καὶ
2653 1926 2847 1982 τούτου
2905 1922 2949 1980 δ’
3007 1923 3115 1998 ούχ
3169 1922 3334 1989 ἦττον
3388 1916 3425 1985 ἢ
3488 1913 3624 1970 δέκα
3686 1913 3814 1987 πρὸς

2162 2020 2307 2096 τρισὶ
2354 2020 2454 2088 τήν
2523 2015 2868 2093 λειτουργίαν
2937 2012 3248 2076 ἀνύσαντος,
3316 2007 3546 2081 Μάρκος
3591 2003 3815 2096 frmi—xiv

2162 2089 2260 2176 {71¢
2337 2089 2724 2181 Ἀλεξάνδρου⁷
2761 2089 3216 2179 άνακηρύττεται.
3295 2097 3515 2166 Δεκάτῳ
3589 2089 3636 2147 δ’
3715 2089 3812 2144 ἔτει

2161 2197 2438 2275 παραδοὺς
2489 2199 2589 2268 τήν
2651 2195 2990 2272 λειτουργίαν
3049 2188 3372 2260 Κελαδίωνι,
3445 2183 3811 2275 έκμετᾷρεῖγτὸ

2168 2293 2461 2368 βιώσιμον.
2523 2287 2700 2346 Ἀλλὰ
2753 2286 2842 2342 καὶ
2899 2284 3094 2342 τούτου
3147 2283 3390 2356 τετάρτῳ
3446 2279 3544 2333 καὶ
3604 2273 3812 2344 δεκάτῳ

2164 2367 2274 2438 ἔτει
2301 2382 2400 2449 τήν
2434 2380 2577 2449 ζωὴν
2612 2376 3073 2452 μεταλλάξαντος,
3110 2375 3212 2442 τὴν
3266 2367 3538 2443 διαδοχήν
3592 2367 3812 2452 Ἀγριπ-

2164 2475 2322 2532 πῖνος
2353 2451 2678 2541 ἐλάμϐανεν,
2726 2466 2948 2534 έννάτην
2993 2463 3138 2539 ἄγων
3186 2461 3291 2517 άπὸ
3333 2463 3442 2514 τῶν
3482 2451 3812 2511 ἀποστόλων

2167 2554 2458 2635 διαδοχήν.
2517 2556 2603 2610 Ἐν
2660 2552 2707 2609 δ’
2763 2552 3071 2628 Ἀντιοχείᾳ
3120 2550 3255 2624 μετὰ
3313 2549 3538 2621 Ἥρωνα
3589 2543 3813 2635 ξορνῆῖ

2168 2646 2286 2709 λιος
2318 2629 2411 2708 τὰς
2457 2643 2603 2720 ἱεράς
2650 2642 2801 2713 ἡνίας
2849 2639 3244 2716 διεχειρίζετο·
3296 2635 3534 2708 πέμπτῳ
3585 2629 3646 2686 δὲ
3685 2629 3807 2703 μετᾶ

2135 2731 2354 2792 ’τοῦτον
2427 2736 2624 2811 βαθμῷ
2688 2740 2788 2802 τῆς
2854 2729 3224 2800 ἀποςτολικὴς
3279 2724 3579 2785 διαδόσεως
3635 2722 3812 2811 Ἔρως

2167 2808 2460 2886 ἐπίσκοπος
2528 2823 2872 2899 έγνωρίζετο.
2939 2821 3134 2881 Ἕκτος
3192 2816 3238 2872 δ’
3290 2816 3375 2872 ἐπ’
3429 2812 3620 2884 έκείνῳ
3684 2808 3812 2864 6:6-

2169 2915 2328 2993 φιλος
2361 2911 2624 2988 διάδοχος
2652 2912 2740 2982 ἦν.
2781 2915 2980 2966 Τοῦτον
3013 2908 3058 2965 δ’
3101 2903 3338 2981 ἕϐδομος
3387 2905 3492 2960 ἀπὸ
3525 2906 3636 2956 τῶν
3689 2899 3816 2953 {irro-

2167 2991 2380 3061 στόλων
2431 3000 2737 3076 διαδέχεται
2799 3000 3125 3073 Μαξιμῖνος.
3184 3002 3300 3051 Τῶν
3361 2991 3407 3049 δ’
3465 2993 3520 3047 έν
3583 2991 3814 3064 Ἱεροσοο

2169 3094 2368 3166 λύμοις
2445 3091 2753 3148 ἐπισκόπων
2839 3088 2967 3151 τοὺς
3051 3087 3288 3165 χρόνους
3366 3084 3566 3152 ἥκιστα
3631 3079 3812 3154 γραςῆ

2169 3181 2526 3253 διασώζεσθαι
2585 3175 2826 3256 ἔγνωμεν
2861 3195 2874 3213 ⁸
2932 3172 3269 3257 βραχυϐίους
3321 3174 3423 3250 γὰρ
3489 3168 3694 3229 αὐτοὺς
3738 3187 3816 3241 γε·

415 3240 569 3323 libus
599 3240 961 3336 Judaaisl'ere
995 3272 1110 3323 lota
1130 3240 1461 3337 constabat,
1485 3273 1543 3324 et
1571 3240 1762 3340 usque
1783 3270 1852 3324 ad
1877 3275 2059 3326 extre-

2357 3240 2374 3253 υ
2625 3240 2636 3256 ι
2733 3240 2744 3254 ι
2933 3240 2980 3254 ιι
3041 3240 3080 3257 n.
3335 3240 3347 3250 -
3394 3240 3405 3248 υ
3755 3240 3761 3241 γ

2169 3273 2346 3332 νέσθαι
2399 3271 2561 3347 λόγος
2626 3264 2762 3346 ἔχει.
2843 3265 3227 3324 Πεντεκαίδεκα
3298 3265 3391 3338 μὶν
3457 3259 3549 3318 οὖν
3619 3258 3815 3317 αὐτοὺς

418 3373 572 3413 mam
607 3358 966 3412 obsidionem
1020 3355 1396 3427 perdurabat,
1440 3357 1557 3412 sint
1589 3356 1815 3414 delecti.
1847 3358 2060 3415 Eorum

418 3446 619 3518 itaque
649 3447 1054 3517 episcOporum
1087 3444 1188 3516 qui
1218 3461 1286 3500 ex
1317 3445 1758 3502 circumcisione
1785 3447 2061 3505 Christia-

420 3553 555 3592 nam
589 3536 1009 3608 professionem
1061 3536 1170 3590 rite
1219 3537 1358 3590 sunt
1403 3535 1708 3607 complexi,
1755 3541 1812 3592 et
1843 3538 2064 3594 mutuis

419 3629 745 3681 Judazorum
779 3625 1168 3681 seditionibus
1217 3633 1390 3696 atque
1427 3626 1679 3682 vesiauas
1708 3625 1944 3683 fuerunt
1973 3645 2067 3684 re-

421 3718 589 3788 liqui,
637 3715 963 3787 catalogum
1015 3733 1048 3770 a
1098 3715 1415 3786 primordio
1455 3733 1744 3788 exponere
1773 3719 2064 3776 convenit.

421 3807 574 3865 259
618 3805 850 3861 Primus
897 3807 1094 3877 itaque
1143 3804 1252 3860 fuit
1296 3805 1566 3872 lacubus,
1618 3807 1798 3862 lrater
1834 3806 2066 3864 Domini

422 3898 651 3964 dictus;
686 3895 996 3963 secundus,
1026 3894 1275 3966 Symcon
1303 3918 1316 3962 ;
1355 3895 1582 3956 tertius,
1615 3895 1860 3964 Justus;
1893 3913 2066 3970 quar-

421 3995 536 4054 tus,
581 3985 851 4041 Zachzeus
879 3984 995 4056 (2);
1047 3985 1305 4054 quintus,
1351 3983 1611 4052 Tobias;
1658 3991 1877 4053 sextus,
1927 3987 2068 4042 Ben-

417 4075 652 4146 jamin;
705 4075 1012 4144 septimus,
1070 4072 1370 4142 Joannes;
1438 4079 1692 4143 octavus,
1753 4073 2068 4144 Matthiae;

428 4180 640 4230 nonus,
691 4163 1037 4232 Philippus;
1084 4163 1368 4228 decimus,
1410 4162 1663 4230 Seneca;
1698 4164 2070 4234 undecimus,

425 4253 666 4318 Justus;
697 4251 876 4305 Lebes
905 4251 1008 4320 (3),
1054 4251 1471 4317 duodecimus;
1507 4251 1783 4322 Ephrem,
1823 4253 2068 4309 tredeci-

427 4356 599 4405 mus;
639 4344 884 4410 quartus
935 4338 1219 4404 decimus,
1251 4337 1510 4409 Joeeph;
1544 4342 1602 4394 et
1637 4338 2069 4411 quindecimus,

425 4431 627 4487 ludas.
656 4428 902 4495 Quibus,
938 4435 1066 4498 post
1095 4425 1455 4483 eversionem
1488 4427 1670 4495 urbis,
1703 4445 1771 4484 ex
1802 4429 2071 4503 gentibus

2144 3366 2206 3435 fi;
2272 3343 2492 3437 inopia
2549 3359 2602 3430 έξ
2655 3343 2912 3434 νάγρᾶφου
2973 3353 3306 3432 παρέδωκεν,
3374 3352 3467 3412 οὓς
3532 3343 3818 3421 Ἐϐραίους

2149 3451 2352 3521 ’ὅντας,
2398 3452 2635 3512 ἅπαντας
2677 3449 2741 3503 τὸ
2787 3449 2966 3524 χρεὼν
3014 3446 3424 3520 λειτουργῆσαι,
3473 3440 3543 3495 τὰ
3586 3439 3816 3511 Χριστοῦ

2173 3541 2410 3618 γνησίως
2449 3536 2904 3612 ἀσπασαμένους·
2954 3537 3043 3592 καὶ
3092 3539 3378 3601 τοσοῦτον,
3428 3531 3505 3591 ὡς
3549 3528 3641 3584 καὶ
3674 3525 3815 3599 παρὰ

2171 3633 2281 3685 τῶν
2333 3625 2590 3698 τηνικάδε
2619 3626 2711 3681 καὶ
2765 3625 2842 3688 εἷς
2893 3627 2996 3696 τήν
3044 3624 3310 3693 τοσαύτην
3362 3619 3680 3696 έγκριθῆναι
3727 3634 3816 3668 πει

2177 3719 2413 3794 ριωπήν.
2479 3717 2585 3786 Τὴν
2653 3718 2756 3791 γὰρ
2823 3719 2998 3770 πᾶσαν
3082 3711 3408 3782 Ἐκκλησίαν
3493 3703 3693 3785 σχεδὸν
3762 3703 3818 3757 ἐκ

2175 3793 2382 3864 πιστῶν
2441 3800 2709 3880 Ἑϐραίων
2779 3801 2885 3860 ἀπὸ
2951 3808 3061 3860 τῶν
3120 3801 3443 3858 ἀποστόλων
3499 3793 3816 3853 καθεστάναι

2176 3889 2480 3972 ἱστόρηται,
2546 3895 2634 3949 καὶ
2709 3895 2875 3970 μέχρι
2958 3893 3016 3948 δὲ
3077 3899 3178 3962 τῆς
3245 3889 3480 3957 ὑστάτης
3545 3885 3815 3960 διαρκέσαι

2176 3984 2525 4058 πολιορκίας.
2559 3984 2656 4039 Καὶ
2695 3984 2876 4039 τοίνυν
2919 3987 3026 4038 τῶν
3072 3981 3132 4038 έκ
3177 3984 3485 4056 περιτομῆς
3535 3973 3815 4031 ἐπιλελοι-

2178 4077 2358 4133 πότων
2423 4073 2724 4149 ἀρχιερέων
2792 4078 2910 4135 ταῖς
2976 4073 3112 4148 πρὸς
3182 4069 3470 4142 ἀλλήλους
3545 4062 3816 4123 Ἰουδαίων

2180 4167 2392 4221 στάσεσι
2456 4166 2544 4218 καὶ
2613 4156 3090 4240 φρενοϐλαϐείαις,
3159 4159 3356 4216 λοιπὸν
3417 4161 3480 4213 ἄν
3559 4155 3671 4224 εἴη,
3722 4153 3813 4218 τήν

2178 4253 2313 4309 κατὰ
2369 4252 2596 4327 Χριστὸν
2661 4249 2982 4325 δεξαμένους
3048 4255 3268 4326 γνῶσιν,
3326 4248 3531 4303 ἄνωθεν
3594 4241 3816 4300 καταλέ-

2181 4344 2264 4415 ξαι
2295 4341 2518 4416 Πρῶτος
2565 4338 2744 4394 τοίνυν
2797 4335 3053 4402 Ἰάκωϐος
3081 4337 3148 4408 ἦν
3199 4338 3227 4391 ὁ
3272 4335 3368 4391 τοῦ
3413 4333 3622 4408 Κυρίου
3671 4327 3820 4405 λεγό-

2183 4451 2340 4506 μενος
2382 4427 2657 4507 ἀδελφός·
2714 4429 2830 4502 μεθ’
2882 4428 2998 4501 μεθ’
3027 4428 3086 4482 ’ὸν
3128 4427 3198 4495 ἧν
3253 4423 3505 4500 δεύτερος
3537 4419 3816 4507 Συμεών·

429 4519 714 4576 successit
745 4516 994 4572 Marcus.
1026 4517 1131 4571 Tot
1159 4515 1574 4588 Hierosolymis
1603 4517 1675 4574 ab
1715 4519 1856 4591 ipsis
1889 4536 2059 4592 usque

2178 4521 2360 4595 τρίτος
2411 4506 2690 4579 Ἰοῦστοςο
2743 4523 3013 4593 Ζακχαῖος
3046 4513 3088 4572 δ’
3135 4513 3385 4590 πέμπτος
3429 4506 3688 4570 Τωϐίαςο
3735 4506 3819 4561 Ez-

429 4608 708 4681 apostolis
755 4608 824 4663 ad
879 4622 1014 4661 eum
1063 4620 1234 4677 quem
1285 4605 1541 4663 diximus
1587 4607 1802 4666 Judam
1845 4625 1914 4666 ex
1945 4611 2067 4666 cir-
2098 4595 2146 4661 D

432 4698 788 4757 cumcisione
838 4698 1076 4754 fuerunt
1122 4695 1401 4768 episcopi.
1449 4696 1738 4766 Totidem,
1787 4707 1848 4754 ut
1893 4713 2070 4774 expo-

428 4790 681 4854 suimus,
731 4787 981 4843 aliarum
1023 4786 1415 4842 maximarum
1446 4785 1828 4844 eccleiarum
1857 4789 2070 4860 guber-

431 4887 683 4936 natores.

2133 4709 2138 4714 ’
2181 4700 2385 4761 λιππος
2416 4719 2430 4733 ·
2502 4697 2727 4760 δέκατος
2794 4695 3051 4758 Σεννέκας
3082 4713 3096 4726 °

2176 4603 2271 4670 τος
2301 4607 2594 4682 Βενιαμίν.
2639 4609 2892 4678 Ἰωάννης
2939 4609 2998 4677 ζ’.
3051 4602 3243 4684 ὄγδοος
3294 4599 3576 4664 Ματθίαςο
3630 4601 3673 4653 θ’
3725 4595 3818 4652 Φί-

3189 4691 3466 4753 ένδέκατος
3534 4692 3775 4748 Ἰοῦστος
3805 4703 3818 4715 ⁶

2179 4783 2360 4858 Λεϐἠς
2411 4785 2714 4849 δωδέκατος
2747 4805 2762 4821 ⁶
2832 4788 3038 4862 Ἐφρής
3083 4780 3527 4860 τρισκαιδέκατος
3563 4799 3580 4813 ο
3638 4794 3822 4834 τεσσα-

2184 4875 2596 4953 ρεσκαιδέκατος
2647 4877 2889 4953 Ἰωσήφ·
2936 4873 3024 4930 ἐπὶ
3074 4870 3132 4929 δὶ
3179 4873 3401 4932 τούτοις
3449 4866 3664 4930 Ἰούδας
3714 4887 3821 4922 πεν-

427 4965 839 5028 τεκαιδέκατος’
897 4965 989 5028 οὓς
1042 4963 1092 5037 ἐξ
1151 4965 1317 5021 ἐθνῶν
1380 4963 1516 5040 μετὰ
1568 4967 1670 5036 τὴν
1735 4964 1942 5023 ἅλωσιν
2004 4963 2312 5044 διαδέχεται
2371 4968 2631 5043 Μάρκος.
2707 4970 2966 5021 Τοσοῦτοι
3029 4965 3124 5039 μὲν
3177 4963 3283 5018 ἀπὸ
3350 4965 3456 5016 τῶν
3509 4957 3820 5015 ἀποστόλων

431 5058 482 5120 ἐς
512 5060 600 5113 τὸν
633 5056 918 5132 εἶ’ρημένον
945 5055 1151 5114 Ἰούδαν
1197 5056 1480 5112 ἐπίσκοποι
1530 5056 1589 5111 έκ
1629 5065 1934 5132 περιτομῆς
1983 5056 2035 5114 έν
2084 5058 2494 5134 Ἱεροσολύμοις
2541 5059 2850 5136 γεγόνασιν.
2899 5055 3170 5117 Ὡσαύτως
3197 5051 3253 5108 δὶ
3282 5053 3372 5108 καὶ
3404 5052 3458 5106 οἱ
3505 5054 3620 5106 τῶν
3649 5047 3821 5105 ἄλλων

433 5153 701 5230 μεγίστων
731 5153 1055 5224 παροικιῶν.

502 5281 575 5352 (l)
605 5279 680 5335 M.
707 5278 890 5352 Elius
927 5276 1692 5352 AntoninpusgPhilosophus,
1715 5282 1769 5333 et
1807 5277 2074 5335 ι.ΑΞ1ίυε

433 5349 790 5408 Commodus
819 5349 1022 5422 Verus,
1074 5349 1201 5406 Divi
1251 5349 1477 5422 fratres,
1523 5349 1685 5422 aeque
1725 5352 1858 5421 jure
1888 5352 2073 5422 impeo

436 5425 586 5480 rium
619 5421 1104 5478 administrarunt
1133 5421 1303 5478 annis
1333 5423 1420 5477 11.
1460 5444 1462 5446 ·
1490 5428 1528 5474 ῖ.
1561 5421 1890 5478 Antoninus
1909 5421 2072 5479 solus

2183 5279 2354 5337 annis
2393 5279 2447 5349 4,
2480 5296 2614 5337 cum
2646 5279 2960 5337 Commodo
2992 5281 3111 5337 ﬁlio
3146 5277 3346 5334 itidem
3380 5277 3559 5334 annis
3588 5272 3647 5333 4.

2253 5352 2336 5410 (2)
2364 5353 2477 5408 Alii
2507 5352 2843 5409 Zachariam
2875 5353 3201 5410 nominant.

2253 5354 2313 5406 l2
2364 5353 2477 5408 Alii
2507 5352 2843 5409 Zachariam
2875 5370 2888 5408 ι

2253 5352 2336 5498 (3;
2361 5424 2472 5482 Alii
2501 5425 2628 5483 Levi
2657 5429 2888 5483 vocant.

2099 5629 2174 5658 σν
