  <div class='ocr_page' id='page_1' title='image "/cluster/home/n/w/nwhite01/storage/ocr_20150623/145/hvd.32044054086921/480.png"; bbox 0 0 4000 6220; ppageno 0'>
   <div class='ocr_carea' id='block_1_1' title="bbox 212 388 345 447">
    <p class='ocr_par' dir='ltr' id='par_1_1' title="bbox 212 388 345 447">
     <span class='ocr_line' id='line_1_1' title="bbox 212 388 345 447; baseline 0.015 -2"><span class='ocrx_word' id='word_1_1' title='bbox 212 388 345 447; x_wconf 70' lang='grc'>949</span> 
     </span>
    </p>
   </div>
   <div class='ocr_carea' id='block_1_2' title="bbox 822 525 1265 599">
    <p class='ocr_par' dir='ltr' id='par_1_2' title="bbox 822 525 1265 599">
     <span class='ocr_line' id='line_1_2' title="bbox 822 525 1265 599; baseline 0.005 -21"><span class='ocrx_word' id='word_1_2' title='bbox 822 528 1084 580; x_wconf 81' lang='grc' dir='ltr'>ΚΕΦΔΛ.</span> <span class='ocrx_word' id='word_1_3' title='bbox 1126 525 1265 599; x_wconf 69' lang='grc' dir='ltr'>κς.</span> 
     </span>
    </p>
   </div>
   <div class='ocr_carea' id='block_1_3' title="bbox 216 627 1862 724">
    <p class='ocr_par' dir='ltr' id='par_1_3' title="bbox 216 627 1862 724">
     <span class='ocr_line' id='line_1_3' title="bbox 216 627 1862 724; baseline 0.003 -41"><span class='ocrx_word' id='word_1_4' title='bbox 216 627 773 719; x_wconf 31' lang='grc' dir='ltr'>Περὶςῐοηρστίνρυ</span> <span class='ocrx_word' id='word_1_5' title='bbox 813 634 926 724; x_wconf 62' lang='grc' dir='ltr'>τοῦ</span> <span class='ocrx_word' id='word_1_6' title='bbox 966 630 1476 724; x_wconf 28' lang='grc' dir='ltr'>φιλοσόφουκκαὶ</span> <span class='ocrx_word' id='word_1_7' title='bbox 1513 631 1862 708; x_wconf 76' lang='grc' dir='ltr'>μάρτυρος,</span> 
     </span>
     <span class='ocr_line' id='line_1_4' title="bbox 295 705 1861 724; baseline 0.004 -4"><span class='ocrx_word' id='word_1_8' title='bbox 295 720 325 724; x_wconf 46' lang='grc' dir='ltr'>Α,</span> <span class='ocrx_word' id='word_1_9' title='bbox 352 721 402 724; x_wconf 35' lang='lat' dir='ltr'>A__</span> <span class='ocrx_word' id='word_1_10' title='bbox 446 722 494 724; x_wconf 30' lang='grc' dir='ltr'>-γ</span> <span class='ocrx_word' id='word_1_11' title='bbox 553 723 557 724; x_wconf 32' lang='grc' dir='ltr'><em>ν</em></span> <span class='ocrx_word' id='word_1_12' title='bbox 607 723 632 724; x_wconf 39' lang='grc' dir='ltr'>η</span> <span class='ocrx_word' id='word_1_13' title='bbox 662 722 673 724; x_wconf 65' lang='lat'><strong><em>_</em></strong></span> <span class='ocrx_word' id='word_1_14' title='bbox 704 723 713 724; x_wconf 27' lang='grc' dir='ltr'><em>κ</em></span> <span class='ocrx_word' id='word_1_15' title='bbox 788 708 801 724; x_wconf 64' lang='grc' dir='ltr'><strong>ι</strong></span> <span class='ocrx_word' id='word_1_16' title='bbox 1034 709 1057 720; x_wconf 59' lang='grc' dir='ltr'><strong>ν</strong></span> <span class='ocrx_word' id='word_1_17' title='bbox 1499 707 1510 724; x_wconf 96' lang='grc' dir='ltr'><strong><em>Ι</em></strong></span> <span class='ocrx_word' id='word_1_18' title='bbox 1687 705 1700 724; x_wconf 64' lang='grc' dir='ltr'>θ</span> <span class='ocrx_word' id='word_1_19' title='bbox 1805 709 1861 724; x_wconf 45' lang='grc' dir='ltr'>*μ</span> 
     </span>
    </p>
   </div>
   <div class='ocr_carea' id='block_1_4' title="bbox 295 704 1862 790">
    <p class='ocr_par' dir='ltr' id='par_1_4' title="bbox 295 704 1862 790">
     <span class='ocr_line' id='line_1_5' title="bbox 295 704 1862 790; baseline 0.003 -37"><span class='ocrx_word' id='word_1_20' title='bbox 295 704 406 790; x_wconf 52' lang='grc' dir='ltr'><strong>ξαί</strong></span> <span class='ocrx_word' id='word_1_21' title='bbox 442 707 560 790; x_wconf 56' lang='grc' dir='ltr'>τῇς</span> <span class='ocrx_word' id='word_1_22' title='bbox 599 704 1178 790; x_wconf 30' lang='grc' dir='ltr'>πὶρὸςᾌνὶωνῖνιον</span> <span class='ocrx_word' id='word_1_23' title='bbox 1217 704 1862 780; x_wconf 78' lang='grc' dir='ltr'>ἆπολογίαςάύτοῦ·</span> 
     </span>
    </p>
   </div>
   <div class='ocr_carea' id='block_1_5' title="bbox 296 770 1864 849">
    <p class='ocr_par' dir='ltr' id='par_1_5' title="bbox 296 770 1864 849">
     <span class='ocr_line' id='line_1_6' title="bbox 296 770 1864 849; baseline 0.004 -23"><span class='ocrx_word' id='word_1_24' title='bbox 296 770 394 826; x_wconf 77' lang='grc' dir='ltr'>ἔτι</span> <span class='ocrx_word' id='word_1_25' title='bbox 438 770 502 828; x_wconf 76' lang='grc' dir='ltr'>δὲ</span> <span class='ocrx_word' id='word_1_26' title='bbox 539 770 660 827; x_wconf 72' lang='grc' dir='ltr'>καῖ</span> <span class='ocrx_word' id='word_1_27' title='bbox 689 775 838 848; x_wconf 87' lang='grc' dir='ltr'>περὶ</span> <span class='ocrx_word' id='word_1_28' title='bbox 871 775 1290 849; x_wconf 78' lang='grc' dir='ltr'>Ἡγησίππου</span> <span class='ocrx_word' id='word_1_29' title='bbox 1320 778 1423 832; x_wconf 84' lang='grc' dir='ltr'>καὶ</span> <span class='ocrx_word' id='word_1_30' title='bbox 1458 770 1864 838; x_wconf 71' lang='grc' dir='ltr'>Μελῖτωνος.</span> 
     </span>
    </p>
   </div>
   <div class='ocr_carea' id='block_1_6' title="bbox 295 876 1862 957">
    <p class='ocr_par' dir='ltr' id='par_1_6' title="bbox 295 876 1862 957">
     <span class='ocr_line' id='line_1_7' title="bbox 295 876 1862 957; baseline 0.003 -25"><span class='ocrx_word' id='word_1_31' title='bbox 295 879 444 933; x_wconf 81' lang='grc' dir='ltr'>Κατά</span> <span class='ocrx_word' id='word_1_32' title='bbox 485 876 540 934; x_wconf 80' lang='grc' dir='ltr'>δὲ</span> <span class='ocrx_word' id='word_1_33' title='bbox 587 881 682 935; x_wconf 85' lang='grc' dir='ltr'>τὸν</span> <span class='ocrx_word' id='word_1_34' title='bbox 722 880 922 956; x_wconf 89' lang='grc' dir='ltr'>χρόνον</span> <span class='ocrx_word' id='word_1_35' title='bbox 952 879 1236 957; x_wconf 81' lang='grc' dir='ltr'>Ἀδριανοῦ</span> <span class='ocrx_word' id='word_1_36' title='bbox 1282 885 1371 939; x_wconf 86' lang='grc' dir='ltr'>καὶ</span> <span class='ocrx_word' id='word_1_37' title='bbox 1401 886 1690 944; x_wconf 83' lang='grc' dir='ltr'>Ἰουστῖνος</span> <span class='ocrx_word' id='word_1_38' title='bbox 1739 884 1767 938; x_wconf 82' lang='grc' dir='ltr'>ὁ</span> <span class='ocrx_word' id='word_1_39' title='bbox 1810 881 1862 937; x_wconf 78' lang='grc' dir='ltr'>ἒν</span> 
     </span>
    </p>
   </div>
   <div class='ocr_carea' id='block_1_7' title="bbox 213 965 1866 1047">
    <p class='ocr_par' dir='ltr' id='par_1_7' title="bbox 213 965 1866 1047">
     <span class='ocr_line' id='line_1_8' title="bbox 213 965 1866 1047; baseline 0.004 -27"><span class='ocrx_word' id='word_1_40' title='bbox 213 965 552 1043; x_wconf 70' lang='grc' dir='ltr'>φιλοσόφοις</span> <span class='ocrx_word' id='word_1_41' title='bbox 603 967 806 1043; x_wconf 74' lang='grc' dir='ltr'>μάρτυς</span> <span class='ocrx_word' id='word_1_42' title='bbox 853 971 1260 1045; x_wconf 84' lang='grc' dir='ltr'>ἀνεγνωρίζετο,</span> <span class='ocrx_word' id='word_1_43' title='bbox 1309 974 1530 1047; x_wconf 76' lang='grc' dir='ltr'>γνήσιος</span> <span class='ocrx_word' id='word_1_44' title='bbox 1574 978 1675 1040; x_wconf 83' lang='grc' dir='ltr'>τῆς</span> <span class='ocrx_word' id='word_1_45' title='bbox 1728 970 1866 1042; x_wconf 83' lang='grc' dir='ltr'>ἀλη-</span> 
     </span>
    </p>
   </div>
   <div class='ocr_carea' id='block_1_8' title="bbox 214 1054 1866 1137">
    <p class='ocr_par' dir='ltr' id='par_1_8' title="bbox 214 1054 1866 1137">
     <span class='ocr_line' id='line_1_9' title="bbox 214 1054 1866 1137; baseline 0.004 -29"><span class='ocrx_word' id='word_1_46' title='bbox 214 1055 352 1117; x_wconf 89' lang='grc' dir='ltr'>θοῦς</span> <span class='ocrx_word' id='word_1_47' title='bbox 379 1054 706 1135; x_wconf 71' lang='grc' dir='ltr'>φιλοσοφίας</span> <span class='ocrx_word' id='word_1_48' title='bbox 737 1055 812 1112; x_wconf 82' lang='grc' dir='ltr'>ὢν</span> <span class='ocrx_word' id='word_1_49' title='bbox 855 1057 1106 1133; x_wconf 74' lang='grc' dir='ltr'>ἐραστής,</span> <span class='ocrx_word' id='word_1_50' title='bbox 1137 1060 1233 1116; x_wconf 81' lang='grc' dir='ltr'>κάν</span> <span class='ocrx_word' id='word_1_51' title='bbox 1277 1068 1396 1124; x_wconf 88' lang='grc' dir='ltr'>ταῖς</span> <span class='ocrx_word' id='word_1_52' title='bbox 1441 1063 1568 1137; x_wconf 90' lang='grc' dir='ltr'>παρ’</span> <span class='ocrx_word' id='word_1_53' title='bbox 1596 1063 1866 1130; x_wconf 85' lang='grc' dir='ltr'>Ἕλλησιν</span> 
     </span>
    </p>
   </div>
   <div class='ocr_carea' id='block_1_9' title="bbox 211 1142 1867 1221">
    <p class='ocr_par' dir='ltr' id='par_1_9' title="bbox 211 1142 1867 1221">
     <span class='ocr_line' id='line_1_10' title="bbox 211 1142 1867 1221; baseline 0.003 -22"><span class='ocrx_word' id='word_1_54' title='bbox 211 1145 444 1214; x_wconf 70' lang='grc' dir='ltr'>ἠσκεῖτο</span> <span class='ocrx_word' id='word_1_55' title='bbox 478 1142 781 1219; x_wconf 87' lang='grc' dir='ltr'>διατριϐαῖς</span> <span class='ocrx_word' id='word_1_56' title='bbox 806 1166 820 1180; x_wconf 91' lang='grc'>·</span> <span class='ocrx_word' id='word_1_57' title='bbox 856 1149 1003 1214; x_wconf 82' lang='grc' dir='ltr'>ὅστις</span> <span class='ocrx_word' id='word_1_58' title='bbox 1029 1170 1088 1204; x_wconf 90' lang='grc' dir='ltr'>τε</span> <span class='ocrx_word' id='word_1_59' title='bbox 1116 1151 1207 1205; x_wconf 84' lang='grc' dir='ltr'>καὶ</span> <span class='ocrx_word' id='word_1_60' title='bbox 1247 1152 1366 1212; x_wconf 69' lang='grc' dir='ltr'>οἶος</span> <span class='ocrx_word' id='word_1_61' title='bbox 1412 1153 1502 1221; x_wconf 79' lang='grc' dir='ltr'>ἦν,</span> <span class='ocrx_word' id='word_1_62' title='bbox 1537 1151 1625 1205; x_wconf 87' lang='grc' dir='ltr'>καὶ</span> <span class='ocrx_word' id='word_1_63' title='bbox 1671 1152 1744 1212; x_wconf 86' lang='grc' dir='ltr'>ὡς</span> <span class='ocrx_word' id='word_1_64' title='bbox 1807 1149 1867 1205; x_wconf 78' lang='grc' dir='ltr'>ἐκ</span> 
     </span>
    </p>
   </div>
   <div class='ocr_carea' id='block_1_10' title="bbox 209 1234 1863 1317">
    <p class='ocr_par' dir='ltr' id='par_1_10' title="bbox 209 1234 1863 1317">
     <span class='ocr_line' id='line_1_11' title="bbox 209 1234 1863 1317; baseline -0.002 -21"><span class='ocrx_word' id='word_1_65' title='bbox 209 1240 324 1303; x_wconf 82' lang='grc' dir='ltr'>τῆς</span> <span class='ocrx_word' id='word_1_66' title='bbox 355 1234 639 1307; x_wconf 76' lang='grc' dir='ltr'>Ἐλλήνων</span> <span class='ocrx_word' id='word_1_67' title='bbox 699 1236 913 1310; x_wconf 82' lang='grc' dir='ltr'>πλάνης</span> <span class='ocrx_word' id='word_1_68' title='bbox 958 1241 1025 1295; x_wconf 80' lang='grc' dir='ltr'>τὰ</span> <span class='ocrx_word' id='word_1_69' title='bbox 1078 1243 1178 1306; x_wconf 79' lang='grc' dir='ltr'>τῆς</span> <span class='ocrx_word' id='word_1_70' title='bbox 1237 1240 1478 1310; x_wconf 80' lang='grc' dir='ltr'>ἀληθοῦς</span> <span class='ocrx_word' id='word_1_71' title='bbox 1537 1239 1863 1317; x_wconf 79' lang='grc' dir='ltr'>φιλοσοφίας</span> 
     </span>
    </p>
   </div>
   <div class='ocr_carea' id='block_1_11' title="bbox 212 1323 1865 1405">
    <p class='ocr_par' dir='ltr' id='par_1_11' title="bbox 212 1323 1865 1405">
     <span class='ocr_line' id='line_1_12' title="bbox 212 1323 1865 1405; baseline 0.004 -28"><span class='ocrx_word' id='word_1_72' title='bbox 212 1323 530 1393; x_wconf 82' lang='grc' dir='ltr'>ἠσπάσατο,</span> <span class='ocrx_word' id='word_1_73' title='bbox 556 1326 720 1382; x_wconf 77' lang='grc' dir='ltr'>αὐτοῦ</span> <span class='ocrx_word' id='word_1_74' title='bbox 751 1325 1005 1405; x_wconf 82' lang='grc' dir='ltr'>λέγοντος</span> <span class='ocrx_word' id='word_1_75' title='bbox 1043 1329 1254 1385; x_wconf 83' lang='grc' dir='ltr'>ἀκούειν</span> <span class='ocrx_word' id='word_1_76' title='bbox 1309 1327 1546 1403; x_wconf 80' lang='grc' dir='ltr'>μάλιστα</span> <span class='ocrx_word' id='word_1_77' title='bbox 1591 1329 1728 1404; x_wconf 88' lang='grc' dir='ltr'>πρὸς</span> <span class='ocrx_word' id='word_1_78' title='bbox 1785 1333 1865 1401; x_wconf 82' lang='grc' dir='ltr'>τῷ</span> 
     </span>
    </p>
   </div>
   <div class='ocr_carea' id='block_1_12' title="bbox 213 1412 1862 1522">
    <p class='ocr_par' dir='ltr' id='par_1_12' title="bbox 213 1412 1862 1522">
     <span class='ocr_line' id='line_1_13' title="bbox 213 1412 1862 1522; baseline 0.008 -54"><span class='ocrx_word' id='word_1_79' title='bbox 213 1412 442 1522; x_wconf 56' lang='grc' dir='ltr'>ενύλόγῳ</span> <span class='ocrx_word' id='word_1_80' title='bbox 495 1416 586 1522; x_wconf 72' lang='grc' dir='ltr'>καὶ</span> <span class='ocrx_word' id='word_1_81' title='bbox 645 1415 853 1474; x_wconf 89' lang='grc' dir='ltr'>δίκαιον</span> <span class='ocrx_word' id='word_1_82' title='bbox 913 1420 1047 1475; x_wconf 81' lang='grc' dir='ltr'>εἶναι</span> <span class='ocrx_word' id='word_1_83' title='bbox 1094 1422 1372 1495; x_wconf 85' lang='grc' dir='ltr'>γινώσκω.</span> <span class='ocrx_word' id='word_1_84' title='bbox 1406 1421 1573 1481; x_wconf 79' lang='grc' dir='ltr'>Οὗτος</span> <span class='ocrx_word' id='word_1_85' title='bbox 1629 1419 1731 1497; x_wconf 78' lang='grc' dir='ltr'>γὰρ</span> <span class='ocrx_word' id='word_1_86' title='bbox 1787 1419 1862 1481; x_wconf 82' lang='grc' dir='ltr'>ὡς</span> 
     </span>
    </p>
   </div>
   <div class='ocr_carea' id='block_1_13' title="bbox 214 1505 1864 1587">
    <p class='ocr_par' dir='ltr' id='par_1_13' title="bbox 214 1505 1864 1587">
     <span class='ocr_line' id='line_1_14' title="bbox 214 1505 1864 1587; baseline 0.009 -31"><span class='ocrx_word' id='word_1_87' title='bbox 214 1505 416 1575; x_wconf 73' lang='grc' dir='ltr'>ἄριστα</span> <span class='ocrx_word' id='word_1_88' title='bbox 463 1505 599 1579; x_wconf 83' lang='grc' dir='ltr'>πρὸς</span> <span class='ocrx_word' id='word_1_89' title='bbox 629 1506 914 1576; x_wconf 85' lang='grc' dir='ltr'>Ἕλληνας</span> <span class='ocrx_word' id='word_1_90' title='bbox 961 1511 1092 1584; x_wconf 76' lang='grc' dir='ltr'>ὑπὲρ</span> <span class='ocrx_word' id='word_1_91' title='bbox 1135 1517 1235 1580; x_wconf 79' lang='grc' dir='ltr'>τῆς</span> <span class='ocrx_word' id='word_1_92' title='bbox 1264 1512 1424 1582; x_wconf 79' lang='grc' dir='ltr'>ἡμῶν</span> <span class='ocrx_word' id='word_1_93' title='bbox 1456 1509 1864 1587; x_wconf 78' lang='grc' dir='ltr'>ἀγωνισάμενος</span> 
     </span>
    </p>
   </div>
   <div class='ocr_carea' id='block_1_14' title="bbox 213 1592 1865 1678">
    <p class='ocr_par' dir='ltr' id='par_1_14' title="bbox 213 1592 1865 1678">
     <span class='ocr_line' id='line_1_15' title="bbox 213 1592 1865 1678; baseline 0.003 -30"><span class='ocrx_word' id='word_1_94' title='bbox 213 1592 457 1656; x_wconf 77' lang='grc' dir='ltr'>πίστεως</span> <span class='ocrx_word' id='word_1_95' title='bbox 505 1595 694 1671; x_wconf 83' lang='grc' dir='ltr'>λόγοις</span> <span class='ocrx_word' id='word_1_96' title='bbox 745 1598 804 1653; x_wconf 87' lang='grc' dir='ltr'>τὸ</span> <span class='ocrx_word' id='word_1_97' title='bbox 853 1597 1234 1674; x_wconf 74' lang='grc' dir='ltr'>ἀναντίρρητον</span> <span class='ocrx_word' id='word_1_98' title='bbox 1285 1594 1496 1678; x_wconf 80' lang='grc' dir='ltr'>ἔχουσι,</span> <span class='ocrx_word' id='word_1_99' title='bbox 1532 1597 1719 1674; x_wconf 83' lang='grc' dir='ltr'>λόγοις</span> <span class='ocrx_word' id='word_1_100' title='bbox 1749 1598 1865 1654; x_wconf 72' lang='grc' dir='ltr'>ἑτέ-</span> 
     </span>
    </p>
   </div>
   <div class='ocr_carea' id='block_1_15' title="bbox 216 1681 1866 1763">
    <p class='ocr_par' dir='ltr' id='par_1_15' title="bbox 216 1681 1866 1763">
     <span class='ocr_line' id='line_1_16' title="bbox 216 1681 1866 1763; baseline 0.004 -27"><span class='ocrx_word' id='word_1_101' title='bbox 216 1702 343 1755; x_wconf 89' lang='grc' dir='ltr'>ροις</span> <span class='ocrx_word' id='word_1_102' title='bbox 373 1682 653 1762; x_wconf 84' lang='grc' dir='ltr'>ἀπόλογον</span> <span class='ocrx_word' id='word_1_103' title='bbox 682 1681 1162 1760; x_wconf 82' lang='grc' dir='ltr'>προϐεϐλημένοις</span> <span class='ocrx_word' id='word_1_104' title='bbox 1194 1689 1328 1763; x_wconf 66' lang='grc' dir='ltr'>ὑπὲρ</span> <span class='ocrx_word' id='word_1_105' title='bbox 1365 1691 1526 1760; x_wconf 77' lang='grc' dir='ltr'>ἡμῶν</span> <span class='ocrx_word' id='word_1_106' title='bbox 1559 1687 1866 1759; x_wconf 84' lang='grc' dir='ltr'>Ἀντωνίνῳ</span> 
     </span>
    </p>
   </div>
   <div class='ocr_carea' id='block_1_16' title="bbox 218 1768 1862 1850">
    <p class='ocr_par' dir='ltr' id='par_1_16' title="bbox 218 1768 1862 1850">
     <span class='ocr_line' id='line_1_17' title="bbox 218 1768 1862 1850; baseline 0.004 -27"><span class='ocrx_word' id='word_1_107' title='bbox 218 1769 448 1843; x_wconf 87' lang='grc' dir='ltr'>βασιλεῖ</span> <span class='ocrx_word' id='word_1_108' title='bbox 482 1775 560 1844; x_wconf 83' lang='grc' dir='ltr'>τῷ</span> <span class='ocrx_word' id='word_1_109' title='bbox 600 1768 824 1828; x_wconf 80' lang='grc' dir='ltr'>Εὐσεϐεῖ</span> <span class='ocrx_word' id='word_1_110' title='bbox 855 1772 1228 1846; x_wconf 72' lang='grc' dir='ltr'>ἐπικληθέντι,</span> <span class='ocrx_word' id='word_1_111' title='bbox 1260 1776 1348 1831; x_wconf 83' lang='grc' dir='ltr'>καὶ</span> <span class='ocrx_word' id='word_1_112' title='bbox 1377 1779 1446 1850; x_wconf 82' lang='grc' dir='ltr'>τῇ</span> <span class='ocrx_word' id='word_1_113' title='bbox 1478 1777 1614 1831; x_wconf 86' lang='grc' dir='ltr'>κατά</span> <span class='ocrx_word' id='word_1_114' title='bbox 1644 1775 1862 1849; x_wconf 81' lang='grc' dir='ltr'>Ῥώμην</span> 
     </span>
    </p>
   </div>
   <div class='ocr_carea' id='block_1_17' title="bbox 218 1856 1944 1962">
    <p class='ocr_par' dir='ltr' id='par_1_17' title="bbox 218 1856 1944 1962">
     <span class='ocr_line' id='line_1_18' title="bbox 218 1856 1944 1962; baseline 0.004 -50"><span class='ocrx_word' id='word_1_115' title='bbox 218 1856 525 1962; x_wconf 59' lang='grc' dir='ltr'>ἷυγκλήτῳ</span> <span class='ocrx_word' id='word_1_116' title='bbox 560 1869 912 1962; x_wconf 50' lang='grc' dir='ltr'>⁹προσφιλονιιὶ</span> <span class='ocrx_word' id='word_1_117' title='bbox 947 1865 1067 1962; x_wconf 67' lang='grc' dir='ltr'>Ἐπὶ</span> <span class='ocrx_word' id='word_1_118' title='bbox 1103 1866 1206 1942; x_wconf 77' lang='grc' dir='ltr'>γὰρ</span> <span class='ocrx_word' id='word_1_119' title='bbox 1253 1865 1475 1938; x_wconf 81' lang='grc' dir='ltr'>Ῥώμης</span> <span class='ocrx_word' id='word_1_120' title='bbox 1525 1864 1619 1927; x_wconf 76' lang='grc' dir='ltr'>τὰς</span> <span class='ocrx_word' id='word_1_121' title='bbox 1653 1863 1866 1938; x_wconf 86' lang='grc' dir='ltr'>διατρι-</span> <span class='ocrx_word' id='word_1_122' title='bbox 1898 1898 1944 1962; x_wconf 74' lang='grc' dir='ltr'><strong>Β</strong></span> 
     </span>
    </p>
   </div>
   <div class='ocr_carea' id='block_1_18' title="bbox 220 1939 1866 2032">
    <p class='ocr_par' dir='ltr' id='par_1_18' title="bbox 220 1939 1866 2032">
     <span class='ocr_line' id='line_1_19' title="bbox 220 1939 1866 2032; baseline 0.019 -33"><span class='ocrx_word' id='word_1_123' title='bbox 220 1939 328 2008; x_wconf 77' lang='grc' dir='ltr'>ϐας</span> <span class='ocrx_word' id='word_1_124' title='bbox 383 1945 695 2021; x_wconf 83' lang='grc' dir='ltr'>ἐπεποίητο.</span> <span class='ocrx_word' id='word_1_125' title='bbox 756 1952 954 2032; x_wconf 85' lang='grc' dir='ltr'>Γράφει</span> <span class='ocrx_word' id='word_1_126' title='bbox 1012 1951 1068 2009; x_wconf 74' lang='grc' dir='ltr'>δὶ</span> <span class='ocrx_word' id='word_1_127' title='bbox 1118 1939 1294 2017; x_wconf 76' lang='grc' dir='ltr'>οὕτως</span> <span class='ocrx_word' id='word_1_128' title='bbox 1328 1973 1342 1988; x_wconf 88' lang='grc'><strong><em>⁸</em></strong></span> <span class='ocrx_word' id='word_1_129' title='bbox 1409 1975 1432 2004; x_wconf 69' lang='grc'><strong><em>⁸</em></strong></span> <span class='ocrx_word' id='word_1_130' title='bbox 1493 1954 1866 2030; x_wconf 68' lang='grc' dir='ltr'>Αὐτοκράτορι</span> 
     </span>
    </p>
   </div>
   <div class='ocr_carea' id='block_1_19' title="bbox 216 2036 1865 2119">
    <p class='ocr_par' dir='ltr' id='par_1_19' title="bbox 216 2036 1865 2119">
     <span class='ocr_line' id='line_1_20' title="bbox 216 2036 1865 2119; baseline 0.003 -26"><span class='ocrx_word' id='word_1_131' title='bbox 216 2036 366 2108; x_wconf 83' lang='grc' dir='ltr'>Τίτῳ</span> <span class='ocrx_word' id='word_1_132' title='bbox 420 2036 601 2112; x_wconf 76' lang='grc' dir='ltr'>Αῗλίῳ</span> <span class='ocrx_word' id='word_1_133' title='bbox 653 2037 917 2114; x_wconf 84' lang='grc' dir='ltr'>Ἀδριανῷ</span> <span class='ocrx_word' id='word_1_134' title='bbox 967 2043 1268 2116; x_wconf 83' lang='grc' dir='ltr'>Ἀντωνίνῳ</span> <span class='ocrx_word' id='word_1_135' title='bbox 1345 2038 1570 2100; x_wconf 82' lang='grc' dir='ltr'>Εὐσεϐεῖ</span> <span class='ocrx_word' id='word_1_136' title='bbox 1640 2043 1865 2119; x_wconf 86' lang='grc' dir='ltr'>Καίσαρι</span> 
     </span>
    </p>
   </div>
   <div class='ocr_carea' id='block_1_20' title="bbox 222 2119 1868 2207">
    <p class='ocr_par' dir='ltr' id='par_1_20' title="bbox 222 2119 1868 2207">
     <span class='ocr_line' id='line_1_21' title="bbox 222 2119 1868 2207; baseline 0.006 -30"><span class='ocrx_word' id='word_1_137' title='bbox 222 2119 507 2199; x_wconf 80' lang='grc' dir='ltr'>Σεϐαστῷ,</span> <span class='ocrx_word' id='word_1_138' title='bbox 538 2128 628 2183; x_wconf 82' lang='grc' dir='ltr'>καὶ</span> <span class='ocrx_word' id='word_1_139' title='bbox 677 2129 1039 2207; x_wconf 86' lang='grc' dir='ltr'>Ούηρισσίμῳ</span> <span class='ocrx_word' id='word_1_140' title='bbox 1089 2135 1188 2206; x_wconf 77' lang='grc' dir='ltr'>οὶῷ</span> <span class='ocrx_word' id='word_1_141' title='bbox 1233 2131 1540 2207; x_wconf 84' lang='grc' dir='ltr'>φιλοσόφῳ,</span> <span class='ocrx_word' id='word_1_142' title='bbox 1584 2133 1675 2188; x_wconf 78' lang='grc' dir='ltr'>καὶ</span> <span class='ocrx_word' id='word_1_143' title='bbox 1728 2141 1868 2187; x_wconf 88' lang='grc' dir='ltr'>Λου-</span> 
     </span>
    </p>
   </div>
   <div class='ocr_carea' id='block_1_21' title="bbox 218 2213 1867 2300">
    <p class='ocr_par' dir='ltr' id='par_1_21' title="bbox 218 2213 1867 2300">
     <span class='ocr_line' id='line_1_22' title="bbox 218 2213 1867 2300; baseline 0.005 -32"><span class='ocrx_word' id='word_1_144' title='bbox 218 2213 333 2287; x_wconf 84' lang='grc' dir='ltr'>κίῳ</span> <span class='ocrx_word' id='word_1_145' title='bbox 380 2216 682 2297; x_wconf 76' lang='grc' dir='ltr'>φιλοσόφου</span> <span class='ocrx_word' id='word_1_146' title='bbox 745 2221 1004 2298; x_wconf 81' lang='grc' dir='ltr'>Καίσαρος</span> <span class='ocrx_word' id='word_1_147' title='bbox 1062 2224 1215 2300; x_wconf 81' lang='grc' dir='ltr'>φύσει</span> <span class='ocrx_word' id='word_1_148' title='bbox 1275 2225 1399 2296; x_wconf 74' lang='grc' dir='ltr'>υἱῷ,</span> <span class='ocrx_word' id='word_1_149' title='bbox 1449 2224 1539 2279; x_wconf 82' lang='grc' dir='ltr'>καὶ</span> <span class='ocrx_word' id='word_1_150' title='bbox 1601 2218 1867 2284; x_wconf 81' lang='grc' dir='ltr'>Εὐσεϐοῦς</span> 
     </span>
    </p>
   </div>
   <div class='ocr_carea' id='block_1_22' title="bbox 221 2302 1866 2390">
    <p class='ocr_par' dir='ltr' id='par_1_22' title="bbox 221 2302 1866 2390">
     <span class='ocr_line' id='line_1_23' title="bbox 221 2302 1866 2390; baseline 0.006 -33"><span class='ocrx_word' id='word_1_151' title='bbox 221 2302 550 2380; x_wconf 74' lang='grc' dir='ltr'>εἷσποιήτῳ,</span> <span class='ocrx_word' id='word_1_152' title='bbox 604 2307 802 2384; x_wconf 78' lang='grc' dir='ltr'>ἐραστῇ</span> <span class='ocrx_word' id='word_1_153' title='bbox 851 2308 1118 2383; x_wconf 74' lang='grc' dir='ltr'>παιδείας,</span> <span class='ocrx_word' id='word_1_154' title='bbox 1151 2313 1270 2389; x_wconf 72' lang='grc' dir='ltr'>ἱερᾷ</span> <span class='ocrx_word' id='word_1_155' title='bbox 1315 2333 1373 2368; x_wconf 89' lang='grc' dir='ltr'>τε</span> <span class='ocrx_word' id='word_1_156' title='bbox 1431 2313 1742 2390; x_wconf 80' lang='grc' dir='ltr'>συγκλήτῳ,</span> <span class='ocrx_word' id='word_1_157' title='bbox 1775 2313 1866 2367; x_wconf 85' lang='grc' dir='ltr'>καὶ</span> 
     </span>
    </p>
   </div>
   <div class='ocr_carea' id='block_1_23' title="bbox 224 2392 1868 2498">
    <p class='ocr_par' dir='ltr' id='par_1_23' title="bbox 224 2392 1868 2498">
     <span class='ocr_line' id='line_1_24' title="bbox 224 2392 1868 2498; baseline 0.009 -53"><span class='ocrx_word' id='word_1_158' title='bbox 224 2393 397 2498; x_wconf 49' lang='grc' dir='ltr'>παντὶ,</span> <span class='ocrx_word' id='word_1_159' title='bbox 438 2392 953 2498; x_wconf 33' lang='grc' dir='ltr'>δήμωὲρωμαίων,</span> <span class='ocrx_word' id='word_1_160' title='bbox 988 2402 1123 2476; x_wconf 74' lang='grc' dir='ltr'>ὑπὲρ</span> <span class='ocrx_word' id='word_1_161' title='bbox 1169 2406 1274 2456; x_wconf 86' lang='grc' dir='ltr'>τῶν</span> <span class='ocrx_word' id='word_1_162' title='bbox 1325 2402 1383 2458; x_wconf 80' lang='grc' dir='ltr'>ἐκ</span> <span class='ocrx_word' id='word_1_163' title='bbox 1429 2404 1629 2465; x_wconf 88' lang='grc' dir='ltr'>παντὸς</span> <span class='ocrx_word' id='word_1_164' title='bbox 1678 2404 1868 2479; x_wconf 79' lang='grc' dir='ltr'>γένους</span> 
     </span>
    </p>
   </div>
   <div class='ocr_carea' id='block_1_24' title="bbox 220 2482 1866 2568">
    <p class='ocr_par' dir='ltr' id='par_1_24' title="bbox 220 2482 1866 2568">
     <span class='ocr_line' id='line_1_25' title="bbox 220 2482 1866 2568; baseline 0.01 -35"><span class='ocrx_word' id='word_1_165' title='bbox 220 2482 527 2556; x_wconf 88' lang='grc' dir='ltr'>ἀνθρώπων</span> <span class='ocrx_word' id='word_1_166' title='bbox 575 2484 778 2551; x_wconf 76' lang='grc' dir='ltr'>ἀδίκως</span> <span class='ocrx_word' id='word_1_167' title='bbox 838 2489 1204 2564; x_wconf 67' lang='grc' dir='ltr'>μισουμένων,</span> <span class='ocrx_word' id='word_1_168' title='bbox 1251 2493 1338 2546; x_wconf 80' lang='grc' dir='ltr'>καὶ</span> <span class='ocrx_word' id='word_1_169' title='bbox 1390 2491 1866 2568; x_wconf 81' lang='grc' dir='ltr'>έπηρεαζομέσων,</span> 
     </span>
    </p>
   </div>
   <div class='ocr_carea' id='block_1_25' title="bbox 219 2573 1867 2671">
    <p class='ocr_par' dir='ltr' id='par_1_25' title="bbox 219 2573 1867 2671">
     <span class='ocr_line' id='line_1_26' title="bbox 219 2573 1867 2671; baseline 0.008 -48"><span class='ocrx_word' id='word_1_170' title='bbox 219 2573 516 2671; x_wconf 52' lang='grc' dir='ltr'>’ίουστῖγος</span> <span class='ocrx_word' id='word_1_171' title='bbox 574 2576 809 2671; x_wconf 67' lang='grc' dir='ltr'>Πρίσκος</span> <span class='ocrx_word' id='word_1_172' title='bbox 865 2584 963 2671; x_wconf 74' lang='grc' dir='ltr'>τοῦ</span> <span class='ocrx_word' id='word_1_173' title='bbox 1016 2581 1257 2656; x_wconf 81' lang='grc' dir='ltr'>Βακχίου</span> <span class='ocrx_word' id='word_1_174' title='bbox 1304 2585 1412 2637; x_wconf 87' lang='grc' dir='ltr'>τῶν</span> <span class='ocrx_word' id='word_1_175' title='bbox 1463 2582 1569 2637; x_wconf 83' lang='grc' dir='ltr'>ἀπὸ</span> <span class='ocrx_word' id='word_1_176' title='bbox 1619 2580 1867 2645; x_wconf 79' lang='grc' dir='ltr'>Φλαυΐας</span> 
     </span>
    </p>
   </div>
   <div class='ocr_carea' id='block_1_26' title="bbox 217 2655 1866 2738">
    <p class='ocr_par' dir='ltr' id='par_1_26' title="bbox 217 2655 1866 2738">
     <span class='ocr_line' id='line_1_27' title="bbox 217 2655 1866 2738; baseline 0.008 -31"><span class='ocrx_word' id='word_1_177' title='bbox 217 2655 346 2717; x_wconf 79' lang='grc' dir='ltr'>νέας</span> <span class='ocrx_word' id='word_1_178' title='bbox 376 2655 592 2721; x_wconf 83' lang='grc' dir='ltr'>πόλεως</span> <span class='ocrx_word' id='word_1_179' title='bbox 616 2664 718 2726; x_wconf 83' lang='grc' dir='ltr'>τῆς</span> <span class='ocrx_word' id='word_1_180' title='bbox 753 2662 947 2738; x_wconf 82' lang='grc' dir='ltr'>Συρίας</span> <span class='ocrx_word' id='word_1_181' title='bbox 999 2655 1367 2737; x_wconf 82' lang='grc' dir='ltr'>Παλαιστίνης</span> <span class='ocrx_word' id='word_1_182' title='bbox 1417 2668 1493 2728; x_wconf 82' lang='grc' dir='ltr'>εἷς</span> <span class='ocrx_word' id='word_1_183' title='bbox 1540 2666 1718 2721; x_wconf 78' lang='grc' dir='ltr'>αὐτῶν</span> <span class='ocrx_word' id='word_1_184' title='bbox 1769 2663 1866 2735; x_wconf 82' lang='grc' dir='ltr'>ὢν,</span> 
     </span>
    </p>
   </div>
   <div class='ocr_carea' id='block_1_27' title="bbox 216 2745 1865 2846">
    <p class='ocr_par' dir='ltr' id='par_1_27' title="bbox 216 2745 1865 2846">
     <span class='ocr_line' id='line_1_28' title="bbox 216 2745 1865 2846; baseline 0.005 -44"><span class='ocrx_word' id='word_1_185' title='bbox 216 2745 324 2846; x_wconf 48' lang='grc' dir='ltr'>τῂν</span> <span class='ocrx_word' id='word_1_186' title='bbox 369 2749 763 2846; x_wconf 40' lang='grc' dir='ltr'>πρθυσφώνησιν</span> <span class='ocrx_word' id='word_1_187' title='bbox 802 2752 891 2807; x_wconf 84' lang='grc' dir='ltr'>καὶ</span> <span class='ocrx_word' id='word_1_188' title='bbox 940 2747 1166 2825; x_wconf 77' lang='grc' dir='ltr'>ἔντευξιν</span> <span class='ocrx_word' id='word_1_189' title='bbox 1215 2755 1546 2828; x_wconf 72' lang='grc' dir='ltr'>πεποίημαι.</span> <span class='ocrx_word' id='word_1_190' title='bbox 1599 2781 1628 2808; x_wconf 89' lang='grc'><strong>››</strong></span> <span class='ocrx_word' id='word_1_191' title='bbox 1664 2758 1756 2812; x_wconf 83' lang='grc' dir='ltr'>Ἐν</span> <span class='ocrx_word' id='word_1_192' title='bbox 1809 2753 1865 2810; x_wconf 73' lang='grc' dir='ltr'>δὲ</span> 
     </span>
    </p>
   </div>
   <div class='ocr_carea' id='block_1_28' title="bbox 217 2833 1868 2920">
    <p class='ocr_par' dir='ltr' id='par_1_28' title="bbox 217 2833 1868 2920">
     <span class='ocr_line' id='line_1_29' title="bbox 217 2833 1868 2920; baseline 0.01 -36"><span class='ocrx_word' id='word_1_193' title='bbox 217 2835 294 2905; x_wconf 83' lang='grc' dir='ltr'>τῇ</span> <span class='ocrx_word' id='word_1_194' title='bbox 327 2833 487 2910; x_wconf 74' lang='grc' dir='ltr'>αὐτῇ,</span> <span class='ocrx_word' id='word_1_195' title='bbox 518 2837 602 2893; x_wconf 74' lang='grc' dir='ltr'>ὅτι</span> <span class='ocrx_word' id='word_1_196' title='bbox 647 2841 723 2913; x_wconf 85' lang='grc' dir='ltr'>μὴ</span> <span class='ocrx_word' id='word_1_197' title='bbox 770 2838 1010 2917; x_wconf 74' lang='grc' dir='ltr'>ἂλόγως,</span> <span class='ocrx_word' id='word_1_198' title='bbox 1047 2843 1181 2916; x_wconf 87' lang='grc' dir='ltr'>μετᾶ</span> <span class='ocrx_word' id='word_1_199' title='bbox 1227 2842 1456 2917; x_wconf 89' lang='grc' dir='ltr'>κρίσεως</span> <span class='ocrx_word' id='word_1_200' title='bbox 1505 2842 1553 2899; x_wconf 87' lang='grc' dir='ltr'>δ’</span> <span class='ocrx_word' id='word_1_201' title='bbox 1582 2844 1729 2917; x_wconf 86' lang='grc' dir='ltr'>αύτῴ</span> <span class='ocrx_word' id='word_1_202' title='bbox 1771 2865 1868 2920; x_wconf 87' lang='grc' dir='ltr'>γε-</span> 
     </span>
    </p>
   </div>
   <div class='ocr_carea' id='block_1_29' title="bbox 217 2921 1864 3029">
    <p class='ocr_par' dir='ltr' id='par_1_29' title="bbox 217 2921 1864 3029">
     <span class='ocr_line' id='line_1_30' title="bbox 217 2921 1864 3029; baseline 0.009 -53"><span class='ocrx_word' id='word_1_203' title='bbox 217 2921 514 3029; x_wconf 57' lang='grc' dir='ltr'>γένηταιῇ</span> <span class='ocrx_word' id='word_1_204' title='bbox 548 2925 635 3029; x_wconf 72' lang='grc' dir='ltr'>ἐπὶ</span> <span class='ocrx_word' id='word_1_205' title='bbox 670 2929 754 3029; x_wconf 37' lang='grc' dir='ltr'>,τὸ</span> <span class='ocrx_word' id='word_1_206' title='bbox 804 2928 996 3029; x_wconf 58' lang='grc' dir='ltr'>δόγμα⁸</span> <span class='ocrx_word' id='word_1_207' title='bbox 1031 2929 1336 3006; x_wconf 76' lang='grc' dir='ltr'>μεταϐολὴ,</span> <span class='ocrx_word' id='word_1_208' title='bbox 1368 2933 1608 3013; x_wconf 72' lang='grc' dir='ltr'>ἐπιφέρει</span> <span class='ocrx_word' id='word_1_209' title='bbox 1632 2953 1646 2968; x_wconf 84' lang='lat'><strong>&#39;</strong></span> <span class='ocrx_word' id='word_1_210' title='bbox 1691 2958 1716 2990; x_wconf 74' lang='grc' dir='ltr'>ι</span> <span class='ocrx_word' id='word_1_211' title='bbox 1765 2935 1864 2990; x_wconf 77' lang='grc' dir='ltr'>Καὶ</span> 
     </span>
    </p>
   </div>
   <div class='ocr_carea' id='block_1_30' title="bbox 217 3013 1864 3099">
    <p class='ocr_par' dir='ltr' id='par_1_30' title="bbox 217 3013 1864 3099">
     <span class='ocr_line' id='line_1_31' title="bbox 217 3013 1864 3099; baseline 0.009 -34"><span class='ocrx_word' id='word_1_212' title='bbox 217 3013 350 3099; x_wconf 66' lang='grc' dir='ltr'>γὰρ</span> <span class='ocrx_word' id='word_1_213' title='bbox 383 3013 544 3078; x_wconf 81' lang='grc' dir='ltr'>αὐτὸς</span> <span class='ocrx_word' id='word_1_214' title='bbox 597 3017 703 3092; x_wconf 74' lang='grc' dir='ltr'>ἐγὼ</span> <span class='ocrx_word' id='word_1_215' title='bbox 758 3025 874 3084; x_wconf 86' lang='grc' dir='ltr'>τοῖς</span> <span class='ocrx_word' id='word_1_216' title='bbox 931 3020 1220 3086; x_wconf 84' lang='grc' dir='ltr'>Πλάτωνος</span> <span class='ocrx_word' id='word_1_217' title='bbox 1279 3024 1487 3099; x_wconf 82' lang='grc' dir='ltr'>χαίρων</span> <span class='ocrx_word' id='word_1_218' title='bbox 1543 3021 1864 3099; x_wconf 84' lang='grc' dir='ltr'>διδάγμασι,</span> 
     </span>
    </p>
   </div>
   <div class='ocr_carea' id='block_1_31' title="bbox 218 3096 1862 3190">
    <p class='ocr_par' dir='ltr' id='par_1_31' title="bbox 218 3096 1862 3190">
     <span class='ocr_line' id='line_1_32' title="bbox 218 3096 1862 3190; baseline 0.009 -36"><span class='ocrx_word' id='word_1_219' title='bbox 218 3096 704 3190; x_wconf 65' lang='grc' dir='ltr'>διαϐαλλομένους</span> <span class='ocrx_word' id='word_1_220' title='bbox 751 3109 962 3166; x_wconf 82' lang='grc' dir='ltr'>ἀκούων</span> <span class='ocrx_word' id='word_1_221' title='bbox 1019 3096 1404 3188; x_wconf 80' lang='grc' dir='ltr'>Χριστιανοὺς,</span> <span class='ocrx_word' id='word_1_222' title='bbox 1463 3115 1604 3190; x_wconf 87' lang='grc' dir='ltr'>ὁρῶν</span> <span class='ocrx_word' id='word_1_223' title='bbox 1771 3115 1862 3168; x_wconf 87' lang='grc' dir='ltr'>καὶ</span> 
     </span>
    </p>
   </div>
   <div class='ocr_carea' id='block_1_32' title="bbox 215 3185 1863 3278">
    <p class='ocr_par' dir='ltr' id='par_1_32' title="bbox 215 3185 1863 3278">
     <span class='ocr_line' id='line_1_33' title="bbox 215 3185 1863 3278; baseline 0.008 -32"><span class='ocrx_word' id='word_1_224' title='bbox 215 3185 462 3278; x_wconf 74' lang='grc' dir='ltr'>ἀφόϐους</span> <span class='ocrx_word' id='word_1_225' title='bbox 511 3195 650 3271; x_wconf 85' lang='grc' dir='ltr'>πρὸς</span> <span class='ocrx_word' id='word_1_226' title='bbox 710 3198 954 3272; x_wconf 76' lang='grc' dir='ltr'>θάνατον,</span> <span class='ocrx_word' id='word_1_227' title='bbox 1013 3185 1103 3256; x_wconf 81' lang='grc' dir='ltr'>καὶ</span> <span class='ocrx_word' id='word_1_228' title='bbox 1156 3203 1328 3258; x_wconf 84' lang='grc' dir='ltr'>πάντα</span> <span class='ocrx_word' id='word_1_229' title='bbox 1398 3203 1465 3259; x_wconf 74' lang='grc' dir='ltr'>τὰ</span> <span class='ocrx_word' id='word_1_230' title='bbox 1497 3185 1863 3278; x_wconf 70' lang='grc' dir='ltr'>⁷νομιζόμεναι</span> 
     </span>
    </p>
   </div>
   <div class='ocr_carea' id='block_1_33' title="bbox 215 3275 1863 3372">
    <p class='ocr_par' dir='ltr' id='par_1_33' title="bbox 215 3275 1863 3372">
     <span class='ocr_line' id='line_1_34' title="bbox 215 3275 1863 3372; baseline 0.007 -35"><span class='ocrx_word' id='word_1_231' title='bbox 215 3275 449 3372; x_wconf 60' lang='grc' dir='ltr'>φοϐερὰ,</span> <span class='ocrx_word' id='word_1_232' title='bbox 481 3280 1021 3360; x_wconf 82' lang='grc' dir='ltr'>διενόουν,ἀδύνατον</span> <span class='ocrx_word' id='word_1_233' title='bbox 1054 3291 1189 3347; x_wconf 79' lang='grc' dir='ltr'>εἶναι</span> <span class='ocrx_word' id='word_1_234' title='bbox 1243 3291 1296 3348; x_wconf 76' lang='grc' dir='ltr'>ἐν</span> <span class='ocrx_word' id='word_1_235' title='bbox 1343 3293 1505 3366; x_wconf 78' lang='grc' dir='ltr'>κακίᾳ</span> <span class='ocrx_word' id='word_1_236' title='bbox 1551 3275 1641 3348; x_wconf 80' lang='grc' dir='ltr'>καὶ</span> <span class='ocrx_word' id='word_1_237' title='bbox 1690 3275 1863 3372; x_wconf 83' lang='grc' dir='ltr'>φιλη-</span> 
     </span>
    </p>
   </div>
   <div class='ocr_carea' id='block_1_34' title="bbox 217 3368 1859 3462">
    <p class='ocr_par' dir='ltr' id='par_1_34' title="bbox 217 3368 1859 3462">
     <span class='ocr_line' id='line_1_35' title="bbox 217 3368 1859 3462; baseline 0.019 -37"><span class='ocrx_word' id='word_1_238' title='bbox 217 3368 377 3445; x_wconf 83' lang='grc' dir='ltr'>δονίᾳ</span> <span class='ocrx_word' id='word_1_239' title='bbox 406 3374 668 3456; x_wconf 80' lang='grc' dir='ltr'>ὑπάρχειν</span> <span class='ocrx_word' id='word_1_240' title='bbox 701 3379 912 3442; x_wconf 79' lang='grc' dir='ltr'>αύτούς.</span> <span class='ocrx_word' id='word_1_241' title='bbox 945 3383 1034 3445; x_wconf 88' lang='grc' dir='ltr'>Τίς</span> <span class='ocrx_word' id='word_1_242' title='bbox 1063 3385 1162 3458; x_wconf 78' lang='grc' dir='ltr'>γὰρ</span> <span class='ocrx_word' id='word_1_243' title='bbox 1196 3381 1493 3462; x_wconf 73' lang='grc' dir='ltr'>φιλήδονος</span> <span class='ocrx_word' id='word_1_244' title='bbox 1539 3385 1630 3440; x_wconf 66' lang='grc' dir='ltr'>καὶ</span> <span class='ocrx_word' id='word_1_245' title='bbox 1682 3368 1859 3461; x_wconf 72' lang='grc' dir='ltr'>δίκρα-</span> 
     </span>
    </p>
   </div>
   <div class='ocr_carea' id='block_1_35' title="bbox 212 3463 1857 3568">
    <p class='ocr_par' dir='ltr' id='par_1_35' title="bbox 212 3463 1857 3568">
     <span class='ocr_line' id='line_1_36' title="bbox 212 3463 1857 3568; baseline 0.004 -45"><span class='ocrx_word' id='word_1_246' title='bbox 212 3463 465 3568; x_wconf 44' lang='grc' dir='ltr'>ἷῇς,“καί</span> <span class='ocrx_word' id='word_1_247' title='bbox 510 3467 862 3568; x_wconf 69' lang='grc' dir='ltr'>ἀνθρωπείων</span> <span class='ocrx_word' id='word_1_248' title='bbox 913 3478 1124 3547; x_wconf 80' lang='grc' dir='ltr'>σαρκῶν</span> <span class='ocrx_word' id='word_1_249' title='bbox 1157 3473 1323 3550; x_wconf 69' lang='grc' dir='ltr'>βορὰν</span> <span class='ocrx_word' id='word_1_250' title='bbox 1363 3475 1692 3550; x_wconf 76' lang='grc' dir='ltr'>ἡγούμενος,</span> <span class='ocrx_word' id='word_1_251' title='bbox 1725 3473 1857 3550; x_wconf 82' lang='grc' dir='ltr'>ἀγα-</span> 
     </span>
    </p>
   </div>
   <div class='ocr_carea' id='block_1_36' title="bbox 218 3551 1859 3633">
    <p class='ocr_par' dir='ltr' id='par_1_36' title="bbox 218 3551 1859 3633">
     <span class='ocr_line' id='line_1_37' title="bbox 218 3551 1859 3633; baseline 0.007 -27"><span class='ocrx_word' id='word_1_252' title='bbox 218 3551 313 3607; x_wconf 83' lang='grc' dir='ltr'>θὸν</span> <span class='ocrx_word' id='word_1_253' title='bbox 345 3551 544 3612; x_wconf 87' lang='grc' dir='ltr'>δύναιτ’</span> <span class='ocrx_word' id='word_1_254' title='bbox 574 3556 634 3612; x_wconf 79' lang='grc' dir='ltr'>ἃν</span> <span class='ocrx_word' id='word_1_255' title='bbox 662 3560 890 3616; x_wconf 78' lang='grc' dir='ltr'>θάνατον</span> <span class='ocrx_word' id='word_1_256' title='bbox 923 3562 1279 3633; x_wconf 79' lang='grc' dir='ltr'>ἀσπάσασθαι,</span> <span class='ocrx_word' id='word_1_257' title='bbox 1311 3563 1461 3627; x_wconf 79' lang='grc' dir='ltr'>ὅπως</span> <span class='ocrx_word' id='word_1_258' title='bbox 1513 3569 1620 3620; x_wconf 83' lang='grc' dir='ltr'>τῶν</span> <span class='ocrx_word' id='word_1_259' title='bbox 1669 3564 1859 3620; x_wconf 68' lang='grc' dir='ltr'>ἑαυτοῦ</span> 
     </span>
    </p>
   </div>
   <div class='ocr_carea' id='block_1_37' title="bbox 218 3643 1859 3728">
    <p class='ocr_par' dir='ltr' id='par_1_37' title="bbox 218 3643 1859 3728">
     <span class='ocr_line' id='line_1_38' title="bbox 218 3643 1859 3728; baseline 0.004 -29"><span class='ocrx_word' id='word_1_260' title='bbox 218 3643 508 3715; x_wconf 76' lang='grc' dir='ltr'>στερηθείη</span> <span class='ocrx_word' id='word_1_261' title='bbox 569 3644 890 3721; x_wconf 78' lang='grc' dir='ltr'>ἐπιθυμιῶν,</span> <span class='ocrx_word' id='word_1_262' title='bbox 943 3649 1069 3706; x_wconf 84' lang='grc' dir='ltr'>ἀλλ’</span> <span class='ocrx_word' id='word_1_263' title='bbox 1119 3652 1218 3707; x_wconf 80' lang='grc' dir='ltr'>οὐκ</span> <span class='ocrx_word' id='word_1_264' title='bbox 1274 3651 1333 3707; x_wconf 69' lang='grc' dir='ltr'>ἐκ</span> <span class='ocrx_word' id='word_1_265' title='bbox 1387 3654 1582 3716; x_wconf 86' lang='grc' dir='ltr'>παντὸς</span> <span class='ocrx_word' id='word_1_266' title='bbox 1629 3657 1728 3728; x_wconf 77' lang='grc' dir='ltr'>ζῇν</span> <span class='ocrx_word' id='word_1_267' title='bbox 1776 3651 1859 3707; x_wconf 78' lang='grc' dir='ltr'>ἀεὶ</span> 
     </span>
    </p>
   </div>
   <div class='ocr_carea' id='block_1_38' title="bbox 215 3729 1859 3820">
    <p class='ocr_par' dir='ltr' id='par_1_38' title="bbox 215 3729 1859 3820">
     <span class='ocr_line' id='line_1_39' title="bbox 215 3729 1859 3820; baseline 0.008 -36"><span class='ocrx_word' id='word_1_268' title='bbox 215 3731 317 3800; x_wconf 70' lang='grc' dir='ltr'>τήν</span> <span class='ocrx_word' id='word_1_269' title='bbox 378 3729 561 3790; x_wconf 74' lang='grc' dir='ltr'>ἐνθάδε</span> <span class='ocrx_word' id='word_1_270' title='bbox 621 3738 831 3811; x_wconf 73' lang='grc' dir='ltr'>βιοτὴν,</span> <span class='ocrx_word' id='word_1_271' title='bbox 886 3739 975 3794; x_wconf 83' lang='grc' dir='ltr'>καὶ</span> <span class='ocrx_word' id='word_1_272' title='bbox 1053 3739 1328 3797; x_wconf 84' lang='grc' dir='ltr'>λανθάνειν</span> <span class='ocrx_word' id='word_1_273' title='bbox 1401 3741 1528 3804; x_wconf 74' lang='grc' dir='ltr'>τοὺς</span> <span class='ocrx_word' id='word_1_274' title='bbox 1586 3741 1859 3820; x_wconf 75' lang='grc' dir='ltr'>ἄρχοντας</span> 
     </span>
    </p>
   </div>
   <div class='ocr_carea' id='block_1_39' title="bbox 214 3805 1858 3910">
    <p class='ocr_par' dir='ltr' id='par_1_39' title="bbox 214 3805 1858 3910">
     <span class='ocr_line' id='line_1_40' title="bbox 214 3805 1858 3910; baseline 0.007 -37"><span class='ocrx_word' id='word_1_275' title='bbox 214 3825 526 3894; x_wconf 83' lang='grc' dir='ltr'>πειρᾶσθαι,</span> <span class='ocrx_word' id='word_1_276' title='bbox 560 3805 668 3904; x_wconf 54' lang='lat' dir='ltr'>oux</span> <span class='ocrx_word' id='word_1_277' title='bbox 717 3805 1033 3884; x_wconf 50' lang='lat' dir='ltr'>satana</span> <span class='ocrx_word' id='word_1_278' title='bbox 1086 3829 1476 3908; x_wconf 82' lang='grc' dir='ltr'>καταγγέλλειν</span> <span class='ocrx_word' id='word_1_279' title='bbox 1525 3805 1858 3910; x_wconf 67' lang='grc' dir='ltr'>φονεύθησό-</span> 
     </span>
    </p>
   </div>
   <div class='ocr_carea' id='block_1_40' title="bbox 219 3913 1856 4000">
    <p class='ocr_par' dir='ltr' id='par_1_40' title="bbox 219 3913 1856 4000">
     <span class='ocr_line' id='line_1_41' title="bbox 219 3913 1856 4000; baseline 0.007 -36"><span class='ocrx_word' id='word_1_280' title='bbox 219 3929 382 3980; x_wconf 82' lang='grc' dir='ltr'>μενον</span> <span class='ocrx_word' id='word_1_281' title='bbox 408 3933 420 3983; x_wconf 92' lang='grc'>;</span> <span class='ocrx_word' id='word_1_282' title='bbox 456 3935 481 3966; x_wconf 70' lang='grc' dir='ltr'>ι</span> <span class='ocrx_word' id='word_1_283' title='bbox 515 3915 604 3971; x_wconf 89' lang='grc' dir='ltr'>Ἐν</span> <span class='ocrx_word' id='word_1_284' title='bbox 637 3913 693 3971; x_wconf 74' lang='grc' dir='ltr'>δὲ</span> <span class='ocrx_word' id='word_1_285' title='bbox 720 3921 790 3992; x_wconf 83' lang='grc' dir='ltr'>τῇ</span> <span class='ocrx_word' id='word_1_286' title='bbox 823 3917 989 3974; x_wconf 79' lang='grc' dir='ltr'>αὐτοῦ</span> <span class='ocrx_word' id='word_1_287' title='bbox 1020 3918 1295 3995; x_wconf 81' lang='grc' dir='ltr'>ἀπολογίᾳ</span> <span class='ocrx_word' id='word_1_288' title='bbox 1323 3920 1412 3976; x_wconf 85' lang='grc' dir='ltr'>καὶ</span> <span class='ocrx_word' id='word_1_289' title='bbox 1441 3921 1608 3976; x_wconf 85' lang='grc' dir='ltr'>ταῦτά</span> <span class='ocrx_word' id='word_1_290' title='bbox 1652 3941 1813 4000; x_wconf 85' lang='grc' dir='ltr'>φησιν</span> <span class='ocrx_word' id='word_1_291' title='bbox 1838 3937 1856 3955; x_wconf 81' lang='grc'><strong><em>⁸</em></strong></span> 
     </span>
    </p>
   </div>
   <div class='ocr_carea' id='block_1_41' title="bbox 215 4002 1859 4081">
    <p class='ocr_par' dir='ltr' id='par_1_41' title="bbox 215 4002 1859 4081">
     <span class='ocr_line' id='line_1_42' title="bbox 215 4002 1859 4081; baseline 0.004 -23"><span class='ocrx_word' id='word_1_292' title='bbox 215 4026 246 4054; x_wconf 87' lang='grc'>‹‹</span> <span class='ocrx_word' id='word_1_293' title='bbox 279 4002 392 4059; x_wconf 87' lang='grc' dir='ltr'>Ούκ</span> <span class='ocrx_word' id='word_1_294' title='bbox 419 4003 618 4060; x_wconf 78' lang='grc' dir='ltr'>ἄτοπον</span> <span class='ocrx_word' id='word_1_295' title='bbox 645 4003 702 4062; x_wconf 73' lang='grc' dir='ltr'>δὲ</span> <span class='ocrx_word' id='word_1_296' title='bbox 737 4004 1138 4081; x_wconf 73' lang='grc' dir='ltr'>έπιμνησθῆναι</span> <span class='ocrx_word' id='word_1_297' title='bbox 1182 4010 1233 4064; x_wconf 82' lang='grc' dir='ltr'>ἐν</span> <span class='ocrx_word' id='word_1_298' title='bbox 1288 4009 1507 4073; x_wconf 81' lang='grc' dir='ltr'>τούτοις</span> <span class='ocrx_word' id='word_1_299' title='bbox 1555 4010 1644 4066; x_wconf 86' lang='grc' dir='ltr'>καί</span> <span class='ocrx_word' id='word_1_300' title='bbox 1677 4011 1859 4068; x_wconf 85' lang='grc' dir='ltr'>Ἀντι-</span> 
     </span>
    </p>
   </div>
   <div class='ocr_carea' id='block_1_42' title="bbox 213 4094 1856 4171">
    <p class='ocr_par' dir='ltr' id='par_1_42' title="bbox 213 4094 1856 4171">
     <span class='ocr_line' id='line_1_43' title="bbox 213 4094 1856 4171; baseline 0.004 -24"><span class='ocrx_word' id='word_1_301' title='bbox 213 4094 344 4148; x_wconf 91' lang='grc' dir='ltr'>νόου</span> <span class='ocrx_word' id='word_1_302' title='bbox 391 4094 487 4148; x_wconf 84' lang='grc' dir='ltr'>τοῦ</span> <span class='ocrx_word' id='word_1_303' title='bbox 528 4098 618 4149; x_wconf 89' lang='grc' dir='ltr'>νῦν</span> <span class='ocrx_word' id='word_1_304' title='bbox 668 4098 996 4171; x_wconf 71' lang='grc' dir='ltr'>γενομένουο</span> <span class='ocrx_word' id='word_1_305' title='bbox 1029 4097 1089 4152; x_wconf 85' lang='grc' dir='ltr'>’ὀν</span> <span class='ocrx_word' id='word_1_306' title='bbox 1139 4100 1225 4154; x_wconf 80' lang='grc' dir='ltr'>καὶ</span> <span class='ocrx_word' id='word_1_307' title='bbox 1273 4100 1464 4162; x_wconf 81' lang='grc' dir='ltr'>πάντες</span> <span class='ocrx_word' id='word_1_308' title='bbox 1511 4100 1584 4163; x_wconf 85' lang='grc' dir='ltr'>ὡς</span> <span class='ocrx_word' id='word_1_309' title='bbox 1616 4101 1733 4155; x_wconf 82' lang='grc' dir='ltr'>θεὸν</span> <span class='ocrx_word' id='word_1_310' title='bbox 1768 4098 1856 4155; x_wconf 80' lang='grc' dir='ltr'>διὰ</span> 
     </span>
    </p>
   </div>
   <div class='ocr_carea' id='block_1_43' title="bbox 213 4177 1856 4262">
    <p class='ocr_par' dir='ltr' id='par_1_43' title="bbox 213 4177 1856 4262">
     <span class='ocr_line' id='line_1_44' title="bbox 213 4177 1856 4262; baseline 0.005 -26"><span class='ocrx_word' id='word_1_311' title='bbox 213 4177 388 4260; x_wconf 82' lang='grc' dir='ltr'>φόϐον</span> <span class='ocrx_word' id='word_1_312' title='bbox 438 4178 610 4238; x_wconf 79' lang='grc' dir='ltr'>σέϐειν</span> <span class='ocrx_word' id='word_1_313' title='bbox 671 4186 979 4259; x_wconf 83' lang='grc' dir='ltr'>ὥρμηνται,</span> <span class='ocrx_word' id='word_1_314' title='bbox 1031 4186 1380 4262; x_wconf 77' lang='grc' dir='ltr'>ἐπιστάμενοι</span> <span class='ocrx_word' id='word_1_315' title='bbox 1421 4189 1506 4252; x_wconf 88' lang='grc' dir='ltr'>τίς</span> <span class='ocrx_word' id='word_1_316' title='bbox 1552 4210 1611 4245; x_wconf 88' lang='grc' dir='ltr'>τε</span> <span class='ocrx_word' id='word_1_317' title='bbox 1656 4189 1724 4258; x_wconf 81' lang='grc' dir='ltr'>ἦν</span> <span class='ocrx_word' id='word_1_318' title='bbox 1763 4189 1856 4244; x_wconf 80' lang='grc' dir='ltr'>καὶ</span> 
     </span>
    </p>
   </div>
   <div class='ocr_carea' id='block_1_44' title="bbox 211 4274 1857 4355">
    <p class='ocr_par' dir='ltr' id='par_1_44' title="bbox 211 4274 1857 4355">
     <span class='ocr_line' id='line_1_45' title="bbox 211 4274 1857 4355; baseline 0.007 -28"><span class='ocrx_word' id='word_1_319' title='bbox 211 4275 379 4330; x_wconf 84' lang='grc' dir='ltr'>πόθεν</span> <span class='ocrx_word' id='word_1_320' title='bbox 412 4275 648 4350; x_wconf 79' lang='grc' dir='ltr'>ὑπῆρχε.</span> <span class='ocrx_word' id='word_1_321' title='bbox 687 4299 714 4327; x_wconf 77' lang='lat' dir='ltr'>n</span> <span class='ocrx_word' id='word_1_322' title='bbox 747 4275 957 4333; x_wconf 82' lang='grc' dir='ltr'>Τούτου</span> <span class='ocrx_word' id='word_1_323' title='bbox 999 4274 1066 4346; x_wconf 81' lang='grc' dir='ltr'>δὴ</span> <span class='ocrx_word' id='word_1_324' title='bbox 1113 4283 1210 4333; x_wconf 83' lang='grc' dir='ltr'>τοῦ</span> <span class='ocrx_word' id='word_1_325' title='bbox 1245 4281 1524 4336; x_wconf 87' lang='grc' dir='ltr'>Ἀντινόου</span> <span class='ocrx_word' id='word_1_326' title='bbox 1567 4280 1656 4335; x_wconf 85' lang='grc' dir='ltr'>καὶ</span> <span class='ocrx_word' id='word_1_327' title='bbox 1683 4280 1857 4355; x_wconf 78' lang='grc' dir='ltr'>Ἠγή-</span> 
     </span>
    </p>
   </div>
   <div class='ocr_carea' id='block_1_45' title="bbox 213 4363 1856 4441">
    <p class='ocr_par' dir='ltr' id='par_1_45' title="bbox 213 4363 1856 4441">
     <span class='ocr_line' id='line_1_46' title="bbox 213 4363 1856 4441; baseline 0.004 -25"><span class='ocrx_word' id='word_1_328' title='bbox 213 4381 418 4426; x_wconf 85' lang='grc' dir='ltr'>σιππος</span> <span class='ocrx_word' id='word_1_329' title='bbox 449 4363 814 4436; x_wconf 85' lang='grc' dir='ltr'>μνημονεύει·</span> <span class='ocrx_word' id='word_1_330' title='bbox 857 4365 947 4418; x_wconf 86' lang='grc' dir='ltr'>καὶ</span> <span class='ocrx_word' id='word_1_331' title='bbox 995 4364 1156 4428; x_wconf 79' lang='grc' dir='ltr'>αὐτὸς</span> <span class='ocrx_word' id='word_1_332' title='bbox 1205 4363 1260 4421; x_wconf 83' lang='grc' dir='ltr'>δὲ</span> <span class='ocrx_word' id='word_1_333' title='bbox 1306 4373 1424 4430; x_wconf 89' lang='grc' dir='ltr'>τοῖς</span> <span class='ocrx_word' id='word_1_334' title='bbox 1463 4367 1648 4430; x_wconf 78' lang='grc' dir='ltr'>αὐτοῖς</span> <span class='ocrx_word' id='word_1_335' title='bbox 1678 4367 1856 4441; x_wconf 80' lang='grc' dir='ltr'>ἀκμά-</span> 
     </span>
    </p>
   </div>
   <div class='ocr_carea' id='block_1_46' title="bbox 215 4450 1856 4532">
    <p class='ocr_par' dir='ltr' id='par_1_46' title="bbox 215 4450 1856 4532">
     <span class='ocr_line' id='line_1_47' title="bbox 215 4450 1856 4532; baseline 0.004 -26"><span class='ocrx_word' id='word_1_336' title='bbox 215 4457 324 4520; x_wconf 88' lang='grc' dir='ltr'>ζων</span> <span class='ocrx_word' id='word_1_337' title='bbox 375 4457 609 4526; x_wconf 88' lang='grc' dir='ltr'>καιροῖς,</span> <span class='ocrx_word' id='word_1_338' title='bbox 659 4450 848 4508; x_wconf 85' lang='grc' dir='ltr'>πολλά</span> <span class='ocrx_word' id='word_1_339' title='bbox 891 4458 998 4509; x_wconf 89' lang='grc' dir='ltr'>τῶν</span> <span class='ocrx_word' id='word_1_340' title='bbox 1069 4455 1452 4512; x_wconf 84' lang='grc' dir='ltr'>ἀποστολικῶν</span> <span class='ocrx_word' id='word_1_341' title='bbox 1503 4455 1856 4532; x_wconf 87' lang='grc' dir='ltr'>παραδόσεων</span> 
     </span>
    </p>
   </div>
   <div class='ocr_carea' id='block_1_47' title="bbox 211 4539 1854 4619">
    <p class='ocr_par' dir='ltr' id='par_1_47' title="bbox 211 4539 1854 4619">
     <span class='ocr_line' id='line_1_48' title="bbox 211 4539 1854 4619; baseline 0.002 -23"><span class='ocrx_word' id='word_1_342' title='bbox 211 4544 334 4603; x_wconf 86' lang='grc' dir='ltr'>τοῖς</span> <span class='ocrx_word' id='word_1_343' title='bbox 391 4539 554 4597; x_wconf 78' lang='grc' dir='ltr'>αὐτοῦ</span> <span class='ocrx_word' id='word_1_344' title='bbox 612 4543 995 4617; x_wconf 83' lang='grc' dir='ltr'>συγγράμμασι</span> <span class='ocrx_word' id='word_1_345' title='bbox 1053 4545 1426 4619; x_wconf 87' lang='grc' dir='ltr'>παρατίθεται.</span> <span class='ocrx_word' id='word_1_346' title='bbox 1461 4547 1625 4602; x_wconf 90' lang='grc' dir='ltr'>Πέντε</span> <span class='ocrx_word' id='word_1_347' title='bbox 1655 4543 1702 4601; x_wconf 83' lang='grc' dir='ltr'>δ’</span> <span class='ocrx_word' id='word_1_348' title='bbox 1749 4545 1854 4600; x_wconf 81' lang='grc' dir='ltr'>εἰσὶ</span> 
     </span>
    </p>
   </div>
   <div class='ocr_carea' id='block_1_48' title="bbox 1225 369 2617 454">
    <p class='ocr_par' dir='ltr' id='par_1_48' title="bbox 1225 369 2617 454">
     <span class='ocr_line' id='line_1_49' title="bbox 1225 369 2617 454; baseline -0.017 -2"><span class='ocrx_word' id='word_1_349' title='bbox 1225 392 1843 454; x_wconf 53' lang='lat' dir='ltr'>ECCLESIASTICA‘Z</span> <span class='ocrx_word' id='word_1_350' title='bbox 1883 379 2276 446; x_wconf 63' lang='lat' dir='ltr'>HlSTORlJE</span> <span class='ocrx_word' id='word_1_351' title='bbox 2321 376 2464 434; x_wconf 80' lang='lat' dir='ltr'>LIB.</span> <span class='ocrx_word' id='word_1_352' title='bbox 2514 369 2617 431; x_wconf 79' lang='lat' dir='ltr'>Ill.</span> 
     </span>
    </p>
   </div>
   <div class='ocr_carea' id='block_1_49' title="bbox 1895 523 1949 588">
    <p class='ocr_par' dir='ltr' id='par_1_49' title="bbox 1895 523 1949 588">
     <span class='ocr_line' id='line_1_50' title="bbox 1895 523 1949 588; baseline 0 0"><span class='ocrx_word' id='word_1_353' title='bbox 1895 523 1949 588; x_wconf 78' lang='grc' dir='ltr'><strong>Α</strong></span> 
     </span>
    </p>
   </div>
   <div class='ocr_carea' id='block_1_50' title="bbox 3503 369 3622 426">
    <p class='ocr_par' dir='ltr' id='par_1_50' title="bbox 3503 369 3622 426">
     <span class='ocr_line' id='line_1_51' title="bbox 3503 369 3622 426; baseline 0 0"><span class='ocrx_word' id='word_1_354' title='bbox 3503 369 3622 426; x_wconf 72' lang='lat'>9-30</span> 
     </span>
    </p>
   </div>
   <div class='ocr_carea' id='block_1_51' title="bbox 2566 501 3020 560">
    <p class='ocr_par' dir='ltr' id='par_1_51' title="bbox 2566 501 3020 560">
     <span class='ocr_line' id='line_1_52' title="bbox 2566 501 3020 560; baseline -0.007 0"><span class='ocrx_word' id='word_1_355' title='bbox 2566 502 2796 560; x_wconf 82' lang='lat' dir='ltr'>CAPUT</span> <span class='ocrx_word' id='word_1_356' title='bbox 2834 501 3020 557; x_wconf 80' lang='lat' dir='ltr'>XXVI.</span> 
     </span>
    </p>
   </div>
   <div class='ocr_carea' id='block_1_52' title="bbox 1987 609 3631 686">
    <p class='ocr_par' dir='ltr' id='par_1_52' title="bbox 1987 609 3631 686">
     <span class='ocr_line' id='line_1_53' title="bbox 1987 609 3631 686; baseline -0.011 -6"><span class='ocrx_word' id='word_1_357' title='bbox 1987 625 2058 680; x_wconf 81' lang='lat' dir='ltr'>De</span> <span class='ocrx_word' id='word_1_358' title='bbox 2106 621 2319 678; x_wconf 78' lang='lat' dir='ltr'>Iustino</span> <span class='ocrx_word' id='word_1_359' title='bbox 2375 611 2711 686; x_wconf 77' lang='lat' dir='ltr'>philosopho,</span> <span class='ocrx_word' id='word_1_360' title='bbox 2754 610 3065 686; x_wconf 63' lang='lat' dir='ltr'>eodemque</span> <span class='ocrx_word' id='word_1_361' title='bbox 3125 615 3398 686; x_wconf 44' lang='lat' dir='ltr'>martyre,</span> <span class='ocrx_word' id='word_1_362' title='bbox 3455 613 3507 664; x_wconf 77' lang='lat' dir='ltr'>et</span> <span class='ocrx_word' id='word_1_363' title='bbox 3564 609 3631 664; x_wconf 76' lang='lat' dir='ltr'>de</span> 
     </span>
    </p>
   </div>
   <div class='ocr_carea' id='block_1_53' title="bbox 2050 681 3628 764">
    <p class='ocr_par' dir='ltr' id='par_1_53' title="bbox 2050 681 3628 764">
     <span class='ocr_line' id='line_1_54' title="bbox 2050 681 3628 764; baseline -0.008 -15"><span class='ocrx_word' id='word_1_364' title='bbox 2050 681 2388 764; x_wconf 76' lang='lat' dir='ltr'>Apologeticc</span> <span class='ocrx_word' id='word_1_365' title='bbox 2437 681 3002 764; x_wconf 37' lang='lat' dir='ltr'>ejusdem-Antonino</span> <span class='ocrx_word' id='word_1_366' title='bbox 3047 681 3307 736; x_wconf 70' lang='lat' dir='ltr'>exhibito.</span> <span class='ocrx_word' id='word_1_367' title='bbox 3354 684 3628 736; x_wconf 69' lang='lat' dir='ltr'>Prazterea</span> 
     </span>
    </p>
   </div>
   <div class='ocr_carea' id='block_1_54' title="bbox 2051 756 2840 832">
    <p class='ocr_par' dir='ltr' id='par_1_54' title="bbox 2051 756 2840 832">
     <span class='ocr_line' id='line_1_55' title="bbox 2051 756 2840 832; baseline -0.018 -11"><span class='ocrx_word' id='word_1_368' title='bbox 2051 756 2116 820; x_wconf 70' lang='lat' dir='ltr'>de</span> <span class='ocrx_word' id='word_1_369' title='bbox 2146 756 2440 832; x_wconf 60' lang='lat' dir='ltr'>Hebesippo</span> <span class='ocrx_word' id='word_1_370' title='bbox 2469 763 2522 814; x_wconf 78' lang='lat' dir='ltr'>et</span> <span class='ocrx_word' id='word_1_371' title='bbox 2552 756 2840 811; x_wconf 70' lang='lat' dir='ltr'>Melitam.</span> 
     </span>
    </p>
   </div>
   <div class='ocr_carea' id='block_1_55' title="bbox 2051 858 3624 942">
    <p class='ocr_par' dir='ltr' id='par_1_55' title="bbox 2051 858 3624 942">
     <span class='ocr_line' id='line_1_56' title="bbox 2051 858 3624 942; baseline -0.01 -14"><span class='ocrx_word' id='word_1_372' title='bbox 2051 873 2167 929; x_wconf 83' lang='lat' dir='ltr'>Hac</span> <span class='ocrx_word' id='word_1_373' title='bbox 2197 870 2324 942; x_wconf 87' lang='lat' dir='ltr'>ipsa</span> <span class='ocrx_word' id='word_1_374' title='bbox 2358 869 2525 923; x_wconf 65' lang='lat' dir='ltr'>atate</span> <span class='ocrx_word' id='word_1_375' title='bbox 2568 861 2830 926; x_wconf 84' lang='lat' dir='ltr'>Adriani,</span> <span class='ocrx_word' id='word_1_376' title='bbox 2872 859 3141 916; x_wconf 79' lang='lat' dir='ltr'>Justinus</span> <span class='ocrx_word' id='word_1_377' title='bbox 3191 860 3366 915; x_wconf 89' lang='lat' dir='ltr'>etiam</span> <span class='ocrx_word' id='word_1_378' title='bbox 3400 875 3465 916; x_wconf 83' lang='lat' dir='ltr'>ex</span> <span class='ocrx_word' id='word_1_379' title='bbox 3499 858 3624 932; x_wconf 91' lang='lat' dir='ltr'>phi-</span> 
     </span>
    </p>
   </div>
   <div class='ocr_carea' id='block_1_56' title="bbox 1977 948 3623 1034">
    <p class='ocr_par' dir='ltr' id='par_1_56' title="bbox 1977 948 3623 1034">
     <span class='ocr_line' id='line_1_57' title="bbox 1977 948 3623 1034; baseline -0.01 -14"><span class='ocrx_word' id='word_1_380' title='bbox 1977 961 2238 1034; x_wconf 83' lang='lat' dir='ltr'>losophis</span> <span class='ocrx_word' id='word_1_381' title='bbox 2269 961 2507 1026; x_wconf 68' lang='lat' dir='ltr'>martyr,</span> <span class='ocrx_word' id='word_1_382' title='bbox 2557 953 2708 1008; x_wconf 90' lang='lat' dir='ltr'>inter</span> <span class='ocrx_word' id='word_1_383' title='bbox 2737 949 3054 1020; x_wconf 64' lang='lat' dir='ltr'>praecipuos</span> <span class='ocrx_word' id='word_1_384' title='bbox 3090 953 3179 1004; x_wconf 88' lang='lat' dir='ltr'>est</span> <span class='ocrx_word' id='word_1_385' title='bbox 3207 948 3463 1017; x_wconf 88' lang='lat' dir='ltr'>habitus,</span> <span class='ocrx_word' id='word_1_386' title='bbox 3494 965 3623 1021; x_wconf 87' lang='lat' dir='ltr'>ger-</span> 
     </span>
    </p>
   </div>
   <div class='ocr_carea' id='block_1_57' title="bbox 1980 1038 3618 1110">
    <p class='ocr_par' dir='ltr' id='par_1_57' title="bbox 1980 1038 3618 1110">
     <span class='ocr_line' id='line_1_58' title="bbox 1980 1038 3618 1110; baseline -0.009 -1"><span class='ocrx_word' id='word_1_387' title='bbox 1980 1068 2186 1110; x_wconf 89' lang='lat' dir='ltr'>manus</span> <span class='ocrx_word' id='word_1_388' title='bbox 2217 1054 2272 1106; x_wconf 90' lang='lat' dir='ltr'>et</span> <span class='ocrx_word' id='word_1_389' title='bbox 2302 1048 2569 1104; x_wconf 89' lang='lat' dir='ltr'>sincerus</span> <span class='ocrx_word' id='word_1_390' title='bbox 2611 1057 2752 1096; x_wconf 71' lang='lat' dir='ltr'>versa</span> <span class='ocrx_word' id='word_1_391' title='bbox 2786 1038 3168 1110; x_wconf 67' lang='lat' dir='ltr'>philosophias</span> <span class='ocrx_word' id='word_1_392' title='bbox 3199 1047 3442 1106; x_wconf 85' lang='lat' dir='ltr'>amator,</span> <span class='ocrx_word' id='word_1_393' title='bbox 3474 1049 3529 1094; x_wconf 86' lang='lat' dir='ltr'>et</span> <span class='ocrx_word' id='word_1_394' title='bbox 3560 1039 3618 1094; x_wconf 93' lang='lat' dir='ltr'>in</span> 
     </span>
    </p>
   </div>
   <div class='ocr_carea' id='block_1_58' title="bbox 1979 1127 3618 1206">
    <p class='ocr_par' dir='ltr' id='par_1_58' title="bbox 1979 1127 3618 1206">
     <span class='ocr_line' id='line_1_59' title="bbox 1979 1127 3618 1206; baseline -0.01 -7"><span class='ocrx_word' id='word_1_395' title='bbox 1979 1145 2301 1199; x_wconf 70' lang='lat' dir='ltr'>Graecorum</span> <span class='ocrx_word' id='word_1_396' title='bbox 2327 1132 2656 1206; x_wconf 80' lang='lat' dir='ltr'>disciplinis</span> <span class='ocrx_word' id='word_1_397' title='bbox 2680 1128 2908 1200; x_wconf 79' lang='lat' dir='ltr'>egregie</span> <span class='ocrx_word' id='word_1_398' title='bbox 2926 1127 3295 1184; x_wconf 85' lang='lat' dir='ltr'>exercitatus.</span> <span class='ocrx_word' id='word_1_399' title='bbox 3317 1128 3425 1183; x_wconf 90' lang='lat' dir='ltr'>Sed</span> <span class='ocrx_word' id='word_1_400' title='bbox 3459 1127 3618 1183; x_wconf 87' lang='lat' dir='ltr'>enim</span> 
     </span>
    </p>
   </div>
   <div class='ocr_carea' id='block_1_59' title="bbox 1979 1215 3618 1302">
    <p class='ocr_par' dir='ltr' id='par_1_59' title="bbox 1979 1215 3618 1302">
     <span class='ocr_line' id='line_1_60' title="bbox 1979 1215 3618 1302; baseline -0.01 -16"><span class='ocrx_word' id='word_1_401' title='bbox 1979 1231 2107 1302; x_wconf 85' lang='lat' dir='ltr'>quis</span> <span class='ocrx_word' id='word_1_402' title='bbox 2131 1227 2389 1300; x_wconf 82' lang='lat' dir='ltr'>qualisve</span> <span class='ocrx_word' id='word_1_403' title='bbox 2414 1221 2608 1286; x_wconf 87' lang='lat' dir='ltr'>fuerit,</span> <span class='ocrx_word' id='word_1_404' title='bbox 2635 1223 2693 1274; x_wconf 90' lang='lat' dir='ltr'>et</span> <span class='ocrx_word' id='word_1_405' title='bbox 2713 1217 3209 1289; x_wconf 83' lang='lat' dir='ltr'>quemadmodum</span> <span class='ocrx_word' id='word_1_406' title='bbox 3236 1233 3267 1269; x_wconf 90' lang='lat' dir='ltr'>a</span> <span class='ocrx_word' id='word_1_407' title='bbox 3287 1215 3618 1271; x_wconf 69' lang='lat' dir='ltr'>Graecorum</span> 
     </span>
    </p>
   </div>
   <div class='ocr_carea' id='block_1_60' title="bbox 1976 1305 3616 1386">
    <p class='ocr_par' dir='ltr' id='par_1_60' title="bbox 1976 1305 3616 1386">
     <span class='ocr_line' id='line_1_61' title="bbox 1976 1305 3616 1386; baseline -0.012 -8"><span class='ocrx_word' id='word_1_408' title='bbox 1976 1321 2266 1378; x_wconf 88' lang='lat' dir='ltr'>erroribus</span> <span class='ocrx_word' id='word_1_409' title='bbox 2316 1317 2387 1372; x_wconf 90' lang='lat' dir='ltr'>ad</span> <span class='ocrx_word' id='word_1_410' title='bbox 2436 1325 2771 1386; x_wconf 80' lang='lat' dir='ltr'>germanam</span> <span class='ocrx_word' id='word_1_411' title='bbox 2824 1305 3250 1376; x_wconf 75' lang='lat' dir='ltr'>philosophiam</span> <span class='ocrx_word' id='word_1_412' title='bbox 3304 1305 3616 1371; x_wconf 87' lang='lat' dir='ltr'>transierit,</span> 
     </span>
    </p>
   </div>
   <div class='ocr_carea' id='block_1_61' title="bbox 1978 1394 3622 1469">
    <p class='ocr_par' dir='ltr' id='par_1_61' title="bbox 1978 1394 3622 1469">
     <span class='ocr_line' id='line_1_62' title="bbox 1978 1394 3622 1469; baseline -0.013 -1"><span class='ocrx_word' id='word_1_413' title='bbox 1978 1407 2520 1468; x_wconf 85' lang='lat' dir='ltr'>commodissimum</span> <span class='ocrx_word' id='word_1_414' title='bbox 2565 1402 2739 1458; x_wconf 88' lang='lat' dir='ltr'>fuerit</span> <span class='ocrx_word' id='word_1_415' title='bbox 2779 1417 2846 1455; x_wconf 84' lang='lat' dir='ltr'>ex</span> <span class='ocrx_word' id='word_1_416' title='bbox 2892 1397 3077 1469; x_wconf 87' lang='lat' dir='ltr'>ipsius</span> <span class='ocrx_word' id='word_1_417' title='bbox 3122 1394 3312 1449; x_wconf 86' lang='lat' dir='ltr'>verbis</span> <span class='ocrx_word' id='word_1_418' title='bbox 3345 1409 3622 1466; x_wconf 82' lang='lat' dir='ltr'>recogno-</span> 
     </span>
    </p>
   </div>
   <div class='ocr_carea' id='block_1_62' title="bbox 1978 1484 3623 1556">
    <p class='ocr_par' dir='ltr' id='par_1_62' title="bbox 1978 1484 3623 1556">
     <span class='ocr_line' id='line_1_63' title="bbox 1978 1484 3623 1556; baseline -0.012 0"><span class='ocrx_word' id='word_1_419' title='bbox 1978 1515 2160 1556; x_wconf 83' lang='lat' dir='ltr'>scere.</span> <span class='ocrx_word' id='word_1_420' title='bbox 2193 1497 2336 1553; x_wconf 85' lang='lat' dir='ltr'>Gum</span> <span class='ocrx_word' id='word_1_421' title='bbox 2369 1495 2527 1551; x_wconf 87' lang='lat' dir='ltr'>enim</span> <span class='ocrx_word' id='word_1_422' title='bbox 2573 1494 2848 1548; x_wconf 90' lang='lat' dir='ltr'>adversus</span> <span class='ocrx_word' id='word_1_423' title='bbox 2879 1488 3102 1544; x_wconf 65' lang='lat' dir='ltr'>Graecos</span> <span class='ocrx_word' id='word_1_424' title='bbox 3133 1489 3190 1539; x_wconf 87' lang='lat' dir='ltr'>et</span> <span class='ocrx_word' id='word_1_425' title='bbox 3222 1484 3468 1556; x_wconf 81' lang='lat' dir='ltr'>gentiles</span> <span class='ocrx_word' id='word_1_426' title='bbox 3500 1499 3623 1552; x_wconf 92' lang='lat' dir='ltr'>pro-</span> 
     </span>
    </p>
   </div>
   <div class='ocr_carea' id='block_1_63' title="bbox 1977 1575 3618 1650">
    <p class='ocr_par' dir='ltr' id='par_1_63' title="bbox 1977 1575 3618 1650">
     <span class='ocr_line' id='line_1_64' title="bbox 1977 1575 3618 1650; baseline -0.012 -2"><span class='ocrx_word' id='word_1_427' title='bbox 1977 1589 2326 1648; x_wconf 89' lang='lat' dir='ltr'>Cbristianis</span> <span class='ocrx_word' id='word_1_428' title='bbox 2375 1585 2669 1642; x_wconf 88' lang='lat' dir='ltr'>orationes</span> <span class='ocrx_word' id='word_1_429' title='bbox 2718 1577 2971 1650; x_wconf 78' lang='lat' dir='ltr'>scripsit,</span> <span class='ocrx_word' id='word_1_430' title='bbox 3015 1575 3228 1646; x_wconf 87' lang='lat' dir='ltr'>quibus</span> <span class='ocrx_word' id='word_1_431' title='bbox 3297 1589 3618 1645; x_wconf 83' lang='lat' dir='ltr'>repugnare</span> 
     </span>
    </p>
   </div>
   <div class='ocr_carea' id='block_1_64' title="bbox 1976 1661 3618 1751">
    <p class='ocr_par' dir='ltr' id='par_1_64' title="bbox 1976 1661 3618 1751">
     <span class='ocr_line' id='line_1_65' title="bbox 1976 1661 3618 1751; baseline -0.013 -14"><span class='ocrx_word' id='word_1_432' title='bbox 1976 1686 2153 1751; x_wconf 86' lang='lat' dir='ltr'>atque</span> <span class='ocrx_word' id='word_1_433' title='bbox 2179 1674 2457 1748; x_wconf 78' lang='lat' dir='ltr'><strong>refragari</strong></span> <span class='ocrx_word' id='word_1_434' title='bbox 2482 1673 2566 1729; x_wconf 87' lang='lat' dir='ltr'>illi</span> <span class='ocrx_word' id='word_1_435' title='bbox 2603 1688 2719 1728; x_wconf 91' lang='lat' dir='ltr'>non</span> <span class='ocrx_word' id='word_1_436' title='bbox 2751 1669 3084 1741; x_wconf 89' lang='lat' dir='ltr'>potuerunt,</span> <span class='ocrx_word' id='word_1_437' title='bbox 3118 1672 3237 1720; x_wconf 88' lang='lat' dir='ltr'>tum</span> <span class='ocrx_word' id='word_1_438' title='bbox 3271 1663 3482 1731; x_wconf 68' lang='lat' dir='ltr'>Romaa,</span> <span class='ocrx_word' id='word_1_439' title='bbox 3516 1661 3618 1717; x_wconf 90' lang='lat' dir='ltr'>ubi</span> 
     </span>
    </p>
   </div>
   <div class='ocr_carea' id='block_1_65' title="bbox 1976 1753 3617 1842">
    <p class='ocr_par' dir='ltr' id='par_1_65' title="bbox 1976 1753 3617 1842">
     <span class='ocr_line' id='line_1_66' title="bbox 1976 1753 3617 1842; baseline -0.012 -15"><span class='ocrx_word' id='word_1_440' title='bbox 1976 1773 2155 1827; x_wconf 87' lang='lat' dir='ltr'>vitam</span> <span class='ocrx_word' id='word_1_441' title='bbox 2187 1768 2447 1842; x_wconf 80' lang='lat' dir='ltr'>degebat,</span> <span class='ocrx_word' id='word_1_442' title='bbox 2481 1763 2773 1821; x_wconf 79' lang='lat' dir='ltr'>Antonino</span> <span class='ocrx_word' id='word_1_443' title='bbox 2805 1761 2904 1816; x_wconf 89' lang='lat' dir='ltr'>Pio</span> <span class='ocrx_word' id='word_1_444' title='bbox 2936 1756 3269 1829; x_wconf 83' lang='lat' dir='ltr'>imperatori</span> <span class='ocrx_word' id='word_1_445' title='bbox 3302 1761 3355 1810; x_wconf 91' lang='lat' dir='ltr'>et</span> <span class='ocrx_word' id='word_1_446' title='bbox 3386 1753 3617 1810; x_wconf 79' lang='lat' dir='ltr'>senatui</span> 
     </span>
    </p>
   </div>
   <div class='ocr_carea' id='block_1_66' title="bbox 1978 1844 3614 1933">
    <p class='ocr_par' dir='ltr' id='par_1_66' title="bbox 1978 1844 3614 1933">
     <span class='ocr_line' id='line_1_67' title="bbox 1978 1844 3614 1933; baseline -0.013 -14"><span class='ocrx_word' id='word_1_447' title='bbox 1978 1864 2238 1919; x_wconf 86' lang='lat' dir='ltr'>Romano</span> <span class='ocrx_word' id='word_1_448' title='bbox 2269 1876 2375 1933; x_wconf 91' lang='lat' dir='ltr'>pro</span> <span class='ocrx_word' id='word_1_449' title='bbox 2403 1858 2574 1914; x_wconf 90' lang='lat' dir='ltr'>nobis</span> <span class='ocrx_word' id='word_1_450' title='bbox 2605 1852 2946 1926; x_wconf 83' lang='lat' dir='ltr'>Apologiam</span> <span class='ocrx_word' id='word_1_451' title='bbox 2973 1848 3245 1908; x_wconf 83' lang='lat' dir='ltr'>exhibuit,</span> <span class='ocrx_word' id='word_1_452' title='bbox 3277 1847 3356 1902; x_wconf 91' lang='lat' dir='ltr'>ita</span> <span class='ocrx_word' id='word_1_453' title='bbox 3375 1861 3502 1900; x_wconf 88' lang='lat' dir='ltr'>eam</span> <span class='ocrx_word' id='word_1_454' title='bbox 3527 1844 3614 1899; x_wconf 88' lang='lat' dir='ltr'>in-</span> 
     </span>
    </p>
   </div>
   <div class='ocr_carea' id='block_1_67' title="bbox 1976 1933 3616 2020">
    <p class='ocr_par' dir='ltr' id='par_1_67' title="bbox 1976 1933 3616 2020">
     <span class='ocr_line' id='line_1_68' title="bbox 1976 1933 3616 2020; baseline -0.013 -9"><span class='ocrx_word' id='word_1_455' title='bbox 1976 1953 2236 2011; x_wconf 89' lang='lat' dir='ltr'>scribens</span> <span class='ocrx_word' id='word_1_456' title='bbox 2262 1967 2277 2008; x_wconf 88' lang='lat'><strong>:</strong></span> <span class='ocrx_word' id='word_1_457' title='bbox 2301 1972 2330 2000; x_wconf 84' lang='lat'>«</span> <span class='ocrx_word' id='word_1_458' title='bbox 2356 1947 2692 2020; x_wconf 80' lang='lat' dir='ltr'>Imperatori</span> <span class='ocrx_word' id='word_1_459' title='bbox 2712 1943 2841 2001; x_wconf 89' lang='lat' dir='ltr'>Tito</span> <span class='ocrx_word' id='word_1_460' title='bbox 2867 1940 3014 1996; x_wconf 69' lang='lat' dir='ltr'>IElio</span> <span class='ocrx_word' id='word_1_461' title='bbox 3041 1937 3293 1994; x_wconf 82' lang='lat' dir='ltr'>Adriano</span> <span class='ocrx_word' id='word_1_462' title='bbox 3323 1933 3616 1990; x_wconf 85' lang='lat' dir='ltr'>Antonino</span> 
     </span>
    </p>
   </div>
   <div class='ocr_carea' id='block_1_68' title="bbox 1974 2021 3623 2114">
    <p class='ocr_par' dir='ltr' id='par_1_68' title="bbox 1974 2021 3623 2114">
     <span class='ocr_line' id='line_1_69' title="bbox 1974 2021 3623 2114; baseline -0.013 -15"><span class='ocrx_word' id='word_1_463' title='bbox 1974 2043 2073 2100; x_wconf 90' lang='lat' dir='ltr'>Pio</span> <span class='ocrx_word' id='word_1_464' title='bbox 2095 2044 2376 2114; x_wconf 80' lang='lat' dir='ltr'>Augusto,</span> <span class='ocrx_word' id='word_1_465' title='bbox 2393 2041 2451 2094; x_wconf 83' lang='lat' dir='ltr'>et</span> <span class='ocrx_word' id='word_1_466' title='bbox 2468 2035 2780 2092; x_wconf 83' lang='lat' dir='ltr'>Verissime</span> <span class='ocrx_word' id='word_1_467' title='bbox 2802 2031 2922 2086; x_wconf 84' lang='lat' dir='ltr'>filio</span> <span class='ocrx_word' id='word_1_468' title='bbox 2947 2025 3291 2100; x_wconf 89' lang='lat' dir='ltr'>philosopho</span> <span class='ocrx_word' id='word_1_469' title='bbox 3312 2021 3545 2114; x_wconf 44' lang='lat' dir='ltr'>(deseri,</span> <span class='ocrx_word' id='word_1_470' title='bbox 3565 2027 3623 2078; x_wconf 91' lang='lat' dir='ltr'>et</span> 
     </span>
    </p>
   </div>
   <div class='ocr_carea' id='block_1_69' title="bbox 1976 2112 3622 2202">
    <p class='ocr_par' dir='ltr' id='par_1_69' title="bbox 1976 2112 3622 2202">
     <span class='ocr_line' id='line_1_70' title="bbox 1976 2112 3622 2202; baseline -0.015 -13"><span class='ocrx_word' id='word_1_471' title='bbox 1976 2133 2152 2189; x_wconf 86' lang='lat' dir='ltr'>Lucio</span> <span class='ocrx_word' id='word_1_472' title='bbox 2185 2112 2516 2202; x_wconf 74' lang='lat' dir='ltr'>philosophi</span> <span class='ocrx_word' id='word_1_473' title='bbox 2548 2122 2792 2182; x_wconf 66' lang='lat' dir='ltr'>Cesaris</span> <span class='ocrx_word' id='word_1_474' title='bbox 2823 2124 3031 2175; x_wconf 88' lang='lat' dir='ltr'>natura</span> <span class='ocrx_word' id='word_1_475' title='bbox 3060 2115 3201 2183; x_wconf 84' lang='lat' dir='ltr'>filio,</span> <span class='ocrx_word' id='word_1_476' title='bbox 3238 2118 3295 2170; x_wconf 89' lang='lat' dir='ltr'>et</span> <span class='ocrx_word' id='word_1_477' title='bbox 3327 2112 3408 2167; x_wconf 89' lang='lat' dir='ltr'>Pii</span> <span class='ocrx_word' id='word_1_478' title='bbox 3441 2114 3622 2183; x_wconf 87' lang='lat' dir='ltr'>adop-</span> 
     </span>
    </p>
   </div>
   <div class='ocr_carea' id='block_1_70' title="bbox 1975 2201 3624 2286">
    <p class='ocr_par' dir='ltr' id='par_1_70' title="bbox 1975 2201 3624 2286">
     <span class='ocr_line' id='line_1_71' title="bbox 1975 2201 3624 2286; baseline -0.014 -7"><span class='ocrx_word' id='word_1_479' title='bbox 1975 2223 2130 2278; x_wconf 85' lang='lat' dir='ltr'>tione</span> <span class='ocrx_word' id='word_1_480' title='bbox 2161 2201 2303 2286; x_wconf 83' lang='lat' dir='ltr'>filio,</span> <span class='ocrx_word' id='word_1_481' title='bbox 2335 2216 2578 2274; x_wconf 88' lang='lat' dir='ltr'>amatori</span> <span class='ocrx_word' id='word_1_482' title='bbox 2627 2212 2924 2278; x_wconf 69' lang='lat' dir='ltr'>doctrinm,</span> <span class='ocrx_word' id='word_1_483' title='bbox 2977 2220 3258 2277; x_wconf 90' lang='lat' dir='ltr'>sacroque</span> <span class='ocrx_word' id='word_1_484' title='bbox 3287 2201 3536 2270; x_wconf 89' lang='lat' dir='ltr'>senatui,</span> <span class='ocrx_word' id='word_1_485' title='bbox 3568 2205 3624 2260; x_wconf 88' lang='lat' dir='ltr'>et</span> 
     </span>
    </p>
   </div>
   <div class='ocr_carea' id='block_1_71' title="bbox 1976 2294 3625 2388">
    <p class='ocr_par' dir='ltr' id='par_1_71' title="bbox 1976 2294 3625 2388">
     <span class='ocr_line' id='line_1_72' title="bbox 1976 2294 3625 2388; baseline -0.015 -16"><span class='ocrx_word' id='word_1_486' title='bbox 1976 2314 2192 2388; x_wconf 91' lang='lat' dir='ltr'>populo</span> <span class='ocrx_word' id='word_1_487' title='bbox 2221 2314 2484 2370; x_wconf 84' lang='lat' dir='ltr'>Romano</span> <span class='ocrx_word' id='word_1_488' title='bbox 2506 2307 2802 2368; x_wconf 87' lang='lat' dir='ltr'>universo,</span> <span class='ocrx_word' id='word_1_489' title='bbox 2828 2319 2928 2372; x_wconf 88' lang='lat' dir='ltr'>pro</span> <span class='ocrx_word' id='word_1_490' title='bbox 2953 2300 3034 2357; x_wconf 84' lang='lat' dir='ltr'>eis</span> <span class='ocrx_word' id='word_1_491' title='bbox 3050 2299 3146 2371; x_wconf 87' lang='lat' dir='ltr'>qui</span> <span class='ocrx_word' id='word_1_492' title='bbox 3171 2313 3238 2353; x_wconf 88' lang='lat' dir='ltr'>ex</span> <span class='ocrx_word' id='word_1_493' title='bbox 3263 2294 3423 2352; x_wconf 87' lang='lat' dir='ltr'>omni</span> <span class='ocrx_word' id='word_1_494' title='bbox 3444 2295 3625 2350; x_wconf 88' lang='lat' dir='ltr'>homi-</span> 
     </span>
    </p>
   </div>
   <div class='ocr_carea' id='block_1_72' title="bbox 1977 2382 3619 2476">
    <p class='ocr_par' dir='ltr' id='par_1_72' title="bbox 1977 2382 3619 2476">
     <span class='ocr_line' id='line_1_73' title="bbox 1977 2382 3619 2476; baseline -0.015 -15"><span class='ocrx_word' id='word_1_495' title='bbox 1977 2382 2120 2460; x_wconf 75' lang='lat' dir='ltr'>num</span> <span class='ocrx_word' id='word_1_496' title='bbox 2166 2417 2375 2476; x_wconf 79' lang='lat' dir='ltr'>genere</span> <span class='ocrx_word' id='word_1_497' title='bbox 2425 2395 2794 2469; x_wconf 84' lang='lat' dir='ltr'>iniquissime</span> <span class='ocrx_word' id='word_1_498' title='bbox 2841 2389 3060 2447; x_wconf 85' lang='lat' dir='ltr'>invidia</span> <span class='ocrx_word' id='word_1_499' title='bbox 3091 2387 3358 2443; x_wconf 87' lang='lat' dir='ltr'>laborant</span> <span class='ocrx_word' id='word_1_500' title='bbox 3386 2392 3440 2440; x_wconf 90' lang='lat' dir='ltr'>et</span> <span class='ocrx_word' id='word_1_501' title='bbox 3469 2382 3619 2438; x_wconf 83' lang='lat' dir='ltr'>afﬂi-</span> 
     </span>
    </p>
   </div>
   <div class='ocr_carea' id='block_1_73' title="bbox 1975 2471 3618 2566">
    <p class='ocr_par' dir='ltr' id='par_1_73' title="bbox 1975 2471 3618 2566">
     <span class='ocr_line' id='line_1_74' title="bbox 1975 2471 3618 2566; baseline -0.015 -16"><span class='ocrx_word' id='word_1_502' title='bbox 1975 2471 2197 2566; x_wconf 70' lang='lat' dir='ltr'>guntur</span> <span class='ocrx_word' id='word_1_503' title='bbox 2228 2508 2242 2547; x_wconf 91' lang='lat'><strong>:</strong></span> <span class='ocrx_word' id='word_1_504' title='bbox 2273 2487 2543 2546; x_wconf 84' lang='lat' dir='ltr'>Justinus</span> <span class='ocrx_word' id='word_1_505' title='bbox 2570 2484 2806 2541; x_wconf 87' lang='lat' dir='ltr'>Priscus</span> <span class='ocrx_word' id='word_1_506' title='bbox 2836 2476 3072 2537; x_wconf 89' lang='lat' dir='ltr'>Bacchii</span> <span class='ocrx_word' id='word_1_507' title='bbox 3102 2475 3260 2530; x_wconf 77' lang='lat' dir='ltr'>illius</span> <span class='ocrx_word' id='word_1_508' title='bbox 3290 2471 3618 2566; x_wconf 59' lang='lat' dir='ltr'>(i),_li‘lavia</span> 
     </span>
    </p>
   </div>
   <div class='ocr_carea' id='block_1_74' title="bbox 1975 2560 3618 2652">
    <p class='ocr_par' dir='ltr' id='par_1_74' title="bbox 1975 2560 3618 2652">
     <span class='ocr_line' id='line_1_75' title="bbox 1975 2560 3618 2652; baseline -0.013 -14"><span class='ocrx_word' id='word_1_509' title='bbox 1975 2560 2213 2652; x_wconf 52' lang='lat' dir='ltr'>ﬁespoli</span> <span class='ocrx_word' id='word_1_510' title='bbox 2242 2578 2423 2651; x_wconf 63' lang='lat' dir='ltr'>Syria</span> <span class='ocrx_word' id='word_1_511' title='bbox 2451 2574 2754 2632; x_wconf 52' lang='lat' dir='ltr'>Palestina</span> <span class='ocrx_word' id='word_1_512' title='bbox 2779 2569 3085 2632; x_wconf 85' lang='lat' dir='ltr'>oriundus,</span> <span class='ocrx_word' id='word_1_513' title='bbox 3107 2581 3262 2622; x_wconf 92' lang='lat' dir='ltr'>unus</span> <span class='ocrx_word' id='word_1_514' title='bbox 3294 2579 3364 2620; x_wconf 83' lang='lat' dir='ltr'>ex</span> <span class='ocrx_word' id='word_1_515' title='bbox 3383 2560 3618 2617; x_wconf 90' lang='lat' dir='ltr'>illorum</span> 
     </span>
    </p>
   </div>
   <div class='ocr_carea' id='block_1_75' title="bbox 1979 2651 3618 2739">
    <p class='ocr_par' dir='ltr' id='par_1_75' title="bbox 1979 2651 3618 2739">
     <span class='ocr_line' id='line_1_76' title="bbox 1979 2651 3618 2739; baseline -0.015 -10"><span class='ocrx_word' id='word_1_516' title='bbox 1979 2651 2244 2739; x_wconf 84' lang='lat' dir='ltr'>numero,</span> <span class='ocrx_word' id='word_1_517' title='bbox 2272 2667 2594 2726; x_wconf 89' lang='lat' dir='ltr'>orationem</span> <span class='ocrx_word' id='word_1_518' title='bbox 2623 2667 2797 2736; x_wconf 89' lang='lat' dir='ltr'>atque</span> <span class='ocrx_word' id='word_1_519' title='bbox 2837 2657 3300 2731; x_wconf 78' lang='lat' dir='ltr'>deprecationem</span> <span class='ocrx_word' id='word_1_520' title='bbox 3333 2653 3484 2708; x_wconf 89' lang='lat' dir='ltr'>hanc</span> <span class='ocrx_word' id='word_1_521' title='bbox 3513 2651 3618 2707; x_wconf 89' lang='lat' dir='ltr'>ob-</span> 
     </span>
    </p>
   </div>
   <div class='ocr_carea' id='block_1_76' title="bbox 1973 2739 3616 2817">
    <p class='ocr_par' dir='ltr' id='par_1_76' title="bbox 1973 2739 3616 2817">
     <span class='ocr_line' id='line_1_77' title="bbox 1973 2739 3616 2817; baseline -0.015 0"><span class='ocrx_word' id='word_1_522' title='bbox 1973 2760 2103 2817; x_wconf 90' lang='lat' dir='ltr'>tuli.</span> <span class='ocrx_word' id='word_1_523' title='bbox 2137 2780 2166 2810; x_wconf 90' lang='lat'><strong>»</strong></span> <span class='ocrx_word' id='word_1_524' title='bbox 2211 2759 2283 2816; x_wconf 87' lang='lat' dir='ltr'>Et</span> <span class='ocrx_word' id='word_1_525' title='bbox 2328 2757 2390 2814; x_wconf 91' lang='lat' dir='ltr'>in</span> <span class='ocrx_word' id='word_1_526' title='bbox 2439 2755 2643 2812; x_wconf 87' lang='lat' dir='ltr'>eadem</span> <span class='ocrx_word' id='word_1_527' title='bbox 2697 2749 2959 2808; x_wconf 89' lang='lat' dir='ltr'>oratione</span> <span class='ocrx_word' id='word_1_528' title='bbox 3003 2762 3066 2802; x_wconf 90' lang='lat' dir='ltr'>se</span> <span class='ocrx_word' id='word_1_529' title='bbox 3095 2761 3213 2801; x_wconf 92' lang='lat' dir='ltr'>non</span> <span class='ocrx_word' id='word_1_530' title='bbox 3244 2747 3480 2808; x_wconf 83' lang='lat' dir='ltr'>temere,</span> <span class='ocrx_word' id='word_1_531' title='bbox 3513 2739 3616 2795; x_wconf 87' lang='lat' dir='ltr'>sed</span> 
     </span>
    </p>
   </div>
   <div class='ocr_carea' id='block_1_77' title="bbox 1967 2830 3614 2922">
    <p class='ocr_par' dir='ltr' id='par_1_77' title="bbox 1967 2830 3614 2922">
     <span class='ocr_line' id='line_1_78' title="bbox 1967 2830 3614 2922; baseline -0.015 -14"><span class='ocrx_word' id='word_1_532' title='bbox 1967 2849 2190 2922; x_wconf 83' lang='lat' dir='ltr'>judicio</span> <span class='ocrx_word' id='word_1_533' title='bbox 2211 2849 2281 2904; x_wconf 91' lang='lat' dir='ltr'>ad</span> <span class='ocrx_word' id='word_1_534' title='bbox 2305 2845 2692 2902; x_wconf 86' lang='lat' dir='ltr'>Christianam</span> <span class='ocrx_word' id='word_1_535' title='bbox 2716 2837 3138 2912; x_wconf 80' lang='lat' dir='ltr'>professionem</span> <span class='ocrx_word' id='word_1_536' title='bbox 3169 2830 3614 2922; x_wconf 82' lang='lat' dir='ltr'>pervenisse,ita</span> 
     </span>
    </p>
   </div>
   <div class='ocr_carea' id='block_1_78' title="bbox 1971 2920 3617 3006">
    <p class='ocr_par' dir='ltr' id='par_1_78' title="bbox 1971 2920 3617 3006">
     <span class='ocr_line' id='line_1_79' title="bbox 1971 2920 3617 3006; baseline -0.013 -10"><span class='ocrx_word' id='word_1_537' title='bbox 1971 2920 2177 2996; x_wconf 78' lang='lat' dir='ltr'>refert:</span> <span class='ocrx_word' id='word_1_538' title='bbox 2204 2959 2228 2990; x_wconf 70' lang='grc' dir='ltr'>α</span> <span class='ocrx_word' id='word_1_539' title='bbox 2253 2937 2407 2994; x_wconf 71' lang='lat'>260</span> <span class='ocrx_word' id='word_1_540' title='bbox 2428 2936 2546 3006; x_wconf 84' lang='lat' dir='ltr'>Ego</span> <span class='ocrx_word' id='word_1_541' title='bbox 2568 2932 2828 3005; x_wconf 89' lang='lat' dir='ltr'>quidem,</span> <span class='ocrx_word' id='word_1_542' title='bbox 2850 2926 2950 2999; x_wconf 91' lang='lat' dir='ltr'>qui</span> <span class='ocrx_word' id='word_1_543' title='bbox 2965 2921 3281 2980; x_wconf 86' lang='lat' dir='ltr'>Platonicis</span> <span class='ocrx_word' id='word_1_544' title='bbox 3299 2920 3617 2976; x_wconf 88' lang='lat' dir='ltr'>delectarer</span> 
     </span>
    </p>
   </div>
   <div class='ocr_carea' id='block_1_79' title="bbox 1970 3011 3612 3100">
    <p class='ocr_par' dir='ltr' id='par_1_79' title="bbox 1970 3011 3612 3100">
     <span class='ocr_line' id='line_1_80' title="bbox 1970 3011 3612 3100; baseline -0.012 -15"><span class='ocrx_word' id='word_1_545' title='bbox 1970 3027 2316 3100; x_wconf 87' lang='lat' dir='ltr'>disciplinis,</span> <span class='ocrx_word' id='word_1_546' title='bbox 2375 3043 2503 3082; x_wconf 90' lang='lat' dir='ltr'>cum</span> <span class='ocrx_word' id='word_1_547' title='bbox 2562 3021 2925 3079; x_wconf 83' lang='lat' dir='ltr'>Christianos</span> <span class='ocrx_word' id='word_1_548' title='bbox 2991 3015 3347 3074; x_wconf 88' lang='lat' dir='ltr'>calumniose</span> <span class='ocrx_word' id='word_1_549' title='bbox 3401 3011 3612 3068; x_wconf 81' lang='lat' dir='ltr'>deferri</span> 
     </span>
    </p>
   </div>
   <div class='ocr_carea' id='block_1_80' title="bbox 1971 3102 3615 3186">
    <p class='ocr_par' dir='ltr' id='par_1_80' title="bbox 1971 3102 3615 3186">
     <span class='ocr_line' id='line_1_81' title="bbox 1971 3102 3615 3186; baseline -0.013 -10"><span class='ocrx_word' id='word_1_550' title='bbox 1971 3119 2260 3186; x_wconf 86' lang='lat' dir='ltr'>audirem,</span> <span class='ocrx_word' id='word_1_551' title='bbox 2295 3116 2666 3184; x_wconf 90' lang='lat' dir='ltr'>videremque</span> <span class='ocrx_word' id='word_1_552' title='bbox 2695 3127 2795 3167; x_wconf 88' lang='lat' dir='ltr'>eos</span> <span class='ocrx_word' id='word_1_553' title='bbox 2842 3105 3169 3180; x_wconf 86' lang='lat' dir='ltr'>impavidos</span> <span class='ocrx_word' id='word_1_554' title='bbox 3199 3102 3615 3172; x_wconf 86' lang='lat' dir='ltr'>interritosqus</span> 
     </span>
    </p>
   </div>
   <div class='ocr_carea' id='block_1_81' title="bbox 1969 3189 3614 3274">
    <p class='ocr_par' dir='ltr' id='par_1_81' title="bbox 1969 3189 3614 3274">
     <span class='ocr_line' id='line_1_82' title="bbox 1969 3189 3614 3274; baseline -0.012 -9"><span class='ocrx_word' id='word_1_555' title='bbox 1969 3224 2098 3265; x_wconf 86' lang='lat' dir='ltr'>esse</span> <span class='ocrx_word' id='word_1_556' title='bbox 2120 3208 2191 3263; x_wconf 89' lang='lat' dir='ltr'>ad</span> <span class='ocrx_word' id='word_1_557' title='bbox 2216 3210 2483 3270; x_wconf 83' lang='lat' dir='ltr'>mortem,</span> <span class='ocrx_word' id='word_1_558' title='bbox 2506 3207 2565 3259; x_wconf 90' lang='lat' dir='ltr'>et</span> <span class='ocrx_word' id='word_1_559' title='bbox 2581 3214 2941 3274; x_wconf 72' lang='lat' dir='ltr'>quiscunque</span> <span class='ocrx_word' id='word_1_560' title='bbox 2962 3195 3253 3252; x_wconf 88' lang='lat' dir='ltr'>horrenda</span> <span class='ocrx_word' id='word_1_561' title='bbox 3273 3189 3614 3248; x_wconf 82' lang='lat' dir='ltr'>mortalibus</span> 
     </span>
    </p>
   </div>
   <div class='ocr_carea' id='block_1_82' title="bbox 1970 3281 3614 3362">
    <p class='ocr_par' dir='ltr' id='par_1_82' title="bbox 1970 3281 3614 3362">
     <span class='ocr_line' id='line_1_83' title="bbox 1970 3281 3614 3362; baseline -0.011 -7"><span class='ocrx_word' id='word_1_562' title='bbox 1970 3298 2244 3355; x_wconf 88' lang='lat' dir='ltr'>videntur</span> <span class='ocrx_word' id='word_1_563' title='bbox 2275 3313 2288 3352; x_wconf 89' lang='lat'>:</span> <span class='ocrx_word' id='word_1_564' title='bbox 2319 3290 2680 3352; x_wconf 88' lang='lat' dir='ltr'>consideravi</span> <span class='ocrx_word' id='word_1_565' title='bbox 2728 3290 2854 3362; x_wconf 88' lang='lat' dir='ltr'>ipse</span> <span class='ocrx_word' id='word_1_566' title='bbox 2904 3301 3156 3348; x_wconf 90' lang='lat' dir='ltr'>mecum,</span> <span class='ocrx_word' id='word_1_567' title='bbox 3208 3281 3330 3339; x_wconf 86' lang='lat' dir='ltr'>fieri</span> <span class='ocrx_word' id='word_1_568' title='bbox 3374 3281 3614 3337; x_wconf 90' lang='lat' dir='ltr'>omnino</span> 
     </span>
    </p>
   </div>
   <div class='ocr_carea' id='block_1_83' title="bbox 1969 3370 3609 3460">
    <p class='ocr_par' dir='ltr' id='par_1_83' title="bbox 1969 3370 3609 3460">
     <span class='ocr_line' id='line_1_84' title="bbox 1969 3370 3609 3460; baseline -0.012 -15"><span class='ocrx_word' id='word_1_569' title='bbox 1969 3405 2084 3445; x_wconf 92' lang='lat' dir='ltr'>non</span> <span class='ocrx_word' id='word_1_570' title='bbox 2118 3403 2308 3460; x_wconf 89' lang='lat' dir='ltr'>posse,</span> <span class='ocrx_word' id='word_1_571' title='bbox 2354 3389 2419 3442; x_wconf 91' lang='lat' dir='ltr'>ut</span> <span class='ocrx_word' id='word_1_572' title='bbox 2457 3382 2541 3438; x_wconf 90' lang='lat' dir='ltr'>illi</span> <span class='ocrx_word' id='word_1_573' title='bbox 2581 3381 2642 3436; x_wconf 91' lang='lat' dir='ltr'>in</span> <span class='ocrx_word' id='word_1_574' title='bbox 2689 3377 2928 3450; x_wconf 80' lang='lat' dir='ltr'>flagitiis</span> <span class='ocrx_word' id='word_1_575' title='bbox 2967 3374 3307 3444; x_wconf 83' lang='lat' dir='ltr'>deliciisque</span> <span class='ocrx_word' id='word_1_576' title='bbox 3335 3370 3609 3426; x_wconf 90' lang='lat' dir='ltr'>viverent.</span> 
     </span>
    </p>
   </div>
   <div class='ocr_carea' id='block_1_84' title="bbox 1968 3463 3614 3544">
    <p class='ocr_par' dir='ltr' id='par_1_84' title="bbox 1968 3463 3614 3544">
     <span class='ocr_line' id='line_1_85' title="bbox 1968 3463 3614 3544; baseline -0.012 -9"><span class='ocrx_word' id='word_1_577' title='bbox 1968 3477 2187 3542; x_wconf 87' lang='lat' dir='ltr'>Quotus</span> <span class='ocrx_word' id='word_1_578' title='bbox 2244 3475 2397 3532; x_wconf 88' lang='lat' dir='ltr'>enim</span> <span class='ocrx_word' id='word_1_579' title='bbox 2455 3471 2704 3544; x_wconf 86' lang='lat' dir='ltr'>quisque</span> <span class='ocrx_word' id='word_1_580' title='bbox 2767 3465 3083 3537; x_wconf 86' lang='lat' dir='ltr'>voluptatis</span> <span class='ocrx_word' id='word_1_581' title='bbox 3141 3465 3502 3520; x_wconf 88' lang='lat' dir='ltr'>consectalor</span> <span class='ocrx_word' id='word_1_582' title='bbox 3557 3463 3614 3516; x_wconf 89' lang='lat' dir='ltr'>et</span> 
     </span>
    </p>
   </div>
   <div class='ocr_carea' id='block_1_85' title="bbox 1967 3550 3611 3636">
    <p class='ocr_par' dir='ltr' id='par_1_85' title="bbox 1967 3550 3611 3636">
     <span class='ocr_line' id='line_1_86' title="bbox 1967 3550 3611 3636; baseline -0.012 -14"><span class='ocrx_word' id='word_1_583' title='bbox 1967 3567 2341 3632; x_wconf 88' lang='lat' dir='ltr'>libidinosus,</span> <span class='ocrx_word' id='word_1_584' title='bbox 2374 3563 2594 3636; x_wconf 90' lang='lat' dir='ltr'>quique</span> <span class='ocrx_word' id='word_1_585' title='bbox 2623 3561 3016 3615; x_wconf 89' lang='lat' dir='ltr'>humanarum</span> <span class='ocrx_word' id='word_1_586' title='bbox 3057 3552 3324 3609; x_wconf 88' lang='lat' dir='ltr'>carnium</span> <span class='ocrx_word' id='word_1_587' title='bbox 3357 3550 3611 3618; x_wconf 89' lang='lat' dir='ltr'>dapibus</span> 
     </span>
    </p>
   </div>
   <div class='ocr_carea' id='block_1_86' title="bbox 1967 3642 3612 3720">
    <p class='ocr_par' dir='ltr' id='par_1_86' title="bbox 1967 3642 3612 3720">
     <span class='ocr_line' id='line_1_87' title="bbox 1967 3642 3612 3720; baseline -0.014 -7"><span class='ocrx_word' id='word_1_588' title='bbox 1967 3655 2301 3720; x_wconf 89' lang='lat' dir='ltr'>delectetur,</span> <span class='ocrx_word' id='word_1_589' title='bbox 2350 3652 2502 3708; x_wconf 90' lang='lat' dir='ltr'>bono</span> <span class='ocrx_word' id='word_1_590' title='bbox 2551 3648 2664 3706; x_wconf 88' lang='lat' dir='ltr'>sibi</span> <span class='ocrx_word' id='word_1_591' title='bbox 2709 3650 2951 3702; x_wconf 89' lang='lat' dir='ltr'>mortem</span> <span class='ocrx_word' id='word_1_592' title='bbox 3001 3657 3132 3698; x_wconf 85' lang='lat' dir='ltr'>esse</span> <span class='ocrx_word' id='word_1_593' title='bbox 3180 3644 3361 3712; x_wconf 87' lang='lat' dir='ltr'>putet,</span> <span class='ocrx_word' id='word_1_594' title='bbox 3412 3642 3478 3692; x_wconf 90' lang='lat' dir='ltr'>ut</span> <span class='ocrx_word' id='word_1_595' title='bbox 3509 3652 3612 3708; x_wconf 89' lang='lat' dir='ltr'>per</span> 
     </span>
    </p>
   </div>
   <div class='ocr_carea' id='block_1_87' title="bbox 1968 3729 3610 3814">
    <p class='ocr_par' dir='ltr' id='par_1_87' title="bbox 1968 3729 3610 3814">
     <span class='ocr_line' id='line_1_88' title="bbox 1968 3729 3610 3814; baseline -0.013 -13"><span class='ocrx_word' id='word_1_596' title='bbox 1968 3759 2096 3802; x_wconf 89' lang='lat' dir='ltr'>eam</span> <span class='ocrx_word' id='word_1_597' title='bbox 2154 3740 2572 3814; x_wconf 79' lang='lat' dir='ltr'>cupiditatibus</span> <span class='ocrx_word' id='word_1_598' title='bbox 2629 3736 2967 3806; x_wconf 86' lang='lat' dir='ltr'>deliciisque</span> <span class='ocrx_word' id='word_1_599' title='bbox 3033 3731 3158 3788; x_wconf 90' lang='lat' dir='ltr'>suis</span> <span class='ocrx_word' id='word_1_600' title='bbox 3222 3730 3497 3801; x_wconf 82' lang='lat' dir='ltr'>privetur,</span> <span class='ocrx_word' id='word_1_601' title='bbox 3552 3729 3610 3781; x_wconf 88' lang='lat' dir='ltr'>et</span> 
     </span>
    </p>
   </div>
   <div class='ocr_carea' id='block_1_88' title="bbox 1967 3816 3604 3904">
    <p class='ocr_par' dir='ltr' id='par_1_88' title="bbox 1967 3816 3604 3904">
     <span class='ocr_line' id='line_1_89' title="bbox 1967 3816 3604 3904; baseline -0.015 -13"><span class='ocrx_word' id='word_1_602' title='bbox 1967 3850 2080 3890; x_wconf 91' lang='lat' dir='ltr'>non</span> <span class='ocrx_word' id='word_1_603' title='bbox 2115 3831 2306 3904; x_wconf 84' lang='lat' dir='ltr'>potius</span> <span class='ocrx_word' id='word_1_604' title='bbox 2334 3829 2479 3886; x_wconf 88' lang='lat' dir='ltr'>illud</span> <span class='ocrx_word' id='word_1_605' title='bbox 2511 3832 2666 3901; x_wconf 89' lang='lat' dir='ltr'>agat,</span> <span class='ocrx_word' id='word_1_606' title='bbox 2699 3830 2765 3880; x_wconf 94' lang='lat' dir='ltr'>ut</span> <span class='ocrx_word' id='word_1_607' title='bbox 2785 3838 3014 3894; x_wconf 91' lang='lat' dir='ltr'>semper</span> <span class='ocrx_word' id='word_1_608' title='bbox 3048 3821 3196 3876; x_wconf 88' lang='lat' dir='ltr'>hanc</span> <span class='ocrx_word' id='word_1_609' title='bbox 3225 3819 3397 3872; x_wconf 90' lang='lat' dir='ltr'>vitam</span> <span class='ocrx_word' id='word_1_610' title='bbox 3431 3816 3604 3880; x_wconf 86' lang='lat' dir='ltr'>vivat,</span> 
     </span>
    </p>
   </div>
   <div class='ocr_carea' id='block_1_89' title="bbox 1967 3901 3607 3995">
    <p class='ocr_par' dir='ltr' id='par_1_89' title="bbox 1967 3901 3607 3995">
     <span class='ocr_line' id='line_1_90' title="bbox 1967 3901 3607 3995; baseline -0.014 -16"><span class='ocrx_word' id='word_1_611' title='bbox 1967 3901 2461 3995; x_wconf 49' lang='lat' dir='ltr'>magi—stratusque</span> <span class='ocrx_word' id='word_1_612' title='bbox 2508 3922 2565 3973; x_wconf 90' lang='lat' dir='ltr'>et</span> <span class='ocrx_word' id='word_1_613' title='bbox 2602 3916 2756 3988; x_wconf 80' lang='lat' dir='ltr'>leges</span> <span class='ocrx_word' id='word_1_614' title='bbox 2785 3911 2970 3980; x_wconf 88' lang='lat' dir='ltr'>fallat,</span> <span class='ocrx_word' id='word_1_615' title='bbox 3002 3908 3216 3964; x_wconf 89' lang='lat' dir='ltr'>nedum</span> <span class='ocrx_word' id='word_1_616' title='bbox 3250 3906 3502 3974; x_wconf 83' lang='lat' dir='ltr'>seipsum</span> <span class='ocrx_word' id='word_1_617' title='bbox 3533 3901 3607 3957; x_wconf 90' lang='lat' dir='ltr'>ad</span> 
     </span>
    </p>
   </div>
   <div class='ocr_carea' id='block_1_90' title="bbox 1967 3992 3608 4074">
    <p class='ocr_par' dir='ltr' id='par_1_90' title="bbox 1967 3992 3608 4074">
     <span class='ocr_line' id='line_1_91' title="bbox 1967 3992 3608 4074; baseline -0.013 -7"><span class='ocrx_word' id='word_1_618' title='bbox 1967 3992 2182 4069; x_wconf 68' lang='lat' dir='ltr'>eadem</span> <span class='ocrx_word' id='word_1_619' title='bbox 2211 4007 2461 4066; x_wconf 68' lang='lat' dir='ltr'>offerat?</span> <span class='ocrx_word' id='word_1_620' title='bbox 2490 4028 2519 4059; x_wconf 84' lang='lat'><strong>»</strong></span> <span class='ocrx_word' id='word_1_621' title='bbox 2554 4005 2621 4061; x_wconf 83' lang='lat' dir='ltr'>In</span> <span class='ocrx_word' id='word_1_622' title='bbox 2641 4001 2918 4074; x_wconf 83' lang='lat' dir='ltr'>Apologia</span> <span class='ocrx_word' id='word_1_623' title='bbox 2941 4016 3005 4054; x_wconf 87' lang='lat' dir='ltr'>ea</span> <span class='ocrx_word' id='word_1_624' title='bbox 3035 3996 3179 4052; x_wconf 89' lang='lat' dir='ltr'>illud</span> <span class='ocrx_word' id='word_1_625' title='bbox 3213 4010 3446 4067; x_wconf 91' lang='lat' dir='ltr'>quoque</span> <span class='ocrx_word' id='word_1_626' title='bbox 3462 3992 3608 4048; x_wconf 89' lang='lat' dir='ltr'>scri-</span> 
     </span>
    </p>
   </div>
   <div class='ocr_carea' id='block_1_91' title="bbox 1965 4084 3607 4158">
    <p class='ocr_par' dir='ltr' id='par_1_91' title="bbox 1965 4084 3607 4158">
     <span class='ocr_line' id='line_1_92' title="bbox 1965 4084 3607 4158; baseline -0.013 -1"><span class='ocrx_word' id='word_1_627' title='bbox 1965 4101 2056 4157; x_wconf 88' lang='lat' dir='ltr'>bit</span> <span class='ocrx_word' id='word_1_628' title='bbox 2086 4119 2099 4158; x_wconf 92' lang='lat'><strong>:</strong></span> <span class='ocrx_word' id='word_1_629' title='bbox 2135 4121 2163 4149; x_wconf 87' lang='grc'>‹‹</span> <span class='ocrx_word' id='word_1_630' title='bbox 2193 4099 2320 4157; x_wconf 87' lang='lat' dir='ltr'>Non</span> <span class='ocrx_word' id='word_1_631' title='bbox 2349 4096 2673 4154; x_wconf 86' lang='lat' dir='ltr'>absurdum</span> <span class='ocrx_word' id='word_1_632' title='bbox 2704 4109 2839 4149; x_wconf 88' lang='lat' dir='ltr'>vero</span> <span class='ocrx_word' id='word_1_633' title='bbox 2872 4090 3067 4152; x_wconf 78' lang='lat' dir='ltr'>fuerit,</span> <span class='ocrx_word' id='word_1_634' title='bbox 3097 4085 3328 4142; x_wconf 90' lang='lat' dir='ltr'>Antinoi</span> <span class='ocrx_word' id='word_1_635' title='bbox 3363 4084 3444 4154; x_wconf 83' lang='lat'>(2)</span> <span class='ocrx_word' id='word_1_636' title='bbox 3473 4098 3607 4152; x_wconf 89' lang='lat' dir='ltr'>quo-</span> 
     </span>
    </p>
   </div>
   <div class='ocr_carea' id='block_1_92' title="bbox 1965 4171 3611 4261">
    <p class='ocr_par' dir='ltr' id='par_1_92' title="bbox 1965 4171 3611 4261">
     <span class='ocr_line' id='line_1_93' title="bbox 1965 4171 3611 4261; baseline -0.012 -16"><span class='ocrx_word' id='word_1_637' title='bbox 1965 4205 2078 4261; x_wconf 88' lang='lat' dir='ltr'>que</span> <span class='ocrx_word' id='word_1_638' title='bbox 2107 4188 2203 4245; x_wconf 89' lang='lat' dir='ltr'>hic</span> <span class='ocrx_word' id='word_1_639' title='bbox 2229 4185 2588 4254; x_wconf 87' lang='lat' dir='ltr'>meminisse,</span> <span class='ocrx_word' id='word_1_640' title='bbox 2623 4183 2723 4256; x_wconf 89' lang='lat' dir='ltr'>qui</span> <span class='ocrx_word' id='word_1_641' title='bbox 2756 4197 2871 4238; x_wconf 90' lang='lat' dir='ltr'>non</span> <span class='ocrx_word' id='word_1_642' title='bbox 2902 4180 2984 4234; x_wconf 92' lang='lat' dir='ltr'>ita</span> <span class='ocrx_word' id='word_1_643' title='bbox 3002 4176 3224 4248; x_wconf 89' lang='lat' dir='ltr'>pridem</span> <span class='ocrx_word' id='word_1_644' title='bbox 3257 4171 3611 4244; x_wconf 90' lang='lat' dir='ltr'>vixit,quem</span> 
     </span>
    </p>
   </div>
   <div class='ocr_carea' id='block_1_93' title="bbox 1965 4261 3613 4344">
    <p class='ocr_par' dir='ltr' id='par_1_93' title="bbox 1965 4261 3613 4344">
     <span class='ocr_line' id='line_1_94' title="bbox 1965 4261 3613 4344; baseline -0.014 -8"><span class='ocrx_word' id='word_1_645' title='bbox 1965 4294 2168 4336; x_wconf 85' lang='lat' dir='ltr'>omnes</span> <span class='ocrx_word' id='word_1_646' title='bbox 2199 4276 2375 4334; x_wconf 83' lang='lat' dir='ltr'>veluti</span> <span class='ocrx_word' id='word_1_647' title='bbox 2422 4276 2596 4331; x_wconf 89' lang='lat' dir='ltr'>deum</span> <span class='ocrx_word' id='word_1_648' title='bbox 2648 4289 2750 4344; x_wconf 85' lang='lat' dir='ltr'>per</span> <span class='ocrx_word' id='word_1_649' title='bbox 2787 4271 3060 4325; x_wconf 87' lang='lat' dir='ltr'>timorem</span> <span class='ocrx_word' id='word_1_650' title='bbox 3093 4263 3279 4320; x_wconf 88' lang='lat' dir='ltr'>colere</span> <span class='ocrx_word' id='word_1_651' title='bbox 3308 4261 3613 4318; x_wconf 89' lang='lat' dir='ltr'>sustinue-</span> 
     </span>
    </p>
   </div>
   <div class='ocr_carea' id='block_1_94' title="bbox 1964 4349 3612 4438">
    <p class='ocr_par' dir='ltr' id='par_1_94' title="bbox 1964 4349 3612 4438">
     <span class='ocr_line' id='line_1_95' title="bbox 1964 4349 3612 4438; baseline -0.011 -16"><span class='ocrx_word' id='word_1_652' title='bbox 1964 4372 2126 4436; x_wconf 89' lang='lat' dir='ltr'>runt,</span> <span class='ocrx_word' id='word_1_653' title='bbox 2152 4383 2279 4423; x_wconf 88' lang='lat' dir='ltr'>cum</span> <span class='ocrx_word' id='word_1_654' title='bbox 2313 4367 2551 4438; x_wconf 87' lang='lat' dir='ltr'>quidem</span> <span class='ocrx_word' id='word_1_655' title='bbox 2585 4377 2789 4420; x_wconf 89' lang='lat' dir='ltr'>omnes</span> <span class='ocrx_word' id='word_1_656' title='bbox 2834 4358 3010 4430; x_wconf 88' lang='lat' dir='ltr'>probe</span> <span class='ocrx_word' id='word_1_657' title='bbox 3051 4351 3342 4421; x_wconf 89' lang='lat' dir='ltr'>sciverint,</span> <span class='ocrx_word' id='word_1_658' title='bbox 3384 4355 3444 4406; x_wconf 89' lang='lat' dir='ltr'>et</span> <span class='ocrx_word' id='word_1_659' title='bbox 3475 4349 3612 4420; x_wconf 89' lang='lat' dir='ltr'>quis</span> 
     </span>
    </p>
   </div>
   <div class='ocr_carea' id='block_1_95' title="bbox 1964 4439 3609 4526">
    <p class='ocr_par' dir='ltr' id='par_1_95' title="bbox 1964 4439 3609 4526">
     <span class='ocr_line' id='line_1_96' title="bbox 1964 4439 3609 4526; baseline -0.013 -13"><span class='ocrx_word' id='word_1_660' title='bbox 1964 4458 2158 4524; x_wconf 86' lang='lat' dir='ltr'>fuerit,</span> <span class='ocrx_word' id='word_1_661' title='bbox 2209 4465 2261 4513; x_wconf 89' lang='lat' dir='ltr'>et</span> <span class='ocrx_word' id='word_1_662' title='bbox 2309 4458 2461 4511; x_wconf 90' lang='lat' dir='ltr'>unde</span> <span class='ocrx_word' id='word_1_663' title='bbox 2510 4450 2858 4526; x_wconf 80' lang='lat' dir='ltr'>provenerit.</span> <span class='ocrx_word' id='word_1_664' title='bbox 2895 4471 2924 4498; x_wconf 85' lang='lat'><strong>»</strong></span> <span class='ocrx_word' id='word_1_665' title='bbox 2979 4444 3213 4502; x_wconf 78' lang='lat' dir='ltr'>Antinoi</span> <span class='ocrx_word' id='word_1_666' title='bbox 3255 4443 3384 4512; x_wconf 85' lang='lat' dir='ltr'>ejus</span> <span class='ocrx_word' id='word_1_667' title='bbox 3411 4445 3466 4495; x_wconf 91' lang='lat' dir='ltr'>et</span> <span class='ocrx_word' id='word_1_668' title='bbox 3499 4439 3609 4494; x_wconf 88' lang='lat' dir='ltr'>He-</span> 
     </span>
    </p>
   </div>
   <div class='ocr_carea' id='block_1_96' title="bbox 1962 4532 3609 4620">
    <p class='ocr_par' dir='ltr' id='par_1_96' title="bbox 1962 4532 3609 4620">
     <span class='ocr_line' id='line_1_97' title="bbox 1962 4532 3609 4620; baseline -0.014 -16"><span class='ocrx_word' id='word_1_669' title='bbox 1962 4547 2238 4620; x_wconf 89' lang='lat' dir='ltr'>gesippus</span> <span class='ocrx_word' id='word_1_670' title='bbox 2267 4545 2622 4602; x_wconf 86' lang='lat' dir='ltr'>mentionem</span> <span class='ocrx_word' id='word_1_671' title='bbox 2651 4541 2848 4607; x_wconf 82' lang='lat' dir='ltr'>infert,</span> <span class='ocrx_word' id='word_1_672' title='bbox 2873 4537 2974 4610; x_wconf 89' lang='lat' dir='ltr'>qui</span> <span class='ocrx_word' id='word_1_673' title='bbox 2997 4535 3198 4606; x_wconf 90' lang='lat' dir='ltr'>etipse</span> <span class='ocrx_word' id='word_1_674' title='bbox 3219 4532 3436 4588; x_wconf 83' lang='lat' dir='ltr'>eisdem</span> <span class='ocrx_word' id='word_1_675' title='bbox 3470 4537 3609 4583; x_wconf 89' lang='lat' dir='ltr'>tem-</span> 
     </span>
    </p>
   </div>
   <div class='ocr_carea' id='block_1_97' title="bbox 209 4619 1860 4715">
    <p class='ocr_par' dir='ltr' id='par_1_97' title="bbox 209 4628 1850 4709">
     <span class='ocr_line' id='line_1_98' title="bbox 209 4628 1850 4709; baseline 0.003 -24"><span class='ocrx_word' id='word_1_676' title='bbox 209 4633 406 4699; x_wconf 82' lang='grc' dir='ltr'>ταῦτα,</span> <span class='ocrx_word' id='word_1_677' title='bbox 438 4628 789 4706; x_wconf 71' lang='grc' dir='ltr'>ἁπλουστάτη</span> <span class='ocrx_word' id='word_1_678' title='bbox 842 4633 1082 4703; x_wconf 78' lang='grc' dir='ltr'>συντάξει</span> <span class='ocrx_word' id='word_1_679' title='bbox 1132 4641 1345 4709; x_wconf 75' lang='grc' dir='ltr'>γραφῆς</span> <span class='ocrx_word' id='word_1_680' title='bbox 1393 4635 1460 4690; x_wconf 80' lang='grc' dir='ltr'>τὰ</span> <span class='ocrx_word' id='word_1_681' title='bbox 1487 4639 1584 4691; x_wconf 86' lang='grc' dir='ltr'>τοῦ</span> <span class='ocrx_word' id='word_1_682' title='bbox 1613 4635 1850 4692; x_wconf 84' lang='grc' dir='ltr'>ἀποστο-</span> 
     </span>
    </p>
   </div>
   <div class='ocr_carea' id='block_1_98' title="bbox 1973 4619 3607 4715">
    <p class='ocr_par' dir='ltr' id='par_1_98' title="bbox 1973 4619 3607 4708">
     <span class='ocr_line' id='line_1_99' title="bbox 1973 4619 3607 4708; baseline -0.015 -14"><span class='ocrx_word' id='word_1_683' title='bbox 1973 4619 2204 4708; x_wconf 79' lang='lat' dir='ltr'>poribus</span> <span class='ocrx_word' id='word_1_684' title='bbox 2248 4635 2482 4703; x_wconf 84' lang='lat' dir='ltr'>ﬂorens,</span> <span class='ocrx_word' id='word_1_685' title='bbox 2525 4629 2852 4704; x_wconf 87' lang='lat' dir='ltr'>permultas</span> <span class='ocrx_word' id='word_1_686' title='bbox 2885 4623 3236 4699; x_wconf 80' lang='lat' dir='ltr'>apostolicae</span> <span class='ocrx_word' id='word_1_687' title='bbox 3267 4619 3607 4676; x_wconf 85' lang='lat' dir='ltr'>traditiones</span> 
     </span>
    </p>
   </div>
   <div class='ocr_carea' id='block_1_99' title="bbox 212 4716 1850 4801">
    <p class='ocr_par' dir='ltr' id='par_1_99' title="bbox 212 4716 1850 4801">
     <span class='ocr_line' id='line_1_100' title="bbox 212 4716 1850 4801; baseline 0.004 -27"><span class='ocrx_word' id='word_1_688' title='bbox 212 4716 375 4774; x_wconf 87' lang='grc' dir='ltr'>λικοῦ</span> <span class='ocrx_word' id='word_1_689' title='bbox 404 4719 755 4797; x_wconf 86' lang='grc' dir='ltr'>κηρύγματος</span> <span class='ocrx_word' id='word_1_690' title='bbox 785 4725 964 4798; x_wconf 90' lang='grc' dir='ltr'>σοφῶς</span> <span class='ocrx_word' id='word_1_691' title='bbox 1006 4719 1154 4794; x_wconf 74' lang='grc' dir='ltr'>μάλα</span> <span class='ocrx_word' id='word_1_692' title='bbox 1206 4720 1489 4793; x_wconf 79' lang='grc' dir='ltr'>διεξιόντα.</span> <span class='ocrx_word' id='word_1_693' title='bbox 1525 4726 1604 4780; x_wconf 91' lang='grc' dir='ltr'>Δι’</span> <span class='ocrx_word' id='word_1_694' title='bbox 1634 4726 1707 4780; x_wconf 83' lang='grc' dir='ltr'>ὢν</span> <span class='ocrx_word' id='word_1_695' title='bbox 1743 4725 1850 4801; x_wconf 80' lang='grc' dir='ltr'>ἐμ·-</span> 
     </span>
    </p>
   </div>
   <div class='ocr_carea' id='block_1_100' title="bbox 212 4807 1851 4892">
    <p class='ocr_par' dir='ltr' id='par_1_100' title="bbox 212 4807 1851 4892">
     <span class='ocr_line' id='line_1_101' title="bbox 212 4807 1851 4892; baseline 0.005 -30"><span class='ocrx_word' id='word_1_696' title='bbox 212 4807 386 4884; x_wconf 86' lang='grc' dir='ltr'>φαίνει</span> <span class='ocrx_word' id='word_1_697' title='bbox 430 4809 519 4863; x_wconf 82' lang='grc' dir='ltr'>καὶ</span> <span class='ocrx_word' id='word_1_698' title='bbox 565 4810 657 4864; x_wconf 83' lang='grc' dir='ltr'>τὸν</span> <span class='ocrx_word' id='word_1_699' title='bbox 714 4809 835 4864; x_wconf 82' lang='grc' dir='ltr'>καθ’</span> <span class='ocrx_word' id='word_1_700' title='bbox 883 4810 940 4863; x_wconf 82' lang='grc' dir='ltr'>’ὸν</span> <span class='ocrx_word' id='word_1_701' title='bbox 993 4807 1308 4885; x_wconf 74' lang='grc' dir='ltr'>ἐγνωρίζετο</span> <span class='ocrx_word' id='word_1_702' title='bbox 1357 4814 1597 4892; x_wconf 57' lang='grc' dir='ltr'>χρόνον</span> <span class='ocrx_word' id='word_1_703' title='bbox 1658 4813 1709 4870; x_wconf 73' lang='grc' dir='ltr'>ἐν</span> <span class='ocrx_word' id='word_1_704' title='bbox 1768 4817 1851 4879; x_wconf 83' lang='grc' dir='ltr'>οἷς</span> 
     </span>
    </p>
   </div>
   <div class='ocr_carea' id='block_1_101' title="bbox 209 4896 1854 4981">
    <p class='ocr_par' dir='ltr' id='par_1_101' title="bbox 209 4896 1854 4981">
     <span class='ocr_line' id='line_1_102' title="bbox 209 4896 1854 4981; baseline 0.005 -30"><span class='ocrx_word' id='word_1_705' title='bbox 209 4897 337 4972; x_wconf 88' lang='grc' dir='ltr'>περὶ</span> <span class='ocrx_word' id='word_1_706' title='bbox 391 4902 499 4952; x_wconf 87' lang='grc' dir='ltr'>τῶν</span> <span class='ocrx_word' id='word_1_707' title='bbox 555 4897 604 4968; x_wconf 60' lang='lat' dir='ltr'>EE</span> <span class='ocrx_word' id='word_1_708' title='bbox 661 4899 839 4974; x_wconf 84' lang='grc' dir='ltr'>ἀρχῆς</span> <span class='ocrx_word' id='word_1_709' title='bbox 900 4896 1226 4975; x_wconf 81' lang='grc' dir='ltr'>ἷδρυσάντων</span> <span class='ocrx_word' id='word_1_710' title='bbox 1283 4903 1351 4958; x_wconf 71' lang='grc' dir='ltr'>τὰ</span> <span class='ocrx_word' id='word_1_711' title='bbox 1408 4901 1612 4960; x_wconf 72' lang='grc' dir='ltr'>εἴδωλα</span> <span class='ocrx_word' id='word_1_712' title='bbox 1642 4905 1854 4981; x_wconf 75' lang='grc' dir='ltr'>ἱστορεῖ</span> 
     </span>
    </p>
   </div>
   <div class='ocr_carea' id='block_1_102' title="bbox 210 4987 1848 5068">
    <p class='ocr_par' dir='ltr' id='par_1_102' title="bbox 210 4987 1848 5068">
     <span class='ocr_line' id='line_1_103' title="bbox 210 4987 1848 5068; baseline 0.004 -25"><span class='ocrx_word' id='word_1_713' title='bbox 210 4989 436 5064; x_wconf 84' lang='grc' dir='ltr'>γράφων</span> <span class='ocrx_word' id='word_1_714' title='bbox 486 4987 656 5050; x_wconf 66' lang='grc' dir='ltr'>οὕτως</span> <span class='ocrx_word' id='word_1_715' title='bbox 689 5007 702 5022; x_wconf 74' lang='grc' dir='ltr'><strong><em>ο</em></strong></span> <span class='ocrx_word' id='word_1_716' title='bbox 737 5010 764 5041; x_wconf 72' lang='grc' dir='ltr'>α</span> <span class='ocrx_word' id='word_1_717' title='bbox 797 4989 889 5051; x_wconf 79' lang='grc' dir='ltr'>Οἷς</span> <span class='ocrx_word' id='word_1_718' title='bbox 946 4990 1238 5068; x_wconf 83' lang='grc' dir='ltr'>κενοτάφια</span> <span class='ocrx_word' id='word_1_719' title='bbox 1282 4991 1371 5047; x_wconf 86' lang='grc' dir='ltr'>καὶ</span> <span class='ocrx_word' id='word_1_720' title='bbox 1400 4992 1557 5057; x_wconf 81' lang='grc' dir='ltr'>ναοὺς</span> <span class='ocrx_word' id='word_1_721' title='bbox 1589 4993 1848 5065; x_wconf 77' lang='grc' dir='ltr'>ἐποίησαν</span> 
     </span>
    </p>
   </div>
   <div class='ocr_carea' id='block_1_103' title="bbox 211 5074 1848 5159">
    <p class='ocr_par' dir='ltr' id='par_1_103' title="bbox 211 5074 1848 5159">
     <span class='ocr_line' id='line_1_104' title="bbox 211 5074 1848 5159; baseline 0.005 -27"><span class='ocrx_word' id='word_1_722' title='bbox 211 5079 284 5140; x_wconf 85' lang='grc' dir='ltr'>ὡς</span> <span class='ocrx_word' id='word_1_723' title='bbox 337 5076 504 5153; x_wconf 85' lang='grc' dir='ltr'>μέχρι</span> <span class='ocrx_word' id='word_1_724' title='bbox 547 5075 674 5132; x_wconf 77' lang='grc' dir='ltr'>νῦν·</span> <span class='ocrx_word' id='word_1_725' title='bbox 704 5074 776 5132; x_wconf 84' lang='grc' dir='ltr'>ὧν</span> <span class='ocrx_word' id='word_1_726' title='bbox 828 5076 940 5133; x_wconf 83' lang='grc' dir='ltr'>ἐστι</span> <span class='ocrx_word' id='word_1_727' title='bbox 987 5082 1077 5135; x_wconf 79' lang='grc' dir='ltr'>καὶ</span> <span class='ocrx_word' id='word_1_728' title='bbox 1127 5080 1439 5144; x_wconf 84' lang='grc' dir='ltr'>Ἀντίνοος·</span> <span class='ocrx_word' id='word_1_729' title='bbox 1474 5084 1537 5140; x_wconf 79' lang='grc' dir='ltr'>οὗ</span> <span class='ocrx_word' id='word_1_730' title='bbox 1583 5085 1674 5140; x_wconf 84' lang='grc' dir='ltr'>καὶ</span> <span class='ocrx_word' id='word_1_731' title='bbox 1703 5085 1848 5159; x_wconf 85' lang='grc' dir='ltr'>ἀγὼν</span> 
     </span>
    </p>
   </div>
   <div class='ocr_carea' id='block_1_104' title="bbox 209 5165 1848 5248">
    <p class='ocr_par' dir='ltr' id='par_1_104' title="bbox 209 5165 1848 5248">
     <span class='ocr_line' id='line_1_105' title="bbox 209 5165 1848 5248; baseline 0.005 -27"><span class='ocrx_word' id='word_1_732' title='bbox 209 5165 397 5243; x_wconf 73' lang='grc' dir='ltr'>ἄγεταί</span> <span class='ocrx_word' id='word_1_733' title='bbox 444 5166 811 5227; x_wconf 78' lang='grc' dir='ltr'>Ἀντινόειος’</span> <span class='ocrx_word' id='word_1_734' title='bbox 858 5168 887 5221; x_wconf 82' lang='grc' dir='ltr'>ὃ</span> <span class='ocrx_word' id='word_1_735' title='bbox 936 5169 1022 5223; x_wconf 87' lang='grc' dir='ltr'>καί</span> <span class='ocrx_word' id='word_1_736' title='bbox 1075 5169 1157 5248; x_wconf 83' lang='grc' dir='ltr'>ἐφ’</span> <span class='ocrx_word' id='word_1_737' title='bbox 1187 5173 1346 5245; x_wconf 78' lang='grc' dir='ltr'>ἡμῶν</span> <span class='ocrx_word' id='word_1_738' title='bbox 1394 5174 1723 5248; x_wconf 58' lang='grc' dir='ltr'>γενόμενον</span> <span class='ocrx_word' id='word_1_739' title='bbox 1757 5171 1848 5229; x_wconf 87' lang='grc' dir='ltr'>καὶ</span> 
     </span>
    </p>
   </div>
   <div class='ocr_carea' id='block_1_105' title="bbox 208 5253 1849 5338">
    <p class='ocr_par' dir='ltr' id='par_1_105' title="bbox 208 5253 1849 5338">
     <span class='ocr_line' id='line_1_106' title="bbox 208 5253 1849 5338; baseline 0.005 -27"><span class='ocrx_word' id='word_1_740' title='bbox 208 5257 315 5332; x_wconf 82' lang='grc' dir='ltr'>γὰρ</span> <span class='ocrx_word' id='word_1_741' title='bbox 371 5254 535 5312; x_wconf 89' lang='grc' dir='ltr'>πόλιν</span> <span class='ocrx_word' id='word_1_742' title='bbox 591 5253 792 5312; x_wconf 76' lang='grc' dir='ltr'>ἔκτισεν</span> <span class='ocrx_word' id='word_1_743' title='bbox 848 5257 1128 5314; x_wconf 79' lang='grc' dir='ltr'>’Δντινόου</span> <span class='ocrx_word' id='word_1_744' title='bbox 1194 5259 1501 5337; x_wconf 83' lang='grc' dir='ltr'>ἐπώνυμον.</span> <span class='ocrx_word' id='word_1_745' title='bbox 1563 5286 1588 5316; x_wconf 71' lang='lat' dir='ltr'>n</span> <span class='ocrx_word' id='word_1_746' title='bbox 1646 5268 1733 5338; x_wconf 83' lang='grc' dir='ltr'>Τῷ</span> <span class='ocrx_word' id='word_1_747' title='bbox 1793 5261 1849 5319; x_wconf 70' lang='grc' dir='ltr'>δὲ</span> 
     </span>
    </p>
   </div>
   <div class='ocr_carea' id='block_1_106' title="bbox 207 5339 1849 5426">
    <p class='ocr_par' dir='ltr' id='par_1_106' title="bbox 207 5339 1849 5426">
     <span class='ocr_line' id='line_1_107' title="bbox 207 5339 1849 5426; baseline 0.004 -24"><span class='ocrx_word' id='word_1_748' title='bbox 207 5346 358 5420; x_wconf 75' lang='grc' dir='ltr'>αὐτῷ</span> <span class='ocrx_word' id='word_1_749' title='bbox 388 5339 492 5401; x_wconf 76' lang='grc' dir='ltr'>ἔτει</span> <span class='ocrx_word' id='word_1_750' title='bbox 523 5352 624 5417; x_wconf 81' lang='grc' dir='ltr'>τῆς</span> <span class='ocrx_word' id='word_1_751' title='bbox 670 5345 837 5416; x_wconf 83' lang='grc' dir='ltr'>αὐτῆς</span> <span class='ocrx_word' id='word_1_752' title='bbox 867 5351 985 5411; x_wconf 81' lang='grc' dir='ltr'>τοῖς</span> <span class='ocrx_word' id='word_1_753' title='bbox 1028 5353 1445 5426; x_wconf 75' lang='grc' dir='ltr'>προειρημένοις</span> <span class='ocrx_word' id='word_1_754' title='bbox 1496 5349 1709 5424; x_wconf 86' lang='grc' dir='ltr'>διαίτης</span> <span class='ocrx_word' id='word_1_755' title='bbox 1758 5355 1849 5408; x_wconf 77' lang='grc' dir='ltr'>καὶ</span> 
     </span>
    </p>
   </div>
   <div class='ocr_carea' id='block_1_107' title="bbox 277 5494 1398 5577">
    <p class='ocr_par' dir='ltr' id='par_1_107' title="bbox 277 5494 1398 5577">
     <span class='ocr_line' id='line_1_108' title="bbox 277 5494 1398 5577; baseline 0.003 -26"><span class='ocrx_word' id='word_1_756' title='bbox 277 5495 354 5577; x_wconf 61' lang='lat' dir='ltr'>li</span> <span class='ocrx_word' id='word_1_757' title='bbox 379 5495 494 5577; x_wconf 77' lang='lat' dir='ltr'>Alii</span> <span class='ocrx_word' id='word_1_758' title='bbox 509 5494 743 5577; x_wconf 75' lang='lat' dir='ltr'>legunt,</span> <span class='ocrx_word' id='word_1_759' title='bbox 775 5494 953 5577; x_wconf 59' lang='lat' dir='ltr'>Prisci</span> <span class='ocrx_word' id='word_1_760' title='bbox 981 5497 1200 5577; x_wconf 71' lang='lat' dir='ltr'>Bacchii</span> <span class='ocrx_word' id='word_1_761' title='bbox 1226 5497 1398 5568; x_wconf 79' lang='lat' dir='ltr'>ﬁlius.</span> 
     </span>
    </p>
   </div>
   <div class='ocr_carea' id='block_1_108' title="bbox 279 5567 1850 5650">
    <p class='ocr_par' dir='ltr' id='par_1_108' title="bbox 279 5567 1850 5650">
     <span class='ocr_line' id='line_1_109' title="bbox 279 5567 1850 5650; baseline 0.004 -29"><span class='ocrx_word' id='word_1_762' title='bbox 279 5567 716 5650; x_wconf 34' lang='lat' dir='ltr'>(glutinans,</span> <span class='ocrx_word' id='word_1_763' title='bbox 750 5567 975 5650; x_wconf 60' lang='lat' dir='ltr'>eximis:</span> <span class='ocrx_word' id='word_1_764' title='bbox 1028 5567 1233 5650; x_wconf 67' lang='lat' dir='ltr'>formas</span> <span class='ocrx_word' id='word_1_765' title='bbox 1274 5587 1438 5650; x_wconf 87' lang='lat' dir='ltr'>puer,</span> <span class='ocrx_word' id='word_1_766' title='bbox 1488 5573 1737 5650; x_wconf 86' lang='lat' dir='ltr'>Adriano</span> <span class='ocrx_word' id='word_1_767' title='bbox 1788 5571 1850 5628; x_wconf 88' lang='lat' dir='ltr'>in</span> 
     </span>
    </p>
   </div>
   <div class='ocr_carea' id='block_1_109' title="bbox 207 5638 1860 5717">
    <p class='ocr_par' dir='ltr' id='par_1_109' title="bbox 207 5638 1860 5717">
     <span class='ocr_line' id='line_1_110' title="bbox 207 5638 1860 5717; baseline 0.002 -23"><span class='ocrx_word' id='word_1_768' title='bbox 207 5639 434 5717; x_wconf 75' lang='lat' dir='ltr'>deliciis</span> <span class='ocrx_word' id='word_1_769' title='bbox 482 5638 608 5717; x_wconf 78' lang='lat' dir='ltr'>fuit.</span> <span class='ocrx_word' id='word_1_770' title='bbox 656 5639 721 5717; x_wconf 71' lang='lat' dir='ltr'>Ei</span> <span class='ocrx_word' id='word_1_771' title='bbox 775 5641 837 5695; x_wconf 92' lang='lat' dir='ltr'>in</span> <span class='ocrx_word' id='word_1_772' title='bbox 885 5638 1430 5717; x_wconf 43' lang='lat' dir='ltr'>Egyptmmortuo,</span> <span class='ocrx_word' id='word_1_773' title='bbox 1479 5645 1752 5717; x_wconf 88' lang='lat' dir='ltr'>princeps</span> <span class='ocrx_word' id='word_1_774' title='bbox 1810 5644 1860 5698; x_wconf 80' lang='lat' dir='ltr'>is</span> 
     </span>
    </p>
   </div>
   <div class='ocr_carea' id='block_1_110' title="bbox 209 5711 1862 5789">
    <p class='ocr_par' dir='ltr' id='par_1_110' title="bbox 209 5711 1862 5789">
     <span class='ocr_line' id='line_1_111' title="bbox 209 5711 1862 5789; baseline 0.004 -23"><span class='ocrx_word' id='word_1_775' title='bbox 209 5711 420 5768; x_wconf 87' lang='lat' dir='ltr'>urbem</span> <span class='ocrx_word' id='word_1_776' title='bbox 450 5711 787 5774; x_wconf 77' lang='lat' dir='ltr'>Antinoiam</span> <span class='ocrx_word' id='word_1_777' title='bbox 819 5711 1096 5770; x_wconf 81' lang='lat' dir='ltr'>condidit.</span> <span class='ocrx_word' id='word_1_778' title='bbox 1127 5711 1429 5786; x_wconf 85' lang='lat' dir='ltr'>Templum</span> <span class='ocrx_word' id='word_1_779' title='bbox 1460 5711 1714 5789; x_wconf 65' lang='lat' dir='ltr'>duoque,</span> <span class='ocrx_word' id='word_1_780' title='bbox 1747 5717 1862 5774; x_wconf 83' lang='lat' dir='ltr'>sta-</span> 
     </span>
    </p>
   </div>
   <div class='ocr_carea' id='block_1_111' title="bbox 1965 4706 3606 4795">
    <p class='ocr_par' dir='ltr' id='par_1_111' title="bbox 1965 4706 3606 4795">
     <span class='ocr_line' id='line_1_112' title="bbox 1965 4706 3606 4795; baseline -0.015 -11"><span class='ocrx_word' id='word_1_781' title='bbox 1965 4706 2026 4784; x_wconf 84' lang='lat' dir='ltr'>in</span> <span class='ocrx_word' id='word_1_782' title='bbox 2057 4726 2326 4784; x_wconf 85' lang='lat' dir='ltr'>Historiis</span> <span class='ocrx_word' id='word_1_783' title='bbox 2357 4726 2502 4794; x_wconf 91' lang='lat' dir='ltr'>suis,</span> <span class='ocrx_word' id='word_1_784' title='bbox 2557 4737 2804 4795; x_wconf 88' lang='lat' dir='ltr'>quarum</span> <span class='ocrx_word' id='word_1_785' title='bbox 2852 4719 3112 4791; x_wconf 90' lang='lat' dir='ltr'>quinque</span> <span class='ocrx_word' id='word_1_786' title='bbox 3145 4710 3372 4782; x_wconf 88' lang='lat' dir='ltr'>reliquit</span> <span class='ocrx_word' id='word_1_787' title='bbox 3403 4706 3606 4763; x_wconf 65' lang='lat' dir='ltr'>libros:</span> 
     </span>
    </p>
   </div>
   <div class='ocr_carea' id='block_1_112' title="bbox 1963 4796 3608 4887">
    <p class='ocr_par' dir='ltr' id='par_1_112' title="bbox 1963 4796 3608 4887">
     <span class='ocr_line' id='line_1_113' title="bbox 1963 4796 3608 4887; baseline -0.015 -13"><span class='ocrx_word' id='word_1_788' title='bbox 1963 4819 2244 4880; x_wconf 88' lang='lat' dir='ltr'>recenset,</span> <span class='ocrx_word' id='word_1_789' title='bbox 2296 4813 2555 4887; x_wconf 86' lang='lat' dir='ltr'>simplici</span> <span class='ocrx_word' id='word_1_790' title='bbox 2602 4809 2830 4868; x_wconf 88' lang='lat' dir='ltr'>dicendi</span> <span class='ocrx_word' id='word_1_791' title='bbox 2881 4821 3092 4880; x_wconf 89' lang='lat' dir='ltr'>genere</span> <span class='ocrx_word' id='word_1_792' title='bbox 3141 4801 3293 4859; x_wconf 90' lang='lat' dir='ltr'>clare</span> <span class='ocrx_word' id='word_1_793' title='bbox 3325 4796 3608 4868; x_wconf 67' lang='lat' dir='ltr'>praedica-</span> 
     </span>
    </p>
   </div>
   <div class='ocr_carea' id='block_1_113' title="bbox 1964 4891 3606 4980">
    <p class='ocr_par' dir='ltr' id='par_1_113' title="bbox 1964 4891 3606 4980">
     <span class='ocr_line' id='line_1_114' title="bbox 1964 4891 3606 4980; baseline -0.015 -14"><span class='ocrx_word' id='word_1_794' title='bbox 1964 4909 2182 4966; x_wconf 89' lang='lat' dir='ltr'>tionem</span> <span class='ocrx_word' id='word_1_795' title='bbox 2237 4904 2614 4980; x_wconf 89' lang='lat' dir='ltr'>apostolicam</span> <span class='ocrx_word' id='word_1_796' title='bbox 2671 4914 2985 4972; x_wconf 84' lang='lat' dir='ltr'>exponens.</span> <span class='ocrx_word' id='word_1_797' title='bbox 3044 4897 3104 4950; x_wconf 89' lang='lat' dir='ltr'>In</span> <span class='ocrx_word' id='word_1_798' title='bbox 3166 4891 3432 4980; x_wconf 29' lang='lat' dir='ltr'>quibus,”</span> <span class='ocrx_word' id='word_1_799' title='bbox 3471 4902 3606 4945; x_wconf 89' lang='lat' dir='ltr'>cum</span> 
     </span>
    </p>
   </div>
   <div class='ocr_carea' id='block_1_114' title="bbox 1967 4976 3607 5069">
    <p class='ocr_par' dir='ltr' id='par_1_114' title="bbox 1967 4976 3607 5069">
     <span class='ocr_line' id='line_1_115' title="bbox 1967 4976 3607 5069; baseline -0.016 -14"><span class='ocrx_word' id='word_1_800' title='bbox 1967 5002 2231 5069; x_wconf 87' lang='lat' dir='ltr'>tempora</span> <span class='ocrx_word' id='word_1_801' title='bbox 2269 4976 2483 5067; x_wconf 79' lang='lat' dir='ltr'>quibus</span> <span class='ocrx_word' id='word_1_802' title='bbox 2530 4991 2744 5050; x_wconf 90' lang='lat' dir='ltr'>enituit</span> <span class='ocrx_word' id='word_1_803' title='bbox 2789 4985 3061 5051; x_wconf 89' lang='lat' dir='ltr'>ostendit,</span> <span class='ocrx_word' id='word_1_804' title='bbox 3117 4985 3238 5038; x_wconf 89' lang='lat' dir='ltr'>tum</span> <span class='ocrx_word' id='word_1_805' title='bbox 3285 4981 3354 5034; x_wconf 91' lang='lat' dir='ltr'>de</span> <span class='ocrx_word' id='word_1_806' title='bbox 3398 4977 3470 5033; x_wconf 91' lang='lat' dir='ltr'>iis</span> <span class='ocrx_word' id='word_1_807' title='bbox 3501 4976 3607 5048; x_wconf 87' lang='lat' dir='ltr'>qui</span> 
     </span>
    </p>
   </div>
   <div class='ocr_carea' id='block_1_115' title="bbox 1966 5071 3606 5161">
    <p class='ocr_par' dir='ltr' id='par_1_115' title="bbox 1966 5071 3606 5161">
     <span class='ocr_line' id='line_1_116' title="bbox 1966 5071 3606 5161; baseline -0.015 -16"><span class='ocrx_word' id='word_1_808' title='bbox 1966 5088 2224 5161; x_wconf 89' lang='lat' dir='ltr'>primum</span> <span class='ocrx_word' id='word_1_809' title='bbox 2257 5086 2416 5142; x_wconf 87' lang='lat' dir='ltr'>idola</span> <span class='ocrx_word' id='word_1_810' title='bbox 2439 5089 2497 5141; x_wconf 91' lang='lat' dir='ltr'>et</span> <span class='ocrx_word' id='word_1_811' title='bbox 2525 5080 2836 5140; x_wconf 89' lang='lat' dir='ltr'>simulacra</span> <span class='ocrx_word' id='word_1_812' title='bbox 2866 5073 3176 5133; x_wconf 88' lang='lat' dir='ltr'>statuerint</span> <span class='ocrx_word' id='word_1_813' title='bbox 3206 5071 3507 5134; x_wconf 87' lang='lat' dir='ltr'>memorat,</span> <span class='ocrx_word' id='word_1_814' title='bbox 3542 5083 3606 5122; x_wconf 88' lang='lat' dir='ltr'>ac</span> 
     </span>
    </p>
   </div>
   <div class='ocr_carea' id='block_1_116' title="bbox 1966 5160 3606 5249">
    <p class='ocr_par' dir='ltr' id='par_1_116' title="bbox 1966 5160 3606 5249">
     <span class='ocr_line' id='line_1_117' title="bbox 1966 5160 3606 5249; baseline -0.014 -15"><span class='ocrx_word' id='word_1_815' title='bbox 1966 5160 2239 5249; x_wconf 81' lang='lat' dir='ltr'>deinceps</span> <span class='ocrx_word' id='word_1_816' title='bbox 2268 5177 2334 5232; x_wconf 88' lang='lat' dir='ltr'>ad</span> <span class='ocrx_word' id='word_1_817' title='bbox 2369 5175 2526 5230; x_wconf 89' lang='lat' dir='ltr'>hunc</span> <span class='ocrx_word' id='word_1_818' title='bbox 2567 5172 2807 5228; x_wconf 91' lang='lat' dir='ltr'>modum</span> <span class='ocrx_word' id='word_1_819' title='bbox 2854 5166 3027 5222; x_wconf 87' lang='lat' dir='ltr'>infert</span> <span class='ocrx_word' id='word_1_820' title='bbox 3057 5181 3071 5219; x_wconf 89' lang='lat'><strong>:</strong></span> <span class='ocrx_word' id='word_1_821' title='bbox 3109 5185 3139 5215; x_wconf 90' lang='grc'>‹‹</span> <span class='ocrx_word' id='word_1_822' title='bbox 3178 5160 3400 5226; x_wconf 87' lang='lat' dir='ltr'>Quibus</span> <span class='ocrx_word' id='word_1_823' title='bbox 3430 5172 3606 5214; x_wconf 87' lang='lat' dir='ltr'>ceno-</span> 
     </span>
    </p>
   </div>
   <div class='ocr_carea' id='block_1_117' title="bbox 1961 5245 3610 5338">
    <p class='ocr_par' dir='ltr' id='par_1_117' title="bbox 1961 5245 3610 5338">
     <span class='ocr_line' id='line_1_118' title="bbox 1961 5245 3610 5338; baseline -0.014 -14"><span class='ocrx_word' id='word_1_824' title='bbox 1961 5245 2733 5338; x_wconf 40' lang='lat' dir='ltr'>taphia-sepulcrorumque</span> <span class='ocrx_word' id='word_1_825' title='bbox 2789 5253 3109 5314; x_wconf 89' lang='lat' dir='ltr'>simulacra</span> <span class='ocrx_word' id='word_1_826' title='bbox 3165 5257 3223 5308; x_wconf 90' lang='lat' dir='ltr'>et</span> <span class='ocrx_word' id='word_1_827' title='bbox 3270 5248 3486 5320; x_wconf 90' lang='lat' dir='ltr'>templa</span> <span class='ocrx_word' id='word_1_828' title='bbox 3535 5245 3610 5302; x_wconf 87' lang='lat' dir='ltr'>ad</span> 
     </span>
    </p>
   </div>
   <div class='ocr_carea' id='block_1_118' title="bbox 1964 5344 3608 5428">
    <p class='ocr_par' dir='ltr' id='par_1_118' title="bbox 1964 5344 3608 5428">
     <span class='ocr_line' id='line_1_119' title="bbox 1964 5344 3608 5428; baseline -0.014 -14"><span class='ocrx_word' id='word_1_829' title='bbox 1964 5356 2073 5413; x_wconf 89' lang='lat' dir='ltr'>hoc</span> <span class='ocrx_word' id='word_1_830' title='bbox 2127 5371 2312 5428; x_wconf 88' lang='lat' dir='ltr'>usque</span> <span class='ocrx_word' id='word_1_831' title='bbox 2359 5359 2591 5424; x_wconf 87' lang='lat' dir='ltr'>tempus</span> <span class='ocrx_word' id='word_1_832' title='bbox 2637 5351 3109 5407; x_wconf 81' lang='lat' dir='ltr'>construxerunt.</span> <span class='ocrx_word' id='word_1_833' title='bbox 3161 5344 3413 5408; x_wconf 86' lang='lat' dir='ltr'>Quorum</span> <span class='ocrx_word' id='word_1_834' title='bbox 3457 5353 3608 5393; x_wconf 88' lang='lat' dir='ltr'>unus</span> 
     </span>
    </p>
   </div>
   <div class='ocr_carea' id='block_1_119' title="bbox 1963 5482 3610 5560">
    <p class='ocr_par' dir='ltr' id='par_1_119' title="bbox 1963 5482 3610 5560">
     <span class='ocr_line' id='line_1_120' title="bbox 1963 5482 3610 5560; baseline -0.01 -4"><span class='ocrx_word' id='word_1_835' title='bbox 1963 5504 2093 5555; x_wconf 89' lang='lat' dir='ltr'>tuas</span> <span class='ocrx_word' id='word_1_836' title='bbox 2125 5506 2180 5555; x_wconf 87' lang='lat' dir='ltr'>et</span> <span class='ocrx_word' id='word_1_837' title='bbox 2210 5497 2540 5555; x_wconf 87' lang='lat' dir='ltr'>sacerdotes</span> <span class='ocrx_word' id='word_1_838' title='bbox 2571 5491 2847 5560; x_wconf 86' lang='lat' dir='ltr'>instituit,</span> <span class='ocrx_word' id='word_1_839' title='bbox 2883 5490 3112 5546; x_wconf 88' lang='lat' dir='ltr'>stellam</span> <span class='ocrx_word' id='word_1_840' title='bbox 3147 5503 3208 5543; x_wconf 88' lang='lat' dir='ltr'>se</span> <span class='ocrx_word' id='word_1_841' title='bbox 3238 5488 3366 5555; x_wconf 82' lang='lat' dir='ltr'>ejus</span> <span class='ocrx_word' id='word_1_842' title='bbox 3393 5482 3610 5539; x_wconf 86' lang='lat' dir='ltr'>vidisse</span> 
     </span>
    </p>
   </div>
   <div class='ocr_carea' id='block_1_120' title="bbox 1966 5561 3610 5628">
    <p class='ocr_par' dir='ltr' id='par_1_120' title="bbox 1966 5561 3610 5628">
     <span class='ocr_line' id='line_1_121' title="bbox 1966 5561 3610 5628; baseline -0.01 0"><span class='ocrx_word' id='word_1_843' title='bbox 1966 5588 2330 5628; x_wconf 83' lang='lat' dir='ltr'>asseverans.</span> <span class='ocrx_word' id='word_1_844' title='bbox 2355 5569 2519 5626; x_wconf 84' lang='lat' dir='ltr'>Dion.</span> <span class='ocrx_word' id='word_1_845' title='bbox 2541 5566 2858 5622; x_wconf 88' lang='lat' dir='ltr'>Antinoum</span> <span class='ocrx_word' id='word_1_846' title='bbox 2876 5561 3414 5627; x_wconf 78' lang='lat' dir='ltr'>istum,secundnm</span> <span class='ocrx_word' id='word_1_847' title='bbox 3439 5574 3610 5627; x_wconf 87' lang='lat' dir='ltr'>quos-</span> 
     </span>
    </p>
   </div>
   <div class='ocr_carea' id='block_1_121' title="bbox 1967 5628 3608 5713">
    <p class='ocr_par' dir='ltr' id='par_1_121' title="bbox 1967 5628 3608 5713">
     <span class='ocr_line' id='line_1_122' title="bbox 1967 5628 3608 5713; baseline -0.011 -13"><span class='ocrx_word' id='word_1_848' title='bbox 1967 5645 2103 5700; x_wconf 87' lang='lat' dir='ltr'>dam</span> <span class='ocrx_word' id='word_1_849' title='bbox 2136 5650 2425 5713; x_wconf 88' lang='lat' dir='ltr'>auctores,</span> <span class='ocrx_word' id='word_1_850' title='bbox 2456 5638 2752 5698; x_wconf 84' lang='lat' dir='ltr'>Adrianus</span> <span class='ocrx_word' id='word_1_851' title='bbox 2781 5638 2843 5696; x_wconf 88' lang='lat' dir='ltr'>in</span> <span class='ocrx_word' id='word_1_852' title='bbox 2871 5635 3115 5708; x_wconf 85' lang='lat' dir='ltr'>magicis</span> <span class='ocrx_word' id='word_1_853' title='bbox 3136 5631 3320 5690; x_wconf 88' lang='lat' dir='ltr'>sacris</span> <span class='ocrx_word' id='word_1_854' title='bbox 3339 5631 3451 5686; x_wconf 82' lang='lat' dir='ltr'>diis</span> <span class='ocrx_word' id='word_1_855' title='bbox 3482 5628 3608 5684; x_wconf 86' lang='lat' dir='ltr'>suis</span> 
     </span>
    </p>
   </div>
   <div class='ocr_carea' id='block_1_122' title="bbox 1968 5716 2237 5774">
    <p class='ocr_par' dir='ltr' id='par_1_122' title="bbox 1968 5716 2237 5774">
     <span class='ocr_line' id='line_1_123' title="bbox 1968 5716 2237 5774; baseline 0 0"><span class='ocrx_word' id='word_1_856' title='bbox 1968 5716 2237 5774; x_wconf 84' lang='lat' dir='ltr'>sacravit.</span> 
     </span>
    </p>
   </div>
  </div>
