4016 6206
414 367 524 427 951

1711 351 2136 418 NIGEPHORI
2181 350 2532 412 CALLISTI

3705 331 3820 395 939.

414 503 592 557 etiam
625 505 715 556 est
751 497 1060 565 Antinous,
1093 497 1264 568 cujus
1295 499 1435 552 sunt
1466 493 1588 550 ludi
1621 491 1913 564 agonales,
1944 493 2061 545 An-

2196 487 2419 558 ιγωγῆς,
2451 481 2544 538 καὶ
2598 485 2698 536 τοῦ
2753 479 2888 553 ὒπὶρ
2945 479 3045 547 τῆς
3087 472 3416 545 Ἐκκλησίας
3477 469 3678 540 ζήλου,
3735 465 3822 521 καὶ

417 589 584 644 tinoii
637 589 794 658 dicti,
838 593 895 643 et
941 591 1110 642 aetate
1159 584 1360 642 nostra
1411 583 1545 641 acti.
1595 582 1804 638 Urbem
1849 579 2060 651 quippe

419 677 824 750 cognominem
876 676 926 731 ei
977 675 1270 732 Adrianus
1301 675 1576 731 condidit.
1613 694 1637 724 ι
1678 669 2061 742 Temporibus

421 783 653 838 quoque
681 767 787 834 eis,
819 765 940 836 pari
974 781 1109 820 cum
1141 764 1213 820 iis
1254 781 1402 836 quos
1448 763 1699 818 diximus
1729 761 1857 816 vita:
1887 757 2064 813 insli-

418 862 562 925 tuto,
595 855 831 928 parique
879 856 939 911 in
989 855 1291 912 ecclesiam
1333 855 1557 924 ardore,
1599 849 1905 908 Sardensis
1936 847 2064 920 epi-

421 961 627 1016 scopus
677 943 870 1000 Melito
915 945 1072 1000 fuit:
1124 959 1301 1015 quem
1341 943 1482 998 satis
1533 948 1688 1014 patet
1731 957 1798 996 ea
1831 951 2062 1010 quoque

429 1039 594 1089 aetate
624 1034 905 1101 ﬂoruisse,
939 1033 1158 1088 Iudicat
1204 1033 1262 1088 id
1305 1031 1562 1088 defensio
1590 1030 1716 1100 ejus
1747 1043 1926 1100 quam
1961 1041 2062 1098 pro

2169 557 2420 628 Μελίτων
2469 577 2573 640 τῆς
2621 569 2674 624 ὲν
2731 565 2990 642 Σάρδεσιν
3039 563 3331 634 ἐκκλησίας
3392 559 3694 620 ἐπίσκοπος
3741 557 3822 624 ἦν.

2171 659 2350 732 Δῆλον
2385 657 2428 714 δ’
2465 659 2624 720 αὐτὸς
2666 658 2856 712 ἑαυτὸν
2905 655 3192 725 καθίστησι
3238 655 3354 708 κατ’
3385 650 3543 705 αὐτόν
3587 663 3648 722 γε
3697 649 3822 701 τοῦ-

2169 772 2262 806 τον
2297 750 2614 822 ἐνακμάζων
2647 748 2738 803 τὸν
2773 745 2976 822 χρόνον
3007 743 3067 799 ἒκ
3111 751 3211 814 τῆς
3261 742 3398 816 πρὸς
3427 739 3645 813 Οὗῆρον
3701 737 3825 790 ἄπο-

2172 838 2366 915 λογίας
2401 839 2534 912 ὑπὲρ
2564 841 2660 892 τοῦ
2690 837 2810 891 καθ’
2839 839 2989 908 ἡμᾶς
3023 831 3296 909 δόγματος
3319 851 3332 864 ·
3457 827 3822 915 λαμπροτάτη

2175 913 2327 998 οὖσα,
2361 929 2448 982 καὶ
2499 926 2796 1002 χρησίμως
2854 925 3004 999 μάλα
3049 921 3284 993 διέξεισι,
3343 924 3422 992 τῷ
3483 916 3688 986 ἀστείῳ
3741 913 3822 967 καὶ

2171 1021 2381 1088 πιθανῷ
2409 1018 2500 1072 τὸν
2536 1015 2885 1090 ἀκροώμενον
2919 1010 3189 1090 ἄγχουσα.

423 1124 754 1180 Christiano
785 1126 1061 1196 dogmate
1089 1124 1160 1179 ad
1193 1122 1406 1179 Verum
1436 1121 1691 1192 scripsit,
1736 1117 2093 1176 luculentam
2142 1111 2456 1168 admodum
2512 1113 2569 1164 et
2617 1109 2844 1176 utilem,
2894 1105 3170 1162 orationis
3219 1101 3552 1162 urbanitate
3603 1103 3660 1155 et
3706 1114 3824 1172 per-

424 1215 704 1270 suadendi
733 1215 943 1270 virtute
975 1213 1298 1270 auditorem
1329 1213 1578 1268 maxime
1609 1226 1844 1268 movens
1874 1213 2050 1277 atque
2074 1201 2358 1260 afﬁciens.

901 1321 1050 1378 201
1095 1321 1328 1377 CAPUT
1367 1319 1591 1376 XXVII.

431 1413 493 1470 Ut
524 1411 802 1467 Adrianus
848 1411 1023 1466 edicto
1060 1426 1158 1482 pro
1191 1410 1522 1465 Christiani:
1549 1409 1769 1482 publica
1795 1407 2068 1479 proposito

499 1487 751 1564 vetuerit,
785 1500 852 1540 ne
883 1485 944 1538 in
971 1481 1094 1552 nos,
1123 1481 1342 1539 indicta
1370 1491 1420 1537 et
1460 1497 1570 1538 non
1601 1481 1847 1536 indicata
1875 1494 2067 1545 causa,

497 1561 810 1612 saeviretur.

499 1659 782 1715 Memoria;
859 1659 1156 1714 mandavit
1236 1657 1708 1729 sapientissimus
1781 1654 2067 1722 Justinus,

427 1747 747 1803 Adrianum
782 1763 882 1816 pro
913 1746 1258 1804 Christianis
1277 1747 1504 1804 litteras
1528 1765 1558 1803 a
1581 1747 1875 1804 Graniano
1899 1745 2070 1800 Sere-

2788 1307 3045 1360 ΚΕΦΔΛ.
3095 1305 3192 1357 KZ'
3205 1345 3218 1360 .

2177 1396 2274 1468 Ὧς
2334 1391 2680 1468 ’Δδριανὸς
2739 1390 3108 1468 ἐπιστολὴν
3182 1390 3351 1468 ὑπὲρ
3403 1389 3826 1468 Χριστιανῶν

2251 1458 2520 1540 ἔπεμπε,
2555 1463 2723 1520 ὥστε
2765 1466 2850 1539 μὴ
2891 1458 3180 1538 ἀκρίτως
3217 1458 3394 1534 ἡμᾶς
3433 1458 3762 1514 ἐλαύνειν.

2250 1647 2476 1720 Ἱστορεῖ
2507 1667 2569 1720 γε
2613 1648 2721 1719 μὴν
2764 1647 2792 1700 ὁ
2837 1646 3148 1721 σοφώτατος
3179 1645 3474 1704 Ἰουστῖνος
3521 1642 3662 1714 ὑπὲρ
3711 1647 3830 1715 Χρι-

2179 1741 2410 1791 στιανῶν
2463 1737 2766 1810 γράμματα
2817 1733 3102 1807 δεξάμενον
3149 1734 3243 1788 τὸν
3291 1729 3600 1807 Ἀδριανὸν,
3635 1730 3715 1792 ὡς
3765 1731 3834 1801 μὴ

433 1838 528 1891 nio
582 1836 649 1890 ad
706 1853 767 1890 se
815 1840 1060 1907 scriptas
1110 1837 1447 1908 accepisse:
1505 1835 1880 1908 periniquum
1928 1850 2076 1904 esse,

2196 1825 2395 1883 δίκαιον
2447 1827 2578 1880 εἶναι
2641 1825 2746 1900 βοῇ
2797 1822 2980 1898 δήμου
3031 1821 3449 1898 χαριζομένους,
3491 1818 3578 1874 ἔπ’
3612 1817 3836 1890 οὐδεμιᾷ

433 1925 587 1996 quod
620 1923 706 1978 illi
738 1925 1130 1980 vociferationi
1161 1924 1360 1997 populi
1393 1925 1769 1989 donarentur,
1801 1922 2077 1993 nulloque

427 2015 590 2084 justo
623 2019 900 2084 praetextu
933 2014 1152 2068 indicta
1191 2029 1369 2068 causa
1417 2019 1780 2069 necarentur.
1815 2013 2079 2083 Quapro-

436 2107 561 2174 pter
608 2102 948 2172 rescriptum
1001 2100 1048 2156 is
1097 2102 1169 2156 ad
1220 2101 1518 2157 Minitium
1563 2101 1904 2156 Fundanum
1934 2100 2078 2155 Asiae

439 2190 846 2263 proconsulem
899 2188 1144 2255 miserit,
1195 2191 1490 2246 neminem
1536 2191 1606 2246 de
1653 2195 1857 2248 caetero
1897 2189 2078 2247 occidi

430 2281 670 2351 jubens,
703 2279 814 2334 nisi
856 2278 1115 2350 legitima
1159 2279 1440 2350 justeque
1489 2281 1875 2351 praecessisset
1907 2295 2082 2336 accu-

440 2369 606 2426 satio.
651 2369 1138 2439 Rescriptumquc
1181 2367 1238 2422 id
1271 2368 1329 2422 in
1363 2368 1574 2424 librum
1609 2384 1778 2424 suum
1811 2370 1880 2424 de
1911 2369 2082 2424 verbo

439 2461 509 2514 ad
547 2459 788 2514 verbum
825 2457 1042 2525 retulit,
1075 2456 1196 2511 haec
1223 2458 1494 2528 praefatus
1526 2475 1539 2512 :
1570 2479 1597 2508 ι‹
1629 2458 1948 2514 Possumus
1981 2459 2086 2513 hoc

439 2567 474 2604 a
503 2549 665 2603 vobis
696 2564 764 2602 ex
797 2547 1085 2617 rescripto
1117 2546 1356 2602 maximi
1387 2553 1442 2602 et
1478 2546 1865 2604 illustrissimi
1895 2548 2084 2604 Cresa-

445 2639 529 2692 ris
561 2635 796 2691 Adriani
831 2636 1014 2704 patris
1047 2635 1240 2701 vestri,
1289 2636 1388 2704 qui
1421 2637 1502 2690 ita
1543 2644 1602 2691 ut
1635 2653 1736 2708 per
1763 2637 2088 2710 supplicem

437 2724 710 2782 libellum
747 2725 1106 2796 rogavimus,
1125 2724 1346 2792 judicia
1375 2726 1831 2796 exercerijussil,
1858 2733 2046 2796 petere
2075 2755 2088 2794 ε

437 2814 616 2884 idque
649 2830 766 2868 non
827 2820 940 2866 tam
995 2813 1150 2883 quod
1203 2812 1274 2866 ab
1323 2813 1578 2870 Adriano
1609 2819 1948 2872 mandatum
1989 2817 2086 2884 sit,

439 2919 620 2974 quam
655 2904 804 2972 quod
835 2903 1056 2971 justam
1089 2918 1216 2958 esse
1259 2902 1596 2973 petitionem
1646 2911 1901 2960 nostram
1935 2907 2092 2961 scia-

442 3008 604 3046 mus.
656 2991 1032 3059 Subjecimus
1081 2996 1270 3046 autem
1324 2990 1580 3062 epistola:
1619 2993 1854 3049 Adriani
1887 3011 2088 3050 exem-

439 3079 623 3152 plum,
685 3089 744 3133 ut
797 3078 906 3133 hac
976 3095 1208 3149 quoque
1279 3084 1464 3148 parte,
1524 3083 1759 3135 veritate
1825 3098 1930 3137 nos
1985 3082 2091 3138 niti

2185 1916 2452 1995 προφάσει
2502 1913 2738 1984 ἂκρίτως
2787 1913 3014 1969 κτείνειν
3060 1912 3278 1974 αὐτούς.
3315 1910 3608 1984 Γρανιανὸς
3647 1907 3708 1964 δὲ
3755 1914 3838 1962 Σε-

2185 2006 2384 2082 ρὲννιος
2417 2007 2444 2060 ὁ
2490 2008 2560 2062 τὰ
2603 2005 2907 2082 γράμματα
2966 2001 3415 2078 διαπεμψάμενος
3455 2002 3551 2070 ἦν,
3585 1999 3838 2073 ἀντιγρά-

2187 2099 2282 2170 ψαι
2333 2095 2570 2170 Καίσαρα
2615 2093 2897 2167 Μινουκίῳ
2943 2090 3238 2165 Φουνδάνῳ
3291 2099 3390 2162 τῆς
3435 2091 3625 2152 Ἀσίας
3693 2089 3836 2144 ἀνθο-

2186 2190 2502 2252 πατεύοντι,
2557 2181 2765 2258 μηδένα
2825 2182 3054 2239 κτείνειν
3113 2180 3563 2258 ἐγκελευόμενον,
3615 2178 3836 2250 εὐλόγου

2195 2277 2271 2349 μὴ
2325 2273 2750 2349 προηγουμένης
2801 2274 3153 2348 κατηγορίας.
3187 2270 3291 2326 Καὶ
3341 2271 3512 2338 αὐτὴν
3559 2267 3609 2324 δ’
3639 2267 3838 2336 ἐκείνην

2188 2367 2287 2434 τῆν
2317 2361 2636 2432 ἓπιστολην,
2671 2363 2744 2424 ὡς
2789 2362 2904 2437 εἶχε
2961 2360 3179 2432 λέξεως,
3211 2361 3549 2435 προστίθησι
3595 2361 3678 2429 τῷ
3726 2377 3841 2429 συγ-

2187 2455 2496 2528 γράμματι,
2530 2455 2699 2506 ταῦτα
2735 2450 3025 2526 προλέγων
3056 2451 3244 2512 αὐτοῖς
3267 2469 3279 2481 ⁸
3315 2473 3344 2501 ι(
3377 2449 3488 2504 Καὶ
3537 2447 3591 2518 ἐξ
3633 2447 3844 2501 ἐπιστο-

2193 2543 2296 2612 λῆς
2349 2539 2407 2597 δὲ
2451 2542 2620 2598 ταῦτα
2669 2545 2766 2596 τοῦ
2815 2540 3072 2616 μεγίστου
3119 2539 3209 2594 καὶ
3263 2538 3694 2618 ἐπιφανεστάτου
3725 2535 3848 2589 Kai-

2195 2652 2357 2705 σαρος
2389 2628 2680 2704 ’Δδριανοῦ
2719 2633 2817 2684 τοῦ
2863 2627 3068 2704 πατρὸς
3122 2629 3274 2702 ὑμῶν
3325 2623 3546 2702 ἔχοντες
3599 2624 3846 2680 ἀπαιτεῖν

2199 2723 2374 2794 ὑμᾶς·
2408 2720 2546 2775 καθᾶ
2598 2719 2910 2791 ἠξιώσαμεν
2967 2715 3220 2774 κελεῦσαι
3275 2717 3371 2778 τὰς
3429 2715 3640 2790 κρίσεις
3697 2713 3846 2788 γενὲ-

2195 2812 2340 2882 σθαι,
2369 2813 2529 2864 τοῦτο
2563 2808 2667 2884 οὐχ
2697 2809 2770 2870 ὡς
2825 2809 2927 2863 ὑπο
2958 2805 3244 2880 Ἀδριανοῦ
3291 2805 3580 2862 κελευσθὶν
3635 2801 3845 2877 μᾶλλον

2196 2900 2546 2972 ἠξιώσαμεν·
2607 2897 2736 2952 ἀλλ’
2765 2895 2825 2952 ἒκ
2881 2901 2977 2952 τοῦ
3035 2896 3346 2952 ἐπίστασθαι
3405 2893 3616 2950 δικαίαν
3669 2895 3846 2966 ἀξιῶν

2197 2990 2296 3058 τὴν
2345 2988 2754 3062 προσφώνησιν.
2803 2985 3162 3058 Ὑπετάξαμεν
3209 2982 3267 3040 δὲ
3327 2983 3416 3040 καὶ
3473 2989 3579 3052 τῆς
3633 2983 3848 3038 ἐπιστο-

2202 3076 2305 3144 λῆς
2338 3072 2623 3149 Ἀδριανοῦ
2653 3075 2716 3129 τὸ
2747 3074 3055 3146 ἀντίτυπον,
3081 3072 3170 3129 ’ίνα
3199 3074 3296 3128 κάν
3341 3073 3521 3144 τούτῳ
3559 3071 3848 3140 ἆληθεῦειν

439 3169 831 3240 cognoscatis.
867 3169 1004 3232 Quae
1052 3167 1297 3238 epistola
1336 3185 1404 3222 ex
1443 3167 1700 3224 Romana
1727 3171 1786 3226 iu
1827 3170 2080 3228 Grmcam

2198 3169 2346 3239 ἡμᾶς
2404 3163 2728 3239 γνωρίζητε.
2763 3163 2862 3218 Καὶ
2923 3165 3059 3233 αὕτη
3119 3161 3178 3218 ἒκ
3231 3163 3554 3233 Ῥωμαϊκῆς
3615 3161 3694 3223 εἷς
3749 3161 3846 3226 τήν

441 3258 703 3328 linguam
735 3257 1044 3323 translata,
1073 3256 1223 3310 hanc
1253 3256 1659 3328 complectitur
1690 3262 2040 3316 sententiam
2067 3277 2083 3318 :

440 3346 734 3403 Adrianus
798 3345 988 3401 Caesar
1053 3343 1294 3400 Minutio
1369 3345 1671 3403 Fundano.
1741 3349 1986 3404 Litteras
2050 3368 2084 3407 a

439 3437 674 3492 Serenio
723 3433 1038 3500 Graniano,
1085 3434 1203 3489 viro
1255 3434 1603 3505 clarissimo,
1643 3436 1732 3492 cui
1765 3443 1825 3493 tu
1857 3439 1915 3493 in
1948 3457 2084 3512 pro-

440 3525 630 3580 vincia
689 3524 1046 3590 successisti,
1105 3524 1456 3594 accepimus.
1515 3525 1867 3597 Inquirenda
1917 3529 2083 3584 nobis

439 3632 529 3670 res
583 3630 822 3685 prorsus
873 3628 997 3668 esse
1043 3613 1288 3682 videtur,
1333 3629 1404 3668 ne
1435 3614 1702 3671 homines
1747 3615 2086 3674 innocentes

440 3707 873 3774 opprimantur,
923 3717 1064 3758 neve
1105 3701 1632 3759 calumniatoribus
1663 3705 1889 3762 occasio
1920 3723 2082 3778 gras-

439 3795 608 3852 sandi
661 3791 998 3863 prazbeatur.
1050 3794 1212 3857 Quod
1261 3793 1306 3847 si
1357 3794 1737 3864 provinciales
1776 3798 1859 3851 tui
1891 3814 2082 3867 perse-

439 3882 706 3938 cutiones
737 3883 1018 3937 adversus
1049 3881 1407 3938 Christianos
1457 3900 1591 3938 suas
1645 3901 1913 3956 processu
1949 3888 2085 3960 legi-

438 3975 582 4027 timo
639 3988 741 4044 pro
793 3971 1072 4026 tribunali
1122 3973 1364 4043 probare
1413 3982 1682 4044 possunt,
1736 3992 1912 4030 unam
1955 3993 2086 4033 eam

441 4066 760 4131 sequantur
808 4061 985 4128 viam,
1047 4077 1238 4132 neque
1286 4061 1427 4118 solis
1479 4063 1863 4132 petitionibus
1912 4071 2087 4138 atque

441 4147 951 4203 vociferationibus
984 4153 1241 4204 utantur.
1281 4149 1347 4204 ιιι
1373 4149 1574 4218 primis
1607 4151 1764 4208 enim
1798 4154 2085 4220 convenit,

441 4237 489 4290 si
523 4236 620 4306 qui
669 4237 742 4292 ad
791 4238 1178 4292 accusandum
1228 4239 1500 4294 accedere
1530 4240 1729 4308 velint,
1773 4249 1824 4296 te
1853 4258 2087 4300 causam

441 4325 696 4396 legitime
740 4342 1102 4397 cognoscere.
1147 4327 1344 4398 Itaque
1389 4329 1438 4383 si
1490 4329 1622 4399 quis
1667 4346 1765 4386 eos
1794 4330 2082 4400 detulerit,

440 4423 616 4486 atque
663 4414 983 4483 probaverit
1029 4421 1234 4471 contra
1285 4415 1442 4488 leges
1488 4419 1804 4490 quidquam
1837 4423 2088 4478 commi-

441 4505 607 4572 Blsﬂe,
642 4511 698 4559 lu
725 4519 829 4574 pro
861 4503 1054 4558 delicti
1089 4503 1368 4576 qualitate
1399 4505 1477 4562 ita
1508 4507 1858 4564 sententiam
1891 4511 2088 4566 adver-

2195 3251 2534 3322 Ἑλληνικὴν
2593 3249 2816 3325 δύναμιν
2895 3251 3342 3330 μεταληφθεῖσα·
3389 3247 3672 3324 ’Δδριανὸς
3721 3253 3852 3303 Καῖ-

2197 3363 2297 3417 σαρ
2328 3341 2612 3415 Μινουκίῳ
2665 3339 2960 3415 Φουνδάνῳ
2985 3363 2998 3376 ·
3051 3340 3346 3412 ἐπιστολήν
3381 3338 3678 3413 ἐνδεξὰμην
3707 3359 3850 3416 γρα-

2197 3433 2380 3511 φεῖσαν
2443 3453 2536 3504 μοι
2585 3432 2689 3486 ἀπὸ
2757 3431 3035 3506 Σερεννίου
3102 3434 3395 3506 Γρανιανοῦ
3455 3429 3851 3504 λαμπροτάτου

2197 3519 2414 3596 ἀνδρὸς,
2447 3521 2630 3576 ὅντινα
2673 3523 2734 3576 σὺ
2786 3519 3024 3595 διεδέξω.
3049 3521 3122 3577 Οὐ
3173 3519 3327 3576 δοκεῖ
3359 3541 3454 3592 μοι
3487 3518 3580 3574 οὖν
3613 3521 3676 3574 τὸ
3713 3523 3848 3594 πρᾶ-

2192 3632 2308 3688 γμα
2337 3612 2608 3682 ἀζήτητον
2640 3611 2986 3683 καταλιπεῖν,
3012 3609 3105 3666 ’ίνα
3137 3613 3278 3682 μήτε
3325 3611 3378 3664 οἳ
3425 3607 3712 3683 ἄνθρωποι
3755 3629 3844 3662 τα-

2197 3701 2519 3778 ράττωνται,
2577 3700 2667 3755 καὶ
2724 3706 2839 3762 τοῖς
2893 3701 3248 3777 συκοφάνταις
3306 3697 3552 3774 χορηγία
3609 3717 3846 3772 κακουρ-

2194 3789 2310 3866 γίας
2347 3791 2423 3862 μὴ
2457 3789 2802 3867 παρασχεθῇ.
2836 3788 2900 3845 Εἰ
2947 3792 3076 3864 γοῦν
3121 3793 3306 3866 σαφῶς
3358 3788 3436 3848 είς
3485 3787 3692 3856 ratith
3751 3788 3846 3855 τὴν

2197 3877 2414 3949 ἀξίωσιν
2451 3879 2501 3932 οἱ
2532 3878 2872 3952 ἑπαρχιῶται
2924 3875 3172 3934 δύνανται
3227 3874 3664 3951 διισχυρίζεσθαι
3715 3877 3850 3930 κατᾶ

2194 3972 2301 4022 τῶν
2337 3971 2699 4042 Χριστιανῶν,
2731 3968 2805 4028 ὡς
2847 3968 2936 4022 καὶ
2975 3967 3081 4042 πρὸ
3133 3967 3383 4042 βήματος
3431 3965 3850 4040 ἀποκρίνασθαι,

2196 4055 2282 4112 ἒπὶ
2332 4062 2492 4114 τοῦτο
2537 4057 2700 4130 μόνον
2747 4062 3050 4132 τραπῶσιν,
3083 4056 3210 4113 ἀλλ’
3239 4055 3346 4112 οὒκ
3385 4056 3699 4130 ἆξιώσεσιν,
3733 4053 3856 4110 οὐδὲ

2199 4147 2363 4220 μόνον
2421 4149 2612 4222 βοαῖς*
2662 4146 2860 4220 πολλῷ
2905 4147 3008 4222 γὰρ
3061 4145 3274 4220 μᾶλλον
3326 4153 3629 4221 προσῆκεν,
3677 4146 3727 4201 εἰ
3775 4165 3853 4206 τις

2195 4241 2526 4310 κατηγορεῖν
2576 4235 2862 4310 βούλοιτο,
2909 4236 3068 4292 τοῦτό
3115 4257 3172 4291 σε
3216 4233 3616 4312 διαγινώσκειν.
3652 4233 3732 4292 Εἴ
3777 4256 3856 4298 τις

2195 4323 2288 4380 οὖν
2344 4329 2638 4400 κατηγορεῖ
2687 4326 2777 4381 καὶ
2837 4323 3073 4381 δείκνυσί
3129 4347 3184 4380 τι
3239 4325 3386 4400 παρὰ
3431 4327 3564 4386 τοὺς
3639 4323 3852 4398 νόμους

2192 4413 2552 4488 πράττοντας,
2611 4413 2784 4480 οὕτως
2845 4415 2995 4487 δριζε
3067 4416 3203 4470 κατὰ
3270 4415 3372 4484 τήν
3452 4411 3692 4488 δύναμιν
3761 4416 3858 4470 τοῦ

2192 4503 2592 4577 ἁμαρτήματος
2619 4523 2632 4536 ⁸
2685 4504 2760 4568 ὡς
2811 4503 2887 4578 μὲ
2935 4505 3026 4559 τὸν
3057 4503 3330 4579 Ἠρακλὲα
3379 4501 3434 4560 εἴ
3465 4525 3550 4566 τις
3583 4507 3858 4583 abnegav-

440 4609 542 4648 sus
575 4607 672 4648 eos
703 4591 870 4659 feres,
906 4597 971 4646 ut
1013 4591 1365 4662 mehercule,
1418 4595 1520 4664 qui
1569 4593 1877 4652 calumnias
1907 4614 2080 4654 causa

2233 4561 2243 4576 .
2311 4561 2320 4576 .
2399 4561 2433 4577 ..
2579 4561 2590 4566 -
2746 4561 2757 4568 .
2811 4561 2822 4578 .
3129 4561 3140 4579 ,
3535 4561 3549 4566 -
3743 4563 3754 4583 ,

2196 4591 2310 4654 vix;
2369 4594 2530 4666 χάριν
2586 4597 2746 4648 τοῦτο
2813 4595 3104 4668 προτείνει,
3163 4587 3502 4667 διαλαμϐανε
3567 4592 3712 4668 ὑπὲρ
3759 4597 3858 4661 τῆς

439 4682 659 4737 crimen
691 4681 962 4753 cuiquam
1009 4681 1329 4738 intendisse
1378 4690 1709 4754 compertus
1751 4685 1944 4754 fuerit,
1975 4704 2080 4760 pro

443 4770 708 4828 rnaleﬁcii
737 4773 1018 4842 gravitate
1051 4772 1108 4826 in
1136 4785 1268 4827 eum
1301 4769 1488 4828 modis
1519 4773 1795 4828 omnibus
1825 4775 2082 4831 animad-

441 4866 714 4918 vertas.»
766 4860 1134 4934 Rescriptum
1183 4861 1420 4919 Adriani
1469 4879 1573 4935 pro
1623 4863 1794 4922 nobis
1833 4864 2080 4935 editum,

441 4953 554 5007 tale
585 4953 715 5008 fuit.

906 5059 1058 5115 20$
1099 5058 1321 5114 CAPUT
1361 5057 1618 5115 XXVIII.

439 5147 1104 5232 Distinguam-Adriani
1147 5149 1451 5232 ᾼηιοιιίηο,
1502 5153 1638 5232 utet
1667 5151 1782 5218 ipse
1812 5153 2084 5232 premitis

511 5221 575 5276 in
601 5222 728 5274 Asia
755 5221 874 5274 suis
901 5221 1199 5289 scripserit,
1250 5225 1302 5276 et
1342 5221 1771 5291 persecutionem
1803 5221 2086 5278 Christia-

509 5308 709 5346 norum
732 5291 1095 5364 prohibuerit.

514 5395 824 5469 Postquam
873 5415 1006 5454 vero
1055 5397 1104 5454 is
1155 5415 1272 5453 uno
1317 5403 1373 5453 et
1403 5397 1605 5470 viginti
1638 5400 1810 5455 annis
1841 5401 2082 5472 imperio

444 5488 846 5544 administralo
881 5492 1097 5542 natura:
1130 5486 1388 5542 debitum
1424 5489 1719 5559 persolvit,
1755 5493 2085 5546 Antoninus

446 5578 581 5632 l’ius
612 5576 661 5630 ci
693 5581 974 5634 successit
1007 5593 1019 5631 :
1057 5575 1128 5631 ad
1169 5591 1340 5647 quem
1372 5583 1429 5631 et
1461 5579 1530 5632 ad
1565 5583 1834 5632 senatum
1870 5578 2084 5634 Itoma-

445 5683 583 5725 num
616 5665 880 5726 Justinus
909 5671 1289 5724 memoratam
1324 5666 1689 5738 Apologiam,
1721 5665 2084 5727 Christianos

2155 4681 2536 4752 ·δεινότητος·
2595 4683 2686 4736 καὶ
2743 4677 2992 4761 φρὸντιζε
3059 4681 3250 4752 οὕτως,
3295 4684 3446 4744 ὅπως
3505 4681 3568 4736 ἂν
3629 4681 3856 4751 ἐκδική-

2194 4791 2360 4832 σειας.
2399 4794 2424 4822 ιι
2465 4771 2563 4826 Καὶ
2615 4771 2680 4827 τὰ
2715 4771 2810 4844 μὶν
2867 4779 2966 4840 τῆς
3021 4772 3154 4844 ὑπὲρ
3183 4773 3344 4844 ἡμῶν
3375 4777 3590 4847 γραφῆς
3625 4769 3860 4846 Ἀδρια-

2193 4863 2295 4914 νοῦ
2327 4863 2570 4919 τοιαῦτα.

2801 5075 3053 5126 ΚΕΦΔΛ.
3099 5069 3224 5125 KH'.

2197 5160 2350 5233 Περὶ
2399 5164 2531 5233 ,τοῦ
2597 5161 2758 5233 μετ’Δ
2787 5155 3127 5233 Ἀδριανὸν
3166 5157 3596 5233 ’ᾼντωνίνοιῃμ
3625 5160 3716 5220 ὡς
3755 5155 3859 5213 καῖ

2265 5227 2462 5292 α’ὐτὸς
2507 5227 2685 5301 ,τοῖς
2741 5229 2804 5285 ἐν
2863 5227 3041 5301 ’Ᾱσίᾳ
3095 5227 3487 5300 ἐπέστελλε,
3539 5231 3658 5286 τὸν
3719 5233 3858 5286 καθ’

2265 5304 2452 5374 ἡμῶν
2496 5300 2805 5377 διωγμὸν
2846 5300 3296 5360 ἀναστέλλων.

2269 5409 2420 5464 Ἐπεὶ
2480 5407 2526 5464 δ’
2570 5407 2770 5472 ἐκεῖνος
2825 5409 2958 5483 μετὰ
3013 5412 3233 5485 πρῶτον
3293 5411 3386 5464 καὶ
3447 5410 3704 5464 εἰκοστὸν
3761 5415 3854 5476 τῆς

2195 5499 2378 5576 ἀρχῆς
2427 5491 2546 5560 ἔτος
2607 5502 2669 5553 τὸ
2737 5499 2917 5573 χρεὼν
2969 5495 3405 5573 ἐλειτούργησεν,
3453 5503 3788 5558 Ἀντωνῖνος
3827 5497 3852 5548 ὁ

2158 5645 2162 5648 _
2199 5593 2350 5658 Πῖος,
2383 5587 2428 5658 ᾦ
2480 5587 2570 5642 καὶ
2629 5583 2874 5658 Εὐσεϐὴς
2914 5585 3203 5654 ἐπίκλησις
3257 5586 3344 5658 ἦν,
3387 5589 3495 5657 τήν
3545 5587 3850 5660 Ῥουμαέων

2196 5675 2378 5756 ἀρχὴν
2439 5675 2824 5746 ὑποζώννυται.
2875 5676 3020 5752 Πρὸς
3085 5677 3144 5732 ὃν
3199 5678 3301 5746 τήν
3354 5679 3778 5752 προειρημένην
3823 5675 3846 5727 ὁ
