4000 6220
190 375 318 439 953

1186 375 1799 437 ΕΟΟῐΕὸΙΛΞἸἿΟᾸΕ
1841 375 2234 439 HlSTORl/E
2275 376 2424 437 LIB.
2468 372 2577 433 ΙΙΙ.

3488 362 3608 423 9154

192 511 501 570 Ἰουστῖνος
538 508 628 563 καὶ
676 511 746 581 τῇ
792 505 1086 579 συγκλήτῳ
1131 508 1322 587 γράφει
1373 507 1669 582 ἀπολογίαν
1722 508 1854 582 ὑπὲρ

1974 511 2301 572 defendens,
2334 504 2696 576 conscripsit.
2721 506 2767 559 A
2794 518 2909 574 quo
2941 500 3059 565 ille,
3091 502 3147 555 et
3176 496 3456 587 βίαιοι-εὶ)
3478 493 3607 587 aliis

194 602 391 669 ἡμῶν.
445 600 558 674 Ὑφ’
605 599 670 665 ἧς
704 598 730 652 6
775 595 1030 670 βασιλεὺς
1078 597 1336 669 κινηθεὶς⁹
1388 598 1477 652 καὶ
1529 598 1613 674 ὑφ’
1661 598 1855 670 ἑτέρων

200 686 399 743 ἄλλων
448 686 722 742 πλείστων
768 682 1019 762 ἀδελφῶν
1079 692 1187 741 τῶν
1237 687 1324 741 ἐπὶ
1373 691 1476 752 τῆς
1524 687 1704 749 Ἀσίας
1756 687 1857 741 ὑπὸ

198 782 319 833 τῶν
349 775 668 853 ἐπιχωρίων
703 772 918 848 δήμων,
962 778 1257 848 σκώμμασι
1295 777 1383 831 καὶ
1419 771 1605 849 ὕϐρεσι
1658 773 1856 831 διατω·

201 870 523 944 θαζομίνων
556 869 630 928 ὡς
674 866 934 941 μάλιστα,
984 872 1063 940 τῷ
1108 871 1275 939 κοινῷ
1311 871 1409 932 τῆς
1456 867 1635 931 ’Δσίας
1681 864 1858 942 διεχά-

202 978 377 1032 ραττε
422 955 759 1033 γράμματα’
793 953 825 1011 ἃ
878 954 944 1026 δὴ
994 957 1083 1011 καὶ
1134 956 1289 1019 αὐτὰ,
1341 957 1416 1018 ὡς
1468 957 1588 1034 εἶχε
1637 955 1856 1028 λέξεως,

198 1051 275 1119 τῇ
338 1050 624 1125 συγγραφῇ
684 1048 1111 1120 παραθήσομαι·
1180 1071 1199 1095 υ
1238 1044 1606 1118 Αὐτοκράτωρ
1656 1050 1857 1118 Καῖσαρ

203 1136 433 1211 Μάρκος
490 1135 771 1211 Αὐρήλιος
829 1139 1146 1195 Ἀντωνῖνος
1203 1130 1497 1204 Σεϐαστὸς,
1546 1133 1856 1209 Ἀρμὲνοις,

202 1227 497 1301 ἀρχιερεὺς
559 1226 834 1299 μέγιστος,
894 1222 1251 1299 δημαρχικῆς
1314 1224 1559 1297 ἐξουσίας
1613 1224 1675 1278 τὸ
1723 1226 1862 1295 πὲμ-

203 1335 347 1370 πτον
393 1313 484 1368 καὶ
531 1314 593 1368 τὸ
653 1310 893 1381 δέκατον,
952 1312 1156 1375 ὕπατος
1201 1313 1264 1368 τὸ
1313 1312 1516 1387 τρίτον,
1568 1317 1648 1385 τῷ
1695 1315 1862 1383 κοινῷ

202 1410 312 1472 τῆς
344 1402 524 1464 Ἀσίας
556 1401 787 1478 χαίρειν.
831 1401 974 1478 Ἐγὼ
1018 1403 1113 1475 μὲν
1153 1401 1258 1457 οἷδ’
1298 1403 1378 1457 ὅτι
1421 1402 1510 1457 καὶ
1551 1406 1667 1463 τοῖς
1716 1403 1859 1463 Θεοῖς

206 1490 473 1565 ⁸ἔτιιμελὲς
529 1488 638 1546 ἔστι
696 1492 773 1563 μή
827 1490 1104 1546 λανθάνειν
1151 1493 1275 1555 τοὺς
1343 1491 1650 1553 τοιούτους.
1712 1490 1859 1545 Πολὺ

205 1582 314 1658 γάρ
361 1578 575 1654 μᾶλλον
618 1578 816 1635 ἐκεῖνοι
859 1578 1146 1636 κολάσαιεν
1189 1582 1248 1634 ἂν
1292 1581 1420 1643 τοὺς
1462 1582 1539 1653 μὴ
1594 1577 1864 1655 βουλομέ-

210 1692 343 1731 νους
399 1670 584 1733 αὐτοῖς
639 1676 958 1744 προσκυνεῖν
1015 1670 1051 1739 ἢ
1101 1670 1281 1744 ὑμεῖς,
1334 1670 1426 1733 οῦς
1478 1670 1555 1732 εἷς
1610 1671 1860 1745 ταραχήν

214 1756 552 1833 ἐμϐάλλετε,
605 1754 949 1834 βεϐαιοῦντες
1004 1761 1106 1829 τήν
1174 1760 1402 1835 γνώμην
1458 1759 1633 1815 αὐτῶν
1690 1760 1861 1834 ἤνπερ

208 1846 410 1924 ἔχουσι
454 1847 575 1922 περῖ
629 1848 782 1921 ὑμῶν
836 1847 910 1910 ὡς
951 1847 1120 1902 ἀθὲων
1168 1853 1625 1925 κατηγοροῦντες.
1670 1846 1773 1917 Ε⁸ίη
1816 1844 1862 1902 δ’
1893 1889 1939 1954 Β

221 1937 249 1954 ν
386 1938 399 1954 .
479 1938 492 1954 .
697 1939 710 1954 .
820 1938 834 1954 ς
996 1939 1010 1954 .
1090 1937 1113 1954 ε.
1214 1944 1238 1954 ..
1696 1938 1708 1954 ι

216 1937 283 1994 ἄν
338 1938 607 2001 κάκείνοις
663 1938 899 2012 αἱρετὸν,
956 1939 1020 1994 τὸ
1086 1937 1265 1993 δοκεῖν
1330 1938 1862 2013 κατηγορουμένους,

211 2027 469 2083 τεθνάναι
498 2025 735 2099 μᾶλλον,
761 2027 797 2096 ἢ
831 2030 950 2099 ζῇν,
985 2028 1117 2100 ὑπὲρ
1149 2032 1245 2083 τοῦ
1277 2029 1483 2083 οἰκείου
1518 2031 1673 2083 Θεοῦ.
1705 2028 1860 2082 Ὅθεν

213 2117 310 2172 καὶ
341 2116 531 2171 νικῶσι
571 2116 891 2191 προϊέμενοι
930 2117 1027 2180 τὰς
1077 2118 1280 2172 ἑαυτῶν
1308 2117 1512 2195 ψυχὰς,
1553 2114 1694 2189 ἤπερ
1742 2138 1863 2172 πειο

218 2205 448 2278 θόμενοι
508 2207 590 2268 οἷς
641 2204 854 2276 ἀξιοῦτε
897 2208 1150 2280 πράττειν
1206 2205 1411 2268 αὑτοῖς.
1478 2204 1605 2279 Περὶ
1655 2203 1713 2260 δὲ
1754 2210 1862 2260 τῶν

220 2298 466 2368 σεισμῶν
510 2299 618 2349 τῶν
667 2296 972 2371 γεγονότων
1015 2296 1098 2350 καὶ
1155 2292 1456 2370 γινομένων
1508 2296 1611 2351 οὐκ
1656 2294 1861 2351 ἄτοποι

224 2387 370 2458 ὑμᾶς
405 2387 715 2460 ὑπομνῆσαι
754 2388 1092 2460 ἀθυμοῦντας
1134 2387 1362 2461 ὅτανπερ
1405 2389 1527 2454 ὦσι,
1577 2382 1863 2462 παραϐάλ-

222 2475 419 2536 λοντας
469 2474 528 2532 δὲ
573 2477 641 2531 τά
686 2477 927 2554 ἡμέτερα
968 2479 1105 2553 πρὸς
1152 2479 1217 2533 τὰ
1265 2479 1499 2535 ἐκείνων.
1531 2480 1595 2534 0i.
1628 2480 1724 2553 μὲν
1770 2477 1861 2533 οὑν

218 2564 811 2640 εὑπαρῥτ,σιαστότεροι
858 2568 1096 2642 γίνονται
1144 2570 1280 2642 πρὸς
1324 2569 1414 2623 τὸν
1484 2568 1612 2624 Θεόν
1649 2588 1662 2600 ·
1712 2569 1867 2641 ὑμεῖς

222 2654 286 2710 δὲ
315 2655 462 2730 παρὰ
500 2655 672 2710 πάντα
713 2657 808 2711 τὸν
846 2656 1046 2732 χρόνον
1090 2658 1211 2711 καθ’
1260 2658 1320 2712 ’ὀν
1370 2657 1580 2734 ἀγνοεῖν
1634 2655 1865 2725 δοκεῖτε,

216 2749 330 2798 τῶν
370 2765 429 2799 τε
468 2746 603 2802 θεῶν
640 2746 727 2800 καὶ
760 2750 870 2801 τῶν
907 2744 1096 2801 ἄλλων
1132 2745 1409 2819 ἀμελεῖτε,
1450 2747 1538 2802 καὶ
1581 2754 1683 2817 τῆς
1731 2750 1867 2821 θρη-

215 2833 404 2898 σκείας
443 2842 545 2905 τῆς
579 2834 704 2910 περὶ
743 2836 834 2891 τὸν
879 2836 1163 2906 ἀθάνατον,
1207 2836 1265 2891 ὃν
1319 2834 1385 2905 δὴ
1435 2835 1561 2898 τοὺς
1610 2838 1865 2911 Χριστιαο

214 2924 349 2988 νοῦς
395 2924 791 2998 θρησκεύοντας
851 2924 1098 2981 ἐλαύνετε
1141 2926 1232 2980 καὶ
1282 2922 1505 2980 διώκετε
1552 2923 1656 2989 ’ἕως
1706 2927 1864 2980 θανά-

212 3035 337 3070 του.
374 3015 532 3088 Ὑπὲρ
566 3011 622 3068 δὲ
649 3017 757 3068 τῶν
788 3013 1057 3069 τοιούτων
1088 3012 1198 3085 ἤδη
1232 3016 1321 3069 καὶ
1354 3014 1559 3070 πολλοὶ
1588 3019 1695 3069 τῶν
1740 3014 1865 3087 περὶ

215 3104 315 3164 τὰς
346 3100 613 3177 ἐπαρχίας
643 3104 923 3177 ἡγεμόνων
950 3104 1041 3159 καὶ
1069 3108 1148 3176 τῷ
1190 3105 1455 3176 θειοτάτῳ
1503 3106 1663 3176 ἡμῶν
1709 3099 1867 3178 ἔγρα-

218 3196 327 3267 ψαν
368 3191 530 3267 πατρί
556 3209 570 3223 '
623 3194 708 3255 οἷς
756 3192 846 3247 καὶ
894 3192 1191 3267 ἀντέγραψε
1233 3190 1402 3267 μηδὲν
1447 3192 1699 3271 ἐνοχλεῖν
1746 3197 1862 3256 τοῖς

1967 596 2417 668 quamplurimis
2467 594 2766 659 fratribus,
2816 592 2908 663 qui
2964 607 2997 646 a
3046 585 3500 661 provincialibus
3548 583 3605 638 in

1967 688 2101 741 Asia
2132 685 2405 742 conviciis
2452 688 2508 738 et
2555 682 2785 752 injuriis
2837 680 3112 753 gravibus
3143 673 3610 732 contumeliosis-

1965 778 2115 833 sime
2161 774 2625 847 exagitabantur,
2674 775 2987 843 permotus,
3020 768 3244 823 litteras
3278 763 3505 837 publice
3535 762 3605 819 ad
3674 818 3675 821 η

1966 868 2110 923 Asia:
2144 867 2389 939 populos
2418 866 2596 925 dedit,
2629 879 2770 933 quas
2821 862 3021 916 itidem
3075 860 3145 914 ad
3176 858 3418 912 verbum
3450 854 3605 908 inse-

1975 974 2097 1012 rere
2131 956 2384 1011 historiae
2416 962 2625 1009 nostris
2649 957 2739 1007 est
2763 950 2966 1006 visum.
3001 972 3029 999 ‹‹
3064 950 3386 1020 Imperator
3416 942 3611 999 Caesar

1968 1047 2197 1101 Marcus
2227 1043 2497 1099 Aurelius
2534 1042 2861 1097 Antoninus
2894 1042 3214 1111 Augustus,
3240 1032 3608 1097 Armenicus,

1968 1136 2222 1206 pontifex
2286 1134 2595 1199 maximus,
2646 1131 2864 1187 tribuo.
2931 1132 3142 1200 potest.
3189 1143 3279 1192 xv,
3331 1139 3446 1179 cos.
3508 1122 3607 1186 III,

1969 1224 2262 1278 communi
2294 1222 2440 1279 Asiae
2471 1221 2735 1278 salutem.
2768 1217 3048 1291 Equidem
3074 1215 3213 1282 scio,
3239 1213 3351 1268 diis
3383 1224 3611 1283 quoque

1967 1313 2112 1385 ipsis
2142 1330 2291 1370 cura;
2341 1330 2487 1380 esse,
2540 1328 2611 1366 ne
2654 1310 2800 1366 tales
2849 1309 3112 1365 homines
3160 1304 3395 1359 lateant.
3428 1299 3608 1354 Multo

1970 1407 2121 1461 enim
2156 1406 2344 1477 magis
2375 1405 2456 1460 illi
2504 1401 2921 1458 vindicaverint
2960 1415 3057 1454 eos
3107 1397 3206 1467 qui
3239 1393 3460 1450 cultum
3493 1388 3611 1445 illis

1970 1496 2226 1551 tribuere
2258 1495 2463 1561 nolint,
2490 1508 2661 1564 quam
2682 1508 2806 1557 vos,
2829 1488 2928 1560 qui
2953 1492 3154 1543 contra
3175 1501 3273 1540 eos
3294 1480 3609 1538 tumultum

1972 1585 2344 1640 commovetis
2377 1600 2389 1638 :
2442 1583 2771 1654 opinionem
2820 1594 3053 1650 quoque
3097 1590 3296 1631 eorum
3330 1586 3508 1644 quam
3538 1569 3610 1623 de

1970 1675 2132 1729 vobis
2190 1678 2599 1745 conceperunt.
2661 1676 2723 1726 ut
2781 1668 2981 1725 atheos
3041 1682 3140 1721 vos
3195 1662 3610 1730 nullorumque

1973 1782 2213 1836 prorsus
2261 1766 2500 1820 deorum
2554 1762 2954 1825 criminentur,
2989 1756 3424 1813 confirmantes.
3468 1747 3609 1815 Qui-

1973 1855 2083 1910 bus
2116 1854 2502 1926 praestabilius
2526 1851 2697 1906 etiam
2730 1858 2834 1917 est,
2869 1849 3010 1903 dum
3040 1842 3297 1901 accusari
3328 1838 3610 1911 arguique

1972 1944 2262 2011 videntur,
2298 1959 2397 2014 pro
2448 1942 2564 1997 Deo
2614 1957 2720 1995 suo
2752 1938 2898 1993 mori
2940 1935 3158 2007 potius,
3192 1946 3367 2000 quam
3401 1929 3460 1984 in
3491 1926 3613 2014 vita

1973 2049 2226 2089 manere.
2261 2013 2623 2100 Proindeque
2654 2029 2897 2083 victores
2938 2025 3209 2089 evadunt,
3241 2019 3470 2074 animas
3501 2013 3614 2087 ipsi

1973 2141 2113 2178 suas
2144 2122 2317 2178 citius
2350 2120 2740 2191 projicientes,
2776 2131 2951 2186 quam
2980 2118 3043 2167 ut
3073 2130 3106 2167 a
3135 2109 3299 2165 vobis
3324 2103 3613 2179 persuasi,

1974 2213 2121 2282 quod
2149 2229 2248 2267 vos
2278 2210 2475 2277 vultis,
2510 2207 2746 2264 faciant.
2797 2205 2877 2260 De
2928 2198 3356 2259 terrmmotibus
3393 2202 3613 2263 autem,

1976 2303 2074 2374 qui
2107 2302 2192 2358 vel
2230 2303 2406 2367 fuere,
2459 2300 2545 2355 vel
2597 2298 2790 2353 adhuc
2834 2295 3002 2360 fiunt,
3054 2307 3167 2346 non
3210 2289 3611 2374 importunum

1976 2373 2169 2460 fuerit,
2202 2408 2325 2458 vos,
2375 2389 2475 2460 qui
2523 2404 2590 2443 ea
2632 2387 2702 2441 de
2732 2400 2909 2440 causa
2942 2381 3168 2436 animos
3198 2373 3614 2447 despondistis,

1977 2483 2045 2536 ad
2059 2498 2311 2549 monere,
2332 2486 2397 2534 ut
2420 2478 2637 2534 scilicet
2668 2492 2759 2530 res
2781 2477 3004 2530 vestras
3027 2484 3161 2526 cum
3187 2468 3360 2523 rebus
3383 2464 3614 2520 illorum

1976 2569 2303 2626 conferatis.
2335 2572 2522 2638 Atque
2572 2565 2653 2620 illi
2695 2564 2927 2635 quidem
2974 2556 3345 2615 liberioribus
3376 2551 3612 2623 majori-

1976 2661 2204 2732 busque
2247 2674 2382 2730 erga
2416 2660 2592 2713 Deum
2648 2658 2790 2710 sunt
2835 2650 3047 2707 animis
3080 2665 3094 2703 :
3134 2662 3237 2703 vos
3268 2648 3465 2700 autem
3497 2644 3612 2732 toto

1976 2750 2086 2805 hoc
2114 2730 2397 2819 tempore,
2432 2763 2545 2817 quo
2569 2761 2777 2801 causas
2801 2756 3001 2798 eorum
3028 2739 3294 2809 ignorare
3314 2730 3611 2819 videmini,

1976 2840 2114 2894 deos
2146 2844 2201 2894 et
2230 2818 2319 2893 res
2360 2836 2499 2891 alias
2535 2832 2849 2906 negligitis,
2881 2834 2938 2885 et
2967 2826 3331 2883 Christianos
3371 2838 3405 2877 a
3457 2818 3615 2875 cultu

1974 2927 2319 2983 immortalis
2352 2926 2452 2981 Dei
2486 2940 2661 2996 quem
2694 2922 2776 2976 illi
2818 2921 3168 2975 venerantur
3197 2911 3425 2979 arcetis,
3459 2917 3516 2965 et
3544 2907 3614 2963 ad

1976 3023 2220 3071 mortem
2255 3030 2433 3086 usque
2466 3009 2903 3084 persequimini.
2937 3008 3215 3063 Caeterum
3238 3002 3310 3057 de
3345 2999 3416 3055 iis
3447 3001 3616 3054 antea

1975 3122 2203 3177 quoque
2263 3104 2429 3158 multi
2489 3100 2914 3172 provinciarum
2974 3100 3224 3151 rectores
3277 3091 3406 3146 divo
3464 3086 3615 3177 patri

1977 3174 2169 3250 nostro
2236 3193 2611 3263 scripserunt.
2680 3188 2904 3252 Quibus
2949 3184 3044 3240 ille
3100 3179 3408 3251 rescripsit,
3470 3174 3615 3231 nihil

214 3259 515 3350 τοιούτοις,
560 3281 611 3336 εἲ
657 3281 733 3355 μὴ
784 3259 1385 3359 ἐμφαίνοιντόπιτπ-ερὶ
1424 3259 1862 3355 τήνηῬωμαίων

1979 3283 2263 3338 molestiae
2307 3259 2709 3338 lacessendum
2759 3294 2887 3334 esse
2936 3274 3074 3342 illis,
3128 3264 3615 3359 praeterquanusi

217 3369 523 3442 ἡγεμονίαν
552 3367 949 3444 ἐγχειροῦντες.
984 3370 1083 3425 Καὶ
1124 3368 1248 3441 ἐμοέ
1284 3367 1340 3425 δὲ
1380 3370 1503 3445 περὶ
1530 3375 1639 3425 τῶν
1679 3369 1859 3425 τοιοὺ-

214 3478 329 3511 των
371 3457 574 3513 πολλοὶ
625 3458 906 3531 ἐσήμηναν
934 3477 947 3489 ·
980 3459 1067 3522 οἷς
1096 3455 1163 3526 δὴ
1212 3459 1301 3514 καὶ
1354 3457 1662 3535 ἀντέγραψα
1705 3478 1865 3513 κατα-

216 3544 506 3601 κολουθῶν
531 3550 600 3620 τῇ
642 3550 742 3603 τοῦ
794 3549 995 3622 πατρὸς
1037 3548 1257 3622 γνώμῃ.
1308 3546 1367 3603 Εἰ
1400 3545 1457 3602 δέ
1485 3568 1567 3610 τις
1616 3545 1862 3619 ἐπιμένοι

215 3636 342 3691 τινὰ
387 3640 497 3690 τῶν
560 3636 825 3691 τοιούτων
895 3636 972 3700 είς
1034 3637 1328 3712 πράγματα
1393 3637 1594 3714 φέρων,
1660 3637 1734 3698 ὡς
1794 3632 1861 3704 δὴ

214 3726 490 3793 τοιοῦτον,
547 3722 750 3786 ἐκεῖνος
801 3725 830 3779 6
866 3724 1302 3798 καταφερόμενος
1359 3723 1719 3780 ἀπολελύσθω
1766 3726 1864 3779 τοῦ

214 3810 386 3887 ἰγκλή
398 3832 591 3885 ματος,
621 3813 711 3867 καὶ
753 3810 842 3867 ἐὰν
886 3812 1143 3890 φαίνηται
1180 3816 1430 3874 τοιοῦτος
1474 3806 1547 3867 ὤν
1571 3829 1585 3842 '
1620 3812 1648 3867 6
1683 3809 1737 3867 δὲ
1768 3831 1870 3866 κα-

208 3901 463 3978 ταφέρων
505 3897 702 3977 ἔνοχος
760 3897 906 3957 ἔσται
961 3900 1139 3972 δίκης.
1198 3902 1504 3975 Προσετίθη
1556 3900 1610 3956 ἐν
1655 3899 1864 3973 Ἐφέσῳ

212 3987 270 4044 ἐν
320 3994 400 4060 τῷ
438 3996 604 4064 κοινῷ
652 3997 752 4060 τῆς
798 3991 1065 4055 Ἀσίας.»
1115 3995 1351 4047 Τοιαῦτα
1400 3988 1457 4045 δὲ
1502 3991 1592 4046 καὶ
1638 3990 1704 4045 τὰ
1753 3990 1867 4046 Ἀνο

211 4079 430 4152 τωνίνῳ
470 4080 603 4153 ὑπὲρ
636 4083 796 4155 ἡμῶν
827 4080 1202 4158 γεγραμμένα.

838 4322 1097 4373 ΚΕΦΑΛ.
1141 4316 1256 4372 ΚΘ’.

217 4441 523 4515 Περὶᾉτοῦ
552 4440 754 4515 ’ἀγίου
786 4441 1191 4515 Εὑσταθίου,
1221 4445 1338 4497 τοῦ
1376 4438 1863 4515 καὶγῌλακίδαο

286 4511 545 4569 καὶτοῦ
576 4511 767 4590 ἀγίου
800 4512 1237 4589 Ἐλευθερίου
1266 4516 1382 4570 τοῦ
1411 4511 1867 4590 ὲνἸλλυριοῖς

286 4583 696 4643 ἐπισκόπου.

286 4712 403 4787 Πρὸ
443 4710 503 4768 δὲ
539 4717 650 4768 τῶν
686 4713 1027 4788 γραμμάτων
1066 4712 1274 4769 τούτων
1317 4711 1523 4768 πολλοὶ
1570 4716 1681 4767 τῶν
1730 4713 1860 4788 ὑπὲρ

212 4804 454 4875 Χριστοῦ
510 4801 694 4878 ἀγῶνα
754 4798 1041 4876 διενεγκεῖν
1097 4799 1399 4877 λέγονται·
1460 4801 1533 4855 ὧν
1608 4802 1691 4864 εἷς
1748 4800 1858 4856 ἐστι

211 4890 307 4945 καὶ
360 4891 389 4944 6
437 4890 706 4960 ἀξιόνικος
769 4890 975 4967 μάρτυς
1033 4890 1366 4953 Εὑστάθιος·
1419 4891 1464 4961 ᾦ
1521 4888 1610 4949 ἐπὶ
1667 4895 1865 4965 Τραῖα-

212 4985 314 5036 νοῦ
379 4983 481 5051 τήν
544 4987 642 5037 τοῦ
711 4981 1089 5057 στρατηλάτου
1174 4977 1635 5058 περιϐεϐλημένῳ
1719 4982 1868 5052 ἀξίαν

216 5068 500 5127 Ιιλακίδας
552 5066 723 5145 ὄνομα
771 5071 861 5139 ἧν,
910 5074 1015 5126 τῶν
1052 5070 1110 5126 εὖ
1153 5070 1454 5147 γεγονότων
1501 5070 1590 5123 καὶ
1641 5067 1868 5143 πλούτῳ

211 5157 491 5233 διάσημος
555 5159 653 5216 ὢν.
723 5160 951 5235 Μυρίοις
1017 5158 1064 5215 δ’
1130 5160 1565 5235 ἐνωραϊζόμενος
1642 5159 1865 5236 ἀγαθοῖς

214 5250 307 5304 καὶ
377 5257 477 5320 τῆς
542 5248 739 5305 ἄνωθεν
794 5249 1048 5321 κλήσεως
1111 5249 1463 5322 κατηξίωται.
1545 5247 1691 5305 Κατὰ
1764 5249 1864 5324 γὰρ

210 5360 335 5395 τινα
379 5336 585 5415 ἔρημον
629 5338 864 5416 κυνηγίᾳ
912 5337 1266 5418 ἑσχολακότι.
1308 5341 1338 5394 6
1378 5338 1614 5414 Χριστὸς
1658 5336 1865 5415 ἐλάφου

211 5428 402 5504 κέρασι
454 5431 765 5503 καθήμενος
824 5430 977 5484 ὧπτο
1034 5428 1350 5504 ἀπορρήτου
1408 5427 1598 5506 σοφίας
1650 5425 1862 5502 βουλή-

213 5539 368 5593 ματι,
435 5518 527 5573 καὶ
593 5520 728 5593 πρὸς
793 5518 979 5573 ἑαυτὸν
1043 5513 1218 5586 ἕλκει,
1282 5518 1373 5572 καὶ
1436 5518 1507 5574 τὰ
1588 5514 1864 5590 μέλλοντα

207 5608 368 5677 ἥκειν
410 5607 555 5677 αὐτῷ
610 5608 1041 5685 προηγόρευσεν.
1103 5607 1255 5660 Ἐπεὶ
1310 5604 1366 5660 δὲ
1422 5606 1510 5661 καὶ
1570 5609 1667 5660 τοῦ
1714 5606 1862 5660 θείου

211 5697 448 5772 μετέσχε
519 5695 791 5773 λουτροῦ,
860 5694 1173 5768 πανοικεσίᾳ
1256 5699 1475 5770 Χριστῷ
1539 5694 1856 5768 πρόσεισιν.

1893 4636 1941 4702 D

1973 3372 2110 3444 quid
2146 3377 2344 3428 contra
2391 3370 2704 3441 imperium
2754 3368 3081 3423 Romanum
3136 3359 3322 3417 moliti
3362 3372 3490 3413 esse
3513 3354 3617 3411 de-

1972 3462 2485 3534 prehenderentur.
2509 3458 2660 3525 Quin
2690 3462 2747 3513 et
2777 3457 2847 3511 ad
2884 3472 2975 3510 me
3006 3450 3175 3507 multi
3198 3451 3269 3504 de
3290 3448 3374 3504 eis
3392 3445 3613 3534 litteras

1973 3531 2254 3607 dederunt
2290 3568 2301 3605 :
2336 3551 2548 3621 quibus
2593 3551 2662 3603 de
2708 3546 2889 3618 patris
2921 3542 3056 3608 mei,
3099 3554 3270 3612 quem
3306 3534 3451 3590 mihi
3480 3531 3612 3588 imi-

1972 3644 2218 3696 tandum
2252 3656 2379 3696 esse
2400 3638 2557 3705 duxi,
2581 3635 2870 3693 sententia
2900 3630 3190 3701 rescripsi.
3215 3625 3367 3683 208
3389 3622 3449 3678 Si
3482 3637 3612 3678 vero

1974 3731 2261 3802 quispiam
2311 3726 2754 3800 perseveraverit
2801 3723 3077 3794 cuiquam
3125 3716 3613 3802 Christianorum,

1974 3801 2131 3892 quod
2162 3820 2297 3875 talis
2326 3820 2424 3885 sit,
2466 3817 2766 3888 negotium
2798 3812 3088 3878 exhibere,
3121 3806 3343 3863 delatus
3372 3801 3612 3874 quidem

1975 3910 2219 3965 crimine
2250 3908 2600 3976 absolvetur,
2645 3905 2909 3976 quamvis
2957 3899 3093 3957 talis
3124 3912 3249 3954 esse
3287 3894 3616 3963 compertus

1976 4001 2050 4053 sit
2076 4016 2087 4051 :
2123 3998 2347 4054 delator
2378 4002 2572 4053 autem
2604 3996 2729 4066 ipse
2761 4008 2959 4065 poenas
2985 3988 3165 4045 dabit.
3198 3981 3502 4056 Proposita
3531 3982 3618 4035 est

1976 4088 2092 4141 hmo
2123 4086 2368 4159 epistola
2410 4085 2642 4157 Ephesi,
2683 4085 2741 4138 in
2790 4084 3079 4138 conventu
3119 4073 3351 4149 publico
3379 4070 3614 4159 Asia.»

1975 4177 2105 4233 Hac
2152 4158 2238 4233 sic
2291 4180 2346 4231 et
2375 4173 2705 4231 Antoninus
2755 4187 2859 4244 pro
2905 4165 3253 4227 Christianis
3294 4158 3614 4232 rescripsit.

2563 4315 2790 4371 CAPUT
2827 4311 3019 4369 XXIX.

1976 4452 2056 4504 De
2083 4453 2269 4505 sancto
2299 4444 2610 4511 Eustathio,
2644 4444 2741 4514 qui
2770 4451 2820 4498 et
2843 4440 3097 4514 Placidas
3119 4438 3299 4514 dictus
3325 4433 3456 4506 fuit.
3482 4436 3619 4489 Item

2216 4520 2280 4576 de
2307 4523 2493 4575 sancto
2525 4511 2839 4571 Eleutherio
2861 4512 3078 4585 Illyrici
3107 4511 3376 4582 episcopo.

2042 4720 2369 4787 Antequam
2429 4720 2624 4772 autem
2673 4712 2963 4785 ejusmodi
3021 4708 3331 4765 ederentur
3386 4699 3615 4766 littera,

1984 4806 2255 4880 permulti
2302 4806 2577 4862 dicuntur
2625 4804 2852 4877 egregie
2900 4804 3190 4856 certamen
3242 4809 3344 4865 pro
3392 4789 3619 4880 Christo

1980 4879 2284 4967 pertulisse
2318 4913 2331 4951 :
2364 4911 2613 4966 quorum
2649 4910 2799 4948 unus
2822 4891 2998 4946 etiam
3032 4887 3141 4942 fuit
3160 4882 3401 4939 victoria
3429 4879 3619 4934 clarus

1979 4995 2196 5055 martyr
2227 4986 2588 5041 Eustathius.
2627 4984 2678 5039 Is
2710 4982 2818 5037 sub
2850 4980 3099 5048 Trajano
3139 4972 3305 5030 ducis
3334 4968 3619 5027 exercitus

1976 5092 2183 5146 gerens
2213 5074 2572 5146 dignitatem,
2607 5070 2872 5127 Placidas
2902 5066 3226 5129 dicebatur,
3249 5066 3304 5118 et
3333 5073 3543 5133 genere
3564 5060 3622 5112 et

1975 5164 2184 5235 Opibus
2216 5164 2484 5220 illustris.
2527 5165 2668 5218 Cum
2708 5176 2838 5215 vero
2873 5156 3146 5230 plurimis
3177 5152 3423 5208 eniteret
3450 5163 3620 5204 orna-

1977 5255 2213 5321 mentis,
2274 5249 2831 5325 postremo‘cmlesti
2897 5260 3127 5318 quoque
3182 5241 3483 5299 vocatione
3530 5241 3619 5294 est

1970 5345 2406 5409 Aoohonestatus.
2432 5343 2659 5399 Etenim
2684 5341 2743 5397 in
2767 5338 3083 5397 solitudine
3103 5334 3358 5407 quadam
3381 5329 3617 5387 venanti

1974 5435 2234 5491 Christus
2265 5436 2412 5490 cervi
2447 5434 2723 5489 cornibus
2756 5431 3019 5487 insidens
3050 5426 3344 5498 apparuit,
3368 5434 3620 5490 eumque

1973 5542 2194 5583 arcanae
2226 5524 2522 5596 sapientis:
2552 5520 2794 5595 consilio
2826 5520 2895 5575 ad
2930 5535 2992 5575 se
3024 5514 3321 5590 pertraxit,
3351 5516 3410 5569 et
3438 5507 3619 5567 simul

1972 5631 2099 5686 quae
2131 5615 2182 5670 ei
2213 5616 2491 5669 eventura
2522 5618 2715 5669 essent
2748 5609 3033 5681 praedixit.
3068 5608 3270 5677 Itaque
3289 5601 3620 5676 baptizatus

1971 5719 2104 5761 cum
2163 5708 2283 5762 tota
2330 5704 2501 5761 domo
2550 5718 2679 5775 sua,
2721 5699 2945 5760 Christo
3001 5713 3065 5758 se
3114 5693 3361 5758 dedidit.
3401 5689 3618 5750 Verum
