4016 6206
341 364 460 426 958

1630 356 2048 420 NICEPHOBI
2092 359 2452 422 CALLISTI

3635 360 3754 418 956

349 499 646 557 enimvero
702 499 932 556 occulta
987 501 1044 553 et
1099 513 1312 553 arcana
1369 495 1756 566 exploratione
1811 496 1984 564 atque

2110 492 2433 570 Απορρήτῳ
2491 493 2548 549 δὲ
2601 515 2668 570 τῃ
2721 493 3017 569 δοκιμασίᾳ
3062 497 3272 571 γυμνὸς
3315 493 3471 558 εὐθὺς
3519 495 3755 570 γενόμε-

351 591 685 648 excussione
716 589 890 646 rebus
919 587 1193 644 omnibus
1223 585 1416 644 statim
1445 589 1534 642 est
1553 581 1989 640 nudatus.Nam

355 681 566 751 apibus
622 679 1060 749 honoribusque
1115 676 1389 733 omnibus
1457 675 1752 747 projectis,
1813 687 1990 727 uxore

357 769 532 824 etiam
573 775 627 824 et
656 767 850 824 liberis
905 769 1074 838 longo
1123 772 1382 836 tempore
1433 766 1638 820 caruit.
1687 767 1872 834 Atque
1909 761 1992 816 ita

352 857 628 913 erumnis
659 856 934 925 ferendis,
969 857 1140 912 veluti
1185 857 1330 912 alter
1371 855 1608 928 quidam
1639 853 1748 909 Job
1779 853 1987 918 factus,

351 952 571 1017 postea,
604 948 1092 1017 quemadmodum
1143 949 1200 1002 et
1244 945 1360 1010 ille,
1394 942 1710 1000 Servatoris
1739 941 1992 1010 disposi—

353 1036 538 1105 tione,
571 1051 689 1091 una
718 1053 844 1092 cum
875 1052 1050 1092 uxore
1080 1039 1137 1090 et
1167 1035 1303 1090 filiis
1334 1033 1550 1105 Agapio
1581 1039 1636 1087 et
1655 1031 1989 1100 Theopisto,

355 1127 421 1183 ad
448 1126 756 1198 pristinam
811 1126 1113 1182 restitutus
1158 1129 1246 1181 est
1277 1124 1608 1180 felicitatem
1638 1126 1695 1178 et
1723 1120 1988 1192 gloriam.

355 1213 556 1270 Multis
588 1215 792 1271 deinde
821 1215 1084 1270 victoriis
1115 1214 1185 1269 ab
1214 1213 1481 1268 hostibus
1513 1211 1838 1282 reportatis,
1873 1209 1996 1280 qui-

356 1307 468 1362 bus
517 1322 728 1378 magno
777 1306 984 1362 terrori
1031 1309 1172 1372 erat,
1223 1319 1352 1360 cum
1401 1303 1593 1358 Romae
1642 1305 1795 1356 esset
1838 1299 1994 1370 apud

355 1393 702 1458 Adrianum,
746 1394 844 1465 qui
889 1395 960 1450 de
1007 1395 1183 1450 rebus
1220 1393 1416 1449 multis
1457 1409 1592 1448 eum
1622 1395 1712 1446 est
1741 1405 1996 1462 percun—

357 1487 571 1554 ctatus,
599 1485 752 1554 quod
807 1484 1171 1540 daemonibus
1219 1483 1547 1539 sacriﬁcare
1576 1483 1894 1546 recusaret,
1935 1479 1993 1532 in

355 1587 566 1627 ereum
599 1577 832 1628 taurum
887 1573 1015 1642 igne
1059 1573 1402 1630 candentem
1435 1587 1552 1627 una
1583 1587 1716 1626 cum
1749 1569 1995 1638 conjuge

357 1663 414 1715 et
437 1659 638 1716 liberis
667 1662 984 1732 conjectus,
1031 1663 1208 1717 vitam
1257 1661 1338 1716 ibi
1379 1665 1564 1716 morte
1593 1656 1992 1716 commutavit.

357 1765 492 1804 cum
525 1750 758 1820 quidem
791 1751 912 1807 illis
941 1751 1022 1808 sic
1055 1751 1327 1824 martyrio
1366 1750 1678 1816 defunctis,
1711 1764 1782 1804 ne
1813 1746 1992 1819 pilum

361 1838 596 1910 quidem
629 1839 783 1911 ignis
804 1841 1252 1912 consumpserit,
1279 1857 1382 1898 nec
1399 1841 1813 1896 detrimentum
1837 1835 1993 1891 aliud

363 1927 644 1984 attulerit.
676 1929 754 1984 Ea
801 1930 932 2001 ipsa
975 1935 1138 1986 aetate
1187 1929 1480 2002 praestanti
1527 1929 1740 1984 virtute
1765 1923 1998 1997 juvenis

360 2013 726 2072 Eleutherius
773 2017 836 2072 in
874 2017 1096 2090 Illyrico
1149 2023 1294 2074 erat.
1329 2019 1518 2074 Romae
1563 2018 1612 2072 is
1643 2029 1872 2088 quoque
1910 2029 1995 2068 or-

357 2105 476 2172 tus,
511 2113 694 2160 matre
739 2105 978 2174 Anthia,
1027 2123 1202 2176 quam
1253 2123 1498 2177 magnus
1549 2105 1647 2160 ille
1677 2102 1893 2160 Paulus
1925 2101 1994 2156 ad

359 2193 776 2265 professionem
817 2194 1204 2252 Christianam
1250 2195 1591 2266 perduxisse
1641 2195 1836 2249 fertur.
1895 2190 1998 2246 Illa

357 2300 492 2340 vero
526 2285 710 2342 tilium
758 2303 984 2358 quoque
1033 2287 1330 2358 religionis
1369 2289 1498 2358 ejus
1523 2287 1810 2342 hasredem
1842 2282 1995 2351 fecit,

359 2381 416 2431 et
443 2374 680 2431 Aniceto
712 2375 962 2432 Romano
1001 2376 1274 2448 episcopo
1317 2377 1557 2433 tradidit
1589 2392 1602 2430 :
1637 2375 1792 2431 204
1821 2391 1854 2429 a
1883 2387 1998 2443 quo

365 2478 560 2519 sacras
593 2463 836 2520 Litteras
867 2465 1128 2533 edoctus,
1160 2481 1321 2522 sacro
1352 2465 1490 2521 cleri
1519 2479 1764 2520 numero
1791 2461 2000 2518 inseri-

365 2557 481 2622 tur,
515 2556 573 2608 et
604 2554 808 2624 quinto
839 2555 1063 2611 decimo
1101 2555 1287 2610 aetatis
1317 2571 1470 2611 anno
1501 2553 1730 2610 diaconi
1758 2553 1998 2624 gradum

365 2642 786 2714 consequitur:
839 2659 974 2700 mox
1023 2643 1274 2701 triennio
1324 2653 1450 2715 post
1493 2643 1792 2715 presbyter
1839 2655 1998 2696 crea-

363 2736 456 2786 tur
487 2747 501 2787 :
535 2737 590 2787 et
619 2731 828 2788 deinde
875 2733 1073 2804 viginti
1113 2737 1286 2790 natus
1319 2751 1502 2790 annos
1531 2731 1742 2802 Illyrici
1777 2731 2000 2802 episco-

363 2834 474 2886 pus
521 2819 814 2892 deligitur,
873 2823 991 2878 vita
1057 2823 1249 2896 priore
1323 2823 1511 2896 signis
1585 2819 2002 2891 miraeulisque

365 2908 698 2979 ingentibus
745 2911 984 2968 edendis
1037 2917 1349 2970 transacta.
1391 2911 1500 2968 Ubi
1527 2927 1659 2967 vero
1689 2909 2000 2982 quamplu-

364 2997 530 3054 rimis
560 3001 632 3055 ad
672 3000 958 3058 Christum
1007 3004 1316 3076 perductis,
1361 3005 1434 3059 ab
1477 3003 1723 3058 Adriano
1755 3003 2000 3058 accersi-

362 3089 483 3158 tus,
515 3089 686 3146 ﬁdem
712 3090 924 3148 Christi
945 3093 1419 3150 constantissime
1447 3093 1718 3160 defendit,
1745 3091 2000 3164 primum

366 3177 426 3232 in
483 3177 698 3236 lectum
749 3181 999 3238 ferreum
1049 3184 1296 3254 ignitum
1342 3183 1660 3255 reponitur,
1701 3182 1910 3237 deinde
1939 3181 1998 3235 in

367 3267 617 3324 ahenum
658 3267 782 3326 oleo
820 3275 878 3326 et
907 3271 1108 3327 arvina
1138 3271 1373 3327 ferventi
1403 3271 1640 3342 plenum
1673 3269 1998 3340 conjicitur,

365 3361 540 3426 atque
571 3373 700 3414 mox
749 3359 808 3414 in
863 3361 986 3417 foco
1035 3361 1169 3434 igne
1201 3361 1456 3416 conferto
1490 3361 1824 3416 collocatur.
1858 3359 2003 3414 Cum

368 3449 562 3501 autem
613 3447 704 3503 his
753 3449 1058 3506 tormentis
1103 3449 1378 3505 omnibus
1427 3448 1692 3522 superior
1739 3451 1912 3515 esset,
1943 3447 2004 3502 in

369 3533 662 3591 fornacem
695 3536 832 3610 igne
878 3537 952 3594 ad
999 3555 1296 3594 summum
1338 3538 1694 3608 calefactam,
1747 3536 1844 3608 qui
1877 3535 2004 3608 pri-

371 3639 531 3680 mum
561 3626 904 3683 Ceraborem
937 3627 1201 3700 opiﬁcem
1229 3629 1374 3699 ejus,
1407 3628 1562 3700 quod
1593 3626 1808 3683 Christi
1849 3642 2006 3682 com-

375 3713 578 3785 plexus
617 3723 768 3772 esset
815 3716 1011 3784 ﬁdem,
1057 3720 1380 3789 exceperat,
1415 3717 1799 3788 protruditur.
1835 3715 2006 3771 Porro

372 3802 741 3862 Eleutherius
788 3819 856 3861 ex
903 3807 1167 3862 custodia
1197 3807 1471 3878 deinceps
1501 3809 1810 3870 extractus,
1843 3805 2008 3860 indo-

361 3893 640 3966 mitisque
670 3895 838 3968 equis
870 3895 1164 3969 alligatus,
1196 3895 1311 3952 huc
1341 3900 1516 3968 atque
1545 3894 1684 3951 illuc
1715 3894 1965 3950 trahitur
1991 3911 2004 3950 :

363 3987 422 4039 et
449 3985 502 4039 vi
553 3984 750 4040 divina
797 3985 1044 4042 vinculis
1093 3987 1222 4057 ejus
1263 3985 1482 4055 solutis,
1517 3989 1774 4041 montem
1806 3999 2003 4055 quem-

359 4071 496 4126 dam
534 4073 894 4142 conscendit,
945 4081 1122 4147 atque
1177 4075 1259 4131 ibi
1319 4075 1662 4147 aliquandiu
1722 4077 2006 4142 versatur,

363 4174 498 4214 cum
548 4161 685 4218 feris
733 4179 884 4233 quas
931 4164 1155 4220 cicures
1200 4165 1480 4220 reddebat
1501 4163 1790 4219 habitans.
1821 4163 2008 4233 Atque

368 4263 502 4302 cum
524 4247 626 4304 Dei
657 4259 938 4322 praecepta
967 4252 1422 4324 promulgasset,
1464 4257 1520 4308 et
1551 4252 1902 4323 quingentos
1931 4250 2004 4304 ad

367 4335 630 4393 divinum
661 4339 1026 4409 perduxisset
1053 4341 1372 4408 lavacrum,
1398 4356 1632 4396 rursum
1665 4339 1726 4395 in
1757 4354 2005 4411 conspe-

367 4430 528 4482 ctum
559 4426 932 4498 imperatoris
963 4433 1307 4501 pertractus,
1353 4429 1558 4487 bestiis
1601 4427 1874 4500 objicitur
1907 4443 1919 4482 :
1949 4432 2006 4483 et

366 4532 502 4573 cum
533 4517 705 4574 abiis
735 4534 960 4590 quoque
1009 4518 1204 4575 salvus
1247 4524 1705 4586 conservaretur,
1746 4535 1814 4574 ex
1843 4517 2004 4574 mili-

2097 602 2208 649 νος,
2267 584 2356 636 καὶ
2411 584 2477 638 τὰ
2533 585 2758 658 περιττᾶ
2811 590 2909 640 τοῦ
2967 585 3218 642 πλούτου
3275 587 3364 640 καὶ
3425 593 3528 654 τῆς
3589 581 3758 650 δόξης

2100 665 2418 742 ἀποϐαλὼν,
2467 674 2558 728 καὶ
2610 674 2887 750 γυναικὸς,
2919 676 3010 730 καὶ
3061 673 3268 730 παίδων
3311 673 3623 748 ἀλλότριος
3669 692 3754 744 γε·

2099 761 2276 835 γονὼς
2341 763 2527 836 χρόνῳ
2586 769 2791 839 συχνῷ,
2851 765 3133 820 κάντεῦθεν
3191 766 3280 820 καὶ
3359 762 3617 838 δεύτερός
3671 781 3754 822 τις

2101 844 2226 904 Ἰὼϐ
2287 856 2404 911 τοῖς
2473 851 2669 906 ἐκεῖθεν
2753 854 2974 909 πάθεσιν
3061 852 3338 932 ἐκφανεὶς,
3405 853 3459 914 ἐς
3529 852 3754 924 ὕστερον

2099 940 2214 992 κατ’
2261 937 2460 994 ἐκεῖνον
2505 941 2598 994 καὶ
2657 941 2816 1004 οὗτος
2869 948 2988 1005 ταῖς
3045 947 3140 997 τοῦ
3200 949 3462 1016 Σωτῆρος
3521 959 3760 1016 προμη-

2101 1028 2290 1096 θείαις,
2351 1028 2556 1101 σύναιμα
2615 1031 2830 1106 γυναικὶ
2887 1031 2978 1086 καὶ
3039 1033 3266 1094 εὲκνοις,
3355 1029 3608 1105 Ἀγαπίῳ
3667 1029 3759 1082 καὶ

2101 1119 2400 1190 Θεοπίστῳ,
2459 1118 2534 1180 εἰς
2593 1122 2694 1190 την
2759 1120 3022 1196 προτέραν
3083 1119 3433 1193 εὐδαιμονίαν
3507 1119 3600 1172 καὶ
3661 1113 3761 1171 εὗ·-

2101 1205 2291 1260 κλειαν
2361 1205 2675 1276 ἐπανῆλθεν.
2741 1209 2983 1278 Τρόπαια
3049 1209 3106 1264 δὲ
3163 1208 3349 1265 πολλὰ
3407 1207 3762 1278 συστησάμε-

2101 1314 2212 1364 νος,
2247 1295 2336 1348 καὶ
2368 1291 2598 1371 φοϐερός
2637 1317 2722 1360 τις
2761 1297 2895 1372 ἄγαν
2935 1297 3242 1376 ἀναφανεὶς,
3289 1295 3406 1352 ἐπεὶ
3461 1295 3516 1351 ἐν
3563 1295 3760 1368 Ῥώμῃ

2101 1385 2388 1456 γενόμενος
2432 1383 2701 1458 Ἀδριανῷ
2751 1387 3052 1461 συγγίνεται
3103 1386 3334 1443 πλεῖστα
3381 1383 3448 1454 δή
3515 1385 3764 1454 ἐκζητη-

2105 1491 2274 1540 σαντιν
2334 1471 2424 1526 καὶ
2483 1473 2668 1534 θυσίας
2733 1479 2850 1532 τοῖς
2917 1473 3172 1547 δαίμοσιν
3249 1475 3554 1548 ἀνενεγκεῖν
3609 1472 3764 1540 ἁπη-

2105 1559 2251 1630 ξίου,
2325 1561 2508 1634 ταύρῳ
2571 1563 2768 1637 χαλκῷ
2849 1560 3330 1638 πεπυρακτωμένῳ
3413 1557 3764 1636 ιμὸἀλλεται

2105 1649 2313 1722 σῦναμα
2364 1648 2582 1726 γυδαικὶ
2615 1653 2704 1706 καὶ
2744 1655 2986 1715 τέκνοῖς·
3038 1655 3128 1708 καὶ
3181 1653 3231 1707 ἐν
3279 1653 3435 1724 αὐτῷ
3479 1651 3546 1706 τὸ
3595 1649 3762 1711 τέλος

2103 1741 2368 1816 ἠνέγκατο
2421 1739 2482 1795 οὐ
2535 1737 2720 1815 μέντοι
2769 1742 2900 1818 ἄχρι
2953 1741 3020 1813 δὴ
3067 1743 3158 1798 καὶ
3203 1743 3400 1818 τριχὸς
3443 1744 3544 1796 τοῦ
3585 1740 3764 1812 πυρὸς

2028 1868 2075 1932 Β
2105 1827 2492 1902 λυμηναμένου
2543 1831 2748 1894 αὐτοῖς.
2799 1836 2884 1904 Τῷ
2937 1829 2985 1886 δ’
3041 1832 3194 1904 αὖτῷ
3239 1833 3426 1906 χρόνῳ
3473 1829 3630 1884 καὶὸ
3663 1848 3762 1881 πο-

2107 1915 2158 1932 υ
2277 1918 2290 1930 .
2379 1917 2392 1932 .
2509 1921 2522 1932 .
2719 1921 2731 1932 .
2827 1919 3001 1932 ..-η
3153 1922 3166 1932 .
3259 1917 3329 1932 ...
3431 1915 3462 1932 -
3573 1914 3658 1932 ..ιη

2107 1915 2204 1978 λὺς
2231 1918 2330 1986 τὴν
2367 1917 2562 1992 ἀρετὴν
2607 1921 2743 1974 κατὰ
2787 1922 2850 1975 τὸ
2897 1919 3205 1994 Ἰλλυρικὸν
3255 1915 3521 1990 διέτριϐεν
3573 1914 3760 1972 Ἐλευ-

2105 2009 2305 2080 θέριος,
2349 2007 2408 2062 ἐκ
2455 2009 2676 2082 Ῥώμης
2727 2011 2820 2082 μὲν
2878 2011 2968 2065 καὶ
3026 2011 3183 2072 οὗτος
3241 2011 3587 2086 ὁρμώμενος.
3647 2027 3758 2078 μη-

2101 2098 2186 2171 τρὶ
2245 2095 2301 2152 δὲ
2359 2099 2544 2170 Ἀνθίᾳ
2588 2103 2936 2174 χρησάμενος
2960 2118 2973 2131 ·
3079 2101 3301 2162 Παῦλος
3333 2101 3361 2154 ὁ
3397 2097 3570 2174 μέγας
3619 2100 3756 2171 ὡμι·

2105 2183 2314 2255 ληκὼς,
2362 2192 2462 2254 τῆς
2509 2187 2585 2248 εἰς
2634 2189 2866 2259 Χριστὸν
2916 2189 3153 2250 πίστεως
3209 2185 3408 2262 ὀδηγὸς
3461 2185 3748 2262 χρηματί-

2108 2279 2204 2342 ζει.
2235 2280 2297 2330 Ἡ
2356 2271 2412 2329 δὲ
2459 2275 2550 2330 τὸν
2609 2273 2772 2330 παῖδα
2827 2277 3054 2347 καὶτῆς
3105 2277 3338 2339 πίστεως
3392 2274 3748 2352 κληρονόμον

2107 2363 2292 2432 ἐτίθει,
2347 2366 2436 2418 καί
2492 2365 2768 2439 Ἀνικήτῳ
2823 2371 2904 2438 τῷ
2959 2367 3186 2440 Ῥώμης
3256 2365 3537 2438 ἒπισκόπῳ
3613 2365 3750 2420 αὐτὸ

2105 2451 2422 2521 ἀνατίθησι·
2475 2455 2598 2526 παρ’
2657 2453 2720 2508 οὗ
2768 2455 2834 2508 τὰ
2886 2455 3006 2530 ἰερᾶ
3059 2455 3356 2532 γράμματα
3411 2451 3752 2522 παιδευθεὶς,

2105 2547 2184 2614 τῷ
2225 2540 2512 2616 καταλόγῳ
2555 2547 2656 2597 τοῦ
2699 2543 2912 2620 κλήρου
2967 2545 3277 2620 ἐναρίθμιος
3327 2544 3556 2620 γίνεται.
3611 2544 3756 2616 Πέμ-

2106 2651 2228 2703 πτῳ
2269 2629 2326 2685 δὲ
2359 2631 2449 2686 καὶ
2491 2630 2700 2705 δεκάτῳ
2727 2639 2828 2702 τῆς
2872 2634 3037 2690 αὐτοῦ
3087 2632 3312 2703 ἡλικίας
3357 2629 3461 2688 ἔτει
3511 2635 3606 2688 τὸν
3655 2637 3754 2688 τοῦ

2109 2719 2362 2775 διακόνου
2417 2721 2622 2794 βαθμὸν
2675 2719 2896 2778 εἷ’σεισιν
2928 2741 2940 2754 ⁸
2993 2724 3138 2779 ὀκτὼ
3172 2721 3230 2778 δὲ
3275 2723 3412 2798 πρὸς
3455 2727 3576 2784 τοῖς
3627 2719 3760 2777 δέκα

2107 2809 2394 2884 γενόμενος
2425 2853 2440 2879 ,
2507 2815 2587 2882 τῷ
2651 2806 3049 2886 πρεσϐυτερείῳ
3135 2809 3547 2888 ἒγκαταλὲγεται
3579 2828 3596 2842 ·
3661 2811 3758 2866 καὶ

2105 2903 2186 2970 τῷ
2217 2897 2448 2971 εἰκοστῷ
2487 2895 2593 2954 ἔτει
2648 2905 2746 2954 τοῦ
2807 2901 3120 2976 Ἰλλυρικοῦ
3179 2901 3478 2964 ἐπίσκοπος
3527 2920 3762 2975 προχει·

2109 2989 2335 3063 ρίζεται,
2373 2987 2624 3061 σημείοις
2661 2989 2898 3051 πολλοῖς
2946 2992 3036 3045 καὶ
3085 2990 3270 3066 τέρασι
3316 2993 3407 3046 τὸν
3462 2989 3582 3064 βίον
3631 2989 3760 3065 ττρὸ-

2109 3097 2260 3152 τερον
2307 3081 2754 3151 κατακοσμήσεις.
2816 3081 2966 3136 Ἐπεὶ
3025 3077 3081 3135 δὲ
3137 3079 3385 3142 πολλοὺς
3441 3079 3762 3152 ἐπισπώμε-

2110 3187 2202 3228 νος
2261 3166 2336 3228 είς
2394 3167 2648 3242 Χριστὸν,
2707 3169 2843 3241 πρὸς
2901 3167 3186 3242 Ἀδριανοῦ
3265 3165 3612 3241 μετάκλητος
3663 3188 3762 3243 γε-

2113 3256 2308 3331 γονὼς,
2349 3256 2448 3324 τήν
2507 3256 2642 3310 κατὰ
2697 3255 2936 3330 Χριστδν
2983 3258 3161 3314 πίστιν
3217 3255 3456 3324 μάλιστα
3516 3251 3761 3332 βεϐαιῶν

2111 3347 2200 3416 ἦν,
2251 3349 2439 3420 πρῶτα
2498 3346 2591 3420 μὲν
2655 3346 2812 3422 κλίνῃ
2881 3345 3107 3421 σιδήρου
3173 3347 3306 3424 πυρὶ
3371 3350 3472 3418 τὴν
3535 3347 3760 3426 μορφὴν

2114 3435 2280 3506 ὁμοίᾳ
2331 3436 2774 3490 επανακλίνεταιο
2831 3439 2964 3510 μετὰ
3003 3433 3060 3491 δὲ
3089 3441 3253 3492 τοῦτο
3297 3438 3516 3512 τηγάνῳ
3564 3434 3764 3490 ἐλαίου

2111 3523 2314 3598 πλήρει
2381 3524 2471 3578 καὶ
2557 3525 2780 3588 στέατος
2857 3524 3278 3601 ἒκπυρωθέντων
3365 3519 3708 3599 ἐμϐάλλεται
3745 3544 3762 3558 ο

2115 3612 2322 3690 ἐσχάρα
2363 3635 2421 3668 τε
2469 3616 2640 3690 πυρὸς
2699 3613 2888 3686 ἐπίσης
2947 3615 3151 3690 ἐχούσῃ
3207 3614 3500 3671 ἀπλοῦται.
3556 3615 3650 3676 Ὠς
3701 3611 3764 3668 δὲ

2115 3702 2204 3756 καὶ
2267 3701 2474 3756 τούτων
2545 3703 2835 3779 ὑπέρτερος
2889 3707 2980 3778 ἦν,
3045 3699 3295 3777 κλιϐάνῳ
3361 3701 3571 3780 σφόδρα
3638 3700 3762 3757 δια-

2113 3791 2293 3846 καὲντι
2337 3788 2645 3861 ἐκδίδοται,
2695 3797 2911 3870 πρῶτον
2964 3789 3244 3869 Κεράϐορα
3289 3793 3382 3848 τὸν
3425 3795 3764 3848 κατασκευά-

2119 3901 2282 3935 σαντα
2349 3879 2730 3956 ὑποδεξαμένῳ
2766 3927 2779 3952 ,
2844 3885 2946 3953 τήν
3013 3881 3090 3944 εἷς
3174 3883 3402 3958 Χριστὸν
3485 3902 3766 3937 κατασπα-

2117 3969 2348 4042 σάμενον
2413 3971 2597 4025 πίστιν
2633 4011 2646 4026 .
2713 3971 3058 4047 Ἐλευθέριος
3125 3969 3226 4042 δὲ,
3313 3973 3448 4046 μετὰ
3515 3973 3760 4048 φρουρὰν

2114 4057 2326 4120 πώλοις
2384 4059 2597 4134 ἀγρίοις
2675 4059 2842 4123 δεθιῖς
2876 4105 2890 4129 ,
2963 4057 3230 4116 ’ἕλκεταιο
3305 4061 3422 4132 θείᾳ
3479 4057 3538 4115 δὲ
3597 4059 3766 4134 ῥώμῃ

2117 4145 2298 4210 λυθεὶς
2362 4153 2472 4203 τῶν
2540 4147 2772 4222 δεσμῶν.
2859 4146 2974 4226 ὄρει
3057 4147 3459 4226 προσεπιϐαίνει
3495 4169 3508 4183 ·
3593 4149 3764 4222 θηροὶ

2116 4233 2404 4308 διαιτᾶται,
2465 4236 2498 4292 ἃ
2551 4238 2640 4293 καὶ
2700 4237 2880 4314 ἣμερα
2935 4236 3162 4298 ἐδείκνυ.
3209 4241 3287 4294 Τὰ
3339 4237 3397 4294 δὲ
3445 4243 3546 4294 τοῦ
3623 4242 3764 4292 Θεοῦ

2117 4322 2325 4396 διεξιῶν
2396 4325 2581 4402 λόγια,
2649 4328 2778 4382 ὡσεὶ
2845 4329 3230 4390 πεντακοσίους
3293 4333 3372 4400 τῷ
3467 4327 3594 4400 θείῳ
3655 4327 3766 4382 ὑπ-

2115 4417 2233 4491 άγει
2295 4414 2534 4491 λουτρῷ.
2593 4421 2685 4489 Τῷ
2745 4415 2963 4492 βασιλεῖ
3020 4415 3078 4473 δὲ
3131 4418 3220 4472 καὶ
3287 4415 3440 4480 αὖθις
3495 4417 3572 4479 εἷς
3631 4415 3762 4490 ὄψιν

2115 4504 2331 4574 ἐλθὼν,
2399 4505 2611 4578 θηρίοις
2675 4507 2814 4582 βορὰ
2878 4505 3264 4582 παρατίθεται.
3330 4507 3418 4568 Ὧς
3485 4503 3543 4560 δὲ
3611 4509 3764 4567 σῶος

367 4607 527 4662 tibus
558 4607 674 4663 duo
695 4608 980 4680 impetum
1003 4607 1065 4664 in
1088 4625 1220 4665 eum
1249 4609 1492 4678 faciunt,
1518 4615 1694 4680 atque
1711 4607 1999 4664 occidunt.

2119 4590 2462 4666 διετηρεῖτο,
2533 4591 2628 4648 δύο
2695 4593 3120 4650 ἐπεισπεσόντων
3189 4599 3534 4672 στρατιωτῶν
3599 4593 3764 4648 ἀναι-

371 4695 556 4753 Mater
586 4697 758 4754 etiam
789 4696 910 4753 ﬁlia
945 4697 1125 4754 vitam
1157 4698 1383 4754 ﬁnienti
1408 4699 1784 4765 circumfusa,
1808 4695 2006 4752 itidem

369 4789 434 4841 ut
463 4786 581 4856 ille,
611 4787 875 4860 martyrii
906 4803 1180 4845 coronam
1211 4787 1452 4860 excepit.

970 5008 1203 5066 CAPUT
1243 5005 1400 5064 XXX.

369 5132 634 5202 Quaedam
661 5131 726 5188 de
744 5134 1054 5208 Polycarpo
1081 5137 1376 5263 αροειὲξῗο
1406 5147 1707 5190 successore
1734 5131 2008 5188 memoriae

987 5223 1232 5263 commen
1333 5225 1386 5262 a.

987 5223 1304 5264 commenda
1311 5223 1366 5262 ta
1375 5247 1386 5260 .

443 5333 650 5390 Adhuc
699 5335 972 5392 Anicetus
1021 5335 1212 5392 Romae
1269 5333 1572 5391 ecclesiam
1631 5330 2008 5403 gubernabat,

371 5437 504 5478 cum
539 5423 905 5497 Polycarpus,
939 5425 1154 5482 Irenaeo
1197 5425 1498 5494 referente,
1531 5429 1766 5496 propter
1797 5437 2006 5494 quam-

374 5511 509 5568 dam
540 5530 667 5585 quae
699 5515 770 5570 de
807 5514 1084 5572 Paschate
1133 5515 1408 5574 inciderat
1456 5515 1858 5586 quaestionem,
1891 5511 2011 5566 Ro-

377 5617 532 5657 mam
558 5605 736 5674 venit,
765 5609 940 5676 atque
969 5605 1046 5659 ibi
1095 5621 1230 5661 cum
1259 5604 1498 5662 Anicelo
1532 5603 1898 5659 familiariter
1923 5602 2012 5655 est

379 5689 722 5752 collocutus.
752 5693 867 5750 Sed
894 5699 951 5750 et
981 5693 1095 5751 alia
1124 5695 1376 5752 lrcnscus
1406 5694 1476 5749 de
1504 5693 1821 5766 Polycarpo
1849 5704 2014 5748 com-

2120 4687 2314 4757 ρεῖται.
2357 4683 2519 4752 Καὶῆ
2557 4685 2740 4758 μήτηρ
2785 4689 2866 4756 τῷ
2913 4683 3066 4739 παιδὶ
3117 4683 3486 4758 τελειουμένῳ
3531 4701 3768 4757 περιχυ-

2119 4775 2288 4836 θεῖσα,
2339 4771 2532 4844 ἐπίσης
2590 4771 2776 4846 ἐκείνῳ
2831 4775 2924 4828 τὸν
2967 4779 3065 4830 τοῦ
3116 4773 3414 4852 μαρτυρίου
3459 4769 3766 4843 ἀνεδήσατο

2119 4859 2399 4940 στέφανον.

2749 4997 3002 5048 ΚΕΦΔΛ.
3043 4993 3128 5048 Λ’.

2117 5118 2200 5174 Τὰ
2229 5119 2380 5193 περί
2415 5115 2860 5194 Πολυκάρπου
2888 5124 3003 5174 τοῦ
3033 5119 3508 5194 ἀποστολικοῦ
3541 5111 3770 5172 διαδόο

2559 5193 3331 5266 χουμνημονευόμενα.

2190 5315 2312 5372 Ἐπὶ
2369 5313 2416 5370 δ’
2471 5317 2744 5387 Ανικήτου
2812 5315 2879 5372 τὰ
2941 5323 3042 5386 τῆς
3107 5317 3334 5390 Ῥώμης
3393 5317 3770 5392 ἡνιοχοῦντος

2117 5401 2366 5475 πηδάλια
2425 5405 2788 5481 Πολύκαρπον
2847 5405 3137 5482 Εἰρηναῖος
3196 5407 3478 5478 ἱστόρησεν
3539 5405 3670 5480 περί
3719 5424 3768 5460 τι

2121 5489 2333 5567 συμϐὰν
2397 5499 2494 5550 τοῦ
2563 5497 2758 5574 Πάσχα
2811 5491 3066 5566 τηνικάδε
3129 5497 3350 5568 ζήτημα
3403 5493 3484 5556 εἰς
3541 5493 3768 5568 Ῥώμην

2117 5605 2178 5640 τε
2226 5583 2528 5661 ἀφικέσθαι,
2571 5585 2663 5640 καὶ
2717 5585 2796 5656 τῷ
2853 5586 3124 5657 Ἀνικήτῳ
3171 5585 3248 5646 εἷς
3305 5582 3531 5657 ὁμιλίαν
3591 5581 3768 5638 ἒΛθεῐν

2122 5673 2229 5730 Καὶ
2284 5671 2432 5728 ἄλλὰ
2489 5673 2604 5730 δὶὸ
2639 5673 2928 5748 Εἰρηναῖος
2985 5673 3108 5752 περί
3156 5673 3522 5750 Πολυκάρπου
3585 5669 3770 5748 διέξει·
