4016 6206
291 374 412 437 957

1290 383 1900 445 ECCLESIASTICIE
1942 380 2333 446 HISTORIIE
2372 386 2520 446 LIB.
2567 386 2677 446 III.

3576 376 3701 436 958

298 535 385 569 σιν
420 534 434 547 ·
501 514 534 569 ἃ
598 516 942 594 καταλέγειν,
1000 518 1090 571 καὶ
1155 521 1226 592 τῇ
1293 518 1536 591 παρούσῃ
1601 517 1918 594 πραγματεί

2062 525 2369 587 memorat,
2415 535 2545 592 qua
2595 518 2810 575 referre
2856 524 2912 573 et
2958 512 3229 587 presenti
3262 511 3437 585 'operi
3483 512 3699 582 adjun-

292 605 622 675 συνάπτειν,
692 602 843 660 ὅσιον
911 606 1153 681 ἥγημαι.
1224 605 1444 679 Ἀμέλει
1509 607 1559 661 ἐν
1627 607 1706 679 τῷ
1772 606 1918 681 τρίτο

2053 626 2187 681 gere
2218 610 2376 682 pium
2408 623 2533 665 esse
2556 608 2778 679 judico.
2807 607 2871 662 In
2902 604 3072 662 tertio
3101 602 3257 660 enim
3289 601 3500 658 Pontra
3525 598 3699 657 haere-

289 698 403 748 ’τῶν
434 694 602 769 Πρὸς
641 694 753 757 τὰς
783 695 1117 770 αἱρὲσεις,
1155 693 1284 750 τάδε
1324 696 1460 751 κατὰ
1500 695 1654 769 ῥῆμα
1693 696 1815 770 περὶ
1851 695 1943 750 αὐ-

291 785 393 838 τοῦ
452 780 672 853 διέξεισι
703 801 718 817 ο
775 808 802 836 ‹‹
834 783 935 841 Καὶ
983 782 1346 860 Πολύκαρπος
1398 784 1455 839 δὲ
1503 784 1566 839 οὐ
1620 785 1780 857 μόνον
1834 785 1939 839 ὐπὸ

290 875 404 927 τῶν
468 871 794 929 ἀποστόλων
865 874 1253 946 μαθητευθεὶς,
1322 873 1411 928 καὶ
1493 874 1937 954 συναναπραφείς

290 957 534 1025 πολλοῖς
577 962 669 1018 τὸν
705 962 914 1037 Κύριον
973 963 1290 1037 ἑωρακόσιν,
1335 963 1480 1019 ἀλλά
1508 964 1597 1019 καὶ
1649 964 1752 1019 ὐπὸ
1800 965 1935 1019 ἀπο-

290 1049 510 1105 στόλων
540 1050 617 1114 εἷς
648 1052 744 1120 νῆν
786 1053 966 1107 Ἀσίαν
1005 1052 1377 1123 κατασταθεὶς,
1410 1051 1463 1107 ἐν
1502 1055 1570 1126 τῇ
1602 1059 1702 1123 τῆς
1751 1053 1937 1127 Σμύρ-

286 1159 391 1209 νης
439 1138 714 1213 ἐκκλησίᾳ
770 1141 1091 1212 ἐπίσκοπος,
1138 1142 1198 1197 ’ὸν
1255 1141 1344 1197 καὶ
1401 1145 1566 1214 ἡμεῖς
1616 1143 1931 1216 ἑωράκαμεν

286 1224 342 1281 ἐν
374 1231 444 1300 τῇ
475 1227 668 1304 πρώτῃ
709 1231 870 1303 ἡμῶν
916 1229 1133 1302 ἡλὶκίᾳ,
1172 1228 1263 1285 ἐπὶ
1314 1230 1456 1286 πολὺ
1487 1231 1592 1306 γὰρ
1642 1231 1933 1303 παρέμεινε

285 1316 381 1371 καὶ
437 1318 575 1372 πάνυ
630 1317 901 1393 γηραλέος
956 1321 1042 1390 ἦν,
1102 1315 1331 1388 ἐνδόξως
1389 1318 1477 1373 καὶ
1544 1317 1932 1388 ἐπιφανέστατα

290 1406 641 1477 μαρτυρήσας
697 1404 892 1475 ἐξῆλθε
946 1411 1043 1461 τοῦ
1103 1406 1249 1481 βίου,
1305 1410 1470 1461 ταῦτα
1539 1403 1774 1477 διδάξας,
1823 1407 1929 1479 ἀεὶ,

288 1489 321 1544 ἃ
368 1492 457 1546 καὶ
514 1494 659 1569 παρά
704 1499 815 1549 τῶν
865 1494 1190 1551 ἀποστόλων
1243 1494 1478 1570 ἔμαθεν·
1530 1495 1563 1554 ἃ
1610 1495 1698 1551 καὶ
1740 1498 1774 1566 ἡ
1802 1498 1927 1554 Ἐκ-

284 1580 493 1651 κλησία
522 1580 897 1657 παραδίδωσιν
921 1603 933 1617 ·
969 1584 1001 1638 ἆ
1030 1584 1119 1640 καὶ
1162 1586 1301 1658 μόνα
1342 1586 1483 1640 ἐστὶν
1520 1583 1726 1656 ἀληθῆ.
1771 1593 1928 1663 Μαρ-

283 1674 509 1744 τυροῦσι
556 1672 778 1738 τούτοις
822 1674 878 1729 αἱ
925 1676 1064 1730 κατά
1107 1675 1209 1744 τήν
1260 1675 1438 1731 Ἀσίαν
1488 1673 1774 1747 ἐκκλησίαι
1822 1682 1926 1731 πᾶ-

287 1780 397 1816 σαι.
437 1763 527 1816 καὶ
580 1762 631 1817 οἱ
683 1762 851 1837 μέχρι
900 1767 990 1818 νῦν
1041 1761 1449 1838 διαδεδεγμένοι
1492 1764 1582 1820 τὸν
1634 1762 1926 1840 Πολυκάρ-

2050 714 2135 755 ses
2159 699 2325 767 libro,
2358 698 2476 754 hac
2524 697 2605 754 ita
2648 697 2720 753 de
2754 711 2822 752 eo
2862 696 3035 751 refert
3065 709 3080 749 :
3116 715 3146 743 «
3185 690 3539 764 Polycarpus
3564 704 3697 745 vero

2050 804 2165 844 non
2223 787 2394 845 modo
2446 786 2520 842 ab
2582 784 2859 858 apostolis
2927 782 3250 849 institutus,
3310 794 3444 835 cum
3497 776 3699 833 multis

2048 893 2249 933 eorum
2317 877 2483 946 vixit,
2551 874 2653 948 qui
2701 873 3019 930 Dominum
3067 870 3179 943 ipsi
3246 868 3536 935 viderunt,
3595 864 3693 921 sed

2047 968 2225 1024 ctiam
2266 982 2368 1039 per
2416 963 2733 1038 apostolos,
2783 960 3126 1036 Smyrnensi
3171 956 3435 1015 Ecclesia
3466 955 3526 1011 in
3555 952 3694 1010 Asia

2046 1056 2357 1128 episcopus
2401 1054 2702 1110 ordinatus
2753 1059 2856 1108 est.
2908 1052 3092 1116 Quem
3150 1047 3299 1105 265
3362 1050 3421 1103 et
3472 1060 3581 1101 nos
3629 1043 3692 1099 in

2046 1146 2232 1217 prima
2270 1148 2472 1202 nostra
2501 1147 2668 1199 etate
2695 1140 2989 1198 vidimus:
3014 1138 3235 1195 diutius
3263 1135 3421 1192 enim
3443 1133 3605 1201 vixit,
3636 1139 3694 1187 et

2051 1235 2107 1289 in
2146 1233 2333 1291 multa
2362 1238 2663 1290 senectute
2693 1246 2829 1288 cum
2860 1245 3075 1303 magna
3106 1225 3288 1299 gloria
3316 1222 3691 1295 magniﬁcen-

2041 1324 2271 1380 tissime
2302 1323 2578 1396 martyrio
2608 1321 2789 1391 obito,
2837 1336 2869 1375 e
2908 1319 3026 1375 vita
3054 1315 3319 1383 excessit,
3351 1329 3420 1370 ea
3457 1327 3689 1382 semper

2040 1413 2256 1469 docens
2287 1428 2414 1485 quis
2446 1413 2518 1468 ab
2551 1410 2832 1484 apostolis
2863 1407 3163 1473 didicerat,
3187 1409 3244 1462 et
3272 1419 3400 1476 qua
3431 1399 3688 1457 Ecclesia

2037 1503 2235 1571 tradit,
2268 1520 2395 1574 qum
2433 1501 2704 1558 videlicet
2732 1500 2859 1556 sola
2888 1501 3028 1555 sunt
3047 1512 3201 1553 vera.
3230 1494 3547 1550 Testautur
3579 1489 3685 1545 hoc

2037 1591 2297 1648 ecclesiis
2352 1592 2584 1647 Asianaa
2630 1604 2855 1654 omnes,
2904 1596 2959 1642 et
3015 1584 3117 1658 qui
3163 1583 3233 1639 ad
3285 1581 3443 1637 hunc
3496 1593 3681 1649 usque

2037 1681 2192 1738 diem
2238 1682 2297 1737 in
2345 1680 2644 1755 Polycarpi
2688 1692 3020 1736 successere
3067 1676 3284 1741 locum,
3336 1672 3488 1741 quod
3540 1668 3677 1724 fidei

2038 1771 2276 1841 majoris
2334 1772 2660 1842 certiorque
2711 1767 2971 1826 veritatis
3028 1764 3190 1821 testis
3249 1760 3447 1830 fuerit,
3500 1773 3678 1831 quam

285 1867 393 1902 που
434 1849 641 1924 θρόνον,
691 1849 892 1923 πολλῷ
948 1850 1385 1925 ἀξιοπιστότερον
1432 1851 1521 1906 καὶ
1576 1849 1918 1929 βεϐαιότερον

296 1934 344 1956 1‘
403 1936 429 1956 Λ
470 1934 483 1956 Ι
657 1935 670 1955 1
905 1936 930 1956 ,Ι
1100 1939 1162 1956 Α,
1211 1938 1230 1956 Ν
1346 1939 1357 1956 Ι
1586 1941 1599 1956 1
1661 1944 1710 1956 ιο
1827 1944 1837 1956 ι

2033 1858 2376 1916 Valentinus
2404 1864 2462 1916 et
2488 1859 2770 1926 Marcion,
2800 1862 2858 1913 et
2886 1856 3028 1912 item
3053 1852 3153 1909 alii
3183 1852 3545 1956 insanarum.
3563 1846 3687 1956 opi-

284 1934 547 2007 ἀληθείας
601 1935 847 2012 μάρτυρα
903 1936 1030 1993 ὄντα
1096 1938 1454 1994 Οὐαλεντίνου
1512 1941 1602 1995 καὶ
1661 1944 1918 2015 Μαρκίω-

2036 1949 2281 2005 nionum
2331 1952 2631 2016 auctores;
2685 1947 2786 2020 qui
2834 1961 2971 2001 cum
3020 1943 3267 1998 Romam
3298 1939 3411 1996 sub
3439 1935 3679 1992 Aniceto

282 2045 373 2086 νος
418 2025 510 2080 καὶ
556 2030 664 2081 τῶν
716 2025 924 2082 λοιπῶν
968 2029 1321 2108 κακοφρόνων
1348 2047 1362 2062 ο
1421 2028 1511 2084 καὶ
1559 2029 1647 2084 ἐπὶ
1705 2031 1923 2101 Ἀνική·

281 2133 381 2168 του
419 2112 766 2188 ἐπιδημήσας
801 2120 869 2192 τῇ
900 2117 1109 2193 Ῥώμῃ,
1150 2116 1395 2181 πολλοὺς
1435 2117 1540 2173 ἀπὸ
1578 2122 1685 2174 τῶν
1732 2139 1922 2194 προει-

282 2201 538 2275 ρημένων
605 2204 891 2278 αἱρετικῶν
966 2205 1285 2280 ἐπέστρεψεν
1360 2206 1448 2261 ἐπὶ
1512 2208 1613 2277 τήν
1678 2206 1922 2278 Ἐκκλη-

281 2289 399 2344 σίκν
452 2296 550 2346 τοῦ
607 2297 763 2363 Θεοῦ,
817 2294 942 2366 μίαν
995 2295 1086 2349 καὶ
1149 2295 1316 2365 μόνην
1386 2295 1590 2366 ταύτην
1661 2294 1920 2367 ἀλήθειαν

276 2380 515 2453 κηρόξας
581 2380 684 2437 ὑπὸ
754 2386 863 2437 τῶν
949 2383 1275 2439 ἀποστόλων
1356 2385 1749 2463 παρειληφέναι
1814 2387 1915 2455 τήν

277 2468 383 2524 ὐπὸ
438 2473 538 2539 τῆς
598 2470 927 2540 Ἐκκλησίας
979 2470 1452 2551 παραδεδομένην.
1515 2476 1611 2531 Καὶ
1672 2476 1805 2531 εῗσίν
1865 2476 1918 2532 οἱ

272 2557 598 2623 ἀκούσαντες
658 2560 848 2635 αὐτοῦ,
904 2562 986 2619 ὅτι
1044 2564 1303 2634 Ἰωάννης
1335 2565 1362 2619 6
1409 2569 1505 2620 τοῦ
1564 2563 1761 2640 Κυρίου
1821 2587 1919 2639 μα-

248 2640 468 2719 θητὴς,
535 2649 589 2704 ἐν
650 2653 720 2725 τῇ
788 2650 995 2728 Ἐφέσῳ
1060 2654 1343 2725 πορευθεὶς
1422 2652 1759 2722 λούσασθαι,
1826 2654 1918 2710 καὶ

269 2735 405 2793 ίδὼν
438 2732 546 2793 ἔσω
590 2741 875 2814 Κήρινθον,
917 2739 1148 2813 ἐξήλατο
1189 2747 1287 2798 τοῦ
1329 2743 1617 2818 βαλανείου
1661 2746 1735 2817 μὴ
1779 2742 1919 2801 λου-

270 2826 532 2900 σάμενος,
599 2826 728 2884 ἀλλ’
793 2829 994 2901 εἲπὼν,
1056 2832 1357 2908 Φύγωμεν,
1420 2833 1497 2906 μὴ
1554 2832 1645 2889 καὶ
1700 2835 1763 2889 τὸ
1825 2836 1921 2910 βα-

269 2913 490 2971 λανεῖον
557 2918 825 2993 συμπέσῃ,
891 2913 1042 2974 ἔνδον
1104 2915 1258 2983 ὄντος
1340 2922 1610 2996 Κηρίνθου
1665 2921 1762 2978 τοῦ
1815 2930 1916 2993 τῆς

267 3003 533 3076 ἀληθείας
593 3004 834 3083 ἐχθροῦ.
925 3009 1021 3066 Καὶ
1091 3009 1251 3072 αὐτὸς
1337 3008 1396 3065 δὲ
1462 3012 1490 3065 6
1557 3011 1917 3086 Πολύκαρπος

238 3093 557 3170 ⁷Μαρκίωνί
597 3116 729 3151 ποτε
782 3096 858 3159 εἷς
904 3093 1026 3172 ὄψιν
1069 3095 1216 3171 αὐτῷ
1257 3097 1492 3168 ἐλθόντι,
1521 3103 1613 3155 καὶ
1662 3102 1917 3177 φήσαντι,

271 3182 633 3260 Ἐπιγίνωσκε
717 3186 903 3259 ἡμᾶς,
970 3185 1235 3261 ἀπεκρίθη
1274 3205 1287 3219 ·
1357 3187 1736 3264 Ἐπιγινώσκω
1820 3190 1912 3246 τὸν

269 3271 626 3347 πρωτότοκον
678 3278 775 3330 τοῦ
841 3281 1056 3331 Σατανᾶ
1088 3321 1101 3334 .
1168 3277 1443 3347 Τοσαύτην
1505 3278 1555 3333 οἱ
1614 3279 1913 3335 ἀπόστολοι
1942 3263 1996 3330 G

268 3362 362 3416 καί
405 3362 458 3416 οἱ
520 3362 759 3436 μαθηταὶ
812 3363 987 3419 αὐτῶν
1041 3366 1193 3440 εἶχον
1258 3361 1558 3433 εὐλάϐειαν,
1629 3367 1702 3430 ὡς
1775 3367 1914 3441 μηδὲ

275 3451 447 3527 μέχρι
487 3450 669 3528 λόγων
728 3461 1006 3510 κοινωνεῖν
1055 3477 1160 3511 τινι
1219 3461 1328 3511 τῶν
1379 3460 1913 3534 παραχαρασσόντων

268 3542 372 3609 τήν
419 3540 703 3612 ἀλήθειαν,
746 3544 820 3606 ὡς
868 3545 959 3599 καὶ
1012 3544 1229 3608 Παῦλος
1276 3544 1509 3622 ἔφησενσ
1558 3549 1911 3623 Αἱρετικὸν

270 3630 625 3706 ἄνθρωπον
660 3634 821 3706 μετά
865 3634 1015 3707 μίαν
1062 3635 1170 3689 καὶ
1220 3632 1529 3711 δευτέραν
1575 3638 1914 3694 νουθεσίαν

266 3725 632 3794 παραιτοῦ,
667 3719 862 3783 εἰδὼς
892 3722 992 3778 ὅτι
1027 3720 1473 3799 ἐξέστραπται
1506 3727 1534 3781 6
1562 3731 1912 3796 τοιοῦτος,

266 3810 375 3864 καὶ
405 3810 775 3886 ἁμαρτάνει
807 3809 891 3866 ὢν
921 3812 1533 3887 αὐτοκατάκριτος.
1564 3815 1794 3871 Ἔστιδὲ
1819 3818 1909 3873 καὶ

265 3900 533 3971 ἐπιστολὴ
596 3900 960 3978 Πολυκάρπου
1022 3905 1156 3979 πρὸς
1220 3903 1632 3975 Φιλιππησῖους
1675 3926 1911 3983 γεγραμ-

270 3988 409 4066 μέδη
471 3990 776 4061 ἱκανωτάτη
814 4033 826 4046 .
888 3991 937 4066 ἐξ
998 3995 1066 4062 ἧς
1121 3994 1212 4048 καὶ
1277 3995 1370 4049 τὸν
1427 4001 1749 4070 χαρακτῆρα
1810 4002 1910 4065 τῆς

266 4079 502 4143 πίστεως
560 4079 725 4136 αὐτοῦ
780 4082 866 4137 καὶ
919 4082 981 4136 τὸ
1043 4083 1301 4159 κήρυγμα
1353 4089 1453 4152 τῆς
1539 4082 1798 4155 ἀληθείας
1856 4087 1906 4140 οἱ

273 4169 607 4245 βουλόμενοι
663 4170 754 4224 καὶ
807 4171 1185 4247 φροντίζοντες
1232 4178 1334 4242 τῆς
1378 4173 1584 4228 ὲαατῶν
1636 4174 1906 4248 σωτηρίας

268 4254 521 4314 δύνανται
566 4262 751 4331 μαθεῖν
781 4303 796 4318 .
834 4285 856 4313 ι
903 4265 1081 4317 Ταῦτα
1131 4263 1251 4337 περί
1294 4262 1495 4319 τούτου
1526 4264 1554 4318 ὁ
1588 4264 1904 4339 Εἰρηναῖος.

269 4347 517 4409 Πολλαῖς
576 4345 633 4403 δὲ
693 4350 1015 4427 μαρτυρίαις
1072 4351 1180 4407 ἀπὸ
1234 4359 1337 4423 τῆς
1392 4353 1657 4430 προτέρας
1716 4355 1922 4430 Πέτρου

264 4446 470 4516 χρῆται
502 4437 789 4515 ἐπιστολῇ.

864 4537 1125 4591 ΚΕΦΑΛ.
1167 4537 1300 4594 ΔΑ’.

267 4619 422 4696 Περὶ
461 4625 580 4691 τῆς
610 4616 943 4701 διαδοχῆς
972 4626 1103 4701 τῶν,
1129 4622 1447 4701 τηνικάδε
1502 4624 1913 4701 αὐτοκρατό-

632 4712 757 4769 ρων
783 4690 898 4749 xui
920 4698 1046 4751 τῶν
1077 4690 1287 4772 ἔργ’ων
1318 4694 1565 4755 αὐτῶν.

339 4800 401 4857 Ὀ
441 4804 573 4865 Πῖος
630 4798 687 4856 δὲ
753 4800 1100 4872 Ἀντωνῖνος,
1170 4804 1198 4860 6
1263 4805 1355 4860 καὶ
1420 4800 1664 4875 Εὐσεϐὴς
1733 4802 1909 4879 ὄνομα

268 4890 443 4964 σχὼν,
486 4889 575 4945 ἐπὶ
641 4891 765 4967 τρία
829 4892 920 4948 καὶ
996 4892 1168 4949 εἷ’κοσι
1232 4897 1331 4966 τήν
1393 4895 1579 4970 ἀρχὴν
1646 4892 1906 4959 διιθύνας,

268 4979 475 5053 Μάρκῳ
523 4980 725 5055 Οὐήρῳ
782 4982 886 5053 υἱῷ
940 4987 1021 5056 τῷ
1069 4982 1157 5039 καὶ
1215 4985 1369 5056 αὐτῷ
1425 4983 1729 5057 Ἀντωνίνῳ
1788 4982 1907 5039 ἔπι-

267 5065 544 5139 κληθέντι,
590 5069 683 5123 σὺν
730 5069 948 5146 Λουκίῳ
1003 5077 1083 5149 τῷ
1137 5070 1360 5150 ἀδελφῷ
1415 5074 1515 5142 τὴν
1574 5071 1902 5147 αὐνοκρατο-

337 5238 383 5276 ⁸⁸
406 5240 524 5297 Tit.
556 5256 643 5311 ιιι,
679 5242 764 5300 10.

334 5414 413 5501 (ᾖ)
442 5413 724 5501 ΤηΑυιλεζ.
774 5418 1105 5501 Antoninus
1131 5419 1326 5501 Pius,“
1347 5422 1590 5501 Adriani
1620 5440 1816 5501 gener,
1841 5421 1914 5482 ab

264 5492 468 5564 eodem
516 5490 582 5564 iu_
626 5490 812 5548 tilium
862 5493 1176 5564 adoptatus
1225 5494 1356 5559 fuit,
1404 5495 1579 5551 sicuti
1607 5490 1665 5552 ἐι
1691 5497 1762 5552 ab
1796 5490 1906 5553 hoc

262 5558 707 5652 ELAnto‘ninus
744 5579 943 5652 gener.
976 5558 1076 5652 :LL
1097 5558 1549 5652 autem‘Annius
1576 5569 1907 5652 Antoninus

260 5647 446 5714 nepos
499 5634 775 5721 Antonini
830 5635 918 5691 Pii
974 5636 1100 5691 iuii.
1156 5634 1253 5719 .M-g
1297 5637 1650 5722 Antoninus,
1692 5641 1796 5765 qui
1852 5643 1910 5695 et

259 5701 652 5777 Philosophus
680 5705 889 5781 dictus,
920 5706 983 5765 L.
1013 5709 1276 5766 Annium
1295 5708 1664 5768 Antoninum
1744 5724 1910 5769 erum

2034 2038 2413 2109 pervenisset,
2445 2037 2644 2093 multis
2670 2052 2737 2093 ex
2765 2035 2847 2092 eis
2895 2032 2998 2106 qui
3037 2030 3173 2087 dicti
3215 2032 3353 2086 sunt
3390 2023 3678 2082 haereticis

2032 2129 2343 2199 persuasit,
2390 2131 2455 2184 ut
2503 2127 2574 2182 ad
2615 2124 2935 2181 Ecclesium
2967 2120 3071 2178 Dei
3101 2119 3379 2186 redirent,
3409 2131 3589 2171 unam
3621 2117 3679 2170 et

2030 2217 2215 2274 solam
2250 2218 2398 2274 hanc
2441 2216 2763 2282 veritatem,
2818 2228 2996 2284 quam
3039 2208 3299 2266 Ecclesia
3342 2203 3670 2273 tradiderit,

2027 2321 2090 2361 se
2121 2306 2192 2361 ab
2222 2304 2502 2377 apostolis
2534 2303 2831 2375 accepisse
2851 2300 3193 2373 praedicans.
3212 2296 3455 2351 Exstant
3474 2291 3669 2350 adhuc

2028 2395 2125 2465 qui
2155 2409 2224 2450 ex
2253 2410 2319 2451 eo
2348 2392 2693 2456 audiverint,
2727 2389 3013 2447 Joannem
3044 2384 3278 2444 Domini
3307 2380 3663 2453 discipulum

2027 2483 2237 2554 Ephesi
2285 2484 2539 2540 lavatum
2589 2480 2907 2553 aliquando
2954 2476 3157 2544 ivisse;
3207 2477 3478 2531 caeterum
3526 2485 3660 2526 cum

2026 2572 2084 2628 in
2116 2572 2342 2630 balneis
2384 2571 2727 2628 Cerinthum
2772 2567 3035 2635 vidisset,
3084 2564 3308 2621 illotum
3356 2559 3492 2618 inde
3522 2575 3664 2633 pro-

2028 2648 2271 2732 fugisse,
2319 2668 2493 2733 atque
2541 2659 2758 2716 dixisse
2811 2674 2825 2714 :
2881 2656 3220 2729 Fuginmus,
3277 2652 3536 2720 obsecro,
3593 2661 3665 2704 ne

2027 2750 2327 2819 balneum,
2357 2749 2416 2806 in
2450 2765 2566 2822 quo
2595 2746 2932 2816 Corinthus,
2952 2744 3217 2801 veritatis
3241 2740 3534 2806 inimicus,
3555 2741 3669 2807 est,

2027 2840 2311 2898 concidat.
2364 2840 2497 2911 Ipse
2546 2852 2784 2910 quoque
2832 2833 3207 2908 Polycarpus,
3249 2846 3384 2887 cum
3433 2827 3487 2885 ei
3514 2831 3669 2884 Μαι·-
3752 2896 3761 2904 ⁸

2027 2931 2153 2986 cion
2185 2929 2247 2985 in
2279 2931 2659 2999 conspectum
2688 2925 2932 2995 veniret,
2962 2927 3020 2980 et
3049 2922 3285 2991 diceret,
3314 2918 3499 2975 Nosce
3526 2931 3666 2973 nos:

2026 3018 2346 3090 respondit,
2394 3018 2603 3086 Nosco,
2653 3014 2949 3087 inquiens,
3001 3026 3177 3067 nosco
3206 3005 3663 3081 primogenitum

2026 3108 2267 3163 Satanm.
2319 3108 2502 3163 Tanta
2556 3103 2807 3177 apostoli
2846 3106 2905 3159 et
2960 3098 3231 3172 discipuli
3278 3111 3481 3155 eorum
3530 3093 3669 3150 reli-

2026 3197 2197 3270 gione
2244 3196 2495 3264 fuerunt,
2547 3200 2614 3249 ut
2643 3208 2714 3249 ne
2751 3192 2926 3248 verba
2982 3190 3220 3263 quidem
3266 3183 3672 3243 communica-

2025 3291 2154 3343 rent
2182 3302 2312 3342 cum
2340 3284 2619 3357 quopiam
2642 3297 2869 3349 eorum,
2893 3279 2995 3352 qui
3017 3279 3313 3336 veritatem
3337 3272 3671 3331 adulterant

2024 3380 2198 3447 atque
2227 3376 2547 3448 depravant
2573 3390 2589 3429 :
2635 3376 2701 3428 ut
2746 3369 2961 3428 Paulus
3002 3369 3180 3425 etiam
3210 3363 3361 3422 dixit
3393 3379 3408 3419 :
3438 3359 3669 3418 literati-

2026 3481 2149 3521 cum
2180 3465 2457 3521 hominem
2499 3467 2624 3535 post
2664 3478 2837 3517 unum
2872 3468 3037 3531 atque
3065 3458 3299 3513 alterum
3328 3449 3666 3509 admonitio-

2024 3571 2149 3611 nem
2178 3553 2380 3620 devita,
2429 3554 2605 3607 sciens
2653 3550 2799 3620 quod
2844 3549 3130 3603 subversas
3165 3547 3243 3600 es!
3280 3544 3376 3614 qui
3402 3537 3670 3611 ejusmodi

2024 3649 2124 3712 est,
2156 3649 2210 3698 et
2237 3640 2530 3714 delinquit,
2558 3637 2783 3712 proprio
2803 3635 3024 3710 judicio
3050 3648 3149 3690 suo
3178 3631 3574 3688 condemnatus
3593 3624 3663 3683 ⁵ο.

2024 3733 2124 3787 Est
2148 3740 2341 3787 autem
2371 3734 2430 3786 et
2456 3728 2708 3801 epistola
2737 3724 3040 3798 Polycarpi
3070 3718 3413 3793 longissima
3434 3717 3505 3773 ad
3529 3714 3668 3772 Phi-

2022 3822 2316 3893 lippenses
2363 3819 2600 3889 scripta,
2648 3832 2718 3873 ex
2763 3832 2901 3887 qua,
2951 3813 3053 3886 qui
3093 3809 3409 3874 voluerint,
3442 3805 3664 3893 quique

2022 3892 2227 3965 salutis
2275 3925 2395 3965 sua:
2443 3921 2644 3962 curam
2699 3903 3006 3975 gesserint,
3055 3896 3235 3955 simul
3282 3901 3343 3953 et
3370 3892 3665 3966 specimen

2022 3999 2153 4055 ﬁdei
2181 3997 2340 4054 illius
2362 4004 2416 4053 et
2436 3995 2759 4053 doctrinam
2781 3990 3046 4049 veritatis
3066 3989 3293 4045 discere
3316 3986 3611 4058 poterunt.
3635 4001 3665 4032 »

2022 4087 2150 4144 Haec
2207 4087 2279 4142 de
2333 4101 2399 4143 eo
2460 4084 2728 4140 Irenzsus.
2789 4079 2992 4137 Multis
3056 4082 3250 4134 autem
3308 4070 3664 4131 testimoniis

2019 4176 2231 4249 prioris
2262 4172 2519 4247 epistolas
2550 4171 2704 4228 Petri
2735 4168 3112 4242 Polycarpus,
3142 4165 3203 4221 in
3230 4180 3299 4222 ea
3323 4164 3454 4237 ipsa
3481 4174 3661 4232 quam

2020 4265 2189 4322 modo
2217 4263 2494 4329 diximus,
2527 4257 2776 4333 epistola
2805 4273 2906 4314 sua
2935 4256 3138 4313 utitur.

1999 4350 2329 4422 Ἐπιστολῆς
2389 4350 2418 4404 6
2470 4347 2831 4424 Πολύκαρπος
2886 4344 2939 4401 ἐν
3014 4347 3084 4419 τῇ
3158 4343 3419 4418 είρημένη
3495 4338 3659 4395 αὐτοῦ

2490 4532 2649 4589 286
2689 4529 2924 4588 CAPUT
2961 4528 3175 4586 XXXI.

2021 4626 2093 4681 De
2120 4623 2454 4680 successione
2501 4622 2617 4694 ejus
2665 4620 2924 4692 temporis
2952 4620 3369 4699 imperatorum,
3397 4610 3663 4679 rebusque

2637 4707 2834 4749 eorum
2860 4697 3039 4762 gestis.

2089 4803 2438 4872 Antoninus,
2465 4801 2558 4859 cui
2588 4800 2765 4859 etiam
2796 4799 2884 4855 Pii
2933 4812 3144 4854 nomen
3187 4792 3291 4849 fuit
3321 4791 3422 4863 (1),
3450 4785 3662 4860 viginti

2018 4898 2137 4951 tres
2167 4891 2477 4966 imperavit
2503 4907 2710 4960 annos,
2754 4893 2811 4945 et
2849 4886 3164 4959 imperium
3196 4882 3535 4966 Romanum,
3558 4877 3663 4933 de-

2017 4984 2229 5040 cedens
2261 4965 2469 5040 Marco
2514 4980 2658 5037 }Elio
2706 4977 2847 5046 filio,
2899 4979 2957 5031 et
3002 4973 3116 5047 ipsi
3158 4969 3452 5027 Antonino
3483 4965 3658 5034 dicto,

2015 5078 2075 5131 et
2129 5073 2304 5130 Lucio
2380 5073 2542 5129 fratri
2606 5072 2735 5142 ejus
2805 5065 3057 5138 reliquit.
3119 5062 3260 5118 Pius
3322 5074 3493 5132 porro
3548 5055 3661 5111 iste

2024 5420 2257 5496 imperii
2286 5417 2513 5496 socium
2536 5415 2649 5474 sibi
2678 5414 2940 5496 adscivit.
2966 5418 3038 5496 Et
3063 5420 3191 5472 tum
3212 5414 3469 5496 primum
3491 5411 3657 5496 Rom.

2020 5487 2258 5567 respub.
2315 5491 2544 5567 duobus
2597 5505 2763 5567 ecquo
2803 5489 2935 5559 jure
2982 5487 3403 5567 imperantibus
3442 5487 3657 5567 paruit.

2016 5559 2151 5641 cum
2202 5568 2374 5621 antea
2392 5559 2682 5641 _sing_ulo_s
2721 5576 2967 5641 semper
2995 5559 3292 5641 habuisset
3327 5561 3656 5641 Augustos.

2016 5637 2341 5708 Utrumque
2390 5628 2665 5691 Hadriani
2716 5628 2891 5705 jussu
2939 5631 3269 5690 Antoninus
3326 5628 3465 5687 Pius
3514 5628 3657 5684 ado-

2017 5708 2222 5780 ptavit.
