4040 6224
392 335 511 397 959
1671 347 2097 411 NICEPHORI
2138 350 2360 410 GALLI
2370 348 2483 410 STl
2496 395 2510 408 .
3670 349 3792 409 960

394 468 773 542 Alexandria,
803 473 1143 538 Antiochia,
1193 479 1250 532 et
1280 477 1341 533 in
1374 478 1577 535 multis
1615 481 1746 538 aliis
1787 482 2037 539 celebri-

2153 481 2268 556 ρίαν
2316 481 2607 553 Ῥωμαίων
2652 480 2969 535 καταλιπὼν
3020 479 3221 555 ᾤχετο.
3272 480 3443 540 Οὗτος
3490 477 3549 535 δὶ
3578 480 3608 534 ὁ
3636 484 3797 549 Πῖος,

397 560 513 617 bus
555 561 796 618 urbibus
842 562 1089 632 lavacra,
1144 565 1373 638 aliaque
1425 568 1676 641 plurima
1726 570 2038 643 publicitus

2152 570 2203 625 ἐν
2245 566 2621 643 ’Δλεξανδρείᾳ
2658 569 2747 624 καὶ
2799 572 2867 642 τῇ
2915 568 3230 646 Ἀντιοχείᾳ
3271 570 3361 624 καὶ
3403 567 3605 630 ἄλλαις
3655 568 3803 623 πολ-

394 651 658 717 asditicia,
693 652 885 707 Romae
935 670 1166 726 quoque
1205 656 1433 713 Circum
1466 676 1746 731 magnum
1778 666 2043 718 constru-

393 739 493 793 xit.
545 742 733 812 Atque
782 742 1061 815 abrogata
1110 746 1287 803 veteri
1336 748 1395 803 C.
1445 749 1586 805 Julii
1628 752 1867 808 Caesaris
1897 752 2041 824 lege,

392 845 506 898 qua
535 830 827 887 senatorio
872 834 993 890 viro
1040 835 1111 891 de
1161 836 1330 894 bonis
1363 838 1499 908 suis
1530 843 1728 897 testari
1762 860 1876 899 non
1911 858 2041 914 per-

395 922 655 990 miserat,
706 923 820 980 nisi
870 926 1177 985 dimidiam
1229 945 1431 986 eorum
1487 941 1731 1003 partem,
1782 935 1883 1005 qui
1935 950 2037 1006 pro

392 1020 649 1082 tempore
695 1013 930 1071 futurus
980 1023 1158 1086 esset,
1209 1020 1456 1092 principi
1508 1021 1879 1095 relinqueret,
1913 1040 2043 1079 om-

390 1100 585 1170 nibus,
622 1118 723 1175 per
746 1105 1242 1175 constitutionem,
1294 1109 1544 1166 liberam
1588 1112 1749 1167 dedit
1782 1115 2041 1184 potesta—

388 1196 500 1246 tem
530 1192 604 1247 de
634 1192 1010 1252 facultatibus
1031 1196 1179 1265 suis,
1206 1199 1289 1254 ita
1312 1203 1377 1254 ut
1399 1199 1633 1269 vellent,
1665 1201 2037 1273 disponendi.

392 1279 626 1337 Marcus
654 1287 847 1337 autem
881 1283 1037 1340 illius
1068 1286 1194 1356 ejus
1217 1288 1441 1358 justam
1476 1288 1636 1346 illam
1671 1290 1852 1363 legem
1884 1290 2037 1359 tulit,

391 1384 508 1440 qua
554 1371 698 1441 patri
751 1370 917 1428 liberi
964 1374 1035 1430 ab
1080 1375 1351 1433 intestato
1383 1379 1725 1434 succedunt.
1758 1380 2037 1451 Idemque

393 1460 609 1529 sanxit,
654 1469 713 1517 ut
759 1463 902 1531 ﬁlio,
954 1464 1051 1535 qui
1103 1466 1162 1521 in
1214 1469 1563 1524 testamento
1614 1469 1966 1540 prasteritus,
2007 1486 2041 1524 a

394 1552 738 1622 parentibus
785 1554 1036 1610 debitam
1087 1557 1334 1627 gratiam
1386 1575 1500 1615 non
1541 1558 1861 1627 retulisset,
1893 1576 2041 1631 qua-

393 1640 568 1696 drans
616 1645 871 1714 paternis
923 1643 1272 1701 hereditatis
1321 1649 1491 1703 detur
1520 1648 1615 1717 (1).
1661 1650 1783 1703 Non
1815 1647 2039 1703 diutius

399 1731 592 1785 autem
625 1745 798 1802 quam
840 1731 1110 1789 undecim
1142 1735 1312 1791 annis
1356 1736 1570 1792 Lucius
1599 1738 1673 1807 (2)
1704 1738 1761 1792 in
1794 1737 2038 1808 imperio

391 1818 554 1888 vixit,
598 1821 1010 1895 Antoninoque
1037 1823 1403 1897 [Philosopho
1455 1826 1512 1881 id
1563 1826 1819 1897 reliquit,
1855 1826 1954 1899 qui
1985 1830 2043 1881 et

390 1907 518 1980 ipse
547 1913 675 1966 octo
706 1926 886 1982 prope
917 1911 1088 1968 annis
1127 1913 1437 1985 imperavit
1470 1932 1484 1970 :
1516 1920 1573 1971 et
1600 1932 1734 1971 cum
1768 1931 1950 1971 unum
1983 1921 2042 1971 et

393 1998 694 2070 sexaginta
742 2000 974 2056 circiter
1029 2002 1213 2059 (statis
1287 2020 1474 2060 annos
1538 2004 1906 2076 explevisset,
1968 2004 2038 2060 ad

391 2087 795 2145 Vindobonam
826 2090 1077 2147 decessit
1107 2092 1206 2165 (3).
1257 2093 1335 2148 Iis
1385 2093 1833 2164 imperantibus,
1868 2092 2039 2150 multi

397 2181 454 2233 et
497 2177 650 2249 apud
695 2177 923 2236 Grmcos
967 2180 1227 2253 praeclari
1271 2181 1621 2239 exstiterunt
1666 2188 1868 2255 poetae,
1910 2200 2042 2239 ora-

396 2268 556 2323 tores
605 2283 832 2339 quoque
874 2274 932 2324 et
975 2270 1206 2337 medici,
1252 2272 1444 2327 omnis
1493 2272 1745 2344 denique
1782 2272 2039 2344 philoso-

405 2353 555 2427 phis
607 2356 774 2427 periti
823 2356 978 2412 viri:
1020 2359 1080 2413 in
1125 2360 1342 2431 quibus
1380 2360 1774 2431 Hermogenes
1821 2360 2038 2429 rhetor,

399 2450 455 2500 et
512 2446 792 2503 Aristides
858 2452 1052 2504 orator
1108 2449 1345 2517 nobilis,
1403 2450 1680 2513 Galenus,
1739 2451 2040 2523 Oppianus

402 2538 596 2606 poeta,
653 2534 1078 2594 Alexandrinus
1152 2538 1513 2611 Apollonius,
1585 2541 1829 2612 ejusque
1884 2540 2039 2597 iilius

400 2625 788 2694 Herodianus,
846 2628 1235 2699 grammaticas
1311 2629 1455 2686 artis
1529 2634 1815 2698 auctores,
1870 2635 2041 2703 atque

395 2713 537 2770 item
584 2713 681 2770 alii
736 2717 913 2784 fuere,
962 2733 1110 2789 quos
1152 2716 1391 2790 longum
1442 2723 1597 2775 esset
1634 2719 1693 2775 iu
1736 2719 2042 2791 praesentia

392 2819 757 2861 enumerare.
809 2805 956 2862 Illud
1013 2807 1159 2864 scire
1208 2808 1494 2877 convenit,
1537 2808 1797 2865 Marcum
1853 2811 2041 2865 Anto-

399 2894 608 2949 ninum
630 2894 712 2967 (4)
742 2893 862 2952 ﬁlio
885 2911 993 2951 suo
1017 2895 1411 2953 institutionis
1433 2896 1753 2968 imperialis
1776 2897 1986 2953 librum
2008 2916 2041 2953 a

393 2997 456 3038 se
486 2982 869 3056 compositum
899 2985 1230 3057 reliquisse,
1277 2987 1467 3042 omnis
1510 2987 1740 3058 generis
1769 2988 2040 3057 profano-

393 3087 521 3127 rum
553 3073 948 3146 exemplorum
989 3083 1045 3131 et
1076 3073 1396 3147 disciplina
1434 3075 1695 3146 plenum.
1728 3075 1854 3131 Non
1884 3076 2040 3147 apud

390 3159 621 3218 Grecos
669 3179 801 3220 vero
853 3168 1080 3220 tantum
1130 3164 1393 3235 insignes
1443 3169 1592 3232 tum,
1632 3180 1832 3221 verum
1865 3165 2039 3221 etiam

2150 658 2275 724 λαῖς
2301 664 2410 715 τῶν
2460 661 2747 733 ἐπισήμων
2799 657 3015 714 πόλεων
3067 658 3271 734 λουτρᾶ
3300 661 3388 715 καὶ
3442 658 3590 714 ἄλλα
3638 660 3803 713 πλεῖ-

2151 771 2249 806 στα
2305 747 2734 821 οἰκοδομήματα
2791 747 3031 823 δημοσίᾳ
3086 751 3506 817 κατασκευάσας,
3566 749 3659 803 καὶ
3709 749 3802 801 τὸν

2154 840 2322 918 μὲγαν
2375 838 2427 894 ἐν
2486 840 2678 913 Ῥώμῃ
2738 838 2926 914 ἀγῶνα
2968 837 3354 914 ἒργασάμενος,
3403 838 3534 902 τοὺς
3586 837 3650 892 ἐκ
3694 858 3806 891 πα-

2149 928 2306 985 λαιοῦ
2334 950 2393 984 τε
2443 930 2649 1004 χάρτας
2696 928 3000 1001 ἐμπρήσας,
3049 930 3133 991 οἷς
3180 929 3341 990 Γάϊος
3393 925 3628 988 Ἰούλιος
3678 932 3806 981 Kai-

2149 1040 2245 1094 σαρ
2285 1018 2616 1092 ἐνομοθέτει,
2670 1019 2746 1090 μὴ
2805 1017 2997 1090 ἐξεῖναι
3057 1017 3424 1093 συγκλητικὸν
3485 1014 3802 1088 διατιθέμε-

2146 1131 2237 1164 νον
2293 1107 2459 1183 ἄνδρα
2519 1108 2592 1171 ε’ς
2647 1106 2815 1170 ἰδίους
2876 1105 3228 1177 διατίθεσθαι,
3287 1106 3435 1163 ἀλλᾶ
3493 1108 3558 1164 τὸ
3617 1109 3799 1180 ἥμισυ

2152 1200 2313 1274 μέρος
2352 1206 2453 1268 τῆς
2518 1196 2793 1273 ὑπάρξεως
2848 1203 2929 1270 τῷ
2983 1200 3120 1253 κατὰ
3173 1197 3399 1273 καιροὺς
3446 1197 3794 1253 ἀνατίθεσθαι

2150 1289 2386 1364 βασιλεῖ,
2446 1289 2646 1344 ἐκεῖνον
2713 1286 2779 1357 δὴ
2846 1288 3188 1350 καταπαύσας
3243 1288 3333 1344 τὸν
3392 1288 3601 1360 νόμων,
3662 1287 3797 1341 ἑκά-

2144 1399 2256 1451 ττῳ
2285 1382 2392 1433 τῶν
2437 1374 2589 1431 ἰδίων
2641 1375 2955 1446 ὰπολαύειν,
3014 1377 3103 1431 καὶ
3162 1377 3237 1438 ὡς
3297 1377 3626 1451 βουλομένῳ
3675 1375 3792 1446 εἴη,

2146 1465 2476 1523 διατίθεσθαι
2525 1466 2612 1521 ἐπὶ
2660 1472 2774 1528 τοῖς
2832 1466 3109 1543 σφετέροις
3165 1463 3422 1542 ἒπὲτρεπε
3482 1466 3797 1542 πράγμασι.

2145 1555 2365 1630 Μάρκος
2416 1552 2473 1610 δὲ
2506 1554 2756 1611 ὁτούτου
2806 1556 2922 1616 υἱὸς
2969 1553 3061 1609 τὰν
3106 1552 3317 1610 δίκαιον
3369 1556 3589 1610 τουτονὶ
3620 1553 3798 1625 νόμον

2143 1645 2368 1720 καθίστρ
2401 1662 2413 1675 ⁸
2481 1649 2578 1700 τοῦ
2644 1644 2733 1698 καὶ
2801 1643 2852 1715 ἐξ
2918 1641 3206 1699 ἆδιαθὲτου
3295 1643 3668 1719 κληρονομεῖν
3732 1645 3803 1698 τὶ

2143 1737 2304 1789 τέκνα
2331 1735 2422 1789 τὸν
2465 1735 2704 1806 πατέρα·
2752 1734 2841 1788 καὶ
2897 1737 2976 1805 τῷ
3024 1732 3487 1809 ἀχαριστουμένῳ
3527 1729 3692 1788 παιδὶ
3739 1733 3804 1786 τὸ

2144 1824 2396 1895 τέταρτον
2447 1826 2611 1896 μέρος
2658 1829 2759 1891 τῆς
2807 1829 3076 1897 πατρικῆς
3125 1822 3312 1882 οὐσίας
3369 1818 3643 1876 δίδοσθαι.
3706 1821 3788 1877 Οὐ

2147 1910 2325 1966 πλείω
2366 1908 2423 1965 δὲ
2469 1912 2559 1966 καὶ
2618 1913 2837 1982 Μάρκος
2886 1915 2992 1967 τῶν
3040 1910 3184 1965 ὀκτὼ
3233 1908 3365 1965 ἒτῶν
3411 1907 3672 1972 διανύσας
3742 1908 3794 1964 ἐν

2143 2004 2210 2074 τῇ
2243 2000 2410 2074 ἀρχῇ.
2455 1999 2757 2073 Ἀντωνίνῳ
2800 2000 2998 2073 Οὐήρῳ
3040 1997 3119 2072 τῷ
3165 1996 3330 2055 αὐτοῦ
3378 1998 3481 2071 υἱῷ
3534 1996 3797 2054 καταλεί-

2143 2110 2230 2144 πει
2261 2090 2324 2142 τὸ
2353 2088 2571 2165 κράτος.
2614 2090 2747 2143 Δέκα
2797 2086 2852 2143 δὲ
2894 2089 3021 2153 τοὺς
3067 2087 3269 2150 πάντας
3315 2087 3406 2142 καὶ
3455 2087 3617 2149 οὗτος
3661 2088 3795 2141 civ:-

2142 2177 2359 2247 πλήσας
2416 2176 2710 2245 ἒνιαυτοὺς,
2760 2177 2824 2232 τὸ
2885 2178 3035 2252 βιοῦν
3082 2175 3429 2253 ἐξεμέτρησεν
3473 2175 3525 2231 ἐν
3583 2183 3795 2249 Προκο-

2144 2269 2293 2340 νήσῳ
2332 2267 2574 2344 σφαγεὶς,
2625 2262 2698 2321 ὥν
2759 2266 2950 2340 ὀλίγου
3009 2263 3115 2322 δεῖν
3173 2268 3305 2321 ἐτῶν
3358 2269 3785 2341 τεσσαράκοντα.

2145 2357 2264 2412 Ἐπὶ
2317 2355 2383 2424 δὴ
2435 2356 2641 2410 τούτων
2689 2360 2797 2410 τῶν
2856 2357 3161 2429 Καισάρων,
3208 2353 3416 2411 πολλοί
3463 2376 3522 2410 τε
3550 2356 3785 2409 καὶτῶν

2143 2446 2268 2520 παρ’
2295 2443 2562 2515 Ἕλλησιν
2608 2442 2917 2517 εὐδοκίμων
2968 2442 3239 2522 ἐφάνησαν
3278 2444 3528 2514 ποιηταὶ,
3560 2443 3655 2499 καὶ
3687 2441 3791 2522 λό-

2142 2556 2252 2609 γων
2313 2533 2618 2610 ῥητορικῶν
2677 2533 2766 2588 καὶ
2822 2534 3104 2609 ἱατρικῶν,
3162 2527 3240 2588 ἔτι
3317 2530 3375 2588 δὲ
3428 2534 3521 2588 καὶ
3606 2534 3789 2601 πάσης

2144 2620 2471 2701 φιλοσοφίας
2519 2621 2769 2699 ἔμπειροι
2801 2641 2814 2656 °
2847 2624 2876 2677 ’ὀ
2905 2643 2964 2678 τε
2988 2622 3093 2696 γὰρ
3144 2623 3483 2697 Ἑρμογένης
3514 2622 3543 2677 ὁ
3576 2620 3789 2697 ῥητωρ,

2143 2713 2232 2768 καὶ
2300 2712 2637 2789 Ἀριστείδης
2696 2716 2724 2768 ὁ
2780 2714 2843 2769 τὸ
2903 2714 3115 2789 εὐγενὲς
3178 2718 3287 2769 τῶν
3355 2712 3535 2789 λόγων
3597 2711 3793 2791 διαφυ-

2146 2802 2329 2877 λάξας.
2391 2802 2634 2875 Γαληνός
2687 2825 2745 2859 τε
2800 2804 2887 2858 καὶ
2941 2803 3234 2866 Ὀππιανὸς
3266 2803 3294 2857 ὁ
3328 2804 3588 2873 πνιητής,
3640 2804 3791 2858 καὶὸ

2143 2891 2525 2968 Ἀλεξανδρεὺς
2574 2892 2980 2962 Ἀπολλώνιος,
3029 2891 3121 2947 καὶ
3152 2893 3181 2947 ὁ
3208 2893 3410 2948 τούτου
3440 2898 3572 2954 παῖς
3618 2897 3792 2968 Ἥρωι

2145 2983 2348 3049 διανὸς,
2398 2984 2450 3037 οἱ
2512 2990 2611 3052 τῆς
2678 2988 3073 3057 γραμματικῆς
3135 2983 3337 3057 τέχνης
3394 2981 3787 3057 στοιχειωταί·

2144 3074 2236 3134 οὓς
2273 3074 2479 3146 μακρὸν
2512 3071 2572 3126 ἃν
2613 3071 2695 3142 εἴη
2752 3069 3068 3146 καταλέγειν
3114 3074 3184 3145 τῇ
3234 3072 3480 3146 παρούσῃ
3532 3068 3751 3145 σπουδῇ
3776 3115 3791 3129 .

2144 3162 2296 3235 Πλήν
2352 3184 2415 3240 γε
2467 3159 2664 3218 εἰδέναι
2720 3161 2922 3237 χρεὼν,
2980 3163 3055 3224 ὡς
3097 3163 3125 3217 ὁ
3176 3163 3404 3237 Μάρκος
3461 3163 3790 3225 Ἀντωνῖνος

387 3249 449 3305 in
481 3252 751 3325 dogmate
785 3259 979 3309 nostro
1032 3252 1273 3325 plurimi
1318 3253 1692 3326 maximique,
1721 3255 1793 3310 de
1818 3254 2032 3325 quibus

2149 3252 2305 3318 οὗτος
2337 3236 2425 3308 καὶ
2472 3248 2694 3327 βιϐλίου
2748 3236 2992 3316 παιδείας
3045 3256 3125 3324 τῷ
3179 3250 3335 3308 παιδὶ
3392 3251 3600 3325 Μάρκῳ
3659 3273 3790 3306 συν-

390 3341 448 3396 ἰιι
482 3342 748 3414 sequenti
780 3359 1017 3413 agemus
1047 3341 1315 3406 historia,
1348 3343 1593 3399 ﬂoruere
1623 3342 1751 3398 viri.

2137 3344 2354 3413 τάττει,
2422 3344 2601 3412 πάσης
2665 3349 2938 3415 κοσμικῆς
3011 3340 3296 3418 ἐμπειρίας
3373 3341 3463 3396 καὶ
3531 3339 3792 3404 παιδείας

386 3431 602 3503 μεστόν.
663 3432 742 3489 Οὐ
803 3432 963 3505 μόνον
1023 3427 1080 3485 δὲ
1124 3431 1251 3504 παρ’
1298 3429 1535 3502 Ἕλλησι
1598 3427 1818 3505 δόκιμοι
1848 3429 2037 3507 ἄνδρες
2088 3430 2432 3508 ἐδείχθησαν,
2484 3432 2630 3489 ἀλλὰ
2685 3433 2776 3488 καὶ
2820 3438 2918 3488 τοῦ
2982 3435 3099 3489 καθ’
3158 3435 3306 3507 ἥμᾶς
3365 3430 3645 3509 δόγματος
3704 3434 3785 3496 ὡς

380 3517 631 3576 πλεῖστοι
662 3522 749 3577 καὶ
788 3519 1035 3596 μὲγιστοι
1058 3540 1073 3553 ο
1105 3519 1230 3594 περὶ
1259 3521 1335 3574 ὧν
1363 3522 1433 3593 τῇ
1466 3520 1598 3593 μετὰ
1626 3520 1828 3591 ταύτην
1859 3521 2072 3597 ἱστορία
2101 3519 2502 3597 διαληψόμεθα.

845 3633 997 3690 261
1038 3631 1279 3690 CAPUT
1317 3631 1559 3688 XXXII.

389 3722 453 3778 Ut
507 3722 751 3778 Justinus
820 3720 1169 3791 philosophus
1239 3721 1510 3792 religione
1576 3720 1916 3790 Christiana,
1973 3728 2024 3777 et

454 3793 679 3865 scripto,
719 3799 771 3849 et
798 3795 917 3848 sine
956 3795 1181 3864 scripto,
1230 3792 1443 3864 egregie
1479 3792 1720 3863 defensa,
1751 3792 2023 3865 martyrio

452 3880 555 3936 pro
586 3864 796 3920 Christi
820 3866 1044 3920 nomine
1070 3865 1141 3920 sit
1169 3868 1488 3921 exornatus.

2748 3633 3005 3689 ΚΕΦΑΛ.
3046 3632 3167 3689 ΛΒ’.

2134 3723 2247 3783 Ὠς
2278 3722 2306 3776 ὁ
2337 3720 2581 3800 φιλόσο
2647 3742 2720 3782 ος
2753 3719 3169 3782 ’Ῑουστῖνοςί
3228 3718 3494 3796 γράφως
3524 3719 3639 3775 καὶ
3668 3720 3784 3797 ἆγ-

2209 3793 2430 3850 οάφως
2461 3740 3073 3850 ἀπολογησάμενος
3108 3741 3266 3850 ὑπὶρ
3296 3798 3415 3850 τῆς
3442 3790 3784 3850 πίστεως.

2209 3790 2440 3870 ράφξυς-
2461 3790 3073 3870 ἀπολογησάμενος
3108 3790 3415 3870 suisea}
3442 3790 3696 3870 πίστεω
3719 3790 3747 3854 ἑ
3770 3837 3785 3861 ,

2204 3864 2495 3939 τῷ’ὑπὶρ
2528 3864 2822 3943 Χριστοῦ
2853 3864 3202 3940 μαρτυρίῳ
3247 3866 3747 3936 κατεκοσμήθη
3775 3909 3790 3922 .

456 3973 535 4027 Eo
593 3975 850 4044 tempore
897 3971 1086 4028 adhuc
1130 3970 1423 4038 Justinus,
1474 3971 1645 4041 cuius
1692 3970 1862 4045 paulo
1894 3975 2028 4027 ante

2205 3970 2355 4034 Τέως
2416 3992 2475 4045 γε
2545 3975 2651 4046 μὴν
2718 3973 2834 4027 κατ’
2902 3971 3073 4027 ἐκεῖνο
3136 3974 3330 4045 καιροῦ
3388 3970 3652 4043 ἀκμάζων
3713 3970 3791 4040 ἧν

384 4057 631 4116 fecimus
678 4061 1049 4130 meniionem,
1100 4060 1354 4117 enituit:
1405 4063 1462 4115 et
1508 4076 1663 4128 cum,
1695 4076 1841 4132 quos
1872 4059 2027 4116 dixi-

2149 4061 2505 4130 Ἰουστῖνος,ὁ
2556 4061 2748 4137 μικρὸν
2800 4061 3031 4136 πρόσθεν
3079 4061 3215 4132 ἡμῖν
3276 4057 3548 4129 δηλωθείς
3580 4077 3595 4092 ·
3656 4064 3788 4123 τοῖς

386 4163 518 4203 mus
546 4148 909 4220 principibus
938 4148 1112 4206 aliam
1160 4149 1333 4206 etiam
1385 4166 1486 4220 pro
1527 4150 1800 4221 dogmate
1831 4152 2028 4205 nostro

2149 4151 2240 4227 γὰρ
2291 4151 2600 4226 εἰρημένοις
2657 4149 2918 4228 ἄρχουσιν
2974 4151 3064 4207 καὶ
3118 4148 3301 4225 ἓτερον
3363 4144 3582 4224 βιϐλίον
3645 4151 3782 4225 ὑπὲρ

386 4235 782 4294 defensionem
841 4236 1173 4307 obtulisset,
1232 4243 1289 4294 et
1343 4243 1547 4295 contra
1595 4241 2028 4310 oppugnatores

2149 4244 2231 4295 τοῦ
2285 4242 2399 4296 καθ’
2456 4243 2605 4313 ἡμᾶς
2664 4239 2935 4316 δόγματος
2993 4235 3247 4308 ἀναδοὺς,
3297 4239 3388 4295 καὶ
3466 4238 3784 4312 αὐτοπροσ-

387 4324 610 4381 Oramus
657 4329 715 4381 et
755 4325 1006 4396 Judmos,
1055 4327 1115 4384 in
1165 4328 1371 4382 faciem
1428 4343 1630 4383 eorum
1688 4326 2025 4382 Christianas

2149 4330 2309 4392 ὐποις
2342 4326 2398 4385 δὲ
2435 4335 2549 4393 τοῖς
2600 4327 2857 4406 ἐλέγχοις
2903 4333 3000 4385 τοῦ
3043 4333 3380 4406 Χριστιανῶν
3439 4328 3784 4384 ἀνθιστάμε-

387 4413 733 4485 professioni
765 4416 1159 4487 patrocinatus
1188 4420 1365 4484 esset,
1401 4420 1573 4487 atque
1602 4415 1780 4472 etiam
1814 4415 2028 4471 basreti-

2149 4440 2225 4482 νος
2292 4419 2580 4496 δόγματος,
2638 4418 2919 4491 Ἕλληνάς
2973 4440 3031 4477 τε
3086 4419 3176 4475 καὶ
3244 4416 3574 4486 Ἰουδαίους,
3639 4419 3784 4493 πρὸς

387 4520 586 4562 corum
619 4521 830 4562 vanam
876 4506 1089 4579 linguas
1132 4506 1561 4579 loquacitatem,
1605 4509 2027 4578 nocentemque

2149 4505 2196 4563 δὲ
2234 4507 2323 4563 καὶ
2369 4509 2468 4578 τήν
2519 4512 2628 4564 τῶν
2689 4509 2940 4583 αἱρετιῶν
2991 4504 3379 4585 γλωσσαλγίαν
3436 4508 3529 4561 καὶ
3581 4526 3784 4586 φρενο-

387 4595 598 4652 mentis
628 4594 916 4652 insaniam
956 4594 1271 4652 luculentis
1301 4595 1665 4651 orationibus
1696 4595 2023 4662 retudisset,

2149 4589 2399 4650 Ξλάῦειαν
2454 4600 2535 4668 τῷ
2590 4596 2827 4670 περιόντι
2885 4600 2993 4651 τῶν
3064 4594 3247 4671 λόγων
3300 4595 3786 4672 ἀποτρεπόμενος,

384 4684 558 4741 fidem
590 4688 846 4742 nostram
880 4684 1068 4741 firmis
1112 4684 1618 4755 adamantinisque
1649 4699 2024 4755 propugnans

2149 4686 2220 4740 ιαὶ
2278 4686 2345 4739 τὰ
2402 4684 2642 4760 ἥμέτερα
2690 4683 2747 4739 εὖ
2812 4684 2961 4760 μάλα
3018 4683 3265 4760 στερροῖς
3320 4684 3410 4740 καὶ
3477 4681 3786 4759 ἀδαμαντί-

386 4774 733 4846 rationibus,
777 4774 1123 4846 abundeque
1162 4774 1466 4831 veritatem
1495 4772 2028 4845 certitudinemque

2149 4795 2245 4837 mu;
2293 4775 2564 4850 περιέπων
2608 4772 3033 4851 συλλογισμοῖς,
3082 4772 3460 4849 ἀποχρώντως
3502 4794 3562 4828 τε
3594 4773 3785 4844 ἀληθῆ

384 4864 510 4934 ejus
539 4865 976 4932 demonstrans,
1027 4878 1242 4920 corona
1287 4863 1546 4937 martyrii
1576 4862 1835 4935 seipsum
1862 4878 2023 4919 exor-

2149 4862 2219 4918 ιαὶ
2278 4863 2509 4927 πίστεως
2584 4861 2904 4927 ἀποδεικνὺς
2960 4861 3102 4937 ἄξια,
3160 4868 3242 4935 τῷ
3298 4867 3396 4918 τοῦ
3472 4862 3787 4939 μαρτυρίου

386 4953 561 5009 navit.
594 4953 697 5009 Cui
729 4954 1008 5011 Crescens
1039 4953 1275 5025 quidam
1321 4952 1726 5025 philosophus,
1758 4951 1875 5008 vita
1898 4968 2023 5009 mo-

2149 4954 2376 5030 πτεφάνῳ
2437 4954 2621 5009 ἑαυτὸν
2688 4952 3031 5026 κατεκόσμει,
3103 4951 3441 5028 Κρήσκεντός
3497 4972 3650 5013 τινος
3692 4973 3782 5028 φι-

381 5057 629 5114 rumque
657 5042 1033 5100 simulatione
1062 5042 1334 5116 Cynicus,
1362 5040 1607 5098 insidias
1630 5041 1860 5098 struxit.
1883 5044 2025 5097 Cum

2149 5042 2397 5121 Ιιοσόφου,
2444 5044 2536 5097 τὸν
2592 5044 2809 5098 κυνικὸν
2859 5044 2948 5098 καὶ
2992 5043 3108 5114 βίον
3163 5042 3254 5097 καὶ
3302 5040 3505 5115 τρόπον
3552 5039 3780 5112 ἑζηλω·

380 5132 531 5187 enim
569 5132 625 5186 in
657 5132 859 5188 multis
901 5149 1053 5204 sape
1082 5132 1389 5204 colloquiis
1423 5136 1480 5188 et
1525 5131 2025 5203 disputationibus

2149 5129 2332 5200 ιόοος,
2396 5134 2494 5200 τήν
2558 5127 2855 5202 ἐπιϐουλὴν
2924 5131 3073 5202 αὐτῷ
3123 5130 3538 5206 καταρτίσαντος
3573 5148 3587 5162 ·
3655 5130 3779 5186 ἐπεί

381 5218 766 5289 Crescentem,
817 5222 969 5293 quod
1022 5222 1291 5296 pleraque
1323 5238 1625 5295 perperam
1659 5222 1893 5291 iaceret,
1920 5219 2023 5276 fal-

2149 5219 2217 5276 τοί
2254 5225 2305 5295 γ’
2335 5219 2386 5275 ἐν
2432 5219 2666 5284 πολλοῖς
2712 5223 2801 5276 καὶ
2849 5219 3121 5285 πολλάκις
3169 5217 3473 5295 διαλόγοις,
3527 5219 3777 5294 εὐπρεπῆ

449 5386 531 5527 ἒ1)
556 5387 738 5443 Hodie
770 5388 1021 5459 legitima
1052 5386 1288 5443 dicitur.

473 5458 531 5527 2)
573 5459 637 5514 L.
670 5458 853 5515 Verus
907 5457 1204 5527 ap0plexia
1251 5460 1288 5514 ii

473 5457 531 5528 2)
573 5459 637 5514 L.
670 5457 853 5515 Verus
907 5457 1204 5531 ap0plexia
1251 5460 1475 5515 interiit
1516 5458 1669 5531 inter
1697 5457 1935 5513 Atinum
1969 5460 2027 5514 et

381 5529 786 5597 Concordiam,
817 5529 954 5587 eum
989 5532 1162 5587 fratre
1192 5530 1251 5586 in
1282 5531 1548 5587 vehiculo
1579 5530 1810 5585 sedens.

446 5598 523 5671 (3)
552 5606 628 5659 Μ.
660 5601 1018 5673 Pbilosuphu
1088 5603 1147 5659 in
1187 5603 1494 5662 Pai.olniis
1530 5601 1675 5657 obiit
1700 5599 1773 5673 ad
1803 5598 2027 5657 Vindo-

380 5670 614 5741 bonam,
648 5690 823 5748 quam
854 5670 1120 5732 nonnulli
1150 5673 1437 5733 Viennam
1470 5689 1599 5730 esse
1629 5670 1851 5729 volunt.

2205 5385 2282 5453 (4)
2314 5385 2521 5455 Magna
2553 5385 2705 5440 hunc
2735 5384 3040 5457 diligentia
3066 5400 3321 5457 ouraque
3350 5385 3648 5454 educavit,
3679 5402 3782 5442 ac-

2134 5458 2183 5511 ci
2196 5458 2267 5538 lis
2300 5459 2571 5543 undique.
2587 5457 2737 5543 viris.
2750 5455 3021 5541 .dodtrina
3037 5455 3239 5524 claris,
3253 5457 3548 5540 maximaq
3558 5474 3639 5543 ue.
3651 5474 3785 5543 pro-

2136 5529 2317 5597 posita
2349 5529 2632 5598 mercede,
2683 5528 2767 5582 uti
2812 5545 3002 5584 mores
3050 5545 3152 5600 pro
3182 5543 3245 5583 se
3274 5529 3528 5600 quisque
3557 5528 3673 5584 iilii
3696 5532 3781 5587 in-

2133 5600 2486 5671 geniumque
2513 5600 2866 5658 exooierent.
2901 5600 3284 5659 Herodianus.
