4000 6220
210 377 331 437 961

1205 365 1820 430 ECCLESIASTICJE
1863 365 2253 427 HIS'I‘ORI/E
2291 367 2444 426 LIB.
2492 366 2598 427 IlI.

3501 368 3620 431 962

207 509 313 576 τὴν
358 510 524 578 ἧτταν
574 505 1024 580 ἀπενεγκάμενος,
1072 501 1151 581 ἐφ’
1203 503 1283 564 οἷς
1335 499 1396 556 ού
1444 497 1625 561 καλῶς
1674 497 1863 574 ἔπρατ-

1980 515 2164 572 soque
2182 500 2244 556 in
2271 499 2688 572 professionem
2720 505 2981 557 nostram
3025 500 3346 559 criminans
3390 505 3628 561 invehe-

206 618 292 658 τε,
351 596 441 652 καὶ
505 597 678 672 λέγων
736 593 1025 662 διετώθαζε
1118 592 1183 646 τὰ
1268 591 1527 666 ἡμέτερα,
1613 586 1864 665 διεφάνη.

211 692 494 761 Πονηροῖς
540 686 643 760 γάρ
691 705 800 738 τισι
847 687 953 736 τῶν
1003 679 1190 755 ἄρχειν
1245 678 1538 756 λαχόνσων
1597 679 1732 750 μετά
1774 680 1862 733 καὶ

209 775 406 831 ἄλλων
462 776 726 842 συσκευήν
774 776 889 826 κατ¹
947 771 1111 825 αὐτοῦ
1158 769 1554 838 ποιησάμενος,
1609 767 1868 842 βασάνοις

211 865 292 928 ὡς
335 864 640 929 πλείσταις,
697 862 786 916 καὶ
843 861 906 914 τὸ
961 857 1271 913 τελεὸταῖον
1332 857 1506 930 ξίφεσι
1564 854 1863 924 διακόπτει,

211 956 292 1017 ὡς
327 959 406 1025 τῷ
454 951 564 1009 ὄντι
614 955 712 1019 τήν
760 948 940 1020 ἀληθῆ
995 947 1184 1020 σοφίαν
1231 945 1558 1018 ῳιλήσαννα,
1593 948 1679 1001 καὶ
1732 947 1868 1020 πρὸς

211 1046 313 1099 τὸν
370 1046 710 1117 ποθοῦμενον
759 1040 932 1100 οὕτως
992 1036 1195 1111 ἐχώρει
1243 1035 1504 1109 Χριστόν.
1534 1040 1595 1092 ‘A
1657 1033 1714 1090 δὲ
1760 1056 1867 1090 πα-

209 1134 329 1187 θεῖν
378 1126 631 1204 ἔμελλεν,
683 1130 734 1184 ἐν
788 1132 860 1203 τῇ
937 1124 1250 1200 δηλωθείσῃ
1323 1121 1596 1201 ἀπολογίᾳ
1663 1126 1865 1201 φθάσας

209 1222 598 1297 προαγορεύει,
659 1217 804 1274 οὕτω
860 1217 997 1271 κατὰ
1055 1216 1206 1290 ῥῆμα
1276 1211 1484 1283 διεξιών
1542 1228 1558 1245 ⁶
1610 1237 1639 1266 ‹‹
1697 1214 1865 1289 Κάγὼ

211 1310 314 1366 οὖν
344 1307 636 1386 προσδοκῶ
707 1305 808 1363 ὑπό
882 1325 1029 1368 τινος
1096 1308 1202 1357 τῶν
1265 1302 1666 1376 ὠνομασμένων
1744 1301 1863 1357 ἐπι-

210 1398 604 1468 ϐουλευθῆναι,
661 1397 750 1452 καὶ
803 1395 948 1467 ξύλῳ
1015 1393 1360 1469 ἐντιναγῆνσι
1395 1412 1407 1424 ·
1484 1392 1519 1462 ἢ
1592 1392 1681 1446 καὶ
1761 1394 1862 1448 ὑπὸ

211 1491 559 1565 Κρήσκεντος
589 1490 688 1542 τοῦ
736 1481 1076 1562 ἀφιλοσόφου
1121 1482 1209 1536 καὶ
1243 1480 1594 1558 φιλοκόμπου
1621 1500 1633 1514 ⁶
1668 1481 1730 1536 ού
1760 1480 1860 1556 γάρ

213 1577 523 1657 φιλόσοφον
574 1574 744 1630 εἰπεῖν
800 1570 946 1645 ἄξιον
1003 1572 1095 1626 τὸν
1147 1568 1335 1644 ἄνδρα,
1392 1571 1451 1632 ὃς
1507 1591 1569 1646 γε
1624 1571 1748 1646 περὶ
1787 1572 1859 1624 ὧν

214 1671 298 1742 μὴ
353 1667 637 1723 ἐπίσταται
686 1662 930 1734 δημοσίᾳ
970 1665 1395 1735 καταμαρτυρεῖ,
1429 1661 1504 1722 ὡς
1551 1660 1723 1714 ἀθέων
1770 1660 1858 1714 καὶ

211 1753 424 1813 ἀσεϐῶν
482 1758 824 1830 Χριστιανῶν
878 1751 1074 1822 ὄντων,
1123 1750 1260 1824 πρὸς
1320 1753 1478 1824 χάριν
1523 1751 1610 1804 καὶ
1654 1747 1857 1818 ἡδονήν

208 1851 324 1902 τῶν
394 1842 819 1916 πεπλανημένων
877 1845 1042 1896 τοῦτο
1100 1838 1374 1914 πράττων.
1433 1836 1557 1892 Εἴτε
1611 1843 1713 1914 γάρ
1781 1839 1856 1910 μή

211 1933 461 2011 ἑντυχὼιι
513 1938 629 1995 τοῖς
682 1937 780 1987 τοῦ
851 1933 1085 2004 Χριστοῦ
1165 1925 1462 2001 διδάγμασι
1536 1928 1859 2002 κατατρέχει

212 2028 406 2097 ἡμῶν,
437 2019 798 2096 παμπόνηρός
840 2019 974 2090 ἐστι,
1005 2018 1093 2072 καὶ
1149 2016 1382 2072 ἰδιωτῶν
1443 2016 1586 2072 πολὺ
1634 2017 1861 2093 χείρων,

211 2115 270 2168 οῖ
329 2111 690 2190 φυλάττονται
749 2105 1026 2170 πολλάκις
1082 2108 1204 2180 περί
1264 2109 1336 2161 ὧν
1394 2107 1497 2162 οὐκ
1553 2107 1859 2161 ἐπίστανται

211 2203 558 2277 διαλέγεσθαι
607 2201 697 2255 καὶ
757 2197 1223 2273 ψευδομαρτυρεῖν
1256 2213 1269 2226 ⁶
1320 2199 1354 2267 ἢ
1417 2196 1460 2251 εἷ
1512 2195 1754 2270 ἐντυχὼν
1801 2195 1861 2250 ού

208 2300 418 2362 συνῆκε
473 2292 536 2346 τὸ
597 2290 648 2345 ἐν
704 2289 891 2350 αὐτοῖς
944 2285 1257 2364 μεγαλεῖον,
1306 2288 1340 2357 ἢ
1373 2288 1570 2347 συνιεὶς
1620 2287 1753 2360 πρὸς
1800 2284 1862 2339 τὸ

214 2385 297 2455 μή
341 2382 743 2449 ὑποπτεοθῆναι
788 2383 1037 2440 τοιοῦτος
1076 2383 1250 2434 ταῦτα
1297 2381 1466 2446 ποιεῖ,
1511 2374 1656 2430 πολὺ
1719 2372 1862 2448 μᾶλ-

211 2470 315 2526 λον
362 2472 584 2544 ἀγεννὴς
630 2469 721 2524 καὶ
770 2470 1158 2542 παμπόνηρος,
1195 2467 1476 2535 ἰδιωτικῆς
1526 2466 1620 2521 καὶ
1653 2464 1862 2540 ἀλόγου

213 2559 378 2631 δόξης
432 2560 522 2615 καὶ
572 2555 744 2638 φόϐου
803 2559 902 2613 οὐκ
958 2557 1198 2614 ἐλάττων
1259 2554 1353 2611 ὤν.
1420 2581 1448 2607 ››
1523 2559 1697 2609 Ταῦσα
1768 2555 1860 2624 μὲν

216 2654 512 2710 Ὶουστῖνος
546 2667 560 2678 '
623 2648 704 2703 ὅτι
766 2646 823 2702 δὲ
878 2649 1014 2702 κατὰ
1069 2649 1168 2716 τήν
1214 2647 1377 2701 αὐτοῦ
1422 2642 1724 2717 πρόρῥησιν
1762 2643 1862 2697 ὑπὸ

213 2739 413 2794 τούτου
473 2736 540 2807 δὴ
597 2741 693 2792 τοῦ
747 2739 1082 2811 Κρήσκεντος
1137 2737 1200 2790 τὸ
1249 2737 1363 2788 κατ’
1421 2734 1585 2788 αὐτοῦ
1662 2731 1862 2807 συρρά-

214 2849 414 2890 καντος
467 2822 785 2882 διαϐούλιον
839 2825 1205 2893 τετελείωται,
1251 2824 1473 2897 ἀπόχρη
1523 2823 1612 2876 καὶ
1672 2829 1863 2876 Tama-

217 2923 300 2987 νῷ
358 2920 643 2987 παριστᾶν,
703 2912 857 2987 ἀνδρὶ
912 2915 1002 2968 τὸν
1067 2912 1163 2986 μὶν
1207 2917 1422 2984 πρῶτον
1458 2909 1622 2964 αὑτοῦ
1659 2907 1773 2982 βίον
1810 2907 1862 2962 ἐν

212 3011 335 3066 τοῖς
395 3010 502 3060 τῶν
562 3004 846 3072 Ἑλλήνων
927 3005 1210 3076 μαθήμασι
1288 3001 1714 3073 σοφιστεύσαντι,
1773 2999 1863 3053 καὶ

219 3097 438 3170 βαθεῖαν
491 3094 756 3166 ἐσχηκότι
808 3093 962 3163 δόξαν
1012 3091 1065 3146 ἐν
1103 3094 1345 3158 τούτοις,
1381 3088 1481 3145 οὒκ
1510 3089 1776 3163 ἐλάχιστα
1808 3086 1865 3142 δὲ

212 3185 308 3238 καὶ
371 3184 592 3256 μνήμης
651 3181 772 3254 ἄξια
829 3179 919 3236 διὰ
978 3181 1155 3256 λόγων
1205 3183 1343 3253 ἡμῖν
1414 3177 1858 3234 καταλελοιπότι.

216 3275 416 3347 Γράφει
471 3271 646 3325 τοίνυν
705 3273 756 3325 ἐν
803 3275 880 3341 τῷ
932 3271 1069 3343 πρὸς
1125 3269 1400 3340 ’Έλληνας
1472 3268 1638 3323 αὑτοῦ
1714 3264 1863 3340 λόγῳ

218 3361 429 3421 οὕτως’
493 3381 520 3409 ‹‹
577 3361 674 3414 Καὶ
729 3360 756 3412 ὁ
823 3359 1264 3431 θαυμαςιώτατος
1322 3359 1610 3418 Ἰουστῖνος
1690 3356 1864 3430 ὀρθῶς

219 3450 570 3529 ἐξεφώνησεν,
616 3447 846 3504 ἐοικέναι
895 3451 1024 3511 τοὺς
1074 3448 1506 3523 προιερημὲνους
1557 3448 1802 3522 λῃσταῖς.
1833 3472 1862 3498 υ

222 3541 356 3598 Εἶτα
409 3542 496 3596 καὶ
556 3561 674 3595 τινα
730 3538 872 3596 ἄλλα
929 3541 1052 3613 περὶ
1126 3544 1234 3595 τῶν
1311 3538 1619 3615 φιλοσόσων
1697 3533 1893 3592 εἰπὼνί

222 3631 466 3707 ἐπιφέρει
504 3649 516 3663 ’
578 3655 604 3682 (ι
667 3633 922 3703 Κρήσκης
977 3628 1066 3684 οὖν
1125 3628 1490 3690 ἐννεοττεύσας
1547 3631 1616 3692 τῇ
1653 3626 1864 3702 μεγάλῃ

222 3722 409 3789 πόλει,
458 3718 810 3794 παιδεραστίᾳ
861 3721 954 3792 μὲν
1004 3721 1206 3781 πάντας
1269 3720 1617 3792 ὑπερήνεγκε,
1665 3720 1865 3794 φιλαρ-

222 3810 386 3884 γύρίᾳ
417 3809 473 3865 δὲ
527 3812 666 3865 πάνυ
723 3811 1007 3886 προσεχὴς
1065 3811 1130 3876 ἦν
1179 3828 1192 3840 ·
1253 3810 1482 3862 θανάτου
1531 3805 1588 3862 δὲ
1644 3809 1863 3861 ὁκατα-

225 3907 442 3973 φρονεῖν
523 3896 937 3973 συμϐουλεύων,
1005 3899 1181 3960 οὕτως
1267 3899 1424 3960 αὐτὸς
1501 3896 1693 3953 ἐδεδίει
1778 3898 1866 3950 τὸν

224 3991 467 4055 θάνατον,
521 3991 595 4052 ὡς
650 3989 739 4043 καὶ
791 3990 1101 4054 Ἰουστῖνον,
1150 3988 1389 4061 καθάπερ
1441 3987 1662 4061 μεγάλῳ
1692 3991 1862 4056 κακῷ,

217 4085 300 4148 τῷ
347 4080 557 4149 θανάτῳ
605 4073 920 4151 περιϐαλεῖν
984 4076 1514 4150 πραγματεύσασθαι.
1563 4077 1712 4130 Διὸτι
1759 4096 1866 4144 κη-

1015 4164 1238 4240 λίχνους
1312 4165 1443 4225 τοὺς
1530 4163 1864 4241 φιλοσόφους

1121 4278 1150 4306 ››
1231 4256 1333 4311 Καὶ
1407 4255 1671 4322 τοιαύτην
1769 4255 1862 4326 μὲν

220 4350 396 4403 αἰτίαν
431 4348 557 4423 ἔσχε
584 4351 646 4403 τὸ
666 4350 801 4403 κατά
833 4351 1121 4403 Ἰουστῖνον
1160 4346 1473 4421 μαρτύριον.

221 4177 434 4237 ρύττων
489 4171 588 4235 τήν
656 4166 936 4236 ἀλήθειαν,

219 4256 311 4309 καὶ
373 4257 687 4318 ἀπατεῶνας
755 4254 1035 4330 συνέλεχε.
1121 4278 1150 4306 ››
1231 4256 1333 4311 Καὶ
1407 4254 1671 4322 τοιαύτην

1976 596 2155 659 retur,
2189 591 2456 647 Justinus
2486 591 2853 655 convicisset,
2888 607 3019 646 cum
3065 591 3352 662 improbis
3381 593 3628 663 quibus-

1977 681 2113 736 dam
2137 681 2234 752 qui
2266 684 2644 751 magistratus
2695 680 2990 752 gerebant,
3013 687 3186 753 atque
3237 682 3438 738 itidem
3497 701 3622 740 cum

1975 770 2106 826 aliis
2162 770 2260 826 ille
2325 769 2760 842 conspiratione
2809 775 3010 826 contra
3087 771 3390 828 Justinum
3451 774 3623 842 facta,

1976 859 2282 915 tormentis
2339 858 2792 930 quamplurimis
2849 875 2984 915 eum
3035 861 3246 928 affecit,
3306 866 3363 916 et
3409 870 3634 933 postre-

1976 967 2072 1005 mo
2135 950 2346 1020 gladiis
2420 949 2590 1005 etiam
2678 949 2942 1019 confecit,
2997 967 3140 1006 veras
3216 969 3455 1024 prorsus
3530 974 3626 1012 sa-

1975 1041 2203 1111 pientiae
2228 1044 2600 1095 ectatorum.
2635 1039 2719 1095 Ita
2775 1039 2873 1095 ille
2926 1039 2998 1095 ad
3057 1041 3450 1100 desideratum
3509 1046 3620 1101 sibi

1974 1129 2268 1185 Christum
2292 1128 2537 1185 transiit.
2572 1128 2704 1191 Quae
2746 1134 2942 1184 autem
2988 1145 3268 1200 passurus
3317 1133 3522 1202 fuerat,
3555 1152 3623 1191 ea

1974 1223 2144 1273 antea
2164 1234 2397 1290 quoque
2427 1219 2484 1273 in
2524 1235 2592 1274 ea
2648 1233 2823 1288 quam
2868 1219 3145 1287 diximus,
3173 1221 3490 1289 posteriore
3532 1225 3625 1279 de-

1973 1307 2232 1362 fensione
2265 1307 2532 1362 divinans
2567 1307 2854 1377 praedixit,
2889 1308 2959 1362 ad
2989 1306 3146 1364 hunc
3195 1310 3433 1366 modum
3481 1313 3624 1368 scri-

1971 1396 2115 1452 bens
2149 1413 2161 1451 :
2194 1418 2223 1445 «
2253 1396 2369 1466 Ego
2401 1394 2634 1466 quidem
2670 1394 2917 1450 insidias
2949 1399 3006 1450 et
3048 1396 3402 1453 fustuarium
3437 1415 3621 1472 exspe

1971 1491 2117 1541 ctoa
2157 1485 2457 1557 quopiam,
2492 1485 2592 1556 qui
2644 1483 2892 1554 alicujus
2949 1484 3028 1540 sit
3077 1486 3351 1556 nominis,
3383 1488 3473 1544 vel
3543 1490 3614 1545 ab

1971 1576 2097 1646 ipso
2129 1577 2304 1630 etiam
2335 1575 2640 1629 Crescente
2671 1574 2996 1645 insipiente,
3022 1579 3368 1647 arrogantiae
3399 1579 3615 1651 quippe

1969 1667 2152 1736 magis
2185 1681 2362 1736 quam
2413 1664 2703 1732 sapientiae
2736 1668 2991 1718 amante.
3027 1664 3310 1736 Indignus
3357 1684 3610 1738 namque

1967 1759 2076 1820 est,
2109 1755 2211 1825 qui
2242 1753 2622 1826 philosophus
2649 1761 2702 1808 et
2733 1753 3027 1824 sapientiae
3067 1760 3291 1811 amator
3333 1757 3557 1813 dicatur
3593 1773 3606 1811 :

1968 1850 2270 1914 propterea
2300 1844 2454 1914 quod
2488 1843 2719 1913 publice
2749 1844 2820 1898 de
2841 1844 3012 1900 rebus
3044 1861 3192 1916 quas
3239 1845 3492 1917 ignorat,
3512 1829 3617 1902 ’ἰνί-

1967 1933 2174 1990 delicet
2203 1934 2357 2005 quod
2387 1932 2698 1987 Christiani
2728 1933 2882 1988 athei
2931 1950 3282 2006 prorsusque
3322 1935 3449 1992 sine
3496 1936 3613 1992 Deo

1968 2025 2024 2078 et
2054 2023 2219 2094 impii
2251 2026 2388 2088 sint,
2418 2026 2728 2088 asseverat,
2743 2023 2814 2076 ad
2839 2023 3088 2092 gratiam
3113 2028 3169 2078 et
3188 2023 3487 2080 libidinem
3515 2041 3618 2081 eo—

1966 2128 2099 2166 rum
2132 2111 2228 2182 qui
2258 2109 2328 2165 ab
2359 2126 2424 2165 eo
2448 2113 2588 2164 sunt
2621 2110 2678 2163 in
2709 2126 2960 2166 errorem
2993 2111 3238 2181 seducti,
3272 2113 3326 2167 id
3376 2113 3612 2169 faciens.

1966 2202 2026 2258 Si
2059 2202 2215 2255 enim
2238 2200 2559 2255 doctrinam
2585 2199 2816 2267 Christi,
2851 2216 3027 2270 quam
3087 2217 3201 2256 non
3259 2201 3469 2272 attigit,
3520 2219 3617 2258 re—

1969 2289 2382 2361 prehendendo
2414 2288 2751 2359 proscindit.
2803 2288 3276 2359 improbissimus
3323 2294 3430 2358 est,
3461 2290 3618 2346 idio-

1968 2381 2044 2436 tis
2065 2385 2240 2450 atque
2272 2379 2524 2433 indoctis
2555 2377 2892 2433 hominibus
2921 2378 3108 2434 multo
3158 2380 3426 2448 deterior,
3461 2381 3613 2438 268

1968 2469 2070 2540 qui
2113 2483 2264 2538 saepe
2303 2469 2374 2522 de
2421 2467 2594 2523 rebus
2642 2482 2788 2538 quas
2836 2467 3124 2536 ignorant,
3159 2469 3316 2540 loqui
3363 2473 3420 2524 et
3469 2470 3614 2527 falso

1970 2559 2268 2615 testificari
2302 2558 2709 2629 supersedent;
2725 2559 2824 2613 sed
2842 2557 2886 2612 si
2902 2557 3287 2614 Christianam
3303 2559 3615 2629 professio-

1971 2665 2101 2703 nem
2130 2646 2360 2712 didicit,
2393 2651 2494 2702 aut
2527 2646 2973 2717 amplitudinem
3005 2647 3132 2717 ejus
3164 2663 3276 2702 non
3310 2647 3616 2719 intellexit,

1969 2744 2072 2794 aut
2103 2743 2253 2793 certe
2285 2735 2581 2805 intellexit,
2604 2741 2660 2791 et
2685 2751 2754 2790 ne
2767 2735 3132 2791 Christianus
3151 2753 3278 2792 esse
3308 2744 3622 2809 suspectus

1971 2828 2090 2894 fiat,
2121 2843 2237 2882 non
2269 2826 2645 2882 criminatur:
2681 2825 2872 2895 itaque
2897 2824 3066 2896 longe
3086 2827 3275 2881 adhuc
3292 2832 3381 2882 est
3401 2827 3621 2898 impor-

1971 2918 2185 2984 tunior,
2220 2914 2616 2986 nihilingenui
2639 2921 2693 2968 et
2716 2913 2973 2969 liberalis
2996 2914 3214 2985 ingenii
3257 2915 3501 2983 habens,
3537 2921 3624 2972 ut-

1973 3011 2104 3076 pote
2131 3004 2327 3075 inepta
2357 3008 2414 3057 et
2441 3001 2982 3072 abeurdaopinione
3003 3002 3111 3070 vir,
3144 3005 3451 3076 timorique
3481 3021 3619 3060 sor-

1971 3092 2106 3148 dido
2136 3093 2443 3156 obnoxius.
2474 3112 2501 3140 »
2530 3091 2658 3144 Haec
2688 3091 2980 3146 Justinus.
3016 3092 3175 3158 Quod
3225 3097 3419 3149 autem
3455 3095 3620 3163 juxta

1974 3199 2141 3238 suam
2174 3182 2362 3252 ipsius
2408 3181 2840 3252 praedictionem
2862 3198 2896 3234 a
2915 3181 3239 3251 Crescente,
3264 3183 3365 3253 qui
3421 3188 3624 3239 auctor

1976 3273 2136 3327 initae
2163 3280 2361 3327 contra
2390 3287 2522 3325 eum
2565 3269 2981 3339 conjurationis
3041 3271 3174 3337 fuit,
3226 3270 3488 3328 sublatus
3525 3273 3624 3342 sit,

1973 3362 2260 3416 Tatianus
2294 3359 2440 3415 satis
2483 3363 2751 3425 testatur,
2776 3360 2858 3414 vir
2905 3360 3195 3429 egregius,
3220 3360 3320 3431 qui
3380 3363 3623 3431 primam

1973 3455 2200 3505 aetatem
2225 3449 2554 3504 Graecorum
2580 3448 2906 3518 disciplinis
2928 3448 3207 3502 docendis
3237 3452 3623 3520 consumpsit,

1975 3553 2363 3610 magnamque
2392 3539 2450 3590 in
2484 3539 2567 3591 eis
2599 3537 2831 3591 laudem
2868 3539 2957 3591 est
3004 3541 3371 3604 consecutus,
3403 3540 3623 3609 quique

1975 3655 2089 3692 non
2123 3652 2308 3706 pauca
2339 3634 2624 3688 memoria
2654 3633 2831 3702 digna
2862 3633 3031 3687 nobis
3063 3633 3237 3687 etiam
3280 3634 3498 3704 scripta
3529 3651 3621 3689 re-

1975 3726 2165 3796 liquit.
2200 3727 2253 3779 Is
2279 3723 2550 3794 itaquein
2583 3723 2841 3777 oratione
2881 3739 2988 3777 sua
3018 3722 3089 3777 ad
3121 3722 3448 3779 Grmcosita
3483 3723 3624 3778 scri-

1978 3816 2063 3869 bit
2094 3831 2106 3868 :
2138 3835 2165 3863 ‹‹
2198 3814 2265 3868 Et
2292 3811 2564 3867 Justinus
2615 3811 3000 3865 admiratione
3047 3813 3309 3867 omnium
3352 3811 3632 3882 dignissi-

1978 3918 2105 3958 mus
2140 3906 2287 3956 recte
2319 3915 2418 3953 eos
2471 3899 2542 3952 de
2581 3897 2793 3964 quibus
2850 3897 3104 3953 diximus
3139 3899 3465 3968 persimiles
3496 3914 3624 3954 esse

1978 3989 2345 4064 praedonibus
2373 3987 2735 4043 exclamavit.
2772 4010 2793 4038 ι
2832 3986 3047 4042 Deinde
3078 3987 3209 4042 aliis
3259 3987 3621 4059 quibusdam,

1977 4083 2047 4136 de
2086 4077 2466 4149 phiIOSOphis,
2522 4077 2696 4131 rebus
2747 4078 3048 4148 expositis,
3101 4077 3315 4133 infert:
3363 4078 3623 4148 «Itaque

1975 4173 2248 4226 Crescens
2270 4183 2401 4222 cum
2425 4167 2482 4221 in
2516 4182 2732 4237 magna
2765 4169 2904 4221 urbe
2933 4165 3292 4221 domicilium
3340 4166 3620 4224 collocas-

1977 4265 2083 4324 set,
2124 4256 2358 4311 lascivia
2399 4256 2634 4327 quidem
2684 4256 2742 4310 in
2788 4271 2996 4324 pueros
3062 4271 3267 4310 omnes
3314 4272 3624 4328 exsupera-

1979 4351 2099 4402 bat.
2131 4346 2397 4401 Avaritiee
2428 4351 2622 4400 autem
2657 4345 2825 4402 valde
2881 4343 3112 4399 deditus
3157 4349 3300 4399 erat.
3334 4346 3440 4410 Qui
3483 4362 3618 4400 vero

217 4441 350 4494 aliis
407 4442 613 4495 mortis
671 4445 1070 4508 contemptum
1157 4437 1458 4501 suadebat,
1509 4439 1591 4492 ita
1639 4454 1763 4492 eam
1836 4438 1959 4508 ipse
2009 4435 2318 4500 metuebat,
2377 4440 2442 4488 ut
2504 4434 2737 4489 Justino
2803 4441 3067 4494 mortem.
3124 4432 3299 4488 veluti
3342 4449 3623 4504 magnum

215 4532 454 4602 aliquod
492 4532 732 4594 malum,
767 4530 1198 4586 concinnaverit
1232 4545 1245 4584 :
1281 4536 1580 4599 prOpterea
1603 4531 1755 4598 quod
1803 4527 1899 4582 ille
1945 4527 2248 4581 veritatem
2305 4524 2648 4596 praedicans,
2682 4523 3060 4595 philosophos
3113 4522 3415 4579 helluones
3455 4533 3630 4593 atque

217 4624 570 4691 impostores
599 4636 723 4675 esse
745 4623 1027 4690 coarguit.
1062 4642 1090 4669 »
1121 4625 1306 4691 Atque
1339 4623 1454 4675 haec
1486 4619 1724 4690 quidem
1754 4618 1984 4672 Justino
2017 4615 2284 4686 martyrii
2315 4630 2491 4670 causa
2538 4615 2667 4669 fuit.

838 4768 1097 4819 ΚΕΦΑΛ.
1139 4769 1256 4819 AI".

216 4872 371 4942 Περὶ
425 4867 670 4943 ἄλλωνΔ
703 4871 1082 4943 μαρτύπων,
1119 4871 1199 4924 ὧν
1252 4871 1454 4943 αὐτὸς
1501 4873 1872 4932 Ἰουστῖνος

487 4941 548 4994 ἐν
578 4938 730 5012 ἱδίῲ
763 4938 1074 5014 ἐμνήσθην
1101 4941 1601 5018 συγγράμματι.

289 5065 348 5117 '0
381 5061 426 5116 δ’
459 5063 616 5124 αὐτὸς
639 5065 726 5118 καὶ
779 5064 969 5120 ἄλλων
1020 5067 1125 5140 πρὸ
1175 5065 1338 5120 αὐτοῦ
1375 5065 1700 5137 μνημονεύει
1738 5083 1871 5137 μαρ-

213 5154 398 5226 τύρων
436 5151 490 5206 ἐν
546 5158 614 5225 τῇ
673 5158 788 5208 κατ’
847 5154 1008 5209 αὐτὸν
1056 5155 1387 5229 Ἀπολογίᾳ,
1451 5154 1744 5228 χρησίμως
1799 5157 1868 5227 τῇ

219 5241 473 5298 ὑποθέσει
530 5241 620 5295 καὶ
671 5237 836 5297 ταῦτα
885 5244 1199 5314 παρατιθείς
1236 5263 1246 5277 ·
1281 5245 1355 5306 ὡς
1403 5243 1622 5319 γύναιον
1675 5243 1867 5315 ἰταμὸν

218 5334 329 5388 ἀπὸ
390 5330 577 5403 πείρας
635 5332 929 5404 ἀκολάστῳ
988 5334 1253 5406 συνάζύγη
1312 5333 1489 5409 ἀνδρίι
1549 5339 1636 5394 Ὡς
1699 5330 1756 5387 δὲ
1809 5335 1871 5388 τὸ

220 5422 359 5476 κατὰ
417 5421 654 5492 Χριστὸν
717 5424 877 5476 ποθεν
935 5417 1072 5496 ἔγνω
1135 5425 1450 5496 μυστήριον,
1507 5423 1757 5500 σώφρονά
1815 5442 1873 5476 τε

227 5512 352 5582 βίον
392 5512 688 5578 ἠσπάζετο,
721 5512 811 5565 καὶ
868 5512 958 5566 τὸν
1001 5508 1169 5584 ἄνδρα
1213 5512 1354 5566 οὕτω
1392 5514 1548 5585 βιοῦν
1579 5509 1777 5573 ἔπειθε,
1808 5512 1870 5566 τό

218 5621 281 5654 τε
319 5596 524 5669 μέλλον
583 5599 1031 5672 ὑποσημαίνουσα
1086 5604 1192 5672 πῦρ
1247 5605 1365 5661 τοῖς
1415 5600 1680 5672 ἀκολασίᾳ
1719 5620 1875 5674 χρω-

227 5689 414 5762 μένοις
440 5687 529 5742 καὶ
570 5693 689 5751 ταῖς
734 5688 956 5759 ἡδοναῖς
1007 5687 1386 5766 φλεγομένοις,
1426 5687 1537 5744 ἔστι
1588 5687 1634 5744 δ’
1666 5689 1756 5744 ὅτε
1780 5689 1870 5743 καὶ

1892 4768 1945 4833 D

2545 4758 2776 4815 CAPUT
2814 4758 3055 4816 XXXIII.

1981 4871 2054 4925 De
2082 4869 2212 4924 aliis
2240 4867 2600 4938 martyribus,
2634 4882 2864 4937 quorum
2890 4867 3006 4938 ipse
3032 4870 3280 4924 Justinus
3326 4869 3380 4924 in
3438 4868 3630 4936 singu-

2355 4941 2465 4994 lari
2492 4938 2723 5010 quodam
2753 4939 2938 4995 libello
2967 4939 3239 4997 meminit.

2053 5067 2212 5122 Idem
2243 5081 2376 5120 vero
2399 5066 2458 5120 in
2489 5065 2766 5137 Apologia
2796 5081 2897 5120 sua
2937 5064 3181 5121 aliorum
3214 5081 3446 5138 quoque
3495 5070 3631 5121 ante

1980 5172 2042 5213 se
2076 5160 2397 5228 martyrum
2447 5155 2765 5219 meminit;
2807 5159 2864 5208 et
2919 5165 3263 5226 argumento
3325 5155 3630 5227 proposito

1981 5247 2388 5317 percommode
2431 5243 2822 5310 subserviens,
2851 5242 2996 5297 illud
3030 5245 3205 5300 etiam
3263 5245 3461 5300 addit:
3495 5259 3630 5298 mu-

1982 5335 2280 5389 lierculam
2313 5348 2503 5388 rerum
2564 5332 2845 5386 malarum
2907 5349 3017 5387 usu
3078 5335 3473 5402 temerariam,
3504 5335 3626 5388 viro

1979 5426 2181 5479 itidem
2231 5423 2526 5477 luxurioso
2575 5422 2841 5491 junctam
2898 5421 3094 5478 fuisse.
3156 5421 3229 5478 Ut
3310 5430 3500 5478 autem
3559 5438 3629 5477 ea

1983 5513 2289 5585 mysticam
2313 5509 2528 5566 Christi
2582 5508 3000 5577 professionem
3062 5510 3331 5566 alicunde
3387 5511 3631 5582 perdidi-

1982 5604 2082 5668 cit,
2105 5617 2237 5657 cum
2272 5601 2464 5668 ipsam
2500 5599 2856 5654 moderatam
2887 5600 3406 5671 continentemque
3440 5602 3618 5654 vitam

1979 5690 2337 5762 complexam
2393 5703 2543 5758 esse,
2573 5692 2698 5745 tum
2741 5687 2896 5746 idem
2948 5703 3179 5760 quoque
3237 5690 3448 5747 marito
3490 5705 3630 5747 sua-
