4000 6220
209 334 332 397 965

1196 336 1808 401 ECCLESIASTIC/E
1849 335 2243 400 HISTOBIE
2286 335 2432 395 LIB.
2480 334 2585 394 III.

3497 338 3616 401 986

209 459 311 527 τήν
344 459 595 516 κόλασιν.
633 462 786 517 Ταῦτ’
827 461 1016 534 εἰπὼν,
1066 461 1252 539 ἐπάγει
1303 462 1472 539 ἅσπερ
1510 463 1707 522 ἄνωθεν
1749 467 1840 522 αύ-

1965 465 2047 522 ris
2081 464 2263 521 ﬁlium
2303 462 2738 535 philosophum.
2789 462 2912 518 Non
2944 463 3048 532 ita,
3099 466 3164 519 ut
3191 479 3350 522 sacro
3378 469 3610 524 senatui

206 553 308 604 τοῦ
349 550 532 626 φωνὰς
571 548 926 622 κατελέξαμεν
953 569 968 584 °
1018 575 1049 603 «
1084 552 1247 628 Κάγὼ
1277 552 1368 607 ούν
1411 551 1701 628 προσδοκῶ
1754 556 1854 611 ὑπὸ

205 659 356 701 τινος
413 642 522 694 τῶν
579 639 986 713 ὠνομασμένων
1045 635 1531 712 ἐπιϐουλευθῆναι.
1565 667 1594 695 ››
1651 643 1740 699 καὶ
1789 643 1856 699 τὰ

209 728 356 800 ἑξῆς.
403 726 598 783 Πολλὰ
633 726 689 783 δὲ
737 729 826 782 καὶ
879 750 1036 791 ουτος
1086 729 1230 792 Θείας
1279 731 1368 784 καὶ
1417 729 1851 807 πεπαιδευμένης

206 815 383 878 ῦντως
412 819 598 892 ψυχῆς
630 817 1028 874 καταλέλοιπεν
1073 820 1464 892 ὑπομνήματα,
1512 822 1688 892 πάσης
1731 825 1851 878 θεο-

203 905 397 984 σοςρίας
454 905 545 960 καὶ
608 903 907 981 ὑπερτέρας
968 909 1223 984 γνώσεως
1281 904 1543 981 ἔμπλεω⁶
1603 912 1726 986 περὶ
1777 911 1852 967 ὧν

203 993 256 1049 ἐν
289 996 368 1065 τῷ
402 995 535 1068 μετὰ
564 999 754 1050 τοῦτον
784 993 1049 1072 έγκαίρως
1077 998 1235 1069 τόμῳ
1266 994 1669 1074 διαληψόμεθα.

1966 556 2256 624 convenit,
2293 553 2549 626 judicas,
2584 553 2801 610 Urbici.
2838 553 2905 610 Et
2934 553 3028 610 ille
3061 571 3176 610 non
3209 555 3365 613 aliud
3392 560 3462 614 ad
3491 560 3606 615 Lu-

1965 645 2120 702 cium
2153 645 2319 711 dixit,
2354 659 2530 715 quam
2565 659 2698 698 eum
2733 659 2968 714 quoque
2998 644 3172 700 talem
3205 644 3337 714 sibi,
3363 648 3612 719 quihac-

1964 741 2134 794 tenus
2186 736 2473 803 latuisset,
2531 734 2732 790 videri.
2790 735 2972 806 quue
3019 735 3115 792 ille
3162 753 3298 793 cum
3363 741 3610 798 maxime

1964 829 2372 895 asseverasset,
2405 823 2620 879 abduci
2668 839 2800 879 eum
2853 823 3024 879 simul
3085 827 3375 896 pracepit.
3419 827 3522 883 Cui
3551 845 3610 884 se

1963 915 2211 988 gratiam
2243 930 2474 986 quoque
2503 913 2600 968 ille
2633 911 2847 968 debere
2879 913 3177 984 professus
3223 923 3310 970 est
3343 932 3414 972 :a
3443 917 3612 972 malis

1960 1003 2179 1076 quippe
2211 1003 2463 1059 dominis
2505 1019 2566 1058 se
2597 1001 2850 1070 liberari,
2900 1006 2956 1058 et
2978 1003 3049 1057 ad
3081 1003 3265 1059 Deum
3297 1004 3522 1060 Patrem
3555 1008 3612 1060 et

204 1102 405 1159 regem
439 1087 733 1159 cptimum
765 1088 1038 1146 transire.
1070 1089 1153 1144 Ad
1201 1105 1344 1159 quos
1377 1092 1580 1146 tertius
1611 1092 1764 1149 alius
1813 1093 2015 1150 itidem
2065 1095 2330 1161 accessit,
2381 1093 2441 1148 in
2481 1108 2656 1164 quem
2702 1090 2987 1163 supplicio
3025 1109 3255 1164 quoque
3300 1101 3385 1149 est
3415 1093 3612 1150 anim-

206 1177 540 1233 adversum.
591 1177 695 1234 His
739 1177 822 1235 ita
864 1182 1358 1248 commemoratis,
1410 1184 1661 1240 Justinis
1695 1200 1759 1240 ea
1807 1200 1932 1256 qua
1976 1200 2156 1255 supra
2192 1183 2591 1256 exposuimus,
2640 1181 2874 1252 subjicit
2913 1181 3130 1238 verba:
3173 1204 3203 1233 «
3237 1184 3354 1254 Ego
3377 1184 3610 1255 quidem

207 1267 467 1324 insidias
497 1271 554 1324 et
584 1269 908 1327 fustuaium
955 1279 1244 1344 exspecto,
1286 1294 1316 1325 »
1366 1278 1475 1330 etc.
1511 1275 1697 1331 Multa
1748 1291 1882 1332 vero
1920 1275 1970 1331 is
2017 1291 2267 1347 quoque.
2318 1273 2516 1329 divina
2545 1273 2724 1345 probe
2771 1272 3093 1329 instructus
3121 1273 3400 1344 doctrina,
3429 1273 3612 1330 edidit

212 1355 457 1428 scripta,
516 1356 740 1416 calesti
797 1359 1061 1433 sapiente
1115 1377 1506 1436 supremaque
1562 1364 1808 1422 scientia
1837 1365 2066 1423 referta.
2124 1363 2203 1420 De
2259 1362 2472 1436 quibus
2525 1361 2586 1420 in
2634 1378 2700 1418 eo
2743 1361 2840 1433 qui
2895 1363 3163 1435 sequitur
3216 1367 3396 1434 torno,
3454 1378 3612 1420 com-

205 1448 384 1504 mode
415 1447 700 1510 dicemus.

829 1585 1086 1638 ΚΕΦΔΛ.
1128 1587 1248 1640 AA’.

409 1684 566 1761 Περὶ
596 1689 722 1741 τῶν
757 1684 818 1742 ἐν
849 1688 1036 1762 Ἀσίᾳ
1067 1689 1668 1767 μαρτυρησάντων.

279 1808 536 1874 Πολλοὺς
568 1807 627 1866 δὲ
655 1811 746 1866 καὶ
787 1811 993 1876 ἄλλους
1043 1813 1314 1891 μάρτυρας
1355 1815 1519 1892 λόγος
1557 1811 1674 1893 ἔχει
1714 1819 1852 1875 κατά

2530 1585 2762 1642 CAPUT
2811 1583 3047 1640 XXXIV.

2102 1698 2184 1752 De
2204 1693 2354 1759 aliis,
2386 1693 2482 1766 qui
2512 1695 2572 1750 in
2601 1694 2727 1750 Asia
2754 1693 3024 1764 martyrio
3052 1697 3183 1748 sunt
3212 1693 3515 1765 per/uncti.

2033 1821 2088 1877 M
2109 1820 2264 1877 ultos
2287 1837 2419 1878 vero
2458 1824 2514 1876 et
2543 1819 2689 1876 alios
2719 1821 3002 1888 martyres
3032 1819 3091 1874 in
3116 1819 3249 1874 Asia
3278 1819 3460 1875 fuisse
3476 1833 3612 1876 con-

196 1903 310 1971 τὴν
369 1900 551 1959 Ἀσίαν
599 1899 971 1980 ἐνδιαπρέψαι,
1019 1907 1108 1960 καὶ
1159 1909 1323 1982 πρινή
1375 1908 1590 1982 Μάρκον
1658 1909 1840 1980 Αὐρή-

1963 1914 2099 1980 stat,
2123 1910 2468 1983 priusquam
2482 1915 2712 1968 Marcus
2727 1907 2994 1965 Aurelius
3017 1907 3358 1963 Antoninus.
3387 1908 3420 1964 J
3430 1906 3611 1966 ustini

204 1990 333 2046 λιον
394 1991 728 2063 Ἀντῶνῖνον,
784 1994 886 2048 ὑπὸ
947 1994 1236 2051 Ἰουστίνου
1302 1998 1391 2052 καί
1439 2019 1602 2053 τινων
1660 1995 1851 2054 ἄλλων

204 2077 653 2152 πιορακληθέντα,
703 2086 783 2153 τῷ
826 2087 996 2156 κοινῷ
1043 2090 1143 2154 τῆς
1196 2085 1370 2149 Ἀσίας
1419 2086 1744 2160 ἐπιστεῖλαι,
1784 2088 1852 2158 ἢν

205 2172 321 2246 πρὸ
391 2171 628 2249 βραχέος
697 2172 860 2229 αὐτοῦ
944 2172 1238 2245 ἐπιστολήν
1307 2175 1686 2253 πᾶρεθέμεθα,
1761 2180 1852 2235 καὶ

204 2265 414 2317 παῦσαι
451 2263 546 2317 τὸν
603 2259 889 2341 διωγμόν
941 2264 1028 2320 ὅτε
1080 2270 1348 2341 μεγίστων
1403 2271 1671 2339 κινήσεως
1715 2269 1852 2324 κατὰ

204 2353 314 2419 τήν
352 2351 530 2408 Ἀσίαν
568 2354 970 2429 γεγενημένων,
1012 2353 1107 2410 σὺν
1145 2354 1349 2430 πολλῷ
1387 2355 1606 2434 θυρύϐῳ
1635 2359 1726 2414 καὶ
1755 2361 1846 2415 τὸν

202 2440 488 2513 ὁμιλητήν
514 2445 623 2496 τῶν
656 2442 978 2498 ἂποστόλων
1027 2443 1411 2522 Πολύκαρπον,
1451 2452 1529 2520 τῷ
1568 2449 1847 2523 μαρτυρίῳ

196 2527 557 2597 τελειωθῆναί
602 2549 759 2606 φασιν
786 2551 798 2563 ·
833 2530 891 2592 ’ὸς
935 2533 1071 2604 μετά
1115 2533 1206 2588 τὸν
1255 2536 1664 2611 θαυματουργὸν
1710 2543 1846 2591 Βου-

194 2614 370 2671 κόλον
397 2623 497 2686 τῆς
529 2619 847 2692 Σμυρναίων
899 2617 1191 2690 ἐκκλησίας
1239 2624 1487 2699 ἡγήσατο
1514 2645 1526 2657 ·
1558 2625 1650 2679 καὶ
1682 2625 1842 2681 εἰσέτι

196 2702 250 2759 δ’
305 2705 585 2784 ἐγγράφως
642 2707 706 2762 τὸ
769 2707 1064 2783 μαρτύριον
1113 2709 1280 2765 αὐτοῦ
1338 2712 1551 2791 φέρεται
1581 2733 1592 2745 ο
1641 2715 1702 2769 οῦ
1751 2714 1843 2770 καὶ

190 2813 322 2849 τινα
359 2798 427 2869 τῇ
459 2795 710 2870 παρούσῃ
757 2796 961 2868 ἐντάξαι
999 2803 1181 2876 γραφῇ
1233 2801 1518 2875 ἀναγκαῖον
1569 2803 1702 2858 εἶναί
1749 2826 1841 2874 μοι

192 2884 464 2963 φαίνεται.
497 2886 563 2941 Ἡ
597 2883 653 2940 δὲ
682 2887 881 2960 γραφὴ,
916 2887 976 2941 ἐκ
1023 2889 1320 2963 προσώπου
1350 2893 1416 2961 ἧς
1462 2893 1624 2957 αὐτὸς
1656 2895 1841 2968 ἠγεῖτο

192 2973 336 3026 κατὰ
379 2973 476 3040 τήν
528 2974 712 3030 Ἀσίαν
765 2973 1054 3045 ἐκκλησίας
1103 2976 1238 3046 ἐστὶ,
1289 2984 1410 3042 ταῖς
1458 2982 1593 3035 κατὰ
1645 2983 1843 3038 Πόντον

191 3062 511 3137 παροικίαις
569 3065 635 3118 τὰ
693 3067 829 3139 πρὸς
887 3071 966 3138 τῷ
1011 3067 1154 3124 τέλει
1194 3069 1372 3144 τούτῳ
1429 3071 1689 3149 γενόμενα
1742 3071 1841 3148 ἒμ-

194 3158 341 3229 φανῆ
387 3154 731 3208 καθιστῶσαο
785 3153 932 3232 λέγει
985 3153 1043 3210 δὲ
1089 3155 1300 3220 οὕτως’
1351 3160 1412 3216 Ἦ
1445 3159 1707 3232 ἐκκλησία
1742 3166 1840 3218 τοῦ

194 3243 337 3296 Θεοῦ
392 3241 427 3309 ἡ
495 3245 832 3312 παροικοῦσα
900 3244 1172 3316 Σμύρναν,
1244 3250 1311 3321 τῇ
1381 3247 1677 3322 Ἐκκλησία
1739 3255 1834 3306 τοῦ

194 3332 335 3385 Θεοῦ
364 3328 434 3403 τῇ
464 3331 798 3406 παροικούσῃ
829 3330 879 3386 ἒν
932 3301 1311 3409 ᾧιλομηλίφς
1343 3337 1432 3392 καὶ
1476 3301 1675 3401 πάσαιέ
1715 3346 1833 3403 ταῖς
1873 3301 1914 3369 C

193 3419 339 3472 κατὰ
403 3420 574 3475 πάντα
637 3419 838 3490 τόπον,
906 3420 1063 3496 ἁγίας
1129 3423 1428 3496 καθολικῆς
1513 3430 1840 3500 Ἐκκλησίας

193 3509 534 3581 παροικίαις,
581 3507 758 3579 ἔλεος,
808 3509 1025 3584 εῗρήνη,
1057 3514 1145 3567 καὶ
1192 3513 1376 3590 ἀγάπη
1429 3521 1565 3572 Θεοῦ
1612 3521 1839 3595 Πατρὸς,

193 3597 289 3652 καὶ
323 3597 520 3672 Κυρίου
551 3599 713 3671 ἡμῶν
743 3602 924 3670 Ἰησοῦ
954 3603 1190 3676 Χριστοῦ
1240 3605 1598 3676 πληθυνθείη.
1653 3610 1842 3683 Ἐγρά-

195 3691 378 3761 ψαμεν
436 3688 586 3762 ὑμῖν,
648 3685 896 3766 ἀδελφοί,
925 3690 992 3746 τὰ
1038 3693 1174 3748 κατὰ
1217 3693 1344 3757 τοὺς
1398 3699 1840 3771 μαρτυρήσαντας

191 3777 287 3831 καὶ
335 3777 428 3831 τὸν
490 3780 758 3852 μακάριον
815 3781 1218 3855 Πολύκαρπον·
1281 3784 1426 3846 ὅστις
1484 3785 1663 3862 ὥσπερ
1722 3788 1837 3844 έπι·

195 3867 502 3942 σφραγίσας
571 3865 659 3922 διὰ
723 3876 822 3938 τῆς
893 3871 1190 3946 μαρτυρίας
1268 3874 1455 3947 αὐτοῦ,
1541 3877 1840 3934 κατέπαυσε

191 3957 286 4010 τὸν
324 3953 564 4030 διωγμόν
592 3977 605 3990 ’
649 3959 737 4012 καὶ
781 3959 1049 4034 ἔρχονταί
1079 3983 1140 4036 γε
1185 3961 1336 4024 εὐθὺς
1384 3965 1488 4038 πρὸ
1519 3969 1614 4020 τοῦ
1667 3964 1839 4021 Πολυ-

191 4047 412 4118 κὰρπου
479 4051 589 4100 τῶν
656 4045 843 4102 ἄλλων
915 4051 1200 4126 μαρτύρων
1283 4054 1650 4127 θαυμάζοντες
1712 4057 1839 4117 τοὺς

190 4135 420 4205 ἄθλους,
462 4139 612 4202 ὅπως
656 4135 995 4211 κατέπληξαν
1040 4147 1156 4204 τοῖς
1205 4141 1397 4208 ἄθλοις
1451 4147 1580 4208 τοὺς
1627 4147 1834 4220 θεωμέ-

190 4245 343 4287 νους.
375 4225 520 4287 Τινὲς
573 4228 666 4299 μὲν
699 4228 803 4301 γὰρ
839 4229 1015 4284 αὐτῶν
1068 4230 1210 4286 οὕτω
1255 4238 1372 4296 ταῖς
1408 4235 1622 4306 μάστιξι
1668 4236 1835 4311 μέχρι

185 4318 302 4368 τῶν
359 4311 656 4369 ένδοτάτων
713 4312 930 4387 φλεϐῶν
996 4339 1052 4374 τε
1116 4321 1203 4375 καὶ
1259 4321 1532 4398 ἀρτηριῶν
1591 4331 1834 4398 κατεξαί-

185 4425 368 4472 νοντο,
420 4405 494 4466 ὡς
535 4407 623 4459 καί
661 4408 729 4460 τὰ
767 4407 817 4460 έν
863 4414 1066 4483 μυχοῖς
1114 4410 1399 4486 ἀπόρρητα
1443 4418 1538 4468 τοῦ
1582 4417 1832 4488 σώματος

183 4494 371 4548 αὐτῶν
433 4493 573 4566 μέλη
635 4499 724 4549 καὶ
783 4496 1077 4573 σπλάγχνα
1151 4501 1616 4558 κατοπτεύεσθαι·
1668 4504 1834 4561 ἄλλοι

188 4584 388 4656 κήρυξι
448 4589 565 4648 τοῖς
619 4584 726 4638 ἄπὸ
785 4584 1060 4657 Θαλάσσης
1110 4590 1197 4644 καὶ
1255 4588 1449 4654 ἄλλοις
1526 4589 1834 4658 ὀϐελίσκοις

1965 2001 2332 2072 aliorumque
2382 2000 2848 2057 Christianorum
2897 1996 3106 2054 libellis
3140 2005 3456 2067 permotus,
3487 1999 3610 2070 epi-

1963 2090 2132 2158 stola,
2168 2106 2346 2161 quam
2377 2089 2552 2162 paulo
2583 2093 2719 2146 ante
2749 2087 3078 2153 retulimus,
3094 2087 3165 2143 ad
3195 2087 3342 2144 Asia
3364 2087 3608 2160 populos

1962 2179 2163 2247 missa,
2223 2180 2684 2250 persecutionem
2747 2177 3052 2235 cohibuit:
3107 2193 3221 2248 quo
3263 2181 3518 2249 tempore
3548 2176 3608 2231 in

1961 2269 2232 2325 maximis
2259 2268 2410 2326 Asia
2447 2269 2708 2324 motibus
2737 2275 2792 2323 et
2815 2266 3039 2338 ingenti
3071 2265 3354 2335 tumultu,
3386 2271 3612 2338 aposto-

1956 2359 2148 2415 lorum
2178 2363 2429 2415 sectator
2459 2357 2817 2431 Polycarpus
2853 2357 3130 2429 martyrio
3152 2365 3237 2412 est
3268 2357 3608 2416 defunctus:

1957 2449 2056 2519 qui
2090 2456 2217 2520 post
2262 2447 2542 2505 Bucolum
2593 2447 3060 2504 admirandorum
3099 2462 3338 2518 operum
3369 2447 3602 2504 eﬁ'ecto-

1954 2555 2101 2608 rem,
2163 2539 2596 2612 Smyrnaorum
2643 2537 2893 2593 ecclesia
2951 2537 3199 2608 prafuit.
3249 2536 3594 2609 Martyrium

1952 2643 2086 2684 vero
2117 2629 2262 2698 ejus,
2320 2627 2378 2683 in
2437 2628 2653 2698 scripto
2683 2627 2856 2683 hodie
2895 2642 3125 2699 quoque
3164 2626 3588 2697 circumfertur,

1953 2719 2104 2790 quod
2146 2719 2202 2773 in
2251 2734 2495 2790 persona
2519 2719 2646 2788 ejus
2678 2734 2849 2790 quam
2883 2717 2941 2772 in
2973 2717 3108 2773 Asia
3139 2715 3285 2773 rexit
3311 2717 3588 2788 ecclesia,

1952 2809 2021 2863 ad
2073 2807 2328 2864 ecclesia
2375 2807 2542 2863 Ponti
2596 2807 2842 2876 editum,
2899 2815 3218 2863 extremum
3268 2807 3396 2877 ejus
3459 2807 3586 2862 vita

1951 2901 2146 2954 actum
2200 2897 2354 2953 clare
2383 2898 2636 2969 exponit.
2672 2897 2836 2952 Unde
2868 2895 3060 2969 aliqua
3112 2902 3309 2954 nostro
3357 2911 3591 2969 quoque

1949 2988 2107 3059 operi
2137 2989 2390 3044 inserere
2443 2987 2674 3059 placuit.
2710 2987 2892 3043 Verba
2938 2988 3065 3056 ejus
3116 2987 3234 3042 hac
3265 2994 3402 3042 sunt
3433 3003 3446 3042 :
3481 2987 3592 3042 Ec-

1949 3076 2126 3133 clesia
2180 3078 2280 3133 Dei
2315 3094 2437 3147 qua
2488 3077 2751 3150 Smyrna
2800 3080 2907 3144 est,
2964 3075 3115 3133 21]
3190 3075 3453 3132 Ecclesia
3489 3075 3588 3131 Dei

1949 3167 2100 3237 aqud
2126 3166 2559 3236 Pbilomelium,
2593 3165 2983 3237 omnibusque
3015 3165 3232 3236 ubique
3263 3170 3480 3221 sancta
3499 3181 3590 3222 ca-

1949 3256 2176 3312 tholica
2214 3255 2480 3312 Ecclesi
2541 3255 2824 3327 paraciis,
2879 3253 3300 3322 misericordia,
3359 3271 3488 3326 pax,
3535 3258 3594 3311 et

1953 3346 2204 3402 charitas
2250 3346 2346 3400 Dei
2401 3347 2614 3412 Patris,
2645 3350 2700 3400 et
2729 3344 2960 3400 Domini
2993 3343 3171 3400 nostri
3202 3344 3341 3400 Jesu
3373 3343 3590 3400 Christi

1952 3433 2396 3504 multiplicetur.
2452 3432 2808 3504 Scripsimus
2847 3432 3029 3500 vobis,
3065 3432 3287 3498 fratres,
3322 3431 3392 3487 de
3431 3446 3594 3488 mar-

1952 3523 2198 3594 tyribus,
2231 3530 2286 3578 et
2343 3524 2508 3577 beato
2539 3521 2853 3593 Polycarpo
2901 3537 2914 3576 :
2948 3521 3048 3592 qui
3079 3520 3254 3576 veluti
3295 3519 3593 3592 signaculo

1952 3613 2208 3684 quodam
2255 3611 2562 3682 impresso,
2597 3627 2698 3683 per
2743 3609 3088 3683 martyrium
3120 3626 3293 3666 suum
3327 3625 3596 3681 persecu-

1952 3701 2165 3756 tionem
2219 3700 2498 3756 cobibuit.
2532 3700 2597 3754 Et
2627 3699 2856 3754 initium
2887 3699 3179 3755 scribendi
3209 3698 3429 3754 faciunt
3458 3702 3593 3755 ante

1951 3789 2353 3862 Polycarpum,
2387 3789 2458 3844 de
2490 3788 2840 3860 martyribus
2889 3789 3040 3858 aliis,
3079 3805 3328 3861 quorum
3359 3788 3594 3860 egregia

1950 3879 2320 3936 admirantur
2348 3878 2688 3947 certamina,
2710 3879 2922 3949 quibus
2947 3879 3042 3934 alii
3067 3879 3218 3950 apud
3241 3883 3594 3949 spectatores

1948 3978 2245 4042 stuporem
2276 3969 2622 4026 excitarunt.
2653 3968 2896 4036 Quidam
2929 3984 3122 4025 eoram
3155 3969 3238 4024 ita
3275 3968 3472 4040 ﬂagris
3517 3967 3594 4024 ad

1950 4062 2253 4117 interiores
2287 4077 2472 4130 usque
2501 4076 2672 4116 venas
2710 4064 2766 4115 et
2792 4059 3036 4115 arterias
3067 4062 3206 4115 sunt
3245 4058 3400 4128 casi,
3441 4062 3506 4114 ut
3535 4059 3592 4113 in

1949 4150 2165 4208 abditis
2195 4151 2422 4206 sinibus
2466 4153 2686 4206 secreta
2707 4149 2964 4220 corporis
2996 4147 3254 4204 membra
3274 4151 3330 4204 et
3357 4149 3483 4220 ipsa
3506 4146 3594 4202 vi-

1949 4257 2106 4299 scera
2136 4241 2632 4312 conspicerentur.
2665 4238 2911 4305 Quidam
2943 4238 3110 4294 humi
3142 4237 3310 4294 testis
3341 4237 3590 4294 marinis

1947 4331 2189 4402 allisque
2219 4331 2405 4387 acutis
2433 4329 2672 4402 spiculis
2696 4329 3208 4400 constratis,super
3222 4327 3591 4391 eacollocati,

1948 4427 2121 4492 atque
2138 4419 2271 4476 hinc
2283 4424 2339 4476 et
2361 4421 2496 4476 inde
2510 4418 2715 4490 raptati
2731 4422 2951 4486 sunt;et
2965 4434 3098 4474 mox
3113 4416 3381 4488 plurimis
3395 4416 3588 4472 omnis

1945 4511 2174 4584 generis
2205 4511 2411 4582 panis,
2442 4510 2751 4566 tormentis
2783 4513 2840 4566 et
2864 4509 3221 4566 cruciatibus
3251 4506 3472 4573 amicti,
3495 4523 3596 4578 po-

1946 4605 2162 4657 stremo
2194 4600 2396 4656 bestiis
2425 4603 2565 4656 sunt
2593 4599 2824 4670 objecti.
2843 4603 2905 4654 ln
2931 4597 3138 4670 primis
3161 4614 3293 4654 vero
3317 4596 3593 4668 martyrio

185 4671 334 4744 ὀξέσι
383 4675 518 4727 κατὰ
563 4680 666 4749 γῆς
721 4678 1184 4749 στρωννυμένοις’
1247 4680 1335 4734 καὶ
1395 4681 1587 4744 αὐτοὺς
1638 4681 1836 4740 ἄνωθεν

1953 4690 2222 4747 enituisse
2279 4689 2483 4746 dicunt
2513 4688 2953 4755 Germanicum,
2987 4687 3081 4758 qui
3115 4685 3311 4742 divina
3358 4685 3592 4754 adjutus

185 4760 572 4835 ἐπισύρεσθαι⁶
625 4763 739 4819 εἶτα
789 4761 876 4819 διὰ
933 4767 1222 4822 κακώσεων
1265 4767 1538 4826 πλείστων
1581 4773 1671 4828 καὶ
1733 4775 1830 4849 βα-

186 4851 368 4904 σάνων
418 4853 686 4906 παντοίων
733 4853 823 4908 καὶ
872 4852 1252 4928 σερεϐλώσεων
1299 4861 1627 4934 προϊόντων,
1676 4863 1834 4926 τέλος

181 4939 380 5012 θηρσὶν
435 4939 511 5002 είς
577 4943 742 5017 βορὰν
799 4943 1247 5018 ἀποῤῥίπτεσθαι.
1305 4950 1443 5004 Φασί
1499 4973 1559 5026 γε
1611 4955 1719 5026 μὴν
1779 4954 1835 5009 εὖ

187 5027 342 5120 μαλα
371 5033 449 5120 τῷ
483 5033 762 5107 μαρτυρίῳ
807 5030 1100 5109 διαπρέψαι
1154 5041 1503 5112 Γερμανικὸν,
1556 5043 1832 5120 ὑπερῥωνο

179 5118 347 5172 νύντα
399 5117 490 5174 σῦν
549 5120 663 5191 θείᾳ
723 5123 910 5201 χάριτι
965 5125 1064 5194 τήν
1124 5125 1363 5205 ἔμφυτον
1419 5136 1514 5185 τοῦ
1581 5117 1836 5206 σώματος

181 5208 311 5281 περὶ
356 5207 446 5262 τὸν
495 5209 717 5266 θάνατον
779 5211 1002 5270 δειλίαν.
1061 5220 1168 5270 Τοῦ
1229 5216 1274 5273 δ’
1333 5220 1640 5278 ἀνθυπάτου
1699 5224 1835 5279 ὑποί-

178 5297 369 5370 γεσθαι
396 5300 592 5353 τοῦτον
654 5299 1014 5375 βουλομένου,
1065 5304 1154 5358 καὶ
1184 5307 1245 5361 τὸ
1294 5307 1498 5384 κομιδῇ
1529 5316 1625 5366 τοῦ
1658 5311 1834 5385 σώμα-

175 5406 275 5447 τος
313 5385 548 5459 ἀκμαῖον
581 5387 672 5444 σὺν
715 5390 831 5464 ὥρᾳ
869 5390 1039 5465 φειδώ
1078 5415 1194 5450 τινα
1244 5391 1392 5473 ἔχειν
1437 5397 1832 5476 προϐαλλομέ-

177 5495 303 5566 νου,
342 5476 417 5566 μὴ
456 5475 731 5566 μελλῆσαι
762 5479 853 5536 τθν
883 5481 1028 5557 ἱερὸν
1069 5485 1293 5558 νεανίαν,
1343 5487 1489 5546 ἀλλὰ
1532 5475 1833 5566 προθύμως

174 5563 240 5620 τὰ
275 5565 469 5639 θηρίον
519 5565 596 5630 εἷς
645 5570 836 5627 ἑαυτὸν
884 5570 1301 5649 ἐπισπάσασθαι,
1354 5563 1655 5658 μονονουχὶ
1709 5563 1830 5659 βίαν

175 5654 451 5728 ἐπάγοντα
503 5658 594 5712 καὶ
678 5660 1063 5738 παροξύνοντα,
1125 5666 1200 5728 ὡς
1258 5666 1319 5723 ἄν
1373 5690 1431 5746 γε
1477 5654 1673 5746 τάχίον
1709 5654 1826 5730 ’τοῦ

1942 4780 2146 4852 gratia,
2205 4779 2446 4834 insitum
2477 4779 2700 4849 corpori
2750 4778 2954 4834 mortis
3005 4781 3226 4832 metum
3275 4775 3588 4846 superavit.

1947 4871 2090 4925 Cum
2121 4868 2276 4923 enim
2302 4867 2611 4939 proconsul
2642 4867 2969 4924 subducere
2985 4881 3119 4921 eum
3144 4881 3212 4921 ex
3241 4864 3590 4936 reliquorum

1947 4963 2266 5029 martyrum
2325 4973 2568 5013 numero
2618 4956 2810 5023 vellet,
2870 4955 3222 5026 parcendum
3283 4969 3411 5010 esse
3441 4951 3595 5009 atati

1946 5047 2171 5102 ﬂorenti
2202 5050 2258 5102 et
2281 5047 2476 5102 forma
2508 5043 2817 5103 excellenti
2850 5059 3197 5116 suggerens,
3229 5043 3379 5100 nihil
3410 5059 3600 5100 mora-

1944 5141 2039 5192 tus
2070 5140 2159 5193 est
2214 5136 2571 5202 adolescens,
2629 5135 2728 5191 sed
2785 5150 2999 5206 magna
3045 5134 3228 5190 animi
3277 5134 3594 5204 cupiditate

1943 5225 2186 5281 bestiam
2229 5226 2286 5280 in
2340 5227 2601 5297 seipsum
2661 5222 2964 5296 pertraxit,
3026 5240 3154 5279 eam
3216 5227 3447 5280 tantum
3478 5239 3595 5279 non

1943 5331 2047 5387 per
2075 5316 2192 5370 vim
2219 5315 2457 5370 irritans
2480 5323 2651 5386 alque
2680 5311 3041 5380 concistans,
3075 5318 3136 5368 ut
3167 5313 3386 5370 scilicet
3416 5329 3594 5386 quam

1943 5404 2242 5461 celerrime
2273 5405 2342 5460 ab
2371 5403 2656 5476 improbis
2699 5402 3016 5474 impiorum
3048 5403 3353 5459 hominum
3383 5402 3594 5460 libera-

1942 5498 2101 5550 retur
2149 5493 2424 5550 moribus.
2459 5494 2600 5549 Tam
2661 5491 2884 5548 fortiter
2914 5495 3064 5548 certe
3123 5496 3179 5548 et
3220 5490 3463 5565 pulchre
3492 5508 3595 5564 per

1940 5587 2187 5642 mortem
2219 5592 2449 5656 propter
2478 5581 2771 5640 Christum
2803 5582 3147 5656 martyrium
3182 5599 3357 5640 suum
3391 5582 3590 5639 absol-

1936 5675 2038 5746 vit,
2072 5678 2138 5732 ut
2165 5689 2300 5734 eum
2332 5672 2649 5734 multitudo
2693 5673 3096 5745 demiraretur,
3130 5675 3186 5731 et
3215 5673 3287 5731 ad
3317 5671 3593 5730 virtutem
