4040 6224
146 239 274 295 969

1200 236 1776 300 ECCLESIASTICE
1821 239 2183 299 HISTOHLE
2223 241 2364 301 LIB.
2405 242 2507 302 III.

3421 239 3539 321 97.0

149 382 268 420 τειν
312 359 346 418 ’ὃ
407 363 778 439 συμϐουλεύετέ
831 382 941 438 μοι.
1006 363 1072 417 Ol
1129 359 1190 418 δε
1262 363 1618 438 ἀποτυχόντες
1671 374 1764 420 τοῦ

1887 367 2054 440 273
2089 368 2242 435 Quid
2297 383 2444 439 rogo
2487 368 2766 436 maliest,
2816 369 2868 427 si
2913 369 3102 440 dicas,
3132 371 3379 428 Domine
3409 373 3540 448 Cm;-

151 463 349 510 πεῖσαι
406 454 581 524 αὐτόν,
636 450 783 508 δεινὰ
825 454 1042 529 ῥήματα
1085 454 1277 527 ελεγον,
1309 460 1401 508 καὶ
1447 459 1575 529 μετὰ
1605 475 1769 510 σπου-

153 541 268 609 δῆς
315 548 603 620 καθῄρουν,
635 547 707 608 ὡς
754 548 1001 598 κατιόντα
1038 543 1140 598 ἀπὸ
1194 552 1289 598 τοῦ
1323 544 1600 619 ὀχήματος
1637 547 1771 599 ύπο-

152 637 328 708 σύραι
391 639 450 687 τὸ
511 633 868 707 ἀντικνήμιον.
928 630 1074 693 Μηδ¹
1141 633 1264 696 ὅλως
1333 631 1386 688 δ’
1439 635 1769 709 ἐπιστραφεὶς

153 724 470 783 εἰσήλαυνεν
497 723 570 786 εἰς
596 727 656 776 τό
691 719 931 776 στάδιον.
980 722 1358 776 Εἰσελαύνοντα
1386 720 1438 777 δ’
1469 720 1557 776 οὖν
1601 728 1768 797 φωνὴν

152 813 442 889 οὐρανόθεν
503 813 732 888 ῥαγῆναι
805 811 1050 885 λέγεται·
1092 811 1285 885 Ἰσχυε
1349 818 1438 866 καὶ
1493 809 1767 888 ἀνδρίζου,

149 903 495 976 Πολύκαρπε.
546 901 608 955 Ὀ
634 903 726 974 μὶν
772 898 861 955 οὖν
891 902 1048 955 εἰπὼν
1100 901 1316 965 ἀθέατος
1359 903 1419 962 ἦν
1443 919 1457 934 ο
1494 902 1668 956 πολλοί
1712 921 1771 975 γε

150 997 268 1065 μὴν
321 1000 421 1045 τῶν
474 994 732 1066 ἡμετέρων
795 990 1012 1054 ἑστῶτες
1068 994 1257 1053 ταύτης
1313 994 1378 1054 ὡς
1437 991 1579 1064 μάλα
1630 995 1771 1064 μετέ-

151 1100 325 1154 σχον.
380 1083 529 1137 Ἐπεὶ
570 1077 630 1134 δε
675 1086 766 1133 καὶ
807 1080 1061 1147 εἰσῆλθεν,
1105 1080 1152 1134 εἰ
1181 1080 1336 1143 αὐτὸς
1388 1084 1464 1140 εῖη
1507 1080 1772 1154 Πολύκαρ-

147 1191 280 1238 πος,
357 1180 561 1244 πρῶτον
645 1169 1036 1226 ἀνεπυνθάνετο.
1116 1177 1220 1223 Τοῦ
1299 1167 1359 1224 δε
1439 1171 1769 1243 συνθεμένου,

147 1258 483 1320 αἰδεσθῆναι
529 1265 624 1320 τὴν
677 1259 886 1319 ἠλικίαν
926 1259 1208 1330 εἰσηγεῖτο,
1240 1265 1332 1313 καὶ
1373 1264 1468 1318 τὴν
1510 1264 1774 1335 Καίσαρος

147 1350 370 1424 ὀμνύειν
425 1352 622 1422 τύχην,
678 1356 942 1422 μετανοεῖν
1003 1368 1058 1402 τε
1100 1355 1219 1411 »τοῖς
1290 1352 1772 1430 προσγεγενημένοις,

145 1445 252 1494 καὶ
293 1443 542 1513 μέγιστον
588 1437 921 1514 ἀνακράζειν,
980 1434 1107 1511 Αἶρε
1157 1441 1282 1500 τοὺς
1324 1437 1530 1500 ἀθέους.
1579 1444 1683 1491 Τοῦ
1715 1434 1774 1490 δὲ

152 1527 301 1604 μηδ’
377 1529 504 1590 ὅλως
590 1528 1044 1600 έπιστρεφομένου,
1129 1526 1359 1600 ἀνάγκην
1435 1528 1595 1599 έπῆγε
1677 1530 1774 1586 τὴν

155 1622 436 1693 Καίσαρος
481 1620 660 1690 τύχην
701 1615 988 1691 ἀναφέρειν,
1037 1620 1130 1669 καὶ
1176 1619 1264 1670 τὸν
1316 1619 1548 1690 Χριστόν
1596 1612 1769 1669 λοιδο.

1878 473 2000 525 sar,
2054 465 2112 515 et
2164 459 2214 514 si
2244 457 2563 526 sacriﬁcos,
2593 460 2916 533 salvusque
2962 460 3044 517 ita
3082 477 3332 517 maneas
3363 459 3390 516 τ
3431 461 3532 518 ille

1877 553 2079 604 autem
2133 547 2398 620 primum
2451 548 2534 604 eis
2581 565 2700 606 non
2739 549 3064 621 respondit.
3115 550 3534 607 lnsistentibus

1878 643 2081 694 autem
2130 637 2410 709 amplius,
2451 640 2580 694 Non
2617 655 2772 705 sum,
2813 639 3023 710 inquit,
3064 639 3328 695 facturus
3367 639 3535 712 quod

1877 725 2170 782 suadetis.
2202 728 2350 782 Tum
2380 725 2481 794 illi,
2511 727 2677 800 quod
2716 727 2770 783 ei
2820 744 2956 800 qum
2986 727 3198 784 vellent
3245 744 3366 784 non
3398 744 3533 801 per-

1880 815 2231 881 suasissent,
2259 815 2541 886 gravibus
2587 817 2783 872 virum
2811 817 3195 889 increparunt
3225 818 3443 883 verbis,
3477 823 3535 874 et

1876 920 2019 961 cum
2047 905 2277 976 impetu
2301 921 2372 961 ex
2392 904 2669 962 vehiculo
2694 906 3124 962 deturbarunt:
3157 923 3278 979 quo
3303 923 3446 963 casu
3475 907 3536 962 in

1879 992 2025 1049 tibia
2075 999 2162 1049 est
2198 994 2455 1062 graviter
2495 993 2688 1050 lmsus.
2723 993 2873 1051 Nihil
2903 999 3105 1050 autem
3135 995 3313 1050 rebus
3343 997 3536 1052 omni-

1879 1081 1993 1139 bus
2021 1089 2381 1152 commotus,
2405 1089 2506 1140 aut
2536 1089 2958 1149 commutatus,
2978 1084 3037 1138 in
3064 1084 3326 1140 stadium
3353 1101 3532 1143 suum

1881 1176 1970 1227 est
2020 1185 2412 1242 progressus:
2446 1175 2500 1227 et
2543 1171 3168 1243 progredientiecmlo
3213 1188 3324 1228 vox
3374 1158 3533 1230 into-

1882 1258 2083 1316 nuisse
2131 1258 2350 1315 fertur:
2386 1259 2571 1316 Fortis
2597 1266 2752 1326 esto,
2800 1265 2855 1316 et
2902 1260 3141 1316 viriliter
3192 1276 3326 1332 age,
3360 1261 3538 1334 Poly-

1882 1363 2082 1420 carpe.
2125 1354 2314 1421 Atque
2352 1351 2456 1420 qui
2501 1349 2659 1405 hanc
2707 1349 2893 1405 edidit
2940 1366 3171 1416 vocem,
3220 1350 3535 1408 invisibilis

1881 1439 2127 1512 quidem
2159 1437 2254 1493 ille
2283 1437 2392 1494 fuit
2417 1454 2431 1494 :
2465 1439 2570 1494 sed
2597 1438 2799 1510 plures
2823 1455 2896 1494 ex
2918 1438 3264 1494 hominibus
3290 1439 3536 1510 nostris,

1882 1526 1988 1600 qui
2021 1533 2147 1582 tum
2176 1526 2256 1583 ibi
2282 1526 2550 1593 aderant,
2586 1543 2721 1583 eam
2769 1527 3179 1583 exaudierunt.
3215 1530 3286 1584 Ut
3334 1533 3536 1585 autem

1881 1631 1954 1672 eo
1978 1616 2266 1688 pervenit,
2298 1631 2376 1672 an
2417 1616 2542 1688 ipse
2586 1616 2950 1688 Polycarpus
2991 1621 3167 1686 esset,
3200 1618 3464 1688 primum
3499 1634 3536 1675 a

156 1715 271 1782 ρεῖν
304 1725 321 1742 ο
373 1712 465 1760 καὶ
506 1715 661 1759 τοῦτο
700 1703 927 1782 δρῶντα,
979 1705 1128 1766 εὐθὺς
1173 1704 1616 1760 ἀπαλλάττεσθαι.
1671 1711 1771 1758 Πο-

1887 1705 2238 1779 proconsule
2264 1710 2352 1761 est
2378 1705 2810 1775 interrogatus:
2842 1720 3104 1778 cumque
3133 1705 3328 1762 fassus
3356 1712 3534 1774 esset,

158 1797 430 1872 λύκσρπον
489 1793 549 1849 δί
597 1799 730 1872 πρὸς
781 1802 950 1848 ταῦτα
1001 1795 1160 1848 εἰπεῖν
1191 1813 1206 1828 ·
1268 1791 1630 1867 Ὀγδοήκοντα
1678 1799 1769 1848 καὶ

162 1887 218 1950 ἓξ
252 1891 344 1947 ἔτη
377 1884 610 1940 δουλεύω
648 1885 812 1955 αὐτῷ,
867 1889 957 1938 καὶ
987 1882 1139 1938 οὐδέν
1168 1903 1232 1958 με
1261 1883 1472 1938 έκάκισε
1501 1901 1516 1915 ·
1548 1889 1635 1938 καὶ
1661 1892 1768 1946 πῶς

164 1973 405 2050 δύναμαι
453 1975 846 2049 βλασφημῆσαι
875 1979 964 2027 τὸν
1005 1975 1227 2028 Βασιλέα
1257 1978 1346 2027 τόν
1391 1975 1637 2027 σώσαντά
1662 1991 1764 2045 με;

159 2066 228 2123 Εἰ
281 2063 342 2119 δε
372 2069 440 2118 σὺ
494 2072 758 2141 προσποιῇ
802 2062 1001 2136 ἀγνοεῖν
1041 2065 1185 2125 ὅστις
1232 2064 1358 2137 εἰμὶ,
1409 2066 1526 2117 ἴσθι
1563 2060 1632 2122 δὴ
1687 2065 1769 2116 ὃτι

158 2160 484 2232 Χριστιανός
515 2156 623 2227 εἰμι
657 2171 670 2184 °
705 2154 750 2207 εἰ
785 2150 846 2207 δέ
873 2171 959 2207 σοι
996 2149 1090 2207 διὰ
1120 2149 1363 2214 σπουδῆς
1398 2156 1484 2205 τὸν
1523 2153 1769 2228 ἡμέτερον

161 2249 286 2321 ὅρον
315 2248 522 2319 μαθεῖν,
566 2250 749 2317 χώραν
797 2240 957 2298 δίδου
999 2251 1186 2317 καιρῷ,
1217 2248 1307 2296 καὶ
1335 2245 1579 2315 μάνθανε.
1627 2242 1685 2295 Ὀ
1717 2237 1769 2295 δ’

163 2335 490 2403 ἀνθύπατος,
542 2341 751 2405 Πεῖσον,
799 2335 916 2406 ἔφη,
969 2337 1057 2386 τὸν
1106 2330 1296 2405 δῆμον.
1334 2331 1395 2386 '0
1439 2329 1520 2398 δε,
1569 2335 1629 2386 Σε
1681 2333 1771 2404 μεν

162 2426 321 2499 μόλις
402 2425 560 2496 λόγου
642 2422 893 2487 καταξιῶ.
948 2419 1298 2476 Διδασκάλιον
1377 2424 1478 2496 γὰρ
1560 2423 1772 2494 ἔχομεν,

162 2515 372 2589 ἀρχαῖς
423 2519 513 2568 καὶ
570 2513 830 2577 έξουσίαις
885 2512 1211 2586 ἀποχρῶσαν
1273 2516 1438 2585 νέμειν
1498 2517 1676 2585 τιμὴν,
1731 2515 1776 2564 εἶ

160 2623 228 2679 γε
284 2601 354 2663 δὴ
415 2608 488 2676 μὴ
539 2611 612 2676 τῷ
651 2601 876 2656 εὐσεϐεῖν
920 2607 1298 2678 προσίσταται.
1349 2605 1505 2673 Δήμῳ
1557 2597 1610 2654 δ’
1659 2600 1776 2654 ἀλο-

164 2697 340 2765 γίστῳ
395 2696 479 2754 τίς
531 2695 774 2744 κοινωνία
840 2688 955 2764 έμοί
997 2705 1013 2757 ;
1071 2694 1171 2744 Καὶ
1221 2689 1284 2750 ὃς
1335 2690 1526 2761 θηρίων
1578 2689 1775 2747 ἠπείλει

175 2780 366 2854 ὄοιμάς,
423 2780 470 2833 εἰ
522 2783 720 2839 ἣκιστα
769 2780 932 2832 ἑθέλοι
985 2786 1270 2852 μετανοεῖν.
1325 2777 1500 2839 Κάλει,
1561 2783 1718 2850 φησὶν
1749 2778 1776 2830 6

172 2870 556 2942 Πολύκαρπος⁹
609 2869 670 2922 ού
713 2869 814 2944 γάρ
873 2867 987 2941 έμοί
1033 2869 1282 2939 μετάνοια
1316 2875 1493 2940 σαφῶς
1537 2869 1774 2942 ὀρισθείη

166 2962 201 3020 ἠ
257 2959 361 3013 ἀπό
391 2968 492 3012 τῶν
538 2964 838 3033 κρειττόνων
877 2957 962 3011 ἐπὶ
1011 2960 1078 3010 τὰ
1115 2962 1282 3033 χείρω
1309 2959 1608 3031 μετάθεσις,
1669 2954 1779 3010 ἀλλ’

166 3051 200 3110 ἡ
252 3048 308 3102 έκ
341 3057 444 3102 τῶν
488 3049 732 3122 χαλεπῶν
781 3046 864 3100 ini
903 3049 971 3100 τὰ
1009 3045 1197 3101 δίκαιά
1240 3067 1295 3100 τε
1345 3051 1431 3100 καὶ
1467 3048 1613 3102 ὅσια.
1665 3054 1774 3124 Πῦρ
1809 3088 1849 3144 C

167 3139 259 3193 ἐπὶ
297 3141 505 3200 τούτοις
541 3139 570 3191 ό
603 3134 839 3202 δικάζων
883 3136 1102 3196 ἠπείλει.
1132 3137 1192 3190 Ὀ
1233 3133 1304 3204 δ’,
1339 3137 1567 3209 Ἀγνοεῖν
1607 3139 1778 3200 ἔοικας

165 3229 340 3304 μάλα,
401 3228 562 3301 ἔλεγε,
619 3235 725 3301 πῦρ
794 3226 1043 3302 ἐπιφέρων
1096 3230 1155 3280 τὸ
1201 3228 1521 3302 «9696396110
1574 3225 1781 3280 σϐεννύ.

165 3338 346 3393 μενον,
403 3321 466 3370 τό
533 3317 584 3380 ἐς
633 3315 713 3370 ἀεὶ
782 3313 1027 3390 διαμένον
1082 3319 1132 3370 ἓν
1183 3322 1355 3390 γεέννῃ
1423 3323 1532 3380 τοῖς
1577 3315 1778 3369 ἀσεϐεῖν

168 3411 458 3483 ᾑρημένοις
516 3409 853 3482 τηρούμενον.
928 3409 1132 3460 Τούτων
1186 3410 1277 3460 καὶ
1343 3405 1510 3459 ἄλλων
1579 3405 1780 3479 εἰρημέ-

161 3519 274 3551 νων
330 3497 610 3562 πλείστων,
695 3498 922 3570 θάρσους
983 3496 1135 3558 εὐθὺς
1202 3499 1292 3548 τόν
1355 3495 1503 3568 ἅγιον
1555 3496 1781 3569 ὑποπίμ-

163 3589 432 3653 πλασθαι,
464 3588 534 3648 ὡς
578 3589 758 3639 καὶτὸ
789 3583 1012 3660 φαιδρὸν
1051 3592 1213 3638 αυτοῦ
1267 3588 1359 3637 καὶ
1404 3585 1664 3643 ἀπτόητον
1693 3587 1780 3636 τόν

165 3674 443 3735 δικαστὴν
522 3674 790 3729 έκνοοῦντα
871 3678 966 3728 σὺν
1061 3676 1288 3746 θαύματι
1345 3672 1577 3746 θάμϐους
1653 3670 1780 3726 εἶναι

163 3759 391 3840 μεστόν.
426 3765 532 3820 Καὶ
561 3768 677 3838 τρὶς
723 3771 796 3834 τῷ
844 3768 1039 3837 κήρυκι
1067 3761 1256 3835 ῖμϐοᾷν
1284 3768 1358 3832 τῷ
1390 3758 1566 3834 δήμῳ,
1614 3763 1784 3814 Πολύ-

161 3874 388 3930 καρπος
457 3851 733 3928 παρρησίᾳ
808 3854 1128 3926 Χριστιανὸν
1207 3850 1389 3903 ἑαυτὸν
1454 3849 1780 3922 ὡμολόγησε’

161 3947 311 3999 Τότε
368 3948 474 3997 πᾶν
524 3946 585 3994 τό
629 3941 828 4004 πλῆθος
887 3941 1158 4007 Ἐλλήνων,
1209 3943 1301 3992 καὶ
1366 3937 1600 4011 μάλιστα
1657 3938 1785 3992 Ἴου·

171 4032 352 4089 δαίων
383 4041 485 4085 τῶν
509 4035 604 4091 τὴν
659 4034 896 4105 Σμύρνην
943 4030 1241 4094 οἰκούντων,
1291 4027 1472 4089 εἰωθός
1519 4030 1642 4099 έχον
1675 4034 1786 4090 τοῖς

169 4125 442 4184 τοιούτοις
520 4117 575 4174 εὖ
638 4121 778 4194 μάλα
835 4121 1273 4194 -καθυπουργεῖν,
1328 4126 1578 4191 κραυγαῖς
1630 4116 1785 4170 έϐόων

173 4212 418 4285 ἄσημοις
448 4229 461 4242 ·
489 4210 552 4263 '0
582 4215 754 4284 πατὴρ
784 4217 887 4262 τῶν
939 4215 1290 4283 Χριστιανῶν,
1322 4208 1349 4259 6
1398 4215 1499 4258 τῶν
1529 4207 1787 4278 ἡμετέρων

177 4305 318 4356 Θεῶν
354 4302 691 4376 καθαιρέτης,
725 4301 750 4351 ὁ
803 4303 875 4372 μὴ
929 4300 1065 4351 θύειν
1114 4293 1254 4370 μηδε
1302 4303 1612 4370 προσκυνεῖν
1653 4301 1789 4348 πᾶσι

1875 1799 2005 1851 tum
2029 1794 2124 1850 ille
2170 1795 2513 1850 cohortatus
2541 1798 2652 1861 est,
2682 1800 2746 1849 ut
2783 1795 2972 1850 aetatis
3002 1811 3124 1851 suae
3163 1794 3411 1853 haberet
3437 1813 3535 1854 ra-

1873 1884 2118 1950 tionem,
2150 1899 2256 1956 per
2277 1884 2523 1941 Caesaris
2545 1885 2848 1940 fortunam
2871 1884 3134 1956 juraret:
3161 1900 3232 1942 ea
3257 1901 3394 1958 qua:
3420 1871 3530 1944 an;

1871 1970 1970 2032 tea
1997 1973 2246 2040 fecisset,
2282 1988 2387 2045 per
2425 1973 2838 2046 paenitentiam
2869 1973 3166 2030 aboleret:
3203 1991 3273 2031 ac
3302 1975 3532 2048 ingenti

1873 2079 2019 2121 voce
2064 2064 2446 2133 exclamaret,
2497 2062 2655 2119 Tolle
2706 2063 2916 2119 atheos
2965 2062 3339 2136 deorumque
3391 2081 3535 2123 con-

1876 2153 2220 2224 temptores.
2255 2154 2402 2208 Cum
2428 2157 2630 2208 autem
2661 2151 2738 2207 ad
2765 2167 2838 2208 ea
2860 2151 3050 2210 verba
3078 2167 3202 2208 non
3228 2169 3543 2225 permove-

1875 2246 2058 2307 retur,
2093 2242 2511 2297 necessitatem
2542 2242 2594 2296 ei
2639 2241 2950 2313 imponere
2980 2242 3303 2313 proconsul
3343 2259 3542 2314 perre-

1876 2333 1981 2400 xit,
2016 2336 2078 2386 ut
2110 2345 2214 2402 per
2252 2329 2502 2387 Caesaris
2546 2331 2848 2386 fortunam
2871 2331 3120 2402 juraret,
3151 2336 3210 2388 et
3235 2331 3540 2392 Christum

1879 2419 2163 2478 conviciis
2191 2419 2528 2474 incesseret.
2563 2419 2733 2484 Quod
2781 2418 2832 2474 si
2882 2419 3132 2486 fecisset,
3163 2422 3361 2476 statim
3396 2437 3537 2480 eum

1879 2511 2196 2568 liberatum
2247 2507 2320 2563 iri
2373 2508 2662 2579 promisit.
2717 2511 2863 2564 Tum
2917 2508 2997 2565 ad
3044 2525 3116 2566 ea
3171 2509 3540 2584 Polycarpus

1881 2601 2066 2658 dixit:
2101 2597 2456 2668 Octuaginta
2485 2603 2536 2652 et
2569 2613 2672 2654 sex
2701 2613 2893 2654 annos
2922 2598 2975 2654 ei
3013 2601 3290 2666 inservio,
3336 2615 3534 2674 neque

1884 2690 2005 2748 ulla
2039 2689 2118 2745 ab
2160 2703 2232 2744 eo
2271 2703 2408 2743 sum
2451 2685 2701 2743 affectus
2749 2687 3004 2758 injuria;
3034 2689 3345 2761 quomodo
3392 2705 3538 2762 ergo

1883 2780 2154 2837 animum
2194 2777 2472 2832 inducere
2513 2777 2765 2848 possim,
2797 2781 2861 2831 ut
2898 2791 3004 2849 per
3033 2777 3444 2849 blaphemiam
3484 2779 3538 2835 ei

1885 2867 2266 2932 maledicam,
2297 2865 2401 2938 qui
2441 2881 2537 2921 me
2566 2864 2802 2922 salvum
2843 2863 2998 2932 fecit,
3031 2868 3250 2937 Regem
3280 2883 3484 2923 meum
3510 2864 3539 2924 ‘i

1883 2957 2048 3032 quod
2071 2957 2118 3011 si
2157 2954 2503 3011 dissimulas
2545 2969 2642 3011 me
2685 2954 2823 3028 quis
2855 2955 2992 3020 sim,
3025 2971 3221 3022 nosse,
3254 2957 3539 3013 Christia-

1884 3062 2031 3103 num
2063 3061 2158 3102 me
2188 3059 2320 3101 esse
2351 3043 2529 3100 scito:
2564 3048 2744 3117 atque
2778 3045 2827 3099 si
2857 3044 3055 3100 studio
3099 3045 3289 3101 habes
3317 3045 3542 3118 profes-

1885 3136 2115 3192 sionem
2147 3139 2412 3190 nostram
2440 3147 2822 3204 cognoscere,
2862 3132 2940 3189 da
2985 3132 3184 3189 locum
3216 3139 3272 3190 et
3302 3139 3542 3206 tempus

1885 3230 2316 3298 opportunum,
2383 3238 2639 3295 eamque
2705 3223 2973 3279 addisce.
3033 3223 3137 3279 Hic
3172 3223 3541 3295 proconsul:

1887 3314 2047 3372 Plebi
2070 3312 2207 3380 hoc,
2232 3311 2444 3385 inquit,
2472 3311 2790 3384 persuade.
2815 3313 2881 3368 Et
2900 3327 3106 3368 rursus
3138 3311 3500 3384 Polycarpus
3525 3329 3540 3368 :

1886 3409 1962 3464 Te
1993 3404 2297 3477 equidem,
2330 3403 2432 3470 ait,
2473 3417 2630 3472 aegre
2660 3403 3039 3460 veneratione
3069 3403 3273 3476 aliqua
3302 3403 3540 3473 dignor.

1890 3498 2254 3566 Praeceptum
2302 3492 2461 3547 enim
2508 3490 2826 3557 habemus,
2869 3491 3240 3564 magistratui
3286 3497 3344 3548 et
3381 3497 3547 3564 pote-

1889 3583 2145 3639 statibus
2193 3580 2465 3637 debitum
2504 3580 2824 3636 exhibendi
2867 3580 3180 3650 honorem,
3213 3581 3262 3635 si
3297 3581 3545 3653 quidem

1889 3673 2109 3729 divinas
2151 3669 2387 3743 pietatis
2434 3668 2618 3724 cultui
2649 3685 2769 3724 non
2797 3670 3167 3725 adversetur.
3199 3671 3346 3726 Cum
3373 3668 3546 3741 plebe

1890 3767 2116 3826 autem,
2159 3774 2296 3830 quas
2337 3757 2504 3813 nulla
2541 3757 2767 3814 ratione
2813 3758 3068 3824 ducitur,
3102 3774 3236 3830 quae
3280 3758 3426 3814 mihi
3459 3763 3549 3815 est

1891 3846 2292 3906 communio?
2360 3845 2578 3902 Deinde
2627 3845 2969 3918 proconsul,
3022 3845 3138 3901 nisi
3192 3846 3541 3919 resipiscere

1891 3938 2084 4002 vellet,
2136 3936 2464 3992 bestiarum
2508 3935 2557 3991 ei
2608 3934 2900 3990 furentem
2945 3935 3238 4006 impetum
3283 3935 3547 3993 minatus

1892 4033 2003 4086 est.
2036 4026 2123 4083 Ad
2154 4041 2336 4097 quem
2368 4023 2787 4088 ille:Accerse,
2819 4022 3031 4096 inquit,
3059 4039 3162 4079 eas
3189 4041 3205 4077 :
3231 4039 3548 4097 nunquam

1894 4117 2054 4174 enim
2082 4113 2552 4187 resipiscentiam
2580 4129 2730 4178 esse,
2764 4111 2907 4168 mihi
2938 4113 3080 4168 satis
3109 4111 3481 4186 probabitur,
3515 4129 3554 4172 a

1899 4202 2244 4263 melioribus
2283 4203 2363 4259 ad
2387 4201 2682 4258 deteriora
2707 4201 3024 4258 transitum
3057 4217 3070 4256 :
3104 4202 3207 4258 sed
3237 4218 3372 4259 eam
3414 4220 3554 4276 qum

1897 4312 1935 4352 a
1964 4293 2311 4367 perniciosis
2333 4292 2410 4348 ad
2431 4291 2596 4362 justa
2623 4296 2682 4348 et
2705 4296 2914 4347 sancta
2942 4305 3122 4362 opera
3151 4291 3236 4359 ﬁt,
3268 4292 3558 4350 mutatio-

174 4393 398 4452 τούτοις
455 4387 860 4461 έγκελευόμενος,
909 4390 1074 4463 πυρὸς
1131 4383 1340 4444 δαπάνη
1395 4386 1642 4456 γενέσθω.
1689 4387 1780 4437 Καὶ

1898 4400 2056 4441 nem.
2100 4382 2184 4438 lbi
2221 4397 2462 4438 rursum
2499 4381 2685 4451 judex
2715 4380 2851 4452 igne
2881 4398 3019 4436 eum
3061 4383 3284 4437 terruit.
3317 4385 3382 4438 Et
3411 4383 3505 4438 ille
3530 4399 3554 4437 :

177 4483 278 4534 τόν
305 4479 612 4550 Ἀσιάρχην
642 4472 964 4530 ἐπέσπευδον
1001 4475 1254 4528 Φίλιππον
1285 4488 1300 4502 ⁰
1342 4469 1460 4526 ’ἔδει
1506 4475 1608 4546 γὰρ
1648 4471 1780 4542 αύτᾷ

1900 4475 2008 4540 Qui
2033 4471 2176 4528 mihi
2204 4471 2439 4543 (inquit)
2464 4470 2688 4540 ignem,
2707 4471 2808 4542 qui
2828 4470 2975 4525 hora
3001 4487 3120 4527 una
3141 4473 3557 4543 exstinguitur,

178 4576 498 4646 προφητικῷ
547 4585 608 4639 γε
660 4571 770 4620 ὄντι
811 4562 969 4642 ἀνδρὶ
1006 4570 1076 4637 μὴ
1118 4568 1178 4618 τὸ
1235 4565 1419 4638 ὁραθεν
1455 4563 1628 4634 ἐκείνῳ
1675 4559 1794 4615 δια-

181 4666 369 4715 πεσεῖν
402 4673 418 4689 ⁶
465 4653 761 4718 ένδοθέντος
804 4651 914 4721 οὖν,
968 4658 1026 4707 τὸ
1056 4657 1204 4730 ἔργον
1245 4655 1430 4706 θᾶττον
1471 4653 1502 4712 ἡ
1543 4653 1691 4724 λόγος
1727 4651 1795 4712 εἰς

181 4753 359 4822 πέρας
411 4746 558 4807 εύθύς
607 4744 874 4808 ἐξέϐαινεν.
931 4750 1276 4819 Παραχρῆμα
1329 4745 1430 4815 γὰρ
1485 4749 1578 4794 τοῦ
1627 4740 1793 4813 ὄχλου

185 4840 320 4893 ὅσον
347 4839 589 4910 περιττὸν
617 4839 708 4887 καὶ
757 4833 997 4892 ἀνόνητον
1026 4838 1118 4886 καὶ
1145 4840 1254 4895 τοῖς
1283 4833 1537 4893 τοιούτοις
1565 4830 1799 4904 μάλιστα

187 4933 413 5002 χαῖρον,
453 4928 530 4978 ἔτι
559 4921 618 4978 δε
646 4928 735 4977 καὶ
787 4923 849 4976 τό
883 4926 976 4982 τήν
1022 4925 1255 4996 Σμύρναν
1286 4921 1460 4974 οἰκοῦν
1505 4916 1798 4974 Ἰουδαϊκὸν

191 5017 379 5075 εἰωθὸς
442 5017 570 5086 ῖχον
615 5020 726 5075 τοῖς
762 5014 899 5065 κατά
947 5019 1278 5087 Χριστιανῶν
1328 5013 1394 5072 ὡς
1429 5009 1570 5083 μάλα
1607 5011 1801 5084 πρόθυ-

191 5125 298 5180 μον
323 5105 454 5158 εἶνειι
480 5107 572 5156 καὶ
617 5104 684 5155 τά
728 5104 934 5174 ἔσχατα
975 5102 1275 5176 ὑπουργεῖν,
1309 5101 1366 5154 εκ
1415 5107 1516 5153 τῶν
1546 5101 1801 5173 ἐργαστηο

193 5200 330 5273 ρίων
379 5198 472 5246 καὶ
527 5189 808 5266 βαλανείων
883 5190 1012 5254 ξύλα
1065 5195 1156 5243 καὶ
1231 5192 1487 5264 φρύγανα,
1549 5193 1643 5242 καὶ
1698 5189 1798 5246 ὅση

197 5283 335 5344 ἄλλη
379 5287 674 5359 εῦπρηστος
716 5281 844 5353 ὕλη,
899 5284 990 5332 καὶ
1025 5281 1098 5341 ὡς
1147 5278 1288 5354 μάλα
1341 5283 1471 5353 πυρὶ
1505 5277 1802 5353 προσφιλὴς

185 5372 616 5449 διαρπάσαντες,
672 5373 859 5425 θᾶττον
911 5367 1159 5434 ἀνῆπτον,
1213 5370 1403 5423 ἔκαιον.
1459 5369 1605 5423 Ἐπεὶ
1650 5364 1703 5422 δ’
1766 5369 1800 5427 ἠ

199 5463 335 5540 φλόξ
384 5461 454 5526 εἰς
496 5465 633 5536 μέγα
674 5458 1052 5538 ἀνερριπίζετο,
1103 5457 1341 5532 έπειράτο
1389 5457 1630 5511 ὑπολύειν
1680 5455 1806 5511 ἀπο-

205 5556 414 5632 θέμενος
460 5553 530 5607 τά
603 5553 802 5624 ἱμάτια,
859 5553 932 5624 μὴ
1005 5551 1254 5624 πρότερον
1319 5547 1458 5602 τοῦτ’
1533 5545 1748 5625 ἐνεργῶν
1788 5561 1805 5580 ο

510 5659 761 5720 Ρλτιιοι..
802 5657 904 5718 Gn.
949 5655 1161 5720 CXLV.

1901 4560 2310 4620 minabundus
2331 4559 2535 4619 infers,
2568 4574 2815 4630 prorsus
2844 4559 3120 4628 ignorare
3148 4561 3388 4626 videris,
3413 4575 3552 4616 eum

1885 4652 2005 4726 -qui
2029 4652 2089 4706 in
2112 4649 2388 4720 gehenna
2410 4647 2729 4719 impietatis
2763 4648 3160 4704 sectatoribus
3182 4653 3559 4720 praeparatus

1901 4747 1990 4798 est
2010 4741 2211 4811 ignem
2231 4738 2684 4810 sempiternum.
2708 4735 2886 4809 274
2903 4737 3001 4791 His
3024 4743 3202 4808 atque
3223 4736 3352 4792 aliis
3375 4751 3560 4807 quam

1906 4829 2180 4904 plurimis
2228 4827 2368 4883 hinc
2407 4831 2585 4898 atque
2635 4825 2775 4881 inde
2824 4826 3071 4897 prolatis
3103 4825 3298 4889 dictis,
3342 4823 3566 4881 ﬁducia

1908 4917 2110 4976 statim
2151 4918 2236 4972 vir
2262 4919 2508 4972 sanctus
2535 4914 2816 4987 repletur,
2868 4928 3056 4985 usque
3095 4912 3247 4968 adeo
3280 4917 3341 4969 ut
3374 4911 3565 4985 judex

1909 5009 2041 5082 ipse
2081 5012 2430 5079 stupescens
2471 5003 2676 5060 laetum
2718 5003 2874 5060 illius
2905 5001 3136 5057 vultum
3166 5008 3345 5074 atque
3375 5002 3568 5075 impa-

1909 5096 2120 5154 vidum
2141 5095 2415 5152 animum
2437 5093 2852 5151 admiraretur.
2884 5095 3074 5164 Atque
3103 5089 3196 5147 ille
3223 5105 3566 5163 praeconem

1909 5191 1997 5244 ter
2043 5185 2122 5243 ad
2169 5184 2462 5257 populum
2507 5183 2878 5256 proclamare
2917 5180 3111 5252 jussit,
3171 5180 3568 5252 Polycarpum

1893 5290 2137 5347 magna
2151 5290 2289 5331 cum
2305 5274 2578 5330 libertate
2599 5287 2660 5327 se
2683 5271 3088 5327 Christianum
3107 5269 3391 5341 proﬁteri.
3415 5271 3569 5343 Tum

1913 5369 2129 5422 cuncta
2157 5362 2499 5428 multitudo,
2530 5360 2875 5418 Graecorum
2905 5361 2964 5414 et
3007 5357 3350 5415 Iudaeorum
3382 5356 3571 5414 maxi-

1914 5471 2033 5522 me,
2064 5454 2167 5528 qui
2213 5455 2535 5526 Smyrnam
2577 5448 2926 5518 incolentes,
2952 5448 3015 5504 in
3045 5447 3342 5519 ejusmodi
3377 5445 3571 5504 turbis

1916 5543 2252 5604 admodum
2300 5536 2805 5599 tumultuantibus
2856 5529 3216 5598 subservire
3245 5548 3575 5609 consueve-

3222 5643 3290 5705 31
