4016 6206
586 236 692 303 971

573 375 731 439 rant,
761 367 1286 428 vociferationibus
1325 365 1588 424 confusis
1634 369 1689 422 et
1727 362 2000 421 obscuris
2037 365 2231 420 aceta-

574 465 864 518 marunt:
907 462 1074 516 Pater
1116 458 1606 522 Christianorum,
1646 455 1748 528 qui
1788 453 1936 510 deos
1992 459 2227 508 nostros

575 551 796 619 abolet,
836 550 1060 622 quique
1089 564 1200 606 nec
1240 547 1534 604 sacriﬁcia
1564 561 1674 601 nec
1711 541 2007 601 adorandi
2047 548 2226 615 atque

573 639 805 697 colendi
848 638 1139 694 honorem
1189 637 1273 694 eis
1319 640 1604 708 praestare
1655 633 1846 704 jubet,
1899 632 1958 686 in
2007 644 2222 700 rogum

570 727 960 800 conjiciatur:
989 732 1045 783 et
1083 726 1422 798 Philippum
1451 725 1530 794 (1)
1556 723 1711 778 Asiae
1735 726 2024 777 rectorem
2055 733 2220 789 urge.

568 817 732 874 bant.
781 817 1101 890 Oportebat
1139 829 1403 886 namque
1432 813 1626 868 virum
1674 809 2004 884 prophetici
2052 807 2221 881 spiri-

567 913 666 964 tus
697 907 930 962 visione
959 920 1071 961 sua
1112 920 1234 960 non
1265 902 1554 960 excidere.
1588 904 1668 956 Ac
1706 916 1845 956 cum
1895 898 1958 954 id
1986 897 2082 953 ille
2112 912 2220 953 an-

565 1010 762 1053 nuens
819 994 1210 1067 permisisset,
1263 992 1424 1047 dicto
1479 990 1650 1046 citius
1712 1004 1806 1044 res
1857 987 1935 1044 ad
1997 986 2217 1043 exitum

566 1101 745 1142 suum
809 1088 899 1140 est
944 1083 1256 1156 perducta.
1301 1080 1594 1149 Evestigio
1655 1078 1815 1134 enim
1868 1092 1941 1132 ex
1991 1076 2217 1149 populo

563 1175 756 1232 otiosa
805 1179 863 1230 et
905 1172 1126 1229 inutilis
1174 1169 1373 1240 turba,
1424 1166 1830 1224 tumultuariis
1878 1163 2215 1222 actionibus

561 1263 859 1334 gaudens,
908 1266 965 1318 et
1012 1265 1301 1334 praeterea
1349 1257 1693 1314 Judaeorum
1753 1254 2212 1327 Smyrnensium

561 1367 730 1425 gens,
767 1351 1236 1409 Christianorum
1265 1347 1518 1404 inimicis
1555 1361 1738 1419 quam
1770 1341 2214 1417 promptissime

558 1447 826 1498 extrema
855 1441 1035 1497 etiam
1064 1455 1321 1512 quasque
1347 1435 1840 1500 subministrans,
1866 1449 1932 1488 ex
1965 1432 2210 1505 propin-

555 1531 692 1605 quis
716 1531 971 1587 officinis
996 1535 1052 1587 et
1078 1528 1310 1585 balneis
1340 1527 1524 1599 ligna,
1558 1529 1883 1589 sarmenta,
1911 1521 2212 1594 aliamque

557 1637 802 1680 omnem
821 1636 957 1693 quae
980 1619 1254 1674 incendio
1271 1616 1490 1672 idonea
1512 1619 1693 1687 atque
1711 1611 2109 1669 accommoda
2125 1615 2213 1669 est

554 1711 890 1776 materiam,
918 1708 1241 1781 rapientes,
1279 1709 1612 1775 congerunt
1639 1712 1818 1775 atque
1849 1701 2204 1757 accendunt.

551 1798 873 1871 Postquam
904 1796 1156 1852 ﬂamma
1185 1795 1440 1850 multum
1476 1793 1603 1864 jam
1629 1789 2004 1854 excrevisset,
2035 1789 2206 1844 vesti-

548 1887 666 1946 bus
697 1886 902 1959 positis
930 1886 1290 1956 Polycarpus
1313 1881 1718 1938 calceamenta
1738 1893 1982 1952 quoque
2009 1877 2203 1934 detra-

547 1975 691 2034 here
722 1975 831 2031 sibi
869 1979 1055 2030 tentat
1087 1989 1100 2029 :
1133 1972 1296 2044 quod
1327 1972 1573 2044 quidem
1603 1974 1780 2024 antea
1810 1982 1932 2024 non
1963 1967 2199 2031 fecerat,

548 2065 916 2139 praepeditus
939 2062 1156 2120 scilicet
1174 2069 1353 2134 atque
1375 2064 1717 2132 praeventus
1738 2072 1974 2129 semper
1994 2073 2030 2112 a
2055 2057 2198 2112 suis.

543 2156 787 2228 Optimo
839 2154 998 2210 enim
1053 2151 1292 2208 vivendi
1341 2150 1605 2205 instituto
1652 2151 1833 2218 atque
1881 2145 2200 2219 disciplina

548 2245 730 2302 etiam
759 2249 896 2301 ante
934 2241 1210 2299 canitiem
1248 2239 1671 2296 cohonestatus
1710 2236 1920 2292 fuerat.
1949 2238 2028 2292 Ne
2056 2251 2198 2292 vero

545 2349 766 2406 corpus
813 2333 942 2404 ejus
997 2337 1125 2387 tum
1163 2328 1543 2400 attingerent,
1595 2326 1942 2398 quicunque
1994 2340 2198 2396 super-

544 2422 710 2480 fuere
739 2421 1027 2486 ﬂdelium,
1061 2417 1328 2492 corporis
1356 2433 1427 2474 ea
1453 2420 1618 2489 parte
1647 2430 1833 2488 quam
1871 2413 2134 2487 oportuit
2160 2430 2198 2471 a

547 2512 745 2585 seipso
787 2509 979 2568 velata
1028 2525 1099 2566 ac
1142 2513 1316 2574 tecta,
1360 2507 1424 2562 in
1461 2506 1661 2576 ignem
1699 2509 1786 2560 est
1815 2517 2193 2576 progressus,

543 2601 796 2672 insignis
833 2599 1097 2670 alicujus
1140 2597 1336 2654 arietis
1375 2595 1584 2660 instar,
1633 2593 1802 2650 sicuti
1853 2593 2092 2649 victima
2137 2599 2195 2651 et

541 2689 968 2748 holocaustum
991 2685 1304 2760 quoddam
1329 2700 1362 2740 e
1384 2698 1605 2754 magno
1630 2697 1808 2754 grege
1837 2685 1952 2738 Deo
1975 2684 2194 2753 produ-

543 2785 695 2848 ctus,
727 2777 872 2835 talia
899 2777 1020 2832 fere
1044 2776 1121 2832 ad
1147 2774 1401 2832 verbum
1425 2774 1594 2846 prius
1623 2777 1899 2845 precatus
1922 2786 1937 2834 ;
1965 2773 2009 2828 Ο
2040 2774 2191 2827 Deus

540 2876 599 2926 et
624 2869 872 2924 Domine
896 2866 1298 2938 omnipotens,
1330 2863 1526 2920 dilecti
1553 2867 1609 2918 et
1633 2860 1932 2918 benedicti
1966 2861 2089 2917 Filii
2108 2861 2190 2918 tui

536 2958 682 3014 Jesu
710 2955 921 3013 Christi
971 2957 1156 3018 Pater,
1200 2968 1306 3026 per
1349 2967 1533 3024 quem
1558 2951 1958 3021 cognitionem
1986 2952 2067 3006 tui
2093 2967 2186 3008 ac-

541 3045 859 3118 cepimus:
891 3047 1043 3100 Deus
1067 3042 1420 3113 angelorum
1446 3046 1626 3112 atque
1651 3045 2032 3110 potestatum,
2062 3039 2189 3094 uni-

1885 231 2275 293 NICEPHOBI
2313 231 2635 294 CALLIS’I‘I

3799 243 3892 302 οτι

2335 358 2582 414 έκωλύετο
2629 355 2680 414 δ’
2731 354 2821 414 οὖν
2851 373 2868 394 ⁸
2901 359 3073 435 ἀγαθῇ
3122 362 3226 438 γὰρ
3274 361 3512 438 πολιτείᾳ
3555 368 3644 420 καί
3681 363 3792 440 πρός
3814 374 3898 426 τῆς

2333 449 2520 510 πολιᾶς
2562 452 2884 523 ίκεκόσμητο
2928 449 3040 505 Ἵνα
3085 456 3260 506 τοίνυν
3303 456 3378 526 μη
3422 461 3515 507 τοῦ
3562 457 3757 528 χρωτός
3791 453 3893 528 ἑφό-

2333 557 2545 593 πτοιντο
2568 540 2686 593 ὅσοι
2716 535 2784 599 δὴ
2827 547 2927 593 τῶν
2955 549 3157 595 πιστῶν
3187 550 3464 617 περιῆσαν,
3514 544 3617 598 ὅσα
3656 563 3711 617 γε
3747 549 3894 618 χρεὼν

2331 629 2681 702 περιθέμενος,
2733 627 2899 689 ιίσὴει
2947 632 3006 683 τό
3049 637 3175 704 πῦρ,
3226 631 3311 685 οἶοί
3357 651 3431 694 τις
3458 636 3601 707 κριός
3648 633 3890 707 ἐπίσημος,

2333 718 2492 771 ουσία
2563 737 2644 782 τις
2701 722 2793 771 καὶ
2868 717 3208 793 όλοκαύτωμα
3272 724 3328 774 ὶκ
3388 721 3617 795 μεγάλου
3683 727 3890 795 ποιμνίου

2332 812 2447 877 Θεῷ
2524 811 2938 882 προσαγόμενος,
3025 816 3192 863 ταῦτα
3262 812 3400 864 κατὰ
3473 810 3610 875 λέξιν
3678 820 3890 887 πρότερον
3974 847 3975 887 ξ

2329 894 2664 968 ἄπευξοίμενος
2697 913 2710 927 ο
2767 899 2864 951 Θιε
2913 901 3004 950 καὶ
3080 900 3239 973 Κύριε
3285 901 3666 975 παντοκράτορ,
3734 902 3759 954 ὁ
3812 907 3890 956 τοῦ

2328 981 2603 1055 ἀγαπητοῦ
2649 989 2740 1039 καὶ
2769 985 3052 1058 εὐλογητοῦ
3083 984 3284 1050 Παιδὸς
3323 1007 3419 1042 σου
3470 989 3648 1049 Ἰησοῦ
3692 998 3890 1065 χριστοῦ

2330 1078 2532 1147 Πατὴρ,
2577 1071 2653 1127 δι’
2707 1075 2771 1128 οὗ
2816 1080 2911 1134 την
2961 1081 3078 1150 περὶ
3134 1084 3232 1130 σοῦ
3269 1076 3543 1151 ἐπίγνωσιν
3572 1077 3890 1153 εἰλήγαμεν,ὀ

2328 1164 2448 1223 Θεὸς
2473 1161 2701 1236 ἀγγέλων
2732 1167 2822 1218 καὶ
2867 1163 3138 1239 δυνάμεων
3165 1170 3256 1220 καὶ
3305 1165 3519 1231 ἁπάσης
3557 1176 3653 1231 τῆς
3677 1175 3888 1237 κτίσεως,

2326 1256 2516 1314 παντός
2560 1271 2617 1306 τε
2645 1260 2739 1308 τοῦ
2788 1257 2970 1326 γένους
3003 1263 3104 1308 τῶν
3133 1251 3356 1310 δικαίων
3399 1255 3450 1310 οἱ
3503 1258 3665 1319 ζῶσιν
3707 1260 3890 1313 ἑνώπὼ
3974 1251 3975 1314 Ῑ

2327 1358 2423 1394 σου
2457 1357 2472 1372 ⁸
2501 1340 2696 1415 εὐλογῶ
2728 1361 2788 1396 σε
2831 1344 2910 1397 ὅτι
2971 1344 3206 1408 ἠξίωσας
3245 1363 3310 1418 με
3359 1353 3451 1410 τῆς
3491 1349 3686 1422 ἡμέρας
3727 1351 3892 1410 ταύτης

2322 1434 2414 1483 καὶ
2471 1433 2614 1506 ὧρας
2654 1439 2749 1486 τοῦ
2795 1431 2968 1487 λαϐιῖν
3014 1437 3174 1510 μέρος
3221 1434 3275 1488 έν
3327 1433 3531 1512 ἀριθμῷ
3576 1445 3677 1490 τῶν
3727 1442 3891 1512 μαρτύ-

2319 1537 2446 1592 ρων,
2496 1522 2547 1574 ἓν
2619 1528 2693 1592 τῷ
2763 1526 2997 1597 ποτηρίῳ
3060 1530 3155 1578 τοῦ
3200 1531 3462 1600 Χριστοῦ,
3514 1525 3587 1588 είς
3634 1524 3884 1582 bsic-rasis

2321 1607 2459 1670 ζωῆς
2511 1609 2747 1677 αἰωνίου,
2780 1611 2970 1684 ψυχῆς
3021 1631 3076 1666 τε
3117 1617 3206 1666 καὶ
3249 1619 3511 1687 σώματος,
3562 1617 3614 1668 ἂν
3653 1614 3883 1690 ἀφθαρσίᾳ

2319 1701 2612 1771 Πνεύματος
2667 1699 2819 1773 ἁγίου
2848 1719 2863 1735 ·
2909 1703 2960 1754 ἓν
3003 1702 3076 1763 οἶς
3112 1699 3509 1778 προσδεχθείην
3557 1702 3773 1759 ἇνώπιόν
3814 1725 3889 1760 σον

2318 1791 2567 1861 σήμερον,
2637 1788 2686 1842 έν
2763 1791 2925 1863 θυσίᾳ
2999 1795 3143 1844 πίονι
3227 1796 3318 1845 καί
3386 1789 3676 1868 προδεκτῇ,
3746 1798 3893 1856 nisi;

2312 1881 2730 1952 προητοίμασας,
2773 1885 3177 1955 προφανερόηας
3214 1885 3307 1936 καὶ
3350 1881 3654 1958 πληρώσεις,
3690 1885 3718 1936 ό
3757 1883 3894 1955 ἄψιν-

2310 1960 2408 2028 δὴς
2445 1972 2535 2020 καὶ
2581 1965 2826 2031 ἀληθινός
2880 1973 3030 2032 Θεὸς.
3083 1971 3180 2023 Διὰ
3227 1978 3383 2024 τοῦτο
3428 1975 3520 2025 καὶ
3560 1977 3686 2045 περὶ
3710 1978 3889 2027 πάντα

2309 2073 2368 2108 σε
2416 2055 2561 2121 αἰνῶ,
2615 2061 2707 2111 καὶ
2760 2057 2954 2130 εὐλογῶ
3004 2061 3092 2111 καὶ
3143 2056 3377 2128 δοξάζω,
3427 2057 3524 2114 διὰ
3569 2069 3666 2115 τοῦ
3699 2063 3890 2117 αἰωνίου

2306 2141 2598 2219 ἀρχιερέως
2628 2147 2811 2204 Ἰησοῦ
2839 2154 3078 2221 Χριστοῦ
3111 2156 3206 2202 τοῦ
3237 2148 3510 2220 ἀγαπητοῦ
3547 2170 3646 2204 σου
3679 2149 3889 2214 παιδός·

2307 2229 2382 2286 δι’
2439 2233 2503 2287 οὖ
2551 2253 2637 2288 σοι
2687 2239 2783 2289 σύν
2832 2236 2976 2307 αύτῷ
3027 2235 3078 2290 έν
3107 2236 3240 2310 ἁγίῳ
3287 2242 3546 2312 Πνεύματι
3578 2237 3734 2309 δόξα,
3778 2249 3890 2314 τιμή

2304 2334 2393 2383 καὶ
2429 2327 2570 2394 αἶνος
2596 2331 2670 2394 εἰς
2697 2335 2820 2394 τούς
2848 2332 3059 2397 αἰῶνας.
3114 2334 3304 2407 Ἀμήν.
3337 2351 3362 2388 ι
3389 2339 3604 2396 Τούτοις
3647 2333 3699 2391 δ’
3729 2340 3894 2411 ﬁdi;

2303 2420 2569 2492 κατέλεγεν
2599 2422 2631 2480 ἡ
2687 2421 2957 2486 ἑπιστολὴ,
2993 2443 3022 2476 α
3073 2422 3162 2486 ’.Ως
3216 2425 3269 2477 οἱ
3307 2431 3401 2478 τοῦ
3441 2430 3610 2500 πυρός
3639 2429 3895 2502 ἄνθρωποι

2305 2507 2525 2580 ἐξῆψαν.
2584 2509 2831 2581 Μεγάλης
2913 2507 2974 2566 δε
3039 2511 3388 2586 ἓκλαμψὰσης
3452 2514 3658 2588 φλογός,
3731 2517 3896 2591 θαῦμα

2303 2594 2510 2670 εἴδομεν
2539 2599 2619 2662 οἷς
2655 2595 2785 2653 ἰδεῖν
2837 2596 3021 2669 ίδόθη,
3073 2600 3125 2654 οἳ
3172 2607 3264 2656 καὶ
3313 2601 3671 2678 ίτηρηθησαν,
3723 2607 3795 2670 ιίς
3841 2613 3897 2662 τὸ

2299 2683 2604 2759 ἀναγγεῖλαι
2654 2695 2765 2750 τοῖς
2812 2687 3011 2751 λοιποῖς
3065 2693 3132 2743 τὰ
3187 2695 3432 2765 γενόμενα
3464 2707 3480 2724 ⁶
3533 2697 3596 2747 τό
3642 2697 3750 2768 γὰρ
3798 2703 3896 2769 πῦρ

2298 2779 2536 2852 καμάρας
2591 2773 2729 2839 εἶδος
2795 2785 3044 2846 ποιῆσαν,
3097 2780 3272 2855 ὥσπερ
3325 2781 3505 2844 ὀθόνης
3572 2783 3760 2840 πλοίου
3802 2788 3898 2841 ύπῦ

2296 2867 2585 2937 πνεύματος
2660 2865 3044 2940 πληρουμένης,
3131 2869 3305 2942 κύκλῳ
3407 2879 3767 2946 περιετείχισε
3840 2879 3895 2930 τὸ

2299 2961 2453 3026 σῶμα
2500 2962 2591 3008 τοῦ
2641 2957 2926 3030 μάρτυρος.
3009 2962 3110 3011 Καὶ
3182 2960 3286 3032 γὰρ
3357 2957 3584 3023 εύωδίας
3655 2967 3897 3026 τοιαύτης

2295 3040 2722 3116 ἀπελαμϐάνομεν
2793 3047 2859 3106 ὡς
2940 3043 3233 3101 λιϐανωτοῦ
3315 3053 3574 3116 πνέοντος,
3644 3053 3677 3112 ἦ
3745 3053 3895 3107 ἄλλον

535 3150 845 3207 versaque
892 3139 1196 3199 creaturis,
1243 3147 1314 3187 ac
1360 3129 1540 3186 totius
1583 3127 1818 3199 generis
1860 3128 2184 3199 justorum,

2303 3133 2429 3192 τινὸς
2455 3102 2554 3184 τῶν
2591 3102 2778 3205 τίμίων
2820 3134 3130 3207 ἀρωμάτων.
3182 3135 3338 3199 Τέλος
3382 3102 3583 3203 idem;
3633 3102 3709 3204 ως

530 3213 640 3300 qui
677 3224 740 3280 in
789 3227 1110 3296 conspectu
1161 3227 1262 3276 tuo
1309 3219 1565 3274 vivunt:
1619 3217 1910 3274 benedice
1963 3222 2038 3284 te,
2083 3221 2185 3290 qui

533 3315 816 3386 dignatus
847 3328 941 3368 me
969 3311 1052 3366 sis
1074 3311 1169 3366 die
1189 3309 1305 3365 hac
1333 3312 1389 3364 et
1413 3308 1584 3376 hora,
1610 3311 1671 3362 ut
1695 3306 2019 3378 reciperem
2050 3323 2184 3380 par-

531 3410 653 3461 tem
703 3402 764 3458 in
807 3416 1061 3458 numero
1110 3404 1465 3470 martyrum,
1498 3395 1573 3452 de
1620 3394 1803 3452 calice
1845 3395 2075 3463 Christi,
2123 3398 2183 3453 in

529 3492 1020 3551 resurrectionem
1072 3488 1200 3544 vitae
1248 3494 1483 3543 aeternas
1531 3501 1670 3541 cum
1724 3484 1929 3541 anima
1970 3491 2026 3541 et
2059 3501 2184 3542 cor-

527 3598 693 3657 pore,
741 3582 800 3638 in
844 3577 1289 3636 immortalitate
1337 3580 1394 3631 et
1433 3573 1879 3646 incorruptione
1927 3575 2180 3646 Spiritus

526 3670 739 3728 sancti.
785 3669 848 3724 in
878 3667 1097 3740 quibus
1131 3663 1495 3737 martyribus
1525 3662 1745 3734 suscipi
1777 3678 1874 3718 me
1921 3664 2178 3735 optarim

523 3759 586 3816 in
616 3762 942 3830 conspectu
977 3762 1077 3811 tuo
1107 3754 1308 3820 hodie,
1339 3751 1496 3808 velut
1524 3751 1780 3808 hostiam
1811 3753 2098 3824 pinguem
2123 3760 2180 3810 et

524 3851 836 3921 acceptam
862 3862 875 3901 :
904 3842 1422 3918 quemadmodum
1455 3840 1974 3913 praemanifestans
1999 3850 2179 3915 atque

523 3936 864 4010 adimplens
913 3934 1282 4006 praeparasti,
1325 3932 1478 3986 Deus
1510 3945 1712 3994 verax,
1747 3936 1802 3985 et
1841 3929 2042 3987 fallere
2073 3947 2174 3987 ne-

523 4029 702 4083 scius.
730 4025 839 4097 27
855 4024 906 4097 5
927 4025 1299 4095 Quapropter
1319 4027 1374 4076 te
1398 4021 1469 4075 de
1495 4021 1777 4076 omnibus
1798 4018 1982 4075 laudo
1999 4025 2055 4076 et
2077 4019 2176 4076 be-

520 4115 736 4172 nedice
783 4121 840 4170 et
886 4113 1152 4182 glorifico
1201 4125 1307 4182 per
1351 4108 1782 4180 sempiternum
1829 4108 2176 4165 Pontiﬁcem

520 4205 724 4260 Jesum
751 4203 1070 4267 Christum,
1097 4199 1376 4256 dilectum
1408 4197 1618 4252 Filium
1644 4203 1835 4264 tuum,
1863 4213 1970 4268 per
1995 4214 2172 4271 quem

521 4291 628 4349 tibi
668 4293 742 4348 sit
788 4307 923 4348 cum
967 4291 1101 4362 ipso
1139 4290 1199 4344 in
1247 4286 1466 4358 Spiritu
1503 4293 1708 4342 sancto
1739 4285 1947 4356 gloria,
1982 4287 2176 4346 honor

519 4390 576 4438 et
617 4381 750 4436 laus
797 4381 858 4436 in
907 4377 1150 4434 saecula.
1184 4379 1391 4431 Amen.
1429 4395 1452 4426 ν
1489 4375 1775 4446 Deinceps
1812 4391 1883 4431 ea
1920 4391 2056 4448 qum
2083 4393 2172 4432 se-

2292 3225 2392 3292 μιᾷ
2430 3217 2651 3294 δυνάμιι
2699 3225 2759 3275 τό
2815 3230 2922 3295 πῦρ
2951 3227 3217 3297 κατίσχυε
3259 3233 3356 3288 τῆς
3394 3232 3615 3301 σαρκὸς,
3668 3227 3894 3284 ἐκέλευόν

2289 3327 2406 3362 τινα
2457 3310 2607 3374 νύξαι
2651 3309 2786 3384 ξίφει
2814 3315 2900 3364 τὸν
2928 3312 3079 3384 ἅγιον
3106 3313 3308 3377 ἔξωθεν.
3363 3315 3441 3369 Οὗ
3480 3313 3551 3376 δὴ
3595 3324 3890 3392 γενομένου,

2290 3397 2488 3462 πλῆθος
2562 3400 2781 3472 αἳματος
2832 3399 3071 3476 ίξιρῥύη,
3145 3405 3210 3464 ὡς
3267 3405 3450 3466 ἱκανῶς
3513 3408 3661 3477 εχειν
3739 3427 3892 3462 καταο

2289 3493 2561 3561 μαραίνειν
2606 3493 2703 3548 τὴν
2751 3487 2922 3563 ἀκμὴν
2973 3498 3066 3544 τοῦ
3110 3496 3271 3565 πυρός
3296 3509 3312 3523 ο
3345 3495 3482 3548 ὥστε
3507 3500 3601 3549 καί
3631 3496 3708 3560 εἰς
3765 3499 3889 3571 θάμ-

2288 3577 2377 3640 ϐος
2424 3581 2549 3639 τούς
2609 3577 2829 3640 πολλοὺς
2877 3577 3081 3646 ἕνιέναι,
3133 3580 3178 3633 εί
3239 3583 3474 3642 τοσαύτη
3527 3602 3611 3647 τις
3662 3581 3889 3662 διαγορᾶ

2287 3663 2520 3740 βεϐήλων
2547 3671 2638 3719 καὶ
2675 3669 2838 3720 ὁσίων
2885 3663 3114 3743 ἀνδρῶν,
3142 3668 3210 3722 ὧν
3260 3671 3337 3734 εἰς
3380 3675 3473 3725 καὶ
3503 3672 3661 3736 οὗτος
3688 3679 3885 3748 γέγονεν

2286 3757 2314 3808 ὀ
2355 3757 2669 3828 θαυμάσιος,
2710 3754 3054 3818 ἁποστολικός
3091 3756 3220 3835 ἀνὴρ
3277 3765 3368 3813 καί
3420 3769 3775 3835 προγητικός.
3833 3762 3882 3816 '0

2287 3840 2348 3897 δε
2387 3851 2497 3907 τοίς
2547 3844 2726 3908 καλοῖς
2782 3843 2863 3899 ἀεὶ
2918 3843 3226 3922 ἂφεδρεύων.
3269 3848 3327 3901 τό
3369 3848 3500 3903 πολύ
3548 3859 3640 3914 τῆς
3688 3871 3883 3926 μαρτν-

2283 3937 2403 4008 ρίας
2476 3933 2737 4007 ἑωρακὼς,
2790 3937 2880 3987 καὶ
2940 3938 3000 3989 τό
3065 3943 3161 3999 τῆς
3215 3937 3475 4000 πολιτείας
3533 3941 3595 3993 ἑκ
3646 3945 3875 4001 νεότητος

2285 4020 2648 4090 ἀνεπίληπτον,
2714 4026 2962 4096 στέφανόν
3012 4042 3068 4078 τε
3116 4030 3260 4089 νίκης
3315 4032 3405 4082 καί
3463 4026 3716 4103 βραϐεῖον
3758 4029 3861 4081 ἄκε-

2281 4117 2604 4184 νηνεγμένον,
2664 4107 2906 4171 σπουδὴν
2981 4113 3064 4167 ὅτι
3135 4114 3385 4174 πλείστην
3471 4125 3717 4182 ποιεῖται,
3767 4124 3857 4168 τῶν

2281 4199 2441 4272 ἁγίων
2472 4200 2634 4254 αύτοῦ
2670 4209 2878 4274 σαρκῶν
2917 4201 3223 4262 ἀποστῆσαι
3269 4206 3428 4277 ἡμᾶς.
3488 4213 3596 4262 Καὶ
3641 4205 3706 4266 δή
3736 4223 3858 4267 τινες

2279 4293 2606 4362 προσιόντες,
2662 4288 3018 4344 ὑποϐάλλουσι
3068 4297 3305 4352 Νικήτην
3363 4297 3452 4348 τόν
3497 4304 3598 4352 τοῦ
3642 4290 3859 4371 Ἡρώδου

2277 4383 2499 4452 πατέρα,
2554 4375 2774 4452 ἀδελφὸν
2804 4375 2864 4433 δι
2910 4387 3136 4456 Δαρκῆς,
3167 4388 3349 4436 πείσαι
3385 4387 3476 4438 τὸν
3525 4387 3776 4459 ἡγεμόνα.
3804 4388 3865 4457 μὴ

515 4479 800 4546 quuntur,
834 4467 1088 4541 epistola
1117 4466 1236 4534 illa,
1269 4481 1452 4539 quam
1485 4463 1768 4530 diximus,
1800 4464 1974 4521 infert
2001 4482 2014 4522 :
2045 4485 2076 4518 ‹‹
2107 4469 2173 4524 Ut

2303 4486 2366 4520 ὀν
2395 4471 2570 4542 νεκρὸν
2621 4475 2715 4521 τοῦ
2767 4455 3036 4543 μάρτυρος
3061 4471 3226 4533 οὕτως
3271 4473 3358 4543 te»
3382 4489 3399 4504 '
3442 4455 3581 4540 Μή,
3607 4455 3765 4547 pagi,
3974 4485 3975 4540 ξ

515 4561 720 4634 ignem
742 4561 1016 4616 homines
1033 4556 1433 4614 accenderunt
1449 4554 1669 4628 quibus
1687 4555 2027 4611 exstruendi
2047 4555 2168 4612 fue-

513 4658 608 4710 rat
627 4667 772 4707 cura
793 4647 1141 4712 commissa,
1169 4650 1227 4701 et
1250 4645 1462 4713 ingens
1492 4643 1682 4699 illuxit
1703 4641 1975 4710 ﬂamma,
1996 4645 2171 4703 mira-

514 4741 716 4798 culum
744 4739 944 4795 visum
973 4743 1065 4792 est
1100 4736 1178 4791 ab
1208 4733 1294 4790 eis
1335 4732 1556 4806 quibus
1586 4732 1648 4787 id
1686 4732 1933 4803 quidem
1967 4733 2168 4792 videre

515 4830 725 4888 datum
766 4836 854 4886 est
885 4843 899 4881 :
933 4842 1006 4884 ex
1034 4825 1255 4899 quibus
1293 4822 1480 4896 aliqui
1513 4823 1727 4878 servati
1759 4829 1918 4888 sunt,
1950 4823 2054 4896 qui
2096 4839 2168 4882 ea

511 4935 644 4994 quae
688 4918 1070 4982 accidissent,
1129 4912 1373 4986 reliquis
1431 4911 1896 4977 annuntiarent;
1947 4913 2163 4970 etenim

509 5009 664 5082 ignis
707 5007 951 5065 fornicis
995 5020 1101 5060 seu
1139 5017 1394 5059 cameras
1433 5001 1692 5073 speciem
1739 5000 2013 5074 praebuit,
2057 5003 2162 5075 qui

507 5098 685 5172 quasi
715 5097 916 5154 velum
961 5093 1185 5165 navigii
1215 5096 1394 5148 vento
1423 5089 1698 5147 inﬂatum
1729 5105 1945 5164 corpus
1981 5106 2162 5149 omne

507 5186 901 5246 circumdedit
939 5183 1243 5257 martyris.
1279 5184 1564 5238 Praeterea
1594 5195 1732 5237 vero
1761 5187 1818 5236 et
1845 5181 1998 5238 odor
2026 5198 2156 5240 sua-

503 5277 616 5347 vis,
663 5293 772 5335 ceu
817 5276 1028 5341 thuris,
1060 5273 1379 5330 alteriusve
1417 5271 1656 5344 pretiosi
1705 5271 1991 5327 aromatis
2037 5270 2159 5329 fra-

2277 4555 2667 4630 έσταυρωμένον
2707 4554 2932 4630 ἀφέντες,
2981 4565 3165 4612 τοῦτον
3219 4560 3484 4636 ἄρξωνται
3535 4563 3727 4619 σέὸειν.
3780 4566 3870 4618 [ὁ
3974 4603 3975 4636 ;

2274 4650 2447 4698 τοίνυν
2493 4645 2788 4707 ύποοηκαις
2833 4655 2934 4699 τῶν
2985 4631 3265 4702 ἰονδλαίων⁷
3307 4652 3368 4703 τό
3413 4659 3572 4724 σῶμα
3617 4660 3698 4723 τῷ
3753 4653 3868 4721 πυρί
3974 4631 3975 4698 Τ

2274 4732 2553 4808 ἐπαφῆκεν.
2637 4736 2705 4788 Oi
2756 4730 2816 4788 δί
2887 4740 3008 4811 περὶ
3086 4736 3297 4806 ἐκεῖνον,
3359 4740 3428 4792 τὰ
3488 4740 3865 4815 περιλειτθίντι
3974 4771 3975 4776 η

2275 4822 2564 4896 ἀνελόμενοι
2626 4831 2726 4877 τῶν
2778 4823 2986 4893 ὀστέων,
3039 4829 3110 4890 ὡς
3176 4835 3391 4902 χρυσοῦ
3447 4835 3640 4894 παντὸς
3695 4828 3861 4900 trp-1'

2274 4918 2516 4988 φέστερα,
2568 4912 2772 4976 έαυτοῖς
2824 4914 2953 4967 ὅπου
3011 4911 3079 4974 δὴ
3130 4921 3302 4990 χριὼν
3357 4916 3766 4993 έθησαύρισαν’
3815 4915 3862 4978 ἕξ

2271 5005 2463 5058 ἂκείνον
2501 5020 2558 5056 τε
2586 5001 2636 5055 ίν
2684 5001 2992 5075 ἀγαλλιάσει
3045 5007 3113 5058 τὰ
3171 5013 3268 5070 τῆς
3320 5012 3536 5081 μνήμης
3587 5009 3802 5064 iam.
3829 5027 3854 5060 ε

2272 5098 2375 5148 Καὶ
2413 5095 2482 5147 τὰ
2525 5097 2617 5167 μεν
2658 5095 2796 5147 κατὰ
2843 5095 2932 5146 τόν
2996 5093 3305 5170 περιϐόητον
3364 5097 3712 5174 [leuatqu
3756 5113 3854 5150 ru-

2266 5183 2424 5238 ούτον
2476 5182 2771 5248 κατηξίωτο
2817 5183 3010 5250 τέλους,
3062 5188 3159 5240 σύν
3211 5193 3324 5250 τοῖς
3376 5187 3483 5244 ἀπό
3531 5185 3849 5260 “hihi

2267 5269 2594 5328 δυοκαίδεκα
2613 5277 2702 5327 τὸν
2734 5272 2868 5347 ἱερὸν
2887 5268 3203 5330 διανύσασιν
3232 5267 3412 5336 ἆθλον.

503 5369 731 5443 grantis
770 5365 850 5424 ad
895 5381 1008 5423 nos
1049 5369 1138 5421 est
1170 5361 1457 5438 perlatus.
1505 5360 1594 5417 Ad
1633 5365 1986 5428 extremum,
2038 5377 2178 5421 cum
2220 5361 2500 5424 homines
2543 5361 2815 5422 viderent
2855 5361 3061 5438 ignem
3093 5363 3327 5425 nullam
3371 5366 3598 5430 habere
3637 5363 3834 5428 vim]!

575 5519 656 5602 (1)
693 5520 791 5577 Τόν
823 5513 1125 5591 ’Δσιάρχην
1155 5512 1402 5575 Ruﬁnus
1426 5510 1598 5572 vertit
1625 5510 2063 5573 munerarium.
