4040 6224
171 296 286 357 973
1198 289 1770 357 ECCLESIASTICE
1812 291 2170 355 meream
2207 297 2343 355 LIB.
2385 291 2489 356 Ill.
3413 281 3520 356 sit

170 423 458 499 martyris
495 436 761 490 carnem,
808 428 1220 500 praceperunt
1269 424 1536 491 cuidam,
1582 427 1643 481 ut
1688 423 1767 482 ab
1801 423 2091 482 exteriore
2121 429 2288 498 parte
2318 423 2565 498 cuspide
2601 423 2798 482 virum
2827 427 3103 482 sanctum
3134 422 3480 482 confoderet
3511 437 3530 480 :

169 528 300 588 quo
329 513 506 582 facto,
535 519 703 572 tanta
719 514 808 571 vis
831 513 1144 587 sanguinis
1169 513 1421 580 effluxit,
1459 519 1525 571 ut
1552 513 1707 586 ignis
1747 513 2094 571 violentiam
2126 529 2372 572 omnem
2419 513 2836 586 exstingueret.
2872 513 3200 572 Permultos
3226 529 3373 570 sane
3403 518 3531 570 stu-

167 617 290 675 por
318 602 688 661 admirantes
715 603 950 675 invasit,
987 609 1218 662 tantum
1264 603 1546 660 interesse
1590 604 1744 662 inter
1771 602 2062 676 profanos
2096 609 2154 661 et
2195 609 2436 661 sanctos
2478 604 2631 662 viros
2664 619 2965 678 :quorum
3010 619 3168 662 unus
3197 603 3294 660 hic
3332 602 3526 669 fuerit,

168 692 574 750 admiratione
611 693 852 764 dignus,
883 692 1249 765 apostolicus
1295 692 1474 766 plane
1525 697 1583 749 et
1627 692 2017 766 propheticus
2063 693 2177 752 vir.
2217 692 2316 749 Ille
2345 709 2526 766 porro
2566 693 2670 766 qui
2708 693 2884 750 bonis
2923 709 3162 766 semper
3191 692 3530 759 insidiatur,

168 796 314 838 cum
347 786 470 839 tam
501 780 734 839 celebre
760 783 1118 855 martyrium
1144 797 1302 850 esse,
1333 787 1391 839 et
1410 782 1603 838 virum
1633 797 1771 840 eum
1804 781 1883 839 ab
1911 782 2151 839 ineunte
2189 787 2362 839 aetate
2401 781 2901 855 irreprehensibili
2922 783 3164 840 vivendi
3190 783 3419 839 ratione
3447 782 3534 838 vi-

168 874 300 928 tam
331 870 718 943 transegisse,
751 875 809 928 et
857 876 1164 942 postremo
1191 871 1449 928 victoriae
1471 886 1758 928 coronam
1789 876 1848 928 et
1882 869 2166 928 brabium
2209 870 2484 928 retulisse
2513 877 2797 943 cerneret,
2830 887 3016 945 quam
3045 871 3238 944 potuit
3263 871 3531 927 maximo

169 959 378 1016 studio
396 959 718 1027 laboravit,
745 964 809 1016 ut
851 975 1024 1018 sacro
1072 960 1229 1016 illius
1263 975 1514 1032 corpore
1560 975 1674 1016 nos
1722 959 2154 1018 excideremus.
2189 960 2446 1027 Quidam
2477 961 2639 1018 enim
2662 961 2926 1017 Nicetem
2975 961 3221 1016 Herodis
3271 964 3526 1033 patrem,

166 1047 421 1106 fratrem
464 1055 666 1106 autem
697 1051 897 1107 Darem
928 1049 1029 1121 (t),
1083 1050 1513 1116 subornarunt,
1545 1049 1606 1106 ui
1636 1048 1880 1120 prasidi
1920 1050 2326 1122 persuaderet,
2352 1065 2426 1107 ne
2469 1050 2552 1107 ita
2597 1051 2880 1123 martyris
2933 1049 3195 1107 cadaver
3230 1049 3530 1119 integrum

165 1137 538 1210 relinqueret
571 1138 948 1210 :periculum
992 1153 1122 1195 esse
1173 1137 1461 1204 dicentes,
1493 1153 1568 1194 ne
1619 1137 1903 1207 cruciﬁxp
1952 1138 2054 1196 illo
2102 1139 2327 1205 relicto,
2355 1139 2445 1196 isti
2493 1139 2655 1196 hunc
2681 1139 2926 1196 tandem
2965 1139 3156 1195 colere
3178 1138 3529 1210 inciperent.

165 1229 256 1284 Ita
282 1227 670 1298 suggestione
695 1225 1040 1284 Judatorum
1069 1241 1284 1300 corpus
1313 1227 1436 1296 igni
1487 1225 1766 1284 traditur.
1813 1226 2145 1285 Sectatores
2175 1234 2377 1286 autem
2432 1228 2608 1298 illius,
2640 1228 2899 1285 collectis
2956 1228 3188 1284 ossium
3226 1227 3522 1300 reliquiis.

166 1330 326 1373 auro
355 1315 575 1390 quovis
626 1315 1100 1389 pretiosioribus,
1145 1315 1258 1372 sibi
1307 1329 1428 1382 eas,
1476 1331 1600 1389 quo
1643 1315 1844 1372 decuit
1897 1321 2078 1389 atque
2119 1317 2382 1390 oportuit
2417 1317 2574 1383 loco,
2614 1316 2778 1373 velut
2814 1317 3167 1375 thesaurum
3207 1331 3529 1372 conserva-

162 1410 336 1465 runt.
413 1407 480 1462 Et
516 1405 596 1462 ab
648 1420 722 1463 eo
779 1410 1067 1478 tempore,
1108 1420 1249 1461 cum
1287 1403 1684 1462 exsultatione
1733 1406 2029 1462 memoria
2078 1407 2208 1478 ejus
2247 1411 2337 1463 est
2397 1405 2722 1464 celebrata.
2763 1428 2783 1457 ι
2814 1408 2879 1462 Et
2934 1422 3029 1462 res
3073 1405 3317 1478 quidem
3381 1405 3533 1462 cele-

161 1493 418 1552 berrimi
465 1493 776 1568 Polycarpi
810 1493 989 1552 talem
1033 1493 1299 1550 habuere
1358 1493 1566 1564 ﬁnem,
1589 1508 1713 1550 una
1767 1509 1908 1552 cum
1954 1495 2277 1554 duodecim
2309 1494 2425 1554 illis
2475 1511 2549 1554 ex
2609 1496 2758 1553 urbe
2796 1495 3208 1569 Philadelphia
3251 1495 3534 1567 martyri-

164 1581 310 1652 bus,
341 1584 458 1663 qui.
475 1599 717 1643 sacrum
747 1582 956 1640 itidem
982 1587 1220 1641 strenue
1243 1582 1622 1656 complevere
1642 1587 1966 1641 certamen.

771 1695 1017 1747 xEMA.
1045 1691 1174 1756 Aq'.
1799 1692 1848 1746 Α
2357 1699 2366 1764 ε

1799 1692 1848 1746 Λ
2357 1694 2535 1767 276
2571 1693 2795 1751 CAPUT
2831 1694 3051 1751 XXXVI.

167 1820 331 1890 Περὶ
383 1814 584 1870 ἄλλων
630 1817 973 1891 μαρτύρων
1021 1813 1182 1872 κατᾶ
1229 1818 1344 1891 τὴν
1395 1813 1598 1891 αὐτὴν
1649 1822 1762 1868 τῶν

1930 1827 1968 1876 ἐ
1993 1817 2130 1876 aliis
2160 1818 2548 1891 martyribus,
2588 1818 2692 1891 qui
2718 1818 2914 1876 eodem
2943 1818 3070 1887 ipso
3102 1822 3362 1891 tempore
3401 1833 3525 1878 una

238 1885 490 1976 χρόνων
547 1885 863 1962 περίοδον
905 1889 1163 1962 σύναμα
1192 1885 1590 1962 Πολυκάρπῳ
1619 1906 1768 1961 μαρ-

2004 1905 2138 1947 cum
2168 1885 2523 1962 Polycarpo,
2556 1885 2849 1962 niartyrio
2880 1885 3062 1947 vitam
3089 1890 3400 1959 ﬁnierunt.

237 1978 528 2021 τυρησαν
564 1979 704 2018 των.

238 1981 314 2014 τυ
326 1981 528 2036 ρησαν
564 1981 704 2018 των.

238 2070 391 2134 Κατὰ
446 2065 506 2122 δι
555 2072 651 2127 τὴν
702 2067 865 2127 αὐτὴν
915 2075 1016 2119 τῶν
1066 2069 1272 2141 χρόνων
1327 2061 1566 2141 περίοδον
1609 2063 1658 2117 ἂν
1701 2071 1764 2138 τῇ

1952 2067 2176 2126 Eadem
2204 2067 2318 2126 hac
2335 2073 2505 2126 aetate
2531 2068 2696 2142 apud
2719 2070 3064 2140 Smyrnasos
3076 2071 3134 2124 et
3153 2067 3271 2125 alia
3295 2067 3529 2128 diversa

163 2162 470 2238 Σμυρναίων
530 2157 675 2212 πόλει
726 2161 816 2210 καὶ
871 2155 1002 2209 ἄλλα
1063 2158 1331 2231 μαρτύρια
1395 2149 1623 2228 διάφορα
1683 2171 1758 2226 γε·

1934 2157 2166 2231 lartyria
2193 2157 2394 2223 fuisse,
2418 2157 2672 2232 epistola
2698 2158 2917 2231 saepius
2947 2156 3206 2227 allegata
3220 2156 3483 2216 declarat
3514 2175 3529 2216 :

157 2249 352 2304 νίσθαι
400 2249 432 2308 ἡ
492 2247 683 2300 ἄνωθεν
731 2242 921 2305 ἐδήλου
963 2249 1138 2321 γραφή
1169 2263 1185 2278 ο
1237 2243 1351 2317 μεθ’
1395 2243 1463 2295 ὧν
1510 2248 1600 2296 καὶ
1651 2249 1752 2301 Μη-

1935 2247 2194 2318 Lquibus
2232 2252 2285 2304 el
2340 2246 2703 2304 Metrodorus
2751 2246 3002 2320 quidam
3071 2245 3380 2303 Marcionis
3443 2262 3530 2304 er-

159 2334 436 2414 τρόδωρόν
495 2355 611 2389 τινα
669 2343 766 2399 τῆς
827 2337 964 2388 κατὰ
1022 2337 1310 2408 Μαρκίωνα
1362 2331 1576 2398 πλάνης,
1643 2350 1754 2407 πρε-

1932 2350 2073 2391 irem
2122 2341 2380 2406 secutus,
2422 2335 2738 2409 presbyter
2785 2339 2984 2391 autem
3030 2349 3160 2390 esse
3202 2334 3527 2404 judicatus,

163 2425 420 2501 σϐύτερος
480 2421 530 2482 δ’
592 2421 721 2479 εἶναι
782 2421 973 2494 ἰὸόιιει,
1043 2421 1363 2496 ἀνῃρῆσθαι,
1429 2419 1758 2496 προσωμιλη·

1940 2440 2044 2479 vus
2084 2427 2438 2482 combustus
2467 2430 2573 2481 est.
2597 2425 2882 2480 Praeterea
2909 2422 3162 2492 insignis
3217 2421 3314 2479 ille
3367 2439 3529 2480 mar-

160 2521 299 2570 ιιότα
325 2518 482 2589 πυρί.
524 2513 607 2570 ἐν
659 2514 737 2576 οἷς
787 2516 878 2566 καὶ
909 2514 936 2565 ό
965 2511 1125 2575 πολὺς
1180 2515 1275 2570 τήν
1315 2514 1610 2584 μαρτυρίαν
1641 2514 1755 2563 Πιό-

1933 2527 1971 2567 ’1⁵
2023 2512 2284 2580 Pionius,
2321 2513 2493 2584 cujus
2535 2512 2782 2585 quidem
2823 2511 2916 2567 vel
2953 2510 3254 2582 sigillatim
3292 2510 3528 2570 habitas

159 2623 268 2666 νιος
327 2600 388 2664 ἦν
421 2621 436 2635 ⁸
487 2603 549 2658 οὔ
594 2605 686 2666 τὰς
732 2605 869 2656 κατὰ
915 2605 1066 2677 μέρος
1108 2600 1409 2674 ὁμολογίας,
1451 2605 1545 2659 τήν
1593 2600 1639 2652 τ’
1682 2597 1754 2652 ἔπί

1932 2601 2311 2674 )nfessiones,
2341 2601 2434 2658 vel
2485 2602 2790 2674 publicam
2821 2600 2882 2656 in
2920 2599 3132 2656 mediis
3161 2599 3401 2673 populis
3439 2599 3527 2657 di-

161 2698 340 2770 μίσων
391 2689 579 2766 δήμων
639 2690 938 2768 παρρησίαν
990 2695 1081 2744 καὶ
1145 2687 1450 2761 ἀπολογίαν,
1512 2692 1597 2742 ναὶ
1661 2691 1756 2761 μὴν

1931 2691 2050 2747 andi
2101 2690 2457 2758 libertatem,
2493 2695 2548 2748 et
2574 2691 2714 2747 ﬁdei
2757 2689 3190 2754 defensionem,
3236 2693 3526 2762 praeterea

161 2788 253 2836 καὶ
301 2785 397 2845 τόις
435 2783 484 2836 ἂν
521 2789 692 2857 καιρῷ
736 2777 1001 2844 δεξιώσεις
1041 2786 1141 2832 τῶν
1181 2773 1452 2851 διωγμῶν,
1491 2784 1603 2839 τοῖς
1633 2779 1756 2852 πρὸς

1932 2796 2148 2854 νωροτο
2187 2781 2668 2853 persecutionum
2690 2778 3048 2851 hospitalem
3078 2778 3527 2852 benignamque

166 2873 324 2926 αὐτόν
378 2870 428 2925 ἓν
485 2871 660 2948 εἱρκτῇ
716 2873 838 2925 ὄντα
888 2870 1302 2942 ἀφικνουμένοις,
1347 2870 1433 2919 καί
1470 2868 1564 2930 τὰς
1599 2885 1761 2941 παρα-

1932 2885 2086 2926 Jrum
2122 2870 2225 2943 qui
2260 2870 2336 2926 ad
2361 2886 2424 2926 se
2456 2868 2845 2940 confugerent
2870 2867 3367 2939 exceptionem,et
3387 2884 3527 2924 cum

158 2964 381 3036 μυθίας,
436 2963 530 3022 τάς
588 2979 641 3014 τε
687 2957 976 3033 βασάνους,
1035 2956 1356 3018 καθηλώσεις
1393 2974 1468 3022 τι,
1533 2959 1622 3008 καὶ
1673 2958 1753 3008 τὰς

1930 2978 1939 3014 l
1969 2975 2204 3014 carcere
2248 2963 2421 3024 esset,
2453 2957 2813 3030 pavidorum
2847 2955 3058 3029 plenas
3096 2955 3525 3012 consolationis

159 3051 210 3106 ἐν
254 3056 384 3125 πυρί
438 3053 733 3126 καρτερίας,
778 3052 870 3106 καὶ
907 3043 1230 3120 δοκιμασίας
1275 3047 1370 3108 τὰς
1411 3043 1495 3098 ἐπὶ
1532 3048 1666 3098 πᾶσί
1713 3063 1754 3096 τι

1929 3047 2340 3114 )hortationes,
2375 3052 2667 3104 tormenta
2702 3046 2904 3111 etiam,
2931 3044 3235 3101 clavorum
3274 3043 3524 3113 ﬁxuras,

156 3144 249 3195 καὶ
311 3135 627 3213 ἀλγηδόνας,
682 3141 773 3190 καὶ
825 3135 1108 3193 τελευταῖον
1150 3138 1245 3194 τὴν
1293 3132 1639 3207 ἁείμηνηστον
1691 3151 1751 3186 re

1933 3141 2031 3193 iter
2051 3137 2206 3208 ignis
2249 3137 2547 3192 cruciatus
2568 3136 2943 3207 patientiam,
2960 3133 3278 3206 omnisque
3294 3134 3528 3204 generis

155 3230 371 3298 λευτήν,
429 3231 548 3291 τοὺς
612 3226 910 3301 φιλομαθεῖς
960 3230 1046 3284 επὶ
1100 3228 1195 3283 τὴν
1262 3223 1426 3284 αὐτὴν
1473 3227 1750 3298 μαρτυρίου

1932 3242 2092 3282 cenas
2124 3229 2179 3282 et
2225 3224 2801 3291 excarniﬁcationes,
2847 3223 3110 3296 denique
3158 3223 3527 3294 sempiterna

155 3322 534 3394 προπέμπομεν
565 3332 580 3347 ’
627 3315 687 3370 οὐ
737 3318 840 3391 γὰρ
884 3316 1010 3386 ἡμῖν
1071 3313 1242 3387 σχολὴ
1297 3314 1476 3384 κυάθῳ
1529 3317 1625 3372 τὴν
1670 3320 1750 3365 τῶτ

1932 3303 2172 3372 ιθωοιιῑιι
2201 3313 2449 3385 dignam
2483 3319 2758 3379 mortem,
2785 3312 2890 3385 qui
2923 3326 3284 3381 cognoscere
3302 3311 3527 3379 velunt,

155 3408 332 3464 ἁθλων
390 3415 493 3461 τῶν
549 3407 826 3480 μαρτύρων
889 3403 1160 3462 θάλασσαν
1217 3400 1499 3476 ἔκμετρείν.
1561 3408 1666 3455 Τοῦ
1717 3397 1750 3456 δ

1935 3420 1982 3461 is
2006 3404 2084 3460 ad
2109 3420 2244 3460 eam
2274 3419 2410 3477 quae
2424 3419 2582 3475 saepe
2602 3403 2763 3459 dicta
2787 3406 2874 3458 est
2927 3399 3394 3457 testiﬁcationem
3437 3416 3530 3458 re-

155 3497 328 3552 αὖτοῦ
384 3498 526 3558 ἔτους
578 3499 669 3548 καὶ
709 3493 761 3547 ἓν
828 3493 1084 3566 Περγάμῳ
1143 3492 1351 3564 καρπον
1402 3509 1455 3543 τε
1513 3493 1600 3544 τόν
1659 3491 1745 3544 ἰπί

1944 3495 2190 3550 ittimus.
2218 3495 2344 3549 Non
2386 3492 2546 3548 enim
2575 3492 2750 3548 nobis
2779 3494 2974 3556 vacat,
3001 3489 3222 3562 cyatho
3253 3505 3374 3546 uno
3403 3505 3535 3546 cer-

156 3605 382 3656 σιιοπον,
432 3589 522 3640 καὶ
569 3582 811 3638 Πάπυλον
861 3577 1122 3649 διάκονον,
1175 3581 1398 3654 γυναῖκά
1445 3579 1514 3633 rs’
1566 3581 1751 3654 Δγαθοι

1930 3583 2174 3640 ιωίουω
2221 3585 2568 3638 sanctorum
2598 3583 2934 3653 martyrum
2975 3593 3141 3634 mare
3172 3578 3383 3634 metiri.
3418 3581 3525 3635 Eo-

150 3681 312 3736 νίκην
371 3671 599 3746 ἰπεδόξῳ
671 3672 804 3726 τελει
866 3672 1186 3746 χρήσασθαι
1256 3672 1550 3746 μαρτυρίου
1635 3687 1745 3743 μετ‹

1926 3687 2017 3727 em
2060 3671 2190 3743 ipso
2234 3685 2395 3726 anno
2441 3674 2499 3726 et
2546 3667 2816 3740 Pergami
2851 3670 3112 3738 Carpum
3143 3666 3521 3738 episcopum,

150 3766 410 3827 πλείστας
439 3765 465 3818 ὁ
492 3763 647 3835 λόγος
678 3763 977 3836 ἱστόρησεν.

1931 3801 1935 3814 ,
1985 3757 2272 3831 Pabylum
2333 3758 2679 3823 diaconum,
2766 3761 2824 3812 et
2889 3753 3200 3810 mulierem
3270 3753 3526 3825 Agatho-

146 3857 378 3928 nicem,
420 3857 611 3912 morte
667 3848 922 3926 pulchra
950 3852 1089 3923 post
1147 3846 1299 3906 alias
1357 3861 1544 3926 quam
1601 3844 1893 3919 plurimas
1941 3848 2230 3921 martyrio
2275 3846 2622 3921 perfunctos
2669 3859 2818 3911 esse,
2867 3843 3173 3901 memoria:
3219 3843 3527 3916 proditum

150 3949 272 4006 est.

759 4029 1006 4084 κεψΑΑ.
1048 4031 1168 4080 KZ'.
1794 4028 1834 4086 ο

1794 4028 1834 4086 C
2444 4023 2671 4081 CAPUT
2710 4019 2957 4078 XXXVII.

151 4144 320 4216 Περι
364 4146 484 4216 τῶν
523 4133 641 4216 δῃύλο
688 4134 992 4216 Ἐβραίων
1023 4141 1157 4216 res:
1213 4133 1334 4185 ὑπὸ
1390 4131 1604 4216 ξμμου
1656 4134 1746 4184 κα

1937 4149 1960 4193 e
1971 4132 2203 4191 duobus
2228 4131 2267 4188 ,1
2269 4131 2469 4214 udzis,
2485 4131 2674 4216 alter?
2689 4129 2794 4216 qui
2813 4127 3413 4216 perurenqmmltero
3428 4127 3532 4200 qui

291 4211 414 4265 ὑπὸ
451 4205 706 4264 παίδων
745 4199 1084 4282 ὑπερφυῶς
1122 4199 1638 4279 βαπτισθὲντων.

2183 4219 2222 4261 a
2248 4199 2461 4276 pueris
2488 4199 2735 4270 mirifice
2764 4208 2847 4256 est
2880 4199 3235 4269 baptizatus.

225 4315 356 4372 Ἐτι
403 4312 462 4370 δι
499 4315 718 4388 Μάρκου
773 4311 1040 4383 Αὐρηλίου
1093 4309 1400 4368 Ἀντωνίνου
1462 4311 1556 4368 τὴν
1609 4306 1763 4361 αὐτο-

1948 4294 2160 4350 Adhuc
2209 4301 2411 4350 autem
2464 4293 2536 4346 M.
2590 4288 2824 4345 Aurelio
2873 4289 3172 4345 Antonino
3213 4288 3532 4358 imperium

149 4407 394 4480 κράτορα
427 4378 699 4476 Ῥωμαίοις
737 4378 1062 4460 διοιιιοῦντος
1106 4395 1303 4472 ἀρχὴν,
1358 4399 1449 4447 καὶ
1494 4401 1644 4448 τοῦτο
1694 4390 1744 4447 δι

1943 4383 2360 4448 lministrante,
2385 4379 2550 4454 quod
2591 4386 2718 4436 tum
2747 4378 2983 4443 accidit,
3019 4393 3139 4434 non
3181 4382 3538 4451 praetereun-

151 4465 216 4550 τό
253 4465 536 4552 τηνικάδε.
560 4489 800 4565 πραχθεν
849 4487 945 4542 οὐκ
992 4487 1171 4546 ἀνήσω
1222 4488 1309 4539 τόν
1348 4488 1540 4557 χρόνον
1581 4480 1744 4537 δοῦνα

1942 4490 2024 4529 ιω
2075 4477 2164 4528 est
2201 4469 2461 4536 silentio,
2504 4468 2752 4524 Judmus
2792 4467 2951 4524 enim
2999 4466 3249 4539 quidam
3289 4466 3350 4521 in
3391 4465 3537 4522 locis

155 4589 318 4657 σιγῇ.
363 4554 612 4656 Ἐϐραῖος.
801 4597 879 4640 τις
927 4585 1026 4638 τῆς
1071 4575 1237 4638 αὐτῆς
1285 4554 1413 4627 ὁδου
1449 4572 1498 4626 ἐν
1551 4570 1750 4648 ἐρήμου

1938 4561 2129 4619 :sertis
2171 4565 2226 4617 et
2262 4556 2598 4631 inaquosis,
2639 4561 2702 4612 ut
2752 4572 2890 4612 cum
2945 4555 3260 4612 Psalmista
3297 4554 3533 4626 loquar,

152 4643 341 4734 τόποις
390 4643 481 4726 καὶ
532 4664 804 4742 ἀνύδροις,
851 4669 910 4720 τό
966 4664 1230 4738 ψαλμικόν
1286 4663 1466 4726 τίπιῖν,
1523 4664 1737 4715 κοινωνό

1936 4652 2194 4708 )biscum
2225 4649 2333 4704 iter
2372 4646 2650 4703 faciebat.
2685 4647 2831 4702 Cum
2875 4660 3017 4700 vero
3063 4643 3276 4700 morbo
3319 4657 3531 4715 repen-

154 4757 220 4822 ἦν
293 4732 438 4826 ἡμῖν.
497 4732 679 4814 Ἐπεί.
709 4732 800 4809 δ’,
837 4732 1107 4830 ἀρῥωὶττίᾲ
1162 4750 1508 4824 ἕπισκηψάσῃ
1578 4749 1749 4825 ἁθρόοι

1940 4756 2000 4798 ιο
2032 4740 2110 4796 ita
2147 4737 2532 4808 aﬁligeretur,
2577 4741 2642 4790 ut
2680 4734 3018 4790 crederetur
3064 4732 3409 4795 moriturus,
3443 4736 3535 4786 at-

151 4823 352 4914 ἐκεῖνος
395 4849 630 4922 πληγεὶς,
683 4823 1046 4920 προσδόιιιμος
1084 4823 1164 4902 ’ἦν
1217 4841 1518 4914 ὶρεύγεσθαι
1569 4823 1742 4911 τὸήψυ

1933 4846 1996 4886 ue
2026 4829 2105 4884 ibi
2136 4829 2198 4884 in
2249 4828 2394 4883 locis
2438 4825 2550 4881 illis
2586 4823 2895 4896 inaquosis
2926 4835 3355 4894 permansurus
3377 4833 3528 4884 esse,

151 4936 370 5016 χίδιον,
575 4941 684 4998 τοῖς
723 4906 986 5007 ’ἀνύδροίς
1039 4936 1215 4992 τόποις
1267 4932 1480 4990 ἑχείνοις
1545 4926 1741 5001 ἁπολιμ

1944 4933 2104 4988 agna
2129 4916 2506 4973 contentione
2533 4913 2850 4969 comitibus
2881 4910 3004 4965 suis
3035 4906 3411 4964 obsecrando
3441 4906 3533 4962 in-

2353 5005 2385 5016 .-
2862 4999 2942 5016 ,
3358 4995 3501 5016 μη*

152 4995 439 5092 ἓοὶνισθαι,
501 5025 726 5080 ἆπέκειτο
777 5025 911 5077 πάνυ
968 5017 1178 5094 σφόδρα
1231 5023 1322 5072 καὶ
1371 5013 1643 5072 κατεδείτο
1693 5016 1747 5070 λι

1937 5009 2040 5073 itit,
2073 5023 2148 5064 ne
2181 5021 2322 5061 eum
2351 5005 2433 5060 ita
2472 5001 2752 5074 praesidio
2779 4999 2946 5055 omni
2977 4996 3326 5094 destitutu-m
3358 4995 3532 5051 relin-

153 5124 341 5192 παρῶς
381 5083 693 5188 ἕποιείμενος
738 5120 840 5166 τῶν
899 5083 1211 5176 συνοδιτῶν,
1263 5111 1335 5180 μὴ
1389 5107 1524 5160 οὕτω
1570 5101 1639 5165 δὴ
1681 5103 1748 5176 ἕᾷτ

1937 5101 2148 5162 terent,
2177 5095 2282 5150 sed
2311 5091 2571 5148 utdivini
2602 5088 2822 5146 lavacri
2857 5085 3208 5159 participem
3249 5083 3532 5151 facerent,

156 5174 562 5280 ἆπὶρίσιιεπτον,
601 5174 709 5256 ἀλλ’
753 5199 930 5265 ἀξιοῦν
978 5198 1166 5252 ἐκεῖνον
1196 5174 1296 5251 τοι)
1347 5199 1486 5250 θείου
1523 5174 1744 5269 λουτρου

1941 5204 1950 5242 :
1987 5184 2206 5242 deinde
2251 5182 2508 5239 abirent.
2555 5181 2620 5235 Ut
2651 5183 2868 5275 autem.
2901 5174 3004 5240 illi,
3030 5189 3226 5246 neque
3254 5174 3356 5244 qui
3393 5187 3536 5244 prae-

157 5265 274 5351 εἶτί
311 5293 559 5356 ἀπιόντας
612 5291 720 5364 ἕᾷν.
758 5290 850 5354 Ὠς
897 5288 949 5342 δ’
997 5291 1180 5342 inrise:
1218 5290 1276 5342 τό
1333 5291 1466 5358 μήτε
1505 5288 1595 5338 τὸν
1630 5283 1752 5337 τελε-

1938 5291 2034 5333 are
2059 5275 2174 5331 hoc
2200 5276 2400 5346 posset
2421 5267 2754 5339 (sacerdote
2775 5265 2938 5321 enim
2961 5279 3116 5334 opus
3137 5265 3304 5364 erati,
3333 5276 3533 5364 neque

158 5349 296 5444 στὴν
336 5380 487 5451 εἶναι,
527 5349 698 5457 {spicae
741 5349 848 5454 γὰρ
898 5374 1028 5443 ἔδει,
1071 5382 1160 5430 καὶ
1196 5379 1257 5428 τὸ
1295 5349 1466 5428 ὶνδίον
1503 5372 1646 5446 μάλα
1677 5379 1753 5424 τοί

1934 5381 2056 5439 quae
2072 5363 2310 5435 copiam
2323 5360 2550 5428 adesse,
2579 5371 2716 5428 qua:
2747 5353 2809 5410 in
2823 5353 3130 5424 baptismo
3145 5349 3529 5457 perﬁciendo,

155 5471 362 5538 ὕδατος
400 5471 448 5527 ἄν
473 5438 686 5534 ἀἰτίαις
736 5438 1072 5540 πεποίηνται,
1129 5467 1210 5531 οἷς
1251 5467 1310 5520 τό
1349 5463 1636 5541 βάπτισμα
1661 5463 1750 5518 Eae

1942 5438 2401 5513 consuetudine
2433 5447 2700 5520 antiqua,
2734 5448 2791 5502 et
2809 5441 2939 5516 lege
2970 5446 3131 5500 certa
3159 5444 3217 5499 et
3243 5438 3537 5499 inviolata

243 5625 334 5708 (ί)
354 5623 447 5687 Al.
471 5623 708 5686 Daha.
