  <div class='ocr_page' id='page_1' title='image "/cluster/home/n/w/nwhite01/storage/ocr_20150623/145/hvd.32044054086921/493.png"; bbox 0 0 4040 6224; ppageno 0'>
   <div class='ocr_carea' id='block_1_1' title="bbox 603 249 713 308">
    <p class='ocr_par' dir='ltr' id='par_1_1' title="bbox 603 249 713 308">
     <span class='ocr_line' id='line_1_1' title="bbox 603 249 713 308; baseline -0.018 0"><span class='ocrx_word' id='word_1_1' title='bbox 603 249 713 308; x_wconf 84' lang='lat'><strong>975</strong></span> 
     </span>
    </p>
   </div>
   <div class='ocr_carea' id='block_1_2' title="bbox 1869 252 2619 311">
    <p class='ocr_par' dir='ltr' id='par_1_2' title="bbox 1869 252 2619 311">
     <span class='ocr_line' id='line_1_2' title="bbox 1869 252 2619 311; baseline 0.001 -2"><span class='ocrx_word' id='word_1_2' title='bbox 1869 252 2255 311; x_wconf 76' lang='lat' dir='ltr'><strong>NICEPHORI</strong></span> <span class='ocrx_word' id='word_1_3' title='bbox 2301 252 2619 311; x_wconf 69' lang='lat' dir='ltr'><strong>CALLlSTl</strong></span> 
     </span>
    </p>
   </div>
   <div class='ocr_carea' id='block_1_3' title="bbox 3834 265 3926 321">
    <p class='ocr_par' dir='ltr' id='par_1_3' title="bbox 3834 265 3926 321">
     <span class='ocr_line' id='line_1_3' title="bbox 3834 265 3926 321; baseline 0 0"><span class='ocrx_word' id='word_1_4' title='bbox 3834 265 3926 321; x_wconf 78' lang='lat'><strong>976</strong></span> 
     </span>
    </p>
   </div>
   <div class='ocr_carea' id='block_1_4' title="bbox 591 378 2240 458">
    <p class='ocr_par' dir='ltr' id='par_1_4' title="bbox 591 378 2240 452">
     <span class='ocr_line' id='line_1_4' title="bbox 591 378 2240 452; baseline 0.001 -18"><span class='ocrx_word' id='word_1_5' title='bbox 591 378 1062 452; x_wconf 72' lang='lat' dir='ltr'><strong>requirerentur,</strong></span> <span class='ocrx_word' id='word_1_6' title='bbox 1094 378 1323 436; x_wconf 90' lang='lat' dir='ltr'><strong>causati</strong></span> <span class='ocrx_word' id='word_1_7' title='bbox 1371 381 1529 445; x_wconf 86' lang='lat' dir='ltr'><strong>sunt,</strong></span> <span class='ocrx_word' id='word_1_8' title='bbox 1575 382 1632 436; x_wconf 93' lang='lat' dir='ltr'><strong>et</strong></span> <span class='ocrx_word' id='word_1_9' title='bbox 1661 383 1978 452; x_wconf 70' lang='lat' dir='ltr'><strong>propterea</strong></span> <span class='ocrx_word' id='word_1_10' title='bbox 2025 380 2087 436; x_wconf 92' lang='lat' dir='ltr'><strong>in</strong></span> <span class='ocrx_word' id='word_1_11' title='bbox 2112 383 2240 436; x_wconf 87' lang='lat' dir='ltr'><strong>tan-</strong></span> 
     </span>
    </p>
   </div>
   <div class='ocr_carea' id='block_1_5' title="bbox 2349 378 3924 458">
    <p class='ocr_par' dir='ltr' id='par_1_5' title="bbox 2361 378 3924 458">
     <span class='ocr_line' id='line_1_5' title="bbox 2361 378 3924 458; baseline 0.006 -26"><span class='ocrx_word' id='word_1_12' title='bbox 2361 378 2420 432; x_wconf 77' lang='grc' dir='ltr'><strong>ἐκ</strong></span> <span class='ocrx_word' id='word_1_13' title='bbox 2445 378 2672 433; x_wconf 77' lang='grc' dir='ltr'><strong>παλαιοῦ</strong></span> <span class='ocrx_word' id='word_1_14' title='bbox 2721 385 2812 435; x_wconf 75' lang='grc' dir='ltr'><strong>καὶ</strong></span> <span class='ocrx_word' id='word_1_15' title='bbox 2856 384 3012 454; x_wconf 86' lang='grc' dir='ltr'><strong>νόμος</strong></span> <span class='ocrx_word' id='word_1_16' title='bbox 3049 381 3201 446; x_wconf 77' lang='grc' dir='ltr'><strong>οὗτος</strong></span> <span class='ocrx_word' id='word_1_17' title='bbox 3235 378 3611 458; x_wconf 74' lang='grc' dir='ltr'><strong>διενεργιίσθαι</strong></span> <span class='ocrx_word' id='word_1_18' title='bbox 3657 385 3924 457; x_wconf 80' lang='grc' dir='ltr'><strong>ἐισάλευτος,</strong></span> 
     </span>
    </p>
   </div>
   <div class='ocr_carea' id='block_1_6' title="bbox 604 469 2252 540">
    <p class='ocr_par' dir='ltr' id='par_1_6' title="bbox 604 469 2252 540">
     <span class='ocr_line' id='line_1_6' title="bbox 604 469 2252 540; baseline 0.001 -15"><span class='ocrx_word' id='word_1_19' title='bbox 604 472 800 526; x_wconf 86' lang='lat' dir='ltr'><strong>tarum</strong></span> <span class='ocrx_word' id='word_1_20' title='bbox 829 484 1025 524; x_wconf 91' lang='lat' dir='ltr'><strong>rerum</strong></span> <span class='ocrx_word' id='word_1_21' title='bbox 1058 469 1310 540; x_wconf 90' lang='lat' dir='ltr'><strong>penuria</strong></span> <span class='ocrx_word' id='word_1_22' title='bbox 1354 469 1621 540; x_wconf 78' lang='lat' dir='ltr'><strong>petitioni</strong></span> <span class='ocrx_word' id='word_1_23' title='bbox 1669 469 1799 540; x_wconf 85' lang='lat' dir='ltr'><strong>ejus</strong></span> <span class='ocrx_word' id='word_1_24' title='bbox 1846 484 1968 526; x_wconf 90' lang='lat' dir='ltr'><strong>non</strong></span> <span class='ocrx_word' id='word_1_25' title='bbox 2022 483 2252 526; x_wconf 81' lang='lat' dir='ltr'><strong>annue-</strong></span> 
     </span>
    </p>
   </div>
   <div class='ocr_carea' id='block_1_7' title="bbox 601 555 2254 630">
    <p class='ocr_par' dir='ltr' id='par_1_7' title="bbox 601 555 2254 630">
     <span class='ocr_line' id='line_1_7' title="bbox 601 555 2254 630; baseline 0 -16"><span class='ocrx_word' id='word_1_26' title='bbox 601 563 740 614; x_wconf 90' lang='lat' dir='ltr'><strong>runt</strong></span> <span class='ocrx_word' id='word_1_27' title='bbox 771 574 784 612; x_wconf 92' lang='lat'>:</span> <span class='ocrx_word' id='word_1_28' title='bbox 819 557 990 628; x_wconf 76' lang='lat'><strong>277</strong></span> <span class='ocrx_word' id='word_1_29' title='bbox 1016 555 1256 613; x_wconf 67' lang='lat' dir='ltr'><strong>Iudaeus</strong></span> <span class='ocrx_word' id='word_1_30' title='bbox 1286 573 1465 628; x_wconf 91' lang='lat' dir='ltr'><strong>porro</strong></span> <span class='ocrx_word' id='word_1_31' title='bbox 1517 557 1578 613; x_wconf 93' lang='lat' dir='ltr'><strong>in</strong></span> <span class='ocrx_word' id='word_1_32' title='bbox 1641 559 1936 614; x_wconf 80' lang='lat' dir='ltr'><strong>sententia</strong></span> <span class='ocrx_word' id='word_1_33' title='bbox 1967 574 2079 615; x_wconf 91' lang='lat' dir='ltr'><strong>sua</strong></span> <span class='ocrx_word' id='word_1_34' title='bbox 2129 573 2254 630; x_wconf 87' lang='lat' dir='ltr'><strong>per-</strong></span> 
     </span>
    </p>
   </div>
   <div class='ocr_carea' id='block_1_8' title="bbox 603 646 2252 717">
    <p class='ocr_par' dir='ltr' id='par_1_8' title="bbox 603 646 2252 717">
     <span class='ocr_line' id='line_1_8' title="bbox 603 646 2252 717; baseline -0.001 -13"><span class='ocrx_word' id='word_1_35' title='bbox 603 649 842 711; x_wconf 78' lang='lat' dir='ltr'><strong>mansit,</strong></span> <span class='ocrx_word' id='word_1_36' title='bbox 871 654 929 702; x_wconf 89' lang='lat' dir='ltr'><strong>et</strong></span> <span class='ocrx_word' id='word_1_37' title='bbox 955 646 1349 717; x_wconf 85' lang='lat' dir='ltr'><strong>jurejurando</strong></span> <span class='ocrx_word' id='word_1_38' title='bbox 1396 663 1519 713; x_wconf 91' lang='lat' dir='ltr'><strong>eos,</strong></span> <span class='ocrx_word' id='word_1_39' title='bbox 1553 652 1618 703; x_wconf 91' lang='lat' dir='ltr'><strong>ut</strong></span> <span class='ocrx_word' id='word_1_40' title='bbox 1658 647 1768 703; x_wconf 85' lang='lat' dir='ltr'><strong>sibi</strong></span> <span class='ocrx_word' id='word_1_41' title='bbox 1825 647 2252 716; x_wconf 83' lang='lat' dir='ltr'><strong>satisfacerent,</strong></span> 
     </span>
    </p>
   </div>
   <div class='ocr_carea' id='block_1_9' title="bbox 602 735 2252 807">
    <p class='ocr_par' dir='ltr' id='par_1_9' title="bbox 602 735 2252 807">
     <span class='ocr_line' id='line_1_9' title="bbox 602 735 2252 807; baseline 0 -15"><span class='ocrx_word' id='word_1_42' title='bbox 602 736 821 806; x_wconf 79' lang='lat' dir='ltr'><strong>adegit.</strong></span> <span class='ocrx_word' id='word_1_43' title='bbox 850 735 932 790; x_wconf 87' lang='lat' dir='ltr'><strong>Illi</strong></span> <span class='ocrx_word' id='word_1_44' title='bbox 958 736 1162 807; x_wconf 88' lang='lat' dir='ltr'><strong>itaque</strong></span> <span class='ocrx_word' id='word_1_45' title='bbox 1191 735 1477 792; x_wconf 88' lang='lat' dir='ltr'><strong>detsactis</strong></span> <span class='ocrx_word' id='word_1_46' title='bbox 1497 736 1723 792; x_wconf 86' lang='lat' dir='ltr'><strong>homini</strong></span> <span class='ocrx_word' id='word_1_47' title='bbox 1757 735 2044 800; x_wconf 88' lang='lat' dir='ltr'><strong>vestibus,</strong></span> <span class='ocrx_word' id='word_1_48' title='bbox 2069 751 2252 792; x_wconf 86' lang='lat' dir='ltr'><strong>arena</strong></span> 
     </span>
    </p>
   </div>
   <div class='ocr_carea' id='block_1_10' title="bbox 599 824 2254 898">
    <p class='ocr_par' dir='ltr' id='par_1_10' title="bbox 599 824 2254 898">
     <span class='ocr_line' id='line_1_10' title="bbox 599 824 2254 898; baseline 0 -18"><span class='ocrx_word' id='word_1_49' title='bbox 599 840 735 898; x_wconf 66' lang='lat' dir='ltr'><strong>quin</strong></span> <span class='ocrx_word' id='word_1_50' title='bbox 767 824 849 880; x_wconf 90' lang='lat' dir='ltr'><strong>ibi</strong></span> <span class='ocrx_word' id='word_1_51' title='bbox 875 831 1015 890; x_wconf 89' lang='lat' dir='ltr'><strong>erat,</strong></span> <span class='ocrx_word' id='word_1_52' title='bbox 1061 840 1171 896; x_wconf 92' lang='lat' dir='ltr'><strong>pro</strong></span> <span class='ocrx_word' id='word_1_53' title='bbox 1220 841 1381 897; x_wconf 89' lang='lat' dir='ltr'><strong>aqua</strong></span> <span class='ocrx_word' id='word_1_54' title='bbox 1433 826 1544 890; x_wconf 91' lang='lat' dir='ltr'><strong>usi,</strong></span> <span class='ocrx_word' id='word_1_55' title='bbox 1575 827 1633 880; x_wconf 89' lang='lat' dir='ltr'><strong>in</strong></span> <span class='ocrx_word' id='word_1_56' title='bbox 1691 827 1930 882; x_wconf 88' lang='lat' dir='ltr'><strong>nomine</strong></span> <span class='ocrx_word' id='word_1_57' title='bbox 1983 825 2169 881; x_wconf 89' lang='lat' dir='ltr'><strong>Patris</strong></span> <span class='ocrx_word' id='word_1_58' title='bbox 2195 830 2254 881; x_wconf 92' lang='lat' dir='ltr'><strong>et</strong></span> 
     </span>
    </p>
   </div>
   <div class='ocr_carea' id='block_1_11' title="bbox 603 914 2259 986">
    <p class='ocr_par' dir='ltr' id='par_1_11' title="bbox 603 914 2259 986">
     <span class='ocr_line' id='line_1_11' title="bbox 603 914 2259 986; baseline -0.001 -16"><span class='ocrx_word' id='word_1_59' title='bbox 603 914 723 970; x_wconf 86' lang='lat' dir='ltr'><strong>Filii</strong></span> <span class='ocrx_word' id='word_1_60' title='bbox 750 921 806 971; x_wconf 91' lang='lat' dir='ltr'><strong>et</strong></span> <span class='ocrx_word' id='word_1_61' title='bbox 831 916 1080 986; x_wconf 87' lang='lat' dir='ltr'><strong>Spiritus</strong></span> <span class='ocrx_word' id='word_1_62' title='bbox 1108 916 1318 979; x_wconf 87' lang='lat' dir='ltr'><strong>sancti,</strong></span> <span class='ocrx_word' id='word_1_63' title='bbox 1353 916 1592 971; x_wconf 91' lang='lat' dir='ltr'><strong>tertium</strong></span> <span class='ocrx_word' id='word_1_64' title='bbox 1623 929 1807 971; x_wconf 89' lang='lat' dir='ltr'><strong>arena</strong></span> <span class='ocrx_word' id='word_1_65' title='bbox 1841 916 1899 970; x_wconf 92' lang='lat' dir='ltr'><strong>in</strong></span> <span class='ocrx_word' id='word_1_66' title='bbox 1941 931 2080 970; x_wconf 88' lang='lat' dir='ltr'><strong>eum</strong></span> <span class='ocrx_word' id='word_1_67' title='bbox 2109 930 2259 970; x_wconf 86' lang='lat' dir='ltr'><strong>cou-</strong></span> 
     </span>
    </p>
   </div>
   <div class='ocr_carea' id='block_1_12' title="bbox 595 1004 2255 1077">
    <p class='ocr_par' dir='ltr' id='par_1_12' title="bbox 595 1004 2255 1077">
     <span class='ocr_line' id='line_1_12' title="bbox 595 1004 2255 1077; baseline -0.001 -17"><span class='ocrx_word' id='word_1_68' title='bbox 595 1005 773 1077; x_wconf 89' lang='lat' dir='ltr'><strong>jecta,</strong></span> <span class='ocrx_word' id='word_1_69' title='bbox 831 1004 1227 1077; x_wconf 90' lang='lat' dir='ltr'><strong>baptizarunt.</strong></span> <span class='ocrx_word' id='word_1_70' title='bbox 1297 1005 1400 1060; x_wconf 90' lang='lat' dir='ltr'><strong>Per</strong></span> <span class='ocrx_word' id='word_1_71' title='bbox 1442 1005 1598 1060; x_wconf 88' lang='lat' dir='ltr'><strong>hanc</strong></span> <span class='ocrx_word' id='word_1_72' title='bbox 1653 1013 1771 1060; x_wconf 86' lang='lat' dir='ltr'><strong>tam</strong></span> <span class='ocrx_word' id='word_1_73' title='bbox 1829 1004 2137 1060; x_wconf 87' lang='lat' dir='ltr'><strong>insolitam</strong></span> <span class='ocrx_word' id='word_1_74' title='bbox 2194 1008 2255 1059; x_wconf 91' lang='lat' dir='ltr'><strong>et</strong></span> 
     </span>
    </p>
   </div>
   <div class='ocr_carea' id='block_1_13' title="bbox 591 1095 2259 1173">
    <p class='ocr_par' dir='ltr' id='par_1_13' title="bbox 591 1095 2259 1173">
     <span class='ocr_line' id='line_1_13' title="bbox 591 1095 2259 1173; baseline -0.002 -21"><span class='ocrx_word' id='word_1_75' title='bbox 591 1096 1024 1153; x_wconf 88' lang='lat' dir='ltr'><strong>admirandam</strong></span> <span class='ocrx_word' id='word_1_76' title='bbox 1047 1110 1353 1150; x_wconf 90' lang='lat' dir='ltr'><strong>sacrorum</strong></span> <span class='ocrx_word' id='word_1_77' title='bbox 1383 1095 1800 1166; x_wconf 83' lang='lat' dir='ltr'><strong>mysteriorum</strong></span> <span class='ocrx_word' id='word_1_78' title='bbox 1830 1095 2259 1173; x_wconf 56' lang='lat' dir='ltr'><strong>initiationem,</strong></span> 
     </span>
    </p>
   </div>
   <div class='ocr_carea' id='block_1_14' title="bbox 593 1184 2261 1256">
    <p class='ocr_par' dir='ltr' id='par_1_14' title="bbox 593 1184 2261 1256">
     <span class='ocr_line' id='line_1_14' title="bbox 593 1184 2261 1256; baseline -0.002 -12"><span class='ocrx_word' id='word_1_79' title='bbox 593 1186 1001 1244; x_wconf 82' lang='lat' dir='ltr'><strong>imbecillitate</strong></span> <span class='ocrx_word' id='word_1_80' title='bbox 1027 1186 1192 1240; x_wconf 91' lang='lat' dir='ltr'><strong>omni</strong></span> <span class='ocrx_word' id='word_1_81' title='bbox 1218 1193 1507 1256; x_wconf 83' lang='lat' dir='ltr'><strong>tanquam</strong></span> <span class='ocrx_word' id='word_1_82' title='bbox 1530 1184 1770 1240; x_wconf 89' lang='lat' dir='ltr'><strong>vinculo</strong></span> <span class='ocrx_word' id='word_1_83' title='bbox 1791 1185 2060 1256; x_wconf 90' lang='lat' dir='ltr'><strong>quodam</strong></span> <span class='ocrx_word' id='word_1_84' title='bbox 2085 1185 2133 1239; x_wconf 87' lang='lat' dir='ltr'><strong>is</strong></span> <span class='ocrx_word' id='word_1_85' title='bbox 2161 1201 2261 1241; x_wconf 83' lang='lat' dir='ltr'><strong>so-</strong></span> 
     </span>
    </p>
   </div>
   <div class='ocr_carea' id='block_1_15' title="bbox 601 1273 2251 1346">
    <p class='ocr_par' dir='ltr' id='par_1_15' title="bbox 601 1273 2251 1346">
     <span class='ocr_line' id='line_1_15' title="bbox 601 1273 2251 1346; baseline -0.002 -13"><span class='ocrx_word' id='word_1_86' title='bbox 601 1277 781 1343; x_wconf 90' lang='lat' dir='ltr'><strong>lutus,</strong></span> <span class='ocrx_word' id='word_1_87' title='bbox 809 1276 986 1345; x_wconf 87' lang='lat' dir='ltr'><strong>longe</strong></span> <span class='ocrx_word' id='word_1_88' title='bbox 1018 1275 1230 1330; x_wconf 90' lang='lat' dir='ltr'><strong>melius</strong></span> <span class='ocrx_word' id='word_1_89' title='bbox 1261 1289 1448 1346; x_wconf 91' lang='lat' dir='ltr'><strong>quam</strong></span> <span class='ocrx_word' id='word_1_90' title='bbox 1484 1274 1563 1328; x_wconf 89' lang='lat' dir='ltr'><strong>illi</strong></span> <span class='ocrx_word' id='word_1_91' title='bbox 1594 1273 1829 1328; x_wconf 91' lang='lat' dir='ltr'><strong>validus</strong></span> <span class='ocrx_word' id='word_1_92' title='bbox 1850 1274 1978 1344; x_wconf 90' lang='lat' dir='ltr'><strong>jam</strong></span> <span class='ocrx_word' id='word_1_93' title='bbox 2004 1289 2251 1346; x_wconf 86' lang='lat' dir='ltr'><strong>prorsus</strong></span> 
     </span>
    </p>
   </div>
   <div class='ocr_carea' id='block_1_16' title="bbox 600 1363 2246 1436">
    <p class='ocr_par' dir='ltr' id='par_1_16' title="bbox 600 1363 2246 1436">
     <span class='ocr_line' id='line_1_16' title="bbox 600 1363 2246 1436; baseline -0.002 -14"><span class='ocrx_word' id='word_1_94' title='bbox 600 1367 709 1423; x_wconf 90' lang='lat' dir='ltr'><strong>iter</strong></span> <span class='ocrx_word' id='word_1_95' title='bbox 747 1365 900 1420; x_wconf 84' lang='lat' dir='ltr'><strong>fecit.</strong></span> <span class='ocrx_word' id='word_1_96' title='bbox 938 1365 1255 1436; x_wconf 86' lang='lat' dir='ltr'><strong>Postquam</strong></span> <span class='ocrx_word' id='word_1_97' title='bbox 1306 1369 1507 1418; x_wconf 90' lang='lat' dir='ltr'><strong>autem</strong></span> <span class='ocrx_word' id='word_1_98' title='bbox 1546 1363 1795 1418; x_wconf 91' lang='lat' dir='ltr'><strong>domum</strong></span> <span class='ocrx_word' id='word_1_99' title='bbox 1831 1369 1970 1420; x_wconf 89' lang='lat' dir='ltr'><strong>sunt</strong></span> <span class='ocrx_word' id='word_1_100' title='bbox 2009 1365 2246 1430; x_wconf 88' lang='lat' dir='ltr'><strong>reversi,</strong></span> 
     </span>
    </p>
   </div>
   <div class='ocr_carea' id='block_1_17' title="bbox 593 1452 2250 1525">
    <p class='ocr_par' dir='ltr' id='par_1_17' title="bbox 593 1452 2250 1525">
     <span class='ocr_line' id='line_1_17' title="bbox 593 1452 2250 1525; baseline -0.001 -14"><span class='ocrx_word' id='word_1_101' title='bbox 593 1471 728 1512; x_wconf 84' lang='lat' dir='ltr'><strong>rem</strong></span> <span class='ocrx_word' id='word_1_102' title='bbox 757 1471 891 1510; x_wconf 90' lang='lat' dir='ltr'><strong>eam</strong></span> <span class='ocrx_word' id='word_1_103' title='bbox 913 1455 990 1509; x_wconf 89' lang='lat' dir='ltr'><strong>ad</strong></span> <span class='ocrx_word' id='word_1_104' title='bbox 1018 1453 1373 1524; x_wconf 87' lang='lat' dir='ltr'><strong>Dionysium</strong></span> <span class='ocrx_word' id='word_1_105' title='bbox 1406 1452 1778 1508; x_wconf 65' lang='lat' dir='ltr'><strong>Alexandria:</strong></span> <span class='ocrx_word' id='word_1_106' title='bbox 1799 1454 2149 1525; x_wconf 90' lang='lat' dir='ltr'><strong>episcopum</strong></span> <span class='ocrx_word' id='word_1_107' title='bbox 2165 1469 2250 1509; x_wconf 88' lang='lat' dir='ltr'><strong>re-</strong></span> 
     </span>
    </p>
   </div>
   <div class='ocr_carea' id='block_1_18' title="bbox 599 1541 2246 1612">
    <p class='ocr_par' dir='ltr' id='par_1_18' title="bbox 599 1541 2246 1612">
     <span class='ocr_line' id='line_1_18' title="bbox 599 1541 2246 1612; baseline -0.002 -12"><span class='ocrx_word' id='word_1_108' title='bbox 599 1543 876 1600; x_wconf 89' lang='lat' dir='ltr'><strong>tulerunt.</strong></span> <span class='ocrx_word' id='word_1_109' title='bbox 906 1542 1001 1597; x_wconf 91' lang='lat' dir='ltr'><strong>llle</strong></span> <span class='ocrx_word' id='word_1_110' title='bbox 1031 1558 1169 1597; x_wconf 89' lang='lat' dir='ltr'><strong>vero</strong></span> <span class='ocrx_word' id='word_1_111' title='bbox 1212 1541 1608 1597; x_wconf 88' lang='lat' dir='ltr'><strong>admiratione</strong></span> <span class='ocrx_word' id='word_1_112' title='bbox 1639 1547 1908 1612; x_wconf 90' lang='lat' dir='ltr'><strong>stupens,</strong></span> <span class='ocrx_word' id='word_1_113' title='bbox 1933 1542 2246 1598; x_wconf 89' lang='lat' dir='ltr'><strong>ecclesiam</strong></span> 
     </span>
    </p>
   </div>
   <div class='ocr_carea' id='block_1_19' title="bbox 597 1629 2246 1702">
    <p class='ocr_par' dir='ltr' id='par_1_19' title="bbox 597 1629 2246 1702">
     <span class='ocr_line' id='line_1_19' title="bbox 597 1629 2246 1702; baseline -0.001 -13"><span class='ocrx_word' id='word_1_114' title='bbox 597 1633 674 1689; x_wconf 86' lang='lat' dir='ltr'><strong>de</strong></span> <span class='ocrx_word' id='word_1_115' title='bbox 721 1648 795 1689; x_wconf 87' lang='lat' dir='ltr'><strong>ea</strong></span> <span class='ocrx_word' id='word_1_116' title='bbox 841 1630 1157 1687; x_wconf 85' lang='lat' dir='ltr'><strong>consuluit.</strong></span> <span class='ocrx_word' id='word_1_117' title='bbox 1201 1631 1305 1686; x_wconf 88' lang='lat' dir='ltr'><strong>Cui</strong></span> <span class='ocrx_word' id='word_1_118' title='bbox 1339 1629 1533 1684; x_wconf 88' lang='lat' dir='ltr'><strong>visum</strong></span> <span class='ocrx_word' id='word_1_119' title='bbox 1561 1636 1670 1694; x_wconf 90' lang='lat' dir='ltr'><strong>est,</strong></span> <span class='ocrx_word' id='word_1_120' title='bbox 1713 1645 1868 1702; x_wconf 89' lang='lat' dir='ltr'><strong>aqua</strong></span> <span class='ocrx_word' id='word_1_121' title='bbox 1898 1631 2142 1701; x_wconf 88' lang='lat' dir='ltr'><strong>insuper</strong></span> <span class='ocrx_word' id='word_1_122' title='bbox 2167 1631 2246 1688; x_wconf 89' lang='lat' dir='ltr'><strong>ad</strong></span> 
     </span>
    </p>
   </div>
   <div class='ocr_carea' id='block_1_20' title="bbox 598 1718 2245 1790">
    <p class='ocr_par' dir='ltr' id='par_1_20' title="bbox 598 1718 2245 1790">
     <span class='ocr_line' id='line_1_20' title="bbox 598 1718 2245 1790; baseline -0.002 -11"><span class='ocrx_word' id='word_1_123' title='bbox 598 1739 738 1779; x_wconf 90' lang='lat' dir='ltr'><strong>eum</strong></span> <span class='ocrx_word' id='word_1_124' title='bbox 771 1723 990 1777; x_wconf 91' lang='lat' dir='ltr'><strong>sodum</strong></span> <span class='ocrx_word' id='word_1_125' title='bbox 1013 1720 1330 1785; x_wconf 89' lang='lat' dir='ltr'><strong>initiatum,</strong></span> <span class='ocrx_word' id='word_1_126' title='bbox 1360 1719 1527 1790; x_wconf 87' lang='lat' dir='ltr'><strong>juxta</strong></span> <span class='ocrx_word' id='word_1_127' title='bbox 1559 1718 1829 1774; x_wconf 84' lang='lat' dir='ltr'><strong>Ecclesiae</strong></span> <span class='ocrx_word' id='word_1_128' title='bbox 1864 1719 2245 1777; x_wconf 88' lang='lat' dir='ltr'><strong>traditionem</strong></span> 
     </span>
    </p>
   </div>
   <div class='ocr_carea' id='block_1_21' title="bbox 597 1801 2244 1880">
    <p class='ocr_par' dir='ltr' id='par_1_21' title="bbox 597 1801 2244 1880">
     <span class='ocr_line' id='line_1_21' title="bbox 597 1801 2244 1880; baseline -0.003 -12"><span class='ocrx_word' id='word_1_129' title='bbox 597 1811 966 1868; x_wconf 88' lang='lat' dir='ltr'><strong>abluendum</strong></span> <span class='ocrx_word' id='word_1_130' title='bbox 1021 1825 1152 1864; x_wconf 92' lang='lat' dir='ltr'><strong>esse</strong></span> <span class='ocrx_word' id='word_1_131' title='bbox 1185 1826 1200 1864; x_wconf 86' lang='lat'><strong>:</strong></span> <span class='ocrx_word' id='word_1_132' title='bbox 1230 1816 1292 1864; x_wconf 91' lang='lat' dir='ltr'><strong>ut</strong></span> <span class='ocrx_word' id='word_1_133' title='bbox 1343 1811 1442 1875; x_wconf 94' lang='lat' dir='ltr'><strong>ita,</strong></span> <span class='ocrx_word' id='word_1_134' title='bbox 1476 1810 1639 1880; x_wconf 91' lang='lat' dir='ltr'><strong>quod</strong></span> <span class='ocrx_word' id='word_1_135' title='bbox 1694 1825 1866 1864; x_wconf 92' lang='lat' dir='ltr'><strong>sacro</strong></span> <span class='ocrx_word' id='word_1_136' title='bbox 1913 1809 1966 1864; x_wconf 89' lang='lat' dir='ltr'><strong>ei</strong></span> <span class='ocrx_word' id='word_1_137' title='bbox 1991 1801 2244 1878; x_wconf 87' lang='lat' dir='ltr'><strong>deesset,</strong></span> 
     </span>
    </p>
   </div>
   <div class='ocr_carea' id='block_1_22' title="bbox 597 1898 2245 1971">
    <p class='ocr_par' dir='ltr' id='par_1_22' title="bbox 597 1898 2245 1971">
     <span class='ocr_line' id='line_1_22' title="bbox 597 1898 2245 1971; baseline -0.001 -15"><span class='ocrx_word' id='word_1_138' title='bbox 597 1902 937 1956; x_wconf 88' lang='lat' dir='ltr'><strong>sarciretur.</strong></span> <span class='ocrx_word' id='word_1_139' title='bbox 974 1899 1171 1956; x_wconf 91' lang='lat' dir='ltr'><strong>Simile</strong></span> <span class='ocrx_word' id='word_1_140' title='bbox 1221 1899 1512 1971; x_wconf 87' lang='lat' dir='ltr'><strong>quiddam</strong></span> <span class='ocrx_word' id='word_1_141' title='bbox 1564 1898 1853 1953; x_wconf 88' lang='lat' dir='ltr'><strong>accidisse</strong></span> <span class='ocrx_word' id='word_1_142' title='bbox 1900 1899 2082 1954; x_wconf 91' lang='lat' dir='ltr'><strong>etiam</strong></span> <span class='ocrx_word' id='word_1_143' title='bbox 2131 1899 2245 1955; x_wconf 90' lang='lat' dir='ltr'><strong>sub</strong></span> 
     </span>
    </p>
   </div>
   <div class='ocr_carea' id='block_1_23' title="bbox 595 1988 2244 2058">
    <p class='ocr_par' dir='ltr' id='par_1_23' title="bbox 595 1988 2244 2058">
     <span class='ocr_line' id='line_1_23' title="bbox 595 1988 2244 2058; baseline 0 -12"><span class='ocrx_word' id='word_1_144' title='bbox 595 1990 955 2046; x_wconf 83' lang='lat' dir='ltr'><strong>Astbanasio</strong></span> <span class='ocrx_word' id='word_1_145' title='bbox 1002 1991 1230 2058; x_wconf 81' lang='lat' dir='ltr'><strong>Magno,</strong></span> <span class='ocrx_word' id='word_1_146' title='bbox 1256 1989 1516 2042; x_wconf 69' lang='lat' dir='ltr'><strong>historiae</strong></span> <span class='ocrx_word' id='word_1_147' title='bbox 1554 1988 1816 2042; x_wconf 83' lang='lat' dir='ltr'><strong>tradunt.</strong></span> <span class='ocrx_word' id='word_1_148' title='bbox 1860 1989 2072 2044; x_wconf 90' lang='lat' dir='ltr'><strong>Verum</strong></span> <span class='ocrx_word' id='word_1_149' title='bbox 2113 2005 2244 2046; x_wconf 63' lang='lat' dir='ltr'><strong>aevo</strong></span> 
     </span>
    </p>
   </div>
   <div class='ocr_carea' id='block_1_24' title="bbox 597 2077 2244 2136">
    <p class='ocr_par' dir='ltr' id='par_1_24' title="bbox 597 2077 2244 2136">
     <span class='ocr_line' id='line_1_24' title="bbox 597 2077 2244 2136; baseline -0.001 0"><span class='ocrx_word' id='word_1_150' title='bbox 597 2082 774 2136; x_wconf 88' lang='lat' dir='ltr'><strong>etiam</strong></span> <span class='ocrx_word' id='word_1_151' title='bbox 800 2087 1003 2135; x_wconf 90' lang='lat' dir='ltr'><strong>nostro</strong></span> <span class='ocrx_word' id='word_1_152' title='bbox 1024 2078 1183 2132; x_wconf 90' lang='lat' dir='ltr'><strong>idem</strong></span> <span class='ocrx_word' id='word_1_153' title='bbox 1215 2077 1438 2132; x_wconf 86' lang='lat' dir='ltr'><strong>factum</strong></span> <span class='ocrx_word' id='word_1_154' title='bbox 1465 2093 1597 2132; x_wconf 89' lang='lat' dir='ltr'><strong>esse</strong></span> <span class='ocrx_word' id='word_1_155' title='bbox 1627 2077 1933 2132; x_wconf 88' lang='lat' dir='ltr'><strong>novimus.</strong></span> <span class='ocrx_word' id='word_1_156' title='bbox 1967 2078 2244 2135; x_wconf 89' lang='lat' dir='ltr'><strong>Christia-</strong></span> 
     </span>
    </p>
   </div>
   <div class='ocr_carea' id='block_1_25' title="bbox 577 2153 2238 2240">
    <p class='ocr_par' dir='ltr' id='par_1_25' title="bbox 577 2153 2238 2240">
     <span class='ocr_line' id='line_1_25' title="bbox 577 2153 2238 2240; baseline -0.001 -15"><span class='ocrx_word' id='word_1_157' title='bbox 577 2153 813 2225; x_wconf 78' lang='lat' dir='ltr'><strong>norum</strong></span> <span class='ocrx_word' id='word_1_158' title='bbox 854 2168 1054 2240; x_wconf 90' lang='lat' dir='ltr'><strong>pueris</strong></span> <span class='ocrx_word' id='word_1_159' title='bbox 1103 2166 1382 2222; x_wconf 68' lang='lat' dir='ltr'><strong>Hebraeus</strong></span> <span class='ocrx_word' id='word_1_160' title='bbox 1431 2181 1577 2238; x_wconf 91' lang='lat' dir='ltr'><strong>puer</strong></span> <span class='ocrx_word' id='word_1_161' title='bbox 1626 2165 1933 2222; x_wconf 85' lang='lat' dir='ltr'><strong>familiaris</strong></span> <span class='ocrx_word' id='word_1_162' title='bbox 1978 2172 2238 2224; x_wconf 90' lang='lat' dir='ltr'><strong>eratet:</strong></span> 
     </span>
    </p>
   </div>
   <div class='ocr_carea' id='block_1_26' title="bbox 596 2254 2244 2316">
    <p class='ocr_par' dir='ltr' id='par_1_26' title="bbox 596 2254 2244 2316">
     <span class='ocr_line' id='line_1_26' title="bbox 596 2254 2244 2316; baseline -0.002 0"><span class='ocrx_word' id='word_1_163' title='bbox 596 2275 736 2316; x_wconf 91' lang='lat' dir='ltr'><strong>cum</strong></span> <span class='ocrx_word' id='word_1_164' title='bbox 763 2260 846 2313; x_wconf 92' lang='lat' dir='ltr'><strong>eis</strong></span> <span class='ocrx_word' id='word_1_165' title='bbox 895 2257 972 2313; x_wconf 92' lang='lat' dir='ltr'><strong>ad</strong></span> <span class='ocrx_word' id='word_1_166' title='bbox 1024 2272 1189 2312; x_wconf 91' lang='lat' dir='ltr'><strong>mare</strong></span> <span class='ocrx_word' id='word_1_167' title='bbox 1236 2254 1566 2311; x_wconf 90' lang='lat' dir='ltr'><strong>colentibus</strong></span> <span class='ocrx_word' id='word_1_168' title='bbox 1605 2257 1856 2311; x_wconf 87' lang='lat' dir='ltr'><strong>natandi</strong></span> <span class='ocrx_word' id='word_1_169' title='bbox 1905 2257 2244 2314; x_wconf 88' lang='lat' dir='ltr'><strong>incessisset</strong></span> 
     </span>
    </p>
   </div>
   <div class='ocr_carea' id='block_1_27' title="bbox 595 2345 2243 2420">
    <p class='ocr_par' dir='ltr' id='par_1_27' title="bbox 595 2345 2243 2420">
     <span class='ocr_line' id='line_1_27' title="bbox 595 2345 2243 2420; baseline -0.001 -17"><span class='ocrx_word' id='word_1_170' title='bbox 595 2347 910 2420; x_wconf 87' lang='lat' dir='ltr'><strong>cupiditas,</strong></span> <span class='ocrx_word' id='word_1_171' title='bbox 952 2352 1308 2401; x_wconf 91' lang='lat' dir='ltr'><strong>consecutus</strong></span> <span class='ocrx_word' id='word_1_172' title='bbox 1355 2349 1447 2400; x_wconf 89' lang='lat' dir='ltr'><strong>est</strong></span> <span class='ocrx_word' id='word_1_173' title='bbox 1488 2359 1590 2400; x_wconf 90' lang='lat' dir='ltr'><strong>eos</strong></span> <span class='ocrx_word' id='word_1_174' title='bbox 1638 2345 1900 2400; x_wconf 68' lang='lat' dir='ltr'><strong>Iudaeus.</strong></span> <span class='ocrx_word' id='word_1_175' title='bbox 1931 2348 2095 2402; x_wconf 90' lang='lat' dir='ltr'><strong>Hunc</strong></span> <span class='ocrx_word' id='word_1_176' title='bbox 2139 2362 2243 2419; x_wconf 92' lang='lat' dir='ltr'><strong>per</strong></span> 
     </span>
    </p>
   </div>
   <div class='ocr_carea' id='block_1_28' title="bbox 592 2433 2237 2508">
    <p class='ocr_par' dir='ltr' id='par_1_28' title="bbox 592 2433 2237 2508">
     <span class='ocr_line' id='line_1_28' title="bbox 592 2433 2237 2508; baseline -0.001 -15"><span class='ocrx_word' id='word_1_177' title='bbox 592 2436 805 2493; x_wconf 90' lang='lat' dir='ltr'><strong>ludum</strong></span> <span class='ocrx_word' id='word_1_178' title='bbox 832 2434 1003 2508; x_wconf 88' lang='lat' dir='ltr'><strong>pueri</strong></span> <span class='ocrx_word' id='word_1_179' title='bbox 1024 2439 1258 2490; x_wconf 91' lang='lat' dir='ltr'><strong>nudum</strong></span> <span class='ocrx_word' id='word_1_180' title='bbox 1271 2433 1350 2490; x_wconf 90' lang='lat' dir='ltr'><strong>ad</strong></span> <span class='ocrx_word' id='word_1_181' title='bbox 1372 2449 1534 2488; x_wconf 89' lang='lat' dir='ltr'><strong>mare</strong></span> <span class='ocrx_word' id='word_1_182' title='bbox 1561 2439 1814 2490; x_wconf 90' lang='lat' dir='ltr'><strong>stantem</strong></span> <span class='ocrx_word' id='word_1_183' title='bbox 1838 2435 2237 2507; x_wconf 88' lang='lat' dir='ltr'><strong>baptizarunt,</strong></span> 
     </span>
    </p>
   </div>
   <div class='ocr_carea' id='block_1_29' title="bbox 592 2522 2242 2599">
    <p class='ocr_par' dir='ltr' id='par_1_29' title="bbox 592 2522 2242 2599">
     <span class='ocr_line' id='line_1_29' title="bbox 592 2522 2242 2599; baseline 0 -18"><span class='ocrx_word' id='word_1_184' title='bbox 592 2525 891 2599; x_wconf 88' lang='lat' dir='ltr'><strong>principio</strong></span> <span class='ocrx_word' id='word_1_185' title='bbox 919 2525 1118 2580; x_wconf 89' lang='lat' dir='ltr'><strong>statim</strong></span> <span class='ocrx_word' id='word_1_186' title='bbox 1135 2537 1259 2577; x_wconf 90' lang='lat' dir='ltr'><strong>non</strong></span> <span class='ocrx_word' id='word_1_187' title='bbox 1289 2522 1542 2576; x_wconf 90' lang='lat' dir='ltr'><strong>invitum</strong></span> <span class='ocrx_word' id='word_1_188' title='bbox 1567 2539 1580 2576; x_wconf 91' lang='lat'>:</span> <span class='ocrx_word' id='word_1_189' title='bbox 1613 2529 2010 2595; x_wconf 90' lang='lat' dir='ltr'><strong>posteaquam</strong></span> <span class='ocrx_word' id='word_1_190' title='bbox 2032 2540 2172 2580; x_wconf 89' lang='lat' dir='ltr'><strong>vero</strong></span> <span class='ocrx_word' id='word_1_191' title='bbox 2185 2532 2242 2582; x_wconf 93' lang='lat' dir='ltr'><strong>et</strong></span> 
     </span>
    </p>
   </div>
   <div class='ocr_carea' id='block_1_30' title="bbox 593 2610 2236 2683">
    <p class='ocr_par' dir='ltr' id='par_1_30' title="bbox 593 2610 2236 2683">
     <span class='ocr_line' id='line_1_30' title="bbox 593 2610 2236 2683; baseline -0.001 -12"><span class='ocrx_word' id='word_1_192' title='bbox 593 2615 824 2672; x_wconf 88' lang='lat' dir='ltr'><strong>tertiam</strong></span> <span class='ocrx_word' id='word_1_193' title='bbox 851 2613 1035 2668; x_wconf 85' lang='lat' dir='ltr'><strong>divini</strong></span> <span class='ocrx_word' id='word_1_194' title='bbox 1058 2611 1328 2668; x_wconf 87' lang='lat' dir='ltr'><strong>Numinis</strong></span> <span class='ocrx_word' id='word_1_195' title='bbox 1349 2610 1814 2683; x_wconf 91' lang='lat' dir='ltr'><strong>appellationem</strong></span> <span class='ocrx_word' id='word_1_196' title='bbox 1831 2614 2236 2680; x_wconf 90' lang='lat' dir='ltr'><strong>nominarunt,</strong></span> 
     </span>
    </p>
   </div>
   <div class='ocr_carea' id='block_1_31' title="bbox 593 2702 2240 2772">
    <p class='ocr_par' dir='ltr' id='par_1_31' title="bbox 593 2702 2240 2772">
     <span class='ocr_line' id='line_1_31' title="bbox 593 2702 2240 2772; baseline 0.001 -13"><span class='ocrx_word' id='word_1_197' title='bbox 593 2712 651 2761; x_wconf 91' lang='lat' dir='ltr'><strong>et</strong></span> <span class='ocrx_word' id='word_1_198' title='bbox 671 2703 851 2758; x_wconf 91' lang='lat' dir='ltr'><strong>simul</strong></span> <span class='ocrx_word' id='word_1_199' title='bbox 881 2703 1112 2758; x_wconf 89' lang='lat' dir='ltr'><strong>tertiam</strong></span> <span class='ocrx_word' id='word_1_200' title='bbox 1162 2702 1523 2756; x_wconf 90' lang='lat' dir='ltr'><strong>mersionem</strong></span> <span class='ocrx_word' id='word_1_201' title='bbox 1557 2708 1928 2772; x_wconf 86' lang='lat' dir='ltr'><strong>peregerunt,</strong></span> <span class='ocrx_word' id='word_1_202' title='bbox 1972 2708 2240 2760; x_wconf 89' lang='lat' dir='ltr'><strong>extrema</strong></span> 
     </span>
    </p>
   </div>
   <div class='ocr_carea' id='block_1_32' title="bbox 593 2790 2241 2861">
    <p class='ocr_par' dir='ltr' id='par_1_32' title="bbox 593 2790 2241 2861">
     <span class='ocr_line' id='line_1_32' title="bbox 593 2790 2241 2861; baseline -0.001 -12"><span class='ocrx_word' id='word_1_203' title='bbox 593 2794 762 2849; x_wconf 70' lang='lat' dir='ltr'><strong>lineae</strong></span> <span class='ocrx_word' id='word_1_204' title='bbox 793 2792 970 2848; x_wconf 89' lang='lat' dir='ltr'><strong>vestis</strong></span> <span class='ocrx_word' id='word_1_205' title='bbox 998 2797 1228 2846; x_wconf 79' lang='lat' dir='ltr'><strong>textura</strong></span> <span class='ocrx_word' id='word_1_206' title='bbox 1263 2790 1539 2846; x_wconf 89' lang='lat' dir='ltr'><strong>discissa.</strong></span> <span class='ocrx_word' id='word_1_207' title='bbox 1571 2795 1628 2845; x_wconf 89' lang='lat' dir='ltr'><strong>et</strong></span> <span class='ocrx_word' id='word_1_208' title='bbox 1657 2791 1760 2861; x_wconf 89' lang='lat' dir='ltr'><strong>qui</strong></span> <span class='ocrx_word' id='word_1_209' title='bbox 1791 2792 1950 2846; x_wconf 92' lang='lat' dir='ltr'><strong>circa</strong></span> <span class='ocrx_word' id='word_1_210' title='bbox 1971 2793 2098 2847; x_wconf 74' lang='lat' dir='ltr'><strong>haec</strong></span> <span class='ocrx_word' id='word_1_211' title='bbox 2127 2791 2241 2848; x_wconf 79' lang='lat' dir='ltr'><strong>fre-</strong></span> 
     </span>
    </p>
   </div>
   <div class='ocr_carea' id='block_1_33' title="bbox 594 2877 2240 2954">
    <p class='ocr_par' dir='ltr' id='par_1_33' title="bbox 594 2877 2240 2954">
     <span class='ocr_line' id='line_1_33' title="bbox 594 2877 2240 2954; baseline 0.001 -18"><span class='ocrx_word' id='word_1_212' title='bbox 594 2886 932 2954; x_wconf 89' lang='lat' dir='ltr'><strong>quentatur,</strong></span> <span class='ocrx_word' id='word_1_213' title='bbox 963 2877 1318 2951; x_wconf 86' lang='lat' dir='ltr'><strong>imaginario</strong></span> <span class='ocrx_word' id='word_1_214' title='bbox 1345 2879 1569 2934; x_wconf 91' lang='lat' dir='ltr'><strong>amictu</strong></span> <span class='ocrx_word' id='word_1_215' title='bbox 1606 2879 1850 2949; x_wconf 85' lang='lat' dir='ltr'><strong>facto,in</strong></span> <span class='ocrx_word' id='word_1_216' title='bbox 1879 2881 2072 2951; x_wconf 87' lang='lat' dir='ltr'><strong>capite</strong></span> <span class='ocrx_word' id='word_1_217' title='bbox 2111 2881 2240 2952; x_wconf 86' lang='lat' dir='ltr'><strong>ejus</strong></span> 
     </span>
    </p>
   </div>
   <div class='ocr_carea' id='block_1_34' title="bbox 593 2966 2234 3040">
    <p class='ocr_par' dir='ltr' id='par_1_34' title="bbox 593 2966 2234 3040">
     <span class='ocr_line' id='line_1_34' title="bbox 593 2966 2234 3040; baseline 0.001 -15"><span class='ocrx_word' id='word_1_218' title='bbox 593 2985 881 3026; x_wconf 88' lang='lat' dir='ltr'><strong>arcanam</strong></span> <span class='ocrx_word' id='word_1_219' title='bbox 938 2971 1378 3040; x_wconf 86' lang='lat' dir='ltr'><strong>mysticamque</strong></span> <span class='ocrx_word' id='word_1_220' title='bbox 1430 2966 1666 3036; x_wconf 84' lang='lat' dir='ltr'><strong>galeam</strong></span> <span class='ocrx_word' id='word_1_221' title='bbox 1725 2967 2166 3025; x_wconf 91' lang='lat' dir='ltr'><strong>adumbrarunt</strong></span> <span class='ocrx_word' id='word_1_222' title='bbox 2220 2988 2234 3026; x_wconf 87' lang='lat'><strong>:</strong></span> 
     </span>
    </p>
   </div>
   <div class='ocr_carea' id='block_1_35' title="bbox 591 3055 2235 3129">
    <p class='ocr_par' dir='ltr' id='par_1_35' title="bbox 591 3055 2235 3129">
     <span class='ocr_line' id='line_1_35' title="bbox 591 3055 2235 3129; baseline 0.001 -15"><span class='ocrx_word' id='word_1_223' title='bbox 591 3059 808 3114; x_wconf 87' lang='lat' dir='ltr'><strong>deinde</strong></span> <span class='ocrx_word' id='word_1_224' title='bbox 836 3073 945 3129; x_wconf 91' lang='lat' dir='ltr'><strong>pro</strong></span> <span class='ocrx_word' id='word_1_225' title='bbox 976 3072 1145 3112; x_wconf 89' lang='lat' dir='ltr'><strong>cereo</strong></span> <span class='ocrx_word' id='word_1_226' title='bbox 1175 3055 1444 3112; x_wconf 82' lang='lat' dir='ltr'><strong>dextram</strong></span> <span class='ocrx_word' id='word_1_227' title='bbox 1494 3055 1657 3125; x_wconf 87' lang='lat' dir='ltr'><strong>ligno</strong></span> <span class='ocrx_word' id='word_1_228' title='bbox 1702 3057 1864 3111; x_wconf 86' lang='lat' dir='ltr'><strong>tenui</strong></span> <span class='ocrx_word' id='word_1_229' title='bbox 1907 3066 2235 3124; x_wconf 89' lang='lat' dir='ltr'><strong>armantes,</strong></span> 
     </span>
    </p>
   </div>
   <div class='ocr_carea' id='block_1_36' title="bbox 591 3111 2312 3218">
    <p class='ocr_par' dir='ltr' id='par_1_36' title="bbox 591 3111 2312 3218">
     <span class='ocr_line' id='line_1_36' title="bbox 591 3111 2312 3218; baseline 0.002 -19"><span class='ocrx_word' id='word_1_230' title='bbox 591 3160 728 3218; x_wconf 62' lang='lat' dir='ltr'><strong>quae</strong></span> <span class='ocrx_word' id='word_1_231' title='bbox 757 3146 888 3216; x_wconf 90' lang='lat' dir='ltr'><strong>ejus</strong></span> <span class='ocrx_word' id='word_1_232' title='bbox 935 3146 1092 3200; x_wconf 88' lang='lat' dir='ltr'><strong>sacri</strong></span> <span class='ocrx_word' id='word_1_233' title='bbox 1122 3151 1178 3198; x_wconf 92' lang='lat' dir='ltr'><strong>et</strong></span> <span class='ocrx_word' id='word_1_234' title='bbox 1200 3146 1345 3199; x_wconf 91' lang='lat' dir='ltr'><strong>ritus</strong></span> <span class='ocrx_word' id='word_1_235' title='bbox 1374 3150 1531 3210; x_wconf 91' lang='lat' dir='ltr'><strong>sunt,</strong></span> <span class='ocrx_word' id='word_1_236' title='bbox 1563 3145 1850 3215; x_wconf 83' lang='lat' dir='ltr'><strong>mysteria</strong></span> <span class='ocrx_word' id='word_1_237' title='bbox 1890 3147 2098 3202; x_wconf 90' lang='lat' dir='ltr'><strong>omnia</strong></span> <span class='ocrx_word' id='word_1_238' title='bbox 2135 3147 2235 3202; x_wconf 90' lang='lat' dir='ltr'><strong>ab-</strong></span> <span class='ocrx_word' id='word_1_239' title='bbox 2272 3111 2312 3167; x_wconf 67' lang='grc' dir='ltr'>Ο</span> 
     </span>
    </p>
   </div>
   <div class='ocr_carea' id='block_1_37' title="bbox 591 3232 2234 3306">
    <p class='ocr_par' dir='ltr' id='par_1_37' title="bbox 591 3232 2234 3306">
     <span class='ocr_line' id='line_1_37' title="bbox 591 3232 2234 3306; baseline 0 -16"><span class='ocrx_word' id='word_1_240' title='bbox 591 3234 928 3290; x_wconf 88' lang='lat' dir='ltr'><strong>solverunt:</strong></span> <span class='ocrx_word' id='word_1_241' title='bbox 960 3241 1266 3305; x_wconf 90' lang='lat' dir='ltr'><strong>postramo</strong></span> <span class='ocrx_word' id='word_1_242' title='bbox 1305 3239 1360 3288; x_wconf 93' lang='lat' dir='ltr'><strong>et</strong></span> <span class='ocrx_word' id='word_1_243' title='bbox 1400 3248 1623 3287; x_wconf 79' lang='lat' dir='ltr'><strong>Circum</strong></span> <span class='ocrx_word' id='word_1_244' title='bbox 1657 3232 1915 3287; x_wconf 90' lang='lat' dir='ltr'><strong>vicinum</strong></span> <span class='ocrx_word' id='word_1_245' title='bbox 1945 3234 2234 3306; x_wconf 89' lang='lat' dir='ltr'><strong>templum</strong></span> 
     </span>
    </p>
   </div>
   <div class='ocr_carea' id='block_1_38' title="bbox 589 3321 2234 3396">
    <p class='ocr_par' dir='ltr' id='par_1_38' title="bbox 589 3321 2234 3396">
     <span class='ocr_line' id='line_1_38' title="bbox 589 3321 2234 3396; baseline 0.001 -18"><span class='ocrx_word' id='word_1_246' title='bbox 589 3323 910 3396; x_wconf 84' lang='lat' dir='ltr'><strong>psallentes</strong></span> <span class='ocrx_word' id='word_1_247' title='bbox 934 3321 1425 3378; x_wconf 89' lang='lat' dir='ltr'><strong>obambularunt.</strong></span> <span class='ocrx_word' id='word_1_248' title='bbox 1462 3322 1528 3376; x_wconf 89' lang='lat' dir='ltr'><strong>Ut</strong></span> <span class='ocrx_word' id='word_1_249' title='bbox 1553 3336 1693 3376; x_wconf 85' lang='lat' dir='ltr'><strong>vero</strong></span> <span class='ocrx_word' id='word_1_250' title='bbox 1723 3323 1902 3377; x_wconf 90' lang='lat' dir='ltr'><strong>etiam</strong></span> <span class='ocrx_word' id='word_1_251' title='bbox 1943 3322 2234 3395; x_wconf 89' lang='lat' dir='ltr'><strong>templum</strong></span> 
     </span>
    </p>
   </div>
   <div class='ocr_carea' id='block_1_39' title="bbox 589 3412 2231 3482">
    <p class='ocr_par' dir='ltr' id='par_1_39' title="bbox 589 3412 2231 3482">
     <span class='ocr_line' id='line_1_39' title="bbox 589 3412 2231 3482; baseline 0 -14"><span class='ocrx_word' id='word_1_252' title='bbox 589 3412 844 3482; x_wconf 90' lang='lat' dir='ltr'><strong>ingressi</strong></span> <span class='ocrx_word' id='word_1_253' title='bbox 888 3417 1048 3477; x_wconf 91' lang='lat' dir='ltr'><strong>sunt,</strong></span> <span class='ocrx_word' id='word_1_254' title='bbox 1092 3417 1362 3466; x_wconf 91' lang='lat' dir='ltr'><strong>sanctum</strong></span> <span class='ocrx_word' id='word_1_255' title='bbox 1419 3426 1639 3464; x_wconf 86' lang='lat' dir='ltr'><strong>munus</strong></span> <span class='ocrx_word' id='word_1_256' title='bbox 1669 3419 2037 3482; x_wconf 89' lang='lat' dir='ltr'><strong>receperunt.</strong></span> <span class='ocrx_word' id='word_1_257' title='bbox 2068 3413 2231 3469; x_wconf 91' lang='lat' dir='ltr'><strong>ldem</strong></span> 
     </span>
    </p>
   </div>
   <div class='ocr_carea' id='block_1_40' title="bbox 587 3499 2227 3576">
    <p class='ocr_par' dir='ltr' id='par_1_40' title="bbox 587 3499 2227 3576">
     <span class='ocr_line' id='line_1_40' title="bbox 587 3499 2227 3576; baseline 0 -18"><span class='ocrx_word' id='word_1_258' title='bbox 587 3518 768 3576; x_wconf 87' lang='lat' dir='ltr'><strong>porro</strong></span> <span class='ocrx_word' id='word_1_259' title='bbox 808 3518 880 3557; x_wconf 90' lang='lat' dir='ltr'><strong>ex</strong></span> <span class='ocrx_word' id='word_1_260' title='bbox 932 3515 1129 3573; x_wconf 60' lang='lat' dir='ltr'><strong>aequo,</strong></span> <span class='ocrx_word' id='word_1_261' title='bbox 1156 3500 1259 3572; x_wconf 91' lang='lat' dir='ltr'><strong>qui</strong></span> <span class='ocrx_word' id='word_1_262' title='bbox 1315 3502 1394 3555; x_wconf 91' lang='lat' dir='ltr'><strong>ita</strong></span> <span class='ocrx_word' id='word_1_263' title='bbox 1445 3500 1748 3572; x_wconf 88' lang='lat' dir='ltr'><strong>baptismo</strong></span> <span class='ocrx_word' id='word_1_264' title='bbox 1786 3499 2048 3558; x_wconf 86' lang='lat' dir='ltr'><strong>initiatus</strong></span> <span class='ocrx_word' id='word_1_265' title='bbox 2088 3509 2227 3567; x_wconf 88' lang='lat' dir='ltr'><strong>erat,</strong></span> 
     </span>
    </p>
   </div>
   <div class='ocr_carea' id='block_1_41' title="bbox 587 3590 2232 3663">
    <p class='ocr_par' dir='ltr' id='par_1_41' title="bbox 587 3590 2232 3663">
     <span class='ocr_line' id='line_1_41' title="bbox 587 3590 2232 3663; baseline 0 -15"><span class='ocrx_word' id='word_1_266' title='bbox 587 3593 742 3649; x_wconf 88' lang='lat' dir='ltr'><strong>feeit.</strong></span> <span class='ocrx_word' id='word_1_267' title='bbox 803 3593 995 3657; x_wconf 90' lang='lat' dir='ltr'><strong>Quam</strong></span> <span class='ocrx_word' id='word_1_268' title='bbox 1047 3605 1174 3645; x_wconf 90' lang='lat' dir='ltr'><strong>rem</strong></span> <span class='ocrx_word' id='word_1_269' title='bbox 1227 3606 1333 3662; x_wconf 89' lang='lat' dir='ltr'><strong>per</strong></span> <span class='ocrx_word' id='word_1_270' title='bbox 1381 3590 1722 3661; x_wconf 78' lang='lat' dir='ltr'><strong>diligentem</strong></span> <span class='ocrx_word' id='word_1_271' title='bbox 1787 3592 2232 3663; x_wconf 86' lang='lat' dir='ltr'><strong>inquisitionem</strong></span> 
     </span>
    </p>
   </div>
   <div class='ocr_carea' id='block_1_42' title="bbox 587 3679 2236 3754">
    <p class='ocr_par' dir='ltr' id='par_1_42' title="bbox 587 3679 2236 3754">
     <span class='ocr_line' id='line_1_42' title="bbox 587 3679 2236 3754; baseline -0.002 -14"><span class='ocrx_word' id='word_1_272' title='bbox 587 3683 913 3754; x_wconf 80' lang='lat' dir='ltr'><strong>cognitam,</strong></span> <span class='ocrx_word' id='word_1_273' title='bbox 944 3683 1047 3752; x_wconf 89' lang='lat' dir='ltr'><strong>qui</strong></span> <span class='ocrx_word' id='word_1_274' title='bbox 1078 3679 1158 3735; x_wconf 87' lang='lat' dir='ltr'><strong>ibi</strong></span> <span class='ocrx_word' id='word_1_275' title='bbox 1176 3680 1359 3736; x_wconf 89' lang='lat' dir='ltr'><strong>sacris</strong></span> <span class='ocrx_word' id='word_1_276' title='bbox 1376 3681 1609 3751; x_wconf 58' lang='lat' dir='ltr'><strong>praefuit</strong></span> <span class='ocrx_word' id='word_1_277' title='bbox 1632 3685 1708 3735; x_wconf 88' lang='lat' dir='ltr'><strong>ad</strong></span> <span class='ocrx_word' id='word_1_278' title='bbox 1740 3679 2057 3736; x_wconf 77' lang='lat' dir='ltr'><strong>Ecclesium</strong></span> <span class='ocrx_word' id='word_1_279' title='bbox 2085 3681 2236 3737; x_wconf 84' lang='lat' dir='ltr'><strong>Con-</strong></span> 
     </span>
    </p>
   </div>
   <div class='ocr_carea' id='block_1_43' title="bbox 589 3769 2236 3842">
    <p class='ocr_par' dir='ltr' id='par_1_43' title="bbox 589 3769 2236 3842">
     <span class='ocr_line' id='line_1_43' title="bbox 589 3769 2236 3842; baseline 0.001 -15"><span class='ocrx_word' id='word_1_280' title='bbox 589 3771 1184 3840; x_wconf 86' lang='lat' dir='ltr'><strong>stantinopolitanam</strong></span> <span class='ocrx_word' id='word_1_281' title='bbox 1228 3769 1603 3824; x_wconf 84' lang='lat' dir='ltr'><strong>renuntiavit.</strong></span> <span class='ocrx_word' id='word_1_282' title='bbox 1635 3771 1715 3824; x_wconf 84' lang='lat' dir='ltr'><strong>Eo</strong></span> <span class='ocrx_word' id='word_1_283' title='bbox 1755 3785 1903 3842; x_wconf 91' lang='lat' dir='ltr'><strong>puer</strong></span> <span class='ocrx_word' id='word_1_284' title='bbox 1936 3773 2114 3827; x_wconf 88' lang='lat' dir='ltr'><strong>etiam</strong></span> <span class='ocrx_word' id='word_1_285' title='bbox 2147 3779 2236 3830; x_wconf 90' lang='lat' dir='ltr'><strong>est</strong></span> 
     </span>
    </p>
   </div>
   <div class='ocr_carea' id='block_1_44' title="bbox 587 3857 2236 3930">
    <p class='ocr_par' dir='ltr' id='par_1_44' title="bbox 587 3857 2236 3930">
     <span class='ocr_line' id='line_1_44' title="bbox 587 3857 2236 3930; baseline -0.001 -13"><span class='ocrx_word' id='word_1_286' title='bbox 587 3862 812 3918; x_wconf 91' lang='lat' dir='ltr'><strong>accitus</strong></span> <span class='ocrx_word' id='word_1_287' title='bbox 839 3874 854 3914; x_wconf 87' lang='lat'><strong>:</strong></span> <span class='ocrx_word' id='word_1_288' title='bbox 886 3874 1025 3914; x_wconf 92' lang='lat' dir='ltr'><strong>cum</strong></span> <span class='ocrx_word' id='word_1_289' title='bbox 1071 3857 1316 3930; x_wconf 86' lang='lat' dir='ltr'><strong>quidem</strong></span> <span class='ocrx_word' id='word_1_290' title='bbox 1358 3857 1568 3924; x_wconf 58' lang='lat' dir='ltr'><strong>Judaei,</strong></span> <span class='ocrx_word' id='word_1_291' title='bbox 1611 3874 1685 3913; x_wconf 95' lang='lat' dir='ltr'><strong>ne</strong></span> <span class='ocrx_word' id='word_1_292' title='bbox 1726 3859 1786 3913; x_wconf 91' lang='lat' dir='ltr'><strong>id</strong></span> <span class='ocrx_word' id='word_1_293' title='bbox 1827 3858 2010 3925; x_wconf 85' lang='lat' dir='ltr'><strong>ﬁeret,</strong></span> <span class='ocrx_word' id='word_1_294' title='bbox 2044 3861 2236 3917; x_wconf 86' lang='lat' dir='ltr'><strong>multa</strong></span> 
     </span>
    </p>
   </div>
   <div class='ocr_carea' id='block_1_45' title="bbox 587 3947 2231 4020">
    <p class='ocr_par' dir='ltr' id='par_1_45' title="bbox 587 3947 2231 4020">
     <span class='ocr_line' id='line_1_45' title="bbox 587 3947 2231 4020; baseline 0 -15"><span class='ocrx_word' id='word_1_295' title='bbox 587 3950 956 4005; x_wconf 87' lang='lat' dir='ltr'><strong>molirentur.</strong></span> <span class='ocrx_word' id='word_1_296' title='bbox 997 3953 1181 4020; x_wconf 79' lang='lat' dir='ltr'><strong>Atque</strong></span> <span class='ocrx_word' id='word_1_297' title='bbox 1221 3949 1568 4019; x_wconf 88' lang='lat' dir='ltr'><strong>ibiquoque</strong></span> <span class='ocrx_word' id='word_1_298' title='bbox 1598 3947 1926 4013; x_wconf 90' lang='lat' dir='ltr'><strong>decretum,</strong></span> <span class='ocrx_word' id='word_1_299' title='bbox 1957 3954 2020 4004; x_wconf 90' lang='lat' dir='ltr'><strong>ut</strong></span> <span class='ocrx_word' id='word_1_300' title='bbox 2047 3951 2231 4005; x_wconf 89' lang='lat' dir='ltr'><strong>etiam</strong></span> 
     </span>
    </p>
   </div>
   <div class='ocr_carea' id='block_1_46' title="bbox 586 4037 2232 4110">
    <p class='ocr_par' dir='ltr' id='par_1_46' title="bbox 586 4037 2232 4110">
     <span class='ocr_line' id='line_1_46' title="bbox 586 4037 2232 4110; baseline 0.001 -16"><span class='ocrx_word' id='word_1_301' title='bbox 586 4039 650 4094; x_wconf 88' lang='lat' dir='ltr'><strong>in</strong></span> <span class='ocrx_word' id='word_1_302' title='bbox 674 4040 774 4094; x_wconf 87' lang='lat' dir='ltr'><strong>illo</strong></span> <span class='ocrx_word' id='word_1_303' title='bbox 811 4037 979 4110; x_wconf 89' lang='lat' dir='ltr'><strong>quod</strong></span> <span class='ocrx_word' id='word_1_304' title='bbox 1007 4039 1260 4102; x_wconf 91' lang='lat' dir='ltr'><strong>deesset,</strong></span> <span class='ocrx_word' id='word_1_305' title='bbox 1289 4038 1461 4108; x_wconf 84' lang='lat' dir='ltr'><strong>juxta</strong></span> <span class='ocrx_word' id='word_1_306' title='bbox 1488 4038 1752 4109; x_wconf 87' lang='lat' dir='ltr'><strong>mysterii</strong></span> <span class='ocrx_word' id='word_1_307' title='bbox 1790 4039 2232 4096; x_wconf 77' lang='lat' dir='ltr'><strong>exsecutionem</strong></span> 
     </span>
    </p>
   </div>
   <div class='ocr_carea' id='block_1_47' title="bbox 586 4126 2230 4200">
    <p class='ocr_par' dir='ltr' id='par_1_47' title="bbox 586 4126 2230 4200">
     <span class='ocr_line' id='line_1_47' title="bbox 586 4126 2230 4200; baseline 0.001 -17"><span class='ocrx_word' id='word_1_308' title='bbox 586 4127 986 4199; x_wconf 88' lang='lat' dir='ltr'><strong>compleretur</strong></span> <span class='ocrx_word' id='word_1_309' title='bbox 1018 4134 1234 4200; x_wconf 88' lang='lat' dir='ltr'><strong>:atque</strong></span> <span class='ocrx_word' id='word_1_310' title='bbox 1276 4126 1336 4181; x_wconf 88' lang='lat' dir='ltr'><strong>id</strong></span> <span class='ocrx_word' id='word_1_311' title='bbox 1371 4127 1452 4182; x_wconf 91' lang='lat' dir='ltr'><strong>ita</strong></span> <span class='ocrx_word' id='word_1_312' title='bbox 1504 4136 1592 4182; x_wconf 89' lang='lat' dir='ltr'><strong>est</strong></span> <span class='ocrx_word' id='word_1_313' title='bbox 1630 4127 1873 4182; x_wconf 84' lang='lat' dir='ltr'><strong>factum.</strong></span> <span class='ocrx_word' id='word_1_314' title='bbox 1907 4128 2016 4192; x_wconf 87' lang='lat' dir='ltr'><strong>Qui</strong></span> <span class='ocrx_word' id='word_1_315' title='bbox 2063 4143 2230 4200; x_wconf 91' lang='lat' dir='ltr'><strong>puer,</strong></span> 
     </span>
    </p>
   </div>
   <div class='ocr_carea' id='block_1_48' title="bbox 587 4217 2234 4288">
    <p class='ocr_par' dir='ltr' id='par_1_48' title="bbox 587 4217 2234 4288">
     <span class='ocr_line' id='line_1_48' title="bbox 587 4217 2234 4288; baseline -0.001 -15"><span class='ocrx_word' id='word_1_316' title='bbox 587 4217 689 4273; x_wconf 90' lang='lat' dir='ltr'><strong>ubi</strong></span> <span class='ocrx_word' id='word_1_317' title='bbox 715 4217 794 4272; x_wconf 91' lang='lat' dir='ltr'><strong>ad</strong></span> <span class='ocrx_word' id='word_1_318' title='bbox 818 4217 1048 4288; x_wconf 89' lang='lat' dir='ltr'><strong>justum</strong></span> <span class='ocrx_word' id='word_1_319' title='bbox 1066 4223 1302 4272; x_wconf 74' lang='lat' dir='ltr'><strong>aetatem</strong></span> <span class='ocrx_word' id='word_1_320' title='bbox 1326 4218 1613 4288; x_wconf 89' lang='lat' dir='ltr'><strong>pervenit,</strong></span> <span class='ocrx_word' id='word_1_321' title='bbox 1641 4218 1701 4272; x_wconf 93' lang='lat' dir='ltr'><strong>id</strong></span> <span class='ocrx_word' id='word_1_322' title='bbox 1733 4218 2052 4273; x_wconf 89' lang='lat' dir='ltr'><strong>sacerdotii</strong></span> <span class='ocrx_word' id='word_1_323' title='bbox 2079 4218 2234 4273; x_wconf 89' lang='lat' dir='ltr'><strong>ordi-</strong></span> 
     </span>
    </p>
   </div>
   <div class='ocr_carea' id='block_1_49' title="bbox 585 4307 2235 4364">
    <p class='ocr_par' dir='ltr' id='par_1_49' title="bbox 585 4307 2235 4364">
     <span class='ocr_line' id='line_1_49' title="bbox 585 4307 2235 4364; baseline 0.001 -2"><span class='ocrx_word' id='word_1_324' title='bbox 585 4323 727 4362; x_wconf 90' lang='lat' dir='ltr'><strong>nem</strong></span> <span class='ocrx_word' id='word_1_325' title='bbox 778 4314 865 4362; x_wconf 90' lang='lat' dir='ltr'><strong>est</strong></span> <span class='ocrx_word' id='word_1_326' title='bbox 917 4307 1202 4362; x_wconf 88' lang='lat' dir='ltr'><strong>allectus:</strong></span> <span class='ocrx_word' id='word_1_327' title='bbox 1231 4310 1562 4363; x_wconf 66' lang='lat' dir='ltr'><strong>etasdituus</strong></span> <span class='ocrx_word' id='word_1_328' title='bbox 1613 4324 1716 4364; x_wconf 91' lang='lat' dir='ltr'><strong>seu</strong></span> <span class='ocrx_word' id='word_1_329' title='bbox 1757 4315 1955 4363; x_wconf 90' lang='lat' dir='ltr'><strong>custos</strong></span> <span class='ocrx_word' id='word_1_330' title='bbox 1989 4307 2235 4363; x_wconf 80' lang='lat' dir='ltr'><strong>maximi</strong></span> 
     </span>
    </p>
   </div>
   <div class='ocr_carea' id='block_1_50' title="bbox 588 4395 2230 4468">
    <p class='ocr_par' dir='ltr' id='par_1_50' title="bbox 588 4395 2230 4468">
     <span class='ocr_line' id='line_1_50' title="bbox 588 4395 2230 4468; baseline -0.002 -15"><span class='ocrx_word' id='word_1_331' title='bbox 588 4396 792 4468; x_wconf 91' lang='lat' dir='ltr'><strong>templi</strong></span> <span class='ocrx_word' id='word_1_332' title='bbox 821 4395 1034 4464; x_wconf 87' lang='lat' dir='ltr'><strong>factus,</strong></span> <span class='ocrx_word' id='word_1_333' title='bbox 1067 4398 1395 4452; x_wconf 87' lang='lat' dir='ltr'><strong>etiamnum</strong></span> <span class='ocrx_word' id='word_1_334' title='bbox 1431 4397 1512 4452; x_wconf 89' lang='lat' dir='ltr'><strong>ibi</strong></span> <span class='ocrx_word' id='word_1_335' title='bbox 1545 4397 1702 4453; x_wconf 87' lang='lat' dir='ltr'><strong>vivit.</strong></span> <span class='ocrx_word' id='word_1_336' title='bbox 1725 4397 1846 4453; x_wconf 85' lang='lat' dir='ltr'><strong>Hoc</strong></span> <span class='ocrx_word' id='word_1_337' title='bbox 1884 4397 2016 4453; x_wconf 92' lang='lat' dir='ltr'><strong>loco</strong></span> <span class='ocrx_word' id='word_1_338' title='bbox 2047 4396 2230 4452; x_wconf 89' lang='lat' dir='ltr'><strong>tinem</strong></span> 
     </span>
    </p>
   </div>
   <div class='ocr_carea' id='block_1_51' title="bbox 583 4463 2311 4559">
    <p class='ocr_par' dir='ltr' id='par_1_51' title="bbox 583 4463 2311 4559">
     <span class='ocr_line' id='line_1_51' title="bbox 583 4463 2311 4559; baseline 0.001 -17"><span class='ocrx_word' id='word_1_339' title='bbox 583 4463 825 4559; x_wconf 80' lang='lat' dir='ltr'><strong>quoque</strong></span> <span class='ocrx_word' id='word_1_340' title='bbox 859 4463 1028 4541; x_wconf 86' lang='lat' dir='ltr'><strong>tertio</strong></span> <span class='ocrx_word' id='word_1_341' title='bbox 1049 4483 1186 4541; x_wconf 90' lang='lat' dir='ltr'><strong>huic</strong></span> <span class='ocrx_word' id='word_1_342' title='bbox 1217 4487 1601 4543; x_wconf 88' lang='lat' dir='ltr'><strong>historiarum</strong></span> <span class='ocrx_word' id='word_1_343' title='bbox 1634 4488 1788 4543; x_wconf 84' lang='lat' dir='ltr'><strong>libro</strong></span> <span class='ocrx_word' id='word_1_344' title='bbox 1823 4487 2091 4558; x_wconf 90' lang='lat' dir='ltr'><strong>impono,</strong></span> <span class='ocrx_word' id='word_1_345' title='bbox 2125 4483 2240 4558; x_wconf 72' lang='lat' dir='ltr'><strong>qui.</strong></span> <span class='ocrx_word' id='word_1_346' title='bbox 2266 4463 2311 4519; x_wconf 81' lang='lat' dir='ltr'>D</span> 
     </span>
    </p>
   </div>
   <div class='ocr_carea' id='block_1_52' title="bbox 583 4577 2232 4650">
    <p class='ocr_par' dir='ltr' id='par_1_52' title="bbox 583 4577 2232 4650">
     <span class='ocr_line' id='line_1_52' title="bbox 583 4577 2232 4650; baseline 0 -18"><span class='ocrx_word' id='word_1_347' title='bbox 583 4591 777 4632; x_wconf 86' lang='lat' dir='ltr'><strong>annos</strong></span> <span class='ocrx_word' id='word_1_348' title='bbox 821 4577 1082 4633; x_wconf 90' lang='lat' dir='ltr'><strong>continet</strong></span> <span class='ocrx_word' id='word_1_349' title='bbox 1135 4584 1375 4634; x_wconf 88' lang='lat' dir='ltr'><strong>centum</strong></span> <span class='ocrx_word' id='word_1_350' title='bbox 1407 4587 1464 4636; x_wconf 92' lang='lat' dir='ltr'><strong>et</strong></span> <span class='ocrx_word' id='word_1_351' title='bbox 1501 4581 1654 4636; x_wconf 89' lang='lat' dir='ltr'><strong>duos</strong></span> <span class='ocrx_word' id='word_1_352' title='bbox 1687 4596 1700 4634; x_wconf 89' lang='lat'><strong>:</strong></span> <span class='ocrx_word' id='word_1_353' title='bbox 1736 4580 1967 4635; x_wconf 90' lang='lat' dir='ltr'><strong>initium</strong></span> <span class='ocrx_word' id='word_1_354' title='bbox 2008 4580 2232 4650; x_wconf 88' lang='lat' dir='ltr'><strong>quippe</strong></span> 
     </span>
    </p>
   </div>
   <div class='ocr_carea' id='block_1_53' title="bbox 583 4667 2227 4742">
    <p class='ocr_par' dir='ltr' id='par_1_53' title="bbox 583 4667 2227 4742">
     <span class='ocr_line' id='line_1_53' title="bbox 583 4667 2227 4742; baseline 0.001 -23"><span class='ocrx_word' id='word_1_355' title='bbox 583 4669 842 4737; x_wconf 89' lang='lat' dir='ltr'><strong>sumpsit</strong></span> <span class='ocrx_word' id='word_1_356' title='bbox 865 4683 902 4722; x_wconf 89' lang='lat' dir='ltr'><strong>a</strong></span> <span class='ocrx_word' id='word_1_357' title='bbox 940 4669 1139 4724; x_wconf 72' lang='lat' dir='ltr'><strong>Galbae</strong></span> <span class='ocrx_word' id='word_1_358' title='bbox 1170 4679 1226 4724; x_wconf 90' lang='lat' dir='ltr'><strong>et</strong></span> <span class='ocrx_word' id='word_1_359' title='bbox 1256 4670 1502 4726; x_wconf 89' lang='lat' dir='ltr'><strong>Othonis</strong></span> <span class='ocrx_word' id='word_1_360' title='bbox 1553 4667 1635 4742; x_wconf 91' lang='lat' dir='ltr'><strong>[et</strong></span> <span class='ocrx_word' id='word_1_361' title='bbox 1666 4668 1900 4740; x_wconf 75' lang='lat' dir='ltr'><strong>Vitellii]</strong></span> <span class='ocrx_word' id='word_1_362' title='bbox 1936 4668 2188 4740; x_wconf 88' lang='lat' dir='ltr'><strong>imperio</strong></span> <span class='ocrx_word' id='word_1_363' title='bbox 2214 4682 2227 4720; x_wconf 89' lang='lat'>:</span> 
     </span>
    </p>
   </div>
   <div class='ocr_carea' id='block_1_54' title="bbox 585 4755 2231 4825">
    <p class='ocr_par' dir='ltr' id='par_1_54' title="bbox 585 4755 2231 4825">
     <span class='ocr_line' id='line_1_54' title="bbox 585 4755 2231 4825; baseline -0.002 -13"><span class='ocrx_word' id='word_1_364' title='bbox 585 4755 764 4825; x_wconf 78' lang='lat'><strong>278</strong></span> <span class='ocrx_word' id='word_1_365' title='bbox 794 4757 1017 4812; x_wconf 87' lang='lat' dir='ltr'><strong>exitum</strong></span> <span class='ocrx_word' id='word_1_366' title='bbox 1055 4764 1256 4813; x_wconf 88' lang='lat' dir='ltr'><strong>autem</strong></span> <span class='ocrx_word' id='word_1_367' title='bbox 1287 4760 1364 4814; x_wconf 89' lang='lat' dir='ltr'><strong>ad</strong></span> <span class='ocrx_word' id='word_1_368' title='bbox 1407 4762 1582 4815; x_wconf 79' lang='lat' dir='ltr'><strong>Marci</strong></span> <span class='ocrx_word' id='word_1_369' title='bbox 1614 4758 1765 4825; x_wconf 85' lang='lat' dir='ltr'><strong>Veri,</strong></span> <span class='ocrx_word' id='word_1_370' title='bbox 1808 4758 1914 4813; x_wconf 82' lang='lat' dir='ltr'><strong>ﬁlii</strong></span> <span class='ocrx_word' id='word_1_371' title='bbox 1951 4755 2231 4813; x_wconf 83' lang='lat' dir='ltr'><strong>Antonini</strong></span> 
     </span>
    </p>
   </div>
   <div class='ocr_carea' id='block_1_55' title="bbox 581 4845 2230 4918">
    <p class='ocr_par' dir='ltr' id='par_1_55' title="bbox 581 4845 2230 4918">
     <span class='ocr_line' id='line_1_55' title="bbox 581 4845 2230 4918; baseline 0.001 -19"><span class='ocrx_word' id='word_1_372' title='bbox 581 4851 779 4916; x_wconf 85' lang='lat' dir='ltr'><strong>primi,</strong></span> <span class='ocrx_word' id='word_1_373' title='bbox 801 4847 1034 4918; x_wconf 89' lang='lat' dir='ltr'><strong>imperii</strong></span> <span class='ocrx_word' id='word_1_374' title='bbox 1056 4848 1236 4903; x_wconf 85' lang='lat' dir='ltr'><strong>tinem</strong></span> <span class='ocrx_word' id='word_1_375' title='bbox 1257 4848 1438 4905; x_wconf 89' lang='lat' dir='ltr'><strong>habet</strong></span> <span class='ocrx_word' id='word_1_376' title='bbox 1466 4866 1478 4905; x_wconf 94' lang='lat'>:</span> <span class='ocrx_word' id='word_1_377' title='bbox 1508 4864 1648 4905; x_wconf 90' lang='lat' dir='ltr'><strong>cum</strong></span> <span class='ocrx_word' id='word_1_378' title='bbox 1678 4864 1716 4904; x_wconf 91' lang='lat' dir='ltr'><strong>a</strong></span> <span class='ocrx_word' id='word_1_379' title='bbox 1737 4847 1964 4903; x_wconf 88' lang='lat' dir='ltr'><strong>mundo</strong></span> <span class='ocrx_word' id='word_1_380' title='bbox 1990 4845 2230 4902; x_wconf 90' lang='lat' dir='ltr'><strong>condito</strong></span> 
     </span>
    </p>
   </div>
   <div class='ocr_carea' id='block_1_56' title="bbox 579 4938 2228 5010">
    <p class='ocr_par' dir='ltr' id='par_1_56' title="bbox 579 4938 2228 5010">
     <span class='ocr_line' id='line_1_56' title="bbox 579 4938 2228 5010; baseline 0.002 -20"><span class='ocrx_word' id='word_1_381' title='bbox 579 4938 898 5007; x_wconf 88' lang='lat' dir='ltr'><strong>quinquies</strong></span> <span class='ocrx_word' id='word_1_382' title='bbox 967 4939 1123 4994; x_wconf 91' lang='lat' dir='ltr'><strong>mille</strong></span> <span class='ocrx_word' id='word_1_383' title='bbox 1170 4940 1501 5010; x_wconf 84' lang='lat' dir='ltr'><strong>sexingenti</strong></span> <span class='ocrx_word' id='word_1_384' title='bbox 1557 4945 1612 4994; x_wconf 91' lang='lat' dir='ltr'><strong>et</strong></span> <span class='ocrx_word' id='word_1_385' title='bbox 1663 4938 2044 5010; x_wconf 84' lang='lat' dir='ltr'><strong>septuaginta</strong></span> <span class='ocrx_word' id='word_1_386' title='bbox 2098 4953 2228 5010; x_wconf 87' lang='lat' dir='ltr'><strong>sep-</strong></span> 
     </span>
    </p>
   </div>
   <div class='ocr_carea' id='block_1_57' title="bbox 581 5031 2227 5104">
    <p class='ocr_par' dir='ltr' id='par_1_57' title="bbox 581 5031 2227 5104">
     <span class='ocr_line' id='line_1_57' title="bbox 581 5031 2227 5104; baseline -0.002 -17"><span class='ocrx_word' id='word_1_387' title='bbox 581 5043 696 5087; x_wconf 88' lang='lat' dir='ltr'><strong>tem</strong></span> <span class='ocrx_word' id='word_1_388' title='bbox 720 5034 886 5104; x_wconf 81' lang='lat' dir='ltr'><strong>(l),.a</strong></span> <span class='ocrx_word' id='word_1_389' title='bbox 931 5033 1134 5089; x_wconf 91' lang='lat' dir='ltr'><strong>divina</strong></span> <span class='ocrx_word' id='word_1_390' title='bbox 1186 5043 1384 5088; x_wconf 91' lang='lat' dir='ltr'><strong>autem</strong></span> <span class='ocrx_word' id='word_1_391' title='bbox 1434 5032 1670 5087; x_wconf 90' lang='lat' dir='ltr'><strong>Domini</strong></span> <span class='ocrx_word' id='word_1_392' title='bbox 1719 5035 2130 5086; x_wconf 85' lang='lat' dir='ltr'><strong>incarnatione</strong></span> <span class='ocrx_word' id='word_1_393' title='bbox 2169 5031 2227 5084; x_wconf 88' lang='lat' dir='ltr'><strong>et</strong></span> 
     </span>
    </p>
   </div>
   <div class='ocr_carea' id='block_1_58' title="bbox 579 5121 2226 5196">
    <p class='ocr_par' dir='ltr' id='par_1_58' title="bbox 579 5121 2226 5196">
     <span class='ocr_line' id='line_1_58' title="bbox 579 5121 2226 5196; baseline -0.002 -16"><span class='ocrx_word' id='word_1_394' title='bbox 579 5125 885 5180; x_wconf 87' lang='lat' dir='ltr'><strong>nativitate</strong></span> <span class='ocrx_word' id='word_1_395' title='bbox 913 5128 1155 5180; x_wconf 84' lang='lat' dir='ltr'><strong>centum</strong></span> <span class='ocrx_word' id='word_1_396' title='bbox 1181 5131 1236 5180; x_wconf 91' lang='lat' dir='ltr'><strong>et</strong></span> <span class='ocrx_word' id='word_1_397' title='bbox 1267 5125 1647 5196; x_wconf 87' lang='lat' dir='ltr'><strong>septuaginta</strong></span> <span class='ocrx_word' id='word_1_398' title='bbox 1676 5121 1799 5178; x_wconf 93' lang='lat' dir='ltr'><strong>duo</strong></span> <span class='ocrx_word' id='word_1_399' title='bbox 1833 5123 1953 5180; x_wconf 89' lang='lat' dir='ltr'><strong>ami</strong></span> <span class='ocrx_word' id='word_1_400' title='bbox 1985 5127 2226 5194; x_wconf 68' lang='lat' dir='ltr'><strong>printer-</strong></span> 
     </span>
    </p>
   </div>
   <div class='ocr_carea' id='block_1_59' title="bbox 578 5217 808 5273">
    <p class='ocr_par' dir='ltr' id='par_1_59' title="bbox 578 5217 808 5273">
     <span class='ocr_line' id='line_1_59' title="bbox 578 5217 808 5273; baseline 0.013 -3"><span class='ocrx_word' id='word_1_401' title='bbox 578 5217 808 5273; x_wconf 75' lang='lat' dir='ltr'><strong>lissent.</strong></span> 
     </span>
    </p>
   </div>
   <div class='ocr_carea' id='block_1_60' title="bbox 651 5422 1841 5519">
    <p class='ocr_par' dir='ltr' id='par_1_60' title="bbox 651 5422 1841 5519">
     <span class='ocr_line' id='line_1_60' title="bbox 651 5422 1841 5519; baseline -0.016 -18"><span class='ocrx_word' id='word_1_402' title='bbox 651 5443 726 5519; x_wconf 79' lang='grc'><strong>(1)</strong></span> <span class='ocrx_word' id='word_1_403' title='bbox 756 5441 926 5498; x_wconf 77' lang='lat' dir='ltr'><strong>Juxta</strong></span> <span class='ocrx_word' id='word_1_404' title='bbox 951 5434 1308 5495; x_wconf 79' lang='lat' dir='ltr'><strong>recentiores</strong></span> <span class='ocrx_word' id='word_1_405' title='bbox 1339 5425 1653 5489; x_wconf 87' lang='lat' dir='ltr'><strong>chronicos</strong></span> <span class='ocrx_word' id='word_1_406' title='bbox 1679 5422 1841 5486; x_wconf 73' lang='grc'><strong>4149.</strong></span> 
     </span>
    </p>
   </div>
   <div class='ocr_carea' id='block_1_61' title="bbox 2360 468 3926 544">
    <p class='ocr_par' dir='ltr' id='par_1_61' title="bbox 2360 468 3926 544">
     <span class='ocr_line' id='line_1_61' title="bbox 2360 468 3926 544; baseline 0.008 -24"><span class='ocrx_word' id='word_1_407' title='bbox 2360 469 2511 522; x_wconf 85' lang='grc' dir='ltr'><strong>ταῦθ’</strong></span> <span class='ocrx_word' id='word_1_408' title='bbox 2577 472 2646 531; x_wconf 87' lang='grc' dir='ltr'><strong>ὡς</strong></span> <span class='ocrx_word' id='word_1_409' title='bbox 2707 468 2966 543; x_wconf 77' lang='grc' dir='ltr'><strong>ἀμήχανα</strong></span> <span class='ocrx_word' id='word_1_410' title='bbox 3040 471 3466 544; x_wconf 87' lang='grc' dir='ltr'><strong>προϐαλλόμενοι,</strong></span> <span class='ocrx_word' id='word_1_411' title='bbox 3541 474 3783 538; x_wconf 77' lang='grc' dir='ltr'><strong>ἀπηξίουν</strong></span> <span class='ocrx_word' id='word_1_412' title='bbox 3850 485 3926 532; x_wconf 85' lang='grc' dir='ltr'><strong>καὶ</strong></span> 
     </span>
    </p>
   </div>
   <div class='ocr_carea' id='block_1_62' title="bbox 2361 559 3926 636">
    <p class='ocr_par' dir='ltr' id='par_1_62' title="bbox 2361 559 3926 636">
     <span class='ocr_line' id='line_1_62' title="bbox 2361 559 3926 636; baseline 0.007 -27"><span class='ocrx_word' id='word_1_413' title='bbox 2361 561 2458 615; x_wconf 78' lang='grc' dir='ltr'><strong>τὴν</strong></span> <span class='ocrx_word' id='word_1_414' title='bbox 2522 560 2733 617; x_wconf 81' lang='grc' dir='ltr'><strong>αἴτησιν</strong></span> <span class='ocrx_word' id='word_1_415' title='bbox 2801 559 3126 614; x_wconf 74' lang='grc' dir='ltr'><strong>ἀπεσείοντο.</strong></span> <span class='ocrx_word' id='word_1_416' title='bbox 3187 561 3521 636; x_wconf 83' lang='grc' dir='ltr'><strong>Ἐπιμένοντα</strong></span> <span class='ocrx_word' id='word_1_417' title='bbox 3596 561 3646 618; x_wconf 80' lang='grc' dir='ltr'><strong>δ’</strong></span> <span class='ocrx_word' id='word_1_418' title='bbox 3716 562 3796 618; x_wconf 83' lang='grc' dir='ltr'><strong>οὖν</strong></span> <span class='ocrx_word' id='word_1_419' title='bbox 3854 573 3926 620; x_wconf 80' lang='grc' dir='ltr'><strong>τὸν</strong></span> 
     </span>
    </p>
   </div>
   <div class='ocr_carea' id='block_1_63' title="bbox 2360 645 3924 726">
    <p class='ocr_par' dir='ltr' id='par_1_63' title="bbox 2360 645 3924 726">
     <span class='ocr_line' id='line_1_63' title="bbox 2360 645 3924 726; baseline 0.008 -28"><span class='ocrx_word' id='word_1_420' title='bbox 2360 645 2596 719; x_wconf 75' lang='grc' dir='ltr'><strong>Ἐϐραίον</strong></span> <span class='ocrx_word' id='word_1_421' title='bbox 2651 653 2742 701; x_wconf 76' lang='grc' dir='ltr'><strong>καὶ</strong></span> <span class='ocrx_word' id='word_1_422' title='bbox 2793 650 2968 724; x_wconf 79' lang='grc' dir='ltr'><strong>ὅρκοις</strong></span> <span class='ocrx_word' id='word_1_423' title='bbox 3037 649 3425 724; x_wconf 80' lang='grc' dir='ltr'><strong>ἐκϐιαζόμενον,</strong></span> <span class='ocrx_word' id='word_1_424' title='bbox 3485 655 3534 706; x_wconf 88' lang='grc' dir='ltr'><strong>οἱ</strong></span> <span class='ocrx_word' id='word_1_425' title='bbox 3599 651 3780 726; x_wconf 77' lang='grc' dir='ltr'><strong>ἄνδρες</strong></span> <span class='ocrx_word' id='word_1_426' title='bbox 3843 665 3924 710; x_wconf 80' lang='grc' dir='ltr'><strong>τῶν</strong></span> 
     </span>
    </p>
   </div>
   <div class='ocr_carea' id='block_1_64' title="bbox 2364 732 3921 818">
    <p class='ocr_par' dir='ltr' id='par_1_64' title="bbox 2364 732 3921 818">
     <span class='ocr_line' id='line_1_64' title="bbox 2364 732 3921 818; baseline 0.008 -33"><span class='ocrx_word' id='word_1_427' title='bbox 2364 732 2566 806; x_wconf 68' lang='grc' dir='ltr'><strong>ἁμερίων</strong></span> <span class='ocrx_word' id='word_1_428' title='bbox 2617 734 2804 789; x_wconf 82' lang='grc' dir='ltr'><strong>ἐκεῖνον</strong></span> <span class='ocrx_word' id='word_1_429' title='bbox 2865 743 3250 810; x_wconf 74' lang='grc' dir='ltr'><strong>γυμνώσαντες,</strong></span> <span class='ocrx_word' id='word_1_430' title='bbox 3311 737 3421 794; x_wconf 84' lang='grc' dir='ltr'><strong>εἶτα</strong></span> <span class='ocrx_word' id='word_1_431' title='bbox 3487 749 3548 815; x_wconf 73' lang='grc' dir='ltr'><strong>τῇ</strong></span> <span class='ocrx_word' id='word_1_432' title='bbox 3609 750 3921 818; x_wconf 67' lang='grc' dir='ltr'><strong>παρακειμὸῃ</strong></span> 
     </span>
    </p>
   </div>
   <div class='ocr_carea' id='block_1_65' title="bbox 2362 827 3925 905">
    <p class='ocr_par' dir='ltr' id='par_1_65' title="bbox 2362 827 3925 905">
     <span class='ocr_line' id='line_1_65' title="bbox 2362 827 3925 905; baseline 0.008 -30"><span class='ocrx_word' id='word_1_433' title='bbox 2362 832 2436 894; x_wconf 84' lang='grc' dir='ltr'><strong>τῷ</strong></span> <span class='ocrx_word' id='word_1_434' title='bbox 2472 830 2614 896; x_wconf 82' lang='grc' dir='ltr'><strong>τόπῳ</strong></span> <span class='ocrx_word' id='word_1_435' title='bbox 2653 827 2810 899; x_wconf 80' lang='grc' dir='ltr'><strong>ἄμμῳ</strong></span> <span class='ocrx_word' id='word_1_436' title='bbox 2852 830 3186 903; x_wconf 75' lang='grc' dir='ltr'><strong>χρησάμενοι</strong></span> <span class='ocrx_word' id='word_1_437' title='bbox 3231 829 3346 884; x_wconf 77' lang='grc' dir='ltr'><strong>ἀντὶ</strong></span> <span class='ocrx_word' id='word_1_438' title='bbox 3391 827 3608 899; x_wconf 75' lang='grc' dir='ltr'><strong>ὕδατος,</strong></span> <span class='ocrx_word' id='word_1_439' title='bbox 3651 835 3700 885; x_wconf 77' lang='grc' dir='ltr'><strong>ἐν</strong></span> <span class='ocrx_word' id='word_1_440' title='bbox 3736 842 3801 905; x_wconf 81' lang='grc' dir='ltr'><strong>τῷ</strong></span> <span class='ocrx_word' id='word_1_441' title='bbox 3839 834 3925 889; x_wconf 78' lang='grc' dir='ltr'><strong>ὀνό-</strong></span> 
     </span>
    </p>
   </div>
   <div class='ocr_carea' id='block_1_66' title="bbox 2363 921 3922 993">
    <p class='ocr_par' dir='ltr' id='par_1_66' title="bbox 2363 921 3922 993">
     <span class='ocr_line' id='line_1_66' title="bbox 2363 921 3922 993; baseline 0.008 -28"><span class='ocrx_word' id='word_1_442' title='bbox 2363 933 2492 985; x_wconf 86' lang='grc' dir='ltr'><strong>ματι</strong></span> <span class='ocrx_word' id='word_1_443' title='bbox 2527 921 2620 967; x_wconf 91' lang='grc' dir='ltr'><strong>τοῦ</strong></span> <span class='ocrx_word' id='word_1_444' title='bbox 2661 921 2856 985; x_wconf 78' lang='grc' dir='ltr'><strong>Πατρός</strong></span> <span class='ocrx_word' id='word_1_445' title='bbox 2893 923 2983 970; x_wconf 86' lang='grc' dir='ltr'><strong>καὶ</strong></span> <span class='ocrx_word' id='word_1_446' title='bbox 3023 927 3116 972; x_wconf 88' lang='grc' dir='ltr'><strong>τοῦ</strong></span> <span class='ocrx_word' id='word_1_447' title='bbox 3167 922 3291 973; x_wconf 85' lang='grc' dir='ltr'><strong>Υἱοῦ</strong></span> <span class='ocrx_word' id='word_1_448' title='bbox 3331 926 3421 973; x_wconf 81' lang='grc' dir='ltr'><strong>καὶ</strong></span> <span class='ocrx_word' id='word_1_449' title='bbox 3458 929 3552 974; x_wconf 85' lang='grc' dir='ltr'><strong>τοῦ</strong></span> <span class='ocrx_word' id='word_1_450' title='bbox 3598 922 3747 993; x_wconf 66' lang='grc' dir='ltr'><strong>ἁγίου</strong></span> <span class='ocrx_word' id='word_1_451' title='bbox 3795 928 3922 977; x_wconf 72' lang='lat' dir='ltr'><strong>[lmi-</strong></span> 
     </span>
    </p>
   </div>
   <div class='ocr_carea' id='block_1_67' title="bbox 2363 1004 3922 1083">
    <p class='ocr_par' dir='ltr' id='par_1_67' title="bbox 2363 1004 3922 1083">
     <span class='ocr_line' id='line_1_67' title="bbox 2363 1004 3922 1083; baseline 0.008 -29"><span class='ocrx_word' id='word_1_452' title='bbox 2363 1021 2522 1074; x_wconf 82' lang='grc' dir='ltr'><strong>ματος</strong></span> <span class='ocrx_word' id='word_1_453' title='bbox 2581 1011 2762 1057; x_wconf 87' lang='grc' dir='ltr'><strong>τοῦτον</strong></span> <span class='ocrx_word' id='word_1_454' title='bbox 2809 1004 3163 1078; x_wconf 80' lang='grc' dir='ltr'><strong>βαπτίζουσι,</strong></span> <span class='ocrx_word' id='word_1_455' title='bbox 3212 1014 3386 1082; x_wconf 89' lang='grc' dir='ltr'><strong>τρίτον</strong></span> <span class='ocrx_word' id='word_1_456' title='bbox 3438 1019 3530 1072; x_wconf 78' lang='grc' dir='ltr'><strong>τῆς</strong></span> <span class='ocrx_word' id='word_1_457' title='bbox 3576 1012 3753 1083; x_wconf 80' lang='grc' dir='ltr'><strong>ἄμμου</strong></span> <span class='ocrx_word' id='word_1_458' title='bbox 3795 1033 3922 1066; x_wconf 78' lang='grc' dir='ltr'><strong>κατα-</strong></span> 
     </span>
    </p>
   </div>
   <div class='ocr_carea' id='block_1_68' title="bbox 2363 1091 3922 1175">
    <p class='ocr_par' dir='ltr' id='par_1_68' title="bbox 2363 1091 3922 1175">
     <span class='ocr_line' id='line_1_68' title="bbox 2363 1091 3922 1175; baseline 0.008 -34"><span class='ocrx_word' id='word_1_459' title='bbox 2363 1092 2635 1163; x_wconf 85' lang='grc' dir='ltr'><strong>χεάμενοι.</strong></span> <span class='ocrx_word' id='word_1_460' title='bbox 2718 1099 2792 1166; x_wconf 79' lang='grc' dir='ltr'>Τῇ</span> <span class='ocrx_word' id='word_1_461' title='bbox 2871 1091 2932 1147; x_wconf 76' lang='grc' dir='ltr'><strong>δε</strong></span> <span class='ocrx_word' id='word_1_462' title='bbox 2994 1092 3279 1169; x_wconf 76' lang='grc' dir='ltr'><strong>παραδόξῳ</strong></span> <span class='ocrx_word' id='word_1_463' title='bbox 3351 1105 3700 1172; x_wconf 70' lang='grc' dir='ltr'><strong>μυσταγωγίᾳ</strong></span> <span class='ocrx_word' id='word_1_464' title='bbox 3769 1099 3922 1175; x_wconf 80' lang='grc' dir='ltr'><strong>ἀθρόον</strong></span> 
     </span>
    </p>
   </div>
   <div class='ocr_carea' id='block_1_69' title="bbox 2362 1181 3922 1262">
    <p class='ocr_par' dir='ltr' id='par_1_69' title="bbox 2362 1181 3922 1262">
     <span class='ocr_line' id='line_1_69' title="bbox 2362 1181 3922 1262; baseline 0.008 -31"><span class='ocrx_word' id='word_1_465' title='bbox 2362 1181 2545 1242; x_wconf 76' lang='grc' dir='ltr'><strong>ἐκεῖνος</strong></span> <span class='ocrx_word' id='word_1_466' title='bbox 2601 1182 2685 1234; x_wconf 87' lang='grc' dir='ltr'><strong>οἶά</strong></span> <span class='ocrx_word' id='word_1_467' title='bbox 2734 1201 2873 1244; x_wconf 88' lang='grc' dir='ltr'><strong>τινος</strong></span> <span class='ocrx_word' id='word_1_468' title='bbox 2923 1181 3087 1246; x_wconf 84' lang='grc' dir='ltr'><strong>πέδης</strong></span> <span class='ocrx_word' id='word_1_469' title='bbox 3135 1194 3228 1248; x_wconf 84' lang='grc' dir='ltr'><strong>τῆς</strong></span> <span class='ocrx_word' id='word_1_470' title='bbox 3280 1185 3576 1262; x_wconf 79' lang='grc' dir='ltr'><strong>άρῥωστίας</strong></span> <span class='ocrx_word' id='word_1_471' title='bbox 3617 1188 3810 1260; x_wconf 82' lang='grc' dir='ltr'><strong>λμθεὶς,</strong></span> <span class='ocrx_word' id='word_1_472' title='bbox 3854 1198 3922 1244; x_wconf 72' lang='grc' dir='ltr'><strong>καὶ</strong></span> 
     </span>
    </p>
   </div>
   <div class='ocr_carea' id='block_1_70' title="bbox 2357 1269 3922 1349">
    <p class='ocr_par' dir='ltr' id='par_1_70' title="bbox 2357 1269 3922 1349">
     <span class='ocr_line' id='line_1_70' title="bbox 2357 1269 3922 1349; baseline 0.008 -28"><span class='ocrx_word' id='word_1_473' title='bbox 2357 1276 2558 1342; x_wconf 86' lang='grc' dir='ltr'><strong>κρείτον</strong></span> <span class='ocrx_word' id='word_1_474' title='bbox 2609 1275 2638 1329; x_wconf 72' lang='grc' dir='ltr'><strong><em>ἦ</em></strong></span> <span class='ocrx_word' id='word_1_475' title='bbox 2679 1271 2861 1325; x_wconf 80' lang='grc' dir='ltr'><strong>ἐκεῖνοι</strong></span> <span class='ocrx_word' id='word_1_476' title='bbox 2904 1269 3087 1332; x_wconf 78' lang='grc' dir='ltr'><strong>διήνυι</strong></span> <span class='ocrx_word' id='word_1_477' title='bbox 3137 1279 3232 1334; x_wconf 70' lang='grc' dir='ltr'><strong>τὴν</strong></span> <span class='ocrx_word' id='word_1_478' title='bbox 3282 1273 3406 1329; x_wconf 86' lang='grc' dir='ltr'><strong>ὁδόν</strong></span> <span class='ocrx_word' id='word_1_479' title='bbox 3467 1279 3624 1349; x_wconf 70' lang='grc' dir='ltr'><strong>ὑγιὴς</strong></span> <span class='ocrx_word' id='word_1_480' title='bbox 3675 1279 3782 1342; x_wconf 81' lang='grc' dir='ltr'><strong>ὅξος</strong></span> <span class='ocrx_word' id='word_1_481' title='bbox 3822 1279 3922 1333; x_wconf 72' lang='grc' dir='ltr'><strong>ἁνα-</strong></span> 
     </span>
    </p>
   </div>
   <div class='ocr_carea' id='block_1_71' title="bbox 2357 1358 3922 1440">
    <p class='ocr_par' dir='ltr' id='par_1_71' title="bbox 2357 1358 3922 1440">
     <span class='ocr_line' id='line_1_71' title="bbox 2357 1358 3922 1440; baseline 0.008 -30"><span class='ocrx_word' id='word_1_482' title='bbox 2357 1363 2547 1430; x_wconf 74' lang='grc' dir='ltr'><strong>φανείς.</strong></span> <span class='ocrx_word' id='word_1_483' title='bbox 2604 1359 2688 1421; x_wconf 81' lang='grc' dir='ltr'><strong>Ὠς</strong></span> <span class='ocrx_word' id='word_1_484' title='bbox 2743 1358 2804 1414; x_wconf 77' lang='grc' dir='ltr'><strong>δε</strong></span> <span class='ocrx_word' id='word_1_485' title='bbox 2850 1360 3032 1416; x_wconf 79' lang='grc' dir='ltr'><strong>οἶκαδε</strong></span> <span class='ocrx_word' id='word_1_486' title='bbox 3077 1364 3382 1433; x_wconf 71' lang='grc' dir='ltr'><strong>ἐπανῆλθον,</strong></span> <span class='ocrx_word' id='word_1_487' title='bbox 3427 1373 3690 1440; x_wconf 77' lang='grc' dir='ltr'><strong>Διονυσίῳ</strong></span> <span class='ocrx_word' id='word_1_488' title='bbox 3728 1378 3796 1440; x_wconf 82' lang='grc' dir='ltr'><strong>τῷ</strong></span> <span class='ocrx_word' id='word_1_489' title='bbox 3839 1369 3922 1422; x_wconf 77' lang='grc' dir='ltr'><strong>ἐπι-</strong></span> 
     </span>
    </p>
   </div>
   <div class='ocr_carea' id='block_1_72' title="bbox 2357 1448 3918 1530">
    <p class='ocr_par' dir='ltr' id='par_1_72' title="bbox 2357 1448 3918 1530">
     <span class='ocr_line' id='line_1_72' title="bbox 2357 1448 3918 1530; baseline 0.008 -30"><span class='ocrx_word' id='word_1_490' title='bbox 2357 1454 2537 1501; x_wconf 88' lang='grc' dir='ltr'><strong>σκόπω</strong></span> <span class='ocrx_word' id='word_1_491' title='bbox 2587 1457 2681 1512; x_wconf 77' lang='grc' dir='ltr'><strong>τῆς</strong></span> <span class='ocrx_word' id='word_1_492' title='bbox 2735 1448 3112 1526; x_wconf 70' lang='grc' dir='ltr'><strong>Ἀλεξανδρέων</strong></span> <span class='ocrx_word' id='word_1_493' title='bbox 3171 1453 3406 1508; x_wconf 73' lang='grc' dir='ltr'><strong>ἀνέθεντο</strong></span> <span class='ocrx_word' id='word_1_494' title='bbox 3459 1461 3520 1508; x_wconf 86' lang='grc' dir='ltr'><strong>τὸ</strong></span> <span class='ocrx_word' id='word_1_495' title='bbox 3586 1460 3838 1530; x_wconf 83' lang='grc' dir='ltr'><strong>πραχθέν.</strong></span> <span class='ocrx_word' id='word_1_496' title='bbox 3878 1460 3918 1512; x_wconf 87' lang='lat'><strong>&#39;0</strong></span> 
     </span>
    </p>
   </div>
   <div class='ocr_carea' id='block_1_73' title="bbox 2356 1533 3916 1618">
    <p class='ocr_par' dir='ltr' id='par_1_73' title="bbox 2356 1533 3916 1618">
     <span class='ocr_line' id='line_1_73' title="bbox 2356 1533 3916 1618; baseline 0.008 -30"><span class='ocrx_word' id='word_1_497' title='bbox 2356 1533 2417 1589; x_wconf 73' lang='grc' dir='ltr'><strong>δε</strong></span> <span class='ocrx_word' id='word_1_498' title='bbox 2458 1539 2636 1608; x_wconf 87' lang='grc' dir='ltr'><strong>μαθὼν</strong></span> <span class='ocrx_word' id='word_1_499' title='bbox 2691 1544 2782 1592; x_wconf 78' lang='grc' dir='ltr'><strong>καί</strong></span> <span class='ocrx_word' id='word_1_500' title='bbox 2829 1537 2877 1592; x_wconf 91' lang='grc' dir='ltr'><strong>ἐν</strong></span> <span class='ocrx_word' id='word_1_501' title='bbox 2934 1539 3178 1604; x_wconf 80' lang='grc' dir='ltr'><strong>ἐκπλήξει</strong></span> <span class='ocrx_word' id='word_1_502' title='bbox 3228 1548 3336 1606; x_wconf 80' lang='grc' dir='ltr'><strong>τοῖς</strong></span> <span class='ocrx_word' id='word_1_503' title='bbox 3385 1550 3767 1618; x_wconf 65' lang='grc' dir='ltr'><strong>πεπραγμένοις</strong></span> <span class='ocrx_word' id='word_1_504' title='bbox 3813 1554 3916 1617; x_wconf 73' lang='grc' dir='ltr'><strong>γινέ-</strong></span> 
     </span>
    </p>
   </div>
   <div class='ocr_carea' id='block_1_74' title="bbox 2353 1627 3915 1709">
    <p class='ocr_par' dir='ltr' id='par_1_74' title="bbox 2353 1627 3915 1709">
     <span class='ocr_line' id='line_1_74' title="bbox 2353 1627 3915 1709; baseline 0.008 -32"><span class='ocrx_word' id='word_1_505' title='bbox 2353 1644 2519 1697; x_wconf 84' lang='grc' dir='ltr'><strong>μενος,</strong></span> <span class='ocrx_word' id='word_1_506' title='bbox 2583 1634 2646 1699; x_wconf 76' lang='grc' dir='ltr'><strong>τῇ</strong></span> <span class='ocrx_word' id='word_1_507' title='bbox 2717 1627 3008 1702; x_wconf 76' lang='grc' dir='ltr'><strong>Ἐκκλησία</strong></span> <span class='ocrx_word' id='word_1_508' title='bbox 3082 1629 3344 1685; x_wconf 83' lang='grc' dir='ltr'><strong>ἐκοινοῦτο</strong></span> <span class='ocrx_word' id='word_1_509' title='bbox 3408 1637 3504 1692; x_wconf 75' lang='grc' dir='ltr'><strong>τὴν</strong></span> <span class='ocrx_word' id='word_1_510' title='bbox 3565 1636 3774 1709; x_wconf 81' lang='grc' dir='ltr'><strong>πρᾶξιν.</strong></span> <span class='ocrx_word' id='word_1_511' title='bbox 3844 1643 3915 1690; x_wconf 71' lang='grc' dir='ltr'><strong>Καὶ</strong></span> 
     </span>
    </p>
   </div>
   <div class='ocr_carea' id='block_1_75' title="bbox 2354 1713 3917 1800">
    <p class='ocr_par' dir='ltr' id='par_1_75' title="bbox 2354 1713 3917 1800">
     <span class='ocr_line' id='line_1_75' title="bbox 2354 1713 3917 1800; baseline 0.006 -34"><span class='ocrx_word' id='word_1_512' title='bbox 2354 1718 2515 1788; x_wconf 76' lang='grc' dir='ltr'><strong>ταύτῃ</strong></span> <span class='ocrx_word' id='word_1_513' title='bbox 2557 1713 2728 1769; x_wconf 78' lang='grc' dir='ltr'><strong>ἐδόκει</strong></span> <span class='ocrx_word' id='word_1_514' title='bbox 2755 1722 2846 1770; x_wconf 84' lang='grc' dir='ltr'><strong>καὶ</strong></span> <span class='ocrx_word' id='word_1_515' title='bbox 2890 1727 2961 1790; x_wconf 83' lang='grc' dir='ltr'><strong>τῷ</strong></span> <span class='ocrx_word' id='word_1_516' title='bbox 2992 1716 3150 1773; x_wconf 85' lang='grc' dir='ltr'><strong>ύδατι</strong></span> <span class='ocrx_word' id='word_1_517' title='bbox 3191 1719 3472 1776; x_wconf 89' lang='grc' dir='ltr'><strong>ἐπικλύσαι</strong></span> <span class='ocrx_word' id='word_1_518' title='bbox 3503 1722 3554 1786; x_wconf 85' lang='grc' dir='ltr'><strong>ἐς</strong></span> <span class='ocrx_word' id='word_1_519' title='bbox 3605 1725 3811 1800; x_wconf 81' lang='grc' dir='ltr'><strong>ὕστερον</strong></span> <span class='ocrx_word' id='word_1_520' title='bbox 3843 1733 3917 1783; x_wconf 70' lang='grc' dir='ltr'><strong>τὴν</strong></span> 
     </span>
    </p>
   </div>
   <div class='ocr_carea' id='block_1_76' title="bbox 2352 1805 3918 1884">
    <p class='ocr_par' dir='ltr' id='par_1_76' title="bbox 2352 1805 3918 1884">
     <span class='ocr_line' id='line_1_76' title="bbox 2352 1805 3918 1884; baseline 0.008 -27"><span class='ocrx_word' id='word_1_521' title='bbox 2352 1812 2447 1869; x_wconf 82' lang='grc' dir='ltr'><strong>τῆς</strong></span> <span class='ocrx_word' id='word_1_522' title='bbox 2503 1805 2816 1868; x_wconf 83' lang='grc' dir='ltr'><strong>Ἐκκλησίας</strong></span> <span class='ocrx_word' id='word_1_523' title='bbox 2872 1806 3192 1882; x_wconf 77' lang='grc' dir='ltr'><strong>παράδοσιν,</strong></span> <span class='ocrx_word' id='word_1_524' title='bbox 3250 1819 3322 1882; x_wconf 82' lang='grc' dir='ltr'><strong>τῷ</strong></span> <span class='ocrx_word' id='word_1_525' title='bbox 3387 1811 3552 1884; x_wconf 81' lang='grc' dir='ltr'><strong>λοιπῷ</strong></span> <span class='ocrx_word' id='word_1_526' title='bbox 3603 1823 3696 1876; x_wconf 79' lang='grc' dir='ltr'><strong>τῆς</strong></span> <span class='ocrx_word' id='word_1_527' title='bbox 3751 1815 3918 1878; x_wconf 77' lang='grc' dir='ltr'><strong>τελετῆς</strong></span> 
     </span>
    </p>
   </div>
   <div class='ocr_carea' id='block_1_77' title="bbox 2355 1892 3917 1970">
    <p class='ocr_par' dir='ltr' id='par_1_77' title="bbox 2355 1892 3917 1970">
     <span class='ocr_line' id='line_1_77' title="bbox 2355 1892 3917 1970; baseline 0.008 -25"><span class='ocrx_word' id='word_1_528' title='bbox 2355 1892 2716 1968; x_wconf 82' lang='grc' dir='ltr'><strong>ἀρκεσθεῖσαν.</strong></span> <span class='ocrx_word' id='word_1_529' title='bbox 2781 1895 2997 1960; x_wconf 84' lang='grc' dir='ltr'><strong>Ἐπίσης</strong></span> <span class='ocrx_word' id='word_1_530' title='bbox 3045 1895 3106 1951; x_wconf 71' lang='grc' dir='ltr'><strong>δὲ</strong></span> <span class='ocrx_word' id='word_1_531' title='bbox 3165 1901 3406 1970; x_wconf 73' lang='grc' dir='ltr'><strong>γενέσθαι</strong></span> <span class='ocrx_word' id='word_1_532' title='bbox 3463 1907 3550 1955; x_wconf 81' lang='grc' dir='ltr'><strong>καί</strong></span> <span class='ocrx_word' id='word_1_533' title='bbox 3608 1904 3688 1956; x_wconf 80' lang='grc' dir='ltr'><strong>ἐπ’</strong></span> <span class='ocrx_word' id='word_1_534' title='bbox 3732 1905 3917 1957; x_wconf 76' lang='grc' dir='ltr'><strong>Ἀθανα-</strong></span> 
     </span>
    </p>
   </div>
   <div class='ocr_carea' id='block_1_78' title="bbox 2355 1984 3915 2062">
    <p class='ocr_par' dir='ltr' id='par_1_78' title="bbox 2355 1984 3915 2062">
     <span class='ocr_line' id='line_1_78' title="bbox 2355 1984 3915 2062; baseline 0.007 -28"><span class='ocrx_word' id='word_1_535' title='bbox 2355 1987 2472 2034; x_wconf 90' lang='grc' dir='ltr'><strong>σίου</strong></span> <span class='ocrx_word' id='word_1_536' title='bbox 2510 1992 2600 2035; x_wconf 84' lang='grc' dir='ltr'><strong>τοῦ</strong></span> <span class='ocrx_word' id='word_1_537' title='bbox 2637 1984 2863 2056; x_wconf 76' lang='grc' dir='ltr'><strong>μεγάλου</strong></span> <span class='ocrx_word' id='word_1_538' title='bbox 2905 1987 3198 2062; x_wconf 81' lang='grc' dir='ltr'><strong>ἱστόρηται.</strong></span> <span class='ocrx_word' id='word_1_539' title='bbox 3241 1988 3394 2042; x_wconf 84' lang='grc' dir='ltr'><strong>Ἀλλὰ</strong></span> <span class='ocrx_word' id='word_1_540' title='bbox 3431 1997 3523 2042; x_wconf 82' lang='grc' dir='ltr'><strong>καί</strong></span> <span class='ocrx_word' id='word_1_541' title='bbox 3584 1990 3635 2043; x_wconf 89' lang='grc' dir='ltr'><strong>ἐν</strong></span> <span class='ocrx_word' id='word_1_542' title='bbox 3682 2000 3782 2054; x_wconf 84' lang='grc' dir='ltr'><strong>τοῖς</strong></span> <span class='ocrx_word' id='word_1_543' title='bbox 3826 1995 3915 2045; x_wconf 77' lang='grc' dir='ltr'><strong>καθ’</strong></span> 
     </span>
    </p>
   </div>
   <div class='ocr_carea' id='block_1_79' title="bbox 2352 2073 3916 2156">
    <p class='ocr_par' dir='ltr' id='par_1_79' title="bbox 2352 2073 3916 2156">
     <span class='ocr_line' id='line_1_79' title="bbox 2352 2073 3916 2156; baseline 0.008 -34"><span class='ocrx_word' id='word_1_544' title='bbox 2352 2073 2491 2143; x_wconf 77' lang='grc' dir='ltr'><strong>ἡμᾶς</strong></span> <span class='ocrx_word' id='word_1_545' title='bbox 2547 2075 2760 2148; x_wconf 86' lang='grc' dir='ltr'><strong>χρόνοις</strong></span> <span class='ocrx_word' id='word_1_546' title='bbox 2817 2079 3050 2128; x_wconf 83' lang='grc' dir='ltr'><strong>τοιοῦτον</strong></span> <span class='ocrx_word' id='word_1_547' title='bbox 3100 2095 3153 2129; x_wconf 89' lang='grc' dir='ltr'><strong>τι</strong></span> <span class='ocrx_word' id='word_1_548' title='bbox 3197 2083 3464 2151; x_wconf 77' lang='grc' dir='ltr'><strong>γενόμενον</strong></span> <span class='ocrx_word' id='word_1_549' title='bbox 3519 2082 3759 2153; x_wconf 73' lang='grc' dir='ltr'><strong>ἔγνωμεν.</strong></span> <span class='ocrx_word' id='word_1_550' title='bbox 3815 2088 3916 2156; x_wconf 81' lang='grc' dir='ltr'><strong>Χρι-</strong></span> 
     </span>
    </p>
   </div>
   <div class='ocr_carea' id='block_1_80' title="bbox 2354 2163 3916 2242">
    <p class='ocr_par' dir='ltr' id='par_1_80' title="bbox 2354 2163 3916 2242">
     <span class='ocr_line' id='line_1_80' title="bbox 2354 2163 3916 2242; baseline 0.008 -30"><span class='ocrx_word' id='word_1_551' title='bbox 2354 2171 2572 2214; x_wconf 84' lang='grc' dir='ltr'><strong>στιανῶν</strong></span> <span class='ocrx_word' id='word_1_552' title='bbox 2615 2169 2800 2216; x_wconf 83' lang='grc' dir='ltr'><strong>παισὶν</strong></span> <span class='ocrx_word' id='word_1_553' title='bbox 2828 2163 3076 2242; x_wconf 80' lang='grc' dir='ltr'><strong>Ἐϐραίων</strong></span> <span class='ocrx_word' id='word_1_554' title='bbox 3106 2174 3233 2229; x_wconf 86' lang='grc' dir='ltr'><strong>παῖς</strong></span> <span class='ocrx_word' id='word_1_555' title='bbox 3273 2175 3548 2241; x_wconf 88' lang='grc' dir='ltr'><strong>συνόμιλος</strong></span> <span class='ocrx_word' id='word_1_556' title='bbox 3581 2167 3666 2229; x_wconf 77' lang='grc' dir='ltr'><strong>ἦν.</strong></span> <span class='ocrx_word' id='word_1_557' title='bbox 3718 2171 3841 2225; x_wconf 76' lang='grc' dir='ltr'><strong>Ἐπεὶ</strong></span> <span class='ocrx_word' id='word_1_558' title='bbox 3872 2168 3916 2225; x_wconf 78' lang='grc' dir='ltr'><strong>δι</strong></span> 
     </span>
    </p>
   </div>
   <div class='ocr_carea' id='block_1_81' title="bbox 2351 2251 3913 2332">
    <p class='ocr_par' dir='ltr' id='par_1_81' title="bbox 2351 2251 3913 2332">
     <span class='ocr_line' id='line_1_81' title="bbox 2351 2251 3913 2332; baseline 0.007 -30"><span class='ocrx_word' id='word_1_559' title='bbox 2351 2257 2412 2322; x_wconf 73' lang='grc' dir='ltr'><strong>τῇ</strong></span> <span class='ocrx_word' id='word_1_560' title='bbox 2458 2251 2691 2324; x_wconf 77' lang='grc' dir='ltr'><strong>παραλίᾳ</strong></span> <span class='ocrx_word' id='word_1_561' title='bbox 2734 2262 3131 2326; x_wconf 75' lang='grc' dir='ltr'><strong>προσοικοῦντες</strong></span> <span class='ocrx_word' id='word_1_562' title='bbox 3187 2257 3450 2330; x_wconf 78' lang='grc' dir='ltr'><strong>κολυμϐᾷν</strong></span> <span class='ocrx_word' id='word_1_563' title='bbox 3498 2260 3712 2321; x_wconf 78' lang='grc' dir='ltr'><strong>ἐκείνοις</strong></span> <span class='ocrx_word' id='word_1_564' title='bbox 3757 2259 3875 2332; x_wconf 71' lang='grc' dir='ltr'><strong>ἐπῇιι</strong></span> <span class='ocrx_word' id='word_1_565' title='bbox 3902 2282 3913 2295; x_wconf 88' lang='grc'><strong>·</strong></span> 
     </span>
    </p>
   </div>
   <div class='ocr_carea' id='block_1_82' title="bbox 2353 2337 3912 2420">
    <p class='ocr_par' dir='ltr' id='par_1_82' title="bbox 2353 2337 3912 2420">
     <span class='ocr_line' id='line_1_82' title="bbox 2353 2337 3912 2420; baseline 0.007 -29"><span class='ocrx_word' id='word_1_566' title='bbox 2353 2344 2619 2392; x_wconf 84' lang='grc' dir='ltr'><strong>συνείπετο</strong></span> <span class='ocrx_word' id='word_1_567' title='bbox 2664 2337 2723 2394; x_wconf 67' lang='grc' dir='ltr'><strong>δὲ</strong></span> <span class='ocrx_word' id='word_1_568' title='bbox 2781 2348 2872 2395; x_wconf 83' lang='grc' dir='ltr'><strong>καὶ</strong></span> <span class='ocrx_word' id='word_1_569' title='bbox 2931 2344 2958 2396; x_wconf 92' lang='lat'><strong>6</strong></span> <span class='ocrx_word' id='word_1_570' title='bbox 3012 2343 3065 2408; x_wconf 83' lang='grc' dir='ltr'><strong>ἐξ</strong></span> <span class='ocrx_word' id='word_1_571' title='bbox 3119 2343 3368 2420; x_wconf 84' lang='grc' dir='ltr'><strong>Ἐϐραίων</strong></span> <span class='ocrx_word' id='word_1_572' title='bbox 3425 2356 3574 2414; x_wconf 85' lang='grc' dir='ltr'><strong>παῖς,</strong></span> <span class='ocrx_word' id='word_1_573' title='bbox 3646 2357 3812 2402; x_wconf 88' lang='grc' dir='ltr'><strong>τοῦτον</strong></span> <span class='ocrx_word' id='word_1_574' title='bbox 3861 2346 3912 2408; x_wconf 76' lang='grc' dir='ltr'><strong>δὴ</strong></span> 
     </span>
    </p>
   </div>
   <div class='ocr_carea' id='block_1_83' title="bbox 2351 2429 3916 2512">
    <p class='ocr_par' dir='ltr' id='par_1_83' title="bbox 2351 2429 3916 2512">
     <span class='ocr_line' id='line_1_83' title="bbox 2351 2429 3916 2512; baseline 0.006 -32"><span class='ocrx_word' id='word_1_575' title='bbox 2351 2432 2624 2492; x_wconf 79' lang='grc' dir='ltr'><strong>παίζοντες</strong></span> <span class='ocrx_word' id='word_1_576' title='bbox 2671 2433 2720 2483; x_wconf 79' lang='lat' dir='ltr'><strong>oi</strong></span> <span class='ocrx_word' id='word_1_577' title='bbox 2783 2429 2988 2497; x_wconf 85' lang='grc' dir='ltr'><strong>παῖδες,</strong></span> <span class='ocrx_word' id='word_1_578' title='bbox 3046 2438 3242 2506; x_wconf 76' lang='grc' dir='ltr'><strong>γυμνόν</strong></span> <span class='ocrx_word' id='word_1_579' title='bbox 3303 2443 3366 2508; x_wconf 75' lang='grc' dir='ltr'><strong>τῇ</strong></span> <span class='ocrx_word' id='word_1_580' title='bbox 3438 2437 3684 2512; x_wconf 78' lang='grc' dir='ltr'><strong>θαλάσση</strong></span> <span class='ocrx_word' id='word_1_581' title='bbox 3748 2439 3916 2492; x_wconf 78' lang='grc' dir='ltr'><strong>ἑστῶτα</strong></span> 
     </span>
    </p>
   </div>
   <div class='ocr_carea' id='block_1_84' title="bbox 2351 2515 3916 2598">
    <p class='ocr_par' dir='ltr' id='par_1_84' title="bbox 2351 2515 3916 2598">
     <span class='ocr_line' id='line_1_84' title="bbox 2351 2515 3916 2598; baseline 0.007 -29"><span class='ocrx_word' id='word_1_582' title='bbox 2351 2515 2648 2588; x_wconf 78' lang='grc' dir='ltr'><strong>ἐϐάπτιζον,</strong></span> <span class='ocrx_word' id='word_1_583' title='bbox 2693 2519 2876 2574; x_wconf 87' lang='grc' dir='ltr'><strong>ἐκόντα</strong></span> <span class='ocrx_word' id='word_1_584' title='bbox 2917 2527 3164 2597; x_wconf 86' lang='grc' dir='ltr'><strong>πρότερον</strong></span> <span class='ocrx_word' id='word_1_585' title='bbox 3213 2527 3563 2598; x_wconf 76' lang='grc' dir='ltr'><strong>καταθέμενον</strong></span> <span class='ocrx_word' id='word_1_586' title='bbox 3598 2545 3611 2558; x_wconf 76' lang='grc' dir='ltr'><strong>ο</strong></span> <span class='ocrx_word' id='word_1_587' title='bbox 3653 2531 3719 2590; x_wconf 82' lang='grc' dir='ltr'><strong>ὡς</strong></span> <span class='ocrx_word' id='word_1_588' title='bbox 3765 2525 3817 2581; x_wconf 75' lang='grc' dir='ltr'><strong>δέ</strong></span> <span class='ocrx_word' id='word_1_589' title='bbox 3847 2534 3916 2580; x_wconf 78' lang='grc' dir='ltr'><strong>καὶ</strong></span> 
     </span>
    </p>
   </div>
   <div class='ocr_carea' id='block_1_85' title="bbox 2349 2610 3915 2680">
    <p class='ocr_par' dir='ltr' id='par_1_85' title="bbox 2349 2610 3915 2680">
     <span class='ocr_line' id='line_1_85' title="bbox 2349 2610 3915 2680; baseline 0.006 -22"><span class='ocrx_word' id='word_1_590' title='bbox 2349 2611 2444 2665; x_wconf 81' lang='grc' dir='ltr'><strong>τὴν</strong></span> <span class='ocrx_word' id='word_1_591' title='bbox 2500 2613 2710 2680; x_wconf 82' lang='grc' dir='ltr'><strong>τριττὴν</strong></span> <span class='ocrx_word' id='word_1_592' title='bbox 2766 2612 2836 2671; x_wconf 83' lang='grc' dir='ltr'><strong>ὡς</strong></span> <span class='ocrx_word' id='word_1_593' title='bbox 2886 2612 3000 2672; x_wconf 82' lang='grc' dir='ltr'><strong>ἔθος</strong></span> <span class='ocrx_word' id='word_1_594' title='bbox 3046 2610 3318 2671; x_wconf 82' lang='grc' dir='ltr'><strong>ἐπίκλησιν</strong></span> <span class='ocrx_word' id='word_1_595' title='bbox 3376 2623 3472 2674; x_wconf 84' lang='grc' dir='ltr'><strong>τῆν</strong></span> <span class='ocrx_word' id='word_1_596' title='bbox 3539 2618 3794 2679; x_wconf 77' lang='grc' dir='ltr'><strong>θεότητος,</strong></span> <span class='ocrx_word' id='word_1_597' title='bbox 3843 2622 3915 2669; x_wconf 82' lang='grc' dir='ltr'><strong>καὶ</strong></span> 
     </span>
    </p>
   </div>
   <div class='ocr_carea' id='block_1_86' title="bbox 2350 2697 3910 2778">
    <p class='ocr_par' dir='ltr' id='par_1_86' title="bbox 2350 2697 3910 2778">
     <span class='ocr_line' id='line_1_86' title="bbox 2350 2697 3910 2778; baseline 0.007 -31"><span class='ocrx_word' id='word_1_598' title='bbox 2350 2701 2443 2754; x_wconf 80' lang='grc' dir='ltr'><strong>τὴν</strong></span> <span class='ocrx_word' id='word_1_599' title='bbox 2494 2699 2616 2755; x_wconf 80' lang='grc' dir='ltr'><strong>ἴσην</strong></span> <span class='ocrx_word' id='word_1_600' title='bbox 2672 2697 2969 2752; x_wconf 77' lang='grc' dir='ltr'><strong>κατάδυσιν</strong></span> <span class='ocrx_word' id='word_1_601' title='bbox 3019 2701 3258 2775; x_wconf 77' lang='grc' dir='ltr'><strong>ἐπραξόν,</strong></span> <span class='ocrx_word' id='word_1_602' title='bbox 3309 2706 3368 2756; x_wconf 88' lang='grc' dir='ltr'><strong>τὸ</strong></span> <span class='ocrx_word' id='word_1_603' title='bbox 3421 2705 3478 2757; x_wconf 75' lang='grc' dir='ltr'><strong>ἐκ</strong></span> <span class='ocrx_word' id='word_1_604' title='bbox 3527 2703 3670 2758; x_wconf 87' lang='grc' dir='ltr'><strong>λίνου</strong></span> <span class='ocrx_word' id='word_1_605' title='bbox 3723 2709 3910 2778; x_wconf 77' lang='grc' dir='ltr'><strong>ἔσχατον</strong></span> 
     </span>
    </p>
   </div>
   <div class='ocr_carea' id='block_1_87' title="bbox 2349 2785 3912 2867">
    <p class='ocr_par' dir='ltr' id='par_1_87' title="bbox 2349 2785 3912 2867">
     <span class='ocr_line' id='line_1_87' title="bbox 2349 2785 3912 2867; baseline 0.007 -31"><span class='ocrx_word' id='word_1_606' title='bbox 2349 2785 2568 2858; x_wconf 74' lang='grc' dir='ltr'><strong>ὕφασμα</strong></span> <span class='ocrx_word' id='word_1_607' title='bbox 2617 2785 2690 2848; x_wconf 80' lang='grc' dir='ltr'><strong>εἰς</strong></span> <span class='ocrx_word' id='word_1_608' title='bbox 2757 2791 2887 2862; x_wconf 89' lang='grc' dir='ltr'><strong>μέρη</strong></span> <span class='ocrx_word' id='word_1_609' title='bbox 2955 2786 3263 2861; x_wconf 86' lang='grc' dir='ltr'><strong>διελόμενοι,</strong></span> <span class='ocrx_word' id='word_1_610' title='bbox 3322 2791 3625 2864; x_wconf 82' lang='grc' dir='ltr'><strong>συμϐόλαια</strong></span> <span class='ocrx_word' id='word_1_611' title='bbox 3682 2801 3771 2856; x_wconf 75' lang='grc' dir='ltr'><strong>τῆς</strong></span> <span class='ocrx_word' id='word_1_612' title='bbox 3819 2801 3912 2867; x_wconf 76' lang='grc' dir='ltr'><strong>περὶ</strong></span> 
     </span>
    </p>
   </div>
   <div class='ocr_carea' id='block_1_88' title="bbox 2347 2875 3913 2955">
    <p class='ocr_par' dir='ltr' id='par_1_88' title="bbox 2347 2875 3913 2955">
     <span class='ocr_line' id='line_1_88' title="bbox 2347 2875 3913 2955; baseline 0.006 -31"><span class='ocrx_word' id='word_1_613' title='bbox 2347 2875 2414 2924; x_wconf 82' lang='grc' dir='ltr'><strong>τὰ</strong></span> <span class='ocrx_word' id='word_1_614' title='bbox 2469 2880 2685 2926; x_wconf 88' lang='grc' dir='ltr'><strong>τοιαῦτα</strong></span> <span class='ocrx_word' id='word_1_615' title='bbox 2729 2877 2935 2928; x_wconf 81' lang='grc' dir='ltr'><strong>ἐποίουν</strong></span> <span class='ocrx_word' id='word_1_616' title='bbox 2980 2875 3236 2942; x_wconf 76' lang='grc' dir='ltr'><strong>ἀναϐολῆς</strong></span> <span class='ocrx_word' id='word_1_617' title='bbox 3267 2895 3281 2909; x_wconf 81' lang='grc'>⁶</span> <span class='ocrx_word' id='word_1_618' title='bbox 3332 2887 3419 2932; x_wconf 77' lang='grc' dir='ltr'><strong>καὶ</strong></span> <span class='ocrx_word' id='word_1_619' title='bbox 3461 2882 3593 2955; x_wconf 70' lang='grc' dir='ltr'><strong>ύπερ</strong></span> <span class='ocrx_word' id='word_1_620' title='bbox 3631 2883 3828 2955; x_wconf 68' lang='grc' dir='ltr'><strong>κεφαλῆς</strong></span> <span class='ocrx_word' id='word_1_621' title='bbox 3866 2886 3913 2934; x_wconf 83' lang='grc' dir='ltr'><strong>τὸ</strong></span> 
     </span>
    </p>
   </div>
   <div class='ocr_carea' id='block_1_89' title="bbox 2345 2962 3909 3046">
    <p class='ocr_par' dir='ltr' id='par_1_89' title="bbox 2345 2962 3909 3046">
     <span class='ocr_line' id='line_1_89' title="bbox 2345 2962 3909 3046; baseline 0.006 -33"><span class='ocrx_word' id='word_1_622' title='bbox 2345 2966 2602 3034; x_wconf 86' lang='grc' dir='ltr'><strong>μυστικὸν</strong></span> <span class='ocrx_word' id='word_1_623' title='bbox 2653 2965 2837 3037; x_wconf 87' lang='grc' dir='ltr'><strong>κράνος</strong></span> <span class='ocrx_word' id='word_1_624' title='bbox 2875 2962 2930 3018; x_wconf 84' lang='grc' dir='ltr'><strong>εύ</strong></span> <span class='ocrx_word' id='word_1_625' title='bbox 2980 2966 3120 3038; x_wconf 84' lang='grc' dir='ltr'><strong>μάλα</strong></span> <span class='ocrx_word' id='word_1_626' title='bbox 3158 2965 3394 3024; x_wconf 84' lang='grc' dir='ltr'><strong>ἐτύπουν.</strong></span> <span class='ocrx_word' id='word_1_627' title='bbox 3451 2967 3568 3024; x_wconf 79' lang='grc' dir='ltr'><strong>Εἶτ’</strong></span> <span class='ocrx_word' id='word_1_628' title='bbox 3611 2969 3722 3025; x_wconf 74' lang='grc' dir='ltr'><strong>ἀντὶ</strong></span> <span class='ocrx_word' id='word_1_629' title='bbox 3758 2976 3909 3046; x_wconf 74' lang='grc' dir='ltr'><strong>κηρίον</strong></span> 
     </span>
    </p>
   </div>
   <div class='ocr_carea' id='block_1_90' title="bbox 2345 3049 3911 3134">
    <p class='ocr_par' dir='ltr' id='par_1_90' title="bbox 2345 3049 3911 3134">
     <span class='ocr_line' id='line_1_90' title="bbox 2345 3049 3911 3134; baseline 0.006 -31"><span class='ocrx_word' id='word_1_630' title='bbox 2345 3056 2439 3110; x_wconf 82' lang='grc' dir='ltr'><strong>τὴν</strong></span> <span class='ocrx_word' id='word_1_631' title='bbox 2496 3049 2670 3114; x_wconf 80' lang='grc' dir='ltr'><strong>δεξιὰν</strong></span> <span class='ocrx_word' id='word_1_632' title='bbox 2725 3053 2891 3126; x_wconf 83' lang='grc' dir='ltr'><strong>λεπτῷ</strong></span> <span class='ocrx_word' id='word_1_633' title='bbox 2942 3054 3076 3127; x_wconf 79' lang='grc' dir='ltr'><strong>ξύλῳ</strong></span> <span class='ocrx_word' id='word_1_634' title='bbox 3124 3057 3448 3124; x_wconf 80' lang='grc' dir='ltr'><strong>ὁπλίσαντες,</strong></span> <span class='ocrx_word' id='word_1_635' title='bbox 3490 3063 3561 3112; x_wconf 82' lang='grc' dir='ltr'><strong>τὰ</strong></span> <span class='ocrx_word' id='word_1_636' title='bbox 3601 3069 3695 3124; x_wconf 82' lang='grc' dir='ltr'><strong>τῆς</strong></span> <span class='ocrx_word' id='word_1_637' title='bbox 3739 3080 3911 3134; x_wconf 79' lang='grc' dir='ltr'><strong>μυσταο</strong></span> 
     </span>
    </p>
   </div>
   <div class='ocr_carea' id='block_1_91' title="bbox 2343 3141 3910 3221">
    <p class='ocr_par' dir='ltr' id='par_1_91' title="bbox 2343 3141 3910 3221">
     <span class='ocr_line' id='line_1_91' title="bbox 2343 3141 3910 3221; baseline 0.008 -30"><span class='ocrx_word' id='word_1_638' title='bbox 2343 3145 2544 3213; x_wconf 69' lang='grc' dir='ltr'><strong>γωγίας</strong></span> <span class='ocrx_word' id='word_1_639' title='bbox 2593 3141 2799 3195; x_wconf 81' lang='grc' dir='ltr'><strong>ἅπαντα</strong></span> <span class='ocrx_word' id='word_1_640' title='bbox 2845 3142 3122 3200; x_wconf 82' lang='grc' dir='ltr'><strong>ἐπετέλουν.</strong></span> <span class='ocrx_word' id='word_1_641' title='bbox 3178 3146 3330 3209; x_wconf 88' lang='grc' dir='ltr'><strong>Τέλος</strong></span> <span class='ocrx_word' id='word_1_642' title='bbox 3387 3153 3473 3200; x_wconf 75' lang='grc' dir='ltr'><strong>καὶ</strong></span> <span class='ocrx_word' id='word_1_643' title='bbox 3533 3155 3654 3221; x_wconf 82' lang='grc' dir='ltr'><strong>περὶ</strong></span> <span class='ocrx_word' id='word_1_644' title='bbox 3702 3154 3780 3202; x_wconf 85' lang='grc' dir='ltr'><strong>τόν</strong></span> <span class='ocrx_word' id='word_1_645' title='bbox 3838 3148 3910 3219; x_wconf 73' lang='lat'><strong>67-</strong></span> 
     </span>
    </p>
   </div>
   <div class='ocr_carea' id='block_1_92' title="bbox 2343 3228 3908 3309">
    <p class='ocr_par' dir='ltr' id='par_1_92' title="bbox 2343 3228 3908 3309">
     <span class='ocr_line' id='line_1_92' title="bbox 2343 3228 3908 3309; baseline 0.006 -28"><span class='ocrx_word' id='word_1_646' title='bbox 2343 3228 2664 3302; x_wconf 75' lang='grc' dir='ltr'><strong>ψιθυροῦντα</strong></span> <span class='ocrx_word' id='word_1_647' title='bbox 2736 3237 2858 3284; x_wconf 79' lang='grc' dir='ltr'><strong>νεὼν</strong></span> <span class='ocrx_word' id='word_1_648' title='bbox 2916 3232 3196 3302; x_wconf 74' lang='grc' dir='ltr'><strong>ψάλλοντες</strong></span> <span class='ocrx_word' id='word_1_649' title='bbox 3266 3235 3594 3309; x_wconf 83' lang='grc' dir='ltr'><strong>ἐπορεύοντο.</strong></span> <span class='ocrx_word' id='word_1_650' title='bbox 3676 3244 3808 3292; x_wconf 83' lang='grc' dir='ltr'><strong>Ἐπεὶ</strong></span> <span class='ocrx_word' id='word_1_651' title='bbox 3863 3237 3908 3290; x_wconf 79' lang='grc' dir='ltr'><strong>δι</strong></span> 
     </span>
    </p>
   </div>
   <div class='ocr_carea' id='block_1_93' title="bbox 2342 3320 3904 3403">
    <p class='ocr_par' dir='ltr' id='par_1_93' title="bbox 2342 3320 3904 3403">
     <span class='ocr_line' id='line_1_93' title="bbox 2342 3320 3904 3403; baseline 0.008 -32"><span class='ocrx_word' id='word_1_652' title='bbox 2342 3325 2432 3372; x_wconf 80' lang='grc' dir='ltr'><strong>καὶ</strong></span> <span class='ocrx_word' id='word_1_653' title='bbox 2492 3320 2755 3393; x_wconf 70' lang='grc' dir='ltr'><strong>εἰσῄεσαν,</strong></span> <span class='ocrx_word' id='word_1_654' title='bbox 2827 3327 2919 3374; x_wconf 88' lang='grc' dir='ltr'><strong>τοῦ</strong></span> <span class='ocrx_word' id='word_1_655' title='bbox 2982 3327 3120 3377; x_wconf 88' lang='grc' dir='ltr'><strong>θείου</strong></span> <span class='ocrx_word' id='word_1_656' title='bbox 3179 3325 3564 3399; x_wconf 89' lang='grc' dir='ltr'><strong>μετελάμϐανον</strong></span> <span class='ocrx_word' id='word_1_657' title='bbox 3633 3325 3904 3403; x_wconf 78' lang='grc' dir='ltr'><strong>ἀντιδώρου.</strong></span> 
     </span>
    </p>
   </div>
   <div class='ocr_carea' id='block_1_94' title="bbox 2341 3407 3906 3488">
    <p class='ocr_par' dir='ltr' id='par_1_94' title="bbox 2341 3407 3906 3488">
     <span class='ocr_line' id='line_1_94' title="bbox 2341 3407 3906 3488; baseline 0.005 -28"><span class='ocrx_word' id='word_1_658' title='bbox 2341 3407 2601 3482; x_wconf 78' lang='grc' dir='ltr'><strong>Ἐπραττε</strong></span> <span class='ocrx_word' id='word_1_659' title='bbox 2651 3407 2702 3462; x_wconf 86' lang='grc' dir='ltr'><strong>δ’</strong></span> <span class='ocrx_word' id='word_1_660' title='bbox 2756 3409 2944 3475; x_wconf 85' lang='grc' dir='ltr'><strong>ἐπίσης</strong></span> <span class='ocrx_word' id='word_1_661' title='bbox 3000 3417 3092 3466; x_wconf 80' lang='grc' dir='ltr'><strong>καὶ</strong></span> <span class='ocrx_word' id='word_1_662' title='bbox 3147 3415 3173 3466; x_wconf 98' lang='lat'><strong>6</strong></span> <span class='ocrx_word' id='word_1_663' title='bbox 3225 3421 3411 3469; x_wconf 86' lang='grc' dir='ltr'><strong>νεωστὶ</strong></span> <span class='ocrx_word' id='word_1_664' title='bbox 3458 3420 3700 3488; x_wconf 89' lang='grc' dir='ltr'><strong>μυηθείς.</strong></span> <span class='ocrx_word' id='word_1_665' title='bbox 3755 3417 3831 3480; x_wconf 83' lang='grc' dir='ltr'><strong>Ὠς</strong></span> <span class='ocrx_word' id='word_1_666' title='bbox 3873 3418 3906 3468; x_wconf 85' lang='lat' dir='ltr'><strong>o&#39;</strong></span> 
     </span>
    </p>
   </div>
   <div class='ocr_carea' id='block_1_95' title="bbox 2342 3498 3906 3581">
    <p class='ocr_par' dir='ltr' id='par_1_95' title="bbox 2342 3498 3906 3581">
     <span class='ocr_line' id='line_1_95' title="bbox 2342 3498 3906 3581; baseline 0.009 -32"><span class='ocrx_word' id='word_1_667' title='bbox 2342 3500 2578 3569; x_wconf 76' lang='grc' dir='ltr'><strong>ἐγνώσθη</strong></span> <span class='ocrx_word' id='word_1_668' title='bbox 2633 3507 2704 3570; x_wconf 82' lang='grc' dir='ltr'><strong>τῷ</strong></span> <span class='ocrx_word' id='word_1_669' title='bbox 2755 3498 3142 3577; x_wconf 76' lang='grc' dir='ltr'><strong>λιιτουργοῦντι</strong></span> <span class='ocrx_word' id='word_1_670' title='bbox 3206 3506 3265 3556; x_wconf 87' lang='grc' dir='ltr'><strong>τὸ</strong></span> <span class='ocrx_word' id='word_1_671' title='bbox 3333 3502 3516 3578; x_wconf 83' lang='grc' dir='ltr'><strong>δρᾶμα</strong></span> <span class='ocrx_word' id='word_1_672' title='bbox 3588 3504 3660 3560; x_wconf 85' lang='grc' dir='ltr'><strong>δι’</strong></span> <span class='ocrx_word' id='word_1_673' title='bbox 3737 3507 3906 3581; x_wconf 72' lang='grc' dir='ltr'><strong>ἐρεύνης</strong></span> 
     </span>
    </p>
   </div>
   <div class='ocr_carea' id='block_1_96' title="bbox 2341 3589 3902 3660">
    <p class='ocr_par' dir='ltr' id='par_1_96' title="bbox 2341 3589 3902 3660">
     <span class='ocr_line' id='line_1_96' title="bbox 2341 3589 3902 3660; baseline 0.006 -22"><span class='ocrx_word' id='word_1_674' title='bbox 2341 3592 2699 3660; x_wconf 83' lang='grc' dir='ltr'><strong>ποιησαμένῳ,</strong></span> <span class='ocrx_word' id='word_1_675' title='bbox 2801 3589 2886 3643; x_wconf 78' lang='grc' dir='ltr'><strong>ἐπὶ</strong></span> <span class='ocrx_word' id='word_1_676' title='bbox 2977 3594 3069 3649; x_wconf 78' lang='grc' dir='ltr'><strong>τήν</strong></span> <span class='ocrx_word' id='word_1_677' title='bbox 3169 3597 3563 3648; x_wconf 77' lang='grc' dir='ltr'><strong>Κωνσταντίνου</strong></span> <span class='ocrx_word' id='word_1_678' title='bbox 3664 3596 3902 3655; x_wconf 73' lang='grc' dir='ltr'><strong>ἐκκλησίαν</strong></span> 
     </span>
    </p>
   </div>
   <div class='ocr_carea' id='block_1_97' title="bbox 2342 3676 3901 3753">
    <p class='ocr_par' dir='ltr' id='par_1_97' title="bbox 2342 3676 3901 3753">
     <span class='ocr_line' id='line_1_97' title="bbox 2342 3676 3901 3753; baseline 0.004 -25"><span class='ocrx_word' id='word_1_679' title='bbox 2342 3676 2575 3747; x_wconf 71' lang='grc' dir='ltr'><strong>ἀνήγετο.</strong></span> <span class='ocrx_word' id='word_1_680' title='bbox 2657 3683 2758 3732; x_wconf 76' lang='grc' dir='ltr'><strong>Καὶ</strong></span> <span class='ocrx_word' id='word_1_681' title='bbox 2841 3681 2868 3731; x_wconf 93' lang='lat'><strong>6</strong></span> <span class='ocrx_word' id='word_1_682' title='bbox 2957 3686 3079 3743; x_wconf 81' lang='grc' dir='ltr'><strong>παῖς</strong></span> <span class='ocrx_word' id='word_1_683' title='bbox 3153 3681 3532 3753; x_wconf 80' lang='grc' dir='ltr'><strong>μετεστέλλετο,</strong></span> <span class='ocrx_word' id='word_1_684' title='bbox 3609 3685 3765 3739; x_wconf 86' lang='grc' dir='ltr'><strong>πολλὰ</strong></span> <span class='ocrx_word' id='word_1_685' title='bbox 3826 3691 3901 3736; x_wconf 76' lang='grc' dir='ltr'><strong>τῶν</strong></span> 
     </span>
    </p>
   </div>
   <div class='ocr_carea' id='block_1_98' title="bbox 2339 3765 3900 3849">
    <p class='ocr_par' dir='ltr' id='par_1_98' title="bbox 2339 3765 3900 3849">
     <span class='ocr_line' id='line_1_98' title="bbox 2339 3765 3900 3849; baseline 0.005 -32"><span class='ocrx_word' id='word_1_686' title='bbox 2339 3765 2588 3838; x_wconf 84' lang='grc' dir='ltr'><strong>Ἐϐραίων</strong></span> <span class='ocrx_word' id='word_1_687' title='bbox 2674 3773 2998 3842; x_wconf 85' lang='grc' dir='ltr'><strong>πειρωμένων</strong></span> <span class='ocrx_word' id='word_1_688' title='bbox 3083 3769 3420 3842; x_wconf 76' lang='grc' dir='ltr'><strong>ἀντέχεσθαι.</strong></span> <span class='ocrx_word' id='word_1_689' title='bbox 3505 3773 3720 3849; x_wconf 80' lang='grc' dir='ltr'><strong>Ἐκρίθη</strong></span> <span class='ocrx_word' id='word_1_690' title='bbox 3805 3781 3900 3846; x_wconf 75' lang='grc' dir='ltr'><strong>γοῦν</strong></span> 
     </span>
    </p>
   </div>
   <div class='ocr_carea' id='block_1_99' title="bbox 2340 3855 3985 3936">
    <p class='ocr_par' dir='ltr' id='par_1_99' title="bbox 2340 3855 3985 3936">
     <span class='ocr_line' id='line_1_99' title="bbox 2340 3855 3985 3936; baseline 0.007 -28"><span class='ocrx_word' id='word_1_691' title='bbox 2340 3861 2425 3908; x_wconf 73' lang='grc' dir='ltr'><strong>καὶ</strong></span> <span class='ocrx_word' id='word_1_692' title='bbox 2478 3857 2560 3907; x_wconf 76' lang='grc' dir='ltr'><strong>ἐπὶ</strong></span> <span class='ocrx_word' id='word_1_693' title='bbox 2616 3859 2782 3930; x_wconf 82' lang='grc' dir='ltr'><strong>τούτῳ</strong></span> <span class='ocrx_word' id='word_1_694' title='bbox 2822 3863 2882 3911; x_wconf 89' lang='grc' dir='ltr'><strong>τό</strong></span> <span class='ocrx_word' id='word_1_695' title='bbox 2930 3855 3100 3912; x_wconf 87' lang='grc' dir='ltr'><strong>ἐνδέον</strong></span> <span class='ocrx_word' id='word_1_696' title='bbox 3163 3867 3226 3932; x_wconf 72' lang='grc' dir='ltr'><strong>τῇ</strong></span> <span class='ocrx_word' id='word_1_697' title='bbox 3295 3869 3650 3936; x_wconf 74' lang='grc' dir='ltr'><strong>μυσταγωγίᾳ</strong></span> <span class='ocrx_word' id='word_1_698' title='bbox 3711 3863 3900 3919; x_wconf 59' lang='lat' dir='ltr'><strong>baxan</strong></span> <span class='ocrx_word' id='word_1_699' title='bbox 3984 3929 3985 3932; x_wconf 22' lang='grc' dir='ltr'><strong>η</strong></span> 
     </span>
    </p>
   </div>
   <div class='ocr_carea' id='block_1_100' title="bbox 2339 3947 3900 4022">
    <p class='ocr_par' dir='ltr' id='par_1_100' title="bbox 2339 3947 3900 4022">
     <span class='ocr_line' id='line_1_100' title="bbox 2339 3947 3900 4022; baseline 0.003 -23"><span class='ocrx_word' id='word_1_700' title='bbox 2339 3955 2462 4022; x_wconf 87' lang='grc' dir='ltr'><strong>ροῦν</strong></span> <span class='ocrx_word' id='word_1_701' title='bbox 2493 3965 2506 3978; x_wconf 79' lang='grc'><strong><em>⁸</em></strong></span> <span class='ocrx_word' id='word_1_702' title='bbox 2567 3953 2656 4000; x_wconf 78' lang='grc' dir='ltr'><strong>καὶ</strong></span> <span class='ocrx_word' id='word_1_703' title='bbox 2699 3947 2766 4008; x_wconf 87' lang='grc' dir='ltr'><strong>εἰς</strong></span> <span class='ocrx_word' id='word_1_704' title='bbox 2817 3952 2978 4020; x_wconf 88' lang='grc' dir='ltr'><strong>πέρας</strong></span> <span class='ocrx_word' id='word_1_705' title='bbox 3022 3952 3078 4001; x_wconf 90' lang='grc' dir='ltr'><strong>τὸ</strong></span> <span class='ocrx_word' id='word_1_706' title='bbox 3135 3951 3308 4022; x_wconf 70' lang='grc' dir='ltr'><strong>κριθεν</strong></span> <span class='ocrx_word' id='word_1_707' title='bbox 3359 3954 3516 4022; x_wconf 72' lang='grc' dir='ltr'><strong>ἤγετο</strong></span> <span class='ocrx_word' id='word_1_708' title='bbox 3544 3970 3559 3983; x_wconf 74' lang='grc' dir='ltr'><strong>ο</strong></span> <span class='ocrx_word' id='word_1_709' title='bbox 3616 3958 3703 4007; x_wconf 78' lang='grc' dir='ltr'><strong>καί</strong></span> <span class='ocrx_word' id='word_1_710' title='bbox 3740 3955 3766 4006; x_wconf 88' lang='lat'><strong>6</strong></span> <span class='ocrx_word' id='word_1_711' title='bbox 3808 3957 3900 4011; x_wconf 79' lang='grc' dir='ltr'><strong>παῖς</strong></span> 
     </span>
    </p>
   </div>
   <div class='ocr_carea' id='block_1_101' title="bbox 2341 4038 3897 4110">
    <p class='ocr_par' dir='ltr' id='par_1_101' title="bbox 2341 4038 3897 4110">
     <span class='ocr_line' id='line_1_101' title="bbox 2341 4038 3897 4110; baseline 0.001 -19"><span class='ocrx_word' id='word_1_712' title='bbox 2341 4038 2411 4100; x_wconf 88' lang='grc' dir='ltr'><strong>ιὶς</strong></span> <span class='ocrx_word' id='word_1_713' title='bbox 2477 4039 2681 4098; x_wconf 83' lang='grc' dir='ltr'><strong>ἠλικίαν</strong></span> <span class='ocrx_word' id='word_1_714' title='bbox 2734 4041 2872 4096; x_wconf 73' lang='grc' dir='ltr'><strong>ἥκων</strong></span> <span class='ocrx_word' id='word_1_715' title='bbox 2939 4039 3218 4110; x_wconf 80' lang='grc' dir='ltr'><strong>ἱερωσύνης</strong></span> <span class='ocrx_word' id='word_1_716' title='bbox 3276 4038 3526 4096; x_wconf 74' lang='grc' dir='ltr'><strong>ἐπέϐαινε.</strong></span> <span class='ocrx_word' id='word_1_717' title='bbox 3596 4048 3695 4096; x_wconf 75' lang='grc' dir='ltr'><strong>Καὶ</strong></span> <span class='ocrx_word' id='word_1_718' title='bbox 3755 4046 3897 4094; x_wconf 77' lang='grc' dir='ltr'><strong>νεωκο-</strong></span> 
     </span>
    </p>
   </div>
   <div class='ocr_carea' id='block_1_102' title="bbox 2339 4129 3900 4204">
    <p class='ocr_par' dir='ltr' id='par_1_102' title="bbox 2339 4129 3900 4204">
     <span class='ocr_line' id='line_1_102' title="bbox 2339 4129 3900 4204; baseline 0 -24"><span class='ocrx_word' id='word_1_719' title='bbox 2339 4147 2426 4204; x_wconf 85' lang='grc' dir='ltr'><strong>ρος</strong></span> <span class='ocrx_word' id='word_1_720' title='bbox 2479 4137 2572 4183; x_wconf 89' lang='grc' dir='ltr'><strong>τοῦ</strong></span> <span class='ocrx_word' id='word_1_721' title='bbox 2623 4131 2873 4202; x_wconf 69' lang='grc' dir='ltr'><strong>μεγίστου</strong></span> <span class='ocrx_word' id='word_1_722' title='bbox 2912 4134 3039 4179; x_wconf 84' lang='grc' dir='ltr'><strong>ναοῦ</strong></span> <span class='ocrx_word' id='word_1_723' title='bbox 3095 4129 3425 4201; x_wconf 72' lang='grc' dir='ltr'><strong>ἐχρημάτιζε</strong></span> <span class='ocrx_word' id='word_1_724' title='bbox 3449 4145 3462 4160; x_wconf 75' lang='grc' dir='ltr'><strong>ο</strong></span> <span class='ocrx_word' id='word_1_725' title='bbox 3500 4137 3595 4184; x_wconf 80' lang='grc' dir='ltr'><strong>καὶ</strong></span> <span class='ocrx_word' id='word_1_726' title='bbox 3635 4131 3680 4194; x_wconf 75' lang='grc' dir='ltr'><strong>ἐς</strong></span> <span class='ocrx_word' id='word_1_727' title='bbox 3709 4134 3788 4204; x_wconf 74' lang='grc' dir='ltr'><strong>ἱμὶ</strong></span> <span class='ocrx_word' id='word_1_728' title='bbox 3837 4136 3900 4181; x_wconf 80' lang='grc' dir='ltr'><strong>νῦν</strong></span> 
     </span>
    </p>
   </div>
   <div class='ocr_carea' id='block_1_103' title="bbox 2342 4213 3891 4294">
    <p class='ocr_par' dir='ltr' id='par_1_103' title="bbox 2342 4213 3891 4294">
     <span class='ocr_line' id='line_1_103' title="bbox 2342 4213 3891 4294; baseline 0.003 -23"><span class='ocrx_word' id='word_1_729' title='bbox 2342 4219 2501 4271; x_wconf 83' lang='grc' dir='ltr'><strong>εἰσέτι</strong></span> <span class='ocrx_word' id='word_1_730' title='bbox 2555 4226 2662 4280; x_wconf 89' lang='grc' dir='ltr'><strong>τοῖς</strong></span> <span class='ocrx_word' id='word_1_731' title='bbox 2721 4216 2858 4277; x_wconf 79' lang='grc' dir='ltr'><strong>ζῶσι</strong></span> <span class='ocrx_word' id='word_1_732' title='bbox 2914 4213 3158 4272; x_wconf 85' lang='grc' dir='ltr'><strong>διατελεῖ.</strong></span> <span class='ocrx_word' id='word_1_733' title='bbox 3227 4216 3484 4272; x_wconf 79' lang='grc' dir='ltr'><strong>Ἐνταῦθα</strong></span> <span class='ocrx_word' id='word_1_734' title='bbox 3545 4217 3606 4274; x_wconf 70' lang='grc' dir='ltr'><strong>δέ</strong></span> <span class='ocrx_word' id='word_1_735' title='bbox 3657 4226 3891 4294; x_wconf 65' lang='grc' dir='ltr'><strong>νενόμενος,</strong></span> 
     </span>
    </p>
   </div>
   <div class='ocr_carea' id='block_1_104' title="bbox 2341 4307 3892 4385">
    <p class='ocr_par' dir='ltr' id='par_1_104' title="bbox 2341 4307 3892 4385">
     <span class='ocr_line' id='line_1_104' title="bbox 2341 4307 3892 4385; baseline -0.001 -24"><span class='ocrx_word' id='word_1_736' title='bbox 2341 4314 2429 4361; x_wconf 77' lang='grc' dir='ltr'><strong>καί</strong></span> <span class='ocrx_word' id='word_1_737' title='bbox 2460 4316 2520 4382; x_wconf 76' lang='grc' dir='ltr'><strong>τῇ</strong></span> <span class='ocrx_word' id='word_1_738' title='bbox 2552 4312 2704 4382; x_wconf 74' lang='grc' dir='ltr'><strong>τρίτη</strong></span> <span class='ocrx_word' id='word_1_739' title='bbox 2737 4325 2827 4378; x_wconf 91' lang='grc' dir='ltr'><strong>μοι</strong></span> <span class='ocrx_word' id='word_1_740' title='bbox 2854 4307 3013 4378; x_wconf 77' lang='grc' dir='ltr'><strong>ταύτῃ</strong></span> <span class='ocrx_word' id='word_1_741' title='bbox 3054 4310 3216 4381; x_wconf 82' lang='grc' dir='ltr'><strong>πέρας</strong></span> <span class='ocrx_word' id='word_1_742' title='bbox 3249 4315 3351 4359; x_wconf 84' lang='grc' dir='ltr'><strong>τῶν</strong></span> <span class='ocrx_word' id='word_1_743' title='bbox 3391 4309 3638 4385; x_wconf 80' lang='grc' dir='ltr'><strong>ἱστοριῶν</strong></span> <span class='ocrx_word' id='word_1_744' title='bbox 3687 4310 3892 4371; x_wconf 66' lang='grc' dir='ltr'><strong>ἐπιθήσω,</strong></span> 
     </span>
    </p>
   </div>
   <div class='ocr_carea' id='block_1_105' title="bbox 2341 4392 3889 4472">
    <p class='ocr_par' dir='ltr' id='par_1_105' title="bbox 2341 4392 3889 4472">
     <span class='ocr_line' id='line_1_105' title="bbox 2341 4392 3889 4472; baseline 0.001 -22"><span class='ocrx_word' id='word_1_745' title='bbox 2341 4403 2530 4472; x_wconf 86' lang='grc' dir='ltr'><strong>χρόνον</strong></span> <span class='ocrx_word' id='word_1_746' title='bbox 2595 4397 2918 4471; x_wconf 70' lang='grc' dir='ltr'><strong>περιεχούσῃ</strong></span> <span class='ocrx_word' id='word_1_747' title='bbox 2986 4392 3223 4468; x_wconf 75' lang='grc' dir='ltr'><strong>δεύτίρον</strong></span> <span class='ocrx_word' id='word_1_748' title='bbox 3296 4401 3422 4469; x_wconf 85' lang='grc' dir='ltr'><strong>πρὸς</strong></span> <span class='ocrx_word' id='word_1_749' title='bbox 3478 4407 3555 4470; x_wconf 82' lang='grc' dir='ltr'><strong>τῷ</strong></span> <span class='ocrx_word' id='word_1_750' title='bbox 3621 4396 3889 4468; x_wconf 73' lang='grc' dir='ltr'><strong>ἑκατοστῷ·</strong></span> 
     </span>
    </p>
   </div>
   <div class='ocr_carea' id='block_1_106' title="bbox 2343 4483 3890 4561">
    <p class='ocr_par' dir='ltr' id='par_1_106' title="bbox 2343 4483 3890 4561">
     <span class='ocr_line' id='line_1_106' title="bbox 2343 4483 3890 4561; baseline -0.001 -21"><span class='ocrx_word' id='word_1_751' title='bbox 2343 4487 2598 4561; x_wconf 77' lang='grc' dir='ltr'><strong>ἀρξαμένη</strong></span> <span class='ocrx_word' id='word_1_752' title='bbox 2654 4490 2743 4559; x_wconf 65' lang='grc' dir='ltr'><strong>μιν</strong></span> <span class='ocrx_word' id='word_1_753' title='bbox 2791 4484 2892 4537; x_wconf 80' lang='grc' dir='ltr'><strong>ἀπὸ</strong></span> <span class='ocrx_word' id='word_1_754' title='bbox 2952 4492 3049 4547; x_wconf 79' lang='grc' dir='ltr'><strong>τῆς</strong></span> <span class='ocrx_word' id='word_1_755' title='bbox 3103 4483 3279 4558; x_wconf 83' lang='grc' dir='ltr'><strong>ἀρχῆς</strong></span> <span class='ocrx_word' id='word_1_756' title='bbox 3336 4485 3511 4540; x_wconf 83' lang='grc' dir='ltr'><strong>Γάλϐα</strong></span> <span class='ocrx_word' id='word_1_757' title='bbox 3554 4494 3642 4542; x_wconf 75' lang='grc' dir='ltr'><strong>καὶ</strong></span> <span class='ocrx_word' id='word_1_758' title='bbox 3693 4489 3890 4549; x_wconf 72' lang='grc' dir='ltr'><strong>Ὄθωνος,</strong></span> 
     </span>
    </p>
   </div>
   <div class='ocr_carea' id='block_1_107' title="bbox 2339 4570 3890 4651">
    <p class='ocr_par' dir='ltr' id='par_1_107' title="bbox 2339 4570 3890 4651">
     <span class='ocr_line' id='line_1_107' title="bbox 2339 4570 3890 4651; baseline -0.011 -21"><span class='ocrx_word' id='word_1_759' title='bbox 2339 4577 2541 4651; x_wconf 76' lang='grc' dir='ltr'><strong>ληξάσῃ</strong></span> <span class='ocrx_word' id='word_1_760' title='bbox 2577 4575 2635 4630; x_wconf 69' lang='grc' dir='ltr'><strong>δέ</strong></span> <span class='ocrx_word' id='word_1_761' title='bbox 2677 4577 2810 4648; x_wconf 82' lang='grc' dir='ltr'><strong>άχρι</strong></span> <span class='ocrx_word' id='word_1_762' title='bbox 2841 4570 2909 4633; x_wconf 74' lang='grc' dir='ltr'><strong>δὴ</strong></span> <span class='ocrx_word' id='word_1_763' title='bbox 2960 4578 3050 4626; x_wconf 81' lang='grc' dir='ltr'><strong>καὶ</strong></span> <span class='ocrx_word' id='word_1_764' title='bbox 3080 4573 3198 4626; x_wconf 84' lang='grc' dir='ltr'><strong>ὅλου</strong></span> <span class='ocrx_word' id='word_1_765' title='bbox 3246 4582 3338 4636; x_wconf 75' lang='grc' dir='ltr'><strong>τῆς</strong></span> <span class='ocrx_word' id='word_1_766' title='bbox 3377 4575 3558 4650; x_wconf 73' lang='grc' dir='ltr'><strong>ἀρχῆς</strong></span> <span class='ocrx_word' id='word_1_767' title='bbox 3604 4580 3742 4639; x_wconf 65' lang='grc' dir='ltr'><strong>ἔτους</strong></span> <span class='ocrx_word' id='word_1_768' title='bbox 3785 4576 3890 4646; x_wconf 58' lang='grc' dir='ltr'><strong>περ.</strong></span> 
     </span>
    </p>
   </div>
   <div class='ocr_carea' id='block_1_108' title="bbox 2340 4664 3888 4741">
    <p class='ocr_par' dir='ltr' id='par_1_108' title="bbox 2340 4664 3888 4741">
     <span class='ocr_line' id='line_1_108' title="bbox 2340 4664 3888 4741; baseline -0.003 -20"><span class='ocrx_word' id='word_1_769' title='bbox 2340 4688 2434 4721; x_wconf 87' lang='grc' dir='ltr'><strong>κου</strong></span> <span class='ocrx_word' id='word_1_770' title='bbox 2482 4667 2692 4740; x_wconf 82' lang='grc' dir='ltr'><strong>Ούήρου</strong></span> <span class='ocrx_word' id='word_1_771' title='bbox 2738 4667 2854 4718; x_wconf 87' lang='grc' dir='ltr'><strong>υἱοῦ</strong></span> <span class='ocrx_word' id='word_1_772' title='bbox 2907 4664 3206 4718; x_wconf 85' lang='grc' dir='ltr'><strong>Ἀντωνίνου</strong></span> <span class='ocrx_word' id='word_1_773' title='bbox 3255 4672 3348 4718; x_wconf 85' lang='grc' dir='ltr'><strong>τοῦ</strong></span> <span class='ocrx_word' id='word_1_774' title='bbox 3406 4673 3619 4741; x_wconf 84' lang='grc' dir='ltr'><strong>πρώτου</strong></span> <span class='ocrx_word' id='word_1_775' title='bbox 3646 4687 3666 4704; x_wconf 86' lang='grc'><strong>·</strong></span> <span class='ocrx_word' id='word_1_776' title='bbox 3718 4666 3888 4722; x_wconf 69' lang='grc' dir='ltr'><strong>ὁπηνίκα</strong></span> 
     </span>
    </p>
   </div>
   <div class='ocr_carea' id='block_1_109' title="bbox 2339 4751 3880 4831">
    <p class='ocr_par' dir='ltr' id='par_1_109' title="bbox 2339 4751 3880 4831">
     <span class='ocr_line' id='line_1_109' title="bbox 2339 4751 3880 4831; baseline -0.005 -19"><span class='ocrx_word' id='word_1_777' title='bbox 2339 4765 2540 4831; x_wconf 86' lang='grc' dir='ltr'><strong>κόσμου</strong></span> <span class='ocrx_word' id='word_1_778' title='bbox 2602 4761 2691 4830; x_wconf 73' lang='grc' dir='ltr'><strong>μεν</strong></span> <span class='ocrx_word' id='word_1_779' title='bbox 2740 4758 2844 4816; x_wconf 77' lang='grc' dir='ltr'><strong>ἔτος</strong></span> <span class='ocrx_word' id='word_1_780' title='bbox 2887 4753 2970 4827; x_wconf 79' lang='grc' dir='ltr'><strong>εχ⁶</strong></span> <span class='ocrx_word' id='word_1_781' title='bbox 3008 4751 3230 4827; x_wconf 72' lang='grc' dir='ltr'><strong>ἕϐδομόν</strong></span> <span class='ocrx_word' id='word_1_782' title='bbox 3275 4774 3330 4809; x_wconf 92' lang='grc' dir='ltr'><strong>τε</strong></span> <span class='ocrx_word' id='word_1_783' title='bbox 3380 4761 3470 4809; x_wconf 78' lang='grc' dir='ltr'><strong>καὶ</strong></span> <span class='ocrx_word' id='word_1_784' title='bbox 3519 4755 3880 4831; x_wconf 71' lang='grc' dir='ltr'><strong>ἑϐδομηκοστόν,</strong></span> 
     </span>
    </p>
   </div>
   <div class='ocr_carea' id='block_1_110' title="bbox 2341 4844 3885 4919">
    <p class='ocr_par' dir='ltr' id='par_1_110' title="bbox 2341 4844 3885 4919">
     <span class='ocr_line' id='line_1_110' title="bbox 2341 4844 3885 4919; baseline -0.003 -18"><span class='ocrx_word' id='word_1_785' title='bbox 2341 4847 2441 4901; x_wconf 79' lang='grc' dir='ltr'><strong>ἀπὸ</strong></span> <span class='ocrx_word' id='word_1_786' title='bbox 2485 4844 2543 4901; x_wconf 77' lang='grc' dir='ltr'><strong>δε</strong></span> <span class='ocrx_word' id='word_1_787' title='bbox 2571 4855 2633 4908; x_wconf 77' lang='grc' dir='ltr'><strong>τῆ</strong></span> <span class='ocrx_word' id='word_1_788' title='bbox 2647 4866 2668 4909; x_wconf 90' lang='grc' dir='ltr'><strong>ς</strong></span> <span class='ocrx_word' id='word_1_789' title='bbox 2698 4847 2838 4908; x_wconf 86' lang='grc' dir='ltr'><strong>θείας</strong></span> <span class='ocrx_word' id='word_1_790' title='bbox 2874 4851 2965 4897; x_wconf 92' lang='grc' dir='ltr'><strong>τοῦ</strong></span> <span class='ocrx_word' id='word_1_791' title='bbox 3021 4849 3215 4919; x_wconf 74' lang='grc' dir='ltr'><strong>Κυρίου</strong></span> <span class='ocrx_word' id='word_1_792' title='bbox 3260 4850 3574 4918; x_wconf 81' lang='grc' dir='ltr'><strong>σαρκώσεως</strong></span> <span class='ocrx_word' id='word_1_793' title='bbox 3624 4849 3775 4900; x_wconf 78' lang='grc' dir='ltr'><strong>εἷτουν</strong></span> <span class='ocrx_word' id='word_1_794' title='bbox 3805 4858 3885 4913; x_wconf 69' lang='lat'><strong>70-</strong></span> 
     </span>
    </p>
   </div>
   <div class='ocr_carea' id='block_1_111' title="bbox 2337 4929 3881 5013">
    <p class='ocr_par' dir='ltr' id='par_1_111' title="bbox 2337 4929 3881 5013">
     <span class='ocr_line' id='line_1_111' title="bbox 2337 4929 3881 5013; baseline -0.006 -21"><span class='ocrx_word' id='word_1_795' title='bbox 2337 4945 2535 5002; x_wconf 82' lang='grc' dir='ltr'><strong>νήσεως</strong></span> <span class='ocrx_word' id='word_1_796' title='bbox 2584 4936 2861 4992; x_wconf 89' lang='grc' dir='ltr'><strong>ἱκατοστόν</strong></span> <span class='ocrx_word' id='word_1_797' title='bbox 2912 4939 3003 4989; x_wconf 80' lang='grc' dir='ltr'><strong>καὶ</strong></span> <span class='ocrx_word' id='word_1_798' title='bbox 3069 4931 3460 5011; x_wconf 78' lang='grc' dir='ltr'><strong>ἐϐδομηκοστὸν</strong></span> <span class='ocrx_word' id='word_1_799' title='bbox 3519 4933 3751 5013; x_wconf 80' lang='grc' dir='ltr'><strong>δεύτερον</strong></span> <span class='ocrx_word' id='word_1_800' title='bbox 3801 4929 3881 4984; x_wconf 74' lang='grc' dir='ltr'><strong>ἔτι·</strong></span> 
     </span>
    </p>
   </div>
   <div class='ocr_carea' id='block_1_112' title="bbox 2337 5035 2562 5108">
    <p class='ocr_par' dir='ltr' id='par_1_112' title="bbox 2337 5035 2562 5108">
     <span class='ocr_line' id='line_1_112' title="bbox 2337 5035 2562 5108; baseline 0.004 -25"><span class='ocrx_word' id='word_1_801' title='bbox 2337 5035 2562 5108; x_wconf 80' lang='grc' dir='ltr'><strong>ραίνετο.</strong></span> 
     </span>
    </p>
   </div>
  </div>
