4000 6220
140 283 268 337 9'77

1196 289 1773 350 ECCLESIASTICE
1811 292 2176 351 HISTOBIE
2215 296 2347 352 LIB.
2390 297 2488 352 IV.
3407 301 3514 358 978

134 412 3065 450 Μ

869 640 1794 766 ΝΙΚΗΦΟΡΟΥ
1871 644 2765 772 ΚΑΛΛΙΣΤΟΥ

1598 871 2114 922 ΧΔΝΘΟΠΟΥΛΟΥ

798 1051 2149 1141 ΕΚΚΑΗΣΙΑΣΤΙΚΗΣ
2254 1057 2868 1146 ΙΣΤΟΡΙΑ

1608 1247 1919 1313 ΤΟΜΟΣ
1972 1247 2068 1316 Δ’.

1047 1577 1852 1705 NICEPHORI
1941 1583 2595 1710 CALLISTI

1569 1823 2079 1887 XANTHOPULI

1137 2007 1946 2103 ECOLESIASTICIE
2001 2012 2498 2105 HISTORUE

1623 2255 1926 2355 TOMUS
1973 2256 2068 2357 IV

753 2578 973 2628 ΚΕΦΑΛ
987 2615 1001 2630 .
1039 2572 1124 2629 A'.
1777 2577 1824 2631 A

141 2681 548 2753 Προίκθεσις
584 2686 699 2743 τῆς
739 2678 970 2752 βίϐλου
1008 2683 1158 2754 περὶ
1197 2679 1276 2732 ὧν
1314 2681 1570 2752 εἴρηκεν
1599 2679 1742 2733 ἀνω-

215 2757 377 2804 τέοω
411 2753 440 2804 ὁ
483 2755 923 2804 συψνοαοεύς·
965 2756 1072 2804 καὶ
1109 2757 1255 2804 περὶ
1311 2752 1387 2803 ὧν
1423 2758 1533 2804 καὶ
1571 2751 1630 2804 ἄν
1668 2759 1738 2804 τῇ

215 2759 377 2825 τὲρω
411 2759 440 2804 ό
483 2759 923 2825 συγγραφεύς·
965 2759 1255 2826 καὶπερὶ
1311 2759 1387 2803 ῶν
1423 2759 1533 2804 καὶ
1571 2759 1630 2804 ίν
1668 2759 1738 2826 τῇ

219 2827 486 2898 τετάρτη
521 2821 600 2883 δη
622 2831 821 2896 ταῦτῃ
845 2833 963 2876 τῶν
992 2826 1295 2895 ἱστοριῶν
1323 2819 1738 2896 διαλήψεται.

2444 2576 2603 2647 231
2649 2574 2878 2632 CAPUT
2907 2576 2948 2631 ι.

1852 2681 2143 2755 Praefatio
2171 2682 2304 2738 libri
2326 2700 2346 2737 :
2371 2683 2442 2739 de
2472 2683 2684 2755 quibus
2713 2683 2888 2740 rebus
2917 2687 2971 2739 et
2999 2688 3169 2755 antea
3193 2682 3431 2748 dixerit,
3453 2687 3504 2740 et

2003 2753 2283 2824 deinceps
2312 2755 2375 2810 in
2402 2753 2613 2826 quin-to
2639 2755 2744 2812 hoc
2774 2756 2927 2811 libro
2951 2755 3030 2810 sit
3053 2754 3343 2811 dicturus.

213 2929 274 2984 Ἦ
305 2933 395 3003 μεν
425 2930 513 2983 οὖν
551 2939 651 2983 τῶν
691 2929 992 2983 ἀποστόλων
1033 2936 1213 3004 πρώτη
1264 2927 1300 2983 δ
1306 2927 1505 3003 ιαδοχή
1557 2933 1641 2984 ἰπὶ
1670 2940 1741 3002 τῷ

137 3022 404 3090 θεσπεσίῳ
436 3019 758 3094 Πολυκάρπῳ
795 3021 932 3092 οῖχρι
983 3017 1050 3079 δὴ
1107 3025 1198 3073 καὶ
1246 3022 1298 3081 ἐς
1349 3019 1524 3093 ἀρχὴν
1555 3019 1742 3074 Ἀντω-

128 3114 282 3162 νίνου
359 3116 451 3162 τοῦ
508 3110 751 3182 ὑστέρου,
834 3109 892 3172 ὃς
949 3114 1040 3163 καὶ
1095 3109 1378 3182 Φιλόσοφος
1442 3110 1737 3181 ὠνόμαστο,

133 3200 363 3270 Μάρκου
412 3195 471 3251 δε
501 3197 713 3274 Οὐήρου
758 3200 874 3260 υίὸς
905 3194 986 3263 ἧν,
1034 3200 1322 3273 παρετάθη.
1377 3199 1445 3252 Οἱ
1483 3201 1740 3252 θειότατοι

1920 2931 2114 2988 Prima
2141 2933 2385 3005 quidem
2431 2932 2842 3005 apostolorum
2881 2934 3180 2989 successio
3209 2933 3270 2988 in
3299 2932 3506 2990 divino

1849 3020 2202 3095 Polycarpo,
2227 3039 2415 3094 usque
2440 3022 2519 3078 ad
2537 3022 2818 3078 Antonini
2841 3022 3185 3094 posterioris
3211 3027 3502 3094 tempora,

1786 3145 1792 3186 ς
1848 3111 1952 3182 qui
1998 3116 2056 3165 et
2092 3110 2490 3181 Philosophus
2532 3111 2880 3166 nominatus
2920 3115 3028 3175 est,
3077 3116 3132 3166 et
3173 3110 3332 3166 Lucii
3371 3111 3504 3167 Veri

1849 3199 2027 3255 frater
2063 3200 2144 3272 (1)
2185 3205 2241 3255 et
2279 3201 2338 3255 in
2379 3199 2630 3271 imperio
2669 3215 2915 3256 consors
2959 3199 3086 3271 fuit,
3126 3200 3379 3256 duravit.
3422 3202 3504 3257 Ac

1848 3287 1970 3345 divi
2000 3289 2253 3360 apostoli
2283 3289 2539 3361 simplici
2566 3290 2627 3345 in
2651 3288 2924 3345 docendo
2950 3290 3218 3345 oratione
3247 3290 3354 3355 usi,
3385 3293 3507 3344 stu-

1849 3378 2161 3451 pescendis
2189 3379 2616 3435 miraculorum
2649 3378 2816 3434 factis
2846 3379 3056 3434 orbem
3097 3385 3279 3442 terrae.
3315 3379 3399 3435 ita
3443 3385 3506 3437 ut

1849 3467 2069 3531 decuit,
2102 3466 2215 3522 sibi
2254 3466 2594 3532 subdidere,
2629 3466 2852 3522 ccclesti
2885 3467 2940 3521 vi
2973 3473 3153 3537 atque
3185 3467 3418 3536 virtute,
3451 3473 3507 3524 et

1851 3557 2092 3629 spiritus
2123 3555 2738 3612 demonstrationibus
2766 3555 2973 3611 omnia
3002 3555 3342 3612 efﬁcientes.
3394 3557 3505 3622 Qui

1851 3661 1992 3702 vero
2033 3645 2119 3701 eis
2151 3659 2509 3710 successere,
2543 3645 2855 3717 aliquanto
2885 3644 2998 3700 illis
3028 3645 3354 3710 inferiores,
3387 3645 3505 3701 vir-

128 3741 253 3807 κρῷ
309 3752 411 3786 τινι
486 3728 805 3796 ἀποδέοντες,
869 3732 962 3786 οὐκ
1036 3731 1221 3794 ἐπίσης
1275 3736 1384 3805 μεν,
1459 3733 1614 3806 ἐγγὺς
1683 3731 1742 3787 δε

1855 3739 2036 3790 tutem
2063 3749 2272 3802 eorum
2301 3734 2553 3790 assecuti
2583 3749 2703 3790 non
2732 3739 2905 3789 sunt:
2931 3749 3118 3806 prope
3147 3742 3344 3790 tamen
3373 3736 3504 3791 vitae

127 3826 282 3896 ὅμως
319 3830 381 3895 τῇ
422 3821 755 3895 λαμπρότητι
781 3830 874 3875 τοῦ
914 3820 1036 3894 βίου
1068 3824 1314 3894 ἕγένοντο,
1351 3821 1486 3894 λόγῳ
1531 3820 1598 3882 δή
1641 3842 1744 3876 τινι

1855 3823 2170 3895 splendore
2201 3822 2278 3878 ad
2307 3837 2412 3880 eos
2443 3838 2767 3891 accessere,
2798 3839 2914 3878 non
2944 3823 3028 3878 ita
3058 3822 3414 3894 simplicem,
3446 3831 3508 3879 ut

130 3912 252 3984 οὐχ
294 3911 439 3983 ἁπλῷ
485 3916 822 3985 κεχρημένοι,
855 3913 1029 3987 ὥσπερ
1079 3913 1128 3964 οἱ
1157 3914 1357 3964 ἐκείνων
1398 3908 1739 3966 διδάσκαλοι.

1855 3912 2120 3981 magistri
2137 3911 2710 3978 eorum,orationem
2729 3917 3163 3967 consectantes.
3190 3914 3256 3967 Et
3277 3913 3507 3984 primus

133 4000 284 4056 Ἀλλ’
330 4002 358 4058 ἡ
559 4006 737 4075 πρώτη
790 3997 968 4074 βίϐλος
1010 4002 1134 4072 ἡμῖν
1181 4000 1352 4062 καλῶς
1393 4019 1453 4072 γε
1492 4009 1740 4067 ποιοῦσα,

1855 4017 2002 4058 sane
2039 4000 2308 4058 Historiae
2336 4002 2516 4072 hujus
2545 4000 2716 4065 liber,
2759 3999 2932 4056 sicuti
2971 4016 3083 4072 par
3119 4000 3248 4067 fuit,
3291 4001 3506 4057 Christi

133 4093 215 4144 τὰ
242 4091 380 4142 κατά
432 4093 662 4162 Χριστόν
694 4089 898 4142 ἅπαντα
949 4085 1214 4152 διεξῆλθεν
1247 4106 1259 4119 °
1294 4091 1324 4147 ἠ
1376 4086 1427 4142 δ’
1475 4088 1650 4162 ἑφεξῆς
1691 4109 1744 4144 τε

1855 4106 1947 4147 res
1972 4105 2184 4146 omnes
2213 4091 2505 4163 exposuit.
2535 4089 2866 4155 Secundus,
2898 4089 3313 4161 apostolorum
3342 4097 3397 4148 et
3421 4091 3509 4147 di-

133 3291 319 3340 τοίνυν
366 3286 653 3340 ἀπόστολοι
705 3286 850 3358 ἁπλῷ
907 3294 1003 3348 τῆς
1068 3284 1418 3349 διδασκαλίας
1481 3297 1554 3360 τῷ
1603 3287 1739 3361 λόγῳ

127 3377 492 3453 χρησάμενοι,
546 3384 664 3439 ταῖς
723 3385 822 3429 τῶν
904 3378 1179 3448 θαυμάτων
1233 3373 1554 3452 παραδόξοις
1609 3376 1737 3451 ἐνερ-

122 3470 308 3538 γείαις
358 3465 442 3538 ὑφ’
499 3465 703 3528 ἑαυτοῖς
761 3471 854 3524 τὴν
911 3465 1214 3539 οἰκουμένην
1268 3469 1336 3528 ὡς
1413 3467 1547 3528 εἰκός
1602 3466 1741 3539 ἔχει·

129 3561 348 3629 ροῠντο,
412 3556 670 3627 ὑπερτέρᾳ
752 3551 1039 3627 δυναστείᾳ
1102 3555 1240 3608 ἅπαν
1314 3551 1557 3630 δρῶντες,
1624 3562 1742 3619 ταῖς

130 3651 522 3714 πνευματικαῖς
571 3639 909 3707 ἐπιδείξεσιν.
969 3646 1036 3697 Οἱ
1087 3640 1146 3697 δε
1192 3643 1300 3715 μετ’
1341 3643 1584 3714 ἐκείνους,
1621 3664 1742 3717 σμι-

136 4184 240 4232 xui
291 4178 401 4251 μετ’
449 4177 645 4237 ἐκείνην
677 4181 741 4230 τὰ
785 4186 885 4231 τῶν
936 4179 1184 4250 μαθητῶν
1231 4177 1424 4231 ἐκείνου
1475 4183 1566 4231 καὶ
1620 4178 1745 4232 ἁπο-

140 4268 344 4322 στόλων
389 4269 461 4330 ὥς
509 4267 560 4339 γ’
609 4270 724 4326 ἐνῆν
781 4271 1076 4341 περιέσχεν.
1111 4265 1172 4320 Ἦ
1229 4263 1288 4320 δὲ
1339 4272 1488 4341 τρίτη
1542 4271 1608 4322 τὰ
1654 4277 1744 4330 τῆς

134 4363 361 4431 πρώτης
411 4357 614 4410 ἐκείνων
676 4353 951 4428 διαδοχῆς
998 4359 1266 4427 συντόμως
1318 4356 1525 4410 ἅπαντα
1577 4362 1746 4432 περιί-

136 4445 271 4501 λαϐε
300 4464 315 4478 °
345 4453 411 4519 τῇ
454 4442 504 4499 δ’
538 4444 634 4498 ἁνὰ
666 4453 854 4520 χεῖρας
877 4448 1003 4518 ἡμῖν
1033 4441 1252 4499 διελθεῖν
1280 4444 1493 4512 ἕσείται,
1525 4448 1641 4500 ὅσοι
1672 4443 1741 4507 δὴ

137 4536 257 4609 μετ’
310 4538 534 4599 ἓκείνους
586 4539 806 4608 πονηροί
856 4554 910 4588 τε
962 4539 1053 4587 καὶ
1088 4539 1296 4606 γόητες,
1335 4543 1406 4606 τῷ
1445 4534 1561 4588 καθ’
1609 4537 1744 4608 ἡμᾶς

134 4624 308 4685 δῆθεν
335 4630 599 4698 χρώμενοι
639 4621 887 4696 δόγματι,
933 4631 996 4696 τῇ
1040 4631 1276 4697 Χριστοῦ
1304 4628 1495 4696 ποίμνῃ
1531 4643 1744 4699 παρεισ-

133 4715 466 4788 εφθάρησαν,
527 4710 621 4776 Οἷς
679 4709 839 4780 δῆτα,
903 4715 1084 4786 οἷάπερ
1142 4717 1280 4766 τισίν
1337 4711 1589 4784 ὀλεθρίοις
1642 4712 1742 4784 ψυ-

139 4811 260 4876 χῶν
312 4802 549 4876 ὀργάνοις
615 4799 880 4865 διακόνοις
944 4821 997 4854 τε
1053 4800 1305 4862 ἀπωλείας
1365 4803 1391 4853 ὁ
1455 4802 1744 4873 μισόκαλος

138 4896 487 4966 κεχρημένος,
565 4891 758 4966 ἑτέραις
831 4894 1248 4964 κατεστρατήγει
1323 4887 1584 4963 μεθόδοις,
1648 4897 1742 4945 καί

140 4985 282 5035 κατὰ
324 4989 415 5042 τῆς
467 4980 778 5042 ἐκκλησίας
829 4980 1082 5041 ὡπλίζετο
1113 4999 1126 5013 ·
1177 4985 1269 5033 καὶ
1309 4981 1468 5042 ὅσους
1518 4976 1587 5039 δὴ
1645 4983 1744 5034 πά-

140 5071 224 5124 λιν
262 5073 293 5130 ἠ
335 5077 428 5124 τοῦ
481 5078 615 5125 Θεοῦ
653 5072 871 5145 πρόνοια
907 5074 1110 5133 τούτοις
1153 5068 1519 5140 ἁντικαθίστα,
1575 5069 1744 5142 λόγοις

143 5159 390 5220 ἀληθείας
448 5157 915 5231 ὶκσφενδονῶντας,
969 5165 1058 5213 καὶ
1133 5161 1198 5212 τὰ
1261 5162 1462 5212 ἐκείνων
1515 5158 1744 5234 εὐχερῶς

144 5248 634 5325 καταρῥάσσοντας,
723 5246 796 5302 δι’

148 5341 416 5413 ἀγράφων,
448 5342 581 5393 κατὰ
627 5347 726 5391 τῶν
767 5340 928 5392 άθέων
986 5343 1423 5414 στρατευομένους
1469 5342 1741 5416 αἱρέσεων.

137 5429 540 5503 ,Παραθησομαι
589 5425 642 5484 δ’
689 5427 864 5482 αὐτῶν
923 5434 1023 5480 τῶν
1091 5423 1429 5482 διδασκάλων
1509 5436 1599 5482 καὶ
1650 5432 1744 5493 τὰς

1854 4180 2222 4252 scipulorum
2251 4180 2401 4250 ejus,
2429 4185 2727 4251 quantum
2751 4177 2934 4244 licuit,
2963 4184 3134 4251 gesta
3153 4187 3508 4251 prosecutus

1853 4274 1962 4326 est.
2003 4269 2227 4325 Tertius
2265 4268 2524 4340 primam
2568 4266 2806 4323 illorum
2845 4269 3289 4325 successionem
3341 4286 3507 4326 com-

1855 4358 2144 4431 pendiose
2165 4357 2476 4413 recensuit.
2502 4357 2564 4412 ln
2590 4360 2806 4428 quarto
2833 4356 2969 4424 hoc,
2993 4357 3096 4429 qui
3124 4357 3300 4413 nobis
3332 4365 3417 4414 est
3445 4359 3508 4416 in

1854 4448 2156 4516 manibus,
2170 4445 2922 4518 commemorabimus,qui
2944 4452 3080 4518 post
3100 4447 3231 4502 illos
3249 4449 3510 4520 improbi

1854 4543 1910 4594 et
1937 4538 2313 4606 impostores,
2347 4541 2552 4591 nostra
2589 4534 2766 4590 abusi
2801 4535 3091 4600 doctrina,
3128 4537 3302 4607 282
3343 4537 3508 4607 gregi

1855 4626 2186 4683 Christiano
2213 4623 2538 4695 plurimum
2567 4623 2812 4680 attulere
2839 4623 3189 4680 detrimenti.
3218 4625 3313 4680 Eis
3336 4625 3508 4681 nimi-

1852 4731 1990 4772 rum
2022 4714 2198 4769 veluti
2237 4712 2584 4784 perniciosis
2623 4713 2964 4769 animarum
3003 4714 3412 4769 instrumentis
3452 4719 3510 4770 et

1854 4802 2207 4875 perditionis
2247 4801 2631 4866 administris,
2664 4800 2895 4857 honesti
2927 4801 3279 4873 pietatisque
3308 4803 3509 4858 inimi-

1853 4909 1959 4949 cus
1989 4891 2105 4962 ille,
2127 4907 2264 4946 cum
2295 4906 2358 4946 se
2383 4896 2590 4946 contra
2613 4889 2955 4955 Ecclesiam,
2979 4889 3141 4945 aliud
3167 4890 3295 4962 ejus
3317 4891 3510 4963 impu-

1853 4981 2112 5053 gnanda:
2143 4985 2505 5050 strategema
2534 4993 2872 5049 aggressus,
2904 4984 3184 5046 armaret,
3218 4986 3307 5037 est
3338 4997 3506 5038 usus.

1854 5074 1921 5127 Et
1949 5086 2104 5142 quos
2133 5085 2165 5125 e
2194 5069 2429 5124 diverso
2469 5067 2568 5123 Dei
2608 5067 2985 5140 providentia
3014 5067 3130 5124 illis
3160 5073 3510 5142 opposuerit

1853 5159 2038 5225 viros,
2068 5159 2171 5229 qui
2208 5163 2416 5214 contra
2452 5157 2670 5228 impias
2700 5155 2937 5212 illorum
2979 5155 3237 5214 hareses
3280 5159 3508 5215 fortiter

904 5249 1169 5322 ίγγράφων
1249 5245 1566 5312 ἀποδείξεων
1652 5255 1774 5310 καὶ,

1855 5265 1979 5305 rem
2005 5253 2296 5318 gerentes,
2318 5247 2639 5317 verbisque
2669 5246 2926 5302 veritatis
2951 5251 3315 5318 pugnantes,
3335 5248 3506 5305 facile

1854 5345 2051 5410 caspia
2100 5339 2768 5407 eorumicompressere
2817 5351 2832 5391 :
2879 5337 3248 5410 nominaque
3295 5353 3506 5394 eorum

1855 5432 2192 5494 doctorum,
2232 5432 2290 5484 et
2327 5427 2565 5497 scripta,
2607 5430 2663 5480 et
2692 5441 2830 5482 cum
2858 5441 2980 5499 qua
3008 5426 3263 5500 quisque
3291 5427 3507 5487 heresi

221 5573 304 5649 (1)
326 5575 508 5632 Verus
538 5575 595 5632 et
621 5569 956 5632 Antoninus
993 5569 1078 5645 hi,
1110 5573 1396 5646 praeterea
1423 5570 1556 5630 Divi
1586 5571 1796 5632 fratres
1824 5572 1887 5664 in
1903 5573 2039 5667 jure
2064 5570 2217 5632 civili
2244 5570 2544 5632 dicuntur.
