4040 6224
525 272 632 333 979

1791 273 2180 336 NICEPHOBI
2218 272 2541 334 CALLISTI

520 403 595 459 sit
642 419 1026 477 congressus,
1065 417 1276 476 quaeve
1314 405 1566 477 prestera
1604 409 1941 462 memoratu
1990 404 2169 475 digna

2288 402 2496 466 κλήσεις
2515 406 2606 457 καὶ
2651 401 2719 457 τὰ
2772 400 3163 477 συγγράμματα
3187 418 3203 433 ·
3240 404 3328 476 οῖᾲ
3369 420 3427 458 τε
3474 401 3696 479 αἱρέσει*
3744 408 3854 462 έκε-

519 494 794 551 Ecclesiae
810 494 1151 567 reliquerint
1169 498 1581 563 monumenta,
1596 510 1900 567 apponam
1912 536 1925 549 .
1950 492 2175 549 Deinde

519 582 770 639 illustria
786 588 1127 639 sanctorum
1154 588 1483 655 martyrum
1506 584 1837 640 certamina
1859 597 2171 655 exsequar.

520 674 589 728 Et
614 687 796 744 quem
821 671 1004 728 ﬁnem
1030 672 1281 743 quaestio
1302 673 1631 744 antiquitus
1657 672 1731 729 de
1758 673 1905 730 festo
1929 670 2174 728 Pascha!

520 764 651 818 orta
680 760 975 831 acceperit
1006 777 1020 815 :
1055 765 1339 833 praeterea
1359 762 1434 816 de
1460 761 1593 817 aliis
1621 760 1986 833 quibusdam
2014 760 2172 828 viris,

518 848 860 921 apostolicis
900 848 1143 905 dotibus
1183 850 1377 914 claris,
1410 850 1925 907 commemorabo.
1963 850 2029 906 Et
2067 848 2170 918 sic,

517 941 637 995 Deo
660 938 1005 1009 adjuvante,
1024 943 1353 995 extremam
1375 955 1615 1011 quoque
1636 939 1777 995 huic
1795 939 1948 996 libro
1976 940 2174 1011 impo-

516 1042 661 1085 nam
688 1042 959 1084 manum.
987 1027 1227 1084 Initium
1253 1043 1431 1101 porro
1458 1028 1596 1084 inde
1623 1028 2007 1085 sumendum.

1186 1314 1406 1372 CAPUT
1434 1315 1502 1370 II.

519 1422 607 1479 De
652 1420 1081 1495 haeresiarchas,
1114 1422 1307 1495 quieo
1347 1429 1605 1493 tempore
1645 1437 1707 1479 se
1740 1422 1803 1478 in
1842 1422 2168 1495 Ecclesium

673 1494 889 1549 Christi
905 1494 1262 1560 intulerunt,
1289 1496 1621 1551 Saturnino
1647 1502 1700 1552 et
1723 1494 2012 1550 Basilide.

584 1672 720 1727 Jam
746 1670 1001 1727 verbum
1030 1670 1236 1727 salutis
1260 1686 1368 1744 per
1393 1686 1638 1727 omnem
1664 1670 2023 1743 peragrabat
2045 1674 2165 1728 ter-

2287 512 2405 555 στος
2454 495 2649 547 τούτων
2708 492 3081 561 ἀντικατέστη,
3140 496 3230 546 καὶ
3290 494 3392 546 ὅσα
3444 489 3511 553 δη
3564 496 3705 568 ἕτερα
3744 498 3854 560 ἄξια

2282 581 2438 655 λόγου
2489 586 2575 636 καὶ
2630 591 2943 657 συγγραφῆς
2981 590 3044 656 τῇ
3100 581 3393 657 Ἐκκλησία
3428 583 3848 644 καταλελοίπασιν.

2284 668 2401 725 Ἐπὶ
2461 668 2530 731 δὴ
2589 674 2791 734 τούτοις
2845 674 2913 725 τὰ
2961 680 3063 725 τῶν
3117 670 3359 745 θεοφιλῶν
3409 675 3683 747 μαρτύρων
3730 694 3851 751 περι·

2284 768 2413 833 φανῆ
2474 761 2821 834 ἀγωνίσματα
2871 757 3223 833 διαλήψομαι,
3280 765 3370 814 καὶ
3425 764 3490 823 ὡς
3534 765 3592 815 τό
3646 767 3756 837 περὶ
3801 766 3853 818 τό

2285 851 2483 922 Πάσχα
2542 851 2775 923 ζήτημα,
2839 848 3170 925 ἀμφήριστον
3217 857 3327 914 τοῖς
3378 850 3540 905 πάλαι
3590 857 3849 926 γενόμενον,

2280 941 2393 992 οἷαν
2454 938 2628 1013 εἴληφε
2670 944 2764 999 τὴν
2806 941 3159 1007 κατάστασιν,
3213 945 3305 994 καὶ
3354 944 3472 1014 περὶ
3516 959 3667 993 τινων
3710 941 3850 996 ἄλλων

2281 1028 2649 1093 ἀποστολικοῖς
2703 1026 3105 1104 διαπριψοὶντων
3161 1034 3495 1104 χαρίσμασι.
3565 1035 3665 1085 Καὶ
3737 1031 3851 1087 οὕτω

2277 1122 2439 1193 πέρας
2480 1122 2575 1172 σὺν
2622 1127 2737 1190 Θεῷ
2768 1124 2855 1172 καὶ
2897 1126 2970 1191 τῷ
3002 1120 3234 1193 τετάρτῳ
3274 1115 3342 1179 δὴ
3390 1123 3533 1193 τόμῳ
3578 1121 3738 1194 τούτῳ
3782 1124 3851 1175 αῖ-

2279 1227 2392 1262 σιον
2421 1210 2680 1268 ὶπιθήσω.
2703 1208 2946 1283 ’Δρκτέον
2976 1204 3036 1261 δί
3064 1208 3218 1263 οὕτω.

2898 1320 3143 1370 ΚΕΦΔΛ.
3186 1314 3258 1372 Β’.

2277 1426 2433 1499 Περὶ
2498 1430 2633 1476 τῶν
2699 1419 3019 1499 τηνικάδε
3073 1430 3143 1482 τῆ
3199 1422 3548 1497 Ἐκκλησία
3595 1430 3853 1498 Χριστοῦ

2348 1496 2601 1572 εἰσφρη
2629 1496 2874 1572 σοξντων
2956 1496 3424 1570 αἰρεσιαρχῶν,
3498 1496 3854 1572 Σατορνίνου

2346 1563 2927 1625 καὶ’Βόισιλείδου,

2341 1669 2486 1733 Ἤδη
2545 1674 2638 1747 μὶν
2693 1674 2721 1727 ό
2771 1678 3027 1747 σωτήριος
3082 1670 3233 1745 λόγος
3286 1674 3423 1725 κατὰ
3474 1678 3652 1727 πᾶσαν
3707 1672 3856 1747 ἐφοίτα

512 1774 667 1827 ram,
691 1760 1020 1833 orbemque
1048 1760 1273 1833 ipsum,
1296 1761 1499 1833 quoad
1524 1761 1655 1832 ejus
1681 1760 1807 1816 ﬁeri
1834 1760 2043 1833 potuit,
2067 1776 2163 1816 oc-

2279 1768 2365 1824 τὴν
2430 1772 2553 1837 γῆν,
2606 1766 2698 1816 καὶ
2752 1766 2848 1822 την
2905 1762 3213 1835 οἰκουμένην
3269 1764 3334 1825 ὡς
3389 1761 3497 1816 ένόν
3552 1759 3849 1837 διελάμϐανε.

519 1850 800 1922 cupabat.
845 1852 911 1905 Et
936 1850 1076 1905 ﬁdei
1106 1849 1378 1906 doctrina
1407 1849 1582 1905 altius
1614 1850 1673 1905 in
1704 1849 1940 1922 piorum
1970 1848 2164 1905 homi-

517 1954 664 1995 num
690 1939 971 1995 cordibus
991 1939 1294 1995 radicibus
1315 1939 1461 1995 actis
1484 1940 1726 1995 ﬁrmum
1746 1939 2012 1995 habebat
2036 1939 2168 1995 fun-

516 2027 890 2095 damentum,
949 2044 1021 2084 ex
1076 2028 1407 2100 apostolica
1460 2027 1729 2085 videlicet
1786 2030 2061 2087 doctrina
2113 2027 2174 2086 et

513 2118 655 2183 vita,
684 2123 740 2173 et
768 2134 903 2191 quas
934 2117 1073 2173 inde
1100 2117 1511 2189 proﬂuxerunt
1536 2118 1837 2174 miraculis
1873 2142 1885 2173 :
1920 2127 2044 2175 tum
2070 2135 2175 2176 au-

516 2211 634 2264 tem
676 2224 747 2264 ex
786 2208 1195 2281 apostolorum
1237 2222 1658 2263 successorum
1697 2209 2076 2265 sermonibus
2118 2212 2177 2265 et

517 2296 705 2363 libris,
720 2298 821 2369 qui
840 2302 1082 2370 propter
1097 2296 1406 2353 veritatem
1424 2312 1632 2352 eorum
1646 2297 2175 2369 inexpugnabilem

513 2386 701 2442 refelli
734 2402 856 2442 non
886 2392 1134 2458 potuere
1166 2405 1179 2445 :
1209 2386 1454 2457 insuper
1484 2401 1622 2442 vero
1647 2401 1718 2441 ex
1748 2401 2177 2457 generosarum

514 2476 694 2532 etiam
727 2480 1061 2547 martyrum
1101 2474 1531 2531 certaminibus
1570 2478 1627 2531 et
1665 2474 1862 2531 luctis.
1905 2478 2180 2533 Persecu-

514 2566 709 2621 tiones
741 2564 900 2620 enim
930 2564 1221 2621 laetiorem
1256 2580 1501 2638 quoque
1532 2568 1587 2620 et
1618 2564 2020 2622 ﬂorentiorem
2052 2566 2182 2623 red-

515 2652 721 2710 didere
778 2653 1129 2709 Ecclesiam.
1187 2652 1538 2710 Communis
1594 2659 1792 2709 autem
1842 2654 2077 2726 pietatis
2124 2660 2183 2715 et

514 2743 818 2813 religionis
874 2747 1098 2799 nostra:
1169 2742 1552 2798 adversarius
1601 2746 1657 2797 et
1703 2743 1892 2800 hostis
1948 2744 2179 2815 quietus

514 2848 645 2888 esse
686 2847 809 2887 non
851 2832 1065 2903 potuit.
1110 2832 1252 2887 Cum
1291 2831 1450 2887 enim
1495 2836 1785 2898 cerneret,
1824 2848 1928 2905 per
1968 2848 2179 2889 omnes

516 2921 741 2993 passim
771 2921 1044 2990 regiones
1070 2919 1359 2976 Ecclesias
1386 2919 1779 2976 luminarium
1806 2921 1994 2978 instar
2019 2921 2178 2979 clare

514 3015 694 3081 atque
743 3009 1054 3082 splendide
1097 3009 1427 3065 relucentes
1474 3009 1809 3065 admodum
1856 3010 2067 3067 ﬂorere
2105 3026 2177 3068 ac

2271 1859 2341 1909 Τό
2392 1874 2447 1907 τε
2516 1850 2695 1927 δόγμα
2753 1861 2846 1914 τῆς
2900 1856 3130 1915 πίστεως
3180 1855 3240 1905 τό
3306 1849 3531 1926 ἔμπεδον
3583 1850 3712 1925 εἶχε,
3758 1861 3855 1919 ταῖς

2276 1941 2526 2019 καρδίαις
2568 1951 2667 1996 τῶν
2719 1942 2960 2014 Θεοφιλῶν
3007 1941 3293 2017 ἀνθρώπων
3331 1962 3470 2015 κατα
3516 1940 3677 2016 βάθος
3701 1944 3853 2018 ῥιζού-

2280 2052 2426 2107 μενον
2458 2051 2473 2065 ο
2526 2034 2585 2085 τὸ
2640 2034 2733 2105 μὶν
2788 2039 2853 2105 τῇ
2922 2030 3242 2104 ἁποστολικῇ
3310 2027 3643 2104 διδασκαλίᾳ
3687 2051 3737 2085 τε
3782 2036 3853 2084 καί

2284 2119 2489 2194 διαίτῃ,
2532 2123 2623 2173 καὶ
2674 2126 2783 2183 τοῖς
2837 2121 3025 2173 ἰκεῖθεν
3054 2120 3363 2191 πηγάζουσι
3415 2122 3654 2194 θαύμασι
3684 2136 3697 2150 ’
3727 2128 3855 2173 τοῦτο

2285 2208 2346 2264 δί
2374 2215 2463 2263 καὶ
2501 2216 2609 2272 τοῖς
2639 2217 2740 2261 τῶν
2772 2205 3051 2281 διαδόχων
3097 2208 3267 2281 λόγοις
3305 2211 3515 2262 ἓκείνων
3555 2212 3612 2262 τό
3654 2208 3854 2283 ἀναντίρ-

2284 2301 2442 2376 ῥητον
2488 2297 2918 2374 προϐεϐλημένοις
2948 2297 3025 2371 ἐφ’
3070 2298 3269 2351 ἅπασιν
3310 2314 3325 2329 ⁶
3368 2300 3499 2361 ῖσως
3550 2295 3609 2352 δί
3658 2303 3741 2351 καὶ
3766 2306 3855 2361 τοῖς

2286 2389 2463 2451 ἄθλοις
2520 2395 2621 2441 τῶν
2684 2392 2928 2460 γενναίων
3002 2390 3278 2463 μαρτύρων
3346 2390 3439 2440 καὶ
3496 2386 3852 2460 ἀγωνίσμασιν.

2290 2480 2356 2532 Οἱ
2391 2479 2493 2553 γὰρ
2549 2474 2775 2549 διωγμοὶ
2826 2480 2918 2529 καὶ
2974 2472 3321 2550 φαιδροτέραν
3377 2474 3575 2549 μᾶλλον
3627 2480 3715 2536 την
3763 2476 3855 2531 Ἕκα

2289 2566 2511 2625 κλησίαν
2566 2566 2887 2640 εἰργάζοντο.
2945 2571 3030 2637 Τῷ
3086 2561 3146 2618 δί
3196 2573 3352 2637 κοινῷ
3407 2572 3498 2626 τῆς
3547 2566 3691 2638 ἡμῶν
3734 2565 3856 2619 εὐσε-

2290 2656 2433 2719 ϐείας
2486 2657 2664 2728 ἔχθρῷ
2714 2674 2769 2708 τε
2796 2658 2889 2708 καὶ
2933 2653 3161 2727 πολεμίῳ
3200 2654 3295 2708 οὐκ
3345 2650 3406 2714 ἦν
3454 2655 3681 2728 ἠρεμεῖν,
3714 2652 3856 2730 Ὁρῶν

2287 2748 2390 2820 γὰρ
2450 2747 2541 2808 τὰς
2598 2742 2696 2796 ἀνὰ
2749 2749 2923 2797 πᾶσαν
2976 2748 3161 2817 χώραν
3225 2743 3544 2807 Ἐκκλησίας
3600 2749 3853 2817 γωστήρων

2290 2832 2446 2894 δίκην
2485 2831 2707 2907 φαιδρὸν
2753 2834 2859 2886 οἷον
2908 2837 2997 2886 καὶ
3048 2836 3399 2905 γεγανωμένον
3439 2832 3851 2899 ἁποστιλϐούσας,

2286 2931 2510 2997 γεννοῖον
2567 2920 2627 2977 δί
2682 2923 2787 2976 οἷον
2842 2922 3188 2995 ἀκμάζουσαν
3239 2921 3339 2975 ὄινὰ
3394 2928 3575 2976 πᾶσαν
3629 2927 3719 2982 την
3753 2929 3850 2995 γῆν,

2286 3018 2375 3068 καὶ
2421 3018 2516 3072 την
2567 3012 2641 3075 εἰς
2685 3015 2771 3065 τὸν
2814 3018 3030 3078 Σωτῆρα
3081 3015 3168 3064 καὶ
3235 3014 3426 3087 Κύριον
3481 3014 3632 3086 ἡμῶν
3675 3012 3853 3072 Ἰησοῦν

510 3100 732 3169 vigere,
766 3098 1068 3171 simulque
1107 3098 1269 3153 illam
1310 3114 1447 3170 quas
1486 3103 1575 3154 est
1614 3098 1675 3154 in
1718 3100 2087 3156 Servatorem
2121 3106 2169 3157 et

2286 3105 2514 3177 Χριστόν
2559 3106 2764 3172 πίστιν,
2802 3101 2889 3152 οἶα
2942 3096 3010 3159 δὴ
3064 3102 3231 3161 κοινὸς
3273 3100 3471 3174 έχθρὸς
3508 3106 3602 3154 καὶ
3646 3108 3735 3162 τῆς
3772 3108 3855 3155 τῶν

506 3190 828 3244 Dominum
862 3193 1134 3244 nostrum
1172 3188 1373 3243 Jesum
1421 3186 1725 3243 Christum
1765 3188 1972 3254 ﬁdem,
2003 3182 2176 3246 saluti

502 3276 1489 3348 hominuminimicissimns,283
1514 3277 2176 3348 cumjamdudumom-

505 3370 614 3422 nes
649 3370 929 3437 expertus
972 3369 1154 3433 artes,
1185 3368 1443 3421 externis
1484 3366 2009 3438 persecutionibus
2046 3367 2176 3424 fun'

504 3454 666 3511 ditus
710 3471 811 3512 eas
859 3460 1013 3512 esset
1063 3455 1392 3527 exstirpare
1438 3462 1717 3521 conatus,
1767 3456 1868 3511 ubi
1911 3464 2175 3530 coeptum

504 3561 705 3614 suum,
718 3544 942 3601 fortiter
960 3544 1235 3617 repulsus
1253 3549 1309 3601 et
1324 3549 1667 3617 martyrum
1686 3546 1977 3615 sanguine
1989 3562 2174 3620 prope

505 3634 856 3704 suffocatus,
903 3634 1121 3691 frustra
1169 3649 1297 3690 esse
1350 3633 1515 3701 Vidit,
1568 3632 1689 3690 alia
1733 3650 1861 3690 rem
1912 3636 2009 3692 via
2054 3640 2173 3694 ten-

500 3724 750 3781 tandam
775 3738 907 3779 esse
933 3724 1302 3790 existimans,
1332 3722 1545 3780 dolum
1582 3723 1761 3779 talem
1794 3725 2169 3795 excogitavit,

500 3818 565 3869 ut
602 3813 711 3869 viri
742 3813 1084 3870 seductores
1111 3816 1169 3868 et
1197 3812 1583 3885 impostores,
1617 3811 2018 3870 Christianum
2060 3806 2173 3870 sini

498 3907 858 3975 usurpantes
887 3916 1132 3969 nomen,
1157 3901 1339 3957 simul
1363 3904 1421 3957 et
1444 3916 1526 3974 qu
1545 3917 1614 3958 os
1644 3902 1942 3974 cepissent
1966 3902 2172 3961 ﬁdeles

499 3992 559 4048 in
595 3992 832 4049 foveam
863 3991 1213 4065 perditionis
1237 3990 1508 4063 impeller
1528 3994 1631 4047 ent
1657 4007 1669 4047 :
1707 3997 1764 4047 et
1796 3992 1896 4064 qui
1927 3992 2173 4050 technas

494 4081 735 4138 illorum
775 4082 1140 4153 ignorarent,
1169 4081 1253 4136 eis
1289 4080 1421 4137 sani
1462 4085 1518 4137 et
1580 4080 1855 4137 salutaris
1888 4082 2049 4138 verbi
2085 4083 2170 4139 di-

497 4169 701 4226 scendi
755 4170 1021 4226 studium
1080 4174 1135 4226 et
1187 4169 1556 4225 desiderium
1608 4176 2061 4244 corrumperent
2113 4182 2170 4235 et

498 4258 912 4329 depravarent.
954 4259 1219 4315 Primum
1262 4258 1444 4329 igitur
1482 4263 1693 4315 contra
1737 4274 1849 4315 nos
1891 4261 2171 4324 excitavit

500 4345 805 4403 Simonem
859 4363 873 4402 :
943 4346 1159 4403 deinde
1227 4345 1652 4415 Menandrum,
1711 4347 2052 4405 Cerinthum
2110 4359 2169 4411 et

2286 3190 2567 3265 ἀνθρώπων
2628 3193 2895 3265 σωτηρίας
2946 3188 3354 3261 πολεμιώτατος,
3420 3188 3471 3243 ἂν
3538 3188 3721 3243 πολλοῦ
3776 3192 3853 3252 τὰς

2283 3284 2419 3335 κατὰ
2473 3288 2579 3341 τῆς.
2608 3279 2917 3341 Ἐκκλησίας
2973 3286 3127 3331 κινῶν
3182 3281 3450 3351 μηχανὰς,
3497 3284 3740 3355 πρότερον
3777 3282 3851 3352 μιν

2284 3378 2389 3432 τοῖς
2419 3370 2599 3435 ἱξωθεν
2637 3371 2805 3422 ἔπεισι
2858 3364 3138 3440 διωγμοῖς,
3195 3364 3368 3443 ἄρδην
3406 3366 3711 3423 ἀνασπάσαι
3750 3370 3853 3421 ταύ·

2283 3478 2379 3518 την
2432 3463 2746 3531 πειρώμενος
2776 3471 2791 3488 ⁸
2841 3459 2911 3519 ὡς
2959 3452 3012 3509 δ’
3050 3454 3385 3530 ἀπεκρούσθη
3445 3461 3538 3511 καὶ
3594 3455 3855 3510 ἀποκέκλει-

2285 3567 2380 3603 στο
2435 3556 2530 3611 τῆς
2595 3546 2996 3622 έπιχειρησεως,
3068 3552 3180 3608 τοῖς
3232 3552 3581 3621 μαρτυρικοῖς
3633 3565 3854 3599 καταπνεσ

2281 3640 2494 3709 γόμινος
2523 3638 2762 3709 αῖμασιν,
2805 3634 2980 3708 ἑτέραν
3028 3632 3273 3707 έτρεὶπετο
3297 3650 3312 3665 ·
3362 3639 3454 3689 καὶ
3501 3630 3720 3711 δολερῶς
3750 3631 3851 3694 δῦτ⁹

2282 3726 2492 3796 έπινόει,
2525 3726 2593 3787 ὡς
2646 3724 2707 3777 ἃν
2760 3722 3020 3783 ἀπατηλοί
3057 3743 3113 3777 τε
3162 3727 3253 3777 καὶ
3301 3728 3493 3797 γόητες
3541 3720 3741 3798 ἄνδρες,
3775 3725 3851 3779 τόν

2281 3815 2444 3874 αὐτὴν
2498 3816 2624 3887 ἡμῖν
2676 3810 2956 3875 ὑποδύντες
3012 3817 3393 3887 προσηγορίαν,
3444 3813 3577 3885 ὁμοῦ
3768 3818 3849 3864 τῶν

2280 3912 2482 3958 πιστῶν
2510 3907 2629 3965 τοὺς
2671 3902 3039 3977 ἁλισκομένους
3091 3902 3164 3965 εἰς
3207 3900 3428 3976 βόθυνον
3466 3902 3699 3956 έλοίσαιεν
3732 3900 3848 3953 απυ-

2280 3994 2420 4057 λείας
2455 4007 2472 4023 ⁶
2527 3992 2638 4066 ἅμα
2694 3988 2754 4046 δί
2818 3996 2909 4044 καὶ
2966 3988 3041 4044 δι’
3099 4012 3167 4044 ων
3238 3988 3370 4067 δρᾴν
3423 3990 3738 4065 έπεχείρονν,
3785 3989 3847 4050 οἷς

2281 4082 2481 4155 ἀγνοεῖν
2540 4080 2826 4151 συνέϐαινε,
2870 4083 2929 4134 τὸ
2990 4088 3083 4133 τοῦ
3130 4085 3393 4156 σωτηρίου
3449 4085 3541 4133 καὶ
3583 4082 3751 4153 ὑγιοῦς
3780 4077 3847 4131 λό-

2277 4192 2379 4245 γου
2448 4169 2872 4244 σπουδαζόμενον
2950 4165 3295 4246 διαφθείρειν.
3373 4174 3476 4225 Καὶ
3524 4174 3725 4243 Σίμωνα

2276 4267 2524 4337 πρότερον
2575 4264 2700 4334 ἡμῖν
2753 4259 3096 4320 ἐπανίστησιν
3138 4277 3153 4290 ⁸
3203 4259 3290 4313 έπὶ
3352 4256 3411 4314 δί
3462 4263 3632 4333 τούτῳ
3685 4261 3844 4317 Ibo-

2279 4348 2425 4427 δρον,
2476 4355 2567 4404 καὶ
2626 4354 2900 4423 Κήρινθον,
2954 4354 3045 4403 καὶ
3091 4349 3368 4416 Νικόλαον,
3422 4355 3543 4425 περὶ
3581 4350 3649 4401 ὧν
3691 4351 3840 4423 αρότε·

496 4435 828 4503 Nicolaum,
851 4436 926 4492 de
944 4436 1165 4508 quibus
1185 4436 1242 4491 in
1264 4435 1681 4508 superioribus
1697 4436 1959 4494 diximus
1975 4438 2161 4501 libris.

2279 4460 2363 4515 ρον
2413 4438 2736 4512 διελάϐομεν.
2786 4439 2986 4514 Μικρόν
3044 4436 3103 4493 δί
3148 4435 3424 4507 διαλιπὼν,
3471 4439 3675 4513 ἑτέρους
3723 4455 3840 4510 τεραο

496 4524 690 4581 Parvo
728 4525 948 4582 deinde
978 4525 1305 4592 intervallo,
1340 4525 1716 4597 temporibus
1759 4527 1843 4583 eis
1874 4544 2008 4601 qua:
2034 4529 2164 4601 jam

498 4616 1127 4680 commemoravimus,
1160 4620 1428 4671 monstra
1474 4613 1593 4670 alia
1635 4615 1927 4673 exhibuit.
1971 4619 2015 4673 Δ
2054 4619 2163 4674 Me-

496 4704 733 4761 nandro
750 4720 1037 4777 namque,
1056 4703 1358 4774 ambiguas
1382 4703 1765 4776 bicipitisque
1782 4706 2159 4776 contagionis

495 4795 764 4867 viperina
796 4794 888 4850 vis
923 4796 1147 4858 exorta,
1184 4792 1445 4848 duarum
1484 4791 1801 4851 hmresium
1841 4796 2160 4866 progenuit

494 4885 699 4951 duces,
746 4884 1132 4942 Saturninum
1172 4882 1252 4955 (l)
1290 4886 1347 4938 et
1374 4880 1689 4939 Basilidem
1731 4883 1804 4955 (2)
1842 4900 1855 4939 ε
1897 4901 2156 4958 quorum

492 4975 653 5031 hunc
681 4973 1069 5042 Alexandria,
1098 4971 1264 5028 illum
1292 4971 1605 5028 Antiochia
1636 4971 1915 5043 produxit
1947 4991 1963 5031 :
1991 4979 2048 5031 et
2075 4976 2157 5033 al-

494 5068 583 5121 ter
620 5064 682 5120 in
720 5062 1000 5137 Egypto,
1043 5061 1191 5118 alter
1227 5066 1427 5118 autem
1468 5060 1526 5116 in
1569 5059 1743 5134 Syria
1783 5077 1993 5120 exosas
2033 5065 2154 5123 Deo

492 5168 783 5227 aperuere
806 5150 1063 5208 scholas.
1080 5150 1339 5207 Irenaaus
1357 5149 1765 5217 Saturninum,
1781 5151 1995 5209 eadem
2016 5168 2152 5225 quas

563 5298 644 5369 (1)
675 5296 1026 5355 Saturninus
1047 5295 1230 5353 etiam
1252 5294 1547 5369 Christum
1570 5295 1995 5368 phantasmate
2016 5313 2152 5369 pas-

493 5368 632 5427 sum
663 5369 1043 5442 essedocuit,
1077 5372 1135 5425 et
1174 5368 1671 5425 resurrectionem
1704 5369 1966 5442 negavit.
2000 5368 2152 5441 (Ter-

497 5441 634 5521 tull...
667 5442 755 5521 pe
785 5441 1015 5521 reret.)

566 5513 643 5586 (2)
673 5509 1146 5586 Basilides,inter
1170 5512 1383 5586 cetera
1406 5509 1825 5586 deliramenta.
1846 5511 2148 5586 Christum

491 5580 686 5646 nona
715 5587 857 5659 Deo,
884 5580 1488 5663 qui_creavitomn1a,
1519 5582 1629 5642 sed
1657 5582 1735 5642 ab
1758 5583 2051 5659 Abraxas,
2081 5584 2146 5646 in

2273 4527 2459 4594 τώδεις
2506 4532 2556 4583 ἑν
2610 4535 2720 4592 τοῖς
2772 4531 2998 4603 πρόσθεν
3051 4530 3175 4602 ἡμῖν
3225 4524 3609 4601 δεδηλωμένοις
3659 4531 3837 4603 χρόνοις

2273 4618 2549 4694 ὶξήγειρεν.
2614 4617 2742 4673 Ἀπό
2810 4621 2909 4691 γὰρ
2967 4625 3059 4671 τοῦ
3139 4621 3511 4693 προειρημένου
3564 4613 3832 4690 Μενάνδρου

2270 4708 2601 4783 ἂμφίστομός
2628 4727 2705 4770 τις
2742 4713 2831 4761 καὶ
2880 4705 3159 4781 δικέφαλος
3205 4703 3441 4780 όγιὼδης
3483 4704 3703 4780 δύναμις
3731 4724 3833 4778 προ-

2268 4799 2510 4868 ελθοῦσα,
2568 4797 2841 4871 ἀρχηγοὺς
2892 4794 3035 4852 δυεῖν
3093 4799 3335 4871 αἱρέσεων
3386 4801 3552 4850 τίκτει
3591 4813 3609 4828 ·
3667 4804 3828 4868 Σατορ-

2264 4894 2399 4951 νῖνος
2453 4892 2542 4941 καὶ
2593 4884 2903 4948 Βασιλείδης
2952 4884 3087 4946 ἦσαν
3136 4886 3315 4949 αὐτοῖς
3369 4886 3438 4940 τὰ
3484 4884 3710 4960 ὀνόματα
3754 4884 3826 4935 Ὧν

2264 4982 2353 5031 καὶ
2404 4980 2489 5031 τὸν
2517 4980 2607 5049 μὶν
2663 4980 2979 5049 Ἀντιόχεια,
3028 4975 3207 5052 ἅτερον
3270 4972 3331 5029 δί
3374 4972 3683 5035 Βασιλείδην
3727 4990 3825 5045 προ·

2262 5070 2454 5140 ἤγαγεν
2516 5063 2903 5140 Ἀλεξάνδρεια.
2959 5070 3059 5121 Καὶ
3137 5067 3293 5139 ἄμφω
3350 5062 3429 5131 δε,
3481 5066 3507 5119 ό
3572 5067 3665 5139 μὶν
3719 5061 3824 5115 κατᾶ

2262 5162 2470 5231 Συρίαν,
2504 5157 2531 5210 ό
2578 5152 2638 5210 δί
2675 5155 2788 5210 κατ’
2834 5157 3122 5229 Αἴγυπτον,
3176 5150 3555 5208 διδασκαλείου
3597 5151 3820 5227 κατῆρξαν

2259 5300 2703 5377 phantasmate,
2732 5300 2945 5377 non‘in
2968 5298 3539 5377 _s_ubstantia‘carnis
3566 5298 3815 5377 missurn:

2258 5368 2370 5453 nec
2400 5388 2436 5429 a
2459 5371 2683 5429 Iudaeis
2717 5372 2879 5453 cruci
2921 5371 3195 5453 affixum,
3229 5368 3675 5453 sednSimonem
3713 5368 3813 5453 ελσε

2256 5443 2447 5501 vicem
2482 5459 2747 5516 passum,
2787 5449 2843 5501 et
2882 5443 3135 5527 proinde
3171 5437 3520 5524 crucifixum
3559 5455 3679 5501 non
3704 5437 3813 5498 aiio-

2257 5514 2519 5575 randum
2548 5530 2702 5585 esse,
2733 5514 3068 5575 blaterant.
3100 5512 3576 5589 (Tertullianus.)
