4040 6224
581 314 690 375 983

1895 309 2288 372 NICEPHORI
2329 309 2658 371 CALLISTI

3802 313 3899 374 set

581 442 685 518 qui
709 443 771 501 in
801 443 949 501 urbe
975 441 1165 501 Roma
1187 458 1386 502 nonus
1411 449 1536 502 erat
1563 442 1902 517 episcopus,
1934 441 1997 498 in
2030 439 2220 497 Eccle-

2330 441 2531 513 ’Υγίνου
2567 456 2589 475 ο
2637 442 2689 504 ὃς
2741 437 2805 501 ἣν
2856 442 3032 504 ἔνατος
3103 438 3408 504 ἐπίσκοπος,
3456 435 3528 501 εἰς
3569 442 3659 499 τὴν
3708 438 3899 501 Ἐκκλη-·

581 534 733 590 siam
763 534 944 601 venit,
978 537 1034 590 et
1062 533 1345 606 pietatem
1387 534 1676 607 proﬂtens
1714 549 1784 590 ac
1813 530 2226 605 paenitentiam

581 638 787 693 agens,
820 623 899 679 ita
915 623 996 680 ibi
1024 624 1264 693 mansit,
1288 630 1352 682 ut
1369 624 1695 699 aliquando
1715 622 1941 679 occulte
1962 621 2220 688 doceret,

581 713 907 787 aliquando
937 717 1139 770 autem
1169 730 1379 770 rursus
1412 731 1477 770 se
1502 713 1788 786 paenitere
1805 711 2222 768 conﬁteretur:

580 817 1022 876 nonnunquam
1052 803 1232 859 etiam
1263 808 1686 874 coargueretur
1699 802 1774 858 de
1803 801 1895 857 his
1926 815 2062 873 qua
2086 814 2225 871 per-

581 907 784 964 peram
814 892 1071 960 doceret,
1106 897 1286 966 atque
1299 893 1477 950 etiam
1497 893 1796 950 afratrum
1827 896 1984 947 cmtu
2024 889 2228 945 exclu-

580 981 843 1040 deretur.
881 1003 909 1035 »
934 981 1070 1038 Hac
1096 982 1158 1038 in
1180 985 1350 1039 tertio
1374 983 1664 1039 adversus
1676 982 1932 1037 haereses
1957 979 2131 1035 libro.
2160 981 2226 1034 In

577 1071 769 1143 primo
801 1076 1000 1127 autem
1013 1072 1088 1127 de
1114 1071 1378 1128 Cerdone
1407 1071 1583 1128 etiam
1606 1072 1688 1127 ita
1706 1069 1880 1126 refert
1908 1085 1920 1124 :
1948 1089 1976 1121 «
2000 1067 2226 1124 Cerdon

576 1175 716 1216 vero
736 1160 1004 1232 quidam,
1021 1161 1456 1218 asectatoribus
1479 1161 1736 1218 Simonis
1761 1158 2080 1232 impietatis
2102 1173 2225 1213 suae

578 1249 997 1306 occasionibus
1036 1251 1309 1323 sumptis,
1343 1253 1594 1307 Romam
1637 1249 1796 1305 venit
1825 1248 1938 1304 sub
1970 1247 2223 1319 Hygino,

577 1353 808 1396 nonum
849 1337 1051 1395 locum
1098 1339 1456 1411 episcopalis
1491 1339 1667 1412 285
1710 1336 2103 1393 successionis
2143 1335 2223 1392 ab

578 1426 865 1499 apostolis
889 1429 1094 1485 sortito
1126 1445 1140 1484 :
1174 1428 1375 1500 ibique
1405 1429 1626 1495 docuit,
1650 1443 1788 1483 eum
1814 1426 1918 1499 qui
1951 1441 1988 1482 a
2009 1425 2138 1495 lege
2169 1428 2227 1481 et

577 1513 885 1590 prophetis
915 1517 1275 1588 praedicatus
1305 1522 1394 1573 est
1422 1519 1629 1583 Deum,
1659 1531 1780 1572 non
1821 1531 1956 1572 esse
1994 1521 2224 1587 patrem

578 1606 815 1662 Domini
853 1606 1039 1663 nostri
1066 1607 1238 1662 Jesus
1268 1605 1478 1664 Christi
1519 1624 1532 1659 :
1573 1607 1735 1662 hunc
1772 1606 1997 1678 quippe
2037 1603 2222 1670 nosci,

578 1693 745 1751 illum
776 1709 904 1750 esse
943 1695 1256 1764 ignotum:
1288 1699 1342 1751 et
1368 1695 1620 1751 alterum
1670 1693 1919 1766 quidem
1970 1693 2222 1764 justum,

2333 535 2452 585 σίαν
2509 531 2664 584 ἓλθὼν
2739 535 2830 585 καὶ
2884 529 3365 603 ἐξομολογούμενος,
3433 531 3567 582 οὕτω
3627 525 3892 594 διετίλεσε,

2329 622 2455 673 ποτε
2496 623 2587 692 μὶν
2623 617 3153 693 λαθροδιδασκαλῶν,
3216 621 3341 672 ποτε
3395 615 3457 672 δε
3499 617 3648 671 πάλιν
3697 616 3900 692 ἐξομολοο

2329 711 2597 783 γούμενος,
2643 713 2769 764 ποτε
2817 707 2878 763 δι
2928 708 3268 782 ἐλεγχόμενος
3305 707 3386 780 ἔφ’
3425 708 3502 769 οἷς
3541 704 3784 762 ἰδίδασκε
3820 729 3894 763 κα-

2331 805 2456 865 κῶς,
2498 803 2589 852 καὶ
2627 798 2972 873 ἀφιστάμενος
3012 808 3110 860 τῆς
3154 806 3253 851 τῶν
3303 793 3538 870 ἀδελφῶν
3591 794 3838 860 συνοδίας.
3869 820 3894 853 ν

2331 893 2510 942 Ταῦτα
2553 891 2644 961 μὶν
2691 889 2740 942 ἓν
2782 898 2856 961 τῷ
2903 894 3065 965 τρίτῳ
3107 896 3206 942 τῶν
3243 890 3377 963 πρὸς
3428 889 3525 948 τὰς
3569 888 3776 962 αἱρέσεις
3803 906 3814 919 ·
3858 890 3895 942 ἰν

2334 973 2395 1030 δε
2427 984 2500 1048 τῷ
2539 983 2726 1052 πρώτῳ
2765 975 2914 1040 αὖθις
2960 981 3078 1052 περὶ
3129 973 3402 1052 Κέρδωνος
3448 980 3542 1028 καὶ
3579 982 3740 1030 ταῦτα
3781 971 3896 1040 διίξ-

2334 1085 2438 1120 εισι
2468 1082 2485 1098 ⁸
2537 1087 2563 1119 ε
2631 1064 2838 1140 Κίρδων
2893 1065 2954 1121 δέ
3009 1087 3088 1129 τις
3141 1069 3244 1120 ἀπὸ
3303 1074 3404 1119 τῶν
3441 1069 3562 1139 περὶ
3610 1070 3799 1138 Σίμωνα
3827 1071 3896 1129 τὰς

2334 1154 2570 1230 ἀφορμὰς
2607 1154 2796 1223 λακὼν,
2843 1161 2933 1210 καὶ
2997 1152 3338 1228 ίπιδημὴσας
3409 1153 3460 1207 ἂν
3516 1161 3580 1226 τῇ
3625 1153 3782 1228 Ῥώμῃ
3830 1155 3895 1209 ἐπὶ

2329 1243 2554 1315 ’Υγίνου,
2616 1248 2790 1299 ἔνατον
2844 1245 3035 1320 κλῆρον
3088 1253 3184 1308 τῆς
3251 1247 3604 1306 ἑπισκοπικῆς
3665 1239 3896 1317 διαδοχῆς

2334 1331 2436 1385 ἀπὸ
2490 1341 2588 1386 τῶν
2641 1333 2942 1388 ἀποστόλων
2999 1337 3230 1407 ἔχοντος,
3282 1329 3508 1397 ἐδίδαξε
3560 1335 3644 1386 τὸν
3688 1333 3782 1385 ὑπὸ
3827 1341 3898 1385 τοῦ

2331 1426 2490 1492 νόμου
2539 1428 2630 1476 καὶ
2688 1433 2967 1498 προφητῶν
3025 1426 3410 1496 κεκηρυγμένον
3473 1425 3608 1476 Θεὸν
3662 1426 3730 1494 μὴ
3799 1418 3898 1475 εἶναι

2331 1515 2533 1586 πατέρα
2580 1519 2673 1565 τοῦ
2713 1515 2914 1586 Κυρίου
2961 1515 3108 1584 ἡμῶν
3163 1512 3345 1571 Ἰησοῦ
3401 1519 3638 1586 Χριστοῦ
3665 1529 3680 1544 ο
3719 1515 3798 1564 τὸν
3829 1517 3895 1584 μὲν

2331 1602 2434 1674 γὰρ
2470 1601 2844 1674 γνωρίζεσθαι,
2880 1605 2965 1656 τὸν
3005 1599 3067 1655 δέ
3106 1601 3318 1674 ἀγνῶτα
3361 1597 3493 1654 εἶναι
3519 1619 3536 1634 ο
3577 1605 3668 1654 καὶ
3705 1604 3784 1653 τὸν
3829 1605 3894 1673 μιν

2334 1685 2562 1756 δίκαιον,
2601 1694 2690 1743 τὸν
2729 1687 2788 1744 δι
2826 1690 3022 1764 ἀγαθὸν
3061 1692 3347 1766 ὑπάρχειν.
3391 1711 3421 1744 ι)
3466 1687 3827 1763 Διαδεξάμενος
3854 1687 3898 1743 δε

583 1785 834 1839 alterum
849 1787 1049 1839 autem
1063 1783 1295 1840 bonum
1309 1800 1436 1840 esse
1449 1805 1498 1839 ».
1509 1784 1609 1839 Cui
1631 1784 1846 1838 Marcio
1869 1783 2220 1848 succedens,

2334 1777 2491 1831 αὐτὸν
2537 1785 2786 1852 Μαρκίων
2830 1783 2857 1833 ὁ
2908 1783 3177 1848 Ποντικὸς,
3234 1779 3434 1843 ηὔξησε
3472 1783 3533 1832 τὸ
3591 1776 3898 1832 διδασκάλων

583 1869 917 1929 doctrinam
940 1889 1074 1930 eam
1093 1872 1253 1929 adau
1269 1873 1372 1939 xit,
1387 1875 1514 1928 sine
1534 1872 1764 1944 pudore
1779 1878 1836 1929 et
1865 1871 2226 1928 verecundia

582 1961 750 2019 omni
788 1961 1237 2034 blasphemans.
1288 1962 1584 2018 Valentini
1629 1967 1829 2019 autem
1859 1963 2222 2018 immensum

582 2049 954 2124 profundum
993 2051 1254 2108 Irenteus
1295 2050 1464 2108 facile
1510 2067 1814 2116 emensus,
1856 2051 2080 2108 intimis
2119 2049 2224 2107 ob-

583 2155 773 2197 scurm
821 2145 876 2197 et
916 2156 1179 2197 erroneaa
1223 2140 1551 2214 populique
1593 2140 1936 2197 seductricis
1966 2140 2224 2197 materias

582 2229 880 2301 speluncis
919 2229 1305 2286 incubantem
1353 2231 1823 2302 imposturarum
1863 2233 2222 2302 serpentem,

580 2317 686 2374 ubi
713 2317 947 2375 dudum
972 2319 1282 2376 abstrusus
1307 2319 1579 2387 latuerat,
1594 2319 1895 2388 exstraxit,
1922 2319 2224 2375 etnudum

582 2409 643 2464 in
673 2409 944 2479 apricum
975 2409 1251 2482 produxit
1277 2409 1500 2466 locum.
1525 2411 1651 2477 Quo
1679 2414 1946 2481 tempore
1962 2411 2224 2466 Marcum

581 2496 761 2554 etiam
791 2497 973 2554 fuisse
1004 2499 1165 2564 dicit,
1207 2499 1467 2572 nequtiae
1497 2499 1747 2570 magicae
1760 2499 2214 2572 peritissimum.

583 2587 852 2652 Quorum
881 2586 1230 2644 detestanda
1261 2604 1432 2645 sacra
1455 2587 1674 2645 talibus
1699 2588 1959 2645 ostendit
1983 2587 2177 2644 verbis
2203 2601 2222 2645 :

585 2665 612 2726 ἁ
641 2675 866 2732 Etenim
884 2676 1134 2747 quidam
1147 2693 1355 2733 eorum
1375 2677 1706 2735 thalamum
1727 2677 2056 2749 nuptialem
2080 2693 2226 2734 con-

582 2768 837 2831 struunt,
871 2771 926 2821 et
956 2782 1246 2822 arcanum
1277 2767 1588 2841 quoddam
1611 2768 1884 2825 initiandi
1916 2783 2104 2838 genus
2133 2783 2226 2824 ce-

581 2851 836 2922 lebrant,
869 2855 1116 2926 adjectis
1147 2855 1451 2912 nonnullis
1481 2871 1662 2928 super
1696 2857 1778 2912 eis
1813 2857 2224 2930 quiinitiantur

582 2941 735 2996 votis
759 2947 818 2998 et
837 2943 1284 3014 precationibus
1313 2961 1328 3000 :
1361 2951 1417 3000 et
1442 2944 1778 3017 spirituales
1791 2946 2052 3017 nuptias,
2069 2961 2224 3019 quas

584 3029 833 3092 faciunt.
859 3047 990 3087 esse
1014 3032 1218 3088 dicunt
1249 3032 1327 3088 ad
1353 3033 1807 3090 similitudinem
1825 3049 2224 3105 supernorum

581 3120 1020 3190 conjugiorum.
1053 3121 1161 3176 Alii
1193 3121 1271 3177 ad
1292 3137 1516 3194 aquam
1543 3139 1646 3178 eos
1673 3123 1919 3187 ducunt,
1948 3129 2004 3180 et
2028 3123 2220 3196 bapti-

2333 3126 2493 3193 ὄνομα
2574 3125 2841 3193 ἀγνώστου
2907 3123 3104 3195 πατρὸς
3169 3127 3269 3172 τῶν
3321 3119 3448 3172 ὅλων
3480 3136 3497 3150 ο

577 3215 779 3266 zantes
803 3209 933 3265 haec
955 3199 1140 3266 verba
1165 3209 1397 3266 addunt
1423 3229 1437 3266 :
1468 3213 1528 3266 ln
1560 3210 1805 3268 nomine
1825 3212 2011 3282 ignoti
2037 3212 2224 3285 patris

578 3298 874 3365 omnium,
904 3297 966 3353 in
1004 3287 1250 3355 veritate
1281 3306 1468 3355 matre
1498 3299 1792 3366 omnium,
1832 3306 1889 3356 et
1923 3301 1982 3356 in
2021 3317 2092 3358 eo
2120 3303 2224 3374 qui

576 3383 886 3445 descendit
915 3386 976 3443 in
1003 3387 1224 3444 Jesum.
1248 3388 1395 3444 Sunt
1423 3389 1602 3444 etiam
1624 3390 1727 3463 qui
1752 3389 2038 3446 Hebraica
2062 3391 2226 3447 insu-

575 3493 684 3550 per
714 3477 970 3534 aﬁ‘erunt
997 3477 1265 3543 nomina,
1293 3477 1372 3534 ad
1400 3493 1609 3535 eorum
1639 3480 1742 3552 qui
1777 3479 2086 3537 initiantur
2115 3485 2224 3538 ter-

573 3582 797 3632 rorem,
825 3570 883 3624 et
907 3566 1452 3623 consternationem
1480 3567 1793 3640 majorem.
1823 3591 1854 3620 »ν

1218 3675 1440 3732 CAPUT
1486 3674 1577 3731 IV.

608 3783 697 3842 De
714 3783 959 3842 Tatiano
979 3788 1033 3841 et
1053 3764 1283 3850 Severo,
1301 3789 1356 3841 et
1385 3783 1458 3841 de
1478 3783 1686 3842 haeresi
1707 3785 2184 3843 Encratitarum.

593 4051 596 4056 τ
646 3981 780 4036 Post
833 3978 1132 4036 Saturnini
1165 3983 1223 4036 et
1259 3979 1570 4036 Marcionis
1609 3981 2041 4038 Encratitarum
2095 3981 2223 4039 hae-

572 4068 753 4124 resim
795 4067 1118 4124 conﬂatam
1169 4083 1301 4124 esse
1353 4067 1597 4125 tradunt
1652 4085 1666 4125 :
1735 4070 1905 4142 cujus
1945 4071 2222 4144 princeps

574 4156 758 4213 fuisse
808 4157 992 4214 fertur
1038 4157 1319 4214 Tatianus
1365 4158 1466 4230 (t).
1520 4159 1623 4230 qui
1653 4158 1985 4230 discipulus
2012 4159 2221 4216 Justini

571 4246 1047 4319 martyrisfuisse
1067 4246 1424 4314 perhibetur.
1447 4247 1561 4305 Sed
1583 4249 1870 4320 tantisper
1907 4249 2051 4305 dum
2081 4265 2216 4305 cum

571 4335 672 4392 illo
702 4339 848 4404 erat,
880 4335 1024 4392 nihil
1081 4351 1283 4392 rerum
1341 4336 1691 4408 hujusmodi
1745 4338 2009 4410 protulit.
2058 4339 2221 4394 Post-

572 4441 758 4499 quam
797 4440 941 4480 vero
1004 4423 1099 4480 ille
1140 4425 1430 4496 martyrio
1480 4433 1568 4481 est
1614 4425 1950 4497 defunctus,
1986 4432 2220 4484 tumore

569 4496 904 4596 disciplinas
942 4513 1204 4581 inﬂatus,
1242 4519 1533 4587 tanquam
1581 4515 1714 4572 aliis
1756 4496 2001 4573 scientia
2036 4531 2217 4590 supe-
2252 4496 2296 4551 D

569 4605 710 4670 rior,
756 4603 1118 4676 peculiarem
1163 4604 1340 4676 coepit
1387 4604 1772 4676 promulgare
1814 4605 2148 4662 doctrinam
2198 4625 2213 4664 :

572 4694 783 4752 itidem
820 4698 886 4750 ut
931 4691 1296 4760 Valentinus,
1339 4693 1559 4751 saecula
1597 4694 1917 4752 invisibilia
1945 4695 2218 4752 introdu-

569 4799 757 4840 cens:
789 4787 844 4840 et
881 4782 1092 4840 eadem
1120 4799 1253 4856 quae
1308 4782 1664 4838 Saturninus
1711 4789 1768 4840 et
1826 4785 2078 4841 Marcion
2141 4783 2216 4840 de

563 4870 809 4945 nuptiis,
868 4871 1269 4944 corruptione,
1333 4878 1392 4929 et
1455 4872 1867 4940 fornicatione,
1927 4873 2216 4944 nugando

561 4961 838 5018 efi‘utiens
872 4977 886 5017 :
913 4977 984 5019 ac
1011 4967 1298 5033 praeterea
1316 4960 1532 5018 Adami
1556 4961 1728 5018 saluti
1746 4978 1817 5017 ex
1841 4978 1903 5018 se
1920 4977 2217 5034 repugna-

561 5053 666 5110 vit.
694 5052 875 5122 Cujus
895 5066 1203 5109 successor
1224 5053 1497 5119 Severus,
1527 5051 1802 5108 haaresim
1833 5050 1990 5107 illius
2024 5052 2216 5123 magis

563 5141 742 5198 etiam
781 5142 957 5213 286
979 5141 1313 5211 adaugens,
1333 5156 1580 5198 causam
1606 5141 1876 5214 arripuit,
1907 5157 2012 5197 cur
2033 5146 2217 5197 secta-

568 5231 798 5288 toribus
836 5231 994 5288 illius
1023 5230 1116 5288 ad
1142 5247 1204 5287 se
1243 5231 1572 5304 pertractis,
1609 5247 1646 5288 a
1677 5247 1788 5287 suo
1816 5232 1944 5303 ipse
1973 5231 2217 5288 nomine

561 5321 915 5378 Severianos
938 5335 1042 5377 eos
1062 5326 1318 5378 vocaret.
1344 5323 1556 5392 Legem
1579 5321 1845 5394 quidem,
1867 5321 2213 5392 prophetas,

557 5412 614 5467 e't
638 5410 771 5484 ipsa
825 5411 1143 5482 Evangelia
1179 5411 1218 5467 ii
1257 5426 1499 5485 quoque
1551 5411 1843 5484 recipiunt
1898 5425 1912 5464 :
1956 5409 2215 5484 propriis

559 5501 930 5574 quibusdam
957 5500 1567 5575 interpretationibus,
1588 5506 1765 5574 prout
1781 5501 1864 5556 eis
1888 5505 1975 5558 est
1995 5498 2211 5568 visum,

2334 1866 2835 1943 ἁπηρυθριασμίνως
2892 1869 3240 1943 βλασφημῶν.
3307 1871 3407 1923 Τὸν
3478 1865 3530 1922 δ’
3599 1867 3897 1922 Οὐαλεντίνου

2335 1956 2500 2031 βυθὸν
2551 1959 2761 2034 ἄπειρον
2809 1961 2835 2012 ὁ
2873 1960 3144 2034 Εἰρηναῖος
3177 1959 3408 2033 εὐχερῶς
3450 1955 3787 2022 διαπλεύσας,
3829 1963 3907 2009 καί

2331 2056 2427 2111 τὴν
2479 2051 2707 2103 κάτωθεν
2772 2047 2937 2122 ἀφανῆ
2995 2053 3086 2102 καὶ
3141 2048 3426 2102 λαοπλάνον
3486 2047 3638 2114 ὕλην,
3690 2050 3771 2100 τὸν
3825 2045 3899 2120 ἰμ-

2333 2141 2624 2215 φωλεύοντα
2656 2144 2768 2212 ὅφιν
2813 2147 2910 2201 τῆς
2959 2137 3159 2201 πλάνης
3209 2137 3398 2191 ἐκεῖθεν
3439 2136 3632 2201 ἰξέλκει
3666 2141 3752 2189 καὶ
3786 2136 3896 2189 ἄκο-

2329 2238 2540 2305 γυμνοῖ,
2596 2229 2869 2288 λεληθυῖαν
2915 2225 3078 2282 οὖσαν
3132 2230 3202 2291 ὡς
3248 2229 3317 2280 τὰ
3351 2226 3521 2280 πολλὰ
3565 2231 3656 2280 καὶ
3710 2225 3900 2300 ἀπόκρυο
4004 2267 4005 2305 φ

2332 2340 2443 2394 φον.
2494 2326 2596 2374 Καὶ
2645 2319 2860 2390 Μάρκον
2913 2313 2966 2371 δ’
3040 2317 3209 2391 ἕτερον
3265 2317 3382 2369 κατ’
3441 2316 3636 2379 αὐτοὺς
3694 2318 3902 2388 γενέσθαι

2330 2408 2486 2482 λέγει,
2535 2408 2747 2471 κυϐείας
2800 2415 2896 2470 τῆς
2936 2408 3074 2460 κατὰ
3123 2410 3356 2478 μαγικήν
3400 2405 3758 2479 ἐμπειρότατον
3784 2422 3798 2437 ⁶
3845 2406 3902 2459 ὧν

2334 2501 2426 2562 τὰς
2478 2499 2722 2574 μυσαρὰς
2791 2496 2996 2559 τελετὰς
3056 2498 3261 2558 τούτοις
3327 2491 3450 2554 δῆτ’
3528 2494 3752 2568 ἐκφαίνει
3813 2502 3903 2557 τοῖς

2330 2590 2677 2661 γράμμασινο
2733 2605 2759 2638 α
2819 2587 2886 2639 Οἱ
2941 2589 3030 2658 μὶν
3084 2587 3188 2658 γὰρ
3241 2591 3412 2638 αῦτῶν
3470 2592 3720 2658 νυμφῶνα
3769 2603 3900 2638 καταο

2331 2679 2676 2746 σκευάζουσι,
2717 2680 2808 2729 καὶ
2863 2679 3235 2749 μυσταγωγίας
3285 2673 3590 2727 ἐπιτελοῦσι
3636 2673 3742 2746 μετ’
3784 2673 3903 2747 ίπιρο

2330 2767 2531 2842 ῥήσεων
2613 2784 2761 2818 τινων
2823 2772 2934 2827 τοῖς
2993 2763 3310 2836 τελουμένοις
3335 2781 3351 2796 ο
3417 2768 3508 2816 καὶ
3585 2765 3899 2832 πνευματικόν

2330 2857 2499 2927 γάμον
2551 2856 2844 2927 φάσκουσιν
2900 2850 3030 2906 εἶναι
3078 2857 3138 2906 τὸ
3189 2852 3276 2905 ὑπ’
3331 2851 3500 2905 αὐτῶν
3539 2856 3791 2924 γινόμενον
3826 2871 3902 2904 και

2331 2947 2399 2996 τὰ
2429 2948 2524 3002 τὴν
2551 2945 2834 3017 ὁμοιότητα
2861 2950 2962 2995 τῶν
2995 2943 3101 2994 ἄνω
3137 2942 3406 3012 συξυγιῶν
3437 2956 3456 2973 ⁸
3493 2944 3548 2994 οἱ
3604 2938 3664 2994 δι
3714 2940 3898 3013 ἄγουσιν
4004 2939 4005 2976 Ὺ

2333 3032 2404 3093 εἰς
2432 3029 2576 3106 ὕδωρ
2606 3049 2619 3063 °
2673 3037 2766 3084 καὶ
2815 3029 3176 3105 βαπτίζοντες,
3225 3031 3394 3092 οὕτως
3447 3028 3793 3101 ἰπιλὲγουσιν,
3827 3029 3899 3089 Εἰς

2331 3215 2534 3282 μητέρα
2585 3212 2789 3263 πάντων
2825 3228 2838 3243 ο
2903 3214 2994 3262 καὶ
3050 3209 3120 3270 εἰς
3167 3212 3255 3261 τὸν
3321 3207 3636 3261 κατελθόντα

2332 3299 2559 3357 Ἰησοῦν.
2617 3299 2737 3353 Εἰσί
2792 3295 2852 3352 δε
2901 3300 2952 3351 οἰ
3004 3301 3095 3350 καὶ
3155 3295 3407 3371 Ἑϐραϊκὰ
3459 3297 3695 3369 ὀνόματα
3756 3294 3898 3348 ίπιλέ-
4004 3319 4005 3364 1

2330 3407 2491 3459 γουσι
2541 3391 2664 3462 πρὸς
2713 3391 2806 3447 τὴν
2857 3395 2957 3440 τῶν
3012 3385 3323 3458 τελουμένων
3403 3385 3602 3458 μᾶλλον
3671 3384 3901 3440 κατάπλη-

2333 3476 2434 3541 ξιν.

2958 3673 3203 3728 ΚΕΦΑΔ.
3237 3668 3306 3728 Δ’.

2333 3787 2483 3856 Περὶ
2521 3786 2841 3835 Τατιανοῦ
2868 3784 2976 3833 καὶ
3015 3785 3436 3856 Σευηριανοῦ,
3465 3783 3582 3833 καὶ
3618 3785 3734 3841 τῆς
3766 3775 3904 3849 αίρί-

2678 3888 2681 3890 -
2724 3871 2880 3913 σεως
2915 3860 3036 3904 τῶν
3072 3852 3540 3925 Ἐγκρατιττῶν.

2400 3978 2532 4033 Ἀπὸ
2597 3981 2771 4051 μέντοι
2835 3982 3142 4051 Σατορνίνου
3190 3996 3244 4030 τε
3301 3982 3391 4030 καὶ
3466 3979 3772 4050 Μαρκίωνος
3824 3976 3896 4029 τὴν

2331 4069 2530 4143 αἰρεσιν
2583 4076 2681 4121 τῶν
2737 4069 3088 4143 Ἐγκρατιτῶν
3141 4061 3616 4139 σὺστῆναί’φασιν
3648 4083 3663 4097 ⁸
3713 4065 3772 4126 ἧς
3826 4081 3896 4114 ια’

2329 4156 2516 4230 τάρξαι
2560 4159 2807 4210 Τατιανόν
2859 4156 3012 4227 λόγος
3058 4158 3192 4228 ἔχει,
3247 4159 3304 4218 ὃς
3343 4157 3593 4229 μαθητὴς
3640 4155 3889 4208 Ἰουστίνον

2326 4254 2417 4301 τοῦ
2478 4247 2743 4321 μάρτυρος
2798 4245 3170 4320 ἐχρημάτιζεν.
3233 4244 3379 4317 Ἀλγ’
3443 4245 3536 4306 ἕως
3759 4245 3895 4309 ἰκτίνῳ

2330 4345 2510 4400 συνῆν,
2559 4331 2711 4389 οὐδέν
2771 4355 2824 4388 τι
2870 4343 3100 4389 τοιοῦτον
3172 4333 3429 4407 ἐξήνεγκε.
3487 4335 3640 4390 Μετᾶ
3713 4329 3769 4386 δε
3816 4335 3887 4387 τὴν

2328 4426 2514 4480 ἐκείνου
2583 4424 2864 4489 τελείωσιν,
2933 4425 3149 4498 οἰήματι
3223 4421 3587 4485 διδασκαλίας
3648 4423 3885 4496 φυσηθεὶς.

2328 4520 2397 4579 ὡς
2446 4524 2544 4569 τῶν
2599 4515 2788 4568 λοιπῶν
2841 4516 3134 4588 ὑπερφέρων
3184 4521 3248 4588 τῇ
3303 4520 3516 4586 γνώσει,
3577 4510 3717 4567 ἰδίου
3769 4506 3890 4564 διδα·

2330 4606 2546 4658 σκαλίου
2584 4603 2836 4679 κατῆρξεν
2860 4622 2874 4635 ·
2929 4603 3112 4667 ἐπίσης
3170 4603 3490 4675 Οὗαλεντίνῳ
3539 4603 3731 4665 αἰῶνας
3771 4599 3891 4672 ἀορά-

2327 4708 2444 4756 τους
2495 4693 2918 4767 ὑποστησάμενος
2947 4711 2959 4723 ’
3018 4692 3364 4768 παραπλήσια
3412 4689 3472 4746 δε
3516 4696 3795 4766 Σατορνίνῳ
3824 4689 3889 4738 καὶ

2328 4789 2599 4858 Μαρκίωνι
2688 4789 2806 4856 περὶ
2873 4784 3042 4856 γάμου
3120 4789 3210 4836 καὶ
3271 4785 3458 4858 φθορᾶς
3531 4787 3627 4835 καὶ
3697 4781 3890 4854 πορνείας

2327 4875 2662 4948 φληναφήσας
2702 4891 2714 4904 ⁸
2783 4875 2904 4947 παρ’
2956 4873 3096 4944 αὐτῷ
3151 4869 3209 4926 δε
3253 4872 3424 4926 αἰτίαν
3491 4871 3643 4935 ξένην
3702 4878 3758 4943 τῇ
3822 4868 3887 4918 τοῦ

2328 4960 2506 5035 Ἀδὰμ
2539 4967 2776 5038 σωτηρίᾳ
2814 4961 3092 5024 ἐπινοήσας
3115 4979 3129 4993 ⁶
3175 4963 3236 5015 οὗ
3277 4970 3496 5036 Σευῆρος
3527 4958 3786 5032 διάδοχος
3821 4961 3888 5011 τὴν

2327 5050 2520 5106 ἑκείνου
2580 5051 2664 5105 ίπὶ
2720 5052 2910 5125 μᾶλλον
2961 5054 3219 5127 κρατύνας
3271 5053 3491 5126 αἰρεσιν,
3549 5051 3723 5104 αἰτίαν
3792 5049 3888 5114 ἔσχε

2325 5148 2387 5214 τῇ
2444 5138 2558 5214 ἰδίᾳ
2626 5145 2960 5216 Προσηγορίᾳ
3021 5144 3144 5204 τοὺς
3207 5139 3261 5204 ἐξ
3319 5143 3510 5194 ἐκείνου
3560 5143 3693 5214 πρὸς
3753 5134 3886 5189 ἑαυτὸν

2324 5230 2730 5304 ίφελκύσασθαι,
2799 5236 2889 5284 καὶ
2955 5234 3297 5303 Σευηριανούς
3377 5229 3638 5302 ὀνομάσαι
3668 5243 3683 5257 ·
3751 5229 3884 5294 Νόμαν

2323 5323 2412 5391 μεν
2464 5316 2552 5373 οὖν
2597 5325 2686 5373 καὶ
2741 5324 3037 5393 προφήτας,
3069 5325 3160 5373 καὶ
3205 5319 3350 5372 οὗτοι
3404 5317 3681 5391 δέχονται,
3723 5318 3799 5367 καί
3836 5311 3884 5361 τὰ

2325 5409 2652 5482 Εὖαγγέλιαο
2706 5405 2870 5472 ἰδίαις
2912 5414 3050 5462 τισὶν
3107 5409 3401 5482 ἑρμηνείαις
3455 5412 3584 5484 πρὸς
3634 5411 3691 5460 τὸ
3736 5401 3879 5457 δοκοῦν

2325 5497 2546 5566 ἑαυτοῖς,
2597 5501 2662 5553 τὰ
2716 5505 2814 5562 τῆς
2869 5499 3004 5574 ἱερᾶς
3064 5504 3273 5575 Γραφῆς
3327 5498 3749 5573 μεθαρμόζοντες.
3804 5490 3876 5542 ἴδ’

625 5627 698 5700 (1)
727 5627 1028 5698 Tatianus,
1055 5625 1485 5688 Encratitarum
1507 5625 1750 5684 haeresis
1780 5629 2011 5685 auctor.
2050 5625 2388 5687 Encratitm
2420 5628 2621 5684 autem
2650 5625 2949 5696 dicuntur,
2979 5623 3156 5699 quasi
3192 5620 3588 5682 continentes.

3558 3119 3627 3180 εἰς
3691 3118 3898 3176 ἀλήθειαν
4004 3105 4005 3162 Ῑ

3706 3207 3774 3268 εἰς
3827 3209 3898 3259 τὸν
4004 3229 4005 3232 π
