4040 6224
196 304 318 365 985

192 427 610 512 ἀπόστολον
694 427 898 484 Παῦλον
989 425 1434 502 βλασφημοῦντες,

657 523 750 572 καὶ
789 521 847 572 τό
896 526 997 571 τῶν
1042 517 1360 572 Ἐπιστολῶν
1400 518 1559 573 αύτοῦ
1599 503 1803 594 βιϐλίον

188 590 536 692 ξᾴηέᾶπίᾈσιν
573 607 865 671 ,ἀθετοῦσιν
894 629 912 644 ο
971 607 1158 670 iniqu;
1219 604 1278 662 δὲ
1329 613 1422 662 καὶ
1475 613 1568 668 τὴν
1599 590 1804 682 ’βίϐλον

189 699 636 773 τῷν.,,,ῐιράξεων.,
672 698 734 752 Ὀ
776 702 950 772 μέντοι
995 696 1268 764 Τατιανός,
1327 704 1639 771 συναγωγήν
1685 719 1808 752 τινα

341 791 775 862 συναφειανβτῶν
829 789 974 841 θείων
1052 787 1380 860 Εὖαγγελίων
1440 793 1804 861 πεποιημένος,

184 883 293 948 τὴν
323 880 436 933 Διά
474 877 813 952 τεσσάρων
852 876 1028 950 ἐκείνῳ
1056 882 1413 952 προσηγορίαν
1435 874 1586 931 ἔδοτο
1617 894 1630 908 ⁸
1664 878 1690 930 ὃ
1714 882 1809 931 καὶ

185 968 420 1042 ἓπιπολύ
454 975 670 1041 ,προῆγε
713 973 821 1036 τοῦ,
849 972 1048 1042 χρόνου
1087 984 1101 999 ο
1138 971 1274 1021 Φασὶ
1317 964 1376 1020 δὲ
1423 966 1579 1020 αὐτόν
1611 972 1700 1021 καὶ
1729 987 1806 1020 τι-

179 1078 282 1130 νας
362 1045 455 1122 τοῦ
515 1053 836 1134 ’.Αποστόλου
902 1058 1236 1131 μεταφράσαι
1304 1058 1492 1129 φωνὰς,
1569 1053 1808 1132 έπιδιορ-

190 1150 448 1221 θούμενος
484 1144 656 1207 ,δῆθεν
699 1150 759 1199 τὸ
811 1153 904 1208 τῆς
955 1148 1194 1222 φράσεως
1257 1145 1489 1210 ἆκαλλές.
1554 1146 1690 1200 Πολύ
1745 1145 1806 1201 δέ

186 1257 249 1291 τι
302 1237 500 1299 πλῆθος
557 1225 986 1309 συγγραμμάτων
1025 1238 1052 1289 ό
1096 1240 1346 1298 Τατιανός
1387 1236 1753 1290 καταλελοιπεν
1785 1253 1803 1268 ο

185 1328 265 1381 ὧν
306 1327 334 1380 ὁ
363 1326 601 1400 μάλιστα
652 1322 935 1389 διαϐόητος
994 1325 1133 1398 αύτῷ
1187 1326 1343 1398 λόγος
1379 1330 1543 1392 ἰστὶν,
1585 1325 1636 1387 ὃς
1674 1325 1807 1398 πρός

183 1416 444 1478 Ἕλληνας
483 1401 860 1489 ἰπιγέγραπται
887 1431 901 1445 ⁸
954 1414 1003 1469 ἔν
1123 1424 1223 1468 τῶν
1282 1414 1339 1469 ἐκ
1394 1415 1620 1469 παλαιοῦ
1674 1421 1806 1488 χρό-

189 1527 298 1574 νων
347 1508 694 1579 μεμνημένος,
739 1513 839 1566 τῶν
877 1523 932 1558 τε
976 1504 1101 1577 παρ’
1140 1502 1388 1563 Ἕλλησιν
1436 1503 1674 1577 ἀρχαίων
1712 1509 1804 1558 καὶ

190 1603 297 1648 τῶν
380 1601 672 1669 προφητῶν-
724 1592 1066 1669 ,παλαιότερον
1119 1593 1207 1646 τόν
1285 1600 1517 1652 Μωῦσῆν
1591 1590 1803 1660 ἀποδεί-

188 1703 400 1738 κνυσιν.
435 1683 532 1746 ⁴Ος
562 1679 630 1743 δὴ
679 1682 851 1756 λόγος,
891 1685 1096 1738 πάντων
1144 1691 1244 1736 τῶν
1295 1683 1436 1755 αὐτῷ
1481 1687 1806 1756 συγγραφέν-

1260 300 1829 361 ΕΟΟΙΕΞΙΑΞΤΙΟᾸΞ
1865 302 2230 361 HlSTORI/E
2268 303 2402 362 LIB.
2445 303 2537 365 IV.

3461 306 3578 368 980.

1512 435 1806 504 σκώμμασι
1834 438 1884 492 Α
1912 446 2116 489 sacras
2140 431 2474 504 Scripturas
2505 433 3053 493 accommodantes.
3081 433 3431 508 Apostolum
3461 450 3570 491 au-

1914 524 2032 576 tem
2063 521 2314 578 Paulum
2348 522 2676 580 maledictis
2700 530 2761 580 et
2787 525 3066 581 conviciis
3092 524 3566 596 proscindentes,

1911 608 2308 682 Epistolarum
2334 613 2464 684 ejus
2485 613 2726 680 librum,
2751 619 2807 670 et
2826 615 2965 670 item
2987 614 3400 685 apostolorum
3421 615 3570 672 Acta.

1912 713 2159 769 prorsus
2225 701 2520 773 rejiciunt.
2571 702 2852 759 Tatianus
2907 719 3089 776 porro
3142 703 3248 760 iste
3307 709 3570 776 quatuor

1914 789 2372 860 Evangeliorum
2425 792 2909 849 conciliationem
2956 798 3013 850 et
3075 792 3567 850 concordantiam

1912 875 2068 945 fecit,
2123 879 2296 952 eique
2333 880 2486 937 libro
2538 897 2761 938 nomen
2812 885 2908 936 Διά
2950 884 3218 957 τεσσάρων
3257 882 3568 954 imposuit,

1913 967 1975 1022 id
1996 975 2084 1024 est
2101 971 2296 1026 Unum
2317 970 2700 1041 Evangelium
2729 987 2802 1027 ex
2823 977 3081 1044 quatuor
3101 971 3434 1037 collectum,
3457 970 3566 1042 qui

1914 1052 2096 1126 longo
2123 1060 2306 1115 etiam
2335 1059 2572 1117 duravit
2597 1066 2886 1133 tempore.
2920 1063 3132 1118 Ferunt
3157 1076 3294 1116 eum
3319 1075 3567 1132 quoque

1912 1145 2218 1218 quasdam
2261 1149 2525 1220 Apostoli
2578 1149 2948 1207 transtulisse
2987 1154 3167 1221 atque
3215 1149 3568 1206 immutasse

1915 1249 2108 1300 voces,
2144 1242 2203 1292 ut
2244 1237 2466 1295 scilicet
2494 1239 2928 1297 inelaboratam
2959 1239 3309 1296 elocutionis
3341 1238 3566 1310 expoli-

1911 1329 1999 1381 ret
2017 1325 2480 1397 simplicitatem.
2511 1330 2782 1398 Magnam
2810 1334 3098 1401 prasterea
3123 1328 3415 1384 librorum
3442 1328 3566 1383 vim

1911 1413 1962 1468 is
1991 1413 2264 1486 reliquit:
2298 1417 2358 1472 in
2389 1417 2612 1489 quibus
2643 1419 2907 1494 maxime
2937 1417 3289 1483 celebratur,
3320 1433 3458 1489 quin
3485 1417 3566 1474 ad

1912 1504 2148 1585 Graecos
2173 1505 2297 1585 sive
2335 1513 2543 1583 gentes.
2564 1508 2783 1579 scripta
2821 1507 2900 1563 ab
2930 1523 3000 1563 eo
3031 1512 3121 1562 est
3149 1508 3359 1563 oratio.
3391 1507 3456 1562 In
3495 1522 3569 1564 ea

1911 1597 2178 1650 veterum
2221 1584 2558 1667 temporum
2595 1597 2946 1653 memoriam
2989 1612 3060 1652 ac
3103 1596 3331 1668 priscos
3370 1610 3566 1667 perse-

1910 1683 2430 1754 q.uens,.omnium
2458 1685 2842 1758 antiquorum
2889 1686 3054 1757 apud
3086 1687 3318 1742 Graecos
3346 1690 3402 1741 et
3431 1701 3567 1757 pro-

193 1794 300 1836 ’ξων
353 1769 501 1828 δοκεί
556 1773 836 1832 κάλλιστος
895 1772 1036 1828 εἶναι
1090 1778 1180 1826 καὶ
1233 1772 1625 1847 ὠφελιμώτατος
1659 1791 1673 1804 '
1733 1776 1797 1836 ὡς

1911 1770 2230 1842 phetarum
2268 1774 2731 1836 vetustissimum
2781 1774 2966 1832 fuisse
3007 1777 3203 1831 Mosen
3251 1774 3563 1831 ostendit:

191 1861 356 1936 κάμοὶ
394 1861 686 1935 ἀναγνῶναι
733 1865 950 1935 ἐγένετο.
1009 1869 1241 1916 Τοιαῦτα
1288 1868 1380 1916 καὶ
1421 1864 1486 1915 τὰ
1513 1864 1650 1915 κατὰ
1678 1865 1804 1924 τοὺς

191 1955 250 2006 ix
278 1959 563 2024 Τατιανοῦ,
593 1953 639 2006 εἰ
677 1949 736 2006 δε
767 1949 963 2027 βούλει,
994 1960 1306 2029 Σευηριανοῦ
1331 1951 1547 2028 προέϐη.

816 2243 1061 2292 ΚΕΦΔΛ.
1103 2236 1179 2293 Ε’.

205 2337 397 2421 Ὁπως
436 2347 645 2421 ἡ-ςοῦ
712 2348 1123 2421 Θεοῦ-χάρις
1168 2346 1398 2421 τός-τῶν
1455 2346 1800 2421 αἶρε-τι-κ-ῶν

205 2433 214 2441 ·
261 2413 695 2491 διεσκέδασε,
763 2413 965 2470 πολλᾶ
1020 2413 1151 2491 ’καὶ
1217 2417 1417 2491 ἄλλοιΔ
1451 2413 1802 2491 πρόϐαλλο-

260 2493 473 2562 μένη’
517 2487 961 2562 ἀναστήσασα
1021 2485 1091 2542 δε
1129 2494 1239 2562 καὶ
1303 2485 1548 2562 ἄνδρας
1586 2498 1656 2562 τῇ
1699 2510 1802 2562 αυ-

257 2559 373 2614 τοῦ
418 2560 770 2632 Ἐκκλησία
801 2577 815 2590 ·
879 2565 989 2613 καὶ
1027 2561 1388 2634 κατάλογος
1427 2559 1544 2614 τῶν
1583 2559 1799 2620 ἐκκλη‹

264 2651 544 2685 σιαστικ
568 2640 644 2684 ῶν
686 2651 888 2706 συγγρ
910 2635 1143 2706 αφέων,

262 2758 472 2811 Τούτων
537 2755 651 2809 κατ’
718 2755 943 2818 ἐκείνους
996 2760 1122 2820 τοὺς
1183 2757 1411 2832 χρόνους
1464 2755 1795 2829 ἐπιφυέντων,

191 2851 284 2900 καὶ
341 2842 418 2900 δι’
475 2845 663 2912 αὐτῶν,
721 2848 808 2898 τὸν
862 2845 1089 2921 ἀρχαῖον
1145 2854 1237 2900 τοῦ
1291 2851 1468 2919 γένους
1532 2846 1794 2918 πολέμιον,

189 2938 316 2997 τούς
361 2938 454 3008 μὶν
507 2935 728 3008 οἰκτρῶς
769 2933 931 2996 οὕτως
983 2935 1057 2998 εἰς
1114 2933 1366 2988 ἀπώλειαν
1417 2932 1800 3009 ἐξανδραποδί-

187 3026 351 3089 ζοντα
385 3041 398 3055 ·
451 3031 561 3087 τοῖς
609 3020 661 3077 δ’
718 3025 914 3078 ἔθνεσιν
966 3024 1216 3089 ἐντεῦθεν,
1268 3031 1380 3086 ταῖς
1441 3024 1601 3082 αὐτοῦ
1647 3044 1800 3099 τερα.

183 3120 354 3178 τείαις
403 3119 491 3168 καὶ
561 3113 982 3187 αἰσκρουργίαις,
1052 3111 1362 3186 δυσφημίας
1410 3115 1492 3166 ὅτι
1544 3113 1792 3184 πλείστην

182 3208 499 3280 περιουσίαν
544 3207 634 3257 καὶ
679 3199 930 3262 διαϐολὴν
969 3203 1041 3274 τῷ
1070 3207 1223 3256 παντὶ
1260 3211 1590 3278 Χριστιανῶν
1638 3206 1788 3271 ἔθνει,

183 3299 279 3348 καὶ
331 3302 405 3366 τῷ
442 3296 641 3356 ταύτης
676 3291 1010 3367 σωτηριώδει
1037 3293 1173 3365 λόγῳ
1211 3297 1602 3366 καταχεομένην
1651 3293 1794 3346 εἰσοί-

185 3402 352 3456 γοντα
384 3401 398 3416 ·
456 3384 523 3445 ὡς
574 3381 880 3455 συμϐαίνειν
948 3385 1197 3442 τοιαύτην
1247 3379 1316 3440 δή
1375 3403 1490 3436 τινα
1546 3384 1790 3436 ύπόνοιαν

185 3468 422 3532 δοσσεϐἣ
472 3479 584 3534 τοῖς
654 3476 814 3544 μήπω
864 3475 1186 3532 πιστεύσασι
1240 3472 1359 3525 καθ’
1415 3474 1562 3545 ἡμῶν
1611 3469 1795 3526 διαδί-

187 3559 405 3626 δοσθαι,
445 3562 647 3635 ,οἷοίπερ
697 3559 962 3633 ἀθεμίτοις
1017 3563 1188 3636 ἔργοις
1236 3565 1363 3635 πρὸς
1407 3565 1638 3636 μητέρας
1700 3566 1796 3615 καὶ

183 3646 418 3724 ἀδελφὰς
462 3653 766 3723 χρωμένων,
826 3648 1058 3712 ἀνοσίαις
1131 3669 1184 3703 τε
1233 3647 1463 3712 διαίταις
1513 3655 1603 3703 καὶ
1649 3651 1794 3704 πολι.

178 3745 362 3801 nime
413 3742 554 3812 ἡμᾶς
631 3738 1009 3813 ένασχημονεῖν
1036 3757 1050 3771 ·
1102 3739 1198 3793 οὐκ
1263 3743 1472 3810 ἤνεγκεν
1529 3739 1827 3794 έπιπλεῖον·

175 3833 498 3903 παραμένειν
543 3829 726 3890 αὐτούς
764 3830 791 3882 ὁ
844 3837 936 3891 τῆς
982 3830 1128 3902 ἡμῶν
1174 3824 1460 3901 κηδόμενος
1508 3834 1788 3902 σωτηρίας.

173 3919 338 3972 Ὀθεν
391 3924 480 3971 καὶ
537 3920 605 3971 τὰ
653 3920 780 3970 νόθα
839 3927 932 3979 τῆς
973 3917 1284 3979 Ἐκκλησίας
1341 3914 1583 3990 δόγματα
1632 3939 1793 3972 κατα-

181 4011 378 4084 μικρὸν
431 4004 731 4080 διᾴττοντα,
775 4004 1318 4074 θᾶττονέσϐέννυντο,
1369 4012 1458 4060 καὶ
1501 4009 1589 4060 ὑπ’
1621 4008 1789 4060 αὐτῶν

178 4097 576 4170 ἀπηλέγχοντο,
658 4097 821 4150 ἄλλων
888 4097 966 4150 ἐπ’

183 4191 279 4242 καὶ
347 4186 765 4260 ἐπανισταμένων
853 4185 1112 4253 ἀλλήλοις,
1196 4189 1369 4261 ὥσπερ
1436 4186 1485 4240 ἓν
1546 4189 1791 4259 κυμάτων

183 4279 614 4332 ἓπαναστάσεσιν
647 4293 662 4308 ⁸
717 4275 1072 4351 ύπορῥεόντων
1151 4275 1232 4328 ἀεὶ
1294 4281 1385 4329 καὶ
1450 4278 1790 4352 φθειρομνων

183 4367 264 4430 εἰς
292 4365 536 4430 ποικίλας
580 4367 720 4427 τινὰς
748 4371 841 4418 καὶ
893 4364 1256 4437 πολυτρόπους
1291 4362 1436 4428 ἰδέας
1461 4383 1474 4396 θ
1516 4370 1608 4419 καὶ
1651 4365 1792 4428 τέλος

185 4457 264 4519 εἰς
303 4455 363 4509 τό
415 4454 776 4509 ἀνυπόστατον
826 4454 1252 4528 καταληγύντων.
1301 4453 1588 4528 Προῦϐαινε
1635 4451 1695 4508 δε
1726 4458 1793 4509 τὰ

181 4552 279 4606 τῆς
331 4544 594 4608 ἀληθείας,
645 4549 735 4598 καὶ
788 4543 877 4596 ἐπὶ
940 4546 997 4597 τὸ
1047 4543 1240 4617 μᾶλλον
1296 4549 1499 4618 προῄει,
1568 4545 1791 4608 αὔξησίν

184 4655 314 4689 τινα
361 4639 448 4688 καὶ
525 4635 742 4708 μέγεθος
801 4639 1062 4696 συνεστὼς
1129 4633 1456 4707 ποριςούσης
1520 4635 1788 4687 ἐντεῦθενο

186 4723 279 4778 ἀεὶ
329 4727 431 4798 γὰρ
490 4723 737 4785 ὡσαύτως
793 4723 932 4795 είχεν
989 4725 1021 4782 ἡ
1067 4731 1164 4786 τῆς
1203 4723 1426 4776 καθόλου
1479 4723 1794 4786 Ἐκκλησίας

183 4814 494 4890 λαμπρότης
540 4832 597 4866 τε
638 4818 728 4867 καὶ
756 4815 1082 4875 κατάστασις
1112 4828 1126 4841 ⁸
1173 4817 1232 4866 τό
1281 4831 1335 4866 τε
1391 4816 1574 4885 σεμνόν
1627 4814 1791 4876 αὐτῆς

190 4908 288 4957 καὶ
321 4912 524 4977 σῶφρον
570 4907 659 4956 καὶ
703 4901 988 4977 έλευθέριον
1018 4920 1032 4933 ·
1057 4907 1148 4954 καὶ
1195 4906 1256 4956 τὸ
1311 4909 1404 4964 τῆς
1444 4905 1615 4956 ἐνθέου
1647 4903 1792 4956 πολι-

191 4997 332 5055 τείας
385 4997 568 5059 αύτῆς,
630 4996 718 5046 καὶ
782 4991 1048 5068 εἰλικρινὲς
1117 4999 1214 5054 τῆς
1277 4992 1601 5064 φιλοσοφίας,
1675 4991 1792 5046 Ἐλ-

187 5082 317 5142 λησί
344 5103 401 5136 τε
447 5087 536 5136 καὶ
589 5081 876 5157 βαρϐαροις
923 5081 1234 5135 ἀποστίλϐον
1281 5082 1421 5154 μάλα
1467 5084 1788 5156 καθεωρᾶτο.

1053 4096 1229 4160 ἄλλοις
1291 4101 1787 4171 καινοτομουμένων,

191 5179 296 5228 Καὶ
335 5178 501 5226 τοίνυν
542 5172 743 5226 ἐκείνων
797 5172 885 5226 οἷα
921 5169 1040 5231 δῆτ’
1094 5173 1465 5225 ανυποστοίτων
1501 5181 1575 5243 τῷ
1603 5180 1789 5246 μακρῷ

189 5267 370 5338 χρὼῳ
421 5259 788 5338 διαρρυέντων,
836 5267 926 5315 καὶ
956 5263 987 5320 ἠ
1039 5268 1130 5314 τοῦ
1167 5263 1286 5315 καθ’
1340 5263 1480 5334 ἡμᾶς
1529 5259 1791 5335 δόγματος

190 5349 414 5411 διαϐολὴ
459 5351 737 5428 συνεῤῥύη.
768 5356 913 5411 Μόνη
950 5347 1000 5404 δ’
1031 5353 1063 5410 ἠ
1115 5351 1234 5403 καθ’
1271 5352 1413 5424 ἡμας
1446 5350 1791 5425 ἀνομολογου-

184 5445 316 5516 μένη
367 5438 581 5495 διετέλει
633 5445 815 5504 πίστις
865 5461 921 5495 τε
971 5445 1062 5494 καὶ
1113 5437 1442 5494 διδασκαλία
1491 5441 1577 5494 ἐπὶ
1621 5449 1793 5515 σεμνῷ

186 5549 246 5585 τε
291 5534 384 5584 καὶ
439 5536 667 5606 σώφρονι
702 5535 1094 5602 καταστήματι,
1147 5535 1236 5582 καὶ
1276 5529 1561 5602 φιλοσοφία
1591 5527 1793 5603 δογμά-

187 5638 294 5676 των
326 5617 628 5700 ἀκραιφνῶν
657 5622 1050 5698 ¹ετειπρίπονοά
1074 5621 1193 5683 ’ὡς
1229 5615 1423 5694 μηδενὶ
1471 5627 1565 5674 τοῦ
1591 5620 1794 5676 λοιποῦ

1909 1860 2010 1935 qui
2027 1861 2176 1918 liber
2196 1863 2326 1934 ejus
2347 1863 2619 1920 omnium
2639 1880 2794 1935 quos
2813 1863 2908 1920 ille
2929 1864 3301 1936 conscripsit,
3325 1864 3565 1934 elegan-

1911 1949 2180 2007 tissimus
2207 1951 2458 2017 videtur,
2489 1953 2660 2009 sicuti
2698 1959 2754 2009 et
2785 1969 2880 2009 me
2909 1953 3104 2022 legere
3135 1952 3402 2009 memini.
3428 1953 3564 2009 Haec

1908 2039 1984 2096 de
2015 2045 2176 2098 secta
2199 2041 2449 2114 Tatiani,
2476 2057 2581 2099 seu
2623 2043 2838 2111 mavis,
2889 2042 3209 2109 Severiani,
3243 2042 3402 2100 dicta
3439 2041 3565 2099 suf-

1908 2126 2134 2187 ﬁciant.

2577 2240 2802 2296 CAPUT
2838 2241 2903 2294 V.

1917 2344 1988 2401 Ut
2001 2344 2202 2414 gratia
2221 2345 2332 2401 Dei
2343 2344 2753 2402 haereticorum
2769 2352 3016 2402 conatus
3029 2345 3369 2403 discusserit
3386 2363 3405 2401 :
3430 2362 3564 2402 cum

1978 2418 2173 2473 multa
2194 2417 2350 2472 alias
2375 2417 2456 2474 eis
2472 2419 2890 2486 impedimenta
2921 2419 3226 2486 obiiciens,
3248 2423 3370 2472 tum
3402 2418 3566 2473 viros

1920 2541 1922 2543 .
1979 2487 2202 2560 doctos,
2234 2490 2566 2560 eloquentes
2603 2497 2655 2545 et
2681 2491 2814 2560 pios
2854 2491 2915 2544 in
2960 2490 3228 2546 Ecclesia
3271 2489 3560 2560 excitans.

1977 2559 2122 2615 Item
2135 2559 2368 2632 catalog
2378 2576 2442 2617 us
2456 2559 2980 2618 ecclesiasticarum
2994 2565 3119 2632 ejus
3135 2561 3409 2630 temporis
3420 2559 3569 2616 serio

1976 2635 2238 2701 piorum.

1977 2757 2064 2814 Ad
2102 2757 2263 2815 hunc
2294 2758 2544 2815 modum
2584 2759 2955 2830 temporibus
2980 2758 3094 2814 illis
3123 2757 3383 2814 haereses
3414 2772 3563 2830 sup-

1904 2848 2307 2920 pullularunt:
2357 2854 2415 2905 et
2463 2864 2570 2920 per
2616 2865 2718 2904 eas
2749 2855 2916 2904 vetus
2951 2848 3185 2917 generis
3215 2847 3400 2903 nostri
3448 2847 3556 2903 ho-

1905 2937 2010 2992 stis
2046 2937 2357 2994 haereticos
2399 2937 2644 3008 quidem
2685 2936 3103 2993 miserabiliter
3144 2936 3203 2991 in
3244 2937 3340 3006 ius
3377 2951 3557 2990 suum

1903 3031 1962 3083 et
1981 3026 2374 3098 perditionem
2400 3026 2720 3096 pertraxit;
2741 3025 2900 3097 apud
2927 3031 3135 3094 gentes
3168 3029 3389 3089 autem,
3424 3023 3554 3079 suis

1900 3119 2028 3188 ipse
2080 3115 2439 3189 portentosis
2492 3115 2883 3186 turpibusque
2939 3114 3326 3178 foeditatibus,
3374 3112 3563 3168 maxi-

1902 3223 2065 3263 mam
2097 3212 2306 3262 contra
2322 3205 2724 3262 Christianum
2755 3220 2996 3271 nomen,
3026 3210 3082 3260 et
3117 3203 3401 3260 salutiferi
3432 3218 3563 3259 ver-

1899 3297 1960 3353 bi
1988 3297 2346 3360 doctrinam,
2370 3295 2747 3366 gravissimaa
2777 3294 3038 3350 infamiae
3068 3294 3437 3350 calumniam
3463 3293 3554 3348 in-

1899 3386 2111 3444 duxit:
2153 3391 2217 3442 ut
2242 3386 2346 3456 qui
2385 3384 2658 3442 nondum
2687 3385 2766 3438 ad
2805 3383 2942 3439 ﬁdei
2985 3390 3202 3440 nostrae
3242 3382 3558 3454 professio-

1900 3490 2040 3532 nem
2056 3480 2253 3531 essent
2282 3474 2580 3546 pertracti,
2614 3472 2864 3544 impiam
2898 3472 3232 3528 admodum
3261 3471 3336 3527 de
3376 3469 3550 3526 nobis

1901 3563 2286 3635 conciperent
2316 3563 2740 3635 suspicionem,
2783 3561 2959 3634 quasi
2989 3561 3263 3625 nefandis
3291 3553 3554 3615 libidini-

1899 3652 2326 3720 bus,matribus
2339 3652 2771 3723 sororibusque
2785 3651 3003 3706 nostris
3015 3666 3148 3705 com
3161 3649 3554 3714 misceremur,

1901 3744 2258 3814 impuroque
2279 3756 2522 3813 prorsus
2543 3740 2845 3796 sceleratas
2871 3739 3004 3795 vitae
3030 3754 3244 3810 genere
3261 3743 3436 3793 conta
3447 3736 3552 3792 mi-

1899 3846 2201 3886 naremur.
2237 3830 2349 3885 Sed
2389 3845 2509 3884 non
2547 3829 2652 3884 diu
2677 3828 2990 3884 haareticos
3033 3827 3179 3890 tulit,
3207 3827 3311 3898 qui
3348 3823 3555 3880 salutis

1900 3925 2116 3974 nostrae
2161 3935 2368 3974 curam
2400 3917 2565 3986 gerit,
2599 3919 2770 3972 Deus.
2805 3921 2954 3973 Nam
3002 3915 3335 3971 adulterina
3369 3911 3558 3968 Eccle-

1901 4009 2001 4064 siae
2027 4009 2485 4079 dogmata,qua3
2510 4006 2792 4078 paulatim
2818 4007 3208 4068 emicuerant,
3223 4003 3388 4058 brevi
3419 4007 3556 4056 sunt

1900 4099 2177 4164 extincta,
2220 4102 2277 4153 et
2313 4113 2350 4154 a
2393 4096 2604 4165 seipsis
2630 4095 2799 4166 287
2839 4097 2989 4150 inter
3027 4110 3088 4150 se
3137 4093 3379 4159 abolita,
3413 4108 3550 4149 cum

1901 4189 1998 4246 alii
2018 4204 2197 4259 super
2224 4185 2372 4243 alios
2399 4186 2570 4240 novis
2600 4184 2781 4241 rebus
2827 4185 3150 4250 studerent,
3193 4188 3370 4255 atque
3401 4183 3554 4239 inter

1900 4295 1962 4335 se
2017 4277 2500 4334 conflictarentur
2546 4292 2565 4331 ι
2613 4289 2735 4330 non
2787 4274 2954 4331 aliter
3011 4290 3200 4347 quam
3255 4273 3546 4329 ﬂuctuum

1899 4367 2334 4426 commotiones
2360 4365 2732 4437 insurgentes
2765 4363 3042 4429 subinde,
3065 4368 3244 4435 atque
3261 4361 3552 4418 deciden-

1903 4463 2008 4524 tes,
2048 4456 2112 4511 in
2162 4455 2359 4514 varias
2407 4453 2883 4527 multiplicesque
2941 4453 3167 4509 abeunt
3211 4452 3456 4518 formas,
3498 4456 3555 4509 et

1903 4549 2205 4618 postremo
2233 4549 2297 4600 ut
2342 4543 2486 4599 nihil
2547 4559 2758 4599 eorum
2809 4547 3102 4614 appareat
3165 4547 3550 4598 evanescunt.

1900 4637 2134 4700 Contra,
2164 4633 2428 4690 veritatis
2455 4633 2646 4704 ipsius
2675 4648 2861 4689 causa
2892 4637 3018 4688 tum
3050 4633 3417 4687 incrementa
3437 4647 3551 4686 sua

1898 4724 2194 4796 capiebat,
2210 4722 2523 4794 magisque
2544 4723 2605 4777 in
2624 4721 2751 4778 dies
2773 4721 3124 4793 augebatur,
3141 4721 3551 4776 accessionem

1897 4812 2230 4886 quamdam
2259 4817 2315 4868 et
2346 4812 2529 4868 robur
2549 4816 2779 4867 certum
2817 4826 2890 4867 ex
2918 4809 3333 4866 haereticorum
3364 4807 3552 4863 insul-

1900 4908 1959 4961 tu
1991 4918 2256 4959 sumens.
2291 4902 2536 4972 Semper
2561 4903 2720 4956 enim
2751 4899 2860 4955 sibi
2910 4897 3228 4954 constabat
3277 4897 3548 4954 Ecclesia;

1897 4992 2206 5049 catholicae
2237 4989 2524 5063 splendor
2560 4995 2616 5046 et
2647 4994 2810 5045 satus
2844 5002 2857 5040 :
2904 4993 2960 5043 et
2987 4988 3230 5043 castitas
3259 4987 3410 5057 ejus,
3443 5001 3553 5057 pu-

1898 5082 2120 5147 dicitia,
2142 5079 2656 5144 libertas,divinus
2685 5078 2818 5133 vita:
2839 5091 3199 5147 morumque
3219 5075 3551 5147 disciplinas

1899 5170 2070 5235 ordo,
2101 5169 2509 5241 doctrinaeque
2535 5166 2864 5230 sinceritas,
2897 5165 3063 5237 apud
3102 5167 3334 5221 Graecos
3374 5165 3554 5220 simul

1903 5268 1960 5318 et
2007 5260 2295 5318 Barbaros
2327 5257 2574 5313 miriﬁce
2630 5255 2890 5311 relucere
2938 5254 3313 5310 cernebatur.
3357 5259 3550 5327 Atque

1899 5351 2012 5412 illis
2045 5353 2250 5422 utpote
2273 5362 2410 5420 quae
2441 5345 2685 5401 minime
2708 5342 3056 5406 subsistant.
3093 5343 3380 5415 temporis
3417 5344 3547 5400 lon-

1899 5439 2232 5512 ginquitate
2283 5434 2718 5502 difﬂuentibus,
2767 5432 2946 5488 simul
3005 5432 3185 5488 etiam
3234 5437 3438 5492 coorta
3488 5434 3550 5491 in

1898 5529 2236 5586 doctrinam
2267 5531 2536 5583 nostram
2565 5522 2865 5580 invidiosa
2907 5521 3208 5580 calumnia
3244 5520 3501 5580 diffluxit
3533 5539 3553 5592 ;

1899 5617 2146 5693 solaque
2171 5631 2359 5693 quam
2387 5630 2502 5696 nos
2547 5611 2901 5690 proﬁtemur
2949 5612 3100 5672 ﬁdes
3151 5615 3220 5672 et.
3258 5611 3553 5676 doctrina.
