4000 6220
468 246 584 309 987

1798 254 2189 317 NlCEPHOBI
2224 252 2541 316 CALLISTI

3709 258 3807 317 988

472 377 968 455 sinearorumque
1018 381 1373 454 dogmatum
1415 383 1819 458 philosophia,
1851 386 1911 443 in
1958 388 2124 443 casto

2248 383 2418 448 ἱξιτναι
2460 381 2742 457 δύσφημόν
2793 400 2848 436 τι
2895 385 2987 437 καὶ
3024 380 3247 457 ἄσιμνον
3288 381 3485 456 τολμᾷν
3511 383 3631 437 κατ’
3663 385 3811 450 αὐτῆς

473 466 655 525 simul
696 474 754 526 et
793 486 944 543 puro
996 476 1149 529 statu
1179 489 1289 531 suo
1335 473 1580 547 pulchre
1626 480 1806 549 atque
1846 474 2126 532 decenter

476 558 752 630 perstitit,
790 563 853 615 ut
889 559 1172 634 deinceps
1201 578 1381 619 nemo
1412 564 1584 622 facile
1612 580 1719 638 per
1756 563 2124 622 calumniam

476 652 685 705 contra
721 663 857 705 eam
884 649 1111 707 infame
1133 651 1472 726 quidquam
1511 660 1569 712 et
1601 653 1950 711 indecorum
1990 668 2126 726 pro-

474 734 626 793 ferre
651 737 915 794 auderet.
946 740 1139 806 Quam
1170 756 1293 798 rem
1326 748 1573 810 veteres,
1596 744 1643 799 si
1672 744 1774 817 qui
1799 742 2128 816 aliquando

476 824 765 881 adversus
778 827 1043 884 Ecclesiae
1058 829 1366 888 catholicas
1378 832 1717 889 doctrinam
1730 834 2124 904 insurgerent,

474 913 538 972 in
571 914 778 987 primis
829 916 1031 974 studio
1066 918 1426 988 habuerunt,
1468 927 1711 994 propter
1747 921 2126 994 impurorum

477 1006 535 1061 et
563 1004 953 1077 profanorum
993 1006 1310 1065 hominum
1352 1010 1885 1085 vaniloquentiam.
1918 1012 1985 1066 Et
2011 1009 2128 1066 hoc

479 1092 727 1166 quidem
752 1093 837 1151 sic
865 1096 997 1169 ipsa
1030 1098 1222 1168 gratia
1266 1102 1324 1156 et
1362 1100 1733 1172 providentia
1759 1099 1861 1157 Dei
1900 1098 2123 1168 multis,

479 1182 563 1239 ita
583 1188 649 1240 ut
673 1183 890 1251 decuit,
920 1185 1115 1243 modis
1135 1187 1430 1246 eﬂiciebat
1460 1204 1475 1245 :
1508 1190 1900 1247 nihilominus
1929 1194 2129 1246 tamen

480 1269 583 1326 illa
616 1270 763 1328 alios
780 1288 1044 1347 quoque.
1067 1277 1172 1349 qui
1210 1278 1509 1348 ejusmodi
1530 1278 1924 1337 deliramenta
1939 1294 2132 1351 oppu-

482 1366 754 1430 gnarent,
786 1363 847 1419 in
873 1364 1141 1423 medium
1160 1366 1461 1438 produxit,
1476 1383 1616 1425 cum
1636 1367 1987 1442 perniciosis
2011 1367 2130 1425 illis

482 1454 540 1505 et
578 1452 1001 1509 consceleratis
1031 1455 1247 1526 pedem
1285 1456 1629 1525 collaturos,
1655 1464 1713 1514 et
1742 1473 1864 1515 non
1893 1461 2130 1514 tantum

481 1538 653 1596 editis
680 1539 867 1609 libris,
898 1558 1110 1600 verum
1141 1545 1320 1602 etiam
1346 1545 1474 1602 sine
1504 1546 1729 1620 scripto
1774 1545 2133 1604 ﬁrmissimis

482 1628 1065 1688 demonstrationum
1095 1637 1276 1707 atque
1306 1635 1607 1693 rationum
1647 1634 2130 1709 probationibus,

2230 478 2486 548 χρωμένῳ
2508 470 2727 546 διαϐολῇ
2755 471 3008 549 ἆπιφίριιν
3030 492 3045 507 ο
3072 471 3109 524 ἃ
3130 469 3166 527 δ
3168 476 3198 531 ἠ
3224 478 3334 534 τοῖς
3358 472 3520 525 πάλαι
3546 470 3581 525 δ
3586 474 3641 525 ιὰ
3666 492 3810 527 σπου-

2234 561 2330 624 δῆς
2379 559 2535 630 ἦσαν,
2593 561 3077 636 ίπισυνισταμίνοις
3128 564 3268 615 κατὰ
3318 569 3412 615 τοῦ
3462 561 3686 615 καθόλου
3732 573 3809 627 τῆς

2233 651 2550 715 Ἐκκλησίας
2604 647 2872 724 δόγματος
2925 658 3017 713 τῆς
3052 658 3155 704 τῶν
3197 648 3430 723 βεϐήλων
3482 652 3650 725 χάριν
3694 670 3806 705 κενο-

2236 744 2442 814 φωνίας.
2501 744 2604 795 Καὶ
2657 747 2811 794 τοῦτο
2866 743 2958 813 μεν
3006 742 3036 800 ἡ
3077 746 3171 793 τοῦ
3218 746 3355 794 Θιοῠ
3384 741 3607 814 πρόνοιά
3657 759 3709 794 τε
3738 748 3810 795 καὶ

2234 832 2400 906 χάρις
2426 829 2629 892 πολλοῖς
2668 833 2879 905 τρόποις
2916 832 2986 892 ὡς
3033 831 3206 905 χρεὼν
3238 824 3586 902 διεπράττετο
3620 842 3638 859 ⁸
3698 828 3813 901 ὅμως

2238 916 2290 973 δ’
2315 915 2405 986 Ῐαῦ
2452 926 2570 983 ταῖς
2609 921 2878 981 τοιαύταις
2924 917 3244 991 ίρισχελίαις
3296 916 3815 994 ἀντιστρατηγοῦντα

2236 1011 2330 1062 καί
2372 1026 2517 1071 τινας
2571 1008 2775 1084 ἑτέρους
2832 1015 3069 1081 παρῆγεν
3122 1007 3197 1070 εἰς
3260 1010 3441 1080 μίσον,
3521 1007 3684 1079 ὁμόσε
3725 1015 3815 1070 τοῖς

2237 1095 2529 1173 ἅλιτηρίοις
2571 1101 2662 1150 καὶ
2719 1095 3070 1170 παλαμναίοις
3129 1097 3335 1157 τούτοις
3390 1101 3717 1170 χωροῦντας,
3767 1095 3815 1149 οὗ

2237 1182 2315 1240 δι’
2342 1185 2608 1261 ἔγγραφε-ιν
2653 1186 2808 1258 μόνον
2859 1186 2999 1238 κατὰ
3046 1192 3148 1238 τῶν
3185 1182 3348 1238 ἀθέων
3376 1190 3472 1237 τοῦ
3502 1179 3735 1254 ψεύδους
3755 1186 3818 1236 αἱς

2235 1280 2429 1351 ρίσεων
2485 1278 2930 1349 στρατευομένοις,
2980 1272 3111 1326 ἀλλὰ
3155 1278 3249 1326 καὶ
3307 1269 3385 1326 δι’
3442 1271 3692 1345 ἄγράγων
3745 1276 3815 1326 ui

2240 1361 2605 1439 ἀδαμαντίνων
2658 1366 2724 1425 ὥς
2778 1363 2937 1417 εἰπεῖν
2995 1358 3337 1426 ἆποδιίξοων.
3378 1360 3467 1415 Ἐν
3520 1362 3601 1421 οἷς
3647 1369 3817 1433 πρῶτος

2239 1456 2372 1528 μιτᾶ
2442 1453 2713 1526 Κλήμεντα
2790 1455 2879 1505 καὶ
2956 1452 3211 1523 Ἰγνάτιον
3301 1455 3395 1504 καὶ
3481 1448 3817 1526 Πολύκαρπον,

2240 1543 2522 1605 ’ἰουστίνος
2549 1545 2578 1596 6
2624 1542 2932 1617 inide’l
2962 1540 3237 1615 φιλόσοφος
3272 1537 3334 1600 ἦν
3374 1557 3393 1571 ⁶
3444 1541 3597 1601 ὅστις
3644 1536 3701 1598 ἦν
3749 1544 3819 1593 καὶ

2240 1633 2369 1699 οἶος,
2409 1630 2601 1686 ἐκείνου
2646 1631 2904 1704 λέγοντος,
2959 1632 3012 1682 ἐν
3048 1637 3112 1703 τῇ
3167 1628 3271 1703 πρό
3315 1631 3521 1691 ταύτης
3547 1624 3821 1699 δ
3934 1640 3935 1647 ‘

484 1718 810 1791 impiarum
865 1720 1183 1779 haresium
1229 1724 1548 1782 mendacia
1592 1724 2023 1782 debellaturos.
2068 1724 2133 1781 In

2248 1724 2469 1798 ἱστορίᾳ.
2529 1722 2677 1776 Μετὰ
2730 1717 2792 1775 δε
2844 1726 3030 1773 τοῦτον
3104 1718 3444 1792 Ἡγήσιππος
3519 1716 3816 1793 ἕγνυρίζιτν.

483 1808 705 1881 quibus
734 1814 873 1881 post
896 1810 1279 1879 Clementem,
1310 1814 1604 1886 lgnatium
1625 1820 1682 1871 et
1704 1816 2122 1888 Polycarpum,

485 1896 718 1969 primus
759 1897 1031 1955 Justinus
1083 1915 1152 1957 ex
1193 1902 1569 1976 philosophis
1617 1909 1847 1976 martyr
1875 1902 2026 1959 fuit:
2057 1903 2134 1960 de

486 2001 610 2058 quo
636 1986 696 2042 in
729 1988 1022 2059 proximo,
1044 1990 1321 2063 quihunc
1342 1993 1662 2063 praseessit,
1677 1993 1829 2049 libro
1845 1992 2132 2049 diximus.

487 2077 625 2131 Post
670 2092 810 2132 eum
855 2078 1229 2151 Hegesippus
1274 2080 1519 2137 laudem
1559 2082 1811 2139 multam
1855 2082 2133 2139 obtinuit.

484 2162 711 2221 Abhoc
728 2166 931 2222 tertius
964 2168 1309 2241 Dionysius,
1326 2170 1768 2228 Corinthiorum
1789 2172 2133 2245 episcopus.

490 2257 764 2323 Quartus,
792 2256 1196 2314 Antiocheam
1233 2260 1617 2332 Theophilus.
1658 2261 1882 2318 Deinde
1920 2260 2139 2334 Philip-

488 2361 623 2420 pus,
655 2350 713 2402 et
762 2344 1077 2413 Modestus,
1136 2348 1348 2414 Melite,
1391 2350 1793 2422 Apollinarius
1846 2354 1905 2407 et
1949 2353 2141 2408 Iuw

489 2451 623 2491 nus.
669 2435 1012 2493 Secundum
1041 2436 1151 2494 hos
1181 2438 1485 2496 decimum
1534 2439 1734 2497 locum
1780 2444 2141 2497 consecutus

491 2530 582 2582 est
607 2524 972 2583 Bardesanes
997 2527 1202 2599 Syrus.
1232 2528 1340 2595 Qui
1364 2544 1508 2585 sane
1526 2544 1737 2587 omnes
1760 2529 2022 2603 plurima
2043 2545 2143 2587 va-

490 2614 704 2687 riaque
743 2615 1108 2689 reliquerunt
1158 2619 1516 2689 scriptorum
1565 2624 2006 2676 monumenta:
2066 2618 2142 2676 de

490 2702 734 2777 quibus,
765 2709 1063 2776 quantum
1093 2706 1442 2777 poterimus,
1470 2707 1532 2765 in
1562 2708 1833 2780 praesenti
1868 2707 2141 2767 dicemus

494 2798 680 2851 tome.
717 2794 895 2865 288
937 2794 1121 2851 Sicuti
1150 2795 1210 2851 in
1241 2795 1486 2869 reliquis
1513 2812 1756 2870 quoque
1801 2796 2090 2855 faciemus
2121 2812 2140 2854 :

492 2896 604 2938 nec
642 2881 997 2939 memoriam
1026 2882 1263 2941 illorum
1293 2884 1397 2958 qui
1429 2885 1611 2943 hosce
1640 2890 1780 2943 sunt
1813 2885 2138 2955 subsecuti,

491 2970 845 3028 intercidere
902 2971 1218 3044 patiemur.
1270 2973 1578 3031 Faciemus
1628 2975 1809 3032 etiam
1856 2976 2141 3049 deinceps

489 3060 857 3117 mentionem
876 3062 1158 3129 Pantmni,
1177 3067 1235 3119 et
1261 3062 1639 3120 Alexandrini
1664 3064 2001 3131 Clementis,
2032 3065 2139 3138 qui

487 3164 526 3205 a
553 3147 861 3205 volumine
890 3164 1000 3205 suo
1038 3151 1500 3221 cognominatus
1529 3158 1617 3209 est
1645 3156 2000 3228 Στρωματεύς,
2033 3169 2140 3210 seu

493 3240 849 3296 Contextor:
883 3243 1169 3311 praterea
1189 3240 1495 3297 Rbodonis
1510 3247 1569 3298 et
1586 3242 1878 3308 Miltiade,
1906 3241 2139 3315 Apollo-

492 3327 575 3384 nii
602 3332 657 3384 et
683 3328 1046 3401 Serapionis,
1067 3330 1272 3387 lrenasi
1297 3330 1688 3405 etllippolyti,
1707 3336 1764 3389 et
1786 3336 2140 3390 casterorum

494 3431 686 3490 usque
709 3416 788 3473 ad
816 3418 1015 3491 ipsum
1036 3417 1451 3477 doctissimum
1481 3420 1780 3492 Originem
1814 3433 1829 3475 :
1857 3421 1963 3495 qui
1999 3436 2140 3478 ora-

492 3504 673 3564 tionis
700 3506 935 3578 virtute,
966 3507 1258 3575 doctrina,
1293 3510 1819 3584 monumentisque
1855 3509 2142 3569 librorum

493 3594 825 3668 plurimum
849 3595 1203 3669 professioni
1234 3596 1582 3656 Christianas
1608 3599 1985 3657 contulerunt
2015 3614 2143 3657 mo-

2240 1816 2429 1886 Τρίτος
2456 1814 2538 1864 ἰπὶ
2594 1812 2763 1883 τούτῳ
2808 1811 3079 1872 Διονύσιος
3120 1805 3179 1868 ἦν
3224 1809 3252 1860 ό
3293 1807 3588 1882 Κορινθίων
3641 1806 3818 1859 ἐπίσκο-

2240 1921 2356 1965 πος.
2408 1903 2664 1975 Τέταρτος
2712 1901 2741 1952 6
2778 1906 2870 1961 τῆς
2921 1899 3205 1971 ’Δντιόχου
3257 1895 3534 1970 Θεόφιλος.
3601 1894 3821 1957 Φίλιππος

2241 1990 2326 2045 ἰπὶ
2364 1992 2570 2051 τούτοις
2611 1994 2700 2043 καὶ
2754 1984 3025 2049 Μόδεστος
3055 2006 3070 2021 ο
3116 1984 3228 2040 εἶτα
3255 1985 3518 2050 Μιλίτων,
3552 1984 3819 2039 ’Δπολλινὲ-
3934 2046 3935 2051 η

2238 2086 2354 2157 ριός
2404 2099 2459 2134 τι
2487 2082 2577 2132 καὶ
2622 2082 2900 2141 Μουσανός
2928 2096 2946 2112 ν
2988 2076 3073 2130 ἰπὶ
3113 2078 3316 2137 τούτοις
3359 2078 3451 2129 τὸν
3483 2071 3701 2128 δέκατον

2239 2188 2408 2246 ραινιν
2440 2168 2659 2244 ἀριθμόν
2707 2164 3050 2241 Βαρδησεὶνός
3095 2166 3123 2218 6
3182 2168 3369 2240 Σύρος.
3432 2162 3502 2217 Οἱ
3540 2159 3611 2223 δή
3666 2166 3821 2225 Mirm

2242 2260 2464 2315 πλιίστα
2506 2262 2597 2312 καὶ
2659 2254 2890 2333 διάφορα
2971 2255 3334 2329 συγρὸιμματᾶ
3385 2252 3784 2307 καταλελοίπασι
3804 2265 3818 2282 ⁸

2240 2353 2363 2425 περὶ
2391 2348 2459 2401 ὧν
2505 2349 2575 2411 ὡς
2617 2345 2724 2400 ἑνόν
2758 2365 2820 2418 1s
2856 2353 2930 2417 τῷ
2958 2349 3180 2417 παρόντι
3228 2348 3374 2416 τόμῳ
3428 2339 3783 2414 διαληψόμεθιι
3804 2361 3820 2377 ·

2245 2442 2314 2502 ὡς
2357 2434 2427 2497 δὴ
2466 2434 2565 2490 κᾶν
2616 2442 2723 2497 τοῖς
2761 2435 3024 2489 ιίσίπειτα
3071 2430 3358 2509 δράσομεν,
3397 2440 3501 2486 τῶν
3557 2436 3685 2505 μετὰ
3726 2431 3820 2483 τού-

2245 2543 2370 2590 τους
2405 2526 2581 2600 ἑφεξῆς
2630 2529 2724 2585 τήν
2761 2528 2939 2599 μνείαν
2994 2522 3223 2582 ἄληστον
3266 2517 3670 2597 διατηροῦντες.
3709 2525 3822 2574 Παν-

2246 2621 2425 2671 ταίνου
2478 2619 2582 2690 γὰρ
2655 2618 2715 2668 τὸ
2791 2615 2923 2688 μιτᾶ
2973 2620 3127 2666 τοῦτο
3178 2617 3546 2686 μιμνήσομαι,
3601 2614 3687 2663 καὶ
3748 2615 3821 2662 τοῦ

2247 2702 2623 2778 ’Δλιξανδρίως
2697 2702 2981 2776 Κλήμενος,
3056 2701 3112 2763 ὃς
3189 2698 3259 2761 δή
3326 2698 3430 2753 ἀπὸ
3512 2707 3610 2761 τῆς
3664 2696 3823 2772 βίϐλου

2247 2798 2586 2869 Στρωματεὺς
2639 2793 2921 2866 ὠνομάσθη
2963 2805 2978 2820 ⁸
3032 2798 3128 2845 τοῦ
3173 2808 3229 2843 τε
3265 2786 3525 2853 Ῥόδωνος
3581 2792 3669 2842 καὶ
3712 2786 3826 2842 Μιλ-

2248 2882 2458 2951 τιάδου,
2516 2881 2862 2938 ’Δπολλωνίου
2916 2899 2971 2935 τι
3046 2884 3138 2934 καὶ
3194 2887 3287 2933 τοῦ
3346 2884 3695 2954 Σεραπίωνος,
3751 2881 3823 2929 καὶ

2247 2981 2342 3028 τοῦ
2394 2974 2695 3048 Εἰρηναίου,
2753 2975 2845 3024 καὶ
2899 2968 3229 3035 Ἱππολύτου,
3289 2972 3377 3021 καὶ
3446 2976 3555 3021 τῶν
3613 2966 3825 3032 καθεξῆς,

2248 3065 2384 3139 ἄχρι
2414 3059 2483 3121 δὴ
2536 3066 2625 3115 καὶ
2668 3059 2831 3114 αύτοῦ
2876 3067 2980 3113 τῶν
3029 3057 3365 3131 πολυμαθοῦς
3411 3056 3709 3131 Ὠριγίνους
3736 3070 3751 3086 ⁶
3782 3055 3823 3107 ἓν

2248 3171 2303 3206 τι
2355 3150 2513 3223 λόγου
2566 3145 2787 3221 δυνάμει
2843 3151 2934 3201 καὶ
2990 3142 3343 3219 διδασκαλίᾳ,
3398 3150 3730 3220 συγγραμῐς
3779 3159 3823 3196 τε

2250 3239 2465 3315 βίϐλων,
2494 3241 2562 3293 τὰ
2610 3242 2839 3313 μέγιστα
2878 3244 2979 3290 τῶν
3024 3235 3144 3290 καθ’
3193 3237 3333 3309 ἡμᾶς
3374 3234 3518 3308 λόγῳ
3561 3234 3821 3309 συναραμὲ·

2248 3351 2367 3386 νων.
2422 3332 2551 3404 Πιρὶ
2628 3331 2807 3401 μέντοι
2882 3328 3083 3393 Παπία,
3149 3320 3443 3401 Κοδριξτου,
3518 3317 3823 3399 Ἀριστείδου

2248 3424 2339 3473 καὶ
2428 3420 2697 3493 Κάστορος
2786 3418 3187 3492 προιιρήκαμεν.
3289 3414 3451 3470 una
3534 3418 3655 3488 πιρὶ
3734 3417 3812 3465 τᾶν

2252 3509 2646 3584 συγγρμμοίτων
2708 3505 3000 3562 ’Ῑουστίνου
3068 3507 3130 3558 τό
3207 3520 3270 3577 γε
3325 3510 3414 3557 νῦν
3487 3504 3621 3577 ἕχον
3666 3497 3822 3557 διολι-

2249 3602 2425 3652 πτίον.

493 3685 704 3742 menti.
744 3686 825 3744 De
871 3686 1052 3760 Papia
1087 3686 1352 3760 quidem,
1397 3688 1722 3755 Quadrato,
1778 3688 2034 3747 Aristide
2085 3693 2144 3749 et
2195 3689 2439 3747 Castore
2485 3688 2667 3745 antea
2730 3683 3015 3743 diximus.
3065 3684 3235 3743 Nunc
3293 3681 3370 3740 de
3415 3679 3638 3740 Justini
3686 3676 3828 3739 libris

495 3789 772 3848 agamus.

1148 3923 1372 3981 CAPUT
1400 3920 1496 3979 VI.

496 4028 580 4086 De
601 4026 791 4096 libris,
813 4045 958 4102 quos
975 4030 1247 4161 Iustine?
1443 4036 1742 4160 {gnam/res
1755 4030 2149 4104 philosophus

1224 4120 1280 4160 m
1433 4121 1456 4161 ι
1487 4146 1503 4163 .

2874 3928 3119 3982 usus.
3140 3924 3237 4002 ς.

2256 4029 2409 4103 Περὶ
2446 4024 2530 4080 ὧν
2590 4024 2989 4103 συνιτμιὶξατο
3054 4023 3261 4103 λόγων
3311 4020 3730 4083 ἰουστίνοςό
3779 4022 3823 4072 ιν

2708 4098 2988 4174 μάρτυσι
3024 4095 3393 4170 φιλόσοφος.

572 4216 870 4275 Permulta
897 4217 948 4277 is
975 4218 1223 4291 quidem
1261 4219 1446 4277 edidit
1484 4220 1747 4292 scripta:
1779 4234 1917 4292 qua
1948 4222 2140 4276 autem

2325 4216 2508 4287 Τούτῳ
2552 4212 2717 4267 πολλὰ
2892 4212 3186 4286 συνεγράγη
3239 4209 3419 4285 βιϐλία
3455 4225 3474 4241 ·
3507 4208 3547 4261 ει
3572 4204 3625 4263 δ’
3672 4202 3751 4260 οὖν
3769 4202 3823 4264 sic

502 4306 581 4363 ad
610 4321 723 4363 nos
744 4314 1164 4378 pervenerunt,
1177 4309 1305 4366 hac
1335 4314 1511 4366 sunt:
1539 4309 1627 4365 Ad
1648 4308 2014 4365 Antoninum
2043 4308 2149 4381 qui

501 4396 636 4453 Pius
656 4396 1115 4467 cognominatus
1138 4406 1247 4465 est,
1277 4404 1334 4455 et
1358 4396 1578 4456 liberos
1611 4400 1761 4471 ejus,
1787 4400 2151 4455 Romanum-

503 4500 622 4558 que
640 4490 933 4552 senatum,
949 4500 1059 4558 pro
1082 4485 1201 4543 fide
1216 4493 1441 4553 nostra,
1455 4487 1671 4545 oratio.
1697 4488 1892 4544 Altera
1907 4502 2151 4561 quoque

501 4572 772 4647 ejusdem
820 4575 1179 4646 argumenti.
1211 4576 1288 4633 ad
1319 4578 1580 4635 Marcum
1622 4579 1835 4634 Verum
1870 4576 2152 4633 Antonini

501 4678 909 4721 successorem
936 4664 1224 4723 defensio.
1257 4666 1456 4723 Oratio
1490 4667 1632 4723 item
1662 4666 1779 4723 alia
1806 4666 1886 4722 ad
1915 4666 2153 4723 Grmcos

504 4756 746 4828 scripta,
782 4756 844 4812 in
883 4769 1006 4828 qua
1051 4755 1240 4812 multa
1268 4756 1343 4812 de
1372 4760 1590 4813 natura
1618 4754 1967 4812 damonum
2014 4754 2155 4812 iacit

503 4844 726 4902 verba:
756 4860 893 4918 quae
918 4858 1063 4901 sane
1100 4844 1205 4901 diu
1236 4843 1614 4917 multumque
1634 4849 1692 4901 et
1714 4843 1881 4917 apud
1916 4846 2154 4901 Gracos

503 4934 827 5006 sapientes,
841 4938 900 4991 et
913 4932 1079 5006 apud
1093 4940 1327 4990 nostros
1340 4933 1563 5007 agitata
1586 4936 1674 4990 est
1691 4932 1964 5006 quastic.
1985 4931 2158 4989 Liber

504 5038 716 5080 rursus
745 5022 898 5079 alius
946 5023 1023 5079 ad
1073 5025 1308 5080 Grecos
1352 5023 1565 5092 editus,
1610 5023 1783 5094 cujus
1827 5021 2029 5079 titulus
2070 5025 2160 5078 est

506 5112 877 5184 Confutalio.
900 5113 1047 5170 Item
1068 5111 1216 5170 liber
1240 5113 1328 5170 De
1342 5111 1695 5170 monarchia
1715 5111 1842 5177 Dei,
1870 5111 2045 5183 cujus
2067 5126 2159 5168 ar-

506 5208 795 5274 gumenta
810 5208 866 5258 et
894 5201 1059 5258 locos
1079 5217 1203 5259 non
1228 5202 1424 5259 solum
1454 5216 1528 5259 ex
1558 5207 1924 5268 nostrorum,
1949 5215 2157 5257 verum

504 5292 684 5349 etiam
712 5290 1104 5363 profanorum
1133 5298 1449 5349 auctorum
1473 5290 1639 5348 libris
1665 5289 1982 5363 decerpsit.
2014 5289 2161 5347 Prm-

508 5387 669 5439 terea
704 5380 857 5439 liber
896 5381 1001 5455 qui
1047 5380 1390 5439 inscribitur
1440 5382 1695 5439 Psaltes.
1725 5379 2029 5437 Scholium
2082 5378 2162 5436 de

506 5472 733 5539 anima,
763 5470 827 5528 in
849 5486 971 5545 quo
998 5471 1432 5544 questionibus
1466 5470 1643 5529 variis
1663 5468 2162 5543 philosophorum

510 5565 851 5622 Graecorum
884 5560 1171 5637 expositis
1215 5558 1530 5637 opiniones
1556 5558 1861 5637 quosdam
1890 5557 2159 5636 apponit,

2258 4307 2399 4379 ἡμᾶς
2453 4301 2630 4371 ἦλθον,
2696 4302 2863 4356 ταῦτά
2918 4301 3048 4355 ιίσιν
3082 4315 3097 4332 ⁸
3148 4302 3175 4354 6
3222 4302 3354 4375 πρὸς
3418 4298 3716 4355 Ἀντωνῖνον
3757 4296 3823 4346 τόν

2259 4392 2459 4452 Εὐσεϐῆ
2510 4390 2853 4452 ἇπικληθέντα
2898 4394 2990 4443 καὶ
3023 4393 3143 4451 τοὺς
3182 4388 3348 4443 αὐτοῦ
3392 4385 3617 4454 παῖδας,
3669 4390 3751 4444 τήν
3782 4398 3823 4433 τι

2255 4482 2521 4557 Ῥωμαίων
2575 4480 2870 4553 σύγκλητον
2919 4481 3351 4555 προσγυνητικός
3399 4478 3532 4552 ὑπερ
3592 4484 3687 4528 ris
3731 4469 3823 4524 μεθ’

2259 4575 2397 4647 ἡμᾶς
2465 4569 2745 4644 δογμάτων
2821 4573 3058 4645 γραφιίς.
3120 4571 3385 4642 Δεύτερος,
3443 4565 3719 4638 ἀπολογίαν
3756 4577 3821 4613 τι·

2258 4666 2454 4737 ριίχων
2502 4657 2752 4734 διυτίραν
2806 4659 2935 4731 ύπὶρ
2988 4665 3085 4721 τῆς
3142 4660 3290 4731 ἡμῶν
3340 4660 3613 4716 πίστιοςθ
3666 4653 3717 4706 ὃν
3756 4667 3817 4737 ft-

2260 4734 2478 4811 ποίηται
2522 4752 2649 4825 πρὸς
2694 4750 2909 4822 Μάρκον
2960 4746 3166 4820 Ούῆρον
3215 4750 3304 4800 τόν
3333 4744 3639 4799 ’Δντωνίνου
3674 4734 3817 4796 διέδο-

2260 4860 2383 4916 χον.
2443 4841 2550 4896 Καὶ
2594 4837 2746 4898 ἄλλος
2783 4836 2925 4908 αύτῷ
2958 4834 3110 4909 λόγος
3145 4838 3280 4909 πρὸς
3316 4833 3571 4895 Ἕλληνας
3613 4829 3815 4889 ἐπανίοι,

2264 4930 2314 4984 ἂν
2354 4929 2396 5001 ᾧ
2437 4927 2599 4983 πολύν
2635 4934 2866 4981 ποιεῖται
2912 4930 3032 5002 πιρὶ
3070 4933 3168 4989 τῆς
3203 4933 3307 4979 τῶν
3360 4920 3626 4995 δαιμόνων
3661 4921 3815 4994 etiam

2262 5020 2437 5093 λόγον,
2481 5016 2706 5071 πλοίστα
2734 5012 2803 5076 δὴ
2836 5019 2927 5069 καὶ
2975 5014 3226 5077 πολλάκις
3255 5014 3400 5087 παρά
3442 5031 3497 5066 τε
3538 5018 3643 5073 τοῖς
3680 5006 3814 5063 ’5)λῆ-

2263 5129 2363 5164 νυν
2418 5114 2594 5180 σοφοῖς
2635 5110 2725 5160 καὶ
2770 5104 2894 5181 παρ’
2954 5106 3082 5177 ἡμῖν
3144 5102 3559 5166 ἆπιξητηοείσης
3603 5107 3691 5162 τῆς
3724 5096 3812 5148 iw

2270 5200 2475 5258 θέσεως.
2531 5199 2634 5250 Καὶ
2671 5193 2822 5248 ἄλλον
2874 5188 2935 5247 δε
2986 5188 3226 5267 δεύτερον
3277 5195 3411 5268 πρὸς
3453 5189 3694 5249 Ἕλληνας
3721 5182 3809 5268 7ρᾷ-

2267 5306 2370 5362 yet,
2419 5285 2473 5348 ὃς
2532 5283 2824 5360 ἐπιγραφὴν
2874 5280 3182 5355 Ἔλεγχος
3250 5266 3500 5353 εἴληχεν·
3574 5281 3726 5351 ἕτερος
3768 5266 3809 5321 ᾖ

2266 5376 2410 5449 αύτῷ
2431 5377 2588 5450 Περὶ
2626 5380 2788 5429 Θεοῦ
2826 5376 3197 5446 μοναρχίας
3232 5369 3453 5444 ἄγραφο,
3487 5372 3583 5428 τὴν
3604 5368 3805 5422 σύστασιν

2268 5465 2488 5539 εἰληφὼς
2532 5466 2594 5518 ού
2620 5466 2777 5538 μόνον
2826 5460 2885 5515 ἐκ
2929 5468 3030 5515 τῶν
3074 5461 3338 5535 ἡμετέρων
3390 5452 3740 5535 βίϐλων,ωῇ
3763 5464 3802 5539 γι

2268 5551 2339 5620 δὴ
2382 5536 2473 5609 καὶ
2500 5561 2605 5611 τῶν
2623 5536 2850 5631 θύραθεν
2875 5567 2892 5585 °
2938 5549 3025 5607 επὶ
3063 5553 3270 5633 τούτοις
3301 5549 3359 5607 ὃν
3388 5546 3657 5627 ixi-795’s.
3691 5536 3799 5600 ﬂl-

3738 5868 3760 5993 l
