4000 6220
106 313 223 374 989

1158 304 1730 377 ECCLMSTICE
1762 313 2143 375 HISTORIE
2176 316 2315 376 LIB.
2352 317 2451 377 IV.
2478 334 2487 345 ἠ

3376 311 3491 375 990

90 460 214 506 της
240 457 256 473 ο
296 444 386 497 καὶ
440 441 661 516 σχόλιον
714 438 775 498 δε
831 441 1103 497 συντάττει
1147 449 1268 518 περὶ
1309 444 1546 517 ψυχῆς“
1588 441 1646 498 ἄν
1674 444 1716 515 ᾧ

1830 442 2117 501 adversus
2150 460 2306 517 quas
2338 442 2602 501 rationes
2632 458 2777 501 suas
2806 458 2869 501 se
2898 441 3226 517 aliquando
3263 442 3489 516 produ'

93 527 390 606 διαφόρους
449 536 661 596 πεύσεις
709 540 810 587 τῶν
850 534 973 609 παρ’
1011 533 1239 593 Ἕλλησι
1291 533 1583 609 φιλοσόφων
1624 526 1720 587 δι

94 623 327 694 θέμενος,
361 617 517 684 δόξας
560 624 707 685 τινὰς
753 623 1130 697 παρατίθεται·
1184 623 1268 685 αἷς
1322 620 1391 684 δὴ
1440 628 1528 677 καὶ
1572 622 1719 695 λογο-

90 718 203 772 κῶς
256 709 560 770 ἀπαντῆσαι
622 710 1020 784 ἐπαγγέλλεται,
1091 710 1143 775 ές
1202 712 1419 786 ὕστερον
1474 716 1566 765 καὶ
1623 717 1719 770 τήν

93 798 292 853 ἑαυτοῦ
364 796 526 864 δόξαν
613 802 662 854 ἓν
731 799 888 875 ἑτέρῳ
944 802 1257 876 παραθεῖναι
1318 804 1716 876 συγγράμματι.

85 887 305 963 ⁹Ῑίτερον
336 883 398 943 δ“ε
449 894 541 943 καὶ
578 891 745 944 κατὰ
795 894 1189 967 Μαρκίωνος
1250 899 1363 945 τοῦ
1402 896 1720 945 Ποντικοῦ

96 979 381 1031 συντάττει
413 976 645 1051 βιϐλίον,
667 978 718 1033 έν
748 978 787 1051 ᾧ
801 983 1072 1033 καὶταῦτα
1086 976 1306 1045 διέξεισι
1330 994 1347 1011 ·
1376 1002 1405 1031 «
1435 984 1724 1055 Μαρκίωνα

95 1062 168 1121 δέ
228 1086 349 1121 τινα
400 1070 674 1136 Ποντικὸν,
752 1068 808 1131 ὃς
862 1073 955 1123 καὶ
1018 1077 1108 1123 νῦν
1158 1071 1232 1123 ἔτι
1284 1065 1560 1124 διδάσκων
1602 1071 1724 1134 τοὺς

90 1157 439 1229 πυθομένους
494 1156 647 1211 ἄλλον
708 1159 829 1212 τινὰ
882 1154 1011 1212 εἶναι
1072 1159 1303 1232 νομίζειν
1358 1160 1577 1232 μείζονα
1629 1164 1724 1212 τοῦ

92 1242 441 1320 δημιουργοῦ
472 1253 608 1301 Θεοῦ
633 1261 653 1281 ⁸
708 1246 761 1309 ὃς
786 1251 879 1302 καὶ
934 1249 1071 1302 κατὰ
1115 1254 1217 1303 πᾶν
1261 1252 1407 1321 γένος
1442 1246 1725 1323 ἀνθρώπων

91 1331 199 1389 διὰ
255 1343 352 1399 τῆς
418 1343 521 1389 τῶν
586 1332 851 1410 δαιμόνων
907 1336 1219 1410 συλλήψεως
1270 1336 1491 1401 πολλοῦς
1553 1340 1727 1393 ἔπεισε

92 1423 396 1499 βλάσφημα
439 1425 627 1498 λέγειν,
676 1431 769 1480 καὶ
808 1424 1084 1502 ἀρνεῖσθαι
1156 1431 1245 1481 τὸν
1294 1431 1519 1487 ποιητήν
1567 1420 1727 1481 τοῦδε

88 1521 194 1568 τοῦ
222 1516 415 1577 παντὸς
443 1518 653 1590 Πατέρα
706 1512 838 1569 εἶναι
877 1523 971 1569 τοῦ
1010 1524 1249 1593 Χριστοῦ
1281 1532 1297 1547 ·
1329 1516 1482 1571 ἄλλον
1522 1510 1583 1570 δέ
1609 1529 1729 1570 τινα

91 1604 172 1667 ὡς
229 1608 352 1659 ὅντα
406 1604 626 1678 μείζονα
672 1608 820 1681 παρὰ
894 1613 1076 1659 τοῦτον
1129 1605 1404 1680 ὁμολογεῖν
1454 1609 1729 1666 πεποιηκέ-

87 1714 205 1749 ναι.
250 1698 353 1749 Καὶ
397 1696 582 1756 πάντες
629 1696 679 1748 οἱ
718 1693 820 1748 ἀπό
863 1698 1059 1749 τούτων
1119 1698 1444 1770 ὡρμημένοι,
1499 1699 1565 1759 ὡς
1610 1698 1729 1770 έφα-

1826 537 2087 605 cturum,
2139 533 2617 607 sententiamque
2662 550 2837 592 suam
2888 533 3006 591 alio
3048 532 3486 590 commentario

1821 623 2243 695 expositurum
2284 622 2613 696 pollicetur.
2655 623 2827 680 Liber
2865 624 3083 681 Contra
3123 622 3485 680 Marcionem

1826 706 2133 770 Ponticum
2160 713 2557 785 compositus,
2589 713 2649 769 in
2679 729 2823 786 quo,
2857 713 3028 770 sicuti
3047 718 3104 769 et
3125 714 3187 769 in
3215 713 3485 770 oratione

1827 800 1907 859 ad
1926 797 2304 859 amninum
2334 801 2779 875 imperatorem,
2806 802 2937 859 haec
2965 817 3209 876 quoque
3241 801 3479 862 scribit:

1834 910 1863 943 α
1895 889 2150 949 Marcion
2178 892 2456 949 Ponticus
2493 890 2675 949 hodie
2712 906 2957 965 quoque
2997 897 3316 948 sectatores
3344 906 3487 948 suos

1829 979 2024 1047 docet,
2057 979 2239 1037 alim
2280 980 2620 1055 «quemdam
2662 980 2955 1053 majorem
2994 995 3066 1036 eo
3109 980 3215 1053 qui
3268 980 3490 1038 creavit

1830 1070 2059 1139 omnia,
2088 1086 2218 1127 esse
2256 1066 2447 1127 Dec:-
2489 1086 2504 1126 :
2550 1070 2654 1143 qui
2695 1071 2875 1127 etiam
2922 1085 3029 1143 per
3070 1085 3251 1128 omne
3298 1085 3489 1141 genus

1832 1157 2169 1226 hominum,
2227 1159 2577 1217 damnum
2632 1158 2816 1216 fretus
2875 1157 3119 1227 auxilio,
3178 1157 3489 1232 permultis

1832 1248 2152 1321 persuasit,
2180 1252 2244 1305 ut
2272 1247 2634 1322 blasphema
2658 1248 2950 1314 dicerent,
2986 1249 3164 1322 289
3196 1252 3251 1305 et
3281 1263 3492 1321 perne-

1834 1341 2045 1409 garent
2071 1337 2356 1395 factorem
2388 1339 2565 1395 totius
2594 1336 2777 1409 hujus
2804 1337 3068 1394 universi
3096 1342 3325 1409 patrem
3356 1350 3491 1393 esse

1835 1425 2069 1492 Christi,
2100 1425 2206 1483 sed
2244 1426 2429 1484 alium
2467 1428 2798 1500 quemdam
2835 1426 2951 1483 isto
2990 1427 3291 1500 majorem
3327 1425 3491 1483 hunc

1835 1531 2071 1573 creasse
2100 1516 2537 1590 proﬁterentur.
2559 1517 2747 1591 Atque
2771 1529 2985 1574 omnes
3008 1517 3114 1589 qui
3136 1515 3223 1572 ab
3253 1516 3323 1572 iis
3348 1530 3491 1588 pro-

1833 1611 2145 1672 venerunt,
2176 1606 2695 1679 quemadmodum
2731 1605 3009 1671 diximus,
3041 1604 3347 1663 Christiani
3387 1620 3494 1662 vo-

1836 1700 2049 1752 cantur
2079 1711 2095 1752 :
2127 1694 2294 1753 haud
2327 1694 2497 1753 aliter
2532 1711 2740 1770 quam,
2779 1711 2917 1752 cum
2956 1693 3330 1769 philosophis
3360 1704 3489 1753 Ion

94 1801 211 1856 μεν,
243 1787 559 1859 Χριστιανοὶ
595 1783 878 1838 καλοῦνται
909 1800 923 1815 ⁸
959 1782 1014 1838 ὂν
1078 1789 1270 1859 τρόπον
1320 1789 1411 1837 καὶ
1457 1785 1518 1839 οῦ
1544 1794 1719 1840 κοινῶν

1838 1784 1952 1841 sint
2006 1784 2357 1842 communia
2402 1784 2712 1857 dogmata,
2759 1784 2927 1858 quod
2975 1790 3177 1842 tamen
3226 1783 3489 1857 philoso-

95 1876 259 1926 ὄντων
306 1868 588 1945 δογμάτων
661 1880 770 1936 τοῖς
823 1871 981 1947 φιλοσ
1010 1877 1171 1946 ὀφοις,
1223 1875 1284 1927 τὸ
1329 1872 1729 1947 έπικαλοῦμενον

98 1965 267 2036 ὄνομα
308 1968 405 2024 τῆς
442 1962 753 2035 φιλοσοφίας
781 1966 951 2016 κοινόν
980 1962 1145 2018 ἐστιν.
1182 1984 1205 2013 s
1268 1964 1359 2025 οἷς
1399 1963 1513 2028 iii;
1548 1964 1728 2036 έπάγιι

94 2051 262 2123 λέγων
290 2067 303 2082 ·
332 2068 363 2102 α
396 2057 549 2105 Ἔστι
597 2048 657 2105 δε
696 2052 821 2125 ἡμῖν
876 2057 967 2106 καὶ
1027 2054 1328 2127 σύνταγμα
1372 2055 1510 2107 κατὰ
1542 2062 1729 2107 πασῶν

94 2148 203 2193 τῶν
250 2144 600 2214 γεγενημένων
662 2142 911 2215 αἰρέσιων
940 2155 955 2170 ⁸
1004 2141 1044 2213 ᾧ
1075 2141 1119 2195 εἰ
1193 2139 1445 2215 βούλεσθε
1469 2139 1726 2216 έντυχείν,

97 2226 369 2303 δώσομεν.
400 2252 429 2279 τ’
462 2234 559 2284 Καὶ
596 2225 845 2302 διάλογον
883 2226 944 2284 δε
1003 2233 1135 2306 πρὸς
1171 2228 1473 2295 Ἰουδαίους
1501 2239 1729 2286 ποιεῖται

99 2319 155 2372 ὃν
185 2326 250 2393 τῇ
289 2319 542 2391 Ἐφεσίων
596 2315 909 2395 διατρίϐων,
964 2322 1098 2395 πρὸς
1168 2322 1424 2395 Τρύφωνα
1471 2323 1726 2396 έπίσημον

101 2408 226 2481 παρ’
282 2406 541 2481 Ἑϐραίοις
583 2404 756 2483 ἄνδρα
807 2416 1105 2484 προσφωνεί
1134 2426 1148 2441 ’
1192 2407 1242 2462 έν
1403 2418 1582 2484 σαφῶς
1627 2430 1726 2465 πα-

98 2502 281 2571 ριστᾷ,
336 2499 530 2560 ὅπωςή
589 2505 684 2551 τοῦ
729 2505 865 2553 Θεοῦ
902 2500 1066 2575 χάρις
1133 2501 1218 2552 ἰπὶ
1257 2500 1345 2553 τόν
1380 2508 1477 2563 τῆς
1500 2504 1728 2570 πίστεως

99 2595 289 2641 τοῦτον
326 2587 481 2660 λόγον
524 2587 758 2641 εἵλκυσεν
792 2604 805 2618 ·
838 2589 974 2649 ὅπως
1027 2606 1083 2642 τε
1128 2594 1240 2650 τοῖς
1286 2588 1589 2663 φιλοσόφοις
1625 2611 1725 2664 μα-

110 2679 318 2750 Θήμασι
360 2680 461 2737 τὴν
520 2673 765 2736 σπουδὴν
809 2676 1145 2731 κατανάλωσε
1176 2698 1190 2712 ·
1244 2682 1336 2732 καὶ
1384 2682 1453 2742 ὡς
1495 2679 1723 2735 έντεῦθεν

107 2765 352 2840 έκοῦμως
412 2766 503 2821 έπὶ
574 2771 670 2827 τὴν
719 2774 809 2828 τῆς
870 2764 1116 2831 ἄληθείας
1198 2764 1394 2842 έδραμε
1470 2769 1717 2830 ζήτησιν.

110 2859 275 2927 Λέγει
306 2851 385 2923 δι,
427 2857 498 2917 ὡς
524 2860 615 2909 καὶ
671 2852 927 2910 Ἰουδαῖοι
980 2860 1245 2916 συσκευὴν
1285 2858 1423 2910 κατὰ
1459 2865 1554 2922 τῆς
1582 2866 1721 2933 Χρι-

110 2952 239 2998 στοῦ
304 2941 663 3008 διδασκαλίας
736 2949 1143 3011 συνεστήσαντο,
1212 2952 1435 3000 τοιαῦτα
1481 2951 1722 3022 Τρύφωνι

106 3030 317 3098 διεξιών
343 3055 359 3068 ·
404 3054 434 3086 ιι
475 3034 551 3088 Οὐ
608 3038 762 3107 μόνον
786 3030 844 3088 δέ
874 3034 934 3088 οῦ
971 3039 1317 3109 μετενοήσατε
1348 3034 1420 3109 ἐφ’
1458 3038 1531 3098 οἷς
1566 3036 1722 3111 έπρά-

106 3124 233 3188 ξατε
307 3131 507 3192 κακῶς,
584 3123 714 3177 ἀλλὰ
778 3120 978 3199 ἄνδρας
1060 3124 1328 3188 έκλεκτοῦς
1398 3123 1720 3200 έκλεξάμενοι

102 3218 245 3280 τότε,
306 3212 411 3267 ἀπὸ
472 3212 819 3291 Ἰερουσαλήμ
883 3212 1213 3288 ὶξέπέμψατε
1258 3214 1329 3278 εἰς
1392 3220 1567 3269 πᾶσαν
1623 3221 1720 3277 τὴν

104 3312 234 3376 γῆν,
300 3302 533 3376 λέγοντες
586 3305 790 3378 αἳρεσιν
848 3303 1001 3357 ἄθεον
1062 3304 1318 3377 πεφάνθαι
1364 3312 1717 3379 Χριστιανῶν,

111 3392 490 3466 καταλέγοντές
533 3412 588 3447 τε
613 3400 803 3460 ταῦτα,
852 3392 982 3469 άπερ
1040 3394 1162 3446 καθ’
1198 3395 1345 3467 ἡμῶν
1384 3396 1434 3447 οἱ
1471 3393 1718 3468 ἀγνοοῦν-

106 3503 197 3547 τες
236 3486 377 3557 ἠμᾶς
421 3483 642 3545 ἅπαντες
684 3482 924 3555 λέγουσιν
957 3497 973 3511 ⁶
1012 3485 1146 3536 ὥστε
1199 3483 1259 3536 οὐ
1307 3488 1461 3557 μόνον
1509 3482 1721 3549 ἀδικίας

101 3573 313 3635 ἑαυτοῖς
350 3574 513 3627 αἴτιοι
567 3573 855 3648 ὑπάρχετε,
901 3571 1034 3626 ἄλλά
1077 3575 1169 3626 καὶ
1221 3580 1330 3637 τοῖς
1374 3573 1546 3637 ἄλλοις
1586 3576 1722 3629 άπα-

106 3683 198 3717 σιν
245 3662 422 3725 ἁπλῶς
476 3663 785 3737 ἀνθρώποις.
819 3682 851 3715 ι)
897 3662 1090 3738 Γράφει
1147 3658 1208 3716 δέ
1246 3668 1340 3717 καὶ
1386 3664 1464 3717 ὅτι
1505 3663 1590 3718 έπὶ
1617 3673 1721 3719 τῶν

100 3752 274 3805 αὐτοῦ
344 3755 550 3825 χρόνων
629 3756 951 3828 χαρίσματα
1006 3754 1306 3825 προφητικὰ
1356 3753 1439 3807 in‘:
1506 3760 1569 3827 τῇ
1630 3759 1720 3808 τοῦ

101 3848 251 3897 Θεοῦ
300 3840 592 3914 Ἐκκλησία
649 3839 916 3916 διέπρεπε.
983 3845 1289 3915 Παρίστησι
1341 3838 1393 3895 δ’
1447 3843 1498 3895 ἓν
1552 3845 1721 3916 τούτῳ

94 3936 198 3985 καὶ
255 3934 351 3991 τὴν
380 3930 745 4004 Ἀποκάλυψιν
794 3929 1209 4004 ὁμολογουμένην
1257 3926 1385 3984 εἶναι
1413 3938 1505 3984 τοῦ
1544 3930 1721 3987 Ἰωάν-

94 4041 219 4076 νου.
266 4018 385 4074 Ἔτι
412 4039 475 4094 γε
530 4025 635 4094 μὴν
687 4019 953 4074 ένίσταται
993 4016 1281 4092 διελέγχων
1319 4022 1407 4072 τὸν
1444 4023 1715 4096 Τρύφωνα,

96 4114 167 4173 ὡς
246 4106 501 4164 Ἰουδαῖοι
556 4109 723 4163 πολλά
789 4129 909 4163 τινα
988 4117 1091 4161 τῶν
1154 4118 1491 4182 προφητικῶν
1547 4110 1719 4185 ῥητῶν

92 4198 361 4275 περιεῖλον
450 4194 752 4274 διαρῥήδην
829 4201 947 4272 περὶ
1029 4204 1268 4272 Χριστοῦ
1319 4196 1716 4272 ἆναγγέλλοντα.

96 4294 211 4344 Καὶ
248 4286 398 4342 ἄλλοι
444 4284 505 4342 δ“ε
554 4287 792 4342 πλεῖστοι
837 4288 996 4341 πόνοι
1025 4286 1327 4363 έμφέρονται
1374 4294 1466 4341 τοῦ
1502 4284 1715 4363 ἀνδρὸς.

94 4378 263 4432 οὕτω
290 4374 342 4432 δ’
398 4374 535 4437 ἦσαν
586 4373 681 4431 διὰ
720 4373 967 4439 σπουδῆς
1008 4383 1117 4440 τοῖς
1163 4372 1407 4441 παλαιοῖς
1438 4379 1506 4432 τὰ
1531 4377 1714 4447 αὐτοῦ,

95 4471 171 4531 ὡς
198 4472 291 4521 καὶ
320 4466 597 4542 Εἰρηναῖον
647 4464 698 4519 έν
741 4469 972 4544 τετάρτῳ
1001 4474 1122 4520 τῶν
1172 4468 1338 4541 Πρὸς
1390 4468 1499 4529 τὰς
1554 4470 1717 4544 αἰρέ-

1836 1872 1994 1946 phiae
2040 1872 2275 1939 dicitur,
2330 1888 2653 1930 commune
2705 1872 2989 1931 omnibus
3038 1877 3125 1930 est
3165 1887 3407 1930 nomen.
3456 1890 3487 1925 ι

1836 1963 2064 2032 Quibus
2118 1962 2313 2020 verbis
2367 1967 2578 2035 postea
2633 1962 2781 2019 illud
2834 1962 3003 2020 addit
3059 1977 3074 2019 :
3130 1964 3227 2019 Est
3284 1966 3487 2019 autem

1834 2052 2013 2109 nobis
2065 2056 2275 2110 contra
2322 2067 2537 2109 omnes
2593 2051 2850 2109 haereses
2903 2050 3188 2109 volumen
3246 2066 3492 2125 compo-

1834 2141 2036 2207 situm,
2090 2141 2256 2216 quod
2308 2141 2503 2209 vobis,
2553 2142 2603 2198 si
2650 2140 2883 2207 voletis,
2941 2140 3266 2212 legendum
3319 2141 3492 2198 dabi-

1834 2247 1990 2288 mus.
2022 2253 2052 2282 ››
2079 2231 2276 2288 Edidit
2299 2247 2544 2305 quoque
2572 2230 2651 2288 ad
2677 2230 2914 2288 Judaaos
2942 2230 3276 2303 dialogum,
3303 2244 3488 2303 quem

1833 2321 2046 2394 Ephesi
2074 2337 2211 2378 cum
2233 2326 2409 2387 esset,
2432 2320 2754 2394 Tryphoni,
2778 2320 2995 2378 celebri
3019 2320 3183 2394 apud
3205 2319 3487 2377 Hebraeos

1831 2411 1979 2481 viro,
2003 2426 2185 2486 quem
2207 2412 2385 2469 etiam
2407 2411 2469 2469 in
2488 2427 2560 2467 eo
2581 2427 2786 2468 secum
2807 2410 3201 2468 disserentem
3224 2409 3489 2467 introdu-

1832 2501 1929 2571 cit,
1954 2501 2194 2558 dicavit.
2227 2499 2293 2556 In
2324 2515 2397 2557 eo
2426 2499 2582 2557 clare
2612 2499 2944 2573 proﬁtetur,
2980 2500 3180 2556 divina
3209 2500 3400 2570 gratia
3425 2512 3489 2555 se

1830 2591 1910 2649 ad
1952 2590 2092 2648 ﬁdei
2129 2593 2352 2647 nostra:
2400 2589 2840 2662 professionem
2892 2604 3024 2647 esse
3068 2596 3487 2661 pertractum:

1826 2680 2201 2754 proindeque
2227 2694 2365 2736 cum
2396 2678 2653 2736 multum
2682 2678 2862 2735 studii
2891 2678 2951 2735 in
2981 2677 3485 2751 philosophorum

1827 2768 2159 2842 disciplinis
2183 2768 2676 2841 consumpsisset,
2710 2768 2916 2825 animo
2943 2785 3006 2824 se
3045 2766 3376 2840 percupido
3406 2765 3486 2823 ad

1827 2858 2089 2916 veritatis
2138 2857 2588 2931 inquisitionem
2645 2856 3001 2915 decurrisse.
3052 2856 3195 2913 Dicit
3240 2869 3485 2929 quoque

1827 2948 2017 3006 multa
2052 2947 2292 3004 Iudaeos
2331 2952 2540 3003 contra
2579 2945 2794 3004 Christi
2832 2945 3167 3003 doctrinam
3202 2944 3488 3002 insidiose

1827 3037 2067 3095 molitos
2124 3051 2278 3103 esse,
2324 3035 2679 3108 hujusmodi
2727 3036 2806 3092 ad
2853 3035 3237 3109 Tryphonem
3286 3032 3487 3090 verbis

1826 3133 2037 3185 utens:
2070 3147 2095 3179 ε
2123 3129 2251 3184 Non
2294 3126 2477 3183 modo
2519 3131 2722 3183 autem
2766 3140 2889 3182 non
2926 3124 3132 3196 egistis
3174 3139 3357 3197 super
3401 3124 3488 3180 eis

1824 3233 1962 3291 quas
1979 3217 2136 3273 male
2161 3214 2405 3282 fecistis,
2440 3215 2876 3287 pmnitentiam:
2906 3215 3011 3272 sed
3045 3214 3206 3270 viros
3237 3212 3490 3270 eximios

1825 3306 2084 3364 delectos
2120 3304 2543 3378 Hierosolymis
2579 3304 2641 3361 in
2693 3319 2905 3362 omnes
2941 3304 3105 3361 orbis
3147 3309 3345 3376 partes
3382 3302 3490 3360 mi-

1829 3396 2018 3465 sistis,
2048 3395 2153 3469 qui
2190 3394 2591 3452 Christianam
2631 3398 2858 3451 sectam
2890 3397 2953 3451 ut
2985 3393 3225 3450 atheam
3255 3397 3313 3448 et
3340 3391 3491 3448 deos

1826 3483 2191 3551 abolentem,
2245 3484 2689 3557 impietatisque
2736 3482 3065 3539 manifestas
3113 3486 3490 3554 compertam

1828 3589 1961 3631 esse
1982 3573 2247 3630 dicerent
2271 3589 2287 3640 ;
2314 3588 2507 3645 eaque
2533 3572 2739 3629 omnia
2766 3571 2840 3627 de
2866 3571 3062 3637 nobis,
3089 3586 3224 3642 qua
3250 3569 3352 3643 qui
3379 3583 3491 3625 nos

1826 3664 2126 3735 ignorant,
2152 3662 2503 3734 loquuntur,
2534 3665 2929 3718 recenserent.
2964 3660 3338 3732 Quapropter
3365 3670 3489 3714 non

1826 3751 2001 3809 vobis
2028 3756 2262 3808 tantum
2292 3750 2458 3823 ipsis,
2488 3765 2699 3806 verum
2725 3748 2857 3806 aliis
2883 3749 3062 3806 etiam
3088 3764 3339 3822 prorsus
3363 3761 3493 3803 om-

1827 3841 2008 3898 nibus
2028 3840 2375 3898 hominibus
2396 3838 2725 3913 iniquitatis
2740 3838 2883 3895 estis
2905 3842 3196 3895 auctores.
3224 3858 3250 3889 s
3275 3834 3492 3893 Scribit

1826 3936 2135 4004 prasterea,
2177 3933 2347 3986 astate
2388 3943 2498 3985 sua
2542 3928 2706 3984 dona
2748 3927 3097 4000 prophetica
3129 3927 3190 3983 in
3230 3925 3490 3983 Ecclesia

1826 4020 1927 4076 Dei
1958 4018 2261 4076 enituisse.
2292 4017 2513 4074 Asserit
2555 4016 2734 4073 etiam
2775 4031 2884 4089 pro
2927 4015 3208 4072 confesso
3252 4013 3484 4081 haberi,

1825 4107 2252 4182 Apocalypsim
2273 4106 2521 4163 Joannis
2542 4119 2695 4162 esse.
2716 4103 3037 4175 Redarguit
3063 4103 3326 4177 denique
3345 4101 3489 4176 Try-

1825 4198 2090 4273 phonem
2121 4196 2354 4261 acriter,
2386 4194 2553 4269 quod
2587 4193 2776 4252 Judtei
2816 4194 3007 4251 multa
3052 4193 3486 4267 prophetarum

1825 4288 2006 4354 dicta,
2048 4284 2360 4343 manifeste
2398 4285 2475 4341 de
2518 4283 2749 4342 Christo
2793 4282 3200 4351 vaticinantia,
3234 4282 3490 4340 sustule-

1824 4377 1961 4434 rint.
1992 4376 2135 4433 Alite
2165 4389 2409 4448 quoque
2438 4373 2640 4448 plures
2669 4373 2800 4445 ejus
2830 4372 3178 4430 exstiterunt
3207 4371 3490 4429 lucubra-

1825 4466 2036 4523 tiones.
2060 4464 2223 4521 Adeo
2248 4469 2449 4521 autem
2478 4462 2699 4536 scripta
2723 4462 2855 4534 ejus
2879 4460 3179 4519 veteribus
3207 4460 3267 4518 in
3292 4462 3485 4534 pretio

95 4577 244 4619 σεις
295 4529 392 4610 καί.
448 4576 589 4618 τινας
653 4555 816 4609 αὐτοῦ
864 4529 1239 4629 ,μνημονεύειν
1278 4557 1467 4629 φωνὰς,
1526 4555 1576 4610 ἓν
1626 4529 1715 4620 ὀἷς

1830 4554 2008 4623 fuere,
2037 4559 2099 4612 ut
2127 4556 2382 4611 lrenaaus
2406 4553 2467 4610 in
2493 4529 2707 4627 quarto
2729 4529 3033 4609 Adversus
3061 4529 3310 4609 hmeses'
3329 4551 3484 4607 libro

90 4648 240 4721 λέγει
269 4661 287 4678 ⁸
318 4650 417 4701 Καὶ
445 4645 618 4707 καλῶς
639 4646 924 4709 Ἰουστίνος
950 4644 999 4698 έν
1028 4644 1103 4718 τῷ
1142 4652 1233 4722 Πρ
1253 4648 1280 4699 ὸ
1302 4666 1324 4709 ς
1360 4650 1715 4720 Μαρκίωνα

92 4738 435 4808 συντάγματί
489 4754 668 4809 φησιν,
724 4736 807 4788 ὅτι
882 4734 1039 4807 Αὐτῷ
1114 4743 1187 4807 τῷ
1259 4740 1435 4809 Κυρίῳ
1499 4735 1594 4790 οὐκ
1649 4734 1712 4788 ἃν

90 4826 378 4895 ἐπείσθην,
435 4823 588 4879 ἄλλον
646 4827 775 4879 Θεὸν
822 4822 1224 4896 καταγγέλλοντι
1274 4827 1417 4901 παρὰ
1466 4827 1554 4878 τὸν
1608 4821 1712 4884 δη-

89 4919 352 4990 μιουργόν
381 4928 399 4947 ⁸
444 4936 474 4967 ι»
526 4919 618 4969 καὶ
670 4913 719 4967 έν
766 4920 840 4985 τῷ
872 4917 1092 4987 πέμπτῳ
1132 4910 1192 4967 δε
1228 4921 1325 4977 τῆς
1385 4913 1550 4977 αὐτῆς
1582 4916 1709 4969 ὑπο-

93 5008 294 5068 θέσεως
348 5003 500 5059 πάλιν
532 5020 551 5040 ο
580 5024 609 5055 α
651 5008 753 5060 Καὶ
807 5002 972 5065 καλῶς
1020 5004 1046 5056 ό
1097 5004 1380 5067 ’ῐουστῖνος
1450 5006 1566 5077 ἔφη,
1624 5005 1705 5058 ὅτι

88 5099 199 5168 πρὸ
409 5102 508 5157 τῆς
570 5100 662 5147 τοῦ
731 5097 929 5167 Κυρίου
978 5098 1270 5168 παρουσίας
1320 5089 1445 5147 οὐδέ
1494 5111 1619 5148 ποτε
1675 5094 1702 5147 ὁ

87 5190 327 5246 Σατανᾶς
382 5182 634 5257 έτόλμησε
685 5182 1078 5256 βλασφημῆσαι
1121 5185 1207 5237 τὸν
1260 5187 1415 5237 Θεόν·
1468 5182 1559 5237 άτε
1598 5202 1701 5256 μη-

87 5274 243 5330 δέπω
271 5270 426 5337 εἰδὼς
468 5274 631 5326 αὐτοῦ
671 5276 767 5333 τήν
819 5274 1151 5346 κατάκρισιν.
1182 5294 1211 5323 η
1246 5277 1347 5327 Καὶ
1374 5270 1442 5327 τὰ
1476 5275 1571 5347 μεν
1606 5269 1699 5328 οὖν

84 5366 390 5421 ’Ῑουστίνου
419 5360 469 5416 έν
493 5364 718 5425 τούτοις.

1821 4644 1982 4702 dicta
2022 4643 2306 4719 quaedam
2336 4643 2468 4716 ejus
2498 4642 2735 4707 referat,
2769 4642 2978 4698 dicens
3011 4657 3024 4697 :
3076 4664 3099 4691 ε
3134 4644 3307 4697 Recte
3345 4654 3485 4698 vero

1817 4734 2150 4791 Justinusin
2164 4732 2631 4790 libroAdversus
2648 4731 3013 4789 Marciorum
3031 4730 3255 4802 inquit:
3278 4751 3306 4780 «ι
3327 4730 3483 4796 Quin

1816 4824 2073 4881 Domino
2102 4824 2215 4897 ipsi
2254 4822 2438 4879 ﬁdem
2475 4837 2595 4879 non
2633 4820 2946 4887 haberem,
2992 4818 3041 4875 si
3079 4817 3263 4875 alium
3292 4833 3481 4891 quam

1813 4928 2015 4971 rerum
2044 4912 2416 4969 conditorem
2448 4911 2635 4967 Deum
2667 4908 3073 4966 denuntiaret.
3108 4928 3137 4957 ιο
3169 4908 3394 4963 Rursus
3418 4907 3479 4965 in

1812 5004 2025 5077 quinto
2066 5001 2338 5074 ejusdem
2386 5000 2587 5073 operis
2630 5016 2645 5056 :
2701 5020 2725 5051 α
2778 5001 2950 5056 Recte
2998 4997 3260 5055 Justinus
3306 4997 3475 5061 dixit,

1810 5090 1978 5166 quod
1999 5095 2137 5149 ante
2160 5090 2390 5147 Domini
2415 5088 2740 5146 adventum
2767 5102 2889 5144 non
2914 5102 3097 5143 ausus
3115 5085 3293 5144 fuerit
3313 5089 3477 5145 Sata-

1810 5197 1922 5239 nas
1950 5180 2371 5254 blasphemare
2399 5181 2607 5246 Deum,
2635 5177 2862 5252 quippe
2890 5176 2997 5249 qui
3027 5175 3302 5233 nondum
3333 5191 3476 5233 con-

1808 5269 2259 5328 demnationem
2289 5283 2468 5326 suam
2497 5267 2693 5325 sciret.
2726 5288 2757 5317 ιο
2784 5264 3011 5323 Justini
3041 5266 3262 5339 scripta
3292 5264 3377 5323 sic
3411 5280 3477 5324 se

1810 5360 2058 5419 habent.
2097 5380 2127 5411 ιο

1769 5555 1844 5575 ..ι-
