4040 6224
573 281 682 336 991

1095 425 1098 430 -
1115 405 1296 476 290
1327 405 1553 462 CAPUT
1577 403 1692 462 vu.

925 531 1008 587 De
1035 529 1360 602 Hegesippo
1390 537 1445 588 et
1473 529 1708 602 script-is
1737 533 1881 604 ejus.

650 755 870 812 Eadem
900 757 1070 811 astate
1111 757 1168 812 et
1211 756 1582 828 Hegesippus
1619 756 1822 828 viguit.
1862 755 2136 830 Quinque
2177 756 2228 814 is

575 843 742 900 libris
771 845 1062 914 integram
1089 849 1145 900 et
1171 845 1504 917 simplicem
1534 847 1890 916 evangelicae
1917 846 2232 920 professio-

577 933 669 990 nis
720 934 957 1007 reliquit
999 933 1334 990 doctrinam
1371 953 1389 989 :
1426 935 1486 990 in
1529 935 1750 1008 quibus
1799 935 1940 992 satis
1985 937 2226 1002 indicat,

577 1023 799 1082 multos
821 1039 884 1079 se
909 1024 1281 1088 convenisse,
1299 1040 1438 1080 cum
1465 1028 1714 1082 Romam
1737 1025 2225 1098 proﬁcisceretur,

577 1113 911 1186 episcopos,
941 1129 976 1170 a
1007 1113 1227 1185 quibus
1253 1130 1438 1170 unam
1470 1115 1869 1188 eamdemque
1894 1114 2230 1172 doctrinam

577 1202 892 1274 acceperit.
953 1203 1312 1260 Mentionem
1365 1205 1544 1260 etiam
1595 1203 1736 1260 facit
1785 1204 2100 1261 Clementis
2153 1203 2232 1260 ad

577 1292 909 1348 Corinthios
947 1291 1234 1364 epistolas,
1266 1294 1436 1366 cujus
1467 1293 1600 1350 loca
1627 1293 1908 1366 quaedam
1939 1297 2230 1349 recenset.

578 1383 1022 1438 Commemorat
1049 1397 1308 1454 quoque,
1341 1389 1403 1438 ut
1431 1383 1492 1438 in
1521 1383 1786 1456 episcOpi
1818 1399 2026 1440 eorum
2053 1381 2233 1439 Primi

575 1470 944 1544 colloquium
995 1473 1343 1542 pervenerit,
1380 1477 1558 1546 atque
1599 1472 1736 1528 inde
1769 1475 2020 1528 Romam
2064 1472 2232 1543 traje-

579 1560 738 1626 cerit,
761 1575 902 1616 cum
927 1559 1340 1632 episcopatum
1367 1561 1448 1617 ibi
1477 1563 1754 1618 Anicetus
1783 1565 2023 1618 teneret.
2051 1561 2231 1632 Cujus

577 1647 904 1706 diaconum
949 1650 1328 1706 Eleutherum
1375 1657 1688 1717 memorat,
1734 1652 1838 1724 qui
1869 1651 2056 1708 Soteri
2103 1665 2232 1706 suc-

1897 274 2290 348 NICEPHORI
2332 273 2656 333 CALLISTI

3809 282 3908 340 νοτ.

2967 403 3188 458 ΚΕΦΑΛ
3199 443 3214 460 .
3245 410 3321 458 Z'.

2341 529 2496 602 Περὶ
2575 529 2979 599 Ἡγησίππου
3043 531 3152 617 κίκι
3207 535 3350 616 δτῶν
3425 529 3904 604 συγγραμμάτων

3029 618 3266 654 αυτου.

2409 749 2744 824 Ἡγήσιππος
2795 747 2855 804 δὲ
2919 755 3010 804 καὶ
3066 753 3225 814 αὐτὸς
3297 758 3410 814 τοῖς
3463 750 3642 813 αὐτοῖς
3697 749 3900 824 ἀκμάζων

2339 841 2402 899 ἧν
2467 843 2698 914 χρόνοις.
2768 843 2920 894 Πέντε
2997 843 3090 914 μεν
3155 837 3244 894 οὖν
3299 843 3716 914 συγγράμμασιν
3787 841 3900 906 οὗτος

2337 930 2512 1004 πλήρη
2589 949 2646 984 τε
2705 935 2797 984 καὶ
2855 929 3224 992 ἁπλουστάτην
3271 938 3371 993 τῆς
3430 930 3764 1004 εὐαγφελικῆς
3807 929 3902 984 ἁπο-

2342 1015 2545 1082 δείξεως
2596 1019 2837 1072 κατέλιπε
2892 1025 2987 1078 τὴν
3037 1016 3395 1074 διδασκαλίαν
3429 1037 3443 1052 ⁸
3502 1023 3553 1074 έν
3597 1015 3674 1081 οἷς
3719 1023 3901 1094 ἐμφανές

2341 1108 2482 1162 ἐστιν
2533 1109 2598 1170 ὡς
2653 1108 2856 1170 πολλοῖς
2909 1113 3203 1182 συνεγένετο
3253 1117 3354 1163 τῶν
3409 1108 3708 1162 ἐπισκόπων
3758 1115 3838 1168 τὴν
3867 1109 3902 1172 ἐς

2343 1203 2550 1272 Ῥώμην
2605 1198 2949 1272 στελλόμενος,
3019 1199 3078 1262 ἐξ
3135 1197 3202 1252 ὦν
3253 1203 3384 1274 μίαν
3415 1203 3534 1259 ,τὴν
3591 1195 3900 1252 διδασκαλίαν

2339 1287 2706 1362 παρειληφέναι
2756 1293 2909 1362 φησί.
2955 1292 3232 1360 Μέμνηται
3265 1286 3324 1342 δε
3377 1289 3468 1342 καὶ
3521 1297 3615 1350 τῆς
3655 1287 3902 1362 Κλήμεντος

2339 1381 2471 1452 πρὸς
2525 1379 2829 1453 Κορινθίους
2877 1377 3174 1444 ἐπιστολῆς,
3231 1383 3363 1452 μέρη
3419 1380 3540 1432 τινὰ
3585 1381 3772 1440 ταύτης
3797 1376 3905 1442 διιε-

2338 1472 2431 1521 ιών
2465 1482 2478 1496 '
2509 1469 2602 1518 καὶ
2633 1469 2704 1528 ὡς
2732 1466 3005 1538 συμμίξειε
3047 1471 3230 1541 Πρίμῳ
3261 1476 3334 1539 τῷ
3382 1470 3584 1530 ταύτης
3621 1466 3860 1540 έπισκόπῳ
3885 1481 3898 1498 ⁸

2341 1555 2622 1628 ἀφικέσθαι
2673 1575 2727 1610 τε
2779 1558 2968 1609 ἐκεῖθεν
3029 1557 3102 1618 εἰς
3153 1556 3374 1630 Ῥώμην,
3415 1557 3693 1616 ’Δνικητου
3735 1557 3904 1610 έπισκοσ

2341 1651 2556 1706 ποῦντος
2587 1665 2602 1678 ·
2661 1646 2722 1697 οὗ
2774 1641 3016 1699 διάκονον
3055 1650 3141 1700 τὸν
3192 1646 3484 1722 Ἐλεύθερον
3537 1647 3696 1720 λέγει,
3747 1647 3799 1710 ὃς
3843 1651 3904 1700 τόν

579 1739 777 1808 cessit,
807 1739 978 1796 sicuti
1007 1739 1057 1794 is
1080 1739 1342 1796 Aniceto.
1372 1744 1436 1796 In
1463 1741 1716 1797 urbibus
1745 1756 1922 1812 porro
1948 1739 2231 1796 omnibus

2346 1742 2559 1810 Σωτῆρα
2597 1731 2870 1798 διεδέξατο
2903 1751 2918 1767 ⁸
2979 1735 3129 1798 οὗτος
3174 1731 3234 1790 δι
3281 1739 3368 1790 τὸν
3401 1735 3696 1796 ’Λνίκητον.
3749 1741 3834 1790 Καὶ
3869 1735 3904 1788 ἓν

577 1844 791 1884 sanam
813 1844 878 1884 se
903 1833 1148 1885 testatur
1171 1829 1465 1886 invenisse
1489 1830 1999 1902 praedicationem,
2023 1845 2230 1902 quem-

577 1917 914 1976 admodum
971 1918 1190 1974 scilicet
1240 1919 1358 1984 lex,
1395 1991 1398 1994 ί
1442 1920 1770 1992 prophetes,
1829 1925 1886 1976 et
1945 1919 2232 1976 Dominus

575 2008 704 2080 ipse
735 2006 1024 2064 docuerit.
1055 2008 1314 2064 Meminit
1341 2007 1544 2064 itidem
1575 2007 1880 2066 initiorum
1913 2008 2232 2066 hreresium

577 2097 1106 2170 quarumdam,ita
1135 2096 1442 2170 inquiens:
1473 2115 1511 2151 «ιι
1541 2099 1934 2171 Posteaquam
1965 2098 2229 2156 Jacobus

577 2188 783 2242 Justus
821 2187 1106 2258 martyrio
1135 2192 1221 2242 est
1247 2187 1586 2256 defunctus,
1621 2188 1796 2244 sicuti
1825 2193 1882 2244 et
1923 2189 2229 2256 Dominus,

577 2275 742 2334 idem
797 2276 876 2332 ob
931 2275 1186 2332 verbum
1231 2291 1249 2332 :
1297 2277 1358 2332 in
1413 2276 1614 2334 locum
1669 2277 1800 2350 ejus
1847 2277 2044 2351 patrui
2099 2279 2232 2352 ejus

582 2365 856 2438 CleOphm
885 2365 1042 2422 ﬁlius
1071 2367 1332 2438 Symeon
1363 2371 1450 2424 est
1479 2365 1781 2436 suﬁ‘ectus,
1811 2383 1994 2440 quem
2019 2383 2233 2425 omnes

577 2455 813 2512 Domini
835 2455 1078 2512 fratrem
1105 2455 1534 2512 consobrinum
1561 2457 1894 2514 secundum
1919 2473 2053 2514 esse
2075 2461 2236 2514 retu-

577 2543 794 2620 lerunt.
859 2545 1174 2618 Propterea
1231 2551 1432 2602 autem
1495 2545 1816 2604 Ecclesiam
1872 2551 2236 2604 vocaverunt

579 2635 894 2704 virginem,
933 2634 1100 2708 quod
1135 2636 1406 2692 nondum
1449 2641 1604 2692 esset
1639 2636 1922 2692 inanibus
1959 2641 2014 2694 et
2063 2636 2235 2694 vanis

579 2729 860 2796 corrupta
887 2723 1192 2780 doctrinis.
1225 2725 1457 2780 Primus
1495 2741 1630 2782 eam
1671 2725 2002 2798 depravare
2033 2726 2232 2798 cmpit,

581 2814 747 2885 quod
785 2813 844 2868 in
891 2814 1171 2884 petitione
1213 2815 1594 2887 episcopatus
1635 2815 1938 2887 repulsam
1981 2815 2234 2886 tulisset,

579 2903 875 2958 .Thebutes
911 2903 1016 2974 (l),
1049 2918 1206 2957 unus
1233 2919 1440 2958 eorum
1473 2919 1725 2960 numero
1755 2905 1858 2977 qui
1897 2920 1968 2962 ex
2008 2909 2235 2978 septem

583 2991 913 3046 haeresibus
953 2992 1016 3046 in
1050 2991 1276 3063 populo
1313 2993 1562 3050 Judaico
1601 2993 2047 3066 proseminatis,
2089 2993 2236 3050 orie-

581 3081 798 3136 bantur
835 3097 848 3135 :
889 3096 924 3134 a
960 3080 1180 3152 quibus
1219 3085 1276 3137 et
1314 3080 1523 3138 Simon
1566 3087 1673 3148 est,
1714 3083 1870 3138 unde
1909 3083 2236 3140 Simoniani

581 3169 722 3224 dicti
753 3188 772 3226 ε
803 3174 860 3224 et
887 3168 1184 3238 Cleobius,
1229 3170 1386 3225 unde
1427 3171 1728 3228 Cleobiani
1765 3188 1780 3224 :
1815 3178 1870 3228 et
1899 3173 2235 3244 DOsitheus,

585 3257 744 3314 unde
787 3258 1128 3314 Dositheani
1159 3276 1174 3316 :
1207 3265 1260 3314 et
1293 3259 1617 3327 Gorthmus,
1655 3261 1812 3316 unde
1848 3261 2188 3318 Gorthaeani
2219 3276 2234 3317 :

575 3347 1067 3416 etMasbotheus,
1097 3349 1254 3404 unde
1287 3349 1713 3406 Masbotheani.
1741 3351 1830 3406 Ab
1857 3351 1928 3406 iis
1959 3356 2156 3408 autem
2183 3357 2239 3410 et

583 3437 1012 3504 Menandriani,
1046 3445 1102 3494 et
1139 3439 1546 3506 Marcionistm,
1588 3445 1646 3495 et
1684 3441 2150 3512 Carpocratiani,
2181 3447 2238 3498 et

583 3527 1003 3592 Valentiniani,
1029 3533 1084 3584 et
1117 3527 1475 3600 Basilidiani,
1500 3535 1558 3586 et
1579 3529 2002 3586 Saturniniani.
2035 3531 2100 3586 Hi
2127 3547 2237 3604 pro

583 3631 644 3672 se
667 3616 924 3689 quisque
947 3617 1221 3690 proprias
1245 3618 1496 3674 seorsim
1517 3618 1880 3676 induxerunt
1901 3621 2235 3690 opiniones.

585 3705 676 3760 Ab
705 3705 776 3760 iis
805 3706 1262 3774 Pseudochristi,
1297 3707 1856 3781 pseudoprophetis,
1890 3709 2237 3782 pseudapo-

587 3794 742 3864 stoli,
771 3795 876 3868 qui
911 3798 1190 3852 unitatem
1223 3799 1495 3854 Ecclesiae
1527 3799 1854 3854 diviserunt
1889 3797 2239 3872 perniciosis

577 3885 966 3942 sermonibus
995 3887 1287 3942 adversus
1319 3889 1506 3944 Deum
1535 3893 1594 3944 et
1621 3891 1910 3946 adversus
1941 3888 2240 3945 Christum

585 3975 734 4046 ejus.
759 3973 976 4032 Scribit
995 3991 1134 4032 vero
1161 3977 1236 4032 de
1253 3978 1600 4034 Judaeorum
1621 3994 1864 4050 quoque
1885 3977 2236 4044 haeresibus,

587 4064 791 4120 dicens
819 4081 832 4118 :
864 4085 888 4116 ιι
921 4066 1180 4121 Fuerunt
1205 4071 1406 4124 autem
1433 4067 1606 4124 varias
1633 4083 1876 4140 quoque
1905 4067 1964 4124 in
1991 4068 2241 4124 circum-

587 4153 810 4208 cisione
849 4155 998 4210 inter
1027 4155 1182 4212 ﬁlios
1211 4156 1388 4212 Israel
1417 4157 1710 4213 adversus
1741 4157 1961 4212 tribum
1991 4158 2022 4213 ,Ι
2030 4157 2148 4214 uda
2185 4161 2243 4214 et

588 4240 884 4298 Christum
941 4245 1142 4316 ipsum
1197 4247 1505 4301 sententias
1559 4251 1616 4302 et
1667 4252 1840 4302 sectas
1897 4267 1910 4305 :
1975 4247 2243 4302 videlicet

573 4332 984 4404 Hessasorum,
1002 4333 1398 4400 Galilaeorum,
1415 4335 2242 4407 I-Iemerobaptistarum,Mas-

583 4419 965 4488 botheorum,
999 4423 1534 4490 Samaritanorum,
1573 4425 2063 4494 Sadduceorum,
2091 4428 2240 4484 Pha-
2272 4466 2318 4523 Ι)

575 4511 924 4570 .rismorum.
969 4531 998 4564 »
1045 4513 1215 4584 291
1261 4513 1472 4570 Scribit
1511 4515 1759 4586 insuper
1797 4515 1918 4572 alia
1959 4516 2239 4589 plurima,

573 4617 844 4674 ,quorum
867 4607 1100 4674 partem
1121 4609 1296 4658 antea
1316 4619 1426 4658 suo
1447 4620 1697 4678 quaeque
1721 4604 1852 4662 loco
1874 4605 2242 4664 adducentes

587 4691 914 4748 retulimus.
947 4693 1140 4764 Atque
1171 4691 1230 4748 in
1261 4693 1333 4748 iis
1363 4695 1646 4764 quaedam
1675 4710 1746 4750 ex
1781 4695 2023 4750 Hebraeo
2055 4703 2111 4750 et
2141 4699 2244 4768 Sy-

585 4781 748 4838 riaco
779 4781 1122 4852 Evangelia,
1147 4788 1204 4838 et
1229 4781 1302 4839 de
1335 4781 1624 4839 Hebraica
1649 4783 1856 4853 lingua
1880 4784 2070 4842 affert.
2098 4788 2245 4842 Tum

583 4878 786 4928 autem
809 4871 950 4928 satis
972 4871 1212 4936 indicat,
1235 4887 1272 4928 a
1289 4871 1510 4928 Judaais
1536 4889 1600 4926 se
1628 4873 1702 4928 ad
1727 4873 2246 4932 Christianismum

585 4961 1312 5034 pervenisse.Mentionem
1335 4977 1582 5034 quoque
1599 4961 1854 5018 aliarum
1887 4979 2082 5020 rerum
2111 4964 2250 5022 facit

587 5066 660 5106 ex
687 5051 938 5108 Judaica
967 5051 1094 5106 sine
1123 5051 1344 5123 scripto
1375 5051 1707 5108 traditione.
1747 5054 1812 5108 Et
1841 5052 2054 5110 virtute
2085 5057 2250 5112 omni

581 5141 868 5198 refertam
899 5141 1256 5212 sapientiam
1297 5141 1618 5196 Proverbia
1651 5141 1992 5198 Solomonis
2025 5149 2198 5200 vocat
2231 5159 2248 5196 :

590 5245 712 5286 non
743 5230 874 5302 ipse
907 5245 1045 5286 vero
1079 5237 1332 5298 tantum,
1367 5229 1472 5286 sed
1503 5235 1559 5286 et
1587 5231 1868 5298 Irenaeus,
1898 5238 1952 5288 et
1983 5233 2252 5306 plerique

2341 1826 2540 1888 πάσαις
2600 1821 2659 1878 δι
2713 1833 2829 1888 ταῖς
2883 1824 3092 1878 πόλισιν
3163 1827 3306 1899 ῦγιὶς
3363 1827 3644 1902 εὑρηκέναι
3703 1825 3822 1898 λέγει
3861 1829 3904 1880 τό

2341 1919 2606 1987 κήρυγμα,
2655 1916 2723 1978 ὡς
2754 1915 2780 1966 6
2809 1919 2960 1988 νόμος
3017 1917 3264 1990 κηρύττει
3313 1920 3404 1968 καὶ
3455 1918 3508 1970 οἱ
3569 1923 3818 1991 προφῆται
3839 1919 3907 1970 καὶ

2344 2005 2369 2056 ό
2415 2005 2625 2078 Κύριος.
2669 2007 2944 2076 Μέμνηται
2999 2001 3059 2058 δὲ
3107 2009 3201 2056 καὶ
3259 2004 3411 2066 οὗτος
3465 2003 3649 2079 ἀρχὰς
3703 2005 3906 2076 αἱρέσιὼν

2341 2112 2514 2159 τινων,
2567 2092 2704 2146 οὕτω
2761 2089 2968 2157 διεξιών
3001 2109 3014 2124 ⁸
3061 2113 3090 2146 ιι
3147 2098 3249 2148 Καὶ
3289 2095 3424 2168 μετὰ
3489 2096 3552 2147 τὸ
3609 2101 3908 2170 μαρτυρῆσαι

2341 2181 2586 2236 Ἰάκωϐον
2633 2185 2720 2235 τὸν
2763 2187 2997 2248 Δίκαιον,
3051 2185 3122 2244 ὡς
3173 2187 3264 2236 καὶ
3295 2185 3321 2236 6
3367 2186 3560 2258 Κύριος
3595 2181 3678 2237 έπὶ
3705 2190 3771 2256 τῷ
3797 2185 3908 2252 αὗτῷ

2341 2271 2501 2344 λόγῳ,
2539 2270 2694 2324 πάλιν
2724 2272 2750 2324 6
2781 2273 2836 2324 έκ
2891 2274 3028 2326 θείου
3083 2272 3246 2326 αὑτοῦ
3309 2277 3515 2346 Συμεὼν
3549 2273 3576 2326 6
3619 2280 3710 2326 τοῦ
3761 2272 3908 2326 ﬂexi

2343 2363 2663 2414 καθίσταται
2708 2361 3012 2428 ἐπίσκοπος,
3068 2361 3124 2415 ὃν
3180 2364 3452 2438 προέθεντο
3505 2381 3694 2426 παντες
3737 2361 3906 2432 ἀνεψιὸν

2337 2447 2474 2518 ,εἶναι
2519 2457 2612 2503 τοῦ
2665 2456 2863 2526 Κυρίου
2914 2447 3178 2524 δεύτερον.
3229 2453 3325 2504 Διά
3375 2459 3533 2506 τοῦτο
3591 2454 3690 2526 γὰρ
3733 2451 3907 2506 ἐκάλουν

2343 2545 2438 2598 τὴν
2468 2539 2780 2599 Ἐκκλησίαν
2828 2542 3078 2614 παρθένον
3110 2557 3124 2570 ⁶
3157 2543 3301 2594 οὔπω
3348 2543 3450 2615 γὰρ
3497 2543 3720 2615 ἔφθαρτο
3759 2541 3906 2602 ἀκοαῖς

2339 2635 2610 2704 ματαίαις.
2637 2631 2901 2705 Ἀρχεται
2959 2627 3070 2684 δεό
3117 2629 3391 2700 Θεϐουθὶς,
3448 2627 3549 2684 διὰ
3591 2635 3650 2684 τὸ
3693 2634 3758 2703 μή
3801 2633 3910 2702 γενέ-

2349 2721 2473 2773 σθαι
2527 2722 2681 2772 αὑτὸν
2727 2721 3032 2791 ἰπίσκοπον,
3088 2720 3415 2795 ὑποφθείρειν
3451 2737 3465 2752 ·
3509 2717 3615 2773 ἀπὸ
3671 2728 3763 2772 τῶν
3807 2719 3910 2772 έπτὰ

2347 2811 2591 2882 αἱρέσεων
2629 2812 2718 2862 καὶ
2768 2808 2925 2870 αὐτὸς
2956 2805 3018 2867 ἦν
3049 2811 3096 2862 ἓν
3124 2817 3197 2880 τῷ
3223 2807 3329 2880 λαῷ
3360 2825 3374 2839 ·
3431 2805 3519 2882 ἀφ’
3553 2807 3621 2862 ὧν
3647 2813 3798 2883 Σίμων
3821 2809 3907 2860 ὅθεν

2347 2900 2396 2950 οἱ
2425 2902 2731 2970 Σιμωνιανοί
2763 2914 2775 2928 ·
2807 2903 2896 2950 καὶ
2929 2896 3192 2962 Κλεόϐιος,
3219 2900 3331 2951 ὅθεν
3365 2897 3669 2954 Κλεοϐιανοί
3697 2916 3710 2928 ·
3736 2901 3812 2950 καὶ
3837 2902 3908 2949 Δο-

2350 2989 2540 3053 σίθεος,
2574 2989 2685 3041 ὅθεν
2715 2989 3016 3042 Δοσιθεανοί
3055 3003 3068 3018 ⁶
3101 2993 3192 3040 καὶ
3237 2990 3512 3062 Γορθαῖος,
3559 2991 3672 3042 ὅθεν
3701 2989 3908 3062 Γορθιιια-

2347 3081 2425 3130 νοί
2457 3097 2470 3110 ·
2503 3082 2594 3130 καὶ
2627 3076 2964 3144 Μασϐώθεος,
2997 3078 3108 3130 ὅθεν
3153 3076 3558 3135 Μασϐωθεανοί.
3597 3077 3724 3133 Ἀπὸ
3751 3079 3908 3129 τούτων

2341 3169 2437 3240 μεν
2485 3163 2872 3242 Ἀδριανισταὶ,
2921 3171 3012 3218 καὶ
3054 3171 3469 3242 Μαρκιανισταὶ,
3507 3171 3602 3220 καὶ
3644 3174 3908 3242 Καρποκριι-

2347 3261 2536 3322 τιανοὶ,
2567 3261 2656 3308 καὶ
2687 3255 3122 3322 Οὐαλεντινιανοὶ,
3169 3260 3258 3308 καὶ
3287 3253 3699 3320 Βασιλειδιανοὶ,
3727 3259 3802 3306 καὶ
3827 3261 3904 3306 Σα-

2348 3351 2655 3418 τορνινιανοί
2683 3364 2696 3378 ·
2730 3347 2946 3409 ἕκαστος
2980 3342 3126 3407 ἰδίως
3154 3350 3244 3398 καὶ
3273 3345 3450 3420 ἑτέρως
3483 3343 3631 3400 ἰδίαν
3663 3343 3807 3408 δόξαν
3831 3363 3904 3394 πα-

2345 3440 2687 3512 ρεισήγαγον.
2729 3434 2864 3488 ’Λπὸ
2893 3437 3086 3488 τούτων
3127 3431 3546 3510 ψευδόχριστοι,
3583 3431 3908 3509 ψευδοπροφὶο

2349 3545 2458 3592 ται,
2484 3521 2910 3596 ψευδαπόστολοι
2934 3541 2947 3554 ·
2975 3525 3158 3588 οῖτινες
3203 3527 3450 3599 ἐμέρισαν
3503 3529 3602 3584 τὴν
3649 3526 3813 3577 ἕνωσιν
3833 3529 3906 3580 τῆς

2350 3613 2664 3676 Ἐκκλησίας
2684 3615 3012 3688 φθοριμαίοις
3039 3613 3210 3686 λόγοις
3237 3616 3376 3666 κατὰ
3401 3621 3492 3666 τοῦ
3528 3623 3664 3668 Θεοῦ
3701 3617 3780 3666 καὶ
3803 3613 3908 3664 κατὰ

2349 3711 2440 3758 τοῦ
2471 3711 2706 3778 Χριστοῦ
2737 3703 2917 3758 αὐτοῦ.
2953 3725 2980 3756 ο
3008 3702 3230 3778 Ἱστορεῖ
3257 3699 3317 3756 δὲ
3340 3709 3431 3756 καὶ
3457 3709 3580 3777 περὶ
3607 3712 3704 3756 τῶν
3731 3705 3775 3756 ἄν
3799 3701 3900 3756 Ἰον-

2353 3791 2482 3868 δαίᾳ
2519 3796 2784 3868 αἱρέσεων,
2815 3793 2973 3866 λέγων
3000 3807 3013 3820 ⁹
3050 3813 3075 3846 ε
3099 3793 3270 3848 ’Ἦσαν
3298 3789 3356 3846 δὲ
3369 3797 3459 3846 καὶ
3477 3801 3685 3866 γνῶμαι
3709 3788 3906 3866 διάφοροι

2351 3883 2400 3936 ἐν
2425 3891 2486 3955 τῇ
2519 3889 2772 3958 περιτομῇ
2823 3885 2874 3934 ἓν
2927 3883 3061 3944 υἱοῖς
3097 3881 3316 3956 Ἰσραὴλ
3359 3890 3459 3934 τῶν
3497 3885 3636 3935 κατὰ
3659 3889 3748 3942 τῆς
3781 3879 3904 3952 φυλῆς

2353 3969 2532 4028 Ἰοὺδα
2559 3977 2648 4025 καὶ⁸
2687 3979 2777 4024 τοῦ
2816 3979 3051 4044 Χριστοῦ
3083 3971 3239 4024 αὗται
3275 3990 3289 4003 ’
3347 3969 3613 4036 Ἐσσαῖοι,
3667 3969 3902 4030 Γαλιλαῖοι,

2351 4061 2848 4136 Ἧμεροϐαπτισταὶ,
2943 4059 3308 4116 Μασϐωθαῖοι.
3395 4067 3731 4134 Σαμαρεῖται,
3803 4053 3902 4110 226-

2355 4149 2389 4206 δ
2394 4159 2616 4217 ουκαῖοι,
2645 4157 2944 4226 Φαρισαῖοι.
2977 4171 3005 4200 ν
3047 4154 3147 4204 Καὶ
3195 4152 3344 4223 ἔτερα
3399 4145 3458 4204 δε
3484 4153 3704 4204 πλεῖστα
3736 4149 3899 4222 γράφει,

2353 4243 2421 4294 ὧν
2451 4241 2506 4294 έκ
2551 4245 2734 4314 μέρους
2781 4237 2888 4300 ἤδη
2941 4241 3186 4316 πρότερον
3238 4245 3413 4312 μνείαν
3469 4238 3826 4313 ἐποιησάμεθα,
3865 4239 3899 4285 ἐν

2355 4331 2564 4393 οἰκείοις
2613 4337 2816 4404 καιροῖς
2867 4333 2924 4384 τὸ
2976 4337 3242 4404 προσῆκον
3300 4331 3721 4404 παρατιθέμενοι.
3759 4327 3824 4379 Ἐν
3845 4321 3900 4384 οἷς
3983 4345 3985 4369 ¹

2355 4424 2410 4474 έκ
2465 4439 2519 4474 τε
2569 4427 2660 4474 τοῦ
2707 4419 2825 4472 καθ’
2885 4417 3153 4494 Ἐϐραίους
3190 4417 3534 4490 Εὗαγγελίου,
3581 4424 3668 4472 καὶ
3703 4423 3784 4471 τοῦ
3829 4421 3898 4468 Σν·

2351 4517 2560 4587 ριακοῦ,
2605 4513 2696 4564 καὶ
2729 4506 2874 4572 ἰδίως
2921 4511 2976 4562 ἔκ
3018 4517 3106 4570 τῆς
3154 4504 3434 4583 Ἐϐραῖδος
3482 4503 3770 4570 διαλέκτου,
3815 4503 3898 4556 τινὰ

2353 4603 2580 4666 τίθησιν,
2632 4599 2887 4672 ἐμφαίνων
2955 4597 3008 4662 ἐξ
3055 4597 3306 4672 Ἐϐραίων
3359 4603 3578 4672 Χριστῷ
3631 4593 3895 4670 προσελθεῖν.

2353 4695 2542 4746 Μνείαν
2580 4685 2638 4742 δὲ
2668 4692 2756 4740 καὶ
2787 4687 2949 4740 ἄλλων
2993 4694 3216 4742 ποιεῖται
3259 4686 3312 4750 ἐξ
3367 4683 3670 4748 Ἰουδαῖκῆς
3713 4683 3894 4757 ἄγραφον

2353 4777 2718 4854 παραδόσεως.
2749 4779 3038 4854 Πανάρετον
3071 4774 3129 4830 δι
3161 4782 3345 4850 σοφίαν
3393 4781 3484 4829 καὶ
3511 4778 3613 4840 τοίς
3665 4775 3894 4847 Παροιμίις

2357 4871 2680 4942 Σολομῶντος
2737 4867 2882 4920 καλεῖ
2939 4884 2954 4898 ⁸
3008 4866 3065 4920 οὗ
3123 4868 3273 4940 μόνος
3329 4861 3388 4920 δε
3451 4865 3625 4931 οὗτος,
3685 4863 3796 4916 ἀλλά
3831 4861 3894 4910 καὶ

2359 4961 2652 5034 Εἰρηναῖος,
2705 4963 2794 5012 καὶ
2823 4953 3020 5032 σχεδὸν
3077 4959 3262 5018 πάντες
3314 4959 3362 5010 οἱ
3415 4954 3732 5032 ἀρχαιότητι
3757 4948 3891 5020 διαφέ-

2359 5069 2554 5128 ροντες.
2609 5047 2830 5110 Διέξεισι
2883 5043 2942 5100 δι
2995 5051 3084 5100 καὶ
3143 5051 3262 5121 περὶ
3313 5053 3412 5098 τῶν
3467 5045 3741 5118 λεγομενων
3781 5039 3890 5094 Ἀπο-

2362 5143 2590 5214 κρύφων,
2631 5137 2788 5210 λέγων
2828 5135 2910 5189 ἰπὶ
2941 5144 3037 5200 τῆς
3072 5135 3188 5190 κατ’
3219 5135 3373 5188 αὐτὸν
3419 5153 3598 5208 γενεας
3647 5151 3763 5206 προς
3785 5143 3890 5180 τινων

2363 5233 2632 5305 αἱρετικῶν
2661 5229 2778 5280 τινὰ
2801 5235 2898 5278 τῶν
2938 5229 3101 5280 ἐκεῖσε
3128 5225 3463 5298 πεπλασμένα
3489 5223 3838 5300 παρατεθῆναι·

589 5299 799 5378 omnes
835 5322 936 5393 qui
978 5325 1267 5376 vetustate
1297 5326 1435 5376 sunt
1464 5320 1746 5392 insignes.
1789 5325 1866 5378 De
1905 5299 2218 5378 iis—aute—m
2259 5299 2430 5378 libris
2465 5317 2568 5392 qui
2597 5315 2940 5390 Apocryphi
2971 5315 3269 5386 dicuntur,
3305 5313 3469 5381 dicit,
3512 5299 3681 5372 astate
3715 5322 3804 5365 sua
3831 5299 3886 5358 ab

585 5410 876 5468 hmreticis
917 5410 1308 5484 quibusdam,
1351 5426 1422 5468 ea
1459 5425 1592 5482 quae
1629 5415 1769 5467 sunt
1800 5411 2076 5477 conﬁcta,
2113 5411 2228 5468 illis
2249 5425 2384 5468 esse
2411 5409 2568 5466 clam
2597 5407 2838 5464 inserta.

665 5603 742 5676 (1)
771 5600 858 5660 ΑΙ.
899 5599 1198 5658 Thebulis.
