4040 6224
147 292 272 351 993

789 423 1033 475 ΚΕΦΔΛ.
1058 415 1142 473 H'.

159 533 329 604 Περὶ
368 532 722 582 Διονῦσίου
794 535 905 604 τοῦ
966 527 1326 604 Κορινθίων
1387 523 1775 590 ἐπισκόπου,

503 605 613 654 καὶ
652 608 780 654 τῶν
819 598 1182 652 ἐπιστολῶν
1223 598 1438 653 αὐτοῦ.

235 701 381 754 Μετὰ
434 696 492 754 δὲ
532 707 717 753 τοῦτον
770 701 856 752 ἐπὶ
906 701 993 750 τὸν
1044 699 1318 771 Κορίνθίον
1357 698 1624 750 Διονύσιον
1682 693 1775 767 βα·

159 784 381 843 διστέον
436 797 508 862 τῷ
548 789 703 862 λόγῳ,
759 785 1074 854 δεικνύντες,
1116 788 1196 840 ὅτι
1222 807 1276 839 τε
1327 793 1420 848 τῆς
1461 785 1644 838 αύτόθι
1681 804 1778 837 πα·

156 885 377 954 ροικίας
435 888 697 954 κατῆρχε,
769 883 860 930 καὶ
919 879 991 939 ὡς
1055 884 1118 950 τῇ
1189 875 1338 948 ἐνθέῳ
1397 875 1674 948 φιλοσοφίᾳ
1722 873 1782 926 ού

157 968 326 1037 μόνον
379 971 488 1026 τοῖς
539 964 628 1016 ὑπ’
687 962 864 1028 αὐτὸν,
898 961 1028 1014 ἀλλὰ
1079 965 1168 1014 καὶ
1196 968 1304 1022 τοῖς
1360 961 1448 1013 ὑπ’
1479 955 1786 1020 ἀλλοδαπῆς

161 1049 413 1125 δαψιλῶς
457 1052 725 1130 ἐχορήγει,
781 1058 940 1105 πᾶσιν
979 1051 1158 1104 ἑαυτόν
1193 1052 1461 1123 παρέχων,
1514 1050 1592 1111 οἷς
1627 1050 1782 1101 καθο-

156 1143 346 1206 ).ικαῖς
400 1151 518 1205 ταῖς
582 1141 883 1204 ἐπιστολαῖς
947 1140 1267 1215 προσωμίλει
1296 1159 1312 1173 ο
1376 1139 1444 1190 ὧν
1508 1142 1607 1208 μία
1658 1141 1786 1210 πρὸς

164 1229 630 1306 Λακεδαιμονίους
678 1231 814 1299 ἐστὶ,
872 1235 1182 1302 κατήχησιν
1248 1232 1574 1305 περιέχουσα
1638 1225 1788 1299 ὀρθοο

164 1319 380 1387 δοξίας,
438 1326 560 1395 περὶ
605 1321 810 1394 εἰρήνης
858 1339 914 1373 τε
965 1325 1056 1373 καὶ
1111 1319 1340 1380 ἕνώσεως
1393 1318 1733 1388 ύποτιθεμένη
1767 1333 1786 1347 ⁵

163 1407 397 1484 δευτέρα
446 1414 576 1484 πρὸς
609 1410 940 1475 Ἀθηναίους,
985 1411 1118 1482 πρὸς
1163 1412 1256 1466 τὴν
1305 1405 1560 1480 ἀκραιφνῆ
1605 1408 1788 1456 πίστιν

162 1501 364 1563 αύτούς
417 1497 788 1574 διεγείρουσα·
831 1499 1043 1571 ἕλεγχόν
1093 1517 1148 1551 τε
1196 1501 1432 1572 περιέχει
1477 1498 1540 1556 ὡς
1585 1495 1648 1546 οἶν
1678 1492 1788 1545 ὀλι-

163 1595 350 1663 γώρως
406 1593 538 1664 πρὸς
587 1593 681 1647 τὴν
738 1585 926 1662 ἀκριϐῆ
994 1593 1088 1640 τοῦ
1143 1585 1463 1658 Εύαγγελίου
1519 1582 1784 1636 πολιτείαν

169 1677 580 1752 διακειμένους’
661 1681 731 1741 ὡς
777 1682 866 1731 καὶ
919 1684 1110 1750 μικροῦ
1169 1673 1278 1729 δεῖν
1340 1675 1633 1732 ἀποστῆναι
1692 1678 1785 1724 τοῦ

1219 281 1790 346 ECCLESIASTICE
1828 285 2177 344 HISTORIIE
2214 285 2345 343 LIB.
2388 286 2479 344 lV.

1812 418 1862 475 A

3431 289 3538 343 994

2417 408 2422 412 ’
2509 415 2738 474 CAPUT
2772 417 2916 476 VIII.

1956 523 2042 580 De
2077 521 2365 594 Dionysio
2394 522 2835 608 Corinthiorum
2866 525 3155 596 episcopo,
3193 528 3247 582 et
3277 524 3538 595 epistolis

2642 612 2790 668 ejus.

1959 704 2047 758 Ab
2075 701 2190 758 hoc
2237 701 2315 759 ad
2363 701 2711 774 Dionysium
2759 703 3126 760 Corinthium
3171 703 3364 761 oratio
3405 719 3542 759 con-

1887 791 2195 858 vertenda,
2226 792 2328 862 qui
2358 791 2623 847 ecclesiae
2671 792 2801 864 ejus
2844 793 2952 849 loci
3006 792 3238 865 praefuit
3275 810 3285 846 :
3331 802 3385 848 et
3417 808 3541 848 non

1891 879 2088 935 solum
2119 879 2218 951 pio
2241 885 2296 934 et
2335 887 2543 936 sancto
2570 880 2774 937 labore
2807 882 2891 936 eis
2923 882 3026 953 qui
3063 899 3216 938 cura:
3264 883 3392 952 ejus
3420 881 3544 937 fue-

1889 976 2042 1033 rant,
2074 969 2404 1035 commissi,
2438 972 2538 1024 sed
2568 972 2746 1026 etiam
2769 973 2872 1042 qui
2893 971 2953 1026 in
2980 969 3322 1044 longinquis
3345 978 3542 1027 essent

1889 1059 2256 1127 regionibus,
2294 1058 2622 1130 plurimum
2665 1060 2903 1130 profuit,
2949 1061 3230 1116 omnibus
3274 1062 3535 1132 seipsum

1892 1147 2126 1203 facilem
2176 1149 2470 1219 praebens,
2509 1153 2564 1202 et
2612 1147 2898 1220 epistolas
2945 1149 3269 1204 catholicas
3314 1151 3392 1205 ad
3442 1166 3544 1205 eos

1891 1236 2159 1292 scribens
2191 1254 2204 1292 :
2242 1252 2502 1309 quarum
2535 1254 2650 1294 una
2685 1238 2760 1293 ad
2793 1239 3274 1294 Lacedaemonios
3305 1247 3410 1303 est,
3444 1248 3543 1295 ca;

1891 1325 2175 1382 techesim
2201 1330 2257 1382 et
2285 1327 2722 1382 institutionem
2753 1327 3120 1383 orthodoxiae
3159 1328 3547 1399 rectiorisque

1891 1416 2177 1471 doctrinas
2215 1417 2526 1470 continens
2560 1431 2573 1470 :
2619 1417 2788 1486 cujus
2821 1417 3025 1472 titulus
3056 1423 3165 1472 est.
3198 1418 3275 1472 De
3311 1435 3456 1488 pace
3491 1423 3548 1473 et

1894 1504 2138 1560 unitate.
2177 1505 2515 1561 Secundam
2547 1506 2626 1560 ad
2655 1506 3045 1562 Athenienses
3073 1507 3258 1571 dedit,
3291 1523 3412 1580 qua
3442 1523 3545 1563 eos

1892 1596 1970 1650 ad
2003 1595 2302 1650 sinceram
2345 1594 2526 1649 ﬁdem
2569 1595 3084 1667 complectendam
3128 1599 3365 1662 excitat,
3409 1613 3548 1652 cum

1891 1683 2154 1754 legitima
2192 1683 2608 1754 objurgatione
2642 1700 2655 1739 :
2689 1688 2852 1756 quod
2885 1701 3098 1756 parum
3130 1695 3325 1740 essent
3347 1686 3423 1740 ad
3452 1702 3547 1742 ac-

169 1770 484 1841 προὶγματος
517 1782 534 1798 ⁸
583 1768 669 1840 ἀφ’
709 1768 770 1820 οὗ
801 1767 1058 1820 Πούπλιον
1097 1773 1202 1827 τοῖς
1246 1764 1362 1817 κατ’
1412 1763 1570 1816 ἐκεῖνο
1598 1767 1786 1837 καιροῦ

1906 1778 2169 1829 auratum
2212 1772 2575 1842 evangelica;
2619 1773 2904 1829 doctrinae
2951 1782 3006 1829 et
3043 1776 3176 1830 vitae
3211 1775 3546 1830 institutum

173 1853 458 1930 διωγμοῖς,
513 1855 896 1930 ἐπισφραγῖσαι
945 1860 1219 1930 μαρτυρίῳ
1257 1857 1342 1907 τόν
1379 1852 1497 1926 βίον
1551 1850 1738 1908 συνέϐη
1769 1865 1788 1881 '

171 1947 252 2009 οἷς
304 1942 573 2019 Κοδρᾶτον
617 1949 749 2018 μετὰ
797 1945 1052 1999 Πούπλιον
1095 1947 1288 2018 ἱστορεῖ
1338 1952 1426 2004 τῆς
1475 1943 1788 2002 Ἐκκλησίας

171 2037 549 2108 ἣγεμονεῦσαι,
591 2035 653 2087 οὗ
705 2041 819 2096 ταῖς
864 2031 1127 2096 σπουδαῖς
1175 2033 1596 2104 ἓπισυναχθῆναι
1633 2029 1786 2082 πάλιν

170 2128 365 2186 αύτούς
410 2144 558 2198 φησι,
610 2128 699 2178 καὶ
746 2130 839 2184 τὴν
901 2124 1308 2196 ἀναζωπύρησιν
1355 2119 1503 2182 αὖθις
1547 2121 1796 2193 γενέσθαι

165 2223 265 2276 τῆς
319 2219 561 2276 πίστεως.
628 2215 712 2268 Ἐν
759 2214 790 2286 ᾗ
833 2213 1081 2271 ἐπιστολή
1131 2208 1417 2279 δείκνυσιν,
1452 2213 1520 2273 ὡς
1566 2227 1788 2282 προτρο-

169 2310 303 2366 παῖς
366 2303 570 2358 Παύλου
627 2307 718 2355 καὶ
763 2305 1030 2364 Διονύσιος
1085 2302 1110 2353 ὁ
1160 2301 1543 2373 Ἀρεοπαγίτης
1586 2306 1684 2360 τῆς
1740 2296 1789 2349 ἐν

172 2392 432 2452 ’Δθήναις
482 2391 763 2455 ἐκκλησίας
821 2396 1073 2468 προέστη.
1128 2389 1290 2448 Ἀλλη
1347 2386 1406 2443 δὲ
1473 2389 1612 2460 αύτῷ
1659 2389 1792 2462 πρὸς

170 2477 504 2555 Νικομηδεῖς
559 2479 756 2556 ἐγράφη
816 2480 1062 2540 ἐπιστολή
1098 2497 1113 2512 ο
1177 2478 1225 2531 ἐν
1359 2486 1423 2551 τῇ
1482 2481 1790 2552 Μαρκίωνος

175 2572 382 2646 αἱρέσει
431 2567 638 2644 σφόδρα
673 2574 990 2643 μαχόμενος,
1038 2577 1112 2641 τῷ
1150 2568 1573 2638 ἐκκλησιαστικῷ
1613 2570 1796 2618 κανόνι

180 2667 416 2732 στοιχεῖ.
461 2664 560 2713 Καὶ
598 2665 719 2723 ταῖς
749 2661 887 2712 κατὰ
930 2663 1141 2734 Κρήτην
1194 2655 1253 2711 δι
1291 2662 1380 2710 καὶ
1420 2663 1672 2730 Γόρτυναν
1711 2655 1793 2709 ἐκ·

178 2749 430 2811 κλησίαις
485 2748 613 2808 ἄλλη
669 2748 940 2822 ἐμφέρεται
979 2765 993 2780 ο
1036 2748 1086 2801 ἐν
1238 2743 1519 2819 ἀποδοχῆς
1569 2749 1660 2798 καὶ
1704 2747 1794 2797 τὸν

187 2837 386 2900 ἐκείνης
439 2836 722 2892 ἐπίσκοπον
775 2837 1028 2892 Φίλιππον
1084 2835 1262 2902 ἀξιῶν,
1311 2839 1380 2898 ὡς
1430 2840 1525 2894 τὴν
1573 2835 1793 2892 Ἐκκλη-

186 2932 308 2981 σίαν
343 2928 593 3002 λαμπρῶς
633 2924 1072 3002 ἁνδραγαθοὺσαν
1103 2922 1352 2979 διέποντα
1383 2943 1398 2958 ⁸
1442 2910 1799 2998 φυλάττεσθαί

180 3037 238 3071 τε
285 3022 417 3091 πρὸς
453 3025 526 3089 τῷ
575 3016 707 3071 τέλει
758 3025 1003 3091 παραινεῖ.
1055 3021 1145 3069 καὶ
1196 3019 1254 3068 τό
1296 3017 1504 3068 σκολιόν
1554 3021 1644 3068 καὶ
1677 3013 1796 3069 διοί-

181 3125 409 3180 στροφον
487 3114 586 3159 τῶν
673 3108 968 3181 αἱρετικῶν.
1029 3101 1356 3180 Ἀμάστριδι
1409 3101 1469 3157 δὲ
1531 3110 1621 3157 καὶ
1683 3112 1795 3167 ταῖς

178 3198 325 3249 κατὰ
373 3201 566 3249 Πόντον
608 3195 915 3258 ἐκκλησίαις
952 3193 1280 3260 ἐπιστελλων,
1330 3191 1669 3268 Βακχυλίδου
1705 3200 1795 3248 καὶ

193 3283 503 3352 Ἐλπίστου,
563 3289 627 3347 ὡς
681 3285 1139 3363 προτρεψαμένων,
1206 3289 1382 3358 μνείαν
1442 3293 1668 3337 ποιεῖται
1721 3292 1796 3356 τῷ

179 3376 488 3447 γράμματι,
551 3374 764 3447 Παλμᾶν
829 3393 884 3429 τε
945 3374 1234 3428 ἐπίσκοπον»
1291 3373 1500 3435 ἐκείνοις
1562 3392 1800 3450 παραση-

178 3468 470 3537 μαίνεται·
526 3462 574 3516 ἐν
713 3462 958 3538 ἐπιστολῇ
1019 3465 1219 3517 πολλῶν
1293 3470 1563 3538 Γραφικῶν
1621 3465 1798 3526 λύσεις

183 3550 443 3626 διασαφεῖ
473 3570 486 3583 ·
515 3553 802 3624 εἰσηγεῖται
825 3558 930 3624 μὴν
969 3555 1033 3614 ὡς
1077 3553 1298 3606 πλεῖστα
1341 3559 1458 3626 περί
1507 3573 1561 3606 τε
1590 3552 1795 3626 ἁγνείας

180 3648 282 3696 καὶ
338 3645 532 3715 γάμου,
592 3645 912 3716 Προστάττει
949 3662 1009 3714 γε
1059 3647 1160 3715 μὴν·
1198 3647 1433 3704 καὶτοὺς
1480 3642 1533 3706 ἐξ
1575 3642 1799 3702 οἱασδη-

180 3739 380 3788 ποτοῡν
447 3733 718 3808 αἱρέσεως,
765 3735 795 3791 ἣ
857 3731 1229 3805 πλημμελείας,
1283 3735 1322 3790 ἦ.
1365 3731 1621 3804 ἁμαρτίας
1689 3732 1805 3784 ἐπι⁵

184 3824 523 3894 στρέφοντας,
577 3819 814 3894 ἁσμένως
859 3823 1198 3894 προσίεσθαι.
1251 3823 1477 3881 Ταύταις
1525 3817 1585 3873 δὲ
1626 3825 1715 3873 καὶ
1764 3823 1794 3880 ἡ

182 3915 327 3986 πρὸς
377 3917 681 3974 Κνωσσίους
737 3910 880 3963 ἐστὶν
933 3909 1112 3979 ἐφεξῆς
1143 3931 1157 3944 ·
1215 3909 1266 3963 ἐν
1316 3931 1347 3984 η
1409 3918 1481 3982 τῷ
1533 3910 1800 3983 ἐπισκόπῳ

185 4000 366 4054 αὐτῶν
425 4007 631 4072 Πινυτῷ
687 4006 950 4075 παραινεῖ,
1012 4003 1084 4072 μὴ
1139 4003 1198 4052 τὸ
1252 3997 1390 4075 βαρύ
1447 4004 1654 4074 φορτίον
1709 4008 1802 4061 τῆς

186 4087 402 4163 ἁγνείας
439 4094 509 4152 ὡς
555 4091 843 4162 ἐπάναγκες
897 4091 1182 4143 ἐπιτιθέναι
1224 4097 1334 4152 τοῖς
1370 4086 1612 4162 ἀδελφοῖς
1640 4107 1656 4124 ·
1709 4099 1804 4154 τῆς

193 4177 264 4234 δὲ
311 4188 411 4233 τῶν
449 4179 647 4234 πολλῶν
689 4178 956 4239 ἀσθενείας
990 4179 1512 4251 καταστοχάζεσθαι.
1567 4183 1704 4256 Πρός
1741 4179 1803 4238 ἣν

193 4268 391 4332 ἐκεῖνος
439 4269 766 4342 ἀντιγράφων
820 4269 1012 4330 θειαςει
1045 4271 1132 4321 τὸν
1188 4265 1360 4342 ἄνδρα
1405 4273 1494 4322 καὶ
1547 4266 1805 4342 ἀποδέχε-

193 4374 332 4412 ται⁶
415 4354 586 4412 δεῖταί
636 4379 694 4431 γε
757 4362 860 4431 μὴν
918 4357 1271 4433 στερῥοτέροις
1355 4360 1638 4434 γράμμασι
1712 4365 1807 4419 την

193 4447 394 4521 ἀμείνω
441 4453 530 4501 καὶ
591 4447 786 4501 τελείαν
839 4453 1035 4522 τροφὴν
1084 4451 1259 4508 αὐτοῖς
1307 4446 1683 4523 ἐπιχορηγῶν
1738 4452 1807 4512 ὡς

1897 1863 2143 1930 intenti;
2193 1862 2418 1935 quippe
2463 1864 2564 1934 qui
2622 1877 2871 1934 prorsus
2924 1863 3044 1919 fere
3091 1879 3128 1920 a
3168 1864 3546 1936 professione

1895 1951 2228 2007 Christiana
2257 1949 2652 2006 desciverint:
2695 1966 2768 2005 ex
2802 1966 2922 2022 quo
2970 1951 3029 2006 in
3063 1967 3271 2008 eorum
3323 1958 3553 2024 tempo-

1895 2055 2031 2095 rum
2063 2040 2471 2110 persecutione
2500 2039 2740 2094 Publius
2767 2040 3089 2111 episcopus
3115 2056 3321 2096 eorum
3351 2047 3408 2096 et
3433 2041 3554 2098 vita

1899 2128 2184 2200 martyrio
2211 2127 2566 2196 consignata
2588 2129 2840 2182 excessit
2865 2146 2879 2188 :
2901 2129 2993 2183 cui
3025 2129 3395 2194 Quadratum
3416 2147 3555 2185 suc-

1899 2217 2170 2283 cessisse,
2196 2217 2444 2273 ecclesia
2465 2217 2880 2286 gubernanda,
2902 2233 3407 2284 commemorans,
3427 2225 3551 2276 stu-

1898 2307 2001 2364 dio
2047 2307 2470 2377 diligentiaque
2501 2306 2630 2377 ejus
2675 2314 3004 2361 conventus
3037 2307 3304 2364 ﬁdelium
3348 2309 3550 2365 denuo

1899 2395 1997 2466 agi
2042 2396 2316 2467 caepisse,
2367 2401 2422 2450 et
2481 2394 2618 2450 ﬁdei
2666 2395 2958 2466 igniculos
3006 2412 3212 2452 rursus
3265 2399 3553 2453 excitatos

1900 2501 2051 2552 esse,
2085 2485 2246 2540 dicit.
2300 2485 2364 2539 In
2409 2499 2482 2540 ea
2520 2485 2770 2556 epistola
2794 2500 3038 2557 quoque
3082 2485 3329 2553 indicat,
3388 2486 3552 2543 Pauli

1900 2575 2308 2631 cohortatione
2331 2574 2683 2645 Dionysium
2700 2576 3121 2645 Areopagitam
3139 2576 3552 2649 episcopatum

1899 2663 2164 2721 ecclesias
2201 2663 2652 2719 Atheniensium
2696 2665 3047 2734 suscepisse.
3085 2665 3328 2737 Scripsit
3373 2666 3554 2721 aliam

1900 2769 2144 2827 quoque
2165 2752 2242 2808 ad
2264 2751 2622 2808 Nicomediae
2652 2751 2989 2821 ecclesiam,
3006 2753 3065 2807 in
3088 2769 3212 2826 qua
3239 2755 3553 2810 Marcionis

1900 2843 2177 2899 haeresim
2208 2842 2590 2897 vehementer
2619 2843 3004 2913 impugnans,
3031 2842 3428 2898 ecclesiastico
3460 2859 3558 2899 ca-

1901 2931 2047 2988 noui
2097 2930 2308 2986 insistit
2338 2936 2520 3003 atque
2566 2930 2854 2986 innititur.
2885 2931 2972 2986 Ad
3010 2933 3323 3004 Gortynios
3349 2932 3550 3002 etiam,

1906 3026 1964 3077 et
1987 3020 2249 3094 reliquas
2269 3035 2373 3092 per
2403 3021 2635 3076 Cretam
2661 3019 2942 3075 ecclesias
2973 3019 3088 3076 alia
3117 3020 3555 3088 circumfertur,

1907 3110 1967 3166 in
2007 3127 2148 3182 qua,
2176 3126 2314 3165 cum
2354 3110 2706 3181 episcopum
2743 3124 2951 3164 eorum
2993 3108 3350 3181 Philippum,
3391 3111 3559 3183 quod

1906 3199 2226 3256 ecclesiam
2244 3215 2416 3254 suam
2449 3197 2808 3254 fortitudinis
2831 3204 2887 3253 et
2917 3198 3143 3254 virtutis
3167 3200 3560 3256 omnislaude

1905 3288 2219 3345 ﬂorentem
2239 3289 2345 3342 rite
2371 3287 2748 3357 gubernavit,
2772 3287 3158 3344 commendat
3183 3303 3197 3344 :
3233 3287 3406 3360 292
3435 3293 3560 3346 tum

1904 3379 1965 3434 in
2013 3378 2131 3432 fine
2162 3393 2264 3432 eos
2294 3375 2580 3442 hortatur,
2611 3382 2674 3430 ut
2703 3376 2815 3431 sibi
2864 3392 2900 3432 a
2926 3376 3135 3432 fraude
3174 3383 3230 3432 et
3271 3379 3560 3449 perversi-

1904 3472 2024 3524 tate
2076 3465 2493 3522 haereticorum
2545 3469 2816 3520 caveant.
2878 3466 3197 3521 Amastridi
3257 3483 3433 3538 porro
3504 3472 3562 3524 et

1905 3557 2158 3612 Ponticis
2189 3554 2458 3610 ecclesiis
2488 3555 2774 3623 scribens,
2810 3554 3196 3627 Bacchylides,
3239 3562 3293 3610 et
3337 3555 3556 3626 Elpisti,

1906 3647 2009 3718 qui
2036 3661 2173 3700 eum
2209 3644 2286 3699 ad
2318 3643 2701 3698 scribendum
2741 3643 2858 3697 sint
2897 3644 3209 3707 cohortati,
3241 3649 3298 3699 et
3345 3645 3559 3700 Palma:

1907 3733 2176 3804 episcopi
2211 3732 2576 3787 mentionem
2618 3731 2812 3786 infert.
2854 3731 2917 3785 ln
2945 3747 3014 3787 ea
3053 3732 3304 3803 epistola
3336 3734 3563 3790 multas

1911 3822 2352 3893 Scripturarum
2385 3819 2707 3876 solutiones
2728 3825 2783 3874 et
2802 3818 3236 3876 declarationes
3263 3824 3506 3894 exponit
3539 3840 3553 3878 :

1910 3911 2101 3968 multa
2128 3910 2202 3964 de
2241 3909 2510 3965 castitate
2539 3914 2596 3964 et
2629 3909 2914 3978 conjugio
2945 3908 3142 3964 refert.
3172 3911 3346 3966 Jubet
3377 3912 3560 3969 etiam

1910 4016 2122 4058 omnes
2143 4000 2245 4072 qui
2275 4013 2687 4070 aquacunque
2711 3997 2940 4060 haeresi,
2970 3998 3207 4064 delicto,
3227 4005 3284 4054 et
3313 4006 3561 4071 peccato

1911 4107 2019 4163 per
2055 4087 2468 4162 paenitentiam
2498 4093 2922 4143 convertantur
2951 4087 3028 4142 ad
3072 4089 3412 4157 Ecclesiam,
3453 4090 3564 4147 be-

1911 4179 2092 4250 nigne
2129 4178 2334 4250 recipi.
2377 4179 2492 4232 Has
2539 4176 2944 4248 consequitur,
2986 4193 3121 4249 quas
3162 4178 3238 4234 ad
3278 4177 3562 4237 Gnossios

1914 4275 2005 4326 est
2026 4269 2170 4324 data
2195 4268 2450 4339 epistola
2483 4282 2496 4321 :
2526 4266 2585 4320 in
2615 4281 2738 4337 qua
2761 4265 3116 4338 episcopum
3148 4269 3427 4341 Pinytum
3461 4270 3566 4326 ad-

1914 4364 2139 4423 monet,
2171 4372 2246 4412 ne
2276 4356 2583 4412 caelibatus
2622 4371 2796 4420 onus,
2829 4361 3119 4427 tanquam
3159 4359 3566 4415 necessarium

1917 4446 2198 4504 fratribus
2235 4447 2505 4518 imponat
2557 4444 2656 4516 (1),
2699 4444 2805 4500 sed
2843 4444 3200 4501 inﬁrmitatis
3243 4447 3568 4504 multorum

192 4539 264 4590 ἄν
308 4541 380 4608 μὴ
433 4543 543 4598 τοῖς
598 4534 922 4596 νηπεώδεσιν
987 4536 1329 4612 ἐντραφέντες,
1389 4537 1590 4590 λάθωσι
1651 4557 1795 4591 κατα⁴

1916 4538 2210 4594 rationem
2259 4535 2497 4590 habeat.
2540 4534 2628 4589 Ad
2666 4550 2852 4605 quam
2901 4533 2994 4590 ille
3034 4535 3390 4606 rescribens,
3431 4553 3570 4592 cum

189 4627 521 4701 γηράσαντες
567 4633 631 4698 τῇ
677 4622 770 4678 διὰ
802 4625 1062 4698 γάλακτος
1098 4626 1277 4699 ἀγωγῇ
1311 4644 1324 4657 ’
1382 4623 1455 4679 δι’
1496 4628 1556 4689 ἧς
1597 4631 1804 4682 ἐπιστο·

188 4714 288 4776 λῆς
340 4719 526 4770 καὶτὸ
570 4722 664 4768 τοῦ
705 4722 927 4769 Πινυτοῡ
956 4720 1074 4789 περὶ
1127 4720 1220 4774 τὴν
1271 4713 1551 4788 ὀρθόδοξον
1603 4721 1809 4784 πίστιν,

189 4805 220 4858 ὃ
271 4823 325 4858 τε
359 4805 508 4878 λόγος
557 4809 649 4858 καὶ
704 4806 734 4863 ἠ
797 4809 916 4878 περὶ
964 4807 1032 4858 τὰ
1075 4806 1186 4857 θεῖα
1225 4807 1431 4866 σύνεσις
1467 4811 1558 4858 καὶ
1599 4810 1657 4859 τό
1707 4816 1810 4860 τῶν

191 4896 439 4953 ὑπηκόων
477 4895 730 4968 ὠφέλιμον
788 4890 1176 4950 διαδείκνυταε.
1241 4899 1342 4947 Καὶ
1387 4902 1589 4963 Σωτῆρι
1633 4891 1692 4948 δὲ
1736 4902 1808 4966 τῷ

190 4989 294 5047 τῆς
345 4983 547 5058 Ῥώμης
602 4982 872 5056 ἐπισκόπῳ
919 4983 1077 5043 ἄλλην
1137 4985 1448 5059 ὑπαγορεύει
1506 4983 1804 5056 ἐπιστολὴν,

194 5069 253 5135 ἐξ
285 5072 346 5134 ἧς
395 5069 610 5149 βραχέα
645 5073 959 5147 παραθεῖναι
997 5069 1206 5126 δίκαιον
1241 5075 1450 5147 ἥγημαι
1481 5086 1496 5103 ⁸
1548 5071 1602 5136 ἐξ
1635 5073 1702 5124 ὧν
1746 5075 1808 5125 τό

271 5247 350 5331 (1)
375 5249 456 5305 De
485 5265 666 5331 onere
687 5249 1000 5331 caelibatus
1019 5247 1152 5330 .divi
1179 5250 1388 5331 lgnatii
1410 5253 1650 5306 exstant
1677 5265 1810 5331 sen-

199 5321 454 5404 tentiis:
485 5341 515 5374 ει
544 5323 598 5403 Si
625 5322 772 5404 quis.
799 5325 994 5394 potest
1017 5321 1077 5376 in
1116 5325 1391 5404 castitate
1432 5338 1692 5404 manere,
1727 5323 1807 5378 ob

198 5393 403 5449 carnis
421 5393 741 5449 Dominicaa
761 5393 1070 5458 honorem,
1085 5395 1230 5449 citra
1242 5393 1659 5464 gloriationem
1685 5411 1809 5450 ma-

197 5472 342 5537 neat
371 5466 545 5537 Decet
567 5471 766 5537 autem
799 5470 860 5537 et
885 5465 1180 5537 nubentes
1206 5474 1265 5521 et
1302 5472 1522 5537 nuptas
1559 5466 1638 5522 de
1677 5482 1806 5522 sen-

201 5535 692 5609 tentiafrepiscopi
730 5535 1080 5608 conjugium
1120 5535 1445 5603 instituere,
1489 5543 1549 5594 ut
1584 5537 1808 5609 nuptiae

195 5607 373 5688 juxta
399 5607 589 5668 Deum
604 5607 1064 5679 contrahantur.
1079 5623 1212 5688 non
1229 5609 1569 5668 secundum
1579 5607 1809 5670 [cedam

1920 4627 2112 4682 virum
2152 4641 2290 4681 eum
2339 4623 2690 4690 admiratur,
2733 4623 2958 4690 laudat,
3000 4629 3056 4679 et
3104 4625 3571 4696 complectitur:

1919 4722 2042 4772 tum
2076 4715 2154 4771 ab
2193 4731 2264 4770 eo
2297 4715 2653 4770 maturiores
2691 4714 3110 4786 ﬁrmioresque
3141 4721 3283 4786 petit
3325 4715 3566 4782 litteras,

1918 4806 2142 4880 quibus
2167 4804 2280 4860 illis
2313 4804 2618 4860 meliorem
2642 4804 3104 4875 solidioremque
3127 4803 3330 4859 cibum
3358 4805 3576 4876 imper-

1919 4897 2043 4965 tiat,
2094 4911 2167 4950 ne
2217 4893 2543 4965 puerilibus
2595 4893 2862 4948 innutriti
2917 4893 3235 4958 alimentis,
3292 4894 3353 4948 in
3405 4893 3576 4949 lactis

1919 4983 2312 5040 nutricatione
2363 4987 2813 5038 consanescant.
2865 4983 2974 5036 Per
3011 4997 3203 5054 quam
3249 4981 3571 5053 epstolam,

1917 5089 2043 5130 non
2073 5072 2257 5129 modo
2284 5072 2522 5144 Pinytus
2551 5071 2952 5128 orthodoxam
2977 5076 3338 5143 rectamque
3366 5069 3572 5142 ﬁdem,

1913 5250 2248 5307 libidinem.
2286 5247 2605 5306 leibatus
2645 5249 2862 5320 jugum
2906 5248 3132 5304 nemini
3176 5249 3572 5320 imposueris.

1915 5324 2014 5380 Est
2041 5325 2202 5378 enim
2229 5321 2683 5392 respericulosa,
2716 5327 2774 5376 et
2802 5321 3122 5385 custoditu,
3157 5337 3296 5376 cum
3336 5323 3577 5376 obtine~

1916 5401 2029 5459 tur,
2070 5393 2347 5458 difﬁcilis,
2380 5393 2625 5465 quando
2664 5407 2739 5446 ex
2765 5393 3112 5447 necessitate
3148 5401 3434 5447 servatur.
3465 5393 3570 5447 Ju-

1915 5466 2170 5521 venibus
2227 5465 2468 5536 nuptias
2506 5465 2811 5536 permitte,
2840 5465 3195 5536 priusquam
3243 5465 3570 5536 meretricis

1915 5537 2222 5593 amoribus
2255 5534 2735 5609 corrumpantur.
2768 5534 2857 5608 (In
2889 5534 3308 5606 Gnoinotogico
3337 5535 3574 5608 (ἔνθεο,

1919 5609 2031 5666 lib.
2053 5625 2094 5676 ι,
2123 5623 2259 5683 cap.
2294 5608 2388 5666 14.
2424 5606 2448 5683 )
3567 5635 3574 5646 -

1941 5609 2031 5666 ib.
2053 5625 2094 5676 ι,
2123 5623 2259 5683 cap.
2294 5609 2388 5666 14.
2424 5609 2448 5683 )
3567 5635 3574 5646 -
