  <div class='ocr_page' id='page_1' title='image "/cluster/home/n/w/nwhite01/storage/ocr_20150623/145/hvd.32044054086921/503.png"; bbox 0 0 4040 6224; ppageno 0'>
   <div class='ocr_carea' id='block_1_1' title="bbox 572 270 681 331">
    <p class='ocr_par' dir='ltr' id='par_1_1' title="bbox 572 270 681 331">
     <span class='ocr_line' id='line_1_1' title="bbox 572 270 681 331; baseline 0 -3"><span class='ocrx_word' id='word_1_1' title='bbox 572 270 681 331; x_wconf 77' lang='lat'><strong>995</strong></span> 
     </span>
    </p>
   </div>
   <div class='ocr_carea' id='block_1_2' title="bbox 1906 267 2667 329">
    <p class='ocr_par' dir='ltr' id='par_1_2' title="bbox 1906 267 2667 329">
     <span class='ocr_line' id='line_1_2' title="bbox 1906 267 2667 329; baseline 0.004 -4"><span class='ocrx_word' id='word_1_2' title='bbox 1906 267 2301 329; x_wconf 77' lang='lat' dir='ltr'><strong>NICEPHORI</strong></span> <span class='ocrx_word' id='word_1_3' title='bbox 2340 267 2667 328; x_wconf 83' lang='lat' dir='ltr'><strong>CALLISTI</strong></span> 
     </span>
    </p>
   </div>
   <div class='ocr_carea' id='block_1_3' title="bbox 3793 275 3886 336">
    <p class='ocr_par' dir='ltr' id='par_1_3' title="bbox 3793 275 3886 336">
     <span class='ocr_line' id='line_1_3' title="bbox 3793 275 3886 336; baseline 0 0"><span class='ocrx_word' id='word_1_4' title='bbox 3793 275 3886 336; x_wconf 77' lang='lat'><strong>996</strong></span> 
     </span>
    </p>
   </div>
   <div class='ocr_carea' id='block_1_4' title="bbox 568 392 2197 472">
    <p class='ocr_par' dir='ltr' id='par_1_4' title="bbox 568 393 2197 471">
     <span class='ocr_line' id='line_1_4' title="bbox 568 393 2197 471; baseline -0.001 -17"><span class='ocrx_word' id='word_1_5' title='bbox 568 398 675 454; x_wconf 87' lang='lat' dir='ltr'><strong>sed</strong></span> <span class='ocrx_word' id='word_1_6' title='bbox 688 396 1088 471; x_wconf 91' lang='lat' dir='ltr'><strong>eloquentiam</strong></span> <span class='ocrx_word' id='word_1_7' title='bbox 1098 437 1111 462; x_wconf 92' lang='lat'><strong>,</strong></span> <span class='ocrx_word' id='word_1_8' title='bbox 1132 394 1254 453; x_wconf 89' lang='lat' dir='ltr'><strong>divi</strong></span> <span class='ocrx_word' id='word_1_9' title='bbox 1262 410 1523 469; x_wconf 88' lang='lat' dir='ltr'><strong>namque</strong></span> <span class='ocrx_word' id='word_1_10' title='bbox 1537 393 1917 468; x_wconf 90' lang='lat' dir='ltr'><strong>prudentiam</strong></span> <span class='ocrx_word' id='word_1_11' title='bbox 1942 399 2197 453; x_wconf 89' lang='lat' dir='ltr'><strong>etcuran</strong></span> 
     </span>
    </p>
   </div>
   <div class='ocr_carea' id='block_1_5' title="bbox 2304 392 3887 472">
    <p class='ocr_par' dir='ltr' id='par_1_5' title="bbox 2324 392 3887 472">
     <span class='ocr_line' id='line_1_5' title="bbox 2324 392 3887 472; baseline 0.004 -23"><span class='ocrx_word' id='word_1_12' title='bbox 2324 399 2490 470; x_wconf 88' lang='grc' dir='ltr'><strong>μίχρι</strong></span> <span class='ocrx_word' id='word_1_13' title='bbox 2538 402 2631 450; x_wconf 84' lang='grc' dir='ltr'><strong>τοῦ</strong></span> <span class='ocrx_word' id='word_1_14' title='bbox 2679 392 2921 470; x_wconf 83' lang='grc' dir='ltr'><strong>διωγμοῦ</strong></span> <span class='ocrx_word' id='word_1_15' title='bbox 2974 394 3348 472; x_wconf 83' lang='grc' dir='ltr'><strong>φυλαττόμενον</strong></span> <span class='ocrx_word' id='word_1_16' title='bbox 3400 396 3602 465; x_wconf 55' lang='lat' dir='ltr'><strong>tam</strong></span> <span class='ocrx_word' id='word_1_17' title='bbox 3658 398 3762 463; x_wconf 75' lang='grc' dir='ltr'><strong>ιθος</strong></span> <span class='ocrx_word' id='word_1_18' title='bbox 3805 423 3887 456; x_wconf 84' lang='grc' dir='ltr'><strong>πα-</strong></span> 
     </span>
    </p>
   </div>
   <div class='ocr_carea' id='block_1_6' title="bbox 568 484 2217 559">
    <p class='ocr_par' dir='ltr' id='par_1_6' title="bbox 568 484 2217 559">
     <span class='ocr_line' id='line_1_6' title="bbox 568 484 2217 559; baseline -0.001 -16"><span class='ocrx_word' id='word_1_19' title='bbox 568 501 966 559; x_wconf 85' lang='lat' dir='ltr'><strong>suam,quam</strong></span> <span class='ocrx_word' id='word_1_20' title='bbox 994 485 1070 543; x_wconf 88' lang='lat' dir='ltr'><strong>de</strong></span> <span class='ocrx_word' id='word_1_21' title='bbox 1095 484 1292 558; x_wconf 84' lang='lat' dir='ltr'><strong>gregis</strong></span> <span class='ocrx_word' id='word_1_22' title='bbox 1315 484 1406 541; x_wconf 87' lang='lat' dir='ltr'><strong>sui</strong></span> <span class='ocrx_word' id='word_1_23' title='bbox 1434 484 1703 557; x_wconf 91' lang='lat' dir='ltr'><strong>profectu</strong></span> <span class='ocrx_word' id='word_1_24' title='bbox 1731 487 1789 543; x_wconf 84' lang='lat' dir='ltr'><strong>et</strong></span> <span class='ocrx_word' id='word_1_25' title='bbox 1808 484 2055 543; x_wconf 77' lang='lat' dir='ltr'><strong>utilitate</strong></span> <span class='ocrx_word' id='word_1_26' title='bbox 2082 501 2217 557; x_wconf 84' lang='lat' dir='ltr'><strong>ges-</strong></span> 
     </span>
    </p>
   </div>
   <div class='ocr_carea' id='block_1_7' title="bbox 568 573 2218 648">
    <p class='ocr_par' dir='ltr' id='par_1_7' title="bbox 568 573 2218 648">
     <span class='ocr_line' id='line_1_7' title="bbox 568 573 2218 648; baseline 0 -15"><span class='ocrx_word' id='word_1_27' title='bbox 568 577 662 645; x_wconf 91' lang='lat' dir='ltr'><strong>sit,</strong></span> <span class='ocrx_word' id='word_1_28' title='bbox 690 574 835 632; x_wconf 89' lang='lat' dir='ltr'><strong>satis</strong></span> <span class='ocrx_word' id='word_1_29' title='bbox 865 573 1145 631; x_wconf 81' lang='lat' dir='ltr'><strong>declarat.</strong></span> <span class='ocrx_word' id='word_1_30' title='bbox 1180 574 1294 632; x_wconf 86' lang='lat' dir='ltr'><strong>Sed</strong></span> <span class='ocrx_word' id='word_1_31' title='bbox 1324 573 1402 631; x_wconf 86' lang='lat' dir='ltr'><strong>ad</strong></span> <span class='ocrx_word' id='word_1_32' title='bbox 1432 573 1699 632; x_wconf 90' lang='lat' dir='ltr'><strong>Soterem</strong></span> <span class='ocrx_word' id='word_1_33' title='bbox 1733 590 1974 648; x_wconf 89' lang='lat' dir='ltr'><strong>quoque</strong></span> <span class='ocrx_word' id='word_1_34' title='bbox 2004 577 2218 633; x_wconf 81' lang='lat' dir='ltr'><strong>Roma-</strong></span> 
     </span>
    </p>
   </div>
   <div class='ocr_carea' id='block_1_8' title="bbox 568 663 2216 738">
    <p class='ocr_par' dir='ltr' id='par_1_8' title="bbox 568 663 2216 738">
     <span class='ocr_line' id='line_1_8' title="bbox 568 663 2216 738; baseline 0 -16"><span class='ocrx_word' id='word_1_35' title='bbox 568 681 664 722; x_wconf 68' lang='lat' dir='ltr'><strong>nm</strong></span> <span class='ocrx_word' id='word_1_36' title='bbox 696 665 861 721; x_wconf 91' lang='lat' dir='ltr'><strong>urbis</strong></span> <span class='ocrx_word' id='word_1_37' title='bbox 891 664 1244 737; x_wconf 80' lang='lat' dir='ltr'><strong>episcopum</strong></span> <span class='ocrx_word' id='word_1_38' title='bbox 1268 664 1584 737; x_wconf 83' lang='lat' dir='ltr'><strong>epistolam</strong></span> <span class='ocrx_word' id='word_1_39' title='bbox 1612 663 1795 729; x_wconf 89' lang='lat' dir='ltr'><strong>dedit,</strong></span> <span class='ocrx_word' id='word_1_40' title='bbox 1826 680 1897 721; x_wconf 89' lang='lat' dir='ltr'><strong>ex</strong></span> <span class='ocrx_word' id='word_1_41' title='bbox 1928 680 2050 738; x_wconf 87' lang='lat' dir='ltr'><strong>qua</strong></span> <span class='ocrx_word' id='word_1_42' title='bbox 2078 681 2216 738; x_wconf 86' lang='lat' dir='ltr'><strong>per-</strong></span> 
     </span>
    </p>
   </div>
   <div class='ocr_carea' id='block_1_9' title="bbox 567 752 2214 829">
    <p class='ocr_par' dir='ltr' id='par_1_9' title="bbox 567 752 2214 829">
     <span class='ocr_line' id='line_1_9' title="bbox 567 752 2214 829; baseline 0.001 -18"><span class='ocrx_word' id='word_1_43' title='bbox 567 770 764 829; x_wconf 88' lang='lat' dir='ltr'><strong>pauca</strong></span> <span class='ocrx_word' id='word_1_44' title='bbox 836 752 933 810; x_wconf 88' lang='lat' dir='ltr'><strong>hic</strong></span> <span class='ocrx_word' id='word_1_45' title='bbox 997 753 1255 810; x_wconf 82' lang='lat' dir='ltr'><strong>inserere</strong></span> <span class='ocrx_word' id='word_1_46' title='bbox 1332 752 1573 825; x_wconf 87' lang='lat' dir='ltr'><strong>placuit,</strong></span> <span class='ocrx_word' id='word_1_47' title='bbox 1631 752 1706 809; x_wconf 91' lang='lat' dir='ltr'><strong>de</strong></span> <span class='ocrx_word' id='word_1_48' title='bbox 1780 754 2214 813; x_wconf 90' lang='lat' dir='ltr'><strong>consuetudine</strong></span> 
     </span>
    </p>
   </div>
   <div class='ocr_carea' id='block_1_10' title="bbox 565 842 2213 915">
    <p class='ocr_par' dir='ltr' id='par_1_10' title="bbox 565 842 2213 915">
     <span class='ocr_line' id='line_1_10' title="bbox 565 842 2213 915; baseline -0.001 -14"><span class='ocrx_word' id='word_1_49' title='bbox 565 842 976 908; x_wconf 88' lang='lat' dir='ltr'><strong>ecclesiarum,</strong></span> <span class='ocrx_word' id='word_1_50' title='bbox 998 858 1135 915; x_wconf 60' lang='lat' dir='ltr'><strong>quas</strong></span> <span class='ocrx_word' id='word_1_51' title='bbox 1158 857 1344 915; x_wconf 89' lang='lat' dir='ltr'><strong>usque</strong></span> <span class='ocrx_word' id='word_1_52' title='bbox 1368 842 1445 898; x_wconf 90' lang='lat' dir='ltr'><strong>ad</strong></span> <span class='ocrx_word' id='word_1_53' title='bbox 1467 842 1940 915; x_wconf 87' lang='lat' dir='ltr'><strong>persecutionem</strong></span> <span class='ocrx_word' id='word_1_54' title='bbox 1954 843 2213 902; x_wconf 89' lang='lat' dir='ltr'><strong>duravit.</strong></span> 
     </span>
    </p>
   </div>
   <div class='ocr_carea' id='block_1_11' title="bbox 565 931 2213 1004">
    <p class='ocr_par' dir='ltr' id='par_1_11' title="bbox 565 931 2213 1004">
     <span class='ocr_line' id='line_1_11' title="bbox 565 931 2213 1004; baseline 0.001 -14"><span class='ocrx_word' id='word_1_55' title='bbox 565 935 711 990; x_wconf 85' lang='lat' dir='ltr'><strong>Eam</strong></span> <span class='ocrx_word' id='word_1_56' title='bbox 738 948 878 988; x_wconf 91' lang='lat' dir='ltr'><strong>cum</strong></span> <span class='ocrx_word' id='word_1_57' title='bbox 902 932 1030 1004; x_wconf 89' lang='lat' dir='ltr'><strong>ipse</strong></span> <span class='ocrx_word' id='word_1_58' title='bbox 1058 946 1301 1004; x_wconf 89' lang='lat' dir='ltr'><strong>quoque</strong></span> <span class='ocrx_word' id='word_1_59' title='bbox 1328 931 1641 1004; x_wconf 87' lang='lat' dir='ltr'><strong>approbet,</strong></span> <span class='ocrx_word' id='word_1_60' title='bbox 1672 932 1752 989; x_wconf 89' lang='lat' dir='ltr'><strong>ita</strong></span> <span class='ocrx_word' id='word_1_61' title='bbox 1780 932 1955 990; x_wconf 83' lang='lat' dir='ltr'><strong>refert</strong></span> <span class='ocrx_word' id='word_1_62' title='bbox 1987 948 2001 988; x_wconf 88' lang='lat'><strong>:</strong></span> <span class='ocrx_word' id='word_1_63' title='bbox 2032 953 2061 986; x_wconf 76' lang='grc' dir='ltr'><strong>ε</strong></span> <span class='ocrx_word' id='word_1_64' title='bbox 2083 936 2213 992; x_wconf 84' lang='lat' dir='ltr'><strong>Jam</strong></span> 
     </span>
    </p>
   </div>
   <div class='ocr_carea' id='block_1_12' title="bbox 564 1020 2213 1087">
    <p class='ocr_par' dir='ltr' id='par_1_12' title="bbox 564 1020 2213 1087">
     <span class='ocr_line' id='line_1_12' title="bbox 564 1020 2213 1087; baseline -0.001 -8"><span class='ocrx_word' id='word_1_65' title='bbox 564 1022 704 1080; x_wconf 90' lang='lat' dir='ltr'><strong>inde</strong></span> <span class='ocrx_word' id='word_1_66' title='bbox 736 1020 813 1079; x_wconf 91' lang='lat' dir='ltr'><strong>ab</strong></span> <span class='ocrx_word' id='word_1_67' title='bbox 839 1021 1005 1077; x_wconf 89' lang='lat' dir='ltr'><strong>initio</strong></span> <span class='ocrx_word' id='word_1_68' title='bbox 1026 1020 1154 1077; x_wconf 69' lang='lat' dir='ltr'><strong>haec</strong></span> <span class='ocrx_word' id='word_1_69' title='bbox 1185 1020 1356 1076; x_wconf 86' lang='lat' dir='ltr'><strong>vobis</strong></span> <span class='ocrx_word' id='word_1_70' title='bbox 1385 1025 1473 1078; x_wconf 89' lang='lat' dir='ltr'><strong>est</strong></span> <span class='ocrx_word' id='word_1_71' title='bbox 1496 1022 1889 1087; x_wconf 84' lang='lat' dir='ltr'><strong>consuetudo,</strong></span> <span class='ocrx_word' id='word_1_72' title='bbox 1917 1027 1982 1078; x_wconf 90' lang='lat' dir='ltr'><strong>ut</strong></span> <span class='ocrx_word' id='word_1_73' title='bbox 2002 1022 2213 1081; x_wconf 83' lang='lat' dir='ltr'><strong>fratres</strong></span> 
     </span>
    </p>
   </div>
   <div class='ocr_carea' id='block_1_13' title="bbox 565 1108 2214 1181">
    <p class='ocr_par' dir='ltr' id='par_1_13' title="bbox 565 1108 2214 1181">
     <span class='ocr_line' id='line_1_13' title="bbox 565 1108 2214 1181; baseline -0.001 -11"><span class='ocrx_word' id='word_1_74' title='bbox 565 1126 777 1170; x_wconf 89' lang='lat' dir='ltr'><strong>omnes</strong></span> <span class='ocrx_word' id='word_1_75' title='bbox 827 1110 994 1166; x_wconf 89' lang='lat' dir='ltr'><strong>vario</strong></span> <span class='ocrx_word' id='word_1_76' title='bbox 1043 1108 1470 1167; x_wconf 87' lang='lat' dir='ltr'><strong>beneﬁciorum</strong></span> <span class='ocrx_word' id='word_1_77' title='bbox 1527 1124 1741 1181; x_wconf 80' lang='lat' dir='ltr'><strong>genere</strong></span> <span class='ocrx_word' id='word_1_78' title='bbox 1796 1110 2069 1167; x_wconf 72' lang='lat' dir='ltr'><strong>efficiatis</strong></span> <span class='ocrx_word' id='word_1_79' title='bbox 2104 1129 2119 1168; x_wconf 90' lang='lat'><strong>:</strong></span> <span class='ocrx_word' id='word_1_80' title='bbox 2157 1116 2214 1169; x_wconf 87' lang='lat' dir='ltr'><strong>et</strong></span> 
     </span>
    </p>
   </div>
   <div class='ocr_carea' id='block_1_14' title="bbox 562 1198 2213 1272">
    <p class='ocr_par' dir='ltr' id='par_1_14' title="bbox 562 1198 2213 1272">
     <span class='ocr_line' id='line_1_14' title="bbox 562 1198 2213 1272; baseline -0.001 -13"><span class='ocrx_word' id='word_1_81' title='bbox 562 1199 831 1258; x_wconf 90' lang='lat' dir='ltr'><strong>ecclesiis</strong></span> <span class='ocrx_word' id='word_1_82' title='bbox 861 1198 1078 1265; x_wconf 89' lang='lat' dir='ltr'><strong>multis,</strong></span> <span class='ocrx_word' id='word_1_83' title='bbox 1113 1214 1249 1271; x_wconf 73' lang='lat' dir='ltr'><strong>qum</strong></span> <span class='ocrx_word' id='word_1_84' title='bbox 1272 1199 1503 1272; x_wconf 90' lang='lat' dir='ltr'><strong>passim</strong></span> <span class='ocrx_word' id='word_1_85' title='bbox 1527 1200 1743 1256; x_wconf 89' lang='lat' dir='ltr'><strong>suntin</strong></span> <span class='ocrx_word' id='word_1_86' title='bbox 1770 1200 2048 1267; x_wconf 82' lang='lat' dir='ltr'><strong>urbibus,</strong></span> <span class='ocrx_word' id='word_1_87' title='bbox 2082 1202 2213 1258; x_wconf 90' lang='lat' dir='ltr'><strong>sub-</strong></span> 
     </span>
    </p>
   </div>
   <div class='ocr_carea' id='block_1_15' title="bbox 562 1286 2211 1361">
    <p class='ocr_par' dir='ltr' id='par_1_15' title="bbox 562 1286 2211 1361">
     <span class='ocr_line' id='line_1_15' title="bbox 562 1286 2211 1361; baseline 0.002 -15"><span class='ocrx_word' id='word_1_88' title='bbox 562 1288 777 1347; x_wconf 91' lang='lat' dir='ltr'><strong>sidium</strong></span> <span class='ocrx_word' id='word_1_89' title='bbox 792 1286 1035 1345; x_wconf 87' lang='lat' dir='ltr'><strong>mittatis</strong></span> <span class='ocrx_word' id='word_1_90' title='bbox 1066 1304 1081 1343; x_wconf 92' lang='lat'><strong>:</strong></span> <span class='ocrx_word' id='word_1_91' title='bbox 1108 1302 1214 1359; x_wconf 91' lang='lat' dir='ltr'><strong>per</strong></span> <span class='ocrx_word' id='word_1_92' title='bbox 1241 1288 1408 1360; x_wconf 90' lang='lat' dir='ltr'><strong>quod</strong></span> <span class='ocrx_word' id='word_1_93' title='bbox 1425 1288 1791 1359; x_wconf 88' lang='lat' dir='ltr'><strong>jamdudum</strong></span> <span class='ocrx_word' id='word_1_94' title='bbox 1809 1294 1866 1346; x_wconf 89' lang='lat' dir='ltr'><strong>et</strong></span> <span class='ocrx_word' id='word_1_95' title='bbox 1880 1304 2211 1361; x_wconf 86' lang='lat' dir='ltr'><strong>egenorum</strong></span> 
     </span>
    </p>
   </div>
   <div class='ocr_carea' id='block_1_16' title="bbox 562 1376 2210 1454">
    <p class='ocr_par' dir='ltr' id='par_1_16' title="bbox 562 1376 2210 1454">
     <span class='ocr_line' id='line_1_16' title="bbox 562 1376 2210 1454; baseline 0.001 -19"><span class='ocrx_word' id='word_1_96' title='bbox 562 1379 879 1452; x_wconf 88' lang='lat' dir='ltr'><strong>penuriam</strong></span> <span class='ocrx_word' id='word_1_97' title='bbox 926 1377 1225 1442; x_wconf 88' lang='lat' dir='ltr'><strong>recreatis,</strong></span> <span class='ocrx_word' id='word_1_98' title='bbox 1275 1381 1331 1433; x_wconf 89' lang='lat' dir='ltr'><strong>et</strong></span> <span class='ocrx_word' id='word_1_99' title='bbox 1378 1376 1586 1434; x_wconf 86' lang='lat' dir='ltr'><strong>fratres</strong></span> <span class='ocrx_word' id='word_1_100' title='bbox 1638 1377 1699 1434; x_wconf 88' lang='lat' dir='ltr'><strong>in</strong></span> <span class='ocrx_word' id='word_1_101' title='bbox 1747 1378 2004 1435; x_wconf 83' lang='lat' dir='ltr'><strong>metallis</strong></span> <span class='ocrx_word' id='word_1_102' title='bbox 2055 1395 2210 1454; x_wconf 88' lang='lat' dir='ltr'><strong>opus</strong></span> 
     </span>
    </p>
   </div>
   <div class='ocr_carea' id='block_1_17' title="bbox 559 1465 2212 1542">
    <p class='ocr_par' dir='ltr' id='par_1_17' title="bbox 559 1465 2212 1542">
     <span class='ocr_line' id='line_1_17' title="bbox 559 1465 2212 1542; baseline 0.001 -16"><span class='ocrx_word' id='word_1_103' title='bbox 559 1468 841 1526; x_wconf 77' lang='lat' dir='ltr'><strong>facientes</strong></span> <span class='ocrx_word' id='word_1_104' title='bbox 870 1465 1158 1530; x_wconf 89' lang='lat' dir='ltr'><strong>allevatis,</strong></span> <span class='ocrx_word' id='word_1_105' title='bbox 1182 1480 1534 1539; x_wconf 86' lang='lat' dir='ltr'><strong>moremque</strong></span> <span class='ocrx_word' id='word_1_106' title='bbox 1556 1469 1893 1525; x_wconf 82' lang='lat' dir='ltr'><strong>Romanum</strong></span> <span class='ocrx_word' id='word_1_107' title='bbox 1911 1485 1947 1525; x_wconf 90' lang='lat' dir='ltr'><strong>a</strong></span> <span class='ocrx_word' id='word_1_108' title='bbox 1969 1470 2212 1542; x_wconf 87' lang='lat' dir='ltr'><strong>majori-</strong></span> 
     </span>
    </p>
   </div>
   <div class='ocr_carea' id='block_1_18' title="bbox 556 1554 2208 1629">
    <p class='ocr_par' dir='ltr' id='par_1_18' title="bbox 556 1554 2208 1629">
     <span class='ocr_line' id='line_1_18' title="bbox 556 1554 2208 1629; baseline 0.001 -14"><span class='ocrx_word' id='word_1_109' title='bbox 556 1556 676 1615; x_wconf 87' lang='lat' dir='ltr'><strong>bus</strong></span> <span class='ocrx_word' id='word_1_110' title='bbox 695 1564 1007 1629; x_wconf 91' lang='lat' dir='ltr'><strong>acceptum</strong></span> <span class='ocrx_word' id='word_1_111' title='bbox 1045 1554 1296 1612; x_wconf 85' lang='lat' dir='ltr'><strong>Romani</strong></span> <span class='ocrx_word' id='word_1_112' title='bbox 1328 1555 1607 1612; x_wconf 86' lang='lat' dir='ltr'><strong>retinetis.</strong></span> <span class='ocrx_word' id='word_1_113' title='bbox 1640 1557 1829 1623; x_wconf 87' lang='lat' dir='ltr'><strong>Quem</strong></span> <span class='ocrx_word' id='word_1_114' title='bbox 1868 1572 1990 1613; x_wconf 92' lang='lat' dir='ltr'><strong>non</strong></span> <span class='ocrx_word' id='word_1_115' title='bbox 2022 1559 2208 1618; x_wconf 90' lang='lat' dir='ltr'><strong>modo</strong></span> 
     </span>
    </p>
   </div>
   <div class='ocr_carea' id='block_1_19' title="bbox 557 1644 2206 1722">
    <p class='ocr_par' dir='ltr' id='par_1_19' title="bbox 557 1644 2206 1722">
     <span class='ocr_line' id='line_1_19' title="bbox 557 1644 2206 1722; baseline 0.002 -19"><span class='ocrx_word' id='word_1_116' title='bbox 557 1645 950 1711; x_wconf 89' lang='lat' dir='ltr'><strong>conservavit,</strong></span> <span class='ocrx_word' id='word_1_117' title='bbox 982 1644 1088 1699; x_wconf 89' lang='lat' dir='ltr'><strong>sed</strong></span> <span class='ocrx_word' id='word_1_118' title='bbox 1118 1644 1364 1701; x_wconf 78' lang='lat' dir='ltr'><strong>adauxit</strong></span> <span class='ocrx_word' id='word_1_119' title='bbox 1400 1644 1604 1712; x_wconf 89' lang='lat' dir='ltr'><strong>etiam,</strong></span> <span class='ocrx_word' id='word_1_120' title='bbox 1643 1645 1855 1703; x_wconf 88' lang='lat' dir='ltr'><strong>beatus</strong></span> <span class='ocrx_word' id='word_1_121' title='bbox 1886 1647 2206 1722; x_wconf 89' lang='lat' dir='ltr'><strong>episcopus</strong></span> 
     </span>
    </p>
   </div>
   <div class='ocr_carea' id='block_1_20' title="bbox 2321 484 3886 563">
    <p class='ocr_par' dir='ltr' id='par_1_20' title="bbox 2321 484 3886 563">
     <span class='ocr_line' id='line_1_20' title="bbox 2321 484 3886 563; baseline 0.003 -22"><span class='ocrx_word' id='word_1_122' title='bbox 2321 487 2589 563; x_wconf 83' lang='grc' dir='ltr'><strong>ρίστάται.</strong></span> <span class='ocrx_word' id='word_1_123' title='bbox 2641 485 2712 541; x_wconf 71' lang='grc'><strong>⁸0</strong></span> <span class='ocrx_word' id='word_1_124' title='bbox 2757 491 2846 541; x_wconf 83' lang='grc' dir='ltr'><strong>καὶ</strong></span> <span class='ocrx_word' id='word_1_125' title='bbox 2878 484 3156 561; x_wconf 77' lang='grc' dir='ltr'><strong>ἀποδοχῆς</strong></span> <span class='ocrx_word' id='word_1_126' title='bbox 3212 488 3392 557; x_wconf 83' lang='grc' dir='ltr'><strong>ἀξιῶν,</strong></span> <span class='ocrx_word' id='word_1_127' title='bbox 3421 491 3617 563; x_wconf 55' lang='grc' dir='ltr'><strong>οὕτως(</strong></span> <span class='ocrx_word' id='word_1_128' title='bbox 3635 510 3735 552; x_wconf 78' lang='grc' dir='ltr'><strong>πως</strong></span> <span class='ocrx_word' id='word_1_129' title='bbox 3769 488 3886 557; x_wconf 82' lang='grc' dir='ltr'><strong>διίξ-</strong></span> 
     </span>
    </p>
   </div>
   <div class='ocr_carea' id='block_1_21' title="bbox 2324 575 3885 652">
    <p class='ocr_par' dir='ltr' id='par_1_21' title="bbox 2324 575 3885 652">
     <span class='ocr_line' id='line_1_21' title="bbox 2324 575 3885 652; baseline 0.003 -22"><span class='ocrx_word' id='word_1_130' title='bbox 2324 595 2455 630; x_wconf 90' lang='grc' dir='ltr'><strong>εισιν</strong></span> <span class='ocrx_word' id='word_1_131' title='bbox 2482 593 2498 608; x_wconf 85' lang='grc'>⁶</span> <span class='ocrx_word' id='word_1_132' title='bbox 2549 599 2581 629; x_wconf 76' lang='grc' dir='ltr'><strong>ι(</strong></span> <span class='ocrx_word' id='word_1_133' title='bbox 2631 575 2721 639; x_wconf 80' lang='grc' dir='ltr'><strong>Ἐξ</strong></span> <span class='ocrx_word' id='word_1_134' title='bbox 2767 576 2943 651; x_wconf 82' lang='grc' dir='ltr'><strong>ἀρχῆς</strong></span> <span class='ocrx_word' id='word_1_135' title='bbox 2971 578 3071 652; x_wconf 82' lang='grc' dir='ltr'><strong>γὰρ</strong></span> <span class='ocrx_word' id='word_1_136' title='bbox 3122 579 3244 651; x_wconf 79' lang='grc' dir='ltr'><strong>ὑμῖν</strong></span> <span class='ocrx_word' id='word_1_137' title='bbox 3296 580 3407 640; x_wconf 74' lang='grc' dir='ltr'><strong>ἔθος</strong></span> <span class='ocrx_word' id='word_1_138' title='bbox 3435 576 3547 632; x_wconf 70' lang='grc' dir='ltr'><strong>ἐστὶ</strong></span> <span class='ocrx_word' id='word_1_139' title='bbox 3590 587 3755 649; x_wconf 55' lang='grc' dir='ltr'><strong>τοῦτο,</strong></span> <span class='ocrx_word' id='word_1_140' title='bbox 3782 586 3885 633; x_wconf 69' lang='grc' dir='ltr'><strong>πάνυ</strong></span> 
     </span>
    </p>
   </div>
   <div class='ocr_carea' id='block_1_22' title="bbox 2321 661 3886 740">
    <p class='ocr_par' dir='ltr' id='par_1_22' title="bbox 2321 661 3886 740">
     <span class='ocr_line' id='line_1_22' title="bbox 2321 661 3886 740; baseline 0.003 -20"><span class='ocrx_word' id='word_1_141' title='bbox 2321 684 2415 730; x_wconf 89' lang='grc' dir='ltr'><strong>τας</strong></span> <span class='ocrx_word' id='word_1_142' title='bbox 2472 668 2562 738; x_wconf 69' lang='grc' dir='ltr'><strong>μεν</strong></span> <span class='ocrx_word' id='word_1_143' title='bbox 2615 661 2867 738; x_wconf 81' lang='grc' dir='ltr'><strong>ἀδελφοὺς</strong></span> <span class='ocrx_word' id='word_1_144' title='bbox 2926 666 3175 730; x_wconf 76' lang='grc' dir='ltr'><strong>ποικίλως</strong></span> <span class='ocrx_word' id='word_1_145' title='bbox 3242 666 3514 740; x_wconf 68' lang='grc' dir='ltr'><strong>εὐεργετεῖν</strong></span> <span class='ocrx_word' id='word_1_146' title='bbox 3547 684 3562 697; x_wconf 91' lang='grc'><strong>·</strong></span> <span class='ocrx_word' id='word_1_147' title='bbox 3621 666 3886 737; x_wconf 55' lang='lat' dir='ltr'><strong>Mssici;</strong></span> 
     </span>
    </p>
   </div>
   <div class='ocr_carea' id='block_1_23' title="bbox 2320 752 3882 835">
    <p class='ocr_par' dir='ltr' id='par_1_23' title="bbox 2320 752 3882 835">
     <span class='ocr_line' id='line_1_23' title="bbox 2320 752 3882 835; baseline 0.003 -26"><span class='ocrx_word' id='word_1_148' title='bbox 2320 774 2377 809; x_wconf 91' lang='grc' dir='ltr'><strong>τε</strong></span> <span class='ocrx_word' id='word_1_149' title='bbox 2413 754 2621 817; x_wconf 87' lang='grc' dir='ltr'><strong>πολλαῖς</strong></span> <span class='ocrx_word' id='word_1_150' title='bbox 2667 761 2783 818; x_wconf 89' lang='grc' dir='ltr'><strong>ταῖς</strong></span> <span class='ocrx_word' id='word_1_151' title='bbox 2833 758 2970 809; x_wconf 87' lang='grc' dir='ltr'><strong>κατὰ</strong></span> <span class='ocrx_word' id='word_1_152' title='bbox 3023 761 3198 810; x_wconf 84' lang='grc' dir='ltr'><strong>πᾶσαν</strong></span> <span class='ocrx_word' id='word_1_153' title='bbox 3254 756 3404 810; x_wconf 79' lang='grc' dir='ltr'><strong>πόλιν</strong></span> <span class='ocrx_word' id='word_1_154' title='bbox 3442 752 3627 830; x_wconf 74' lang='grc' dir='ltr'><strong>ἐφόδια</strong></span> <span class='ocrx_word' id='word_1_155' title='bbox 3662 763 3882 835; x_wconf 61' lang='grc' dir='ltr'><strong>πέμπειν·</strong></span> 
     </span>
    </p>
   </div>
   <div class='ocr_carea' id='block_1_24' title="bbox 2321 840 3886 921">
    <p class='ocr_par' dir='ltr' id='par_1_24' title="bbox 2321 840 3886 921">
     <span class='ocr_line' id='line_1_24' title="bbox 2321 840 3886 921; baseline 0.004 -26"><span class='ocrx_word' id='word_1_156' title='bbox 2321 840 2427 898; x_wconf 83' lang='grc' dir='ltr'><strong>ὧδε</strong></span> <span class='ocrx_word' id='word_1_157' title='bbox 2472 847 2562 917; x_wconf 74' lang='grc' dir='ltr'><strong>μεν</strong></span> <span class='ocrx_word' id='word_1_158' title='bbox 2599 848 2694 904; x_wconf 78' lang='grc' dir='ltr'><strong>τήν</strong></span> <span class='ocrx_word' id='word_1_159' title='bbox 2746 853 2848 899; x_wconf 86' lang='grc' dir='ltr'><strong>τῶν</strong></span> <span class='ocrx_word' id='word_1_160' title='bbox 2901 840 3154 919; x_wconf 76' lang='grc' dir='ltr'><strong>δεομένων</strong></span> <span class='ocrx_word' id='word_1_161' title='bbox 3211 850 3387 899; x_wconf 79' lang='grc' dir='ltr'><strong>πενίαν</strong></span> <span class='ocrx_word' id='word_1_162' title='bbox 3435 845 3813 921; x_wconf 58' lang='grc' dir='ltr'><strong>ἀναψύχοντες,</strong></span> <span class='ocrx_word' id='word_1_163' title='bbox 3851 852 3886 915; x_wconf 60' lang='lat'><strong>‘9</strong></span> 
     </span>
    </p>
   </div>
   <div class='ocr_carea' id='block_1_25' title="bbox 2320 930 3887 1013">
    <p class='ocr_par' dir='ltr' id='par_1_25' title="bbox 2320 930 3887 1013">
     <span class='ocr_line' id='line_1_25' title="bbox 2320 930 3887 1013; baseline 0.003 -26"><span class='ocrx_word' id='word_1_164' title='bbox 2320 932 2594 1007; x_wconf 77' lang='grc' dir='ltr'><strong>μετάλλοις</strong></span> <span class='ocrx_word' id='word_1_165' title='bbox 2641 930 2701 987; x_wconf 61' lang='grc' dir='ltr'><strong>δι</strong></span> <span class='ocrx_word' id='word_1_166' title='bbox 2752 931 2998 1007; x_wconf 74' lang='grc' dir='ltr'><strong>ἀδελφοῖς</strong></span> <span class='ocrx_word' id='word_1_167' title='bbox 3054 937 3393 1011; x_wconf 63' lang='grc' dir='ltr'><strong>ὑπάρχουσιν</strong></span> <span class='ocrx_word' id='word_1_168' title='bbox 3449 935 3887 1013; x_wconf 50' lang='grc' dir='ltr'><strong>ἕπιχορηγοῦντιι</strong></span> 
     </span>
    </p>
   </div>
   <div class='ocr_carea' id='block_1_26' title="bbox 2322 1019 3888 1101">
    <p class='ocr_par' dir='ltr' id='par_1_26' title="bbox 2322 1019 3888 1101">
     <span class='ocr_line' id='line_1_26' title="bbox 2322 1019 3888 1101; baseline 0.002 -24"><span class='ocrx_word' id='word_1_169' title='bbox 2322 1019 2397 1077; x_wconf 84' lang='grc' dir='ltr'><strong>δι’</strong></span> <span class='ocrx_word' id='word_1_170' title='bbox 2444 1023 2512 1075; x_wconf 83' lang='grc' dir='ltr'><strong>ὧν</strong></span> <span class='ocrx_word' id='word_1_171' title='bbox 2563 1026 2789 1096; x_wconf 75' lang='grc' dir='ltr'><strong>πέμπετε</strong></span> <span class='ocrx_word' id='word_1_172' title='bbox 2841 1022 3076 1096; x_wconf 79' lang='grc' dir='ltr'><strong>ἀρχῆθεν</strong></span> <span class='ocrx_word' id='word_1_173' title='bbox 3128 1022 3348 1098; x_wconf 74' lang='grc' dir='ltr'><strong>ἐφοδίων</strong></span> <span class='ocrx_word' id='word_1_174' title='bbox 3380 1045 3395 1059; x_wconf 88' lang='grc'><strong>·</strong></span> <span class='ocrx_word' id='word_1_175' title='bbox 3452 1023 3888 1101; x_wconf 61' lang='grc' dir='ltr'><strong>πατροπαράδοτον</strong></span> 
     </span>
    </p>
   </div>
   <div class='ocr_carea' id='block_1_27' title="bbox 2318 1112 3885 1189">
    <p class='ocr_par' dir='ltr' id='par_1_27' title="bbox 2318 1112 3885 1189">
     <span class='ocr_line' id='line_1_27' title="bbox 2318 1112 3885 1189; baseline 0.003 -23"><span class='ocrx_word' id='word_1_176' title='bbox 2318 1114 2433 1176; x_wconf 72' lang='grc' dir='ltr'><strong>ἔθος</strong></span> <span class='ocrx_word' id='word_1_177' title='bbox 2491 1112 2754 1186; x_wconf 82' lang='grc' dir='ltr'><strong>Ῥωμαίων</strong></span> <span class='ocrx_word' id='word_1_178' title='bbox 2812 1112 3059 1187; x_wconf 74' lang='grc' dir='ltr'><strong>Ῥωμαῖοι</strong></span> <span class='ocrx_word' id='word_1_179' title='bbox 3114 1114 3447 1188; x_wconf 76' lang='grc' dir='ltr'><strong>φυλάττοντες</strong></span> <span class='ocrx_word' id='word_1_180' title='bbox 3478 1136 3493 1152; x_wconf 79' lang='grc' dir='ltr'><strong>ο</strong></span> <span class='ocrx_word' id='word_1_181' title='bbox 3566 1117 3594 1169; x_wconf 84' lang='grc' dir='ltr'><strong>ὅ</strong></span> <span class='ocrx_word' id='word_1_182' title='bbox 3641 1115 3721 1181; x_wconf 75' lang='grc' dir='ltr'><strong>οὐ,</strong></span> <span class='ocrx_word' id='word_1_183' title='bbox 3761 1123 3885 1189; x_wconf 80' lang='grc' dir='ltr'><strong>μόνον</strong></span> 
     </span>
    </p>
   </div>
   <div class='ocr_carea' id='block_1_28' title="bbox 2320 1197 3883 1280">
    <p class='ocr_par' dir='ltr' id='par_1_28' title="bbox 2320 1197 3883 1280">
     <span class='ocr_line' id='line_1_28' title="bbox 2320 1197 3883 1280; baseline 0.004 -26"><span class='ocrx_word' id='word_1_184' title='bbox 2320 1197 2697 1278; x_wconf 74' lang='grc' dir='ltr'><strong>διατετήρηκεν</strong></span> <span class='ocrx_word' id='word_1_185' title='bbox 2752 1204 2779 1255; x_wconf 92' lang='grc' dir='ltr'><strong>ό</strong></span> <span class='ocrx_word' id='word_1_186' title='bbox 2855 1205 3111 1277; x_wconf 85' lang='grc' dir='ltr'><strong>μακάρίος</strong></span> <span class='ocrx_word' id='word_1_187' title='bbox 3169 1206 3311 1278; x_wconf 79' lang='grc' dir='ltr'><strong>ὑμῶν</strong></span> <span class='ocrx_word' id='word_1_188' title='bbox 3364 1206 3651 1269; x_wconf 74' lang='grc' dir='ltr'><strong>ἐπίσκοπος</strong></span> <span class='ocrx_word' id='word_1_189' title='bbox 3719 1212 3883 1280; x_wconf 72' lang='grc' dir='ltr'><strong>Σωτὴρ,</strong></span> 
     </span>
    </p>
   </div>
   <div class='ocr_carea' id='block_1_29' title="bbox 2319 1288 3885 1369">
    <p class='ocr_par' dir='ltr' id='par_1_29' title="bbox 2319 1288 3885 1369">
     <span class='ocr_line' id='line_1_29' title="bbox 2319 1288 3885 1369; baseline 0.005 -26"><span class='ocrx_word' id='word_1_190' title='bbox 2319 1288 2449 1345; x_wconf 78' lang='grc' dir='ltr'><strong>ἀλλὰ</strong></span> <span class='ocrx_word' id='word_1_191' title='bbox 2500 1297 2589 1346; x_wconf 74' lang='grc' dir='ltr'><strong>καὶ</strong></span> <span class='ocrx_word' id='word_1_192' title='bbox 2644 1292 2887 1360; x_wconf 78' lang='grc' dir='ltr'><strong>ηὔξηκεν,</strong></span> <span class='ocrx_word' id='word_1_193' title='bbox 2945 1292 3284 1369; x_wconf 72' lang='grc' dir='ltr'><strong>ἐπιχορηγῶν</strong></span> <span class='ocrx_word' id='word_1_194' title='bbox 3472 1299 3570 1355; x_wconf 77' lang='grc' dir='ltr'><strong>τήν</strong></span> <span class='ocrx_word' id='word_1_195' title='bbox 3622 1291 3885 1369; x_wconf 74' lang='grc' dir='ltr'><strong>διαπεμπο-</strong></span> 
     </span>
    </p>
   </div>
   <div class='ocr_carea' id='block_1_30' title="bbox 2316 1378 3886 1457">
    <p class='ocr_par' dir='ltr' id='par_1_30' title="bbox 2316 1378 3886 1457">
     <span class='ocr_line' id='line_1_30' title="bbox 2316 1378 3886 1457; baseline 0.003 -24"><span class='ocrx_word' id='word_1_196' title='bbox 2316 1385 2474 1453; x_wconf 78' lang='grc' dir='ltr'><strong>μένην</strong></span> <span class='ocrx_word' id='word_1_197' title='bbox 2512 1378 2789 1453; x_wconf 76' lang='grc' dir='ltr'><strong>δαψίλειαν</strong></span> <span class='ocrx_word' id='word_1_198' title='bbox 2817 1385 2912 1442; x_wconf 83' lang='grc' dir='ltr'><strong>τήν</strong></span> <span class='ocrx_word' id='word_1_199' title='bbox 2960 1382 3032 1445; x_wconf 87' lang='grc' dir='ltr'><strong>εἰς</strong></span> <span class='ocrx_word' id='word_1_200' title='bbox 3083 1387 3204 1447; x_wconf 84' lang='grc' dir='ltr'><strong>τοὺς</strong></span> <span class='ocrx_word' id='word_1_201' title='bbox 3241 1382 3447 1456; x_wconf 78' lang='grc' dir='ltr'><strong>ἀγίους,</strong></span> <span class='ocrx_word' id='word_1_202' title='bbox 3508 1384 3685 1457; x_wconf 85' lang='grc' dir='ltr'><strong>λόγοις</strong></span> <span class='ocrx_word' id='word_1_203' title='bbox 3723 1380 3779 1438; x_wconf 69' lang='grc' dir='ltr'><strong>δι</strong></span> <span class='ocrx_word' id='word_1_204' title='bbox 3807 1405 3886 1457; x_wconf 74' lang='grc' dir='ltr'><strong>μει-</strong></span> 
     </span>
    </p>
   </div>
   <div class='ocr_carea' id='block_1_31' title="bbox 2315 1469 3884 1548">
    <p class='ocr_par' dir='ltr' id='par_1_31' title="bbox 2315 1469 3884 1548">
     <span class='ocr_line' id='line_1_31' title="bbox 2315 1469 3884 1548; baseline 0.003 -24"><span class='ocrx_word' id='word_1_205' title='bbox 2315 1475 2522 1544; x_wconf 87' lang='grc' dir='ltr'><strong>καρίοις</strong></span> <span class='ocrx_word' id='word_1_206' title='bbox 2569 1474 2692 1536; x_wconf 82' lang='grc' dir='ltr'><strong>τοὺς</strong></span> <span class='ocrx_word' id='word_1_207' title='bbox 2748 1470 2984 1536; x_wconf 78' lang='grc' dir='ltr'><strong>ἀνιόντας</strong></span> <span class='ocrx_word' id='word_1_208' title='bbox 3050 1469 3320 1547; x_wconf 79' lang='grc' dir='ltr'><strong>ἀδελφοὺς,</strong></span> <span class='ocrx_word' id='word_1_209' title='bbox 3388 1476 3458 1537; x_wconf 86' lang='grc' dir='ltr'><strong>ὡς</strong></span> <span class='ocrx_word' id='word_1_210' title='bbox 3521 1478 3677 1528; x_wconf 73' lang='grc' dir='ltr'><strong>τέκνα</strong></span> <span class='ocrx_word' id='word_1_211' title='bbox 3742 1480 3884 1548; x_wconf 73' lang='grc' dir='ltr'><strong>πατὴρ</strong></span> 
     </span>
    </p>
   </div>
   <div class='ocr_carea' id='block_1_32' title="bbox 2316 1559 3881 1637">
    <p class='ocr_par' dir='ltr' id='par_1_32' title="bbox 2316 1559 3881 1637">
     <span class='ocr_line' id='line_1_32' title="bbox 2316 1559 3881 1637; baseline 0.002 -23"><span class='ocrx_word' id='word_1_212' title='bbox 2316 1560 2656 1634; x_wconf 73' lang='grc' dir='ltr'><strong>φιλόστοργος</strong></span> <span class='ocrx_word' id='word_1_213' title='bbox 2711 1561 3046 1636; x_wconf 85' lang='grc' dir='ltr'><strong>παρακαλῶν.</strong></span> <span class='ocrx_word' id='word_1_214' title='bbox 3103 1582 3135 1615; x_wconf 69' lang='grc' dir='ltr'><strong>ι)</strong></span> <span class='ocrx_word' id='word_1_215' title='bbox 3188 1562 3271 1617; x_wconf 86' lang='grc' dir='ltr'><strong>Ἐν</strong></span> <span class='ocrx_word' id='word_1_216' title='bbox 3326 1565 3491 1637; x_wconf 67' lang='grc' dir='ltr'><strong>ταύτῃ</strong></span> <span class='ocrx_word' id='word_1_217' title='bbox 3549 1559 3618 1623; x_wconf 83' lang='grc' dir='ltr'><strong>δή</strong></span> <span class='ocrx_word' id='word_1_218' title='bbox 3674 1562 3881 1637; x_wconf 56' lang='lat' dir='ltr'><strong>rmore);</strong></span> 
     </span>
    </p>
   </div>
   <div class='ocr_carea' id='block_1_33' title="bbox 2313 1650 3884 1727">
    <p class='ocr_par' dir='ltr' id='par_1_33' title="bbox 2313 1650 3884 1727">
     <span class='ocr_line' id='line_1_33' title="bbox 2313 1650 3884 1727; baseline 0.003 -24"><span class='ocrx_word' id='word_1_219' title='bbox 2313 1656 2404 1705; x_wconf 78' lang='grc' dir='ltr'><strong>καὶ</strong></span> <span class='ocrx_word' id='word_1_220' title='bbox 2482 1650 2575 1713; x_wconf 76' lang='grc' dir='ltr'><strong>τῆς</strong></span> <span class='ocrx_word' id='word_1_221' title='bbox 2651 1654 2779 1725; x_wconf 85' lang='grc' dir='ltr'><strong>πρὸς</strong></span> <span class='ocrx_word' id='word_1_222' title='bbox 2842 1653 3144 1726; x_wconf 76' lang='grc' dir='ltr'><strong>Κορινθίους</strong></span> <span class='ocrx_word' id='word_1_223' title='bbox 3222 1659 3316 1706; x_wconf 83' lang='grc' dir='ltr'><strong>τοῦ</strong></span> <span class='ocrx_word' id='word_1_224' title='bbox 3380 1653 3677 1727; x_wconf 77' lang='grc' dir='ltr'><strong>Κλήμεντος</strong></span> <span class='ocrx_word' id='word_1_225' title='bbox 3742 1658 3884 1726; x_wconf 78' lang='grc' dir='ltr'><strong>μνείαν</strong></span> 
     </span>
    </p>
   </div>
   <div class='ocr_carea' id='block_1_34' title="bbox 554 1732 2197 1809">
    <p class='ocr_par' dir='ltr' id='par_1_34' title="bbox 554 1732 2197 1801">
     <span class='ocr_line' id='line_1_34' title="bbox 554 1732 2197 1801; baseline 0.001 -7"><span class='ocrx_word' id='word_1_226' title='bbox 554 1741 753 1794; x_wconf 84' lang='lat' dir='ltr'><strong>vester</strong></span> <span class='ocrx_word' id='word_1_227' title='bbox 781 1736 967 1801; x_wconf 90' lang='lat' dir='ltr'><strong>Soter,</strong></span> <span class='ocrx_word' id='word_1_228' title='bbox 1000 1749 1138 1791; x_wconf 90' lang='lat' dir='ltr'><strong>cum</strong></span> <span class='ocrx_word' id='word_1_229' title='bbox 1179 1732 1499 1790; x_wconf 88' lang='lat' dir='ltr'><strong>liberaliter</strong></span> <span class='ocrx_word' id='word_1_230' title='bbox 1522 1749 1776 1792; x_wconf 86' lang='lat' dir='ltr'><strong>munera</strong></span> <span class='ocrx_word' id='word_1_231' title='bbox 1813 1737 2033 1794; x_wconf 89' lang='lat' dir='ltr'><strong>sanctis</strong></span> <span class='ocrx_word' id='word_1_232' title='bbox 2063 1738 2197 1796; x_wconf 88' lang='lat' dir='ltr'><strong>sub-</strong></span> 
     </span>
    </p>
   </div>
   <div class='ocr_carea' id='block_1_35' title="bbox 2304 1732 3886 1809">
    <p class='ocr_par' dir='ltr' id='par_1_35' title="bbox 2313 1737 3886 1806">
     <span class='ocr_line' id='line_1_35' title="bbox 2313 1737 3886 1806; baseline 0.001 -11"><span class='ocrx_word' id='word_1_233' title='bbox 2313 1747 2540 1795; x_wconf 89' lang='grc' dir='ltr'><strong>ποιεῖται</strong></span> <span class='ocrx_word' id='word_1_234' title='bbox 2594 1738 2891 1805; x_wconf 73' lang='grc' dir='ltr'><strong>ἐπιστολῆς,</strong></span> <span class='ocrx_word' id='word_1_235' title='bbox 2934 1737 3108 1801; x_wconf 85' lang='grc' dir='ltr'><strong>δηλῶν</strong></span> <span class='ocrx_word' id='word_1_236' title='bbox 3157 1743 3226 1806; x_wconf 81' lang='grc' dir='ltr'><strong>ὡς</strong></span> <span class='ocrx_word' id='word_1_237' title='bbox 3271 1741 3514 1797; x_wconf 74' lang='grc' dir='ltr'><strong>ἀνέκαθεν</strong></span> <span class='ocrx_word' id='word_1_238' title='bbox 3554 1744 3659 1796; x_wconf 74' lang='grc' dir='ltr'><strong>ἔθει</strong></span> <span class='ocrx_word' id='word_1_239' title='bbox 3703 1739 3765 1802; x_wconf 81' lang='grc' dir='ltr'><strong>δή</strong></span> <span class='ocrx_word' id='word_1_240' title='bbox 3806 1762 3886 1797; x_wconf 85' lang='grc' dir='ltr'><strong>τινι</strong></span> 
     </span>
    </p>
   </div>
   <div class='ocr_carea' id='block_1_36' title="bbox 555 1822 2205 1892">
    <p class='ocr_par' dir='ltr' id='par_1_36' title="bbox 555 1822 2205 1892">
     <span class='ocr_line' id='line_1_36' title="bbox 555 1822 2205 1892; baseline 0.001 -7"><span class='ocrx_word' id='word_1_241' title='bbox 555 1824 866 1891; x_wconf 88' lang='lat' dir='ltr'><strong>mittendo,</strong></span> <span class='ocrx_word' id='word_1_242' title='bbox 899 1830 1023 1881; x_wconf 90' lang='lat' dir='ltr'><strong>tum</strong></span> <span class='ocrx_word' id='word_1_243' title='bbox 1063 1822 1273 1880; x_wconf 84' lang='lat' dir='ltr'><strong>fratres</strong></span> <span class='ocrx_word' id='word_1_244' title='bbox 1315 1823 1391 1879; x_wconf 91' lang='lat' dir='ltr'><strong>ad</strong></span> <span class='ocrx_word' id='word_1_245' title='bbox 1431 1839 1543 1880; x_wconf 91' lang='lat' dir='ltr'><strong>nos</strong></span> <span class='ocrx_word' id='word_1_246' title='bbox 1580 1824 1917 1892; x_wconf 86' lang='lat' dir='ltr'><strong>redeuntes,</strong></span> <span class='ocrx_word' id='word_1_247' title='bbox 1952 1832 2015 1883; x_wconf 90' lang='lat' dir='ltr'><strong>ut</strong></span> <span class='ocrx_word' id='word_1_248' title='bbox 2051 1827 2205 1887; x_wconf 86' lang='lat' dir='ltr'><strong>ﬁlios</strong></span> 
     </span>
    </p>
   </div>
   <div class='ocr_carea' id='block_1_37' title="bbox 556 1912 2207 1986">
    <p class='ocr_par' dir='ltr' id='par_1_37' title="bbox 556 1912 2207 1986">
     <span class='ocr_line' id='line_1_37' title="bbox 556 1912 2207 1986; baseline 0.002 -15"><span class='ocrx_word' id='word_1_249' title='bbox 556 1930 699 1971; x_wconf 89' lang='lat' dir='ltr'><strong>suos</strong></span> <span class='ocrx_word' id='word_1_250' title='bbox 737 1918 905 1986; x_wconf 91' lang='lat' dir='ltr'><strong>pater</strong></span> <span class='ocrx_word' id='word_1_251' title='bbox 932 1912 1412 1977; x_wconf 87' lang='lat' dir='ltr'><strong>amantissimus,</strong></span> <span class='ocrx_word' id='word_1_252' title='bbox 1454 1914 1835 1970; x_wconf 87' lang='lat' dir='ltr'><strong>sermonibus</strong></span> <span class='ocrx_word' id='word_1_253' title='bbox 1873 1914 2064 1973; x_wconf 86' lang='lat' dir='ltr'><strong>beatis</strong></span> <span class='ocrx_word' id='word_1_254' title='bbox 2102 1933 2207 1977; x_wconf 92' lang='lat' dir='ltr'><strong>co-</strong></span> 
     </span>
    </p>
   </div>
   <div class='ocr_carea' id='block_1_38' title="bbox 555 2001 2205 2074">
    <p class='ocr_par' dir='ltr' id='par_1_38' title="bbox 555 2001 2205 2074">
     <span class='ocr_line' id='line_1_38' title="bbox 555 2001 2205 2074; baseline 0.002 -13"><span class='ocrx_word' id='word_1_255' title='bbox 555 2002 876 2061; x_wconf 84' lang='lat' dir='ltr'><strong>hortando.</strong></span> <span class='ocrx_word' id='word_1_256' title='bbox 921 2025 949 2052; x_wconf 79' lang='lat'><strong><em>»</em></strong></span> <span class='ocrx_word' id='word_1_257' title='bbox 990 2002 1053 2057; x_wconf 92' lang='lat' dir='ltr'><strong>In</strong></span> <span class='ocrx_word' id='word_1_258' title='bbox 1097 2017 1171 2058; x_wconf 88' lang='lat' dir='ltr'><strong>ea</strong></span> <span class='ocrx_word' id='word_1_259' title='bbox 1206 2001 1339 2073; x_wconf 90' lang='lat' dir='ltr'><strong>ipsa</strong></span> <span class='ocrx_word' id='word_1_260' title='bbox 1376 2001 1631 2074; x_wconf 90' lang='lat' dir='ltr'><strong>epistola</strong></span> <span class='ocrx_word' id='word_1_261' title='bbox 1673 2007 1729 2060; x_wconf 90' lang='lat' dir='ltr'><strong>et</strong></span> <span class='ocrx_word' id='word_1_262' title='bbox 1767 2003 2083 2063; x_wconf 88' lang='lat' dir='ltr'><strong>Clementis</strong></span> <span class='ocrx_word' id='word_1_263' title='bbox 2125 2007 2205 2065; x_wconf 90' lang='lat' dir='ltr'><strong>ad</strong></span> 
     </span>
    </p>
   </div>
   <div class='ocr_carea' id='block_1_39' title="bbox 555 2091 2202 2169">
    <p class='ocr_par' dir='ltr' id='par_1_39' title="bbox 555 2091 2202 2169">
     <span class='ocr_line' id='line_1_39' title="bbox 555 2091 2202 2169; baseline 0 -18"><span class='ocrx_word' id='word_1_264' title='bbox 555 2091 883 2151; x_wconf 90' lang='lat' dir='ltr'><strong>Cerinthios</strong></span> <span class='ocrx_word' id='word_1_265' title='bbox 921 2091 1179 2163; x_wconf 74' lang='lat' dir='ltr'><strong>epistolas</strong></span> <span class='ocrx_word' id='word_1_266' title='bbox 1214 2091 1501 2157; x_wconf 85' lang='lat' dir='ltr'><strong>meminit,</strong></span> <span class='ocrx_word' id='word_1_267' title='bbox 1536 2092 1943 2164; x_wconf 87' lang='lat' dir='ltr'><strong>superioribus</strong></span> <span class='ocrx_word' id='word_1_268' title='bbox 1974 2098 2202 2169; x_wconf 68' lang='lat' dir='ltr'><strong>tempo~</strong></span> 
     </span>
    </p>
   </div>
   <div class='ocr_carea' id='block_1_40' title="bbox 551 2178 2204 2253">
    <p class='ocr_par' dir='ltr' id='par_1_40' title="bbox 551 2178 2204 2253">
     <span class='ocr_line' id='line_1_40' title="bbox 551 2178 2204 2253; baseline 0.002 -14"><span class='ocrx_word' id='word_1_269' title='bbox 551 2182 720 2240; x_wconf 88' lang='lat' dir='ltr'><strong>ribus</strong></span> <span class='ocrx_word' id='word_1_270' title='bbox 750 2196 914 2237; x_wconf 90' lang='lat' dir='ltr'><strong>more</strong></span> <span class='ocrx_word' id='word_1_271' title='bbox 949 2178 1198 2251; x_wconf 89' lang='lat' dir='ltr'><strong>antiquo</strong></span> <span class='ocrx_word' id='word_1_272' title='bbox 1251 2179 1312 2235; x_wconf 93' lang='lat' dir='ltr'><strong>in</strong></span> <span class='ocrx_word' id='word_1_273' title='bbox 1342 2179 1601 2237; x_wconf 86' lang='lat' dir='ltr'><strong>Ecclesia</strong></span> <span class='ocrx_word' id='word_1_274' title='bbox 1629 2196 1763 2238; x_wconf 89' lang='lat' dir='ltr'><strong>eam</strong></span> <span class='ocrx_word' id='word_1_275' title='bbox 1810 2182 1927 2253; x_wconf 90' lang='lat' dir='ltr'><strong>legi</strong></span> <span class='ocrx_word' id='word_1_276' title='bbox 1964 2183 2204 2244; x_wconf 87' lang='lat' dir='ltr'><strong>solitam</strong></span> 
     </span>
    </p>
   </div>
   <div class='ocr_carea' id='block_1_41' title="bbox 553 2268 2203 2342">
    <p class='ocr_par' dir='ltr' id='par_1_41' title="bbox 553 2268 2203 2342">
     <span class='ocr_line' id='line_1_41' title="bbox 553 2268 2203 2342; baseline 0.002 -14"><span class='ocrx_word' id='word_1_277' title='bbox 553 2270 917 2342; x_wconf 81' lang='lat' dir='ltr'><strong>signiﬁcans,</strong></span> <span class='ocrx_word' id='word_1_278' title='bbox 953 2268 1127 2341; x_wconf 74' lang='lat'><strong>293</strong></span> <span class='ocrx_word' id='word_1_279' title='bbox 1153 2268 1344 2341; x_wconf 88' lang='lat' dir='ltr'><strong>inquit</strong></span> <span class='ocrx_word' id='word_1_280' title='bbox 1367 2269 1529 2326; x_wconf 90' lang='lat' dir='ltr'><strong>enim</strong></span> <span class='ocrx_word' id='word_1_281' title='bbox 1558 2285 1623 2326; x_wconf 71' lang='grc' dir='ltr'><strong>ες(</strong></span> <span class='ocrx_word' id='word_1_282' title='bbox 1648 2269 2014 2329; x_wconf 82' lang='lat' dir='ltr'><strong>Hodiernum</strong></span> <span class='ocrx_word' id='word_1_283' title='bbox 2042 2278 2203 2332; x_wconf 85' lang='lat' dir='ltr'><strong>tran-</strong></span> 
     </span>
    </p>
   </div>
   <div class='ocr_carea' id='block_1_42' title="bbox 552 2358 2202 2434">
    <p class='ocr_par' dir='ltr' id='par_1_42' title="bbox 552 2358 2202 2434">
     <span class='ocr_line' id='line_1_42' title="bbox 552 2358 2202 2434; baseline 0.003 -17"><span class='ocrx_word' id='word_1_284' title='bbox 552 2361 822 2432; x_wconf 90' lang='lat' dir='ltr'><strong>segimus</strong></span> <span class='ocrx_word' id='word_1_285' title='bbox 850 2374 1087 2416; x_wconf 88' lang='lat' dir='ltr'><strong>sacrum</strong></span> <span class='ocrx_word' id='word_1_286' title='bbox 1118 2358 1492 2415; x_wconf 89' lang='lat' dir='ltr'><strong>Dominicum</strong></span> <span class='ocrx_word' id='word_1_287' title='bbox 1521 2358 1702 2427; x_wconf 86' lang='lat' dir='ltr'><strong>diem,</strong></span> <span class='ocrx_word' id='word_1_288' title='bbox 1729 2374 1853 2432; x_wconf 90' lang='lat' dir='ltr'><strong>quo</strong></span> <span class='ocrx_word' id='word_1_289' title='bbox 1884 2362 2202 2434; x_wconf 87' lang='lat' dir='ltr'><strong>epistolam</strong></span> 
     </span>
    </p>
   </div>
   <div class='ocr_carea' id='block_1_43' title="bbox 548 2446 2204 2526">
    <p class='ocr_par' dir='ltr' id='par_1_43' title="bbox 548 2446 2204 2526">
     <span class='ocr_line' id='line_1_43' title="bbox 548 2446 2204 2526; baseline 0.002 -20"><span class='ocrx_word' id='word_1_290' title='bbox 548 2454 813 2506; x_wconf 81' lang='lat' dir='ltr'><strong>vestram</strong></span> <span class='ocrx_word' id='word_1_291' title='bbox 857 2447 1138 2519; x_wconf 89' lang='lat' dir='ltr'><strong>legimus,</strong></span> <span class='ocrx_word' id='word_1_292' title='bbox 1186 2463 1375 2520; x_wconf 90' lang='lat' dir='ltr'><strong>quam</strong></span> <span class='ocrx_word' id='word_1_293' title='bbox 1414 2446 1594 2504; x_wconf 90' lang='lat' dir='ltr'><strong>etiam</strong></span> <span class='ocrx_word' id='word_1_294' title='bbox 1642 2448 1927 2523; x_wconf 88' lang='lat' dir='ltr'><strong>deinceps</strong></span> <span class='ocrx_word' id='word_1_295' title='bbox 1965 2467 2204 2526; x_wconf 85' lang='lat' dir='ltr'><strong>semper</strong></span> 
     </span>
    </p>
   </div>
   <div class='ocr_carea' id='block_1_44' title="bbox 550 2534 2203 2613">
    <p class='ocr_par' dir='ltr' id='par_1_44' title="bbox 550 2534 2203 2613">
     <span class='ocr_line' id='line_1_44' title="bbox 550 2534 2203 2613; baseline 0.001 -16"><span class='ocrx_word' id='word_1_296' title='bbox 550 2537 982 2597; x_wconf 85' lang='lat' dir='ltr'><strong>cohortationis</strong></span> <span class='ocrx_word' id='word_1_297' title='bbox 1019 2534 1531 2609; x_wconf 88' lang='lat' dir='ltr'><strong>institutionisque</strong></span> <span class='ocrx_word' id='word_1_298' title='bbox 1570 2541 1789 2594; x_wconf 63' lang='lat' dir='ltr'><strong>nostra</strong></span> <span class='ocrx_word' id='word_1_299' title='bbox 1820 2540 2010 2610; x_wconf 85' lang='lat' dir='ltr'><strong>gratia</strong></span> <span class='ocrx_word' id='word_1_300' title='bbox 2047 2541 2203 2613; x_wconf 88' lang='lat' dir='ltr'><strong>lege-</strong></span> 
     </span>
    </p>
   </div>
   <div class='ocr_carea' id='block_1_45' title="bbox 551 2624 2202 2690">
    <p class='ocr_par' dir='ltr' id='par_1_45' title="bbox 551 2624 2202 2690">
     <span class='ocr_line' id='line_1_45' title="bbox 551 2624 2202 2690; baseline 0.002 -4"><span class='ocrx_word' id='word_1_301' title='bbox 551 2644 724 2687; x_wconf 86' lang='lat' dir='ltr'><strong>mus:</strong></span> <span class='ocrx_word' id='word_1_302' title='bbox 756 2627 961 2683; x_wconf 90' lang='lat' dir='ltr'><strong>itidem</strong></span> <span class='ocrx_word' id='word_1_303' title='bbox 1012 2631 1075 2681; x_wconf 91' lang='lat' dir='ltr'><strong>ut</strong></span> <span class='ocrx_word' id='word_1_304' title='bbox 1101 2625 1348 2682; x_wconf 88' lang='lat' dir='ltr'><strong>alteram</strong></span> <span class='ocrx_word' id='word_1_305' title='bbox 1376 2624 1543 2682; x_wconf 90' lang='lat' dir='ltr'><strong>illam</strong></span> <span class='ocrx_word' id='word_1_306' title='bbox 1580 2643 1618 2683; x_wconf 90' lang='lat' dir='ltr'><strong>a</strong></span> <span class='ocrx_word' id='word_1_307' title='bbox 1646 2626 1944 2685; x_wconf 89' lang='lat' dir='ltr'><strong>Clemente</strong></span> <span class='ocrx_word' id='word_1_308' title='bbox 1973 2628 2054 2687; x_wconf 88' lang='lat' dir='ltr'><strong>ad</strong></span> <span class='ocrx_word' id='word_1_309' title='bbox 2090 2647 2202 2690; x_wconf 92' lang='lat' dir='ltr'><strong>nos</strong></span> 
     </span>
    </p>
   </div>
   <div class='ocr_carea' id='block_1_46' title="bbox 549 2713 2201 2789">
    <p class='ocr_par' dir='ltr' id='par_1_46' title="bbox 549 2713 2201 2789">
     <span class='ocr_line' id='line_1_46' title="bbox 549 2713 2201 2789; baseline 0.002 -15"><span class='ocrx_word' id='word_1_310' title='bbox 549 2718 859 2789; x_wconf 86' lang='lat' dir='ltr'><strong>scriptam.</strong></span> <span class='ocrx_word' id='word_1_311' title='bbox 891 2736 921 2768; x_wconf 74' lang='grc' dir='ltr'><strong>ι)</strong></span> <span class='ocrx_word' id='word_1_312' title='bbox 955 2715 1206 2788; x_wconf 86' lang='lat' dir='ltr'><strong>Insuper</strong></span> <span class='ocrx_word' id='word_1_313' title='bbox 1243 2719 1302 2770; x_wconf 91' lang='lat' dir='ltr'><strong>et</strong></span> <span class='ocrx_word' id='word_1_314' title='bbox 1329 2713 1404 2771; x_wconf 91' lang='lat' dir='ltr'><strong>de</strong></span> <span class='ocrx_word' id='word_1_315' title='bbox 1432 2714 1702 2787; x_wconf 90' lang='lat' dir='ltr'><strong>epistolis</strong></span> <span class='ocrx_word' id='word_1_316' title='bbox 1732 2716 1858 2789; x_wconf 91' lang='lat' dir='ltr'><strong>ipse</strong></span> <span class='ocrx_word' id='word_1_317' title='bbox 1888 2718 2034 2786; x_wconf 90' lang='lat' dir='ltr'><strong>suis,</strong></span> <span class='ocrx_word' id='word_1_318' title='bbox 2063 2725 2201 2778; x_wconf 89' lang='lat' dir='ltr'><strong>tan-</strong></span> 
     </span>
    </p>
   </div>
   <div class='ocr_carea' id='block_1_47' title="bbox 547 2803 2199 2881">
    <p class='ocr_par' dir='ltr' id='par_1_47' title="bbox 547 2803 2199 2881">
     <span class='ocr_line' id='line_1_47' title="bbox 547 2803 2199 2881; baseline 0.003 -19"><span class='ocrx_word' id='word_1_319' title='bbox 547 2821 735 2881; x_wconf 88' lang='lat' dir='ltr'><strong>quam</strong></span> <span class='ocrx_word' id='word_1_320' title='bbox 778 2803 992 2861; x_wconf 89' lang='lat' dir='ltr'><strong>callide</strong></span> <span class='ocrx_word' id='word_1_321' title='bbox 1017 2803 1383 2875; x_wconf 87' lang='lat' dir='ltr'><strong>depravatis,</strong></span> <span class='ocrx_word' id='word_1_322' title='bbox 1412 2804 1495 2860; x_wconf 88' lang='lat' dir='ltr'><strong>ita</strong></span> <span class='ocrx_word' id='word_1_323' title='bbox 1524 2804 1802 2877; x_wconf 86' lang='lat' dir='ltr'><strong>scripsit:</strong></span> <span class='ocrx_word' id='word_1_324' title='bbox 1846 2826 1874 2856; x_wconf 83' lang='lat'><strong><em>«</em></strong></span> <span class='ocrx_word' id='word_1_325' title='bbox 1910 2807 2199 2880; x_wconf 85' lang='lat' dir='ltr'><strong>Epistolas</strong></span> 
     </span>
    </p>
   </div>
   <div class='ocr_carea' id='block_1_48' title="bbox 547 2892 2200 2971">
    <p class='ocr_par' dir='ltr' id='par_1_48' title="bbox 547 2892 2200 2971">
     <span class='ocr_line' id='line_1_48' title="bbox 547 2892 2200 2971; baseline 0.002 -19"><span class='ocrx_word' id='word_1_326' title='bbox 547 2894 711 2952; x_wconf 91' lang='lat' dir='ltr'><strong>enim</strong></span> <span class='ocrx_word' id='word_1_327' title='bbox 744 2894 991 2951; x_wconf 86' lang='lat' dir='ltr'><strong>fratrum</strong></span> <span class='ocrx_word' id='word_1_328' title='bbox 1021 2900 1234 2963; x_wconf 88' lang='lat' dir='ltr'><strong>rogatu</strong></span> <span class='ocrx_word' id='word_1_329' title='bbox 1261 2892 1491 2966; x_wconf 87' lang='lat' dir='ltr'><strong>scripsi,</strong></span> <span class='ocrx_word' id='word_1_330' title='bbox 1521 2893 1630 2950; x_wconf 90' lang='lat' dir='ltr'><strong>sed</strong></span> <span class='ocrx_word' id='word_1_331' title='bbox 1658 2909 1762 2951; x_wconf 90' lang='lat' dir='ltr'><strong>eas</strong></span> <span class='ocrx_word' id='word_1_332' title='bbox 1794 2895 2021 2953; x_wconf 90' lang='lat' dir='ltr'><strong>diaboli</strong></span> <span class='ocrx_word' id='word_1_333' title='bbox 2051 2914 2200 2971; x_wconf 82' lang='lat' dir='ltr'><strong>apo-</strong></span> 
     </span>
    </p>
   </div>
   <div class='ocr_carea' id='block_1_49' title="bbox 543 2981 2200 3058">
    <p class='ocr_par' dir='ltr' id='par_1_49' title="bbox 543 2981 2200 3058">
     <span class='ocr_line' id='line_1_49' title="bbox 543 2981 2200 3058; baseline 0.004 -20"><span class='ocrx_word' id='word_1_334' title='bbox 543 2982 679 3040; x_wconf 89' lang='lat' dir='ltr'><strong>stoli</strong></span> <span class='ocrx_word' id='word_1_335' title='bbox 718 2982 953 3039; x_wconf 85' lang='lat' dir='ltr'><strong>zizaniis</strong></span> <span class='ocrx_word' id='word_1_336' title='bbox 990 2981 1440 3054; x_wconf 88' lang='lat' dir='ltr'><strong>compleverunt</strong></span> <span class='ocrx_word' id='word_1_337' title='bbox 1476 2982 1761 3054; x_wconf 66' lang='lat' dir='ltr'><strong>quaedam</strong></span> <span class='ocrx_word' id='word_1_338' title='bbox 1810 2985 2057 3058; x_wconf 89' lang='lat' dir='ltr'><strong>quidem</strong></span> <span class='ocrx_word' id='word_1_339' title='bbox 2096 3004 2200 3045; x_wconf 86' lang='lat' dir='ltr'><strong>ex-</strong></span> 
     </span>
    </p>
   </div>
   <div class='ocr_carea' id='block_1_50' title="bbox 2313 1828 3995 1906">
    <p class='ocr_par' dir='ltr' id='par_1_50' title="bbox 2313 1828 3995 1906">
     <span class='ocr_line' id='line_1_50' title="bbox 2313 1828 3995 1906; baseline 0.001 -23"><span class='ocrx_word' id='word_1_340' title='bbox 2313 1829 2518 1901; x_wconf 83' lang='grc' dir='ltr'><strong>παλαιῷ</strong></span> <span class='ocrx_word' id='word_1_341' title='bbox 2569 1828 2647 1884; x_wconf 67' lang='grc' dir='ltr'><strong>ἔπ’</strong></span> <span class='ocrx_word' id='word_1_342' title='bbox 2695 1829 3007 1893; x_wconf 84' lang='grc' dir='ltr'><strong>Ἐκκλησίας</strong></span> <span class='ocrx_word' id='word_1_343' title='bbox 3042 1833 3237 1890; x_wconf 83' lang='grc' dir='ltr'><strong>ταύτην</strong></span> <span class='ocrx_word' id='word_1_344' title='bbox 3285 1829 3759 1906; x_wconf 83' lang='grc' dir='ltr'><strong>ἀναγινώσκεσθαι.</strong></span> <span class='ocrx_word' id='word_1_345' title='bbox 3811 1836 3885 1888; x_wconf 73' lang='grc' dir='ltr'><strong>Δί.</strong></span> <span class='ocrx_word' id='word_1_346' title='bbox 3994 1880 3995 1893; x_wconf 26' lang='grc' dir='ltr'>χ</span> 
     </span>
    </p>
   </div>
   <div class='ocr_carea' id='block_1_51' title="bbox 2311 1916 3995 1996">
    <p class='ocr_par' dir='ltr' id='par_1_51' title="bbox 2311 1916 3995 1996">
     <span class='ocr_line' id='line_1_51' title="bbox 2311 1916 3995 1996; baseline -0.015 -9"><span class='ocrx_word' id='word_1_347' title='bbox 2311 1939 2395 1992; x_wconf 72' lang='lat'><strong>7“</strong></span> <span class='ocrx_word' id='word_1_348' title='bbox 2434 1922 2537 1993; x_wconf 66' lang='grc' dir='ltr'><strong>γάρ</strong></span> <span class='ocrx_word' id='word_1_349' title='bbox 2562 1936 2577 1950; x_wconf 84' lang='grc'><strong>⁸</strong></span> <span class='ocrx_word' id='word_1_350' title='bbox 2622 1937 2652 1972; x_wconf 71' lang='grc' dir='ltr'><strong>α</strong></span> <span class='ocrx_word' id='word_1_351' title='bbox 2683 1924 2791 1980; x_wconf 71' lang='grc' dir='ltr'><strong>Τὴν</strong></span> <span class='ocrx_word' id='word_1_352' title='bbox 2828 1924 3054 1996; x_wconf 71' lang='grc' dir='ltr'><strong>σήμερον</strong></span> <span class='ocrx_word' id='word_1_353' title='bbox 3092 1916 3180 1974; x_wconf 82' lang='grc' dir='ltr'><strong>οὖν</strong></span> <span class='ocrx_word' id='word_1_354' title='bbox 3226 1926 3493 1996; x_wconf 72' lang='grc' dir='ltr'><strong>Κυριακὴν</strong></span> <span class='ocrx_word' id='word_1_355' title='bbox 3535 1921 3688 1994; x_wconf 81' lang='grc' dir='ltr'><strong>ἁγίαν</strong></span> <span class='ocrx_word' id='word_1_356' title='bbox 3727 1918 3885 1993; x_wconf 59' lang='lat' dir='ltr'><strong>dumi.</strong></span> <span class='ocrx_word' id='word_1_357' title='bbox 3994 1922 3995 1963; x_wconf 66' lang='grc' dir='ltr'>ξ</span> 
     </span>
    </p>
   </div>
   <div class='ocr_carea' id='block_1_52' title="bbox 2312 2007 3883 2083">
    <p class='ocr_par' dir='ltr' id='par_1_52' title="bbox 2312 2007 3883 2083">
     <span class='ocr_line' id='line_1_52' title="bbox 2312 2007 3883 2083; baseline 0.001 -21"><span class='ocrx_word' id='word_1_358' title='bbox 2312 2027 2490 2083; x_wconf 89' lang='grc' dir='ltr'><strong>γομεν,</strong></span> <span class='ocrx_word' id='word_1_359' title='bbox 2543 2007 2592 2062; x_wconf 69' lang='grc' dir='ltr'><strong>ἓν</strong></span> <span class='ocrx_word' id='word_1_360' title='bbox 2722 2007 3006 2083; x_wconf 71' lang='grc' dir='ltr'><strong>ἀνέγνωμεν</strong></span> <span class='ocrx_word' id='word_1_361' title='bbox 3043 2009 3185 2083; x_wconf 80' lang='grc' dir='ltr'><strong>ὑμῶν</strong></span> <span class='ocrx_word' id='word_1_362' title='bbox 3236 2014 3331 2071; x_wconf 78' lang='grc' dir='ltr'><strong>τήν</strong></span> <span class='ocrx_word' id='word_1_363' title='bbox 3376 2009 3677 2077; x_wconf 73' lang='grc' dir='ltr'><strong>ἐπιστολήν,</strong></span> <span class='ocrx_word' id='word_1_364' title='bbox 3714 2011 3771 2070; x_wconf 70' lang='grc' dir='ltr'><strong>ἣν</strong></span> <span class='ocrx_word' id='word_1_365' title='bbox 3812 2011 3883 2064; x_wconf 79' lang='grc' dir='ltr'><strong>καὶ</strong></span> 
     </span>
    </p>
   </div>
   <div class='ocr_carea' id='block_1_53' title="bbox 2313 2096 3881 2172">
    <p class='ocr_par' dir='ltr' id='par_1_53' title="bbox 2313 2096 3881 2172">
     <span class='ocr_line' id='line_1_53' title="bbox 2313 2096 3881 2172; baseline 0.001 -20"><span class='ocrx_word' id='word_1_366' title='bbox 2313 2098 2489 2172; x_wconf 71' lang='grc' dir='ltr'><strong>ἕξομεν</strong></span> <span class='ocrx_word' id='word_1_367' title='bbox 2527 2096 2607 2151; x_wconf 88' lang='grc' dir='ltr'><strong>ἀεί</strong></span> <span class='ocrx_word' id='word_1_368' title='bbox 2634 2116 2759 2152; x_wconf 87' lang='grc' dir='ltr'><strong>ποτε</strong></span> <span class='ocrx_word' id='word_1_369' title='bbox 2799 2096 3237 2172; x_wconf 81' lang='grc' dir='ltr'><strong>ἀναγινώσκοντες</strong></span> <span class='ocrx_word' id='word_1_370' title='bbox 3283 2101 3681 2155; x_wconf 64' lang='grc' dir='ltr'><strong>νουθετεῖσθαι</strong></span> <span class='ocrx_word' id='word_1_371' title='bbox 3720 2102 3783 2162; x_wconf 74' lang='grc' dir='ltr'><strong>ὡς</strong></span> <span class='ocrx_word' id='word_1_372' title='bbox 3810 2104 3881 2153; x_wconf 77' lang='grc' dir='ltr'><strong>ιιιὶ</strong></span> 
     </span>
    </p>
   </div>
   <div class='ocr_carea' id='block_1_54' title="bbox 2312 2184 3882 2263">
    <p class='ocr_par' dir='ltr' id='par_1_54' title="bbox 2312 2184 3882 2263">
     <span class='ocr_line' id='line_1_54' title="bbox 2312 2184 3882 2263; baseline 0.001 -21"><span class='ocrx_word' id='word_1_373' title='bbox 2312 2193 2408 2247; x_wconf 80' lang='grc' dir='ltr'><strong>τήν</strong></span> <span class='ocrx_word' id='word_1_374' title='bbox 2457 2190 2713 2262; x_wconf 86' lang='grc' dir='ltr'><strong>προτίραν</strong></span> <span class='ocrx_word' id='word_1_375' title='bbox 2759 2189 2885 2261; x_wconf 86' lang='grc' dir='ltr'><strong>ήμῖν</strong></span> <span class='ocrx_word' id='word_1_376' title='bbox 2920 2184 3014 2242; x_wconf 82' lang='grc' dir='ltr'><strong>διὰ</strong></span> <span class='ocrx_word' id='word_1_377' title='bbox 3046 2189 3334 2262; x_wconf 75' lang='grc' dir='ltr'><strong>Κλήμεντος</strong></span> <span class='ocrx_word' id='word_1_378' title='bbox 3368 2197 3683 2263; x_wconf 78' lang='grc' dir='ltr'><strong>γραφεῖσαν.</strong></span> <span class='ocrx_word' id='word_1_379' title='bbox 3730 2212 3757 2240; x_wconf 74' lang='grc' dir='ltr'><strong>ιν</strong></span> <span class='ocrx_word' id='word_1_380' title='bbox 3789 2188 3882 2245; x_wconf 78' lang='grc' dir='ltr'><strong>Ἔτι</strong></span> 
     </span>
    </p>
   </div>
   <div class='ocr_carea' id='block_1_55' title="bbox 2311 2273 3995 2354">
    <p class='ocr_par' dir='ltr' id='par_1_55' title="bbox 2311 2273 3995 2354">
     <span class='ocr_line' id='line_1_55' title="bbox 2311 2273 3995 2354; baseline 0.001 -23"><span class='ocrx_word' id='word_1_381' title='bbox 2311 2296 2371 2351; x_wconf 87' lang='grc' dir='ltr'><strong>γε</strong></span> <span class='ocrx_word' id='word_1_382' title='bbox 2398 2280 2504 2351; x_wconf 74' lang='grc' dir='ltr'><strong>μὴν</strong></span> <span class='ocrx_word' id='word_1_383' title='bbox 2541 2281 2632 2331; x_wconf 82' lang='grc' dir='ltr'><strong>καὶ</strong></span> <span class='ocrx_word' id='word_1_384' title='bbox 2674 2282 2793 2352; x_wconf 88' lang='grc' dir='ltr'><strong>περὶ</strong></span> <span class='ocrx_word' id='word_1_385' title='bbox 2838 2286 2938 2331; x_wconf 90' lang='grc' dir='ltr'><strong>τῶν</strong></span> <span class='ocrx_word' id='word_1_386' title='bbox 2976 2273 3125 2332; x_wconf 84' lang='grc' dir='ltr'><strong>ἰδίων</strong></span> <span class='ocrx_word' id='word_1_387' title='bbox 3170 2277 3456 2333; x_wconf 80' lang='grc' dir='ltr'><strong>ίπιστολῶν</strong></span> <span class='ocrx_word' id='word_1_388' title='bbox 3504 2279 3654 2341; x_wconf 81' lang='grc' dir='ltr'><strong>οὗτος</strong></span> <span class='ocrx_word' id='word_1_389' title='bbox 3694 2282 3755 2341; x_wconf 82' lang='grc' dir='ltr'><strong>ως</strong></span> <span class='ocrx_word' id='word_1_390' title='bbox 3803 2280 3880 2354; x_wconf 62' lang='grc' dir='ltr'><strong>ῥᾳ-</strong></span> <span class='ocrx_word' id='word_1_391' title='bbox 3994 2280 3995 2287; x_wconf 61' lang='grc'><em>“</em></span> 
     </span>
    </p>
   </div>
   <div class='ocr_carea' id='block_1_56' title="bbox 2313 2362 3878 2444">
    <p class='ocr_par' dir='ltr' id='par_1_56' title="bbox 2313 2362 3878 2444">
     <span class='ocr_line' id='line_1_56' title="bbox 2313 2362 3878 2444; baseline 0.001 -23"><span class='ocrx_word' id='word_1_392' title='bbox 2313 2362 2730 2440; x_wconf 73' lang='grc' dir='ltr'><strong>διουργηθεισῶν</strong></span> <span class='ocrx_word' id='word_1_393' title='bbox 2792 2368 3014 2421; x_wconf 83' lang='grc' dir='ltr'><strong>τοιαῦτά</strong></span> <span class='ocrx_word' id='word_1_394' title='bbox 3072 2386 3231 2441; x_wconf 86' lang='grc' dir='ltr'><strong>φησιν</strong></span> <span class='ocrx_word' id='word_1_395' title='bbox 3264 2385 3277 2398; x_wconf 95' lang='grc'><strong>·</strong></span> <span class='ocrx_word' id='word_1_396' title='bbox 3336 2390 3367 2419; x_wconf 76' lang='grc' dir='ltr'><strong>ι(</strong></span> <span class='ocrx_word' id='word_1_397' title='bbox 3429 2368 3737 2431; x_wconf 78' lang='grc' dir='ltr'><strong>Ἐπιστολὰς</strong></span> <span class='ocrx_word' id='word_1_398' title='bbox 3796 2370 3878 2444; x_wconf 80' lang='grc' dir='ltr'><strong>γὰρ</strong></span> 
     </span>
    </p>
   </div>
   <div class='ocr_carea' id='block_1_57' title="bbox 2312 2452 3881 2531">
    <p class='ocr_par' dir='ltr' id='par_1_57' title="bbox 2312 2452 3881 2531">
     <span class='ocr_line' id='line_1_57' title="bbox 2312 2452 3881 2531; baseline 0 -21"><span class='ocrx_word' id='word_1_399' title='bbox 2312 2452 2544 2529; x_wconf 78' lang='grc' dir='ltr'><strong>ἀδελφῶν</strong></span> <span class='ocrx_word' id='word_1_400' title='bbox 2596 2454 2928 2519; x_wconf 79' lang='grc' dir='ltr'><strong>ἀξιωσάντων</strong></span> <span class='ocrx_word' id='word_1_401' title='bbox 2981 2474 3045 2529; x_wconf 93' lang='grc' dir='ltr'><strong>με</strong></span> <span class='ocrx_word' id='word_1_402' title='bbox 3086 2456 3313 2530; x_wconf 70' lang='grc' dir='ltr'><strong>γράψαι,</strong></span> <span class='ocrx_word' id='word_1_403' title='bbox 3355 2456 3566 2531; x_wconf 71' lang='grc' dir='ltr'><strong>ἔγραψα</strong></span> <span class='ocrx_word' id='word_1_404' title='bbox 3597 2475 3611 2489; x_wconf 89' lang='grc'><strong>·</strong></span> <span class='ocrx_word' id='word_1_405' title='bbox 3651 2462 3736 2511; x_wconf 82' lang='grc' dir='ltr'><strong>καὶ</strong></span> <span class='ocrx_word' id='word_1_406' title='bbox 3781 2459 3881 2510; x_wconf 79' lang='grc' dir='ltr'><strong>ταύ-</strong></span> 
     </span>
    </p>
   </div>
   <div class='ocr_carea' id='block_1_58' title="bbox 2308 2541 3879 2621">
    <p class='ocr_par' dir='ltr' id='par_1_58' title="bbox 2308 2541 3879 2621">
     <span class='ocr_line' id='line_1_58' title="bbox 2308 2541 3879 2621; baseline -0.001 -21"><span class='ocrx_word' id='word_1_407' title='bbox 2308 2565 2401 2609; x_wconf 92' lang='grc' dir='ltr'><strong>τας</strong></span> <span class='ocrx_word' id='word_1_408' title='bbox 2447 2547 2498 2599; x_wconf 80' lang='grc' dir='ltr'><strong>οἱ</strong></span> <span class='ocrx_word' id='word_1_409' title='bbox 2537 2553 2630 2599; x_wconf 85' lang='grc' dir='ltr'><strong>τοῦ</strong></span> <span class='ocrx_word' id='word_1_410' title='bbox 2668 2541 2916 2600; x_wconf 75' lang='grc' dir='ltr'><strong>διαϐόλου</strong></span> <span class='ocrx_word' id='word_1_411' title='bbox 2957 2545 3243 2600; x_wconf 80' lang='grc' dir='ltr'><strong>ἀπόστολοι</strong></span> <span class='ocrx_word' id='word_1_412' title='bbox 3278 2546 3527 2609; x_wconf 76' lang='grc' dir='ltr'><strong>ζιζανίων</strong></span> <span class='ocrx_word' id='word_1_413' title='bbox 3561 2553 3879 2621; x_wconf 80' lang='grc' dir='ltr'><strong>γεγεμίκασιν,</strong></span> 
     </span>
    </p>
   </div>
   <div class='ocr_carea' id='block_1_59' title="bbox 2310 2632 3880 2710">
    <p class='ocr_par' dir='ltr' id='par_1_59' title="bbox 2310 2632 3880 2710">
     <span class='ocr_line' id='line_1_59' title="bbox 2310 2632 3880 2710; baseline 0.002 -23"><span class='ocrx_word' id='word_1_414' title='bbox 2310 2633 2347 2687; x_wconf 83' lang='grc' dir='ltr'><strong>ά</strong></span> <span class='ocrx_word' id='word_1_415' title='bbox 2385 2637 2477 2706; x_wconf 71' lang='grc' dir='ltr'><strong>μεν</strong></span> <span class='ocrx_word' id='word_1_416' title='bbox 2532 2634 2869 2710; x_wconf 71' lang='grc' dir='ltr'><strong>ἑξαιρόῦντες,</strong></span> <span class='ocrx_word' id='word_1_417' title='bbox 2921 2634 2959 2688; x_wconf 81' lang='grc' dir='ltr'><strong>ἀ</strong></span> <span class='ocrx_word' id='word_1_418' title='bbox 2986 2632 3046 2688; x_wconf 73' lang='grc' dir='ltr'><strong>δε</strong></span> <span class='ocrx_word' id='word_1_419' title='bbox 3097 2637 3463 2709; x_wconf 74' lang='grc' dir='ltr'><strong>προστιθέντες</strong></span> <span class='ocrx_word' id='word_1_420' title='bbox 3490 2653 3505 2668; x_wconf 73' lang='grc' dir='ltr'><strong>ο</strong></span> <span class='ocrx_word' id='word_1_421' title='bbox 3564 2637 3644 2700; x_wconf 84' lang='grc' dir='ltr'><strong>οἷς</strong></span> <span class='ocrx_word' id='word_1_422' title='bbox 3686 2639 3741 2689; x_wconf 89' lang='grc' dir='ltr'><strong>τὸ</strong></span> <span class='ocrx_word' id='word_1_423' title='bbox 3785 2634 3880 2690; x_wconf 74' lang='grc' dir='ltr'><strong>οὖαι</strong></span> 
     </span>
    </p>
   </div>
   <div class='ocr_carea' id='block_1_60' title="bbox 2309 2722 3880 2799">
    <p class='ocr_par' dir='ltr' id='par_1_60' title="bbox 2309 2722 3880 2799">
     <span class='ocr_line' id='line_1_60' title="bbox 2309 2722 3880 2799; baseline -0.001 -21"><span class='ocrx_word' id='word_1_424' title='bbox 2309 2730 2498 2778; x_wconf 80' lang='grc' dir='ltr'><strong>κεῖται.</strong></span> <span class='ocrx_word' id='word_1_425' title='bbox 2552 2722 2630 2777; x_wconf 78' lang='grc' dir='ltr'><strong>Οὐ</strong></span> <span class='ocrx_word' id='word_1_426' title='bbox 2689 2725 2991 2797; x_wconf 86' lang='grc' dir='ltr'><strong>θαυμαστόν</strong></span> <span class='ocrx_word' id='word_1_427' title='bbox 3052 2724 3177 2799; x_wconf 80' lang='grc' dir='ltr'><strong>ἄρα,</strong></span> <span class='ocrx_word' id='word_1_428' title='bbox 3232 2724 3277 2779; x_wconf 83' lang='grc' dir='ltr'><strong>εἰ</strong></span> <span class='ocrx_word' id='word_1_429' title='bbox 3348 2730 3438 2779; x_wconf 77' lang='grc' dir='ltr'><strong>καὶ</strong></span> <span class='ocrx_word' id='word_1_430' title='bbox 3494 2733 3599 2778; x_wconf 87' lang='grc' dir='ltr'><strong>τῶν</strong></span> <span class='ocrx_word' id='word_1_431' title='bbox 3645 2731 3880 2797; x_wconf 78' lang='grc' dir='ltr'><strong>Κυριακῶν</strong></span> 
     </span>
    </p>
   </div>
   <div class='ocr_carea' id='block_1_61' title="bbox 2306 2809 3880 2888">
    <p class='ocr_par' dir='ltr' id='par_1_61' title="bbox 2306 2809 3880 2888">
     <span class='ocr_line' id='line_1_61' title="bbox 2306 2809 3880 2888; baseline 0.001 -22"><span class='ocrx_word' id='word_1_432' title='bbox 2306 2809 2703 2888; x_wconf 72' lang='grc' dir='ltr'><strong>ῥᾳδιουργῆσαί</strong></span> <span class='ocrx_word' id='word_1_433' title='bbox 2753 2832 2882 2875; x_wconf 88' lang='grc' dir='ltr'><strong>τινες</strong></span> <span class='ocrx_word' id='word_1_434' title='bbox 2935 2812 3296 2873; x_wconf 72' lang='grc' dir='ltr'><strong>ἔπιϐεϐληνται</strong></span> <span class='ocrx_word' id='word_1_435' title='bbox 3343 2822 3574 2888; x_wconf 82' lang='grc' dir='ltr'><strong>γραφῶν,</strong></span> <span class='ocrx_word' id='word_1_436' title='bbox 3625 2814 3767 2868; x_wconf 88' lang='grc' dir='ltr'><strong>όπότε</strong></span> <span class='ocrx_word' id='word_1_437' title='bbox 3808 2818 3880 2869; x_wconf 78' lang='grc' dir='ltr'><strong>καὶ</strong></span> 
     </span>
    </p>
   </div>
   <div class='ocr_carea' id='block_1_62' title="bbox 2308 2900 3880 2979">
    <p class='ocr_par' dir='ltr' id='par_1_62' title="bbox 2308 2900 3880 2979">
     <span class='ocr_line' id='line_1_62' title="bbox 2308 2900 3880 2979; baseline 0.001 -24"><span class='ocrx_word' id='word_1_438' title='bbox 2308 2909 2425 2963; x_wconf 90' lang='grc' dir='ltr'><strong>ταῖς</strong></span> <span class='ocrx_word' id='word_1_439' title='bbox 2470 2902 2530 2955; x_wconf 78' lang='grc' dir='ltr'><strong>οὐ</strong></span> <span class='ocrx_word' id='word_1_440' title='bbox 2568 2904 2839 2966; x_wconf 80' lang='grc' dir='ltr'><strong>τοιαύταις</strong></span> <span class='ocrx_word' id='word_1_441' title='bbox 2862 2900 3343 2962; x_wconf 71' lang='grc' dir='ltr'><strong>ἱπιϐίϐουλεύκασι,</strong></span> <span class='ocrx_word' id='word_1_442' title='bbox 3388 2923 3418 2957; x_wconf 75' lang='grc'>››</span> <span class='ocrx_word' id='word_1_443' title='bbox 3458 2909 3563 2957; x_wconf 73' lang='grc' dir='ltr'><strong>Καὶ</strong></span> <span class='ocrx_word' id='word_1_444' title='bbox 3600 2907 3725 2979; x_wconf 86' lang='grc' dir='ltr'><strong>πρὸς</strong></span> <span class='ocrx_word' id='word_1_445' title='bbox 3764 2910 3880 2979; x_wconf 69' lang='grc' dir='ltr'><strong>Χρυο</strong></span> 
     </span>
    </p>
   </div>
   <div class='ocr_carea' id='block_1_63' title="bbox 2312 2988 3878 3067">
    <p class='ocr_par' dir='ltr' id='par_1_63' title="bbox 2312 2988 3878 3067">
     <span class='ocr_line' id='line_1_63' title="bbox 2312 2988 3878 3067; baseline 0.001 -23"><span class='ocrx_word' id='word_1_446' title='bbox 2312 2996 2535 3067; x_wconf 85' lang='grc' dir='ltr'><strong>σοφόραν</strong></span> <span class='ocrx_word' id='word_1_447' title='bbox 2593 2988 2653 3047; x_wconf 72' lang='grc' dir='ltr'><strong>δι</strong></span> <span class='ocrx_word' id='word_1_448' title='bbox 2701 2995 3024 3051; x_wconf 75' lang='grc' dir='ltr'><strong>πιστοτάτην</strong></span> <span class='ocrx_word' id='word_1_449' title='bbox 3078 2989 3300 3067; x_wconf 81' lang='grc' dir='ltr'><strong>ἀδελφήν</strong></span> <span class='ocrx_word' id='word_1_450' title='bbox 3354 2993 3484 3053; x_wconf 81' lang='grc' dir='ltr'><strong>ἄλλη</strong></span> <span class='ocrx_word' id='word_1_451' title='bbox 3539 2996 3723 3048; x_wconf 80' lang='grc' dir='ltr'><strong>τούτου</strong></span> <span class='ocrx_word' id='word_1_452' title='bbox 3760 2992 3878 3047; x_wconf 68' lang='lat' dir='ltr'><strong>ieris</strong></span> 
     </span>
    </p>
   </div>
   <div class='ocr_carea' id='block_1_64' title="bbox 546 3070 2197 3172">
    <p class='ocr_par' dir='ltr' id='par_1_64' title="bbox 546 3070 2197 3144">
     <span class='ocr_line' id='line_1_64' title="bbox 546 3070 2197 3144; baseline 0.004 -17"><span class='ocrx_word' id='word_1_453' title='bbox 546 3077 902 3144; x_wconf 86' lang='lat' dir='ltr'><strong>pungentes,</strong></span> <span class='ocrx_word' id='word_1_454' title='bbox 930 3071 1211 3144; x_wconf 65' lang='lat' dir='ltr'><strong>quaedam</strong></span> <span class='ocrx_word' id='word_1_455' title='bbox 1233 3075 1434 3127; x_wconf 87' lang='lat' dir='ltr'><strong>autem</strong></span> <span class='ocrx_word' id='word_1_456' title='bbox 1460 3070 1806 3129; x_wconf 90' lang='lat' dir='ltr'><strong>inserentes.</strong></span> <span class='ocrx_word' id='word_1_457' title='bbox 1838 3074 2066 3140; x_wconf 88' lang='lat' dir='ltr'><strong>Quibus</strong></span> <span class='ocrx_word' id='word_1_458' title='bbox 2094 3076 2197 3134; x_wconf 72' lang='grc' dir='ltr'><strong>νω</strong></span> 
     </span>
    </p>
   </div>
   <div class='ocr_carea' id='block_1_65' title="bbox 2304 3070 3877 3172">
    <p class='ocr_par' dir='ltr' id='par_1_65' title="bbox 2306 3077 3877 3157">
     <span class='ocr_line' id='line_1_65' title="bbox 2306 3077 3877 3157; baseline 0.001 -23"><span class='ocrx_word' id='word_1_459' title='bbox 2306 3078 2554 3141; x_wconf 73' lang='grc' dir='ltr'><strong>ἕπιστολή</strong></span> <span class='ocrx_word' id='word_1_460' title='bbox 2589 3098 2604 3112; x_wconf 89' lang='grc'><strong>·</strong></span> <span class='ocrx_word' id='word_1_461' title='bbox 2711 3077 2781 3141; x_wconf 79' lang='grc' dir='ltr'><strong>δή</strong></span> <span class='ocrx_word' id='word_1_462' title='bbox 2818 3084 2883 3136; x_wconf 81' lang='grc' dir='ltr'><strong>τὰ</strong></span> <span class='ocrx_word' id='word_1_463' title='bbox 2935 3081 3234 3141; x_wconf 74' lang='grc' dir='ltr'><strong>κατάλληλα</strong></span> <span class='ocrx_word' id='word_1_464' title='bbox 3281 3085 3522 3157; x_wconf 76' lang='grc' dir='ltr'><strong>γράφων,</strong></span> <span class='ocrx_word' id='word_1_465' title='bbox 3557 3090 3654 3146; x_wconf 71' lang='grc' dir='ltr'><strong>τῆς</strong></span> <span class='ocrx_word' id='word_1_466' title='bbox 3699 3083 3877 3155; x_wconf 72' lang='grc' dir='ltr'><strong>λογικῆς</strong></span> 
     </span>
    </p>
   </div>
   <div class='ocr_carea' id='block_1_66' title="bbox 538 3157 2197 3246">
    <p class='ocr_par' dir='ltr' id='par_1_66' title="bbox 538 3157 2194 3232">
     <span class='ocr_line' id='line_1_66' title="bbox 538 3157 2194 3232; baseline 0.004 -14"><span class='ocrx_word' id='word_1_467' title='bbox 538 3159 690 3218; x_wconf 89' lang='lat' dir='ltr'><strong>illud</strong></span> <span class='ocrx_word' id='word_1_468' title='bbox 714 3166 803 3217; x_wconf 89' lang='lat' dir='ltr'><strong>est</strong></span> <span class='ocrx_word' id='word_1_469' title='bbox 831 3160 1183 3232; x_wconf 89' lang='lat' dir='ltr'><strong>repositum.</strong></span> <span class='ocrx_word' id='word_1_470' title='bbox 1208 3157 1336 3216; x_wconf 87' lang='lat' dir='ltr'><strong>Non</strong></span> <span class='ocrx_word' id='word_1_471' title='bbox 1365 3160 1711 3217; x_wconf 88' lang='lat' dir='ltr'><strong>mirandum</strong></span> <span class='ocrx_word' id='word_1_472' title='bbox 1731 3169 1906 3230; x_wconf 90' lang='lat' dir='ltr'><strong>certe,</strong></span> <span class='ocrx_word' id='word_1_473' title='bbox 1931 3163 1983 3220; x_wconf 88' lang='lat' dir='ltr'><strong>si</strong></span> <span class='ocrx_word' id='word_1_474' title='bbox 2015 3163 2194 3224; x_wconf 87' lang='lat' dir='ltr'><strong>etiam</strong></span> 
     </span>
    </p>
   </div>
   <div class='ocr_carea' id='block_1_67' title="bbox 2304 3157 3877 3246">
    <p class='ocr_par' dir='ltr' id='par_1_67' title="bbox 2307 3169 3877 3246">
     <span class='ocr_line' id='line_1_67' title="bbox 2307 3169 3877 3246; baseline 0.001 -23"><span class='ocrx_word' id='word_1_475' title='bbox 2307 3170 2503 3246; x_wconf 76' lang='grc' dir='ltr'><strong>τροφῆς</strong></span> <span class='ocrx_word' id='word_1_476' title='bbox 2554 3169 2858 3245; x_wconf 74' lang='grc' dir='ltr'><strong>ἕνεπίμπλα.</strong></span> <span class='ocrx_word' id='word_1_477' title='bbox 2929 3172 3014 3226; x_wconf 83' lang='grc' dir='ltr'><strong>Ἐν</strong></span> <span class='ocrx_word' id='word_1_478' title='bbox 3076 3173 3285 3234; x_wconf 84' lang='grc' dir='ltr'><strong>τόύτοις</strong></span> <span class='ocrx_word' id='word_1_479' title='bbox 3338 3174 3431 3245; x_wconf 72' lang='grc' dir='ltr'><strong>μεν</strong></span> <span class='ocrx_word' id='word_1_480' title='bbox 3479 3176 3575 3226; x_wconf 83' lang='grc' dir='ltr'><strong>καὶ</strong></span> <span class='ocrx_word' id='word_1_481' title='bbox 3624 3175 3691 3227; x_wconf 84' lang='grc' dir='ltr'><strong>τά</strong></span> <span class='ocrx_word' id='word_1_482' title='bbox 3731 3176 3877 3225; x_wconf 81' lang='grc' dir='ltr'><strong>Διονυ-</strong></span> 
     </span>
    </p>
   </div>
   <div class='ocr_carea' id='block_1_68' title="bbox 543 3247 2193 3322">
    <p class='ocr_par' dir='ltr' id='par_1_68' title="bbox 543 3247 2193 3322">
     <span class='ocr_line' id='line_1_68' title="bbox 543 3247 2193 3322; baseline 0.004 -16"><span class='ocrx_word' id='word_1_483' title='bbox 543 3248 856 3307; x_wconf 88' lang='lat' dir='ltr'><strong>Dominica</strong></span> <span class='ocrx_word' id='word_1_484' title='bbox 895 3248 1117 3321; x_wconf 91' lang='lat' dir='ltr'><strong>scripta</strong></span> <span class='ocrx_word' id='word_1_485' title='bbox 1147 3247 1418 3305; x_wconf 90' lang='lat' dir='ltr'><strong>nonnulli</strong></span> <span class='ocrx_word' id='word_1_486' title='bbox 1449 3263 1832 3322; x_wconf 89' lang='lat' dir='ltr'><strong>corrumpere</strong></span> <span class='ocrx_word' id='word_1_487' title='bbox 1862 3257 2000 3311; x_wconf 90' lang='lat' dir='ltr'><strong>sunt</strong></span> <span class='ocrx_word' id='word_1_488' title='bbox 2038 3256 2193 3322; x_wconf 88' lang='lat' dir='ltr'><strong>ausi,</strong></span> 
     </span>
    </p>
   </div>
   <div class='ocr_carea' id='block_1_69' title="bbox 2311 3263 2453 3318">
    <p class='ocr_par' dir='ltr' id='par_1_69' title="bbox 2311 3263 2453 3318">
     <span class='ocr_line' id='line_1_69' title="bbox 2311 3263 2453 3318; baseline -0.007 -5"><span class='ocrx_word' id='word_1_489' title='bbox 2311 3263 2453 3318; x_wconf 77' lang='grc' dir='ltr'><strong>σίου.</strong></span> 
     </span>
    </p>
   </div>
   <div class='ocr_carea' id='block_1_70' title="bbox 540 3336 3874 3425">
    <p class='ocr_par' dir='ltr' id='par_1_70' title="bbox 540 3336 3874 3425">
     <span class='ocr_line' id='line_1_70' title="bbox 540 3336 3874 3425; baseline 0.004 -31"><span class='ocrx_word' id='word_1_490' title='bbox 540 3338 790 3412; x_wconf 88' lang='lat' dir='ltr'><strong>quando</strong></span> <span class='ocrx_word' id='word_1_491' title='bbox 820 3339 1058 3405; x_wconf 87' lang='lat' dir='ltr'><strong>nostris,</strong></span> <span class='ocrx_word' id='word_1_492' title='bbox 1100 3337 1279 3395; x_wconf 89' lang='lat' dir='ltr'><strong>etiam</strong></span> <span class='ocrx_word' id='word_1_493' title='bbox 1310 3336 1423 3395; x_wconf 88' lang='lat' dir='ltr'><strong>illis</strong></span> <span class='ocrx_word' id='word_1_494' title='bbox 1446 3336 1625 3409; x_wconf 87' lang='lat' dir='ltr'><strong>longe</strong></span> <span class='ocrx_word' id='word_1_495' title='bbox 1648 3338 2060 3411; x_wconf 87' lang='lat' dir='ltr'><strong>dissimilibus,</strong></span> <span class='ocrx_word' id='word_1_496' title='bbox 2089 3344 2342 3405; x_wconf 88' lang='lat' dir='ltr'><strong>insidias</strong></span> <span class='ocrx_word' id='word_1_497' title='bbox 2374 3352 2739 3408; x_wconf 87' lang='lat' dir='ltr'><strong>struxerunt.</strong></span> <span class='ocrx_word' id='word_1_498' title='bbox 2768 3369 2798 3404; x_wconf 79' lang='grc' dir='ltr'><strong>ν</strong></span> <span class='ocrx_word' id='word_1_499' title='bbox 2830 3352 2930 3407; x_wconf 87' lang='lat' dir='ltr'><strong>Est</strong></span> <span class='ocrx_word' id='word_1_500' title='bbox 2954 3348 3135 3408; x_wconf 85' lang='lat' dir='ltr'><strong>etiam</strong></span> <span class='ocrx_word' id='word_1_501' title='bbox 3165 3349 3423 3425; x_wconf 87' lang='lat' dir='ltr'><strong>epistola</strong></span> <span class='ocrx_word' id='word_1_502' title='bbox 3447 3350 3499 3423; x_wconf 89' lang='lat' dir='ltr'><strong>ej</strong></span> <span class='ocrx_word' id='word_1_503' title='bbox 3511 3367 3581 3409; x_wconf 89' lang='lat' dir='ltr'><strong>us</strong></span> <span class='ocrx_word' id='word_1_504' title='bbox 3611 3350 3683 3409; x_wconf 87' lang='lat' dir='ltr'><strong>ad</strong></span> <span class='ocrx_word' id='word_1_505' title='bbox 3711 3350 3874 3423; x_wconf 79' lang='lat' dir='ltr'><strong>Chry-</strong></span> 
     </span>
    </p>
   </div>
   <div class='ocr_carea' id='block_1_71' title="bbox 537 3426 3866 3507">
    <p class='ocr_par' dir='ltr' id='par_1_71' title="bbox 537 3426 3866 3507">
     <span class='ocr_line' id='line_1_71' title="bbox 537 3426 3866 3507; baseline 0.004 -23"><span class='ocrx_word' id='word_1_506' title='bbox 537 3426 889 3500; x_wconf 88' lang='lat' dir='ltr'><strong>sopharam,</strong></span> <span class='ocrx_word' id='word_1_507' title='bbox 923 3427 1284 3486; x_wconf 86' lang='lat' dir='ltr'><strong>fidissimam</strong></span> <span class='ocrx_word' id='word_1_508' title='bbox 1337 3442 1653 3486; x_wconf 86' lang='lat' dir='ltr'><strong>sororem:</strong></span> <span class='ocrx_word' id='word_1_509' title='bbox 1694 3429 1900 3489; x_wconf 90' lang='lat' dir='ltr'><strong>cuiille</strong></span> <span class='ocrx_word' id='word_1_510' title='bbox 1938 3434 2356 3497; x_wconf 84' lang='lat' dir='ltr'><strong>convenientia</strong></span> <span class='ocrx_word' id='word_1_511' title='bbox 2389 3438 2678 3507; x_wconf 88' lang='lat' dir='ltr'><strong>scribens,</strong></span> <span class='ocrx_word' id='word_1_512' title='bbox 2720 3438 2997 3498; x_wconf 85' lang='lat' dir='ltr'><strong>rationali</strong></span> <span class='ocrx_word' id='word_1_513' title='bbox 3033 3454 3173 3498; x_wconf 90' lang='lat' dir='ltr'><strong>eam</strong></span> <span class='ocrx_word' id='word_1_514' title='bbox 3214 3439 3534 3500; x_wconf 84' lang='lat' dir='ltr'><strong>exsatiavit</strong></span> <span class='ocrx_word' id='word_1_515' title='bbox 3585 3439 3866 3500; x_wconf 87' lang='lat' dir='ltr'><strong>alimento.</strong></span> 
     </span>
    </p>
   </div>
   <div class='ocr_carea' id='block_1_72' title="bbox 545 3517 1116 3591">
    <p class='ocr_par' dir='ltr' id='par_1_72' title="bbox 545 3517 1116 3591">
     <span class='ocr_line' id='line_1_72' title="bbox 545 3517 1116 3591; baseline 0.002 -16"><span class='ocrx_word' id='word_1_516' title='bbox 545 3517 682 3575; x_wconf 59' lang='lat' dir='ltr'><strong>Haec</strong></span> <span class='ocrx_word' id='word_1_517' title='bbox 707 3517 782 3575; x_wconf 90' lang='lat' dir='ltr'><strong>de</strong></span> <span class='ocrx_word' id='word_1_518' title='bbox 809 3517 1116 3591; x_wconf 82' lang='lat' dir='ltr'><strong>Dionysio.</strong></span> 
     </span>
    </p>
   </div>
   <div class='ocr_carea' id='block_1_73' title="bbox 1196 3604 1547 3664">
    <p class='ocr_par' dir='ltr' id='par_1_73' title="bbox 1196 3604 1547 3664">
     <span class='ocr_line' id='line_1_73' title="bbox 1196 3604 1547 3664; baseline -0.003 0"><span class='ocrx_word' id='word_1_519' title='bbox 1196 3604 1418 3664; x_wconf 82' lang='lat' dir='ltr'><strong>CAPUT</strong></span> <span class='ocrx_word' id='word_1_520' title='bbox 1456 3606 1547 3663; x_wconf 85' lang='lat' dir='ltr'><strong>IX.</strong></span> 
     </span>
    </p>
   </div>
   <div class='ocr_carea' id='block_1_74' title="bbox 537 3713 2191 3789">
    <p class='ocr_par' dir='ltr' id='par_1_74' title="bbox 537 3713 2191 3789">
     <span class='ocr_line' id='line_1_74' title="bbox 537 3713 2191 3789; baseline 0.002 -14"><span class='ocrx_word' id='word_1_521' title='bbox 537 3714 627 3775; x_wconf 76' lang='lat' dir='ltr'><strong>De</strong></span> <span class='ocrx_word' id='word_1_522' title='bbox 663 3714 993 3787; x_wconf 67' lang='lat' dir='ltr'><strong>Theophila</strong></span> <span class='ocrx_word' id='word_1_523' title='bbox 1028 3713 1367 3772; x_wconf 66' lang='lat' dir='ltr'><strong>Antiochia</strong></span> <span class='ocrx_word' id='word_1_524' title='bbox 1394 3714 1688 3789; x_wconf 71' lang='lat' dir='ltr'><strong>episeopo,</strong></span> <span class='ocrx_word' id='word_1_525' title='bbox 1714 3720 1772 3774; x_wconf 82' lang='lat' dir='ltr'><strong>et</strong></span> <span class='ocrx_word' id='word_1_526' title='bbox 1806 3715 1883 3775; x_wconf 83' lang='lat' dir='ltr'><strong>de</strong></span> <span class='ocrx_word' id='word_1_527' title='bbox 1907 3716 2191 3789; x_wconf 75' lang='lat' dir='ltr'><strong>Modesto,</strong></span> 
     </span>
    </p>
   </div>
   <div class='ocr_carea' id='block_1_75' title="bbox 1072 3787 1680 3859">
    <p class='ocr_par' dir='ltr' id='par_1_75' title="bbox 1072 3787 1680 3859">
     <span class='ocr_line' id='line_1_75' title="bbox 1072 3787 1680 3859; baseline 0.002 -16"><span class='ocrx_word' id='word_1_528' title='bbox 1072 3800 1391 3859; x_wconf 82' lang='lat' dir='ltr'><strong>eorumque</strong></span> <span class='ocrx_word' id='word_1_529' title='bbox 1415 3787 1680 3859; x_wconf 76' lang='lat' dir='ltr'><strong>scriptis.</strong></span> 
     </span>
    </p>
   </div>
   <div class='ocr_carea' id='block_1_76' title="bbox 605 3892 2191 3973">
    <p class='ocr_par' dir='ltr' id='par_1_76' title="bbox 605 3892 2191 3973">
     <span class='ocr_line' id='line_1_76' title="bbox 605 3892 2191 3973; baseline 0.003 -23"><span class='ocrx_word' id='word_1_530' title='bbox 605 3892 916 3968; x_wconf 84' lang='lat' dir='ltr'><strong>Theophili</strong></span> <span class='ocrx_word' id='word_1_531' title='bbox 954 3898 1159 3952; x_wconf 90' lang='lat' dir='ltr'><strong>autem</strong></span> <span class='ocrx_word' id='word_1_532' title='bbox 1188 3892 1513 3951; x_wconf 70' lang='lat' dir='ltr'><strong>Antiochiae</strong></span> <span class='ocrx_word' id='word_1_533' title='bbox 1550 3893 1820 3969; x_wconf 88' lang='lat' dir='ltr'><strong>episcopi</strong></span> <span class='ocrx_word' id='word_1_534' title='bbox 1848 3895 1927 3953; x_wconf 90' lang='lat' dir='ltr'><strong>ad</strong></span> <span class='ocrx_word' id='word_1_535' title='bbox 1950 3897 2191 3973; x_wconf 85' lang='lat' dir='ltr'><strong>Autoly-</strong></span> 
     </span>
    </p>
   </div>
   <div class='ocr_carea' id='block_1_77' title="bbox 532 3982 2189 4045">
    <p class='ocr_par' dir='ltr' id='par_1_77' title="bbox 532 3982 2189 4045">
     <span class='ocr_line' id='line_1_77' title="bbox 532 3982 2189 4045; baseline 0.002 -4"><span class='ocrx_word' id='word_1_536' title='bbox 532 3998 674 4041; x_wconf 89' lang='lat' dir='ltr'><strong>cum</strong></span> <span class='ocrx_word' id='word_1_537' title='bbox 700 3989 818 4042; x_wconf 91' lang='lat' dir='ltr'><strong>tres</strong></span> <span class='ocrx_word' id='word_1_538' title='bbox 851 3983 1122 4041; x_wconf 88' lang='lat' dir='ltr'><strong>feruntur</strong></span> <span class='ocrx_word' id='word_1_539' title='bbox 1151 3982 1595 4041; x_wconf 89' lang='lat' dir='ltr'><strong>Institutionum</strong></span> <span class='ocrx_word' id='word_1_540' title='bbox 1626 3983 1783 4042; x_wconf 89' lang='lat' dir='ltr'><strong>libri.</strong></span> <span class='ocrx_word' id='word_1_541' title='bbox 1809 3987 1870 4042; x_wconf 88' lang='lat' dir='ltr'><strong>Et</strong></span> <span class='ocrx_word' id='word_1_542' title='bbox 1897 3986 2189 4045; x_wconf 87' lang='lat' dir='ltr'><strong>adversus</strong></span> 
     </span>
    </p>
   </div>
   <div class='ocr_carea' id='block_1_78' title="bbox 534 4071 2189 4147">
    <p class='ocr_par' dir='ltr' id='par_1_78' title="bbox 534 4071 2189 4147">
     <span class='ocr_line' id='line_1_78' title="bbox 534 4071 2189 4147; baseline 0.003 -17"><span class='ocrx_word' id='word_1_543' title='bbox 534 4073 927 4144; x_wconf 81' lang='lat' dir='ltr'><strong>Hermogenis</strong></span> <span class='ocrx_word' id='word_1_544' title='bbox 964 4072 1241 4131; x_wconf 68' lang='lat' dir='ltr'><strong>heresim</strong></span> <span class='ocrx_word' id='word_1_545' title='bbox 1279 4071 1449 4142; x_wconf 90' lang='lat' dir='ltr'><strong>liber,</strong></span> <span class='ocrx_word' id='word_1_546' title='bbox 1491 4072 1552 4130; x_wconf 89' lang='lat' dir='ltr'><strong>in</strong></span> <span class='ocrx_word' id='word_1_547' title='bbox 1603 4089 1728 4147; x_wconf 90' lang='lat' dir='ltr'><strong>quo</strong></span> <span class='ocrx_word' id='word_1_548' title='bbox 1766 4074 1968 4132; x_wconf 90' lang='lat' dir='ltr'><strong>multis</strong></span> <span class='ocrx_word' id='word_1_549' title='bbox 2007 4077 2189 4136; x_wconf 87' lang='lat' dir='ltr'><strong>utitur</strong></span> 
     </span>
    </p>
   </div>
   <div class='ocr_carea' id='block_1_79' title="bbox 533 4161 2187 4239">
    <p class='ocr_par' dir='ltr' id='par_1_79' title="bbox 533 4161 2187 4239">
     <span class='ocr_line' id='line_1_79' title="bbox 533 4161 2187 4239; baseline 0.002 -18"><span class='ocrx_word' id='word_1_550' title='bbox 533 4162 890 4221; x_wconf 74' lang='lat' dir='ltr'><strong>testimoniis</strong></span> <span class='ocrx_word' id='word_1_551' title='bbox 945 4178 1016 4219; x_wconf 90' lang='lat' dir='ltr'><strong>ex</strong></span> <span class='ocrx_word' id='word_1_552' title='bbox 1062 4161 1317 4219; x_wconf 84' lang='lat' dir='ltr'><strong>Joannis</strong></span> <span class='ocrx_word' id='word_1_553' title='bbox 1346 4162 1732 4236; x_wconf 82' lang='lat' dir='ltr'><strong>Apocalypsi.</strong></span> <span class='ocrx_word' id='word_1_554' title='bbox 1774 4165 2021 4222; x_wconf 81' lang='lat' dir='ltr'><strong>Exstant</strong></span> <span class='ocrx_word' id='word_1_555' title='bbox 2055 4166 2187 4239; x_wconf 89' lang='lat' dir='ltr'><strong>ejus</strong></span> 
     </span>
    </p>
   </div>
   <div class='ocr_carea' id='block_1_80' title="bbox 531 4250 2186 4324">
    <p class='ocr_par' dir='ltr' id='par_1_80' title="bbox 531 4250 2186 4324">
     <span class='ocr_line' id='line_1_80' title="bbox 531 4250 2186 4324; baseline 0.004 -17"><span class='ocrx_word' id='word_1_556' title='bbox 531 4265 777 4324; x_wconf 92' lang='lat' dir='ltr'><strong>quoque</strong></span> <span class='ocrx_word' id='word_1_557' title='bbox 815 4251 1035 4323; x_wconf 89' lang='lat' dir='ltr'><strong>scripta</strong></span> <span class='ocrx_word' id='word_1_558' title='bbox 1061 4251 1197 4315; x_wconf 84' lang='lat' dir='ltr'><strong>alia,</strong></span> <span class='ocrx_word' id='word_1_559' title='bbox 1227 4250 1444 4307; x_wconf 90' lang='lat' dir='ltr'><strong>divinis</strong></span> <span class='ocrx_word' id='word_1_560' title='bbox 1482 4251 1700 4309; x_wconf 88' lang='lat' dir='ltr'><strong>referta</strong></span> <span class='ocrx_word' id='word_1_561' title='bbox 1727 4253 2033 4311; x_wconf 87' lang='lat' dir='ltr'><strong>doctrinis.</strong></span> <span class='ocrx_word' id='word_1_562' title='bbox 2064 4256 2186 4314; x_wconf 69' lang='lat' dir='ltr'><strong>Cm-</strong></span> 
     </span>
    </p>
   </div>
   <div class='ocr_carea' id='block_1_81' title="bbox 530 4340 2184 4412">
    <p class='ocr_par' dir='ltr' id='par_1_81' title="bbox 530 4340 2184 4412">
     <span class='ocr_line' id='line_1_81' title="bbox 530 4340 2184 4412; baseline 0.004 -15"><span class='ocrx_word' id='word_1_563' title='bbox 530 4343 725 4397; x_wconf 87' lang='lat' dir='ltr'><strong>terum</strong></span> <span class='ocrx_word' id='word_1_564' title='bbox 772 4356 846 4397; x_wconf 88' lang='lat' dir='ltr'><strong>ea</strong></span> <span class='ocrx_word' id='word_1_565' title='bbox 898 4345 1270 4412; x_wconf 89' lang='lat' dir='ltr'><strong>tempestate.</strong></span> <span class='ocrx_word' id='word_1_566' title='bbox 1318 4355 1457 4396; x_wconf 88' lang='lat' dir='ltr'><strong>cum</strong></span> <span class='ocrx_word' id='word_1_567' title='bbox 1519 4340 1779 4398; x_wconf 67' lang='lat' dir='ltr'><strong>haeretici</strong></span> <span class='ocrx_word' id='word_1_568' title='bbox 1825 4343 2184 4403; x_wconf 80' lang='lat' dir='ltr'><strong>zizaniorum</strong></span> 
     </span>
    </p>
   </div>
   <div class='ocr_carea' id='block_1_82' title="bbox 530 4428 2185 4501">
    <p class='ocr_par' dir='ltr' id='par_1_82' title="bbox 530 4428 2185 4501">
     <span class='ocr_line' id='line_1_82' title="bbox 530 4428 2185 4501; baseline 0.004 -15"><span class='ocrx_word' id='word_1_569' title='bbox 530 4443 722 4498; x_wconf 89' lang='lat' dir='ltr'><strong>more,</strong></span> <span class='ocrx_word' id='word_1_570' title='bbox 758 4428 820 4485; x_wconf 91' lang='lat' dir='ltr'><strong>in</strong></span> <span class='ocrx_word' id='word_1_571' title='bbox 855 4428 1086 4486; x_wconf 90' lang='lat' dir='ltr'><strong>sincera</strong></span> <span class='ocrx_word' id='word_1_572' title='bbox 1112 4432 1170 4485; x_wconf 89' lang='lat' dir='ltr'><strong>et</strong></span> <span class='ocrx_word' id='word_1_573' title='bbox 1206 4442 1360 4501; x_wconf 88' lang='lat' dir='ltr'><strong>pura</strong></span> <span class='ocrx_word' id='word_1_574' title='bbox 1388 4434 1653 4488; x_wconf 89' lang='lat' dir='ltr'><strong>semente</strong></span> <span class='ocrx_word' id='word_1_575' title='bbox 1684 4430 1974 4499; x_wconf 66' lang='lat' dir='ltr'><strong>Ecclesia,</strong></span> <span class='ocrx_word' id='word_1_576' title='bbox 2014 4433 2185 4493; x_wconf 87' lang='lat' dir='ltr'><strong>valde</strong></span> 
     </span>
    </p>
   </div>
   <div class='ocr_carea' id='block_1_83' title="bbox 524 4516 2187 4597">
    <p class='ocr_par' dir='ltr' id='par_1_83' title="bbox 524 4516 2187 4597">
     <span class='ocr_line' id='line_1_83' title="bbox 524 4516 2187 4597; baseline 0.004 -23"><span class='ocrx_word' id='word_1_577' title='bbox 524 4524 986 4577; x_wconf 86' lang='lat' dir='ltr'><strong>succrescerent.</strong></span> <span class='ocrx_word' id='word_1_578' title='bbox 1044 4516 1432 4574; x_wconf 86' lang='lat' dir='ltr'><strong>ecclesiarum</strong></span> <span class='ocrx_word' id='word_1_579' title='bbox 1485 4532 1591 4590; x_wconf 90' lang='lat' dir='ltr'><strong>per</strong></span> <span class='ocrx_word' id='word_1_580' title='bbox 1645 4518 1857 4576; x_wconf 86' lang='lat' dir='ltr'><strong>orbem</strong></span> <span class='ocrx_word' id='word_1_581' title='bbox 1921 4523 2187 4597; x_wconf 91' lang='lat' dir='ltr'><strong>episcopi</strong></span> 
     </span>
    </p>
   </div>
   <div class='ocr_carea' id='block_1_84' title="bbox 526 4605 2186 4682">
    <p class='ocr_par' dir='ltr' id='par_1_84' title="bbox 526 4605 2186 4682">
     <span class='ocr_line' id='line_1_84' title="bbox 526 4605 2186 4682; baseline 0.002 -16"><span class='ocrx_word' id='word_1_582' title='bbox 526 4606 662 4669; x_wconf 78' lang='lat' dir='ltr'><strong>illos</strong></span> <span class='ocrx_word' id='word_1_583' title='bbox 722 4606 965 4680; x_wconf 90' lang='lat' dir='ltr'><strong>perinde</strong></span> <span class='ocrx_word' id='word_1_584' title='bbox 1008 4611 1187 4680; x_wconf 89' lang='lat' dir='ltr'><strong>atque</strong></span> <span class='ocrx_word' id='word_1_585' title='bbox 1225 4605 1540 4678; x_wconf 87' lang='lat' dir='ltr'><strong>sylvestres</strong></span> <span class='ocrx_word' id='word_1_586' title='bbox 1589 4606 1746 4665; x_wconf 89' lang='lat' dir='ltr'><strong>feras</strong></span> <span class='ocrx_word' id='word_1_587' title='bbox 1796 4610 2186 4682; x_wconf 82' lang='lat' dir='ltr'><strong>propellenda</strong></span> 
     </span>
    </p>
   </div>
   <div class='ocr_carea' id='block_1_85' title="bbox 525 4694 2183 4770">
    <p class='ocr_par' dir='ltr' id='par_1_85' title="bbox 525 4694 2183 4770">
     <span class='ocr_line' id='line_1_85' title="bbox 525 4694 2183 4770; baseline 0.002 -14"><span class='ocrx_word' id='word_1_588' title='bbox 525 4696 836 4763; x_wconf 82' lang='lat' dir='ltr'><strong>arcebant,</strong></span> <span class='ocrx_word' id='word_1_589' title='bbox 881 4696 1211 4768; x_wconf 88' lang='lat' dir='ltr'><strong>aliquando</strong></span> <span class='ocrx_word' id='word_1_590' title='bbox 1261 4694 1515 4768; x_wconf 87' lang='lat' dir='ltr'><strong>quidem</strong></span> <span class='ocrx_word' id='word_1_591' title='bbox 1558 4698 1797 4770; x_wconf 90' lang='lat' dir='ltr'><strong>scriptis</strong></span> <span class='ocrx_word' id='word_1_592' title='bbox 1838 4699 1917 4755; x_wconf 91' lang='lat' dir='ltr'><strong>ad</strong></span> <span class='ocrx_word' id='word_1_593' title='bbox 1969 4700 2183 4759; x_wconf 87' lang='lat' dir='ltr'><strong>fratres</strong></span> 
     </span>
    </p>
   </div>
   <div class='ocr_carea' id='block_1_86' title="bbox 524 4784 2186 4860">
    <p class='ocr_par' dir='ltr' id='par_1_86' title="bbox 524 4784 2186 4860">
     <span class='ocr_line' id='line_1_86' title="bbox 524 4784 2186 4860; baseline 0.002 -16"><span class='ocrx_word' id='word_1_594' title='bbox 524 4785 1039 4844; x_wconf 82' lang='lat' dir='ltr'><strong>exhortationibus</strong></span> <span class='ocrx_word' id='word_1_595' title='bbox 1090 4789 1148 4842; x_wconf 92' lang='lat' dir='ltr'><strong>et</strong></span> <span class='ocrx_word' id='word_1_596' title='bbox 1181 4784 1515 4857; x_wconf 63' lang='lat' dir='ltr'><strong>praeceptis,</strong></span> <span class='ocrx_word' id='word_1_597' title='bbox 1564 4800 2005 4860; x_wconf 87' lang='lat' dir='ltr'><strong>nonnunquam</strong></span> <span class='ocrx_word' id='word_1_598' title='bbox 2042 4805 2186 4849; x_wconf 87' lang='lat' dir='ltr'><strong>vero</strong></span> 
     </span>
    </p>
   </div>
   <div class='ocr_carea' id='block_1_87' title="bbox 522 4873 2185 4938">
    <p class='ocr_par' dir='ltr' id='par_1_87' title="bbox 522 4873 2185 4938">
     <span class='ocr_line' id='line_1_87' title="bbox 522 4873 2185 4938; baseline 0.002 -4"><span class='ocrx_word' id='word_1_599' title='bbox 522 4876 705 4934; x_wconf 88' lang='lat' dir='ltr'><strong>etiam</strong></span> <span class='ocrx_word' id='word_1_600' title='bbox 733 4875 861 4933; x_wconf 88' lang='lat' dir='ltr'><strong>sola</strong></span> <span class='ocrx_word' id='word_1_601' title='bbox 889 4876 1209 4933; x_wconf 90' lang='lat' dir='ltr'><strong>verborum</strong></span> <span class='ocrx_word' id='word_1_602' title='bbox 1246 4873 1303 4931; x_wconf 90' lang='lat' dir='ltr'><strong>vi</strong></span> <span class='ocrx_word' id='word_1_603' title='bbox 1327 4874 1389 4930; x_wconf 92' lang='lat' dir='ltr'><strong>in</strong></span> <span class='ocrx_word' id='word_1_604' title='bbox 1419 4874 1632 4931; x_wconf 91' lang='lat' dir='ltr'><strong>faciem</strong></span> <span class='ocrx_word' id='word_1_605' title='bbox 1658 4874 1939 4934; x_wconf 89' lang='lat' dir='ltr'><strong>hostibus</strong></span> <span class='ocrx_word' id='word_1_606' title='bbox 1968 4878 2046 4935; x_wconf 85' lang='lat' dir='ltr'><strong>ad</strong></span> <span class='ocrx_word' id='word_1_607' title='bbox 2081 4894 2185 4938; x_wconf 91' lang='lat' dir='ltr'><strong>eos</strong></span> 
     </span>
    </p>
   </div>
   <div class='ocr_carea' id='block_1_88' title="bbox 521 4962 2180 5037">
    <p class='ocr_par' dir='ltr' id='par_1_88' title="bbox 521 4962 2180 5037">
     <span class='ocr_line' id='line_1_88' title="bbox 521 4962 2180 5037; baseline 0.001 -12"><span class='ocrx_word' id='word_1_608' title='bbox 521 4965 875 5025; x_wconf 73' lang='lat' dir='ltr'><strong>avertendos</strong></span> <span class='ocrx_word' id='word_1_609' title='bbox 920 4962 1269 5037; x_wconf 87' lang='lat' dir='ltr'><strong>congressi;</strong></span> <span class='ocrx_word' id='word_1_610' title='bbox 1324 4963 1697 5036; x_wconf 87' lang='lat' dir='ltr'><strong>quandoque</strong></span> <span class='ocrx_word' id='word_1_611' title='bbox 1763 4965 1926 5024; x_wconf 90' lang='lat' dir='ltr'><strong>libris</strong></span> <span class='ocrx_word' id='word_1_612' title='bbox 1984 4968 2180 5037; x_wconf 88' lang='lat' dir='ltr'><strong>editis,</strong></span> 
     </span>
    </p>
   </div>
   <div class='ocr_carea' id='block_1_89' title="bbox 522 5052 2185 5129">
    <p class='ocr_par' dir='ltr' id='par_1_89' title="bbox 522 5052 2185 5129">
     <span class='ocr_line' id='line_1_89' title="bbox 522 5052 2185 5129; baseline 0.003 -17"><span class='ocrx_word' id='word_1_613' title='bbox 522 5054 727 5112; x_wconf 82' lang='lat' dir='ltr'><strong>densis</strong></span> <span class='ocrx_word' id='word_1_614' title='bbox 748 5059 929 5129; x_wconf 89' lang='lat' dir='ltr'><strong>atque</strong></span> <span class='ocrx_word' id='word_1_615' title='bbox 950 5055 1123 5111; x_wconf 88' lang='lat' dir='ltr'><strong>certis</strong></span> <span class='ocrx_word' id='word_1_616' title='bbox 1134 5052 1647 5124; x_wconf 81' lang='lat' dir='ltr'><strong>confutationibus</strong></span> <span class='ocrx_word' id='word_1_617' title='bbox 1666 5054 1959 5127; x_wconf 87' lang='lat' dir='ltr'><strong>eoslonge</strong></span> <span class='ocrx_word' id='word_1_618' title='bbox 1973 5073 2185 5116; x_wconf 86' lang='lat' dir='ltr'><strong>aman-</strong></span> 
     </span>
    </p>
   </div>
   <div class='ocr_carea' id='block_1_90' title="bbox 520 5142 2183 5218">
    <p class='ocr_par' dir='ltr' id='par_1_90' title="bbox 520 5142 2183 5218">
     <span class='ocr_line' id='line_1_90' title="bbox 520 5142 2183 5218; baseline 0.002 -17"><span class='ocrx_word' id='word_1_619' title='bbox 520 5143 755 5202; x_wconf 90' lang='lat' dir='ltr'><strong>dantes.</strong></span> <span class='ocrx_word' id='word_1_620' title='bbox 800 5147 882 5201; x_wconf 88' lang='lat' dir='ltr'><strong>Ex</strong></span> <span class='ocrx_word' id='word_1_621' title='bbox 912 5143 1130 5217; x_wconf 89' lang='lat' dir='ltr'><strong>quibus</strong></span> <span class='ocrx_word' id='word_1_622' title='bbox 1168 5142 1349 5201; x_wconf 89' lang='lat' dir='ltr'><strong>etiam</strong></span> <span class='ocrx_word' id='word_1_623' title='bbox 1397 5158 1555 5199; x_wconf 89' lang='lat' dir='ltr'><strong>unus</strong></span> <span class='ocrx_word' id='word_1_624' title='bbox 1583 5148 1692 5209; x_wconf 87' lang='lat' dir='ltr'><strong>est,</strong></span> <span class='ocrx_word' id='word_1_625' title='bbox 1733 5143 1809 5201; x_wconf 89' lang='lat' dir='ltr'><strong>de</strong></span> <span class='ocrx_word' id='word_1_626' title='bbox 1838 5161 1962 5218; x_wconf 91' lang='lat' dir='ltr'><strong>quo</strong></span> <span class='ocrx_word' id='word_1_627' title='bbox 2018 5162 2183 5205; x_wconf 89' lang='lat' dir='ltr'><strong>nunc</strong></span> 
     </span>
    </p>
   </div>
   <div class='ocr_carea' id='block_1_91' title="bbox 520 5232 2183 5310">
    <p class='ocr_par' dir='ltr' id='par_1_91' title="bbox 520 5232 2183 5310">
     <span class='ocr_line' id='line_1_91' title="bbox 520 5232 2183 5310; baseline 0.002 -18"><span class='ocrx_word' id='word_1_628' title='bbox 520 5234 780 5306; x_wconf 85' lang='lat' dir='ltr'><strong>agimus,</strong></span> <span class='ocrx_word' id='word_1_629' title='bbox 796 5232 1181 5306; x_wconf 88' lang='lat' dir='ltr'><strong>Theophilus,</strong></span> <span class='ocrx_word' id='word_1_630' title='bbox 1199 5232 1362 5290; x_wconf 88' lang='lat' dir='ltr'><strong>fortis</strong></span> <span class='ocrx_word' id='word_1_631' title='bbox 1375 5247 1519 5290; x_wconf 91' lang='lat' dir='ltr'><strong>sane</strong></span> <span class='ocrx_word' id='word_1_632' title='bbox 1537 5244 1951 5307; x_wconf 88' lang='lat' dir='ltr'><strong>propugnator</strong></span> <span class='ocrx_word' id='word_1_633' title='bbox 1969 5251 1984 5291; x_wconf 94' lang='lat'><strong>:</strong></span> <span class='ocrx_word' id='word_1_634' title='bbox 1999 5251 2183 5310; x_wconf 91' lang='lat' dir='ltr'><strong>quem</strong></span> 
     </span>
    </p>
   </div>
   <div class='ocr_carea' id='block_1_92' title="bbox 518 5323 2182 5401">
    <p class='ocr_par' dir='ltr' id='par_1_92' title="bbox 518 5323 2182 5401">
     <span class='ocr_line' id='line_1_92' title="bbox 518 5323 2182 5401; baseline 0.001 -19"><span class='ocrx_word' id='word_1_635' title='bbox 518 5329 727 5382; x_wconf 84' lang='lat' dir='ltr'><strong>contra</strong></span> <span class='ocrx_word' id='word_1_636' title='bbox 742 5324 1096 5380; x_wconf 84' lang='lat' dir='ltr'><strong>Marcionem</strong></span> <span class='ocrx_word' id='word_1_637' title='bbox 1110 5327 1346 5381; x_wconf 87' lang='lat' dir='ltr'><strong>strenue</strong></span> <span class='ocrx_word' id='word_1_638' title='bbox 1365 5339 1491 5380; x_wconf 91' lang='lat' dir='ltr'><strong>rem</strong></span> <span class='ocrx_word' id='word_1_639' title='bbox 1505 5323 2182 5401; x_wconf 84' lang='lat' dir='ltr'><strong>gessisse,erroremque</strong></span> 
     </span>
    </p>
   </div>
   <div class='ocr_carea' id='block_1_93' title="bbox 517 5411 2180 5487">
    <p class='ocr_par' dir='ltr' id='par_1_93' title="bbox 517 5411 2180 5487">
     <span class='ocr_line' id='line_1_93' title="bbox 517 5411 2180 5487; baseline 0.001 -15"><span class='ocrx_word' id='word_1_640' title='bbox 517 5412 647 5485; x_wconf 88' lang='lat' dir='ltr'><strong>ejus</strong></span> <span class='ocrx_word' id='word_1_641' title='bbox 674 5418 731 5471; x_wconf 83' lang='lat' dir='ltr'><strong>et</strong></span> <span class='ocrx_word' id='word_1_642' title='bbox 767 5411 1043 5471; x_wconf 87' lang='lat' dir='ltr'><strong>fraudem</strong></span> <span class='ocrx_word' id='word_1_643' title='bbox 1074 5413 1135 5469; x_wconf 92' lang='lat' dir='ltr'><strong>in</strong></span> <span class='ocrx_word' id='word_1_644' title='bbox 1168 5412 1479 5486; x_wconf 89' lang='lat' dir='ltr'><strong>publicum</strong></span> <span class='ocrx_word' id='word_1_645' title='bbox 1505 5412 1883 5487; x_wconf 90' lang='lat' dir='ltr'><strong>produxisse,</strong></span> <span class='ocrx_word' id='word_1_646' title='bbox 1911 5430 1984 5472; x_wconf 88' lang='lat' dir='ltr'><strong>ex</strong></span> <span class='ocrx_word' id='word_1_647' title='bbox 2011 5415 2180 5474; x_wconf 87' lang='lat' dir='ltr'><strong>libris</strong></span> 
     </span>
    </p>
   </div>
   <div class='ocr_carea' id='block_1_94' title="bbox 512 5503 2180 5580">
    <p class='ocr_par' dir='ltr' id='par_1_94' title="bbox 512 5503 2180 5580">
     <span class='ocr_line' id='line_1_94' title="bbox 512 5503 2180 5580; baseline 0.003 -17"><span class='ocrx_word' id='word_1_648' title='bbox 512 5504 648 5580; x_wconf 86' lang='lat' dir='ltr'><strong>ejus</strong></span> <span class='ocrx_word' id='word_1_649' title='bbox 671 5504 773 5580; x_wconf 90' lang='lat' dir='ltr'><strong>qui</strong></span> <span class='ocrx_word' id='word_1_650' title='bbox 805 5504 1006 5563; x_wconf 89' lang='lat' dir='ltr'><strong>adhuc</strong></span> <span class='ocrx_word' id='word_1_651' title='bbox 1034 5503 1556 5573; x_wconf 76' lang='lat' dir='ltr'><strong>circumferuntur,</strong></span> <span class='ocrx_word' id='word_1_652' title='bbox 1590 5504 1732 5563; x_wconf 89' lang='lat' dir='ltr'><strong>satis</strong></span> <span class='ocrx_word' id='word_1_653' title='bbox 1762 5511 2038 5580; x_wconf 89' lang='lat' dir='ltr'><strong>apparet.</strong></span> <span class='ocrx_word' id='word_1_654' title='bbox 2063 5507 2180 5569; x_wconf 89' lang='lat' dir='ltr'><strong>Sed</strong></span> 
     </span>
    </p>
   </div>
   <div class='ocr_carea' id='block_1_95' title="bbox 517 5593 2181 5675">
    <p class='ocr_par' dir='ltr' id='par_1_95' title="bbox 517 5593 2181 5675">
     <span class='ocr_line' id='line_1_95' title="bbox 517 5593 2181 5675; baseline 0.002 -19"><span class='ocrx_word' id='word_1_655' title='bbox 517 5606 648 5656; x_wconf 84' lang='lat' dir='ltr'><strong>non</strong></span> <span class='ocrx_word' id='word_1_656' title='bbox 672 5594 727 5655; x_wconf 87' lang='lat' dir='ltr'><strong>is</strong></span> <span class='ocrx_word' id='word_1_657' title='bbox 760 5593 948 5657; x_wconf 88' lang='lat' dir='ltr'><strong>modo</strong></span> <span class='ocrx_word' id='word_1_658' title='bbox 999 5599 1213 5655; x_wconf 87' lang='lat' dir='ltr'><strong>contra</strong></span> <span class='ocrx_word' id='word_1_659' title='bbox 1236 5593 1550 5656; x_wconf 83' lang='lat' dir='ltr'><strong>Ponticum</strong></span> <span class='ocrx_word' id='word_1_660' title='bbox 1587 5594 1950 5658; x_wconf 73' lang='lat' dir='ltr'><strong>Marcionsm</strong></span> <span class='ocrx_word' id='word_1_661' title='bbox 1983 5595 2181 5675; x_wconf 82' lang='lat' dir='ltr'><strong>depu-</strong></span> 
     </span>
    </p>
   </div>
   <div class='ocr_carea' id='block_1_96' title="bbox 2926 3617 3288 3674">
    <p class='ocr_par' dir='ltr' id='par_1_96' title="bbox 2926 3617 3288 3674">
     <span class='ocr_line' id='line_1_96' title="bbox 2926 3617 3288 3674; baseline 0.003 -1"><span class='ocrx_word' id='word_1_662' title='bbox 2926 3622 3169 3674; x_wconf 64' lang='grc' dir='ltr'><strong>ΚΕΦΔΛ.</strong></span> <span class='ocrx_word' id='word_1_663' title='bbox 3202 3617 3288 3674; x_wconf 80' lang='grc' dir='ltr'><strong>Θ’.</strong></span> 
     </span>
    </p>
   </div>
   <div class='ocr_carea' id='block_1_97' title="bbox 2304 3721 3870 3802">
    <p class='ocr_par' dir='ltr' id='par_1_97' title="bbox 2304 3721 3870 3802">
     <span class='ocr_line' id='line_1_97' title="bbox 2304 3721 3870 3802; baseline -0.001 -24"><span class='ocrx_word' id='word_1_664' title='bbox 2304 3727 2456 3802; x_wconf 82' lang='grc' dir='ltr'><strong>Περὶ</strong></span> <span class='ocrx_word' id='word_1_665' title='bbox 2512 3723 2825 3802; x_wconf 84' lang='grc' dir='ltr'><strong>Θεοφίλου</strong></span> <span class='ocrx_word' id='word_1_666' title='bbox 2890 3725 3313 3798; x_wconf 84' lang='grc' dir='ltr'><strong>’Δντιοχείας,</strong></span> <span class='ocrx_word' id='word_1_667' title='bbox 3376 3729 3481 3802; x_wconf 74' lang='grc' dir='ltr'><strong>καὶ</strong></span> <span class='ocrx_word' id='word_1_668' title='bbox 3540 3721 3870 3790; x_wconf 66' lang='lat' dir='ltr'><strong>Modicus,</strong></span> 
     </span>
    </p>
   </div>
   <div class='ocr_carea' id='block_1_98' title="bbox 2622 3796 3567 3872">
    <p class='ocr_par' dir='ltr' id='par_1_98' title="bbox 2622 3796 3567 3872">
     <span class='ocr_line' id='line_1_98' title="bbox 2622 3796 3567 3872; baseline 0.003 -22"><span class='ocrx_word' id='word_1_669' title='bbox 2622 3796 2880 3861; x_wconf 73' lang='grc' dir='ltr'><strong>καὶτῆς</strong></span> <span class='ocrx_word' id='word_1_670' title='bbox 2920 3796 3301 3872; x_wconf 76' lang='grc' dir='ltr'><strong>συγγραφῆς</strong></span> <span class='ocrx_word' id='word_1_671' title='bbox 3339 3796 3567 3853; x_wconf 77' lang='grc' dir='ltr'><strong>αὐτῶν.</strong></span> 
     </span>
    </p>
   </div>
   <div class='ocr_carea' id='block_1_99' title="bbox 2372 3900 3867 3978">
    <p class='ocr_par' dir='ltr' id='par_1_99' title="bbox 2372 3900 3867 3978">
     <span class='ocr_line' id='line_1_99' title="bbox 2372 3900 3867 3978; baseline 0 -22"><span class='ocrx_word' id='word_1_672' title='bbox 2372 3902 2623 3976; x_wconf 84' lang='grc' dir='ltr'><strong>Θεοφίλου</strong></span> <span class='ocrx_word' id='word_1_673' title='bbox 2675 3900 2755 3971; x_wconf 66' lang='grc' dir='ltr'><strong>δὲ,</strong></span> <span class='ocrx_word' id='word_1_674' title='bbox 2822 3906 2879 3957; x_wconf 81' lang='grc' dir='ltr'><strong>ὅν</strong></span> <span class='ocrx_word' id='word_1_675' title='bbox 2923 3902 3251 3978; x_wconf 82' lang='grc' dir='ltr'><strong>’Δντιοχείας</strong></span> <span class='ocrx_word' id='word_1_676' title='bbox 3312 3902 3598 3959; x_wconf 76' lang='grc' dir='ltr'><strong>ἕπίσκοπον</strong></span> <span class='ocrx_word' id='word_1_677' title='bbox 3660 3907 3867 3977; x_wconf 69' lang='grc' dir='ltr'><strong>ἔγνωμεν,</strong></span> 
     </span>
    </p>
   </div>
   <div class='ocr_carea' id='block_1_100' title="bbox 2296 3990 3871 4070">
    <p class='ocr_par' dir='ltr' id='par_1_100' title="bbox 2296 3990 3871 4070">
     <span class='ocr_line' id='line_1_100' title="bbox 2296 3990 3871 4070; baseline -0.001 -22"><span class='ocrx_word' id='word_1_678' title='bbox 2296 3994 2425 4066; x_wconf 81' lang='grc' dir='ltr'><strong>πρὸς</strong></span> <span class='ocrx_word' id='word_1_679' title='bbox 2459 3992 2751 4047; x_wconf 76' lang='grc' dir='ltr'><strong>Αὐτόλυκον</strong></span> <span class='ocrx_word' id='word_1_680' title='bbox 2804 3997 2925 4070; x_wconf 89' lang='grc' dir='ltr'><strong>τρία</strong></span> <span class='ocrx_word' id='word_1_681' title='bbox 2963 3994 3234 4067; x_wconf 71' lang='grc' dir='ltr'><strong>ἐμφέρεται</strong></span> <span class='ocrx_word' id='word_1_682' title='bbox 3280 3990 3610 4067; x_wconf 82' lang='grc' dir='ltr'><strong>στοιχειώδη</strong></span> <span class='ocrx_word' id='word_1_683' title='bbox 3665 3996 3871 4070; x_wconf 76' lang='grc' dir='ltr'><strong>συγράμ-</strong></span> 
     </span>
    </p>
   </div>
   <div class='ocr_carea' id='block_1_101' title="bbox 2294 4081 3868 4158">
    <p class='ocr_par' dir='ltr' id='par_1_101' title="bbox 2294 4081 3868 4158">
     <span class='ocr_line' id='line_1_101' title="bbox 2294 4081 3868 4158; baseline 0.001 -23"><span class='ocrx_word' id='word_1_684' title='bbox 2294 4100 2457 4155; x_wconf 87' lang='grc' dir='ltr'><strong>ματα,</strong></span> <span class='ocrx_word' id='word_1_685' title='bbox 2515 4086 2606 4136; x_wconf 73' lang='grc' dir='ltr'><strong>καὶ</strong></span> <span class='ocrx_word' id='word_1_686' title='bbox 2666 4085 2797 4158; x_wconf 85' lang='grc' dir='ltr'><strong>πρὸς</strong></span> <span class='ocrx_word' id='word_1_687' title='bbox 2866 4087 2961 4142; x_wconf 86' lang='grc' dir='ltr'><strong>τήν</strong></span> <span class='ocrx_word' id='word_1_688' title='bbox 3014 4081 3351 4156; x_wconf 76' lang='grc' dir='ltr'><strong>Ἑρμογένους</strong></span> <span class='ocrx_word' id='word_1_689' title='bbox 3412 4084 3615 4157; x_wconf 82' lang='grc' dir='ltr'><strong>αἰρεσιν</strong></span> <span class='ocrx_word' id='word_1_690' title='bbox 3685 4082 3831 4157; x_wconf 70' lang='grc' dir='ltr'><strong>ἓτερον</strong></span> <span class='ocrx_word' id='word_1_691' title='bbox 3854 4098 3868 4115; x_wconf 80' lang='grc'><strong>⁸</strong></span> 
     </span>
    </p>
   </div>
   <div class='ocr_carea' id='block_1_102' title="bbox 2294 4169 3866 4247">
    <p class='ocr_par' dir='ltr' id='par_1_102' title="bbox 2294 4169 3866 4247">
     <span class='ocr_line' id='line_1_102' title="bbox 2294 4169 3866 4247; baseline -0.001 -22"><span class='ocrx_word' id='word_1_692' title='bbox 2294 4173 2345 4225; x_wconf 72' lang='grc' dir='ltr'><strong>ἂν</strong></span> <span class='ocrx_word' id='word_1_693' title='bbox 2478 4169 2569 4224; x_wconf 83' lang='grc' dir='ltr'><strong>κάὶ</strong></span> <span class='ocrx_word' id='word_1_694' title='bbox 2598 4170 2804 4235; x_wconf 84' lang='grc' dir='ltr'><strong>πολλοῖς</strong></span> <span class='ocrx_word' id='word_1_695' title='bbox 2855 4190 2970 4226; x_wconf 87' lang='grc' dir='ltr'><strong>τισι</strong></span> <span class='ocrx_word' id='word_1_696' title='bbox 3027 4179 3232 4247; x_wconf 78' lang='grc' dir='ltr'><strong>χρῆται</strong></span> <span class='ocrx_word' id='word_1_697' title='bbox 3280 4172 3459 4247; x_wconf 83' lang='grc' dir='ltr'><strong>ῥητοῖς</strong></span> <span class='ocrx_word' id='word_1_698' title='bbox 3508 4180 3604 4235; x_wconf 78' lang='grc' dir='ltr'><strong>τῆς</strong></span> <span class='ocrx_word' id='word_1_699' title='bbox 3664 4171 3866 4227; x_wconf 79' lang='grc' dir='ltr'><strong>Ἰωάννου</strong></span> 
     </span>
    </p>
   </div>
   <div class='ocr_carea' id='block_1_103' title="bbox 2294 4257 3863 4337">
    <p class='ocr_par' dir='ltr' id='par_1_103' title="bbox 2294 4257 3863 4337">
     <span class='ocr_line' id='line_1_103' title="bbox 2294 4257 3863 4337; baseline -0.002 -22"><span class='ocrx_word' id='word_1_700' title='bbox 2294 4258 2697 4332; x_wconf 69' lang='grc' dir='ltr'><strong>Ἀποκαλύψεως</strong></span> <span class='ocrx_word' id='word_1_701' title='bbox 2720 4280 2737 4295; x_wconf 87' lang='grc'><strong>·</strong></span> <span class='ocrx_word' id='word_1_702' title='bbox 2793 4265 2884 4314; x_wconf 78' lang='grc' dir='ltr'><strong>καὶ</strong></span> <span class='ocrx_word' id='word_1_703' title='bbox 2926 4262 3074 4337; x_wconf 78' lang='grc' dir='ltr'><strong>ἕτερα</strong></span> <span class='ocrx_word' id='word_1_704' title='bbox 3112 4257 3172 4315; x_wconf 73' lang='grc' dir='ltr'><strong>δι</strong></span> <span class='ocrx_word' id='word_1_705' title='bbox 3221 4260 3384 4315; x_wconf 80' lang='grc' dir='ltr'><strong>αὐτοῦ</strong></span> <span class='ocrx_word' id='word_1_706' title='bbox 3433 4259 3620 4335; x_wconf 76' lang='grc' dir='ltr'><strong>βιϐλία</strong></span> <span class='ocrx_word' id='word_1_707' title='bbox 3653 4264 3863 4335; x_wconf 74' lang='grc' dir='ltr'><strong>ἔγνωμεν,</strong></span> 
     </span>
    </p>
   </div>
   <div class='ocr_carea' id='block_1_104' title="bbox 2294 4347 3863 4424">
    <p class='ocr_par' dir='ltr' id='par_1_104' title="bbox 2294 4347 3863 4424">
     <span class='ocr_line' id='line_1_104' title="bbox 2294 4347 3863 4424; baseline -0.001 -21"><span class='ocrx_word' id='word_1_708' title='bbox 2294 4350 2442 4403; x_wconf 89' lang='grc' dir='ltr'><strong>θείων</strong></span> <span class='ocrx_word' id='word_1_709' title='bbox 2507 4353 2677 4422; x_wconf 78' lang='grc' dir='ltr'><strong>μεστὰ</strong></span> <span class='ocrx_word' id='word_1_710' title='bbox 2729 4355 3097 4423; x_wconf 78' lang='grc' dir='ltr'><strong>κατηχήσεων.</strong></span> <span class='ocrx_word' id='word_1_711' title='bbox 3154 4356 3267 4404; x_wconf 84' lang='grc' dir='ltr'><strong>Τῶν</strong></span> <span class='ocrx_word' id='word_1_712' title='bbox 3324 4347 3377 4404; x_wconf 90' lang='grc' dir='ltr'><strong>δ’</strong></span> <span class='ocrx_word' id='word_1_713' title='bbox 3424 4352 3694 4424; x_wconf 82' lang='grc' dir='ltr'><strong>αἱρετικῶν</strong></span> <span class='ocrx_word' id='word_1_714' title='bbox 3748 4368 3863 4408; x_wconf 78' lang='grc' dir='ltr'><strong>τηνι-</strong></span> 
     </span>
    </p>
   </div>
   <div class='ocr_carea' id='block_1_105' title="bbox 2292 4436 3864 4513">
    <p class='ocr_par' dir='ltr' id='par_1_105' title="bbox 2292 4436 3864 4513">
     <span class='ocr_line' id='line_1_105' title="bbox 2292 4436 3864 4513; baseline -0.001 -20"><span class='ocrx_word' id='word_1_715' title='bbox 2292 4444 2465 4493; x_wconf 82' lang='grc' dir='ltr'><strong>καῦτα</strong></span> <span class='ocrx_word' id='word_1_716' title='bbox 2508 4439 2757 4503; x_wconf 75' lang='grc' dir='ltr'><strong>ζιζανίων</strong></span> <span class='ocrx_word' id='word_1_717' title='bbox 2806 4436 2962 4499; x_wconf 89' lang='grc' dir='ltr'><strong>δίκην</strong></span> <span class='ocrx_word' id='word_1_718' title='bbox 3010 4447 3085 4511; x_wconf 85' lang='grc' dir='ltr'><strong>τῷ</strong></span> <span class='ocrx_word' id='word_1_719' title='bbox 3140 4438 3404 4513; x_wconf 75' lang='grc' dir='ltr'><strong>εἰλικρινεῖ</strong></span> <span class='ocrx_word' id='word_1_720' title='bbox 3442 4448 3540 4503; x_wconf 69' lang='grc' dir='ltr'><strong>τῆς</strong></span> <span class='ocrx_word' id='word_1_721' title='bbox 3592 4438 3864 4498; x_wconf 68' lang='grc' dir='ltr'><strong>Ἐκκλησία</strong></span> 
     </span>
    </p>
   </div>
   <div class='ocr_carea' id='block_1_106' title="bbox 2295 4526 3863 4602">
    <p class='ocr_par' dir='ltr' id='par_1_106' title="bbox 2295 4526 3863 4602">
     <span class='ocr_line' id='line_1_106' title="bbox 2295 4526 3863 4602; baseline 0.002 -21"><span class='ocrx_word' id='word_1_722' title='bbox 2295 4531 2475 4602; x_wconf 80' lang='grc' dir='ltr'><strong>σπόρῳ</strong></span> <span class='ocrx_word' id='word_1_723' title='bbox 2527 4535 2736 4601; x_wconf 85' lang='grc' dir='ltr'><strong>συχνῶς</strong></span> <span class='ocrx_word' id='word_1_724' title='bbox 2790 4526 3158 4602; x_wconf 72' lang='grc' dir='ltr'><strong>ἄπιφυομένων,</strong></span> <span class='ocrx_word' id='word_1_725' title='bbox 3193 4530 3244 4581; x_wconf 85' lang='grc' dir='ltr'><strong>οἱ</strong></span> <span class='ocrx_word' id='word_1_726' title='bbox 3295 4527 3394 4582; x_wconf 88' lang='grc' dir='ltr'><strong>ἀνά</strong></span> <span class='ocrx_word' id='word_1_727' title='bbox 3441 4533 3537 4588; x_wconf 75' lang='grc' dir='ltr'><strong>τήν</strong></span> <span class='ocrx_word' id='word_1_728' title='bbox 3594 4529 3863 4602; x_wconf 68' lang='grc' dir='ltr'><strong>οἰκουμένην</strong></span> 
     </span>
    </p>
   </div>
   <div class='ocr_carea' id='block_1_107' title="bbox 2293 4616 3861 4693">
    <p class='ocr_par' dir='ltr' id='par_1_107' title="bbox 2293 4616 3861 4693">
     <span class='ocr_line' id='line_1_107' title="bbox 2293 4616 3861 4693; baseline -0.001 -24"><span class='ocrx_word' id='word_1_729' title='bbox 2293 4624 2393 4669; x_wconf 84' lang='grc' dir='ltr'><strong>τῶν</strong></span> <span class='ocrx_word' id='word_1_730' title='bbox 2458 4616 2747 4676; x_wconf 69' lang='grc' dir='ltr'><strong>ἐκκλησιῶν</strong></span> <span class='ocrx_word' id='word_1_731' title='bbox 2802 4619 3051 4691; x_wconf 76' lang='grc' dir='ltr'><strong>ἡγεμόνες</strong></span> <span class='ocrx_word' id='word_1_732' title='bbox 3105 4618 3192 4671; x_wconf 79' lang='grc' dir='ltr'><strong>οἷά</strong></span> <span class='ocrx_word' id='word_1_733' title='bbox 3241 4636 3389 4681; x_wconf 88' lang='grc' dir='ltr'><strong>τινας</strong></span> <span class='ocrx_word' id='word_1_734' title='bbox 3446 4616 3666 4693; x_wconf 77' lang='grc' dir='ltr'><strong>ἀγρίους</strong></span> <span class='ocrx_word' id='word_1_735' title='bbox 3728 4617 3861 4689; x_wconf 67' lang='grc' dir='ltr'><strong>θῆρας</strong></span> 
     </span>
    </p>
   </div>
   <div class='ocr_carea' id='block_1_108' title="bbox 2295 4701 3860 4781">
    <p class='ocr_par' dir='ltr' id='par_1_108' title="bbox 2295 4701 3860 4781">
     <span class='ocr_line' id='line_1_108' title="bbox 2295 4701 3860 4781; baseline -0.002 -21"><span class='ocrx_word' id='word_1_736' title='bbox 2295 4701 2661 4768; x_wconf 75' lang='grc' dir='ltr'><strong>διασοθοῦντες</strong></span> <span class='ocrx_word' id='word_1_737' title='bbox 2720 4705 2972 4781; x_wconf 85' lang='grc' dir='ltr'><strong>ἀνεῖργον,</strong></span> <span class='ocrx_word' id='word_1_738' title='bbox 3038 4710 3161 4761; x_wconf 71' lang='grc' dir='ltr'><strong>ποτε</strong></span> <span class='ocrx_word' id='word_1_739' title='bbox 3216 4709 3308 4780; x_wconf 73' lang='grc' dir='ltr'><strong>μὶν</strong></span> <span class='ocrx_word' id='word_1_740' title='bbox 3370 4710 3503 4781; x_wconf 87' lang='grc' dir='ltr'><strong>πρὸς</strong></span> <span class='ocrx_word' id='word_1_741' title='bbox 3568 4711 3684 4770; x_wconf 81' lang='grc' dir='ltr'><strong>τοὺς</strong></span> <span class='ocrx_word' id='word_1_742' title='bbox 3739 4702 3860 4759; x_wconf 79' lang='grc' dir='ltr'><strong>ἀδελ-</strong></span> 
     </span>
    </p>
   </div>
   <div class='ocr_carea' id='block_1_109' title="bbox 2292 4789 3857 4870">
    <p class='ocr_par' dir='ltr' id='par_1_109' title="bbox 2292 4789 3857 4870">
     <span class='ocr_line' id='line_1_109' title="bbox 2292 4789 3857 4870; baseline -0.001 -23"><span class='ocrx_word' id='word_1_743' title='bbox 2292 4798 2421 4867; x_wconf 75' lang='grc' dir='ltr'><strong>φοὺς</strong></span> <span class='ocrx_word' id='word_1_744' title='bbox 2461 4794 2735 4870; x_wconf 75' lang='grc' dir='ltr'><strong>ὶγγράφοις</strong></span> <span class='ocrx_word' id='word_1_745' title='bbox 2785 4798 3082 4860; x_wconf 89' lang='grc' dir='ltr'><strong>νουθεσίαις</strong></span> <span class='ocrx_word' id='word_1_746' title='bbox 3125 4801 3217 4850; x_wconf 80' lang='grc' dir='ltr'><strong>καὶ</strong></span> <span class='ocrx_word' id='word_1_747' title='bbox 3254 4797 3621 4870; x_wconf 75' lang='grc' dir='ltr'><strong>εἰσηγήσεσιν,</strong></span> <span class='ocrx_word' id='word_1_748' title='bbox 3672 4800 3771 4850; x_wconf 73' lang='grc' dir='ltr'><strong>ἔστι</strong></span> <span class='ocrx_word' id='word_1_749' title='bbox 3819 4789 3857 4846; x_wconf 80' lang='grc' dir='ltr'><strong>δ’</strong></span> 
     </span>
    </p>
   </div>
   <div class='ocr_carea' id='block_1_110' title="bbox 2292 4881 3853 4961">
    <p class='ocr_par' dir='ltr' id='par_1_110' title="bbox 2292 4881 3853 4961">
     <span class='ocr_line' id='line_1_110' title="bbox 2292 4881 3853 4961; baseline -0.001 -24"><span class='ocrx_word' id='word_1_750' title='bbox 2292 4885 2377 4937; x_wconf 78' lang='grc' dir='ltr'><strong>ὅτε</strong></span> <span class='ocrx_word' id='word_1_751' title='bbox 2430 4889 2525 4938; x_wconf 80' lang='grc' dir='ltr'><strong>καὶ</strong></span> <span class='ocrx_word' id='word_1_752' title='bbox 2594 4892 2710 4949; x_wconf 87' lang='grc' dir='ltr'><strong>ταῖς</strong></span> <span class='ocrx_word' id='word_1_753' title='bbox 2778 4885 3213 4961; x_wconf 76' lang='grc' dir='ltr'><strong>αὖτοπροσὼποις</strong></span> <span class='ocrx_word' id='word_1_754' title='bbox 3266 4894 3366 4939; x_wconf 86' lang='grc' dir='ltr'><strong>τῶν</strong></span> <span class='ocrx_word' id='word_1_755' title='bbox 3425 4885 3593 4959; x_wconf 76' lang='grc' dir='ltr'><strong>λόγων</strong></span> <span class='ocrx_word' id='word_1_756' title='bbox 3653 4881 3853 4960; x_wconf 78' lang='grc' dir='ltr'><strong>μάστιξι.</strong></span> 
     </span>
    </p>
   </div>
   <div class='ocr_carea' id='block_1_111' title="bbox 2290 4965 3857 5050">
    <p class='ocr_par' dir='ltr' id='par_1_111' title="bbox 2290 4965 3857 5050">
     <span class='ocr_line' id='line_1_111' title="bbox 2290 4965 3857 5050; baseline -0.001 -25"><span class='ocrx_word' id='word_1_757' title='bbox 2290 4981 2500 5046; x_wconf 88' lang='grc' dir='ltr'><strong>γυμνῶς</strong></span> <span class='ocrx_word' id='word_1_758' title='bbox 2555 4973 2692 5027; x_wconf 83' lang='grc' dir='ltr'><strong>οὕτω</strong></span> <span class='ocrx_word' id='word_1_759' title='bbox 2745 4977 2873 5047; x_wconf 82' lang='grc' dir='ltr'><strong>πρὸς</strong></span> <span class='ocrx_word' id='word_1_760' title='bbox 2926 4973 3218 5048; x_wconf 70' lang='grc' dir='ltr'><strong>ἀνατροπὴν</strong></span> <span class='ocrx_word' id='word_1_761' title='bbox 3281 4982 3574 5050; x_wconf 83' lang='grc' dir='ltr'><strong>χωροῦντες</strong></span> <span class='ocrx_word' id='word_1_762' title='bbox 3607 4991 3623 5008; x_wconf 77' lang='lat'><strong>&#39;</strong></span> <span class='ocrx_word' id='word_1_763' title='bbox 3680 4980 3771 5029; x_wconf 79' lang='grc' dir='ltr'><strong>ποῦ</strong></span> <span class='ocrx_word' id='word_1_764' title='bbox 3812 4965 3857 5024; x_wconf 66' lang='grc' dir='ltr'><strong>δι</strong></span> 
     </span>
    </p>
   </div>
   <div class='ocr_carea' id='block_1_112' title="bbox 2290 5061 3855 5137">
    <p class='ocr_par' dir='ltr' id='par_1_112' title="bbox 2290 5061 3855 5137">
     <span class='ocr_line' id='line_1_112' title="bbox 2290 5061 3855 5137; baseline 0.001 -22"><span class='ocrx_word' id='word_1_765' title='bbox 2290 5066 2382 5115; x_wconf 81' lang='grc' dir='ltr'><strong>καὶ</strong></span> <span class='ocrx_word' id='word_1_766' title='bbox 2432 5061 2712 5136; x_wconf 76' lang='grc' dir='ltr'><strong>ἕγγράφοις</strong></span> <span class='ocrx_word' id='word_1_767' title='bbox 2764 5063 3108 5137; x_wconf 79' lang='grc' dir='ltr'><strong>ὑπομνήμασι</strong></span> <span class='ocrx_word' id='word_1_768' title='bbox 3146 5071 3220 5135; x_wconf 79' lang='grc' dir='ltr'><strong>τῷ</strong></span> <span class='ocrx_word' id='word_1_769' title='bbox 3267 5072 3481 5137; x_wconf 88' lang='grc' dir='ltr'><strong>συνεχεῖ</strong></span> <span class='ocrx_word' id='word_1_770' title='bbox 3524 5070 3626 5118; x_wconf 85' lang='grc' dir='ltr'><strong>τῶν</strong></span> <span class='ocrx_word' id='word_1_771' title='bbox 3666 5062 3855 5133; x_wconf 69' lang='grc' dir='ltr'><strong>ὖλὲγχωυ</strong></span> 
     </span>
    </p>
   </div>
   <div class='ocr_carea' id='block_1_113' title="bbox 2289 5144 3848 5228">
    <p class='ocr_par' dir='ltr' id='par_1_113' title="bbox 2289 5144 3848 5228">
     <span class='ocr_line' id='line_1_113' title="bbox 2289 5144 3848 5228; baseline 0 -24"><span class='ocrx_word' id='word_1_772' title='bbox 2289 5155 2380 5205; x_wconf 80' lang='grc' dir='ltr'><strong>καὶ</strong></span> <span class='ocrx_word' id='word_1_773' title='bbox 2425 5151 2761 5228; x_wconf 74' lang='grc' dir='ltr'><strong>ήκριϐωμίνῳ</strong></span> <span class='ocrx_word' id='word_1_774' title='bbox 2811 5172 3018 5227; x_wconf 86' lang='grc' dir='ltr'><strong>μακραν</strong></span> <span class='ocrx_word' id='word_1_775' title='bbox 3074 5151 3458 5216; x_wconf 83' lang='grc' dir='ltr'><strong>ἀπελαύνοντες.</strong></span> <span class='ocrx_word' id='word_1_776' title='bbox 3518 5151 3648 5208; x_wconf 75' lang='grc' dir='ltr'><strong>Καθ’</strong></span> <span class='ocrx_word' id='word_1_777' title='bbox 3690 5152 3750 5203; x_wconf 79' lang='grc' dir='ltr'><strong>ὧν</strong></span> <span class='ocrx_word' id='word_1_778' title='bbox 3798 5144 3848 5204; x_wconf 65' lang='grc' dir='ltr'><strong>δή</strong></span> 
     </span>
    </p>
   </div>
   <div class='ocr_carea' id='block_1_114' title="bbox 2289 5236 3849 5318">
    <p class='ocr_par' dir='ltr' id='par_1_114' title="bbox 2289 5236 3849 5318">
     <span class='ocr_line' id='line_1_114' title="bbox 2289 5236 3849 5318; baseline 0.001 -24"><span class='ocrx_word' id='word_1_779' title='bbox 2289 5245 2379 5294; x_wconf 82' lang='grc' dir='ltr'><strong>καὶ</strong></span> <span class='ocrx_word' id='word_1_780' title='bbox 2432 5242 2459 5294; x_wconf 85' lang='grc' dir='ltr'><strong>ό</strong></span> <span class='ocrx_word' id='word_1_781' title='bbox 2518 5246 2608 5295; x_wconf 82' lang='grc' dir='ltr'><strong>νῦν</strong></span> <span class='ocrx_word' id='word_1_782' title='bbox 2663 5242 2789 5315; x_wconf 69' lang='grc' dir='ltr'><strong>ἡμῖν</strong></span> <span class='ocrx_word' id='word_1_783' title='bbox 2848 5240 2919 5304; x_wconf 84' lang='grc' dir='ltr'><strong>εἰς</strong></span> <span class='ocrx_word' id='word_1_784' title='bbox 2985 5244 3199 5318; x_wconf 87' lang='grc' dir='ltr'><strong>θεωρίαν</strong></span> <span class='ocrx_word' id='word_1_785' title='bbox 3249 5247 3585 5318; x_wconf 85' lang='grc' dir='ltr'><strong>προκείμενος</strong></span> <span class='ocrx_word' id='word_1_786' title='bbox 3644 5236 3849 5312; x_wconf 61' lang='grc' dir='ltr'><strong>Θεόφιλος</strong></span> 
     </span>
    </p>
   </div>
   <div class='ocr_carea' id='block_1_115' title="bbox 2289 5326 3846 5407">
    <p class='ocr_par' dir='ltr' id='par_1_115' title="bbox 2289 5326 3846 5407">
     <span class='ocr_line' id='line_1_115' title="bbox 2289 5326 3846 5407; baseline -0.003 -23"><span class='ocrx_word' id='word_1_787' title='bbox 2289 5326 2553 5406; x_wconf 82' lang='grc' dir='ltr'><strong>ἀνδρικῶς</strong></span> <span class='ocrx_word' id='word_1_788' title='bbox 2627 5336 3096 5407; x_wconf 83' lang='grc' dir='ltr'><strong>στρατευσάμενος,</strong></span> <span class='ocrx_word' id='word_1_789' title='bbox 3145 5330 3303 5396; x_wconf 85' lang='grc' dir='ltr'><strong>δῆλός</strong></span> <span class='ocrx_word' id='word_1_790' title='bbox 3370 5330 3484 5385; x_wconf 78' lang='grc' dir='ltr'><strong>ίστί</strong></span> <span class='ocrx_word' id='word_1_791' title='bbox 3538 5330 3692 5392; x_wconf 88' lang='grc' dir='ltr'><strong>πολυς</strong></span> <span class='ocrx_word' id='word_1_792' title='bbox 3750 5326 3846 5403; x_wconf 74' lang='grc' dir='ltr'><strong>ῥέων</strong></span> 
     </span>
    </p>
   </div>
   <div class='ocr_carea' id='block_1_116' title="bbox 2286 5413 3845 5497">
    <p class='ocr_par' dir='ltr' id='par_1_116' title="bbox 2286 5413 3845 5497">
     <span class='ocr_line' id='line_1_116' title="bbox 2286 5413 3845 5497; baseline -0.004 -24"><span class='ocrx_word' id='word_1_793' title='bbox 2286 5421 2423 5474; x_wconf 87' lang='grc' dir='ltr'><strong>κατά</strong></span> <span class='ocrx_word' id='word_1_794' title='bbox 2496 5426 2822 5497; x_wconf 84' lang='grc' dir='ltr'><strong>Μαρκίωνος,</strong></span> <span class='ocrx_word' id='word_1_795' title='bbox 2900 5421 2955 5488; x_wconf 75' lang='grc' dir='ltr'><strong><em>ἕξ</em></strong></span> <span class='ocrx_word' id='word_1_796' title='bbox 3009 5444 3077 5477; x_wconf 87' lang='grc' dir='ltr'><strong>ων</strong></span> <span class='ocrx_word' id='word_1_797' title='bbox 3150 5426 3343 5478; x_wconf 79' lang='grc' dir='ltr'><strong>είσέται</strong></span> <span class='ocrx_word' id='word_1_798' title='bbox 3406 5420 3741 5495; x_wconf 72' lang='grc' dir='ltr'><strong>ἐμφερομένων</strong></span> <span class='ocrx_word' id='word_1_799' title='bbox 3790 5413 3845 5467; x_wconf 60' lang='lat' dir='ltr'><strong>oio</strong></span> 
     </span>
    </p>
   </div>
   <div class='ocr_carea' id='block_1_117' title="bbox 2287 5501 3839 5588">
    <p class='ocr_par' dir='ltr' id='par_1_117' title="bbox 2287 5501 3839 5588">
     <span class='ocr_line' id='line_1_117' title="bbox 2287 5501 3839 5588; baseline -0.001 -22"><span class='ocrx_word' id='word_1_800' title='bbox 2287 5514 2437 5566; x_wconf 86' lang='grc' dir='ltr'><strong>κείων</strong></span> <span class='ocrx_word' id='word_1_801' title='bbox 2506 5509 2671 5585; x_wconf 87' lang='grc' dir='ltr'><strong>λόγων</strong></span> <span class='ocrx_word' id='word_1_802' title='bbox 2726 5517 2822 5574; x_wconf 77' lang='grc' dir='ltr'><strong>τήν</strong></span> <span class='ocrx_word' id='word_1_803' title='bbox 2877 5513 3072 5569; x_wconf 74' lang='grc' dir='ltr'><strong>ἑκείνου</strong></span> <span class='ocrx_word' id='word_1_804' title='bbox 3126 5511 3325 5573; x_wconf 86' lang='grc' dir='ltr'><strong>πλάνην</strong></span> <span class='ocrx_word' id='word_1_805' title='bbox 3395 5509 3619 5588; x_wconf 76' lang='grc' dir='ltr'><strong>στερρῶς</strong></span> <span class='ocrx_word' id='word_1_806' title='bbox 3682 5501 3839 5565; x_wconf 54' lang='lat' dir='ltr'><strong>imb-</strong></span> 
     </span>
    </p>
   </div>
   <div class='ocr_carea' id='block_1_118' title="bbox 2286 5598 3836 5683">
    <p class='ocr_par' dir='ltr' id='par_1_118' title="bbox 2286 5598 3836 5683">
     <span class='ocr_line' id='line_1_118' title="bbox 2286 5598 3836 5683; baseline -0.002 -22"><span class='ocrx_word' id='word_1_807' title='bbox 2286 5617 2453 5661; x_wconf 73' lang='grc' dir='ltr'><strong>τωεν.</strong></span> <span class='ocrx_word' id='word_1_808' title='bbox 2487 5601 2619 5679; x_wconf 75' lang='grc' dir='ltr'><strong>οὐχ</strong></span> <span class='ocrx_word' id='word_1_809' title='bbox 2648 5601 2803 5671; x_wconf 76' lang='grc' dir='ltr'><strong>οὗτος</strong></span> <span class='ocrx_word' id='word_1_810' title='bbox 2839 5598 2903 5661; x_wconf 73' lang='grc' dir='ltr'><strong>δι</strong></span> <span class='ocrx_word' id='word_1_811' title='bbox 2931 5606 3092 5683; x_wconf 71' lang='grc' dir='ltr'><strong>μόνος</strong></span> <span class='ocrx_word' id='word_1_812' title='bbox 3136 5602 3281 5661; x_wconf 71' lang='grc' dir='ltr'><strong>κατὰ</strong></span> <span class='ocrx_word' id='word_1_813' title='bbox 3307 5606 3404 5659; x_wconf 74' lang='grc' dir='ltr'><strong>τοῦ</strong></span> <span class='ocrx_word' id='word_1_814' title='bbox 3441 5604 3692 5659; x_wconf 74' lang='grc' dir='ltr'><strong>Ποντικοῦ</strong></span> <span class='ocrx_word' id='word_1_815' title='bbox 3730 5599 3836 5671; x_wconf 59' lang='grc' dir='ltr'><strong>ΙΨ</strong></span> 
     </span>
    </p>
   </div>
  </div>
