4040 6224
589 248 702 304 999

1881 237 2290 300 'NICEPHORI
2329 241 2645 300 CALLISTI

3773 249 3881 305 1000

594 373 756 430 blica
795 372 1080 429 violentia
1129 375 1190 429 et
1231 371 1562 444 direptione
1609 369 1930 443 despicias.
1983 369 2243 426 Posthaac

2353 365 2492 442 μηδὲ
2561 369 2701 421 κατὰ
2771 365 3054 443 βαρϐάρων
3110 370 3294 442 πρὲπει
3355 369 3592 443 πρότερον
3652 369 3884 444 πολεμίων,

595 461 1102 519 etiamillarefert:
1131 461 1554 532 «PhilosOphia
1580 466 1783 516 nostra
1800 465 1976 516 antea
1997 459 2244 532 quidem

593 551 746 607 inter
777 552 1064 608 Barbaros
1113 550 1322 622 viguit,
1351 555 1570 606 etcum
1613 551 1672 605 in
1717 549 1968 605 Romani
2009 547 2246 620 imperii

594 639 938 711 provinciis,
966 655 1036 694 ex
1061 638 1396 710 majoribus
1419 640 1537 694 tuis
1568 653 1688 694 uno
1713 641 1980 707 Augusto
2011 635 2244 692 Caesare

591 743 792 784 rerum
829 728 1112 801 potiente,
1167 727 1584 794 efﬂoresceret,
1619 727 1952 783 admodum
1989 727 2243 798 imperio

592 822 696 874 tuo
715 817 1142 874 commodavit.
1166 820 1246 872 Ex
1263 833 1333 872 eo
1351 832 1614 889 namque
1635 823 1900 887 tempore
1919 817 1976 870 in
1995 817 2246 871 immen-

591 923 728 962 sum
761 923 853 962 res
882 909 1147 963 Romana
1171 907 1384 962 crevit:
1417 907 1586 977 cujus
1618 912 1697 969 tu.
1729 921 2038 962 successor
2069 910 2244 976 opta-

594 1000 688 1051 tus
730 996 939 1061 factus,
973 995 1304 1051 diutissime
1337 995 1658 1066 imperium
1687 993 2160 1060 administrabis,
2195 992 2246 1048 si

595 1101 720 1141 una
750 1102 884 1140 cum
931 1085 1052 1141 ﬁlio
1093 1091 1214 1150 tuo,
1245 1084 1688 1156 philosophiam
1719 1084 1912 1148 istam,
1943 1100 2080 1156 quae
2107 1099 2246 1138 cum

593 1175 846 1248 imperio
879 1176 1054 1246 quasi
1084 1174 1259 1230 simul
1291 1174 1538 1238 nutrita,
1573 1181 1630 1229 et
1668 1190 1802 1229 cum
1835 1177 2104 1244 Augusto
2159 1173 2244 1226 in-

593 1269 896 1320 crementa
929 1281 1040 1319 sua
1067 1263 1240 1335 cepit,
1269 1263 1743 1318 conservaveris.
1771 1265 1846 1318 Ea
1877 1263 2101 1334 quippe
2127 1267 2184 1317 et
2209 1276 2244 1316 a

595 1355 929 1425 majoribus
953 1354 1088 1417 tuis,
1111 1369 1232 1424 prae
1259 1353 1484 1408 caeteris
1506 1351 1912 1422 religionibus,
1935 1357 2025 1406 est
2041 1351 2244 1407 habita

591 1445 654 1500 in
681 1444 889 1516 pretio.
923 1443 1360 1498 Professionem
1395 1457 1573 1514 porro
1605 1447 1874 1498 nostram
1901 1440 2244 1512 reipublicae

591 1534 756 1590 bono
781 1547 931 1596 esse,
965 1531 1108 1586 illud
1153 1533 1213 1587 in
1268 1531 1475 1603 primis
1503 1530 1748 1595 indicat,
1779 1529 1946 1602 quod
1975 1529 2244 1598 vigorem

594 1639 770 1678 suum
802 1621 1023 1678 habere
1053 1621 1558 1692 cmperitvigeute
1589 1621 1848 1676 maxime
1873 1619 2122 1690 imperio
2149 1636 2160 1667 :
2189 1622 2246 1673 et

2351 458 2522 530 πολλῷ
2579 457 2772 531 μᾶλλον
2825 454 3051 530 δεόμεθά
3118 477 3212 510 σου
3261 461 3333 530 μὴ
3387 454 3630 533 περιιδεῖν
3691 461 3806 533 ἡμᾶς
3851 467 3889 516 ἑν

2351 550 2572 620 τοιαύτη
2627 543 2871 620 δημώδει
2933 546 3208 620 λεηλασίᾳ.
3265 567 3293 600 ν
3356 549 3565 609 Τούτοις
3609 545 3656 601 δ’
3707 549 3890 624 ἐπιφέρει

2351 641 2444 690 καὶ
2471 643 2668 690 ταῦτα’
2705 658 2732 687 ιι
2771 636 2830 689 Ἦ
2877 639 2980 709 γὰρ
3031 638 3151 690 καθ’
3199 639 3338 710 ἡμᾶς
3379 637 3646 710 φιλοσοφία
3689 643 3892 714 πρότερον

2355 727 2446 798 μὶν
2479 726 2529 778 ἓν
2565 724 2853 799 βαρϐάροις
2881 729 3116 798 ἤκμασεν
3145 743 3161 760 ο
3195 724 3541 784 ἐπανθήσασα
3587 723 3642 780 δε
3679 735 3775 790 τοῖς
3809 738 3893 792 σοῖς

2351 817 2522 870 ἔθνεσι
2572 819 2709 869 κατὰ
2737 821 2832 875 τὴν
2879 819 3188 888 Αὐγούστου
3230 824 3320 869 τοῦ
3377 823 3472 869 σοῦ
3501 821 3740 892 προγόνου
3767 823 3894 890 μεγά-

2351 905 2446 964 λην
2485 905 2682 980 ἀρχὴν,
2723 905 2944 977 ἐγενήθη
2991 906 3225 980 μάλιστα
3265 913 3326 980 τῇ
3363 913 3430 979 σῇ
3485 903 3718 979 βασιλείᾳ
3757 909 3892 962 αἶσιον

2355 993 2549 1067 ἀγαθον
2579 1011 2593 1022 ’
2655 998 2825 1048 ἔκτοτε
2865 998 2968 1068 γὰρ
3017 995 3088 1058 εἰς
3135 999 3270 1068 μέγα
3310 1001 3399 1048 καὶ
3437 995 3664 1068 λαμπρὸν
3691 999 3744 1050 τὸ
3778 995 3894 1050 ’Ῥω-

2355 1089 2524 1158 μαίων
2581 1085 2784 1148 ηὐξήθη
2841 1087 3034 1159 κράτος
3075 1101 3089 1116 ⁶
3147 1085 3207 1138 οὗ
3271 1089 3338 1138 σὺ
3395 1081 3655 1158 διάδοχος
3701 1089 3894 1151 εὐκτσῑος

2351 1176 2568 1245 γίγονάς
2617 1193 2671 1228 τε
2716 1179 2806 1227 καὶ
2857 1177 2975 1248 ἔσῃ,
3015 1177 3148 1248 μετὰ
3177 1182 3269 1228 τοῦ
3321 1171 3508 1236 παιδὸς
3547 1175 3802 1248 φυλάσσων
3830 1184 3895 1236 τῆς

2353 1259 2622 1336 βασιλείας
2678 1269 2766 1346 τὴν
2822 1267 3101 1340 σύντροφον
3158 1269 3248 1317 καὶ
3305 1263 3685 1340 συναρξαμένην
3737 1265 3896 1336 Αὐγού-

2357 1370 2463 1424 στῳ
2495 1351 2817 1424 φιλοσοφίαν,
2857 1351 2953 1406 Ἦν
2999 1359 3088 1406 καὶ
3117 1373 3167 1406 οι
3213 1358 3461 1428 πρόγονοι
3510 1372 3604 1406 σου
3650 1356 3769 1426 πρὸς
3812 1361 3897 1416 ταῖς

2353 1441 2529 1503 ἄλλαις
2597 1443 2904 1518 θρησκείαις
2983 1443 3256 1516 ἐτίμησαν.
3317 1447 3420 1497 Καὶ
3481 1451 3634 1497 τοῦτο
3695 1447 3896 1516 μέγιστον

2349 1536 2629 1604 τεκμήριον
2699 1539 2794 1584 τοῦ
2849 1536 2980 1606 πρὸς
3052 1531 3252 1605 ἀγαθοῦ
3299 1535 3383 1586 τὸν
3443 1532 3562 1586 καθ’
3609 1534 3739 1605 ἡμᾶς
3787 1532 3898 1604 λογον

2355 1622 2693 1692 συνακμάσαι
2749 1627 2810 1692 τῇ
2869 1621 3034 1684 καλῶς
3091 1621 3350 1696 ἀρξαμένῃ
3412 1621 3678 1695 βασιλείᾳ,
3728 1619 3775 1674 ἐκ
3833 1629 3897 1674 τοῦ

591 1711 758 1784 quod
789 1712 850 1766 in
875 1711 1124 1780 Augusti
1150 1726 1347 1766 rerum
1377 1709 1954 1766 administrationem
1977 1707 2124 1764 nihil
2141 1705 2243 1763 ad-

2351 1705 2518 1780 μηδὲν
2547 1709 2738 1781 φαῦλον
2779 1709 2880 1762 ἀπὸ
2917 1718 3012 1774 τῆς
3057 1711 3364 1783 Αὐγούστου
3400 1710 3581 1784 ἀρχῆς
3623 1714 3895 1774 ἀπαντῆσαι,

591 1801 746 1856 versi
801 1801 1092 1864 inciderit,
1123 1797 1230 1854 sed
1285 1799 1556 1854 ediverso
1607 1813 1898 1870 prospera
1951 1798 2158 1853 omnia
2187 1803 2244 1853 et

591 1888 880 1961 praeclara
904 1905 976 1944 ex
1005 1889 1246 1944 arbitrio
1271 1893 1328 1942 et
1357 1893 1493 1944 voto
1523 1887 1798 1942 omnium
1829 1886 2237 1942 successerint.

593 1979 711 2036 Soli
737 1979 1101 2049 repertisunt
1123 1978 1345 2032 Neroet
1377 1975 1768 2041 Domitianus,
1793 1977 1894 2047 qui
1915 1977 1992 2032 ab
2023 1976 2238 2031 invidis

593 2073 648 2124 et
666 2067 820 2124 male
839 2067 1166 2122 conciliatis
1187 2066 1552 2138 quibusdam
1575 2066 1922 2122 hominibus
1943 2065 2237 2138 persuasi,

591 2155 1028 2229 professionem
1057 2162 1326 2211 nostram
1377 2155 1690 2210 calumnias
1743 2156 2078 2226 expositam
2105 2170 2240 2210 esse

591 2245 928 2302 voluerunt.
962 2249 1006 2298 A
1037 2245 1283 2317 quibus,
1333 2261 1498 2300 more
1535 2245 1933 2317 iniquissimo,
1975 2259 2082 2315 per
2109 2243 2241 2300 illos

589 2335 954 2406 impudentis
971 2335 1381 2406 sycophantias
1399 2332 1682 2406 proﬂuxit
1705 2333 2108 2389 mendacium.
2127 2332 2240 2388 Sed

591 2424 750 2481 enim
780 2425 860 2496 pii
901 2428 1180 2494 parentes
1212 2424 1290 2478 tui
1317 2422 1678 2495 imperitiam
1709 2421 1945 2478 illorum
1967 2437 2240 2478 correxe-

595 2519 754 2578 runt,
789 2512 991 2568 multis
1031 2528 1192 2584 saepe
1223 2513 1521 2584 rescriptis
1571 2527 1672 2567 eos
1703 2511 2109 2582 obiurgantes,
2136 2511 2242 2584 qui

594 2603 670 2660 de
717 2603 892 2659 nobis
925 2608 1136 2674 praeter
1185 2601 1346 2672 leges
1395 2607 1450 2657 et
1499 2601 1864 2672 aequitatem,
1905 2601 2242 2672 quidquam

595 2698 850 2748 statuere
890 2697 992 2748 aut
1021 2696 1244 2748 tentare
1276 2689 1522 2746 fuissent
1549 2690 1704 2746 ausi.
1735 2689 1890 2746 Inter
1914 2705 2068 2760 quos
2093 2705 2243 2744 avus

595 2786 734 2838 tuus
767 2781 1081 2842 Adrianus,
1113 2796 1250 2835 cum
1281 2779 1357 2836 ad
1387 2779 1536 2835 alios
1569 2779 1784 2850 plures,
1819 2783 1945 2834 tum
1977 2779 2054 2834 ad
2091 2779 2244 2834 Fun-

591 2874 822 2926 danum
873 2867 1292 2941 proconsulem
1345 2869 1494 2924 Asiae
1547 2867 1912 2939 praefectum,
1959 2883 2030 2924 ea
2067 2867 2144 2923 de
2180 2883 2242 2924 re

596 2960 846 3032 scripsit.
881 2959 1051 3014 Pater
1079 2973 1323 3030 quoque
1353 2962 1517 3023 tuus,
1549 2961 1746 3012 tecum
1769 2956 2000 3028 imperii
2026 2973 2120 3012 res
2141 2955 2246 3012 ad-

2351 1795 2482 1850 ἀλλὰ
2537 1799 2829 1852 τούναντίον
2897 1799 3102 1853 ἅπαντα
3151 1800 3369 1876 λαμπρὰ
3423 1806 3514 1853 καὶ
3581 1796 3757 1863 ἔνδοξα
3797 1801 3899 1851 κατὰ

2347 1889 2440 1948 τὰς
2511 1891 2715 1941 πάντων
2793 1889 2979 1961 εὐχάς.
3041 1895 3204 1944 Μόνοι
3273 1893 3477 1944 πάντων
3559 1889 3900 1952 ἀναπεισθέντες

2347 1977 2448 2028 ὑπὸ
2497 1995 2648 2030 τινων
2705 1975 2986 2051 βασκάνων
3045 1978 3344 2052 ἀνθρώπων,
3393 1983 3480 2032 τὸν
3539 1980 3654 2031 καθ’
3701 1981 3820 2051 ἡμᾶς
3861 1977 3897 2030 ἰν

2347 2061 2568 2139 διαϐολῇ
2617 2076 2958 2127 καταστῆσαι
3009 2067 3159 2140 λόγον
3207 2068 3468 2127 ἠθέλησαν
3521 2073 3692 2142 Νέρων
3733 2071 3810 2120 καὶ
3833 2073 3900 2120 Δο-

2345 2159 2624 2226 μετιανός·
2679 2155 2767 2228 ἀφ’
2825 2157 2893 2207 ὧν
2947 2161 3037 2210 καὶ
3115 2161 3174 2209 τὸ
3229 2165 3326 2220 τῆς
3383 2161 3723 2230 συκοφαντίας
3767 2155 3900 2228 ἀλόγῳ

2349 2245 2602 2316 συνηθείᾳ
2665 2248 2812 2318 παρὰ
2869 2247 2990 2308 τοὺς
3073 2249 3340 2308 τοιούτους
3404 2247 3599 2322 ῥυῆναι
3659 2244 3901 2317 συμϐίϐηνε

2347 2330 2566 2404 ψεῦδος.
2617 2333 2772 2387 Ἀλλὰ
2817 2339 2912 2393 τὴν
2960 2334 3161 2388 ἐκείνων
3213 2338 3426 2408 ἄγνοιαν
3473 2338 3524 2388 οἱ
3585 2341 3666 2388 σοὶ
3719 2333 3902 2394 εὐσεϐεῖς

2349 2423 2566 2496 πατέρες
2641 2421 3106 2496 ἕπηνωρθώσαντο,
3169 2424 3412 2486 πολλάκις
3466 2424 3676 2487 πολλοῖς
3725 2423 3902 2480 ἐπιπλή-

2339 2509 2526 2573 ξαντες
2579 2513 2869 2585 ἐγγράφως,
2919 2513 3038 2566 ὅσοι
3077 2519 3194 2586 περὶ
3251 2516 3446 2567 τούτων
3491 2518 3781 2589 νεωτερίσαι
3803 2511 3904 2564 ἐτόλ-

2349 2619 2547 2673 μησαν.
2588 2599 2672 2652 Ἐν
2719 2601 2800 2664 οἷς
2855 2603 2880 2653 ὁ
2923 2606 3014 2674 μεν
3045 2605 3257 2666 πάππος
3297 2623 3392 2656 σου
3433 2599 3714 2678 Ἀδριανὸς
3737 2600 3904 2662 πολλοῖς

2341 2691 2440 2762 -μεν
2465 2693 2555 2742 καὶ
2585 2688 2775 2757 ἄλλοις,
2815 2695 2908 2744 καὶ
2939 2688 3217 2763 Φουνδάνῳ
3245 2688 3306 2745 δι
3349 2700 3422 2763 τῷ
3477 2691 3749 2764 ἀνθυπάτῳ
3783 2693 3906 2762 ἦγον-

2351 2783 2482 2851 μίνῳ
2515 2786 2605 2852 τῇς
2634 2777 2814 2840 Ἀσίας
2833 2781 3042 2853 γράφων
3073 2785 3307 2853 φαίνεται
3337 2795 3352 2812 ·
3377 2783 3404 2833 ὁ
3437 2777 3496 2834 δε
3529 2784 3702 2854 πατὴρ
3732 2799 3814 2833 σου
3837 2780 3908 2831 καὶ

2353 2875 2450 2920 σοῦ
2487 2869 2554 2920 τὰ
2581 2869 2750 2920 πάντα
2777 2865 3101 2932 διοικοῦντος
3143 2868 3191 2922 ἓν
3223 2877 3294 2940 τῷ
3330 2876 3444 2932 ταῖς
3473 2870 3679 2937 πόλεσι,
3717 2873 3908 2943 περὶτοῦ

2353 2953 2520 3029 μηδὲν
2561 2958 2898 3032 νεωτερίζειν,
2947 2962 3064 3034 περὶ
3121 2961 3267 3032 ἡμῶν
3315 2957 3543 3032 ἔγραψεν
3573 2979 3594 2994 ο
3637 2958 3684 3012 ἐν
3733 2958 3802 3020 οἷς
3841 2959 3906 3008 καί

585 3049 966 3116 _ministrans,
1013 3047 1073 3102 in
1115 3047 1310 3102 edicto
1353 3061 1424 3102 eo
1453 3045 1618 3118 quod
1666 3062 1702 3102 a
1741 3025 2031 3112 civitates,
2065 3047 2242 3117 296

2353 3025 2484 3121 πρὸς
2519 3025 2907 3120 Λαρισσαίους,
2951 3025 3042 3100 καὶ
3093 3025 3224 3122 πρὸς
3255 3025 3662 3111 Θεσσαλονικεῖς
3707 3049 3908 3118 καὶπρὸς

595 3137 953 3194 nominatim
975 3151 1114 3192 vero
1137 3135 1214 3190 ad
1231 3135 1568 3202 Larissaaos,
1591 3139 1648 3190 et
1666 3133 2243 3198 Thessalonicenses,

591 3233 652 3292 et
678 3228 910 3282 Graecos
939 3240 1171 3290 omnes,
1201 3239 1276 3278 ne
1307 3223 1456 3296 quid
1508 3239 1702 3279 rerum
1732 3239 2028 3280 novarum
2057 3224 2243 3296 fieret,

596 3317 780 3382 dedit,
813 3316 888 3372 de
946 3315 1122 3372 nobis
1171 3314 1426 3385 scripsit.
1459 3315 1534 3369 Te
1581 3329 1722 3370 vero
1753 3312 2012 3384 amplius
2039 3315 2244 3381 etiam,

595 3407 698 3479 qui
715 3405 790 3460 de
813 3403 1100 3474 religione
1117 3409 1322 3460 nostra
1335 3401 1612 3458 eamdem
1639 3418 1826 3475 quam
1850 3401 1951 3468 illi,
1972 3402 2094 3458 imo
2107 3419 2244 3460 vero

593 3491 954 3552 humanitati
1001 3499 1058 3550 et
1107 3491 1504 3565 philosophia;
1551 3491 2097 3548 accomodatiorem
2133 3493 2242 3548 ob-

594 3585 745 3641 tines
769 3585 1148 3650 sententiam,
1185 3581 1479 3638 facturum
1511 3596 1639 3636 esse
1667 3595 2028 3653 persuasum
2057 3581 2246 3640 habe.-

597 3691 752 3738 mus,
777 3689 914 3746 quae
933 3673 1208 3745 petimus,
1235 3671 1460 3728 omnia.
1483 3690 1512 3724 ν
1541 3672 1671 3726 Haec
1689 3669 1784 3726 ille
1803 3670 1862 3724 in
1885 3671 2152 3726 oratione
2165 3671 2244 3728 ad

581 3763 978 3829 Antoninum.
1012 3763 1074 3817 In
1105 3761 1190 3816 eis
1221 3766 1442 3824 autem,
1467 3776 1620 3832 quas
1649 3760 1902 3831 scripsit,
1937 3759 2166 3830 Eclogis
2188 3765 2244 3818 et

595 3853 1032 3924 Scripturarum
1055 3849 1452 3922 compendiis,
1476 3847 1676 3904 statim
1699 3864 1736 3905 a
1756 3848 2074 3921 principio,
2094 3851 2244 3906 One-

593 3943 836 4014 siphoro
869 3939 1106 3996 cuidam
1139 3955 1209 3994 eo
1248 3954 1424 4010 opere
1453 3938 1760 4009 inscripto,
1793 3937 2004 3994 veteris
2029 3939 2244 3994 instru-

593 4032 774 4088 menti
797 4035 964 4086 extra
994 4028 1456 4086 controversiam
1487 4028 1712 4098 positos
1741 4026 1924 4083 libros
1953 4031 2240 4084 recenset.

593 4121 740 4175 Eum
773 4125 972 4175 autem
1018 4119 1214 4174 virum
1271 4115 1554 4172 laudibus
1604 4115 1786 4181 vehit,
1825 4115 1990 4188 quod
2039 4121 2097 4172 et
2125 4117 2242 4174 ﬁde

595 4208 850 4280 probata
895 4207 1086 4276 fuerit,
1117 4213 1176 4262 et
1205 4205 1458 4262 multum
1488 4204 1668 4260 studii
1701 4206 1760 4260 in
1793 4206 2110 4276 Scripturis
2141 4207 2244 4264 ad-

593 4297 894 4352 discendis
914 4295 1196 4368 posuerit.
1219 4293 1626 4366 Hierosolyma
1651 4299 1852 4350 autem
1875 4309 1936 4348 se
1961 4311 2033 4350 ea
2054 4297 2245 4364 gratia

2353 3137 2549 3197 πάντας
2602 3134 2870 3199 Ἕλληνας.
2923 3141 2983 3190 Σε
3035 3133 3095 3190 δι
3159 3137 3354 3210 μᾶλλον
3429 3143 3550 3214 περὶ
3601 3139 3784 3192 τούτων
3837 3139 3907 3191 τήν

2355 3225 2520 3283 αὐτὴν
2567 3224 2776 3288 ἄκείνοις
2823 3228 3016 3298 ἔχοντα
3059 3232 3294 3298 γνώμην,
3347 3231 3440 3280 καὶ
3491 3225 3625 3280 πολῦ
3677 3245 3734 3298 γε
3773 3224 3910 3298 φιλαν-

2339 3316 2683 3389 θρωποτέραν
2729 3319 2820 3368 καὶ
2893 3315 3327 3391 φιλοσοφωτέραν,
3387 3317 3712 3390 πεπείσμεθα
3775 3316 3910 3367 πάντα

2351 3406 2611 3478 πράσσειν
2641 3406 2741 3458 ὅσα
2784 3412 2880 3458 σοῦ
2922 3401 3166 3478 δεόμεθα.
3213 3425 3244 3458 ››
3283 3412 3464 3458 Ταῦτα
3515 3409 3612 3479 μὲν
3642 3404 3690 3458 ἕν
3723 3412 3789 3476 τῷ
3811 3405 3910 3476 πρὸς

2353 3491 2658 3548 ’Δντωνῖνον
2685 3509 2704 3526 ο
2757 3491 2806 3546 ἐν
2869 3491 2929 3547 δὲ
2975 3501 3088 3554 ταῖς
3147 3499 3460 3568 γραφείσαις
3517 3495 3664 3567 αὐτῷ
3713 3493 3907 3564 ἐκλογαῖς

2336 3584 2508 3644 -εὒθὺς
2559 3581 2872 3657 ἀρχόμενος,
2939 3583 3228 3656 κατάλογον
3282 3591 3487 3659 πρῶτον
3553 3591 3773 3638 ποιεῖται
3833 3589 3908 3632 τῶν

2353 3671 2774 3744 ὁμολογουμένων
2825 3679 2886 3745 τῇ
2951 3672 3152 3744 παλαιᾷ
3198 3679 3376 3748 Γραφῇ
3451 3672 3671 3747 βίϐλων,
3741 3673 3908 3729 Ὀνησι-

2335 3765 2491 3836 .φὸρῳ
2533 3766 2638 3814 τινὶ
2695 3766 2789 3820 τὴν
2829 3760 3044 3833 εκλογὴν
3095 3771 3412 3836 προσφωνῶν
3441 3780 3454 3795 ·
3509 3761 3567 3815 ὃν
3612 3760 3686 3817 δι’
3739 3763 3909 3815 ἐπαίνου

2339 3858 2600 3920 -ποιείται,
2659 3851 2744 3902 οἶα
2789 3854 2916 3926 περὶ
2959 3855 3054 3909 τὴν
3107 3855 3286 3904 πίστιν
3326 3847 3571 3925 δόκιμον,
3603 3857 3694 3904 καὶ
3733 3853 3794 3904 τὰ
3835 3856 3908 3907 τῆς

2353 3945 2561 4013 Γραφῆς
2617 3935 2812 3992 εἰδέναι
2871 3936 3112 3998 σπουδήν
3169 3942 3453 4014 τιθέμενον.
3527 3941 3616 4003 Εἰς
3667 3938 3905 4016 Ἱεροσόλν-

2341 4048 2428 4101 -μα
2489 4025 2548 4082 δὲ
2601 4027 2884 4100 ἀφικέσθαι
2929 4027 3086 4099 λέγει,
3143 4034 3235 4082 καὶ
3310 4029 3664 4104 ἠκριϐωκέναι
3713 4025 3906 4100 σπουδῇ.

2353 4123 2454 4172 Καὶ
2511 4117 2664 4179 εὐθὺς
2717 4117 2970 4193 ἀριθμῶν,
3011 4118 3284 4190 καταλέγει
3323 4119 3486 4181 αὐτὰς
3541 4120 3707 4182 οὕτως
3733 4135 3748 4149 ⁸
3771 4136 3799 4169 ιι
3833 4117 3905 4168 Ὧν

2338 4207 2468 4268 ,ἔστι
2513 4209 2580 4260 τὰ
2617 4208 2865 4279 ὀνόματα,
2917 4211 3142 4270 Μωσέως
3193 4212 3384 4261 πέντε·
3437 4213 3666 4276 Γίνεσις,
3707 4203 3904 4271 Ἐξοδος,

2352 4298 2618 4372 Ἀριθμοὶ,
2669 4300 2963 4363 Λευίτικὸν,
3012 4303 3446 4373 Δευτερονὸμιον·
3501 4297 3709 4360 Ἰησοῦς
3749 4303 3906 4354 Ναυῆ·

593 4367 930 4458 profectum
980 4399 1108 4440 esse
1155 4383 1354 4449 aserit,
1402 4390 1464 4439 ut
1489 4388 1650 4440 certa
1695 4382 1778 4438 ibi
1833 4384 1908 4438 de
1953 4383 2120 4440 libris
2157 4386 2242 4442 eis

2353 4367 2560 4458 κριταὶ,
2617 4385 2786 4450 Ῥοὺθ,
2857 4386 3138 4440 Βασιλειῶν
3165 4367 3260 4454 ’δ’,
3286 4367 3297 4370 ν
3339 4386 3796 4462 Παραλειπομίνων
3857 4383 3906 4458 β’,

592 4476 968 4548 comperiret.
1012 4475 1217 4546 Itaque
1261 4488 1581 4529 numerum
1621 4477 1678 4528 et
1722 4475 2242 4531 nomenclaturam

592 4581 802 4622 eorum
851 4563 1194 4637 proferens:
1235 4585 1265 4612 κ
1298 4563 1592 4634 Quinque,
1639 4562 1847 4635 inquit,
1891 4568 2032 4618 sunt
2067 4565 2242 4620 Mosi

589 4657 748 4724 libri,
783 4655 1040 4719 Genesis,
1094 4651 1352 4718 Exodus,
1391 4652 1706 4718 Leviticus,
1735 4653 1995 4720 Numeri,
2039 4655 2245 4710 lieute-

589 4747 932 4804 ronomium
962 4760 982 4798 :
1027 4743 1197 4798 Jesus
1229 4745 1408 4807 Nave.
1447 4740 1745 4806 Iudicum,
1789 4741 1964 4806 Ruth,
2015 4745 2242 4813 Regum

591 4841 870 4908 quatuor,
901 4832 1398 4903 Paralipomenon
1428 4831 1570 4897 duo,
1603 4830 1976 4887 Psalmorum
2003 4832 2244 4888 Davidis

583 4923 782 4993 liber;
836 4921 1175 4980 Salomonis
1223 4919 1556 4984 Proverbia,
1599 4921 1721 4976 sive
1751 4921 2090 4992 Sapientia;
2145 4924 2245 4978 Ec-

2352 4475 2592 4548 Ψαλμῶν,
2641 4479 2731 4527 καὶ
2777 4474 3071 4547 Σολομῶνος
3125 4481 3433 4550 Παροιμίαι,
3489 4475 3522 4534 ἣ
3577 4482 3669 4530 καὶ
3717 4479 3855 4548 Σοφία
3889 4485 3902 4500 ⁹

2350 4563 2768 4624 Ἐκκλησιαστής
2801 4579 2816 4594 ·
2867 4563 3052 4637 τᾼσμα
3077 4563 3325 4638 ᾀσμάτων
3359 4581 3372 4594 ·
3419 4564 3541 4619 Ἰὼϐ
3567 4583 3582 4597 ·
3618 4573 3872 4642 Προφητῶν
3893 4577 3904 4592 ’

2349 4653 2590 4718 Ἠσαίου,
2636 4653 2902 4728 Ἱερεμίου,
2961 4662 3062 4706 τῶν
3121 4653 3197 4728 ιβ’
3253 4653 3301 4706 ἕν
3353 4654 3648 4728 μονοϐίϐλῳ
3680 4673 3694 4688 ⁸
3742 4651 3903 4715 Δανιὴλ,
3993 4647 3995 4658 τ

2350 4743 2620 4811 Ίεξεκιὴλ,
2668 4739 2921 4816 Ἔσδρας.
2981 4763 3011 4794 ι)
3073 4739 3174 4796 Εἶτ’
3221 4746 3488 4818 ἐπιφέρει·
3533 4765 3566 4798 α
3601 4745 3691 4810 Ἐξ
3727 4741 3788 4797 ὧν
3839 4743 3906 4793 καὶ

2351 4834 2444 4894 τὰς
2497 4831 2712 4904 ἐκλογὰς
2741 4833 3072 4905 ἐποιησάμην
3113 4832 3182 4894 εἰς
3211 4833 3264 4896 ἔξ
3299 4831 3484 4906 βιϐλία
3527 4831 3732 4889 δειλῶν.
3767 4855 3789 4885 ν
3815 4837 3902 4884 Τοι-

2355 4929 2492 4975 αῦτα
2515 4917 2584 4980 δή
2615 4941 2734 4974 τινα
2762 4926 2855 4974 καὶ
2885 4924 2950 4974 τὰ
2979 4928 3071 4974 τοῦ
3101 4923 3413 4986 Μελίτωνος.

590 5014 914 5080 clesiastes,
961 5010 1270 5068 Canticum
1317 5008 1734 5076 canticorum;
1783 5009 1943 5075 Job;
1993 5011 2450 5084 Prophetarum,
2506 5011 2693 5080 Isaias,
2743 5010 3032 5076 ιοτοωίω,
3057 5015 3114 5067 et
3142 5011 3463 5069 duodecim
3521 5013 3904 5087 prophetarum

587 5104 777 5162 liber:
810 5101 1036 5167 Daniel,
1085 5097 1368 5164 Ezechiel,
1395 5097 1634 5155 Esdras.
1664 5098 1886 5154 Deinde
1927 5099 2103 5156 infert
2131 5115 2148 5157 :
2185 5123 2208 5150 ι
2243 5103 2325 5157 Ex
2353 5099 2573 5174 quibus
2599 5099 2851 5170 Eclogas
2888 5099 3262 5174 selectasque
3290 5102 3618 5159 sententias
3649 5109 3706 5160 et
3735 5096 3904 5158 doctri-

590 5209 706 5254 nas
735 5191 970 5263 collegi,
999 5190 1060 5248 in
1091 5206 1214 5258 sex,
1237 5188 1423 5246 libros
1449 5187 1732 5260 digestas.
1763 5207 1792 5243 ι)
1827 5190 1960 5246 Hinc
1991 5188 2068 5247 de
2092 5189 2388 5248 Melitene.
