4000 6220
73 307 218 365 1001

690 441 933 490 ΚΕΦΔΛ.
975 434 1083 494 ΙΔ’.

70 528 772 606 ΠερίἈπολλιναρίου
816 537 926 583 τοῦ
963 528 1438 606 ’Ῑεραπολίτουο
1481 531 1575 583 ἔτι
1614 525 1683 583 δε

146 599 444 673 καὶπερὶ
503 599 874 671 Μουσανοῦ,
924 599 1512 677 καὶ’Βαρδησάνου
1576 609 1688 655 τοῦ

144 676 374 746 Σύρου,
413 678 519 727 καὶ
560 682 678 728 τῶν
719 674 1226 750 συγγραφέντων
1265 674 1504 736 αὐτοῖς.

141 776 251 824 Τοῦ
309 766 360 825 δ’
399 771 792 847 ’Δπολλιναρίου
843 771 1009 826 πολλὰ
1068 775 1159 845 μεν
1209 774 1540 848 ἱστοροῦνται
1594 775 1682 825 καὶ

60 857 204 914 ἄλλὰ
236 877 251 891 ’
295 862 409 934 μεθ’
449 859 518 914 ὧν
562 866 653 915 καὶ
706 868 874 916 ταῦτα
917 863 944 915 6
993 865 1125 937 πρός
1187 861 1490 918 Ἀντωνῖνόν
1532 860 1684 934 λόγος

56 949 201 1026 ὕπερ
254 959 352 1013 τῆς
398 956 623 1015 πίστεως
655 970 669 985 ο
729 955 820 1004 καὶ
870 953 1021 1027 ἕτερα
1071 955 1216 1004 πέντε
1268 952 1678 1028 συγγράμματα,

56 1043 198 1112 πρὸς
248 1037 495 1102 Ἕλληνας
545 1043 831 1114 ποιούμενα
867 1044 956 1094 τὸν
1010 1037 1256 1113 διάλογον
1289 1058 1304 1071 ·
1353 1043 1426 1094 ἔτι
1473 1037 1533 1093 δι
1588 1042 1680 1093 καὶ

56 1133 188 1200 περὶ
252 1127 498 1192 ἀληθείας
547 1139 749 1204 πρῶτον
796 1135 886 1184 καὶ
954 1126 1197 1206 δεύτερον
1237 1148 1251 1164 ο
1313 1131 1556 1192 ὡσαύτως
1621 1125 1682 1183 δε

51 1221 160 1270 καὶ
198 1221 330 1292 πρὸς
356 1215 646 1282 Ἰουδαίους
675 1221 823 1294 ἔτερα
865 1217 963 1273 δύο
994 1237 1007 1250 ο
1057 1224 1150 1274 καὶ
1190 1219 1226 1272 ἃ
1264 1221 1405 1273 κατὰ
1443 1227 1538 1282 τῆς
1581 1227 1682 1272 τῶν

56 1311 290 1379 Φρυγῶν
345 1310 586 1384 αἱρέσεως
640 1307 973 1375 συνετάξατο,
1024 1310 1133 1381 μετ’
1183 1307 1242 1361 ού
1279 1307 1438 1362 πολύν
1487 1313 1680 1381 χρόνον

51 1400 561 1472 καινοτομηθείσης,
607 1403 724 1452 τότε
789 1395 840 1452 δ’
907 1394 996 1452 οὖν
1050 1401 1173 1474 ἄρτι
1217 1404 1439 1475 πρώτως
1511 1399 1681 1472 ἠρέμα

56 1488 215 1557 φύειν
279 1485 599 1562 ἀρχομένης,
673 1495 765 1541 τοῦ
823 1495 1091 1542 Μοντανοῦ
1143 1486 1254 1560 οἶμα
1327 1493 1444 1549 ταῖς
1517 1487 1678 1540 αὑτοῦ

51 1572 530 1652 ψευδοπροφήτισι
579 1580 672 1637 τὴν
729 1581 1096 1653 παρατροπὴν
1145 1575 1452 1649 ἀρξαμένου.
1501 1582 1682 1630 Ταῦτα

55 1669 158 1718 καὶ
205 1671 325 1743 περὶ
381 1674 475 1720 τοῦ
534 1666 863 1742 ’Ῑεραπόλεως
921 1666 1341 1740 Ἀπολλιναρίου.
1396 1671 1680 1720 Μουσανοῦ

63 1750 152 1820 δέ,
183 1756 240 1810 ὃν
276 1756 467 1809 ἄνωθεν
513 1757 540 1808 6
571 1755 727 1828 λόγος
767 1752 994 1821 διέλαϐε,
1042 1759 1135 1808 καὶ
1173 1757 1358 1808 τούτου
1413 1750 1474 1808 δε
1527 1753 1681 1827 λόγος

60 1843 348 1907 κάλλιστος
399 1849 625 1922 φέρεται,
670 1845 1148 1920 Ἀποτρεπτικό
1166 1866 1207 1910 ς,
1266 1848 1396 1919 πρός
1435 1863 1582 1907 τινας
1622 1842 1678 1900 ἆ.

63 1930 286 2007 δελφούς
352 1937 493 2007 αύτῷ
551 1937 823 2006 συντεθεὶς,
886 1935 972 1988 έπὶ
1024 1939 1119 1994 τὴν
1169 1942 1270 1987 τῶν
1329 1934 1679 2006 Ἐγκρατιτῶν

59 2025 273 2096 αἳρεσιν
344 2023 636 2098 ἀλογίστως
712 2023 1102 2093 ύποκλιθέντας,
1169 2028 1256 2077 καὶ
1321 2026 1516 2083 ταύτην
1570 2030 1680 2087 τοῖς

55 2117 184 2166 τότε
223 2117 437 2190 χρόνοις
488 2113 889 2188 έπισπαρεῖσαν,
944 2113 1088 2177 ξένην
1130 2131 1184 2166 τε
1224 2117 1315 2166 καὶ
1365 2113 1680 2187 φθοριμαίαν

55 2199 423 2275 ψευδοδοξίαν
466 2211 539 2276 τῷ
577 2209 759 2276 κόσμῳ
798 2203 1154 2276 εἰσάγουσανο
1203 2203 1266 2266 ἧς
1311 2201 1550 2276 ἀρχηγόν
1593 2221 1681 2274 γε·

59 2294 249 2346 νέσθαι
299 2296 401 2366 πρὸ
448 2301 640 2366 μικροῦ
696 2295 726 2352 ἡ
787 2294 996 2366 ἱστορία
1041 2295 1128 2345 τόν
1177 2295 1430 2346 Τατιανόν
1478 2292 1645 2350 ύπεση

63 2387 268 2454 μηνατο
299 2402 314 2416 ·
371 2383 429 2444 ὃς
468 2387 558 2436 καὶ
598 2389 692 2435 τοῦ
737 2383 1004 2456 μάρτυρος
1063 2383 1351 2436 Ἰουστίνου
1407 2379 1678 2454 ἁκροασά.

59 2491 219 2544 μενος
272 2467 355 2532 ἦν.
407 2471 614 2535 Ηῦξησι
667 2468 726 2525 δὲ
778 2479 1001 2547 Σευῆρος
1053 2471 1216 2530 αὐτὴν
1251 2471 1507 2545 ὕστερον·
1547 2463 1680 2546 περὶ

59 2557 133 2612 ὧν
183 2565 273 2613 καὶ
324 2560 602 2634 Εἰρηναῖος
646 2557 775 2614 τάδε
830 2565 988 2633 φησίν
1021 2579 1034 2593 ·
1089 2579 1119 2612 ιι
1163 2560 1301 2616 Ἀπὸ
1367 2563 1672 2635 Σατορνίνου

59 2654 157 2702 καὶ
226 2656 533 2726 Μαρκίωνος
601 2652 650 2704 οἱ
710 2649 1016 2722 καλούμενοι
1083 2649 1388 2725 Ἐγκρατεῖς
1449 2647 1681 2721 ἀγαμίαν

63 2738 341 2811 ἐκήρυξαν,
392 2739 686 2800 ἀθετοῦντες
734 2743 829 2796 την
876 2743 1089 2813 πρώτην
1141 2739 1333 2793 πλάσιν
1383 2745 1474 2792 τοῦ
1522 2745 1678 2808 Θεοῦ,

63 2832 160 2881 καὶ
219 2829 383 2904 ἠρέμα
422 2834 838 2900 κατηγοροῦντες
897 2835 990 2881 τοῦ
1053 2829 1210 2902 ἄρσεν
1273 2831 1365 2880 καὶ
1423 2825 1552 2886 θῆλυ
1613 2827 1681 2889 εἰς

61 2921 268 2990 γένεσιν
324 2918 602 2993 ἀνθρώπων
653 2921 998 2980 πεποιηκότος
1025 2937 1039 2950 ο
1095 2923 1186 2971 καὶ
1244 2925 1345 2970 τῶν
1396 2916 1680 2990 λεγομένων

58 3007 190 3081 παρ’
246 3007 418 3069 αὐτοῖς
475 3005 734 3081 ὶμψύχων
784 3006 996 3079 ἀποχὴν
1049 3007 1429 3080 εἰσηγήσαντο,
1485 3005 1680 3080 ἀχαρι-

58 3105 308 3161 στοῦντες
349 3106 422 3171 τῷ
473 3099 645 3151 πάντα
691 3102 1002 3156 πεποιηκότι
1051 3104 1166 3169 Θεῷ
1194 3114 1207 3127 ⁸
1254 3095 1583 3169 ἁντιλέγουσί
1625 3115 1680 3150 τε

55 3194 121 3260 τῇ
172 3194 266 3241 τοῦ
324 3187 736 3261 πρωτοπλάστου
808 3190 1066 3259 σωτηρίᾳ.
1127 3208 1156 3240 ››
1211 3186 1292 3240 Ἐν
1347 3188 1558 3249 τούτοις
1605 3181 1674 3244 δὴ

57 3281 150 3329 καὶ
180 3278 208 3329 6
253 3279 540 3339 Μουσανός.
573 3276 718 3332 Ἔτει
749 3273 808 3330 δι
844 3285 917 3348 τῷ
978 3275 1118 3347 αύτῷ
1168 3283 1265 3339 τῆς
1316 3284 1414 3330 τῶν
1461 3279 1677 3348 Φρυγῶν

57 3369 311 3440 αἱρέσεως
364 3373 456 3420 καὶ
502 3366 666 3419 ἄλλων
708 3371 826 3439 περὶ
885 3369 980 3424 τὴν
1020 3370 1202 3425 Μέσην
1254 3365 1678 3439 πλημμυρούσης

49 3465 156 3509 τῶν
197 3465 463 3522 ποταμῶν,
515 3452 864 3531 Βαρδησάνης
912 3457 938 3508 6
995 3458 1154 3531 Σύρος
1198 3453 1354 3527 ἀνὴρ,
1412 3450 1552 3528 ἴδρις
1585 3459 1677 3526 μεν

49 3550 320 3600 παντοίων
361 3545 543 3618 λόγως,
591 3553 655 3618 τῇ
718 3541 777 3598 δὲ
827 3547 1002 3619 Σύρων
1058 3551 1196 3617 φωνῇ
1265 3541 1677 3597 διαλεκτικώτα-

46 3654 164 3700 τος,
221 3640 314 3688 καὶ
364 3637 534 3696 ἱκανὸς
588 3641 695 3696 τοῖς
732 3635 966 3687 τοιούτον
1022 3631 1484 3705 ἁντεπεξάγεσθαι,
1547 3635 1676 3704 πρός

45 3741 108 3778 τε
167 3729 460 3799 Μαρκίωνα
525 3728 615 3776 καί
678 3741 819 3784 τινας
905 3721 1088 3783 ἄλλους
1173 3725 1321 3774 πέντε
1409 3717 1675 3793 διαφόρων

44 3817 480 3891 προϊσταμένους
567 3809 846 3885 δογμάτων
925 3815 1188 3884 γενναίους
1276 3811 1675 3882 συστησάμενος

47 3901 367 3976 δια)ὀγους,
413 3911 473 3976 τῇ
537 3898 652 3974 ἰδίᾳ
699 3898 950 3973 διαλέκτῳ
1002 3897 1222 3963 έξέδωκε
1277 3901 1406 3971 μετὰ
1452 3903 1543 3952 καὶ
1586 3897 1676 3950 ἄλ-

41 3994 151 4047 λων
219 3996 620 4066 συγγραφέντων
665 3990 918 4045 πλείστων
980 3989 1121 4060 αύτῷ
1150 4009 1165 4023 ο
1238 3988 1328 4050 ούς
1381 3990 1431 4041 οἱ
1483 3990 1672 4042 τούτου

46 4084 470 4157 ἀκροασάμενοι,
515 4081 694 4135 πολλοὶ
756 4076 816 4134 δὲ
873 4076 1030 4143 ἦσαν,
1086 4075 1350 4152 ἀνδρικῶς
1401 4084 1476 4148 τῷ
1535 4076 1673 4150 λόγῳ

44 4177 471 4250 προίσταμένου,
522 4171 593 4234 εἰς
645 4175 739 4229 τὴν
779 4164 1004 4222 Ἐλλάδα
1045 4167 1294 4239 γλῶσσαν
1334 4169 1392 4219 εκ
1434 4174 1532 4230 τῆς
1580 4169 1673 4219 Σύ-

45 4283 158 4340 ρων
206 4267 525 4335 μετήνεγκαν
557 4277 571 4290 ⁶
632 4258 682 4312 έν
719 4260 798 4322 οἷς
845 4262 932 4311 καὶ
973 4259 1002 4310 6
1038 4259 1164 4330 πρὸς
1210 4257 1510 4310 ’Δντωνῖνον
1553 4260 1672 4329 περὶ

47 4355 379 4427 εἱμαρμένης
428 4355 570 4422 αύτῷ
633 4351 872 4410 πονηθεὶς
928 4349 1112 4408 ἱκανῶς
1164 4349 1252 4399 τὸν
1319 4349 1528 4417 Πατέρα
1579 4353 1670 4398 τοῦ

1313 1131 1556 1192 ὡσαύτως

47 4449 240 4516 Λόγου
294 4440 704 4534 χαρακτη-ρίζων
746 4439 889 4534 ἐστίν
912 4457 926 4472 ·
976 4436 1105 4534 ἀλλὰ
1135 4432 1204 4495 δὴ
1248 4439 1339 4488 καὶ
1372 4435 1534 4488 τᾶλλα
1570 4436 1673 4488 ὅσα
1703 4479 1748 4534 D

46 4535 327 4609 προφάσει
376 4537 469 4584 τοῦ
521 4525 760 4602 διωγμοῦ
815 4527 966 4600 λόγος
1024 4528 1138 4599 ἔχει
1191 4531 1374 4578 τοῦτον
1434 4543 1674 4599 συγγρα-

48 4621 228 4696 ᾀέναι.
279 4626 384 4682 Τῆς
432 4618 766 4672 Οὐαλεντίνου
815 4613 865 4670 δ’
913 4616 1065 4679 οὗτος
1101 4622 1355 4691 ταπρῶτα
1391 4610 1672 4689 διατριϐῆς

47 4717 147 4778 ὧν,
201 4713 494 4782 καταγνούς
543 4711 726 4762 τούτου
781 4711 872 4760 καὶ
924 4708 1062 4760 κατὰ
1111 4712 1207 4768 τῆς
1255 4707 1448 4757 ἱκείνου
1509 4705 1673 4777 μυθο-

43 4805 238 4862 ποιίας
297 4799 510 4872 ἔλεγχον
572 4797 744 4851 ἱκανὸν
805 4795 1126 4865 ἀναστήσας,
1197 4790 1344 4848 δοκεῖ
1401 4797 1492 4866 μέν
1563 4812 1672 4854 πως

47 4891 221 4954 αὐτὸς
254 4885 419 4960 έαυτῷ
461 4891 592 4964 πρὸς
617 4891 676 4941 τό
716 4886 902 4940 τέλειον
945 4885 1168 4940 ἀνελθεῖν
1205 4891 1298 4945 τῆς
1338 4882 1620 4956 ὀρθότητος
1655 4899 1668 4912 ·

46 4981 116 5034 ού
178 4983 286 5050 μὴν
337 4977 641 5031 παντάπασί
692 4993 752 5048 γε
806 4980 898 5029 καὶ
953 4978 1040 5028 τὸν
1097 4983 1194 5036 τῆς
1241 4972 1470 5036 παλαιᾶς
1521 4971 1670 5037 ἕξεως

41 5065 226 5148 ῥύπον
258 5066 496 5142 έμφανῶς
526 5065 848 5131 ἁπεξύσατο.

675 5159 919 5208 ΚΕΦΑΛ.
961 5151 1061 5210 IB'.

49 5251 220 5323 Περὶ
263 5247 456 5323 Γαίου
493 5247 602 5296 καὶ
640 5241 1133 5323 Τῌερτυλλιανοῦ,
1164 5240 1560 5323 οἴαγράρειζ
1590 5240 1671 5323 ως

127 5262 220 5323 ιρι
263 5262 456 5301 ιάιου
493 5263 602 5296 και
640 5262 715 5296 ἐἐ
769 5262 1133 5309 τυΑΑιανου,
1164 5262 1268 5294 οια
1295 5262 1558 5314 γραφει-
1590 5262 1670 5302 ως

127 5323 238 5400 ἐπὶ
302 5317 567 5393 Μάρκου
629 5262 790 5400 dixin
851 5321 987 5400 τῆς-
1029 5319 1347 5400 στρατιᾶς
1395 5311 1463 5400 ’έν
1522 5310 1670 5400 ξαλ-

126 5391 311 5452 λίαις
360 5388 830 5460 κατεχομένης,
877 5391 1017 5460 τ-αῖς
1055 5388 1290 5456 εὐχαῖς
1343 5392 1460 5436 τῶν
1524 5388 1670 5460 ἡμεο

123 5467 329 5536 τέρων
367 5462 394 5512 ό
433 5457 860 5536 Θεξςάνωθεν
891 5457 1020 5521 ὗσε,
1063 5462 1172 5509 καὶ
1209 5463 1492 5529 κεραυνῷ
1521 5459 1670 5516 τοὺς

126 5528 483 5605 πολεμίους
523 5528 878 5603 διέφθειρε.

132 5628 268 5681 Καὶ
295 5621 450 5678 ἄλλοι
503 5617 566 5675 δε
613 5619 793 5674 πολλοὶ
847 5622 943 5678 τὴν
1006 5620 1130 5676 ἴσην
1195 5618 1402 5690 ἔχοντες
1460 5623 1672 5690 γνῶμην

355 5722 594 5780 ΡΑτιιοι..
639 5720 740 5777 Gn.
783 5717 983 5776 CXLV.

1121 302 1693 367 ECCLESIASTICA’.
1730 299 2089 366 HISTORUE
2127 301 2266 366 LIB.
2309 305 2404 367 IV.

3296 304 3437 369 1002

1714 436 1763 492 A
2442 435 2670 494 CAPUT
2709 435 2797 495 XI.

1795 525 1880 582 De
1900 525 2242 597 Apollinari
2264 525 2642 596 Hierapolim
2663 543 2681 581 :
2711 528 2848 584 item
2870 527 2944 584 de
2959 527 3213 586 Musano
3224 534 3277 587 et
3294 528 3446 586 Bar-

2057 598 2278 656 desane
2304 598 2483 670 Syro,
2515 603 2569 656 et
2593 600 2666 656 de
2692 599 2927 670 scriptis
2954 615 3178 658 eorum.

1861 768 2221 840 Apollinaris
2275 774 2498 838 autem,
2529 787 2666 829 cum
2713 771 2903 831 multa
2955 773 3094 840 alis,
3127 781 3267 831 tunc
3313 774 3444 832 haac

1789 873 2034 932 quoque
2087 859 2378 918 feruntur.
2407 862 2496 918 Ad
2534 864 2860 920 Antonium
2904 879 3011 936 pro
3051 865 3170 922 ﬁde
3229 865 3444 924 oratio.

1789 948 2064 1021 Quinque
2089 948 2271 1006 libelli
2309 951 2368 1006 in
2416 950 2640 1024 quibus
2690 968 2829 1008 cum
2857 951 3078 1010 Gracis
3116 969 3223 1011 seu
3257 954 3445 1026 genti-

1785 1034 1944 1093 libus
1968 1037 2108 1109 agit.
2134 1038 2216 1095 De
2263 1041 2506 1098 veritate
2544 1040 2696 1097 liber
2743 1057 2897 1098 unus
2936 1048 2994 1099 et
3029 1042 3197 1100 alter.
3222 1043 3313 1100 Ad
3340 1046 3442 1100 Ju-

1787 1125 1952 1182 desos
1981 1126 2123 1184 item
2150 1127 2284 1185 libri
2315 1129 2517 1197 duo,et
2546 1146 2684 1204 qua
2713 1136 2999 1204 praeterea
3027 1137 3237 1190 contra
3264 1133 3444 1206 Phry-

1787 1228 1934 1285 gum
1963 1215 2241 1274 haresim
2267 1219 2610 1292 composuit
2639 1235 2651 1275 :
2677 1236 2813 1292 quae
2840 1236 2960 1278 non
2988 1220 3166 1293 longe
3197 1227 3331 1295 post
3345 1239 3441 1280 res

1785 1317 1979 1361 novas
2005 1305 2067 1362 in
2115 1308 2438 1364 Ecclesiam
2468 1308 2722 1376 induxit,
2753 1315 2878 1366 tum
2937 1311 3196 1382 primum
3238 1317 3441 1369 autem

1785 1392 2079 1465 pullulare
2144 1395 2343 1468 coepit,
2367 1412 2441 1452 ex
2495 1413 2618 1470 quo
2664 1399 2975 1455 Montanus
3004 1414 3144 1455 cum
3179 1399 3440 1472 pseudo-

1786 1482 2180 1554 prophetissis
2231 1485 2355 1541 suis
2402 1502 2438 1543 a
2478 1501 2616 1543 vera
2658 1485 2799 1544 ﬁdei
2854 1487 2952 1544 via
2990 1487 3333 1546 declinavit.
3363 1490 3444 1546 De

1786 1570 2110 1642 Apollinari
2141 1573 2580 1646 Hierapolitano
2623 1581 2875 1632 tantum.
2930 1577 3158 1634 Musani
3213 1583 3436 1648 autem,

1786 1658 1960 1731 cujus
1992 1666 2169 1718 antea
2196 1663 2605 1730 meminimus,
2638 1663 3073 1737 pulcherrimus
3105 1671 3296 1723 exstat
3326 1669 3446 1724 De-

1711 1792 1754 1848 B
1789 1749 2157 1848 liortatorius
2176 1750 2346 1822 liber,
2367 1752 2446 1809 ad
2467 1754 2770 1826 quosdam
2787 1754 2995 1811 fratres
3009 1754 3088 1812 ab
3106 1770 3178 1812 eo
3198 1771 3444 1830 compo-

1787 1839 1954 1907 situs,
1987 1840 2091 1913 qui
2140 1847 2351 1912 praeter
2389 1842 2681 1899 rationem
2723 1843 2802 1900 ad
2851 1849 3076 1900 sectam
3121 1847 3444 1904 Encratita-

1787 1943 1923 1984 rum
1940 1928 2304 1986 deﬂexeraut
2325 1947 2340 1984 :
2359 1932 2530 2004 297
2551 1948 2687 2006 quae
2699 1934 2782 1988 eis
2799 1949 3044 2006 quoque
3065 1935 3440 2008 temporibus

1788 2024 2014 2085 exorta,
2047 2035 2267 2076 novam
2298 2024 2818 2094 perniciosamque
2839 2022 3115 2080 haresim
3133 2025 3442 2097 etopinio-

1789 2121 1929 2163 nem
1968 2108 2028 2164 in
2096 2108 2304 2166 urbem
2326 2109 2542 2166 intulit.
2573 2111 2796 2168 Ducem
2839 2111 2970 2183 ejus
3022 2117 3080 2170 et
3131 2118 3443 2171 auctorem

1790 2195 1993 2264 fuisse,
2048 2197 2300 2256 historia
2350 2205 2558 2257 nostra
2606 2206 2784 2258 antea
2829 2201 3164 2267 Tatianum,
3225 2203 3443 2260 Justini

1790 2287 2073 2358 martyris
2104 2287 2460 2356 auditorem,
2511 2296 2975 2364 propagatorem
3017 2297 3220 2349 autem
3263 2294 3443 2350 Seve-

1789 2390 1947 2446 rum,
1970 2375 2276 2434 indicavit.
2303 2379 2381 2433 De
2415 2378 2724 2435 Encratitis
2781 2379 3037 2436 lrenasus
3081 2396 3326 2454 quoque
3357 2381 3442 2440 ita

1791 2464 1993 2521 scribit
2033 2482 2048 2522 :
2089 2485 2121 2518 (ι
2162 2468 2208 2521 Α
2259 2467 2580 2524 Saturnino
2622 2473 2680 2524 et
2727 2469 3016 2526 Marciane
3059 2469 3442 2528 Continentes

1789 2553 2231 2621 nominatimon
2244 2555 2720 2614 contrahendum
2744 2559 3192 2616 matrimonium
3219 2559 3443 2618 docue-

1788 2649 1948 2711 runt,
1981 2644 2232 2701 simulet
2253 2646 2508 2718 primam
2551 2645 2650 2702 Dei
2684 2647 3049 2705 creationem
3079 2648 3440 2722 rejicientes,

1789 2737 1847 2790 et
1869 2733 2044 2790 tacite
2060 2749 2196 2790 eum
2219 2734 2366 2808 quid
2381 2737 2458 2791 ad
2475 2735 2790 2793 hominum
2809 2738 3304 2810 propagationem
3317 2754 3442 2797 ma-

1789 2822 2022 2879 sculum
2068 2827 2128 2880 et
2177 2824 2464 2881 feminam
2521 2831 2796 2893 creasset,
2837 2832 3210 2884 accusantes.
3253 2827 3441 2885 Iidem

1786 2926 2031 2984 quoque
2060 2911 2488 2970 abstinendum
2508 2928 2634 2969 esse
2659 2915 2738 2971 ab
2759 2915 2846 2970 eis
2863 2931 3000 2988 qua;
3028 2916 3145 2989 ipsi
3168 2916 3440 2975 animata

1787 2999 2014 3067 dicunt,
2055 3001 2434 3059 instituerunt
2466 3019 2480 3058 :
2511 3001 2735 3060 malam
2785 3003 3106 3062 referentes
3155 3006 3435 3077 gratiam,

1788 3090 1892 3162 qui
1912 3097 2128 3147 cuncta
2156 3091 2397 3162 creaxit,
2434 3094 2570 3149 Deo.
2606 3112 2631 3144 ι
2670 3096 2999 3164 Pernegant
3041 3095 3223 3152 etiam
3261 3095 3440 3168 primi

1785 3177 2050 3236 hominis
2090 3179 2360 3237 salutem.
2395 3183 2530 3238 Haec
2549 3197 2794 3255 quoque
2819 3183 2894 3240 de
2917 3185 3279 3242 Musano.Ea
3309 3185 3440 3258 ipsa

1786 3273 2156 3341 tempestate,
2187 3286 2324 3326 cum
2343 3271 2646 3344 Phrygum
2667 3271 3043 3346 aliorumque
3055 3274 3233 3331 etiam
3253 3273 3439 3332 haere-

1785 3373 1879 3414 ses
1907 3359 1965 3415 in
1998 3358 2431 3432 Mesopotamia
2446 3361 3212 3428 exundarent,Bardesanes
3231 3365 3436 3437 Syrus,

1785 3463 1922 3505 cum
1954 3448 2298 3519 linguarum
2339 3449 2614 3518 aliarum,
2643 3457 2769 3508 tum
2803 3452 2930 3524 Syri
2966 3454 3261 3510 sermonis
3287 3455 3440 3526 peri-

1787 3539 2074 3605 tissimus,
2097 3545 2385 3612 praaterea
2413 3556 2550 3597 vero
2581 3541 2866 3597 haereticis
2896 3541 3238 3598 refellendis
3274 3559 3436 3600 exer-

1783 3627 2187 3694 oitatissimus,
2219 3628 2512 3685 adversus
2561 3629 2914 3686 Marcionem
2958 3635 3014 3686 et
3068 3630 3221 3689 alios
3251 3647 3430 3705 quos-

1783 3716 2222 3790 dam,quinque
2253 3717 2608 3774 variantium
2621 3718 2772 3775 inter
2784 3734 2846 3774 se
2861 3718 3216 3790 dogmatum
3231 3727 3432 3778 aucto-

1781 3821 1896 3869 res,
1929 3813 2166 3862 strenue
2197 3822 2334 3862 cum
2373 3807 2458 3862 eis
2513 3821 2893 3878 congressus,
2931 3807 3225 3879 Dialogos,
3259 3816 3314 3866 et
3347 3810 3435 3866 in-

1782 3910 1963 3967 super
1992 3894 2110 3952 alia
2129 3895 2391 3967 plurima
2411 3895 2652 3969 scripta,
2679 3911 2954 3953 sermone
2977 3913 3088 3954 suo
3112 3898 3434 3956 vernaculo

1782 3983 1965 4041 edidit
1995 4001 2008 4040 :
2038 3985 2364 4057 quas,quod
2391 3983 2617 4041 fortiter
2641 3985 2780 4041 ﬁdei
2812 3986 3055 4042 verbum
3082 4003 3437 4060 propugna-

1780 4080 1932 4140 rent,
1965 4073 2166 4146 plures
2195 4089 2227 4130 e
2247 4090 2315 4129 us
2335 4074 2638 4130 auditores
2688 4073 2750 4130 in
2788 4077 3051 4132 Graecam
3079 4077 3431 4134 transtulere

1779 4162 2073 4233 linguam.
2107 4165 2170 4218 ln
2199 4163 2269 4218 iis
2305 4163 2454 4219 liber
2479 4169 2590 4229 est,
2622 4179 2804 4236 quem
2831 4165 2910 4220 ad
2939 4166 3310 4223 Antoninum
3347 4167 3422 4224 de

1781 4251 1901 4310 tato
1949 4252 2324 4325 conscripsit,
2370 4253 2512 4310 satis
2572 4253 2632 4308 in
2655 4269 2726 4309 eo
2753 4257 2981 4312 Patrem
3016 4255 3187 4312 Verbi
3237 4256 3430 4329 expri-

1779 4356 1970 4398 mens.
1997 4340 2119 4400 Sed
2140 4346 2197 4398 et
2227 4340 2347 4398 alia
2375 4341 2672 4414 opuscula
2701 4357 2842 4399 eum
2867 4343 3180 4400 occasione
3208 4360 3280 4400 ex
3302 4361 3433 4417 per-

1779 4431 2082 4487 secutione
2111 4437 2377 4504 accepta,
2401 4430 2661 4488 edidisse
2692 4436 2908 4488 terunt.
2954 4438 3142 4506 Atque
3181 4433 3273 4490 hic
3302 4435 3432 4508 qui-

1779 4519 1919 4576 dem
1961 4519 2254 4576 Valentini
2304 4519 2569 4592 primum
2621 4525 2877 4578 sectator
2906 4522 3014 4579 fuit
3042 4539 3054 4579 :
3080 4538 3262 4595 quem
3291 4540 3430 4580 cum

1779 4608 2200 4680 improbasset,
2242 4608 2671 4683 fabulosasque
2718 4611 2847 4681 ejus
2876 4610 3179 4669 doctrinas
3219 4617 3275 4668 et
3308 4611 3436 4685 opi-

1780 4699 1989 4755 niones
2021 4699 2165 4756 satis
2187 4697 2516 4766 refellisset,
2539 4699 2667 4771 ipse
2721 4700 2968 4772 quidem
2997 4701 3108 4756 sibi
3137 4701 3215 4757 ad
3244 4701 3432 4774 perte-

1779 4787 2039 4845 ctionem
2069 4793 2127 4844 et
2154 4787 2335 4844 tinem
2361 4794 2536 4844 rectas
2564 4787 2699 4845 ﬁdei
2722 4789 3071 4860 pervenisse
3097 4795 3187 4846 est
3221 4791 3384 4846 visus
3416 4805 3432 4846 :

1779 4893 1903 4934 non
1941 4877 2188 4934 omnino
2213 4883 2412 4934 tamen
2443 4878 2654 4934 veteris
2693 4877 2992 4950 opinionis
3026 4895 3171 4946 sure,
3204 4896 3338 4954 quae
3370 4880 3431 4938 in

1779 4965 2056 5024 habitum
2079 4966 2328 5034 abierat,
2357 4966 2566 5024 sordes
2593 4965 2895 5024 abstersit.

2415 5147 2645 5204 CAPUT
2685 5147 2792 5204 XII.

1779 5237 1867 5294 De
1897 5236 2037 5308 Cajo
2091 5242 2144 5293 et
2203 5236 2569 5294 Tertulliano
2595 5257 2615 5294 :
2642 5237 2746 5309 qui
2772 5237 3030 5306 scripsit,
3073 5240 3201 5297 cum
3242 5241 3444 5299 Marci

1854 5315 2108 5378 tempore
2117 5309 2180 5364 in
2193 5310 2507 5365 Germania
2519 5309 2809 5364 exercitus
2821 5311 2922 5364 siti
2933 5312 2992 5367 la
3000 5312 3231 5368 borarel
3240 5314 3438 5378 ,Deum

1852 5380 2124 5450 precibus
2134 5388 2469 5453 nostrorum
2486 5380 2738 5453 militum
2754 5389 3066 5440 exoratum
3097 5383 3443 5453 pluisse,ho-

1853 5459 2084 5525 stesque
2110 5451 2365 5522 fulmine
2394 5451 2739 5510 concidisse.

1857 5613 1976 5670 Sed
2007 5621 2065 5671 et
2096 5612 2191 5670 alii
2243 5613 2444 5686 plures
2485 5612 2701 5686 aequali
2727 5612 2902 5686 plane
2931 5616 3136 5673 animo
3179 5635 3285 5690 pro
3323 5617 3442 5678 ﬁde

3077 5716 3148 5775 32
