4040 6224
109 289 254 349 1005
1171 283 1746 350 ECCLESIASTICE
1787 279 2144 347 HISTOHUE
2185 289 2324 347 LIB.
2371 283 2470 349 IV.
3332 283 3470 347 1006

107 437 136 466 σι
173 420 416 470 Ποταποὶ
465 415 552 470 οὖν
595 417 645 470 οἱ
699 415 881 489 ἄνομοι
928 415 1093 486 οὗτοι,
1125 419 1175 470 οἱ
1202 419 1320 472 καθ’
1369 421 1514 492 ἡμῶν
1555 423 1708 491 μόνον

1833 415 1964 472 satis
1989 414 2239 472 idoneus
2282 421 2338 474 et
2385 417 2650 490 locuples
2681 417 2809 490 ejus
2838 416 2920 474 rei
2950 416 3123 474 fuerit
3146 417 3334 482 testis,
3361 419 3469 490 qui

103 506 345 573 ἕπονται,
399 505 601 570 ἀσεϐεῖς
657 502 857 572 ἄδικοι,
938 505 1118 580 ὦμοί;
1172 507 1256 569 οὖς
1305 512 1422 562 οὗτε
1471 508 1712 561 Οὐεσπε-

1833 504 2056 562 scribit:
2120 525 2148 558 α
2178 506 2355 562 Marci
2386 507 2835 579 prudentissimi
2877 507 3252 579 imperatoris
3282 507 3464 564 etiam

108 600 291 657 σιανός
342 594 557 669 ἐφύλαξε
604 596 700 668 (5),
757 600 929 648 καίτοι
989 615 1050 669 γε
1092 593 1381 659 Ἰουδαίους
1438 603 1662 658 νικήσας
1692 614 1708 629 ·

1833 593 2041 650 .itteras
2061 594 2373 660 exstitisse,
2405 595 2582 667 299
2608 596 2830 668 quibus
2861 595 3025 652 illam
3047 596 3462 652 Germanicam

103 683 199 747 οὓς
255 691 350 738 καὶ
429 689 684 761 Τραϊανός
759 687 814 738 ἑκ
887 689 1077 760 μέρους
1131 685 1434 750 ἕξουθένησε
1501 686 1709 739 κωλύων

1833 683 1998 748 sitim,
2013 683 2416 754 cumjamjam
2431 700 2726 757 aquarum
2745 685 2995 757 penuria
3020 685 3312 741 exercitus
3330 701 3466 758 per-

100 775 486 836 ῖπιζητεῖσθαι
529 777 883 850 Χριστιανούς
917 793 930 804 ·
975 773 1059 836 οὓς
1107 779 1226 829 οὔτε
1256 773 1558 851 Ἀδριανὸς,
1593 780 1710 828 καί-

101 882 186 918 τοι
243 883 307 936 γε
358 866 561 917 πάντων
621 865 686 917 τὰ
753 868 1002 938 περίεργα
1071 865 1538 941 πολυπραγμονῶν,
1592 868 1711 918 οὔτε

103 955 130 1006 ὁ
181 953 421 1015 Εὐσεϐὴς
475 953 771 1016 έπικληθεὶς
825 953 1162 1027 innuptam;
1211 974 1241 1008 to
1303 958 1455 1018 Γαῖος
1510 950 1570 1006 δὲ
1625 953 1709 1007 έπὶ

1817 771 2004 828 iturus
2025 779 2197 838 esset,
2233 773 2704 830 Christianorum
2734 774 2990 830 militum
3022 775 3466 846 precationibus

1816 861 2138 932 impetrato
2183 860 2362 916 imbri
2418 861 2753 919 discussam
2799 867 3180 920 contestatur.
3215 885 3244 918 ››
3291 866 3468 920 Eum-

1819 949 2079 1021 demque
2137 949 2558 1021 imperatorem
2588 951 2797 1024 capitis
2842 967 3083 1025 quoque
3112 968 3380 1025 pcenam,
3413 958 3470 1010 et

1818 1038 2066 1112 quidem
2090 1039 2387 1095 tetriorem
2426 1041 2800 1097 constituisse
2830 1042 2971 1098 dicit
3001 1042 3470 1099 Christianorum

1819 1128 2289 1184 accusatoribus.
2347 1132 2427 1184 Ac
2464 1129 2750 1202 peinceps
2787 1130 3096 1202 subjungit
3126 1147 3138 1187 :
3171 1151 3203 1185 ε
3251 1131 3470 1198 Quales

1821 1231 1963 1286 ergo
1991 1216 2154 1289 leges
2211 1218 2358 1283 istae,
2389 1234 2542 1291 quas
2589 1219 2882 1276 adversus
2924 1236 3032 1276 nos
3081 1221 3191 1277 soli
3232 1225 3472 1277 exrcent

101 1048 415 1118 Ζεφυρίνου,
517 1039 743 1105 διάλεξιν
820 1045 958 1095 κατά
1050 1043 1288 1116 Πρόκλου
1366 1041 1709 1097 σπουδαστοῦ

102 1137 384 1187 Μοντανοῦ
425 1131 655 1204 γράψας,
690 1128 899 1205 σφόδρα
939 1137 1196 1205 μεγίστῆν
1249 1136 1378 1206 ἔσχε
1427 1137 1521 1192 τὴν
1549 1129 1709 1196 δόξαν

103 1221 336 1276 εὐθύνων
403 1225 558 1274 αὐτὸν
615 1226 925 1298 προπετείας
982 1230 1074 1283 τῆς
1131 1230 1316 1286 καινῆς
1370 1227 1706 1298 προφητείας.

103 1315 214 1365 Καὶ
241 1313 312 1364 τὰ
340 1314 428 1385 μεν
450 1315 570 1386 περὶ
597 1313 784 1364 τούτου
809 1317 996 1367 ταῦτα.

1833 1306 2012 1378 impii,
2042 1306 2265 1378 injusti,
2314 1307 2585 1363 crudeles
2614 1307 2644 1363 ?
2694 1325 2842 1382 quas
2897 1311 3298 1382 Vespasianus
3345 1326 3468 1368 non

101 1402 364 1458 servarit
393 1401 493 1473 (t),
523 1400 803 1474 quamvis
833 1401 1180 1457 Judmorum
1214 1400 1401 1457 victor
1424 1401 1455 1454 7
1481 1416 1628 1472 quas
1664 1397 1952 1468 Trajanus
1987 1411 2059 1451 ex
2099 1400 2264 1467 parte
2297 1395 2612 1454 frustratus
2643 1398 2734 1464 sit,
2767 1399 3022 1455 vetando
3051 1400 3270 1471 inquiri
3312 1400 3469 1457 Chri-

103 1492 345 1548 stianos
365 1489 394 1546 ‘f
413 1506 566 1564 quas
601 1505 798 1562 neque
825 1489 1145 1559 Adrianus,
1175 1505 1529 1562 quanquam
1581 1486 1992 1544 curiositatum
2030 1487 2304 1542 omnium
2355 1487 2718 1558 explorator,
2747 1503 2942 1561 neque
2993 1490 3096 1562 qui
3127 1489 3486 1562 appellatus

104 1586 202 1637 est
253 1580 393 1636 Pius
449 1577 873 1636 conﬁrmarit?
902 1598 932 1630 »
965 1579 1142 1652 Cajus
1183 1584 1385 1635 autem
1451 1578 1565 1634 sub
1615 1575 1969 1650 Zephyrino,
2024 1573 2314 1631 adversus
2362 1574 2635 1631 Proclum
2682 1578 2940 1634 Montani
2973 1579 3311 1636 studiosum
3337 1579 3471 1636 dia-

101 1671 249 1740 logo
279 1669 636 1741 composito,
663 1667 724 1723 in
753 1683 876 1741 quo
898 1667 1274 1724 temerariam
1298 1669 1430 1740 ejus
1457 1666 1778 1725 audaciam
1790 1669 1970 1735 taxat,
1989 1663 2155 1737 quod
2175 1664 3462 1739 novaminduxeritprophetiam,maximam

108 1765 199 1816 est
235 1762 601 1816 consecutus
625 1755 866 1814 laudem
893 1763 949 1813 et
975 1756 1254 1827 gloriam.

720 1859 963 1910 ΚΕΦΔΛ.
1002 1853 1104 1908 Il".

113 1966 272 2035 Περὶ
312 1960 662 2035 Εἰρηναίου
701 1968 811 2035 τοῦ
850 1958 1279 2035 Λουγδούνᾉων
1319 1963 1707 2014 ἐπισκόπουο

184 2030 266 2096 ὥς
332 2036 440 2085 καὶ
505 2033 593 2085 ἔπ’
650 2031 853 2085 αὐτοῦ
896 2030 1271 2104 παράδοξοι
1315 2035 1710 2106 θεοσημιῖαι

183 2106 512 2177 έγένοντο.

184 2193 463 2268 Εἰρηναῖος
487 2189 546 2245 δὲ
573 2193 601 2244 ὃ
649 2199 740 2253 τῆς
785 2189 1133 2264 Λουγδοῦνων
1166 2196 1449 2267 παροικίας
1493 2211 1713 2266 χρημα-

112 2289 266 2344 τίσας
316 2282 615 2347 έπίσκοπος,
670 2280 732 2339 ἣν
775 2278 1017 2342 Ῥοδανός
1068 2283 1344 2357 παραρρεῖ,
1391 2278 1710 2354 διαδεξάμε-

114 2394 202 2436 νος
253 2375 516 2438 Ποθεινόν,
570 2369 642 2442 ἔφ’
693 2370 833 2433 ὅλοις
883 2373 1048 2424 ἔτεσιν
1093 2371 1420 2430 ἐννενήκοντα
1452 2380 1526 2443 τῷ
1581 2391 1712 2445 μαρ-

111 2467 279 2535 τυρίῳ
309 2465 404 2515 σὺν
441 2466 550 2522 τοῖς
595 2459 644 2512 έν
701 2459 890 2533 Γαλλίᾳ
937 2463 1169 2534 μάρτυσι
1215 2461 1561 2527 τελειωθέντα,
1593 2465 1710 2535 περὶ

110 2552 179 2604 ὧν
210 2548 654 2624 διαληψόμεθαὶν
711 2546 927 2622 βραχεῖ,
989 2549 1253 2613 ἀκουστὴς
1302 2549 1491 2622 ἐγένετο
1537 2550 1709 2602 Πολυ-

110 2643 320 2714 κάρπου
366 2642 501 2693 κατὰ
556 2642 650 2697 τὴν
689 2637 892 2697 ἁπαλήν
934 2639 1095 2692 αὐτοῦ
1142 2639 1368 2699 ἠλικίαν.
1425 2644 1526 2693 Καὶ
1565 2639 1711 2701 οὗτος

119 2726 180 2783 δι
203 2729 366 2782 πολλὰ
400 2732 492 2781 καὶ
525 2723 752 2800 διάφορα
789 2733 996 2801 μνήμης
1038 2729 1163 2792 ἄξια
1191 2728 1551 2782 καταλέλοιπεν
1583 2729 1713 2781 ὑπο-

118 2823 381 2892 μνήματα.
415 2821 569 2871 Πέντε
597 2813 649 2870 δ’
681 2813 768 2869 οὖν
799 2816 938 2889 αὐτῷ
965 2822 1098 2888 μόνα
1134 2825 1222 2870 νῦν
1253 2823 1458 2894 φέρεται
1506 2833 1519 2848 ⁶
1561 2817 1595 2870 ἃ
1619 2819 1710 2869 καὶ

119 2907 404 2981 ἐπέγραψεν
431 2905 744 2978 Ἔλεγχον
773 2911 880 2960 καὶ
911 2906 1301 2983 ἀνατρσπην
1339 2915 1452 2970 τῆς
1479 2903 1713 2979 ψευδω-

115 3000 318 3068 νύμου
347 3000 664 3070 γνώσεως.
704 2995 785 3050 Ἐν
808 3000 978 3048 τοίνυν
1007 3004 1079 3068 τῷ
1109 2993 1335 3069 δευτέρῳ
1385 2998 1712 3067 συντάγματι

113 3087 336 3159 εὐγενῶς
372 3091 718 3160 παρίστησιν,
759 3087 832 3148 ὡς’
871 3089 960 3138 καὶ
1017 3083 1092 3138 ἐπ’
1139 3089 1300 3138 αὑτοῦ
1356 3088 1432 3138 ἔτι
1475 3093 1590 3147 ταῖς
1635 3083 1716 3136 ἐκ·

2447 1852 2667 1909 CAPUT
2707 1853 2846 1909 XIII.

1817 1957 1904 2014 De
1914 1957 2138 2035 Irenaeo
2150 1957 3046 2035 Lugdunensiepiseopo,utejus
3061 1978 3288 2035 quoque
3300 1971 3471 2024 atate

1884 2029 2303 2108 gradationes
2339 2037 2392 2086 et
2432 2029 3233 2108 vaticiniquivini'tusfquiz
3268 2052 3458 2108 prope

1887 2101 2062 2169 ﬁdem
2089 2101 2457 2167 excederent,
2489 2103 2607 2157 sint
2646 2103 2825 2161 edita.

1888 2189 2179 2245 Caeterum
2220 2189 2498 2257 Irenasus,
2532 2191 2946 2261 Lugdunensis
2974 2193 3246 2263 civitatis,
3277 2212 3467 2270 quam

1819 2277 2146 2335 Rhodanus
2174 2278 2537 2351 praeterﬂuit,
2571 2280 2917 2354 episcopus,
2947 2282 3196 2351 Pothini,
3228 2287 3332 2357 qui
3363 2302 3469 2343 no-

1818 2369 2070 2438 naginta
2094 2383 2288 2424 annos
2315 2373 2490 2425 nutus
2513 2385 2651 2426 cum
2678 2370 2922 2443 reliquis
2952 2372 3013 2428 in
3041 2373 3225 2430 Gallia
3244 2381 3469 2449 marty-

1818 2456 2008 2526 ribus,
2035 2457 2110 2512 de
2155 2456 2377 2527 quibus
2402 2457 2584 2530 paulo
2615 2464 2752 2530 post
2776 2475 3046 2530 agemus,
3081 2463 3260 2520 vitam
3291 2465 3463 2532 finiit,

1819 2560 2162 2601 successor:
2201 2547 2261 2601 in
2288 2552 2490 2604 tenera
2532 2564 2643 2605 sua
2680 2553 2853 2606 aetate
2882 2551 3193 2624 Polycarpi
3232 2555 3469 2611 auditor

1819 2633 1948 2703 fuit,
1979 2640 2035 2691 et
2091 2635 2279 2691 multa
2310 2637 2597 2708 variaque
2649 2639 2942 2696 memoria
2997 2641 3182 2711 digna
3237 2643 3471 2716 reliquit

1821 2729 2232 2780 monumenta.
2267 2725 2379 2781 Sed
2419 2725 2687 2799 quinque
2717 2728 2846 2798 ejus
2884 2736 3120 2786 exstant
3141 2731 3296 2794 libri,
3333 2734 3471 2805 qui-

1818 2811 1932 2869 bus
1959 2813 2192 2870 titulum
2221 2813 2376 2883 fecit,
2407 2814 2754 2884 Confutalio
2779 2823 2835 2873 et
2856 2820 3077 2876 eversio
3095 2820 3258 2889 falso
3285 2823 3475 2878 nomi-

1819 2906 1978 2958 nata
2017 2902 2277 2959 scientiae
2317 2903 2413 2975 (2).
2455 2904 2519 2960 In
2550 2905 2816 2962 secundo
2855 2923 3034 2978 porro
3070 2907 3224 2966 libro
3261 2909 3477 2968 diserte

1821 2991 2054 3057 astruit,
2087 2991 2287 3048 adhuc
2335 3008 2444 3048 suo
2475 2998 2745 3065 tempore
2794 2999 2853 3050 tu
2901 2996 3162 3052 ecclesiis
3212 2998 3504 3071 plurima

1823 3081 2116 3136 exstitisse
2141 3081 2359 3137 divinas
2391 3087 2447 3137 et
2484 3082 2774 3141 miracula
2802 3084 3035 3141 edentis
3064 3086 3294 3144 virtutis
3317 3090 3473 3146 indi-

113 3176 365 3238 κλησίαις
443 3182 542 3236 τῆς
617 3175 751 3235 θείας
830 3179 921 3228 καὶ
974 3171 1402 3247 παραδοξοποιοῦ
1453 3171 1716 3247 δυνάμεως

1833 3170 1938 3226 cia.
1994 3171 2080 3226 Ita
2123 3170 2283 3226 enim
2312 3171 2504 3242 inquit
2531 3188 2546 3227 :
2573 3173 2872 3230 «Tantum
2924 3174 3096 3231 abest
3124 3181 3188 3232 ut
3213 3181 3478 3236 exsusci-

114 3265 340 3319 πλεῖστα
395 3260 530 3322 ἦσαν
586 3265 654 3316 τὰ
707 3259 1092 3337 ὑποδείγματα.
1154 3268 1309 3336 Λέγει
1355 3266 1454 3340 γὰρ
1503 3263 1668 3324 οὕτως
1699 3278 1715 3294 ⁸

119 3376 148 3406 α
179 3360 441 3407 Τοσοῦτον
481 3348 771 3405 ἀποδέουσι
822 3359 915 3405 τοῦ
960 3356 1136 3427 νεκρὸν
1193 3352 1408 3426 ἐγεῖραι,
1471 3355 1640 3413 καθὼς
1690 3352 1718 3404 ὁ

113 3445 316 3516 Κύριος
358 3445 554 3516 ἤγειρε,
601 3447 692 3495 καὶ
739 3443 789 3494 οί
828 3440 1112 3499 ἀπόστολοι
1159 3439 1254 3495 διὰ
1296 3450 1603 3518 προσευχῆς
1627 3445 1718 3494 καὶ

115 3535 171 3584 ἓν
199 3539 264 3604 τῇ
321 3527 636 3603 ἀδελφότητι
666 3526 726 3582 δε
769 3529 1012 3592 πολλάκις
1056 3529 1151 3584 διὰ
1179 3533 1237 3583 τὸ
1284 3529 1592 3603 ἀναγκαῖον·
1625 3537 1687 3589 τῆ
1700 3551 1722 3592 ς

114 3623 263 3674 κατά
326 3623 484 3674 τόπον
558 3617 833 3680 ἐκκλησίας
896 3621 1076 3681 πάσης
1146 3619 1522 3692 αἰτησαμένης,
1591 3622 1724 3692 μετὰ

114 3714 368 3771 νηστείας
409 3713 502 3763 καὶ
551 3709 809 3770 λιτανείας
861 3708 1074 3775 πολλῆς,
1122 3707 1404 3784 έπέστρεψε
1430 3711 1488 3762 τὸ
1523 3716 1724 3780 πνεῦμα

113 3807 217 3854 τοῦ
261 3798 677 3859 τετελευτηκότος
712 3811 732 3832 ·“
773 3801 864 3851 καὶ
912 3799 1173 3874 ἐχαρίσθη
1213 3799 1241 3850 ό
1292 3799 1563 3872 ἄνθρωπος
1607 3804 1724 3859 ταῖς

117 3891 315 3962 εὐχαῖς
352 3897 451 3942 τῶν
483 3889 644 3962 ἁγίων
670 3908 700 3942 η
737 3892 838 3941 Καὶ
866 3888 1019 3949 αὖθις
1049 3905 1063 3918 ·
1103 3909 1123 3936 ε
1156 3887 1220 3942 Εἰ
1270 3884 1330 3941 δε
1375 3890 1580 3940 καὶτὸν
1627 3889 1725 3940 Κύ-

116 3998 237 4056 ριον
287 3974 662 4051 φαντασιωδῶς
705 3979 773 4031 τὰ
814 3984 1033 4030 τοιαῦτα
1076 3980 1413 4034 πεποιηκέναι
1444 3980 1722 4049 φήσουσιν,

121 4069 213 4122 ἐπὶ
267 4070 334 4120 τὰ
382 4069 681 4140 προφητικὰ
730 4065 1000 4139 ἀνοίγοντες
1051 4065 1261 4134 αὐτοὺς,
1311 4063 1364 4128 ἐξ
1411 4064 1577 4118 αὐτῶν
1613 4064 1730 4116 έπι-

123 4155 369 4230 δείξομεν
422 4159 593 4209 πάντα
631 4155 794 4218 οὕτως
845 4160 965 4230 περὶ
1028 4154 1188 4208 αὐτοῦ
1235 4160 1325 4207 καὶ
1379 4154 1728 4229 προειρῆσθαι

123 4252 222 4300 καὶ
271 4249 529 4318 γεγονέναι
613 4242 853 4318 βεϐαίως,
927 4249 1016 4298 καὶ
1069 4244 1224 4300 αὐτόν
1270 4248 1422 4317 μόνον
1476 4240 1605 4296 εἶναι
1642 4246 1728 4296 τόν

123 4338 250 4390 Υἱόν
300 4342 391 4388 τοῦ
440 4341 593 4388 Θεοῦ.
646 4337 734 4386 Διό
789 4338 874 4386 καὶ
934 4333 985 4386 ἐν
1037 4342 1110 4404 τῷ
1169 4332 1364 4386 ίκείνου
1419 4331 1630 4405 ὀνόματι
1682 4334 1731 4386 οἱ

127 4425 337 4485 ἀληθῶς
383 4423 543 4476 αὐτοῦ
574 4425 809 4496 μαθηταὶ
855 4423 976 4498 παρ’
1014 4427 1179 4475 αὑτοῦ
1217 4421 1455 4483 λαϐόντες
1510 4425 1603 4480 τὴν
1628 4422 1732 4494 χοὶ-

125 4533 236 4588 ριν,
292 4512 612 4565 ἐπιτελοῦσιν
669 4513 745 4564 ἐπ’
809 4511 1081 4584 εὐεργεσίᾳ
1130 4518 1194 4584 τῇ
1245 4519 1344 4562 τῶν
1401 4510 1590 4563 λοιπῶν
1649 4508 1733 4560 ἀν-

133 4606 376 4678 Θρώπων,
407 4603 579 4664 καθὼς
609 4602 681 4663 εἷς
728 4601 942 4661 ἕκαστος
993 4603 1086 4659 τὴν
1147 4596 1345 4675 δωρεὰν
1388 4599 1557 4672 εἴληφε
1607 4597 1732 4672 παρ’

132 4693 322 4746 αὐτοῦ.
371 4692 436 4743 Οἱ
483 4693 573 4763 μεν
614 4693 717 4763 γὰρ
758 4685 1016 4762 δαίμονας
1071 4689 1391 4754 ἐλαύνουσιν,
1449 4690 1498 4740 οἰ
1537 4684 1596 4741 δε
1643 4692 1733 4741 καὶ

130 4786 436 4855 πρόγνωσιν
483 4782 672 4853 ἔχουσι
723 4787 826 4832 τῶν
881 4778 1182 4852 μελλόντων,
1223 4783 1312 4831 καὶ
1351 4776 1606 4838 ὀπτασίας
1644 4782 1734 4829 καὶ

130 4871 323 4946 ῥήσεις
365 4871 696 4943 προφητικάς
729 4885 742 4899 ⁸
775 4867 919 4932 ἄλλοι
951 4864 1010 4922 δὲ
1058 4873 1176 4929 τοὺς
1204 4870 1488 4940 κάμνοντας
1518 4863 1611 4919 διὰ
1639 4866 1736 4927 τῆς

133 4969 237 5014 τῶν
288 4968 482 5034 χειρῶν
535 4958 813 5020 έπιθὲσεως
869 4958 1063 5029 ἰῶνται,
1120 4961 1210 5010 καὶ
1266 4959 1433 5029 ὑγιεῖς
1480 4954 1736 5009 ἀποκαθι-

138 5058 360 5105 στῶσιν.
418 5045 562 5108 Ἤδη
613 5044 694 5112 δε,
747 5050 817 5110 ὡς
863 5048 1069 5120 ἔφαμεν,
1100 5051 1191 5099 καὶ
1215 5050 1384 5121 νεκροὶ
1414 5046 1733 5120 ἠγέρθησαν,

135 5144 232 5192 καὶ
282 5141 592 5214 παρέμειναν
651 5140 744 5190 σὺν
834 5138 955 5209 ἡμίν
1035 5137 1202 5189 ἔτεσιν
1258 5137 1473 5196 ἱκανοῖς.
1529 5138 1629 5186 Καὶ
1683 5137 1736 5185 τί

134 5231 288 5304 γὰρ’;
315 5227 408 5280 οὐκ
438 5225 852 5301 ἱστινεάριθμὸν
900 5225 1058 5278 εἰπεῖν
1119 5232 1220 5276 τῶν
1256 5224 1628 5299 χαρισμάτων,
1669 5222 1738 5273 ὧν

137 5319 283 5371 κατὰ
307 5333 502 5378 παντός
527 5323 618 5370 τοῦ
663 5320 864 5388 κόσμου
896 5315 927 5373 ἡ
972 5311 1259 5372 Ἐκκλησία
1285 5315 1430 5389 παρὰ
1473 5318 1566 5365 τοῦ
1606 5317 1738 5365 Θεοῦ

1826 3259 2148 3316 tandorum
2167 3264 2544 3317 mortuorum
2563 3261 2743 3328 dono,
2763 3277 2870 3334 per
2886 3265 3239 3332 orationem,
3269 3283 3477 3340 quem-

1829 3349 2158 3406 admodum
2208 3349 2334 3422 ipse
2381 3350 2669 3406 Dominus
2711 3352 2890 3424 δυο
2933 3359 2990 3409 et
3042 3357 3299 3426 apostoli
3332 3358 3484 3416 fece-

1828 3445 1982 3508 runt,
2042 3437 2328 3510 polleant,
2389 3445 2452 3493 ut
2488 3455 2780 3512 persaepe,
2831 3445 3180 3500 necessitate
3231 3445 3484 3504 interve-

1829 3527 2048 3593 niente,
2063 3527 2212 3582 inter
2225 3527 2452 3595 fratres,
2480 3529 2729 3585 ecclesia
2753 3531 3005 3602 ejusloci
3037 3534 3202 3588 omni
3251 3542 3480 3603 orante,

1831 3623 1888 3671 et
1911 3615 2142 3686 jejunio
2172 3615 2487 3672 accedente
2539 3633 2610 3673 ac
2673 3618 3211 3689 supplicationibus
3257 3623 3480 3680 multis.

1834 3704 2074 3776 spiritus
2139 3705 2195 3759 in
2259 3719 2477 3777 corpus
2527 3705 2793 3761 defuncti
2848 3723 3139 3780 reversus,
3175 3710 3483 3785 homoque

1833 3794 2112 3866 precibus
2161 3797 2504 3848 sanctorum
2554 3793 2817 3850 donatus
2884 3795 3032 3851 sit.)
3081 3799 3145 3852 Et
3195 3814 3480 3856 rursum:

1839 3895 1883 3934 αῖ
1908 3881 2076 3947 Quod
2104 3881 2150 3936 si
2165 3897 2271 3952 per
2283 3887 2518 3952 spectra
2534 3887 2786 3952 tantum,
2811 3885 3206 3956 etquasifuco
3224 3887 3483 3961 objecto,

1834 3971 1949 4028 hac
1982 3971 2301 4026 Dominum
2357 3969 2569 4026 fecisse
2621 3970 2838 4040 dicent,
2873 3974 2948 4030 ad
2997 3975 3344 4046 prophetica
3372 3977 3485 4034 illis

1837 4059 2056 4131 scripta
2093 4057 2386 4124 deductis,
2417 4060 2826 4127 ostendemus,
2860 4063 3064 4120 omnia
3089 4064 3303 4122 istaita
3319 4067 3393 4123 de
3415 4083 3486 4125 eo

1837 4149 2144 4221 praedicta,
2203 4147 2572 4221 proindeque
2620 4149 2798 4206 etiam
2843 4157 3002 4208 certo
3023 4152 3180 4210 facta
3209 4171 3360 4222 esse,
3403 4159 3490 4230 ip-

1841 4254 2098 4310 sumque
2153 4236 2337 4293 solum
2383 4236 2592 4294 Filium
2647 4255 2776 4295 esse
2826 4241 2948 4296 Dei.
3016 4243 3391 4317 Quapropter
3427 4249 3490 4304 in

1839 4327 1968 4400 ejus
1989 4342 2234 4400 quoque
2266 4327 2512 4384 nomine
2558 4328 2680 4384 veri
2729 4332 3122 4404 germanique
3163 4333 3292 4405 ejus
3311 4335 3490 4393 disci-

1840 4417 1989 4490 puli,
2021 4420 2267 4487 accepta
2291 4415 2456 4472 abeo
2487 4418 2694 4487 gratia,
2708 4418 2832 4474 aliis
2858 4421 3205 4478 hominibus
3230 4423 3489 4496 benigne

1842 4507 2053 4572 facere,
2085 4506 2253 4561 sicuti
2283 4505 2362 4561 ab
2411 4521 2482 4561 eo
2527 4507 2780 4580 quisque
2811 4508 3039 4566 donum
3073 4517 3164 4567 est
3211 4528 3490 4570 consecu-

1843 4605 1956 4661 tus,
1990 4600 2391 4666 perseverant.
2436 4597 2583 4650 Nam
2629 4597 2878 4668 quidam
2938 4599 3244 4656 daemones
3295 4603 3492 4672 profli-

1842 4689 2004 4758 gant,
2048 4683 2230 4756 aliqui
2277 4683 2476 4740 futura
2528 4687 2954 4756 praenuntiant,
3001 4689 3382 4761 visionesque
3439 4697 3497 4749 et

1841 4788 2135 4846 responsa
2155 4772 2377 4828 habent
2403 4773 2770 4844 prophetica.
2797 4776 3072 4832 Nonnulli
3094 4779 3332 4846 aegrotis
3355 4779 3496 4835 sub-

1845 4863 2109 4927 veniunt,
2151 4866 2208 4916 et
2249 4876 2544 4916 manuum
2599 4862 2977 4934 impositione
3007 4879 3110 4920 eos
3148 4867 3490 4922 restituunt.

1843 4953 1971 5008 Jam
2002 4965 2160 5018 vero,
2204 4948 2376 5004 sicuti
2405 4950 2682 5021 diximus,
2715 4951 2932 5007 mortui
2963 4953 3140 5008 etiam
3161 4955 3492 5012 resuscitati

1845 5045 2000 5105 sunt,
2029 5039 2132 5111 qui
2181 5038 2326 5094 satis
2373 5038 2478 5093 diu
2517 5038 2668 5094 inter
2695 5055 2807 5094 nos
2835 5039 3073 5096 fuerunt
3122 5045 3492 5115 superstites.

1847 5128 1998 5194 Quid
2029 5127 2185 5182 enim
2213 5127 2410 5183 dicam
2433 5127 2461 5182 ?
2485 5143 2623 5182 cum
2680 5143 3001 5184 numerum
3056 5129 3355 5188 donorum
3396 5133 3495 5190 Dei

1846 5217 1992 5273 inire
2024 5231 2144 5273 non
2174 5215 2364 5280 liceat,
2391 5231 2529 5287 quas
2555 5230 2658 5286 per
2686 5217 2894 5272 orbem
2925 5222 3217 5276 terrarum
3244 5236 3491 5278 omnem

1847 5305 2102 5363 Ecclesia
2131 5321 2167 5363 a
2194 5305 2314 5361 Deo
2360 5311 2623 5376 accepta,
2671 5304 2733 5359 in
2781 5306 3025 5363 nomine
3082 5310 3218 5365 Jesu
3257 5308 3495 5380 Christi,

239 5515 265 5570 t
321 5512 454 5566 οὐκ
480 5510 765 5584 ῖφὺλαξε.
798 5507 1031 5568 Servari
1054 5507 1153 5564 hic
1179 5506 1432 5572 dictum,
1462 5505 1618 5564 sicut
1643 5502 1810 5578 apud
1844 5501 2198 5568 Terentium,
2228 5501 2326 5559 Me
2352 5499 2622 5573 infensus
2647 5507 2871 5560 servat.

168 5565 188 5663 ξ
211 5514 296 5663 ἱὲζ
322 5585 738 5663 Gnosticorum
762 5581 1184 5641 haereticorum
1206 5577 1512 5642 videlicet;
1893 5620 1914 5634 ,

164 5633 188 5664 ἱ

322 5577 738 5669 Gnosticorum
762 5581 1184 5641 haereticorum
1206 5577 1512 5642 videlicet;
