4040 6224
636 276 777 335 1007

1947 271 2337 330 NICEPHORI
2379 271 2698 328 CALLISTI

3807 280 3911 338 {(1)8

625 402 741 458 sub
762 401 966 458 Pontio
992 400 1173 457 Pilato
1200 399 1488 465 crucifixi,
1522 399 1786 472 quotidie
1840 398 2080 472 populis
2104 399 2252 456 bene

2360 396 2658 464 ,λαϐοῦσα,
2703 395 2752 450 ἐν
2811 405 2884 470 τῷ
2943 396 3159 472 ὀνόματι
3185 396 3363 457 Ἰησοῦ
3412 405 3632 471 Χριστοῦ
3670 400 3748 454 τοῦ
3793 422 3912 458 σταυ.
3982 427 3983 472 ἡ

624 491 903 548 faciendo
931 490 1166 546 exhibet
1195 494 1249 545 et
1270 495 1512 562 prastat
1541 489 1569 546 ἵ
1595 503 1790 562 neque
1822 489 2175 562 quempiam
2188 488 2288 544 de-

628 580 939 643 fraudans.
974 595 1168 652 neque
1195 585 1509 652 argentum
1536 595 1890 648 emungens.
1913 578 2097 636 Sicuti
2124 579 2283 635 enim

621 670 877 741 gratuito
904 685 940 725 a
978 672 1096 724 Deo
1147 670 1394 741 accepit,
1428 671 1507 724 ita
1547 669 1723 725 etiam
1757 668 2017 739 gratuito
2056 683 2126 724 ea
2160 667 2279 723 dis-

619 763 854 832 pensat.
874 780 903 811 »
921 758 1148 814 Similia
1196 774 1440 831 quoque
1457 759 1576 814 alio
1603 758 1732 814 loco
1747 757 1997 829 profert:
2020 777 2048 809 ι(
2073 757 2284 813 Sicuti-

617 847 840 903 multos
857 847 1140 902 audimus
1162 847 1372 902 fratres
1393 847 1450 902 in
1473 846 1729 902 Ecclesia
1749 847 2100 918 prophetica
2121 847 2281 902 dona

616 936 924 1003 habentes,
958 937 1141 992 variis
1172 952 1277 1008 per
1310 936 1592 1008 Spiritum
1621 936 1837 1007 linguis
1865 935 2054 1008 loqui,
2087 935 2278 992 homi-

616 1041 887 1098 numque
917 1025 1150 1081 occulta
1183 1027 1239 1080 in
1270 1026 1488 1091 lucem,
1522 1025 1786 1080 utilitatis
1808 1041 2017 1081 eorum
2059 1024 2273 1096 gratia,

615 1114 902 1187 proferre,
935 1120 993 1180 et
1022 1115 1312 1186 mysteria
1335 1129 1674 1186 arcanaque
1709 1113 2070 1170 Deiconsilia
2083 1112 2277 1169 decla-

615 1219 769 1262 rare.
800 1225 828 1255 ››
869 1204 1004 1259 Hac
1025 1203 1340 1260 hactenus.

1244 1398 1470 1455 CAPUT
1512 1399 1641 1454 XIV.

625 1508 698 1565 Ut
733 1508 992 1564 [renatis
1029 1505 1483 1570 Scripturarum
1521 1505 1797 1561 divinitus
1834 1505 2273 1575 inspiratarum

685 1580 1047 1635 meminerit:
1060 1585 1113 1634 et
1127 1578 1200 1633 de
1212 1581 1255 1631 A
1265 1580 1483 1648 pocaty
1491 1579 1580 1642 psi
1589 1579 1920 1650 ,loannis,et
1935 1579 2008 1635 de
2023 1579 2274 1650 Septua-

662 1716 664 1719 ι
682 1652 850 1723 ginta
882 1651 1277 1720 interpretum
1309 1649 1727 1706 translatione.

689 1830 849 1887 Facit
879 1831 928 1885 is
974 1830 1151 1885 etiam
1201 1845 1508 1886 sacrarum
1543 1829 1982 1901 Scripturarum
2022 1828 2273 1884 mentio-

611 1935 773 1986 nem,
815 1923 873 1975 et
907 1919 1494 1975 testamentariorum
1546 1918 1857 1984 librorum,
1898 1917 2093 1990 primo
2137 1917 2272 1974 loco

609 2017 869 2082 quatuor
890 2007 1211 2078 Evangelia
1255 2008 1686 2073 recensens,ita
1714 2006 1830 2062 fere
1865 2007 2038 2063 sicuti
2069 2023 2180 2064 nos
2211 2007 2271 2063 in

606 2098 728 2154 ﬁne
766 2098 1011 2153 secundi
1063 2096 1210 2152 tomi
1259 2096 1675 2167 exposuimus.
1716 2097 1779 2150 In
1813 2096 2026 2168 quinto
2066 2102 2266 2152 autem

607 2187 951 2258 argumenti
982 2187 1110 2256 ejus
1140 2185 1307 2258 quod
1338 2185 1565 2240 dictum
1580 2190 1668 2240 est
1693 2183 1866 2252 libro,
1893 2185 2064 2256 301
2092 2184 2269 2241 Joan-

605 2277 698 2333 nis
725 2291 968 2349 quoque
993 2273 1407 2347 Apocalypsis,
1449 2272 1836 2346 epistolaque
1858 2274 2009 2344 ejus,
2041 2279 2097 2329 et
2125 2274 2265 2329 item

605 2367 750 2422 Petri
775 2364 1040 2437 epistola
1065 2363 1355 2419 meminit.
1378 2365 1457 2418 De
1487 2363 1853 2435 Apocalypsi
1882 2379 2023 2418 vero
2054 2368 2107 2418 et
2138 2363 2266 2420 hac

609 2455 815 2516 scribit
848 2473 862 2510 :
901 2473 929 2505 ‹‹
956 2457 1084 2510 Hac
1111 2453 1194 2508 sic
1214 2452 1652 2524 habent,atque
1675 2452 1732 2506 in
1751 2451 2054 2508 ominibus
2069 2467 2264 2507 emen-

602 2544 758 2600 datis
783 2550 840 2600 et
868 2543 1133 2614 antiquis
1163 2541 1611 2614 exemplaribus
1646 2557 1927 2598 numerus
1968 2543 2076 2597 iste
2103 2541 2266 2597 inve-

599 2635 780 2690 nitur.
812 2631 1227 2688 Testiﬁcantur
1251 2631 1367 2686 hoc
1406 2630 1584 2687 etiam
1615 2630 1696 2685 illi
1719 2631 1824 2702 qui
1847 2631 2144 2686 Joannem
2186 2631 2260 2688 de

597 2721 750 2779 facie
777 2722 1058 2777 viderunt
1091 2737 1103 2774 :
1139 2720 1440 2792 verbaque
1490 2721 1736 2791 insuper
1774 2721 1905 2791 ipsa
1952 2719 2262 2776 declarant

599 2827 924 2868 numerum
990 2810 1250 2865 nominis
1307 2808 1514 2865 bestia
1568 2809 1668 2880 (1),
1713 2809 1885 2879 juxta
1919 2810 2257 2865 Gracorum

600 2900 917 2964 calculum.
949 2914 1055 2971 per
1076 2915 1177 2955 eas
1215 2914 1351 2970 qua
1390 2897 1451 2952 in
1482 2913 1556 2952 ea
1585 2903 1722 2953 sunt
1749 2897 1972 2953 litteras
1999 2914 2131 2953 esse
2159 2914 2258 2954 ex-

599 3004 899 3061 pressum.
933 3008 960 3041 ιο
998 2990 1064 3043 Et
1102 3003 1340 3042 rursum
1373 3003 1386 3040 :
1420 3007 1445 3036 α
1487 2989 1612 3042 Non
1639 2987 1919 3058 equidem
1947 3002 2070 3042 non
2098 2987 2256 3058 peri-

599 3077 941 3132 clitabimur
971 3075 1040 3130 de
1080 3076 1324 3131 nomine
1353 3074 1697 3129 Antichristi
1729 3075 2064 3146 quidquam
2091 3081 2251 3132 certo
2282 3106 2320 3162 ρ

600 3181 937 3222 asseverare
963 3172 1019 3220 et
1048 3164 1428 3219 conﬁrmare.
1458 3163 1630 3228 Quod
1666 3163 1712 3217 si
1744 3162 1903 3218 enim
1939 3164 2052 3219 hac
2081 3171 2250 3222 atate

596 3270 820 3312 nomen
860 3255 990 3324 ejus
1021 3253 1337 3325 propalam
1377 3252 1766 3324 pradicatum
1797 3258 2116 3321 oporteret,
2146 3269 2251 3325 per

597 3360 738 3400 cum
759 3343 818 3399 id
849 3343 1178 3398 indicatum
1221 3341 1450 3409 fuisset,
1481 3341 1583 3413 qui
1609 3339 2031 3412 Apocalypsim
2071 3347 2129 3398 et
2155 3358 2248 3397 re-

595 3432 950 3489 velationem
977 3432 1170 3503 ipsam
1198 3430 1363 3485 vidit.
1393 3432 1518 3485 Non
1543 3430 1625 3484 ita
1651 3429 1882 3484 dudum
1917 3445 2179 3502 namque
2199 3431 2248 3487 is

594 3523 760 3578 visus
788 3527 894 3586 est,
929 3525 1130 3576 nostra
1171 3534 1360 3591 prope
1407 3523 1599 3582 atate,
1653 3518 1882 3574 circiter
1937 3520 2248 3576 Domitiani

595 3610 830 3683 imperii
873 3609 1076 3664 ﬁnem.
1112 3628 1140 3660 »
1177 3608 1531 3665 Mentionem
1589 3607 1764 3663 etiam
1812 3610 2070 3663 lrenaus
2109 3608 2248 3666 facit

598 3701 912 3772 Sapientia
946 3697 1304 3755 Salomonis.
1349 3696 1831 3769 Recipitquoque
1861 3713 2000 3753 eum
2031 3697 2134 3770 qui
2161 3699 2247 3754 di-

594 3789 744 3846 citur
771 3788 1034 3844 Pastoris
1073 3787 1315 3850 librum,
1340 3787 1511 3856 cujus
1547 3785 1646 3842 illo
1691 3787 1871 3841 utitur
1908 3787 2246 3844 testimonio

592 3883 652 3934 et
715 3879 1066 3934 auctoritate
1123 3892 1143 3929 :.
1199 3878 1370 3932 Recte
1435 3874 1615 3945 igitur
1682 3875 1983 3947 Scriptura
2041 3875 2181 3931 dicit
2229 3891 2242 3930 :

593 3989 622 4021 α
665 3967 849 4023 Crede
880 3969 938 4021 in
978 3965 1188 4038 primis
1230 3980 1416 4020 unum
1468 3979 1600 4020 esse
1658 3967 1864 4029 Deum,
1901 3964 2002 4036 qui
2034 3964 2245 4022 omnia

596 4058 816 4112 creavit
844 4061 900 4111 et
929 4054 1190 4127 perfecit.
1231 4074 1259 4104 ν
1281 4053 1530 4110 Meminit
1577 4055 1719 4109 item
1767 4053 2100 4125 presbyteri
2136 4069 2244 4109 cu-

582 4145 829 4218 jusdam
856 4144 1201 4216 apostolica
1231 4143 1368 4198 vita
1399 4143 1528 4210 viri,
1559 4142 1732 4214 cujus
1763 4157 1985 4198 nomen
2002 4158 2123 4198 non
2145 4159 2242 4199 ex-

584 4235 804 4307 primit.
839 4235 958 4304 Ego
990 4238 1190 4289 autem
1213 4234 1505 4288 Joannem
1523 4231 1775 4287 alterum
1803 4247 1936 4286 esse
1966 4234 2238 4305 puto,qui

583 4323 797 4395 Ephesi
852 4323 974 4391 fuit,
1008 4322 1322 4394 presbyter
1372 4321 1456 4375 ita
1522 4320 1968 4393 cognominatus
2011 4342 2023 4375 :
2066 4322 2236 4393 cujus

580 4414 761 4468 etiam
816 4412 1222 4468 enarrationes
1274 4415 1330 4465 et
1381 4409 1541 4466 dicta
1590 4409 2006 4466 memorabilia
2051 4411 2240 4469 multa
2271 4451 2312 4506 Β

580 4503 812 4574 scriptis
861 4501 984 4556 suis
1025 4500 1244 4555 inserit.
1289 4498 1554 4554 Meminit
1576 4504 1863 4571 praterea
1919 4499 2237 4557 Clementis

578 4597 635 4650 et
663 4592 900 4660 Justini,
931 4605 1259 4660 eorumque
1286 4588 1419 4644 loca
1448 4589 1731 4660 quadam
1763 4588 2156 4658 allegat.Qua
2187 4592 2236 4646 is

574 4688 775 4739 autem
797 4681 872 4736 de
905 4678 1296 4751 Septuaginta
1316 4677 1706 4749 interpretum
1736 4677 2124 4735 translatione
2147 4679 2235 4736 di-

571 4772 792 4829 vinitus
824 4770 1249 4842 inspiratarum
1271 4767 1712 4838 Scripturarum
1733 4766 2231 4841 scribat,aquum

569 4863 765 4921 visum
780 4860 1069 4932 estipsius
1097 4857 1292 4914 verbis
1314 4855 1548 4912 referre.
1580 4879 1607 4908 «
1635 4860 1840 4928 Itaque
1874 4856 2028 4912 Deus
2046 4858 2230 4915 homo

565 4949 762 5008 factus
795 4958 905 5018 est,
941 4957 996 5004 et
1021 4949 1148 5021 ipse
1187 4948 1472 5003 Dominus
1519 4945 1769 5002 salvavit
1805 4961 1940 5014 nos,
1976 4946 2228 5017 virginis

568 5041 742 5113 signo
769 5037 1069 5095 exhibito:
1101 5045 1154 5092 et
1192 5052 1313 5093 non
1350 5035 1523 5092 sicuti
1560 5035 1808 5107 quidam
1832 5034 2059 5101 dicunt,
2094 5050 2228 5108 per-

561 5144 772 5203 peram
804 5128 1118 5184 transferre
1143 5127 1508 5199 Scripturam
1535 5123 1666 5181 ausi
1686 5143 1698 5181 :
1717 5125 1869 5182 Ecce
1895 5125 2227 5183 adolescen-

565 5221 694 5277 tuta
721 5227 954 5277 uterum
982 5217 1252 5288 gestabit,
1281 5223 1335 5273 et
1365 5215 1560 5285 pariet
1587 5214 1784 5284 ﬁlium
1812 5215 1932 5272 :ita
1957 5223 2017 5271 ut
2042 5215 2226 5272 Theo-

557 5306 722 5369 dotio
737 5306 1053 5380 Ephesius,
1073 5311 1129 5362 et
1145 5306 1390 5378 Aquilas
1410 5305 1709 5372 Ponticus,
1729 5304 1918 5360 Judai
1939 5304 2224 5378 proselyti

621 5453 779 5525 (1)1n
800 5452 1046 5525 Irenaeo,
1073 5451 1148 5525 de
1179 5449 1564 5525 inquisitione
1596 5448 1828 5512 numeri
1856 5453 1913 5525 et
1937 5447 2218 5525 nominis

549 5521 887 5581 AntiCbristi
903 5524 1094 5580 timide
1107 5521 1345 5578 simulet
1358 5521 1600 5577 sollicite
1618 5522 2015 5592 agente,circa
2033 5521 2218 5592 tinem

547 5595 684 5657 Libri
708 5597 922 5671 quinti,
945 5595 1092 5655 illud
1107 5592 1373 5653 maxime
1393 5591 1864 5659 observandum,
1883 5591 2050 5666 quod
2077 5591 2221 5652 fati-

2394 490 2653 560 ρωθέντος
2705 490 2791 541 ἐπὶ
2848 492 3069 541 Ποντίου
3126 487 3355 540 Πιλάτου
3413 487 3626 558 ἑκάστης
3660 491 3823 564 ἡμέρας
3859 496 3914 548 ἐπ’

2394 576 2670 652 εὐεργεσίᾳ
2714 585 2777 651 τῇ
2835 585 2935 629 τῶν
2986 577 3138 630 έθνῶν
3197 576 3436 645 έπιτελεῖ,
3492 581 3615 649 μήτε
3672 577 3914 641 ἔξαπατῶοιὶ
3982 589 3983 652 ξ

2393 647 2557 732 τινας,
2604 647 2761 739 pari
2790 665 3253 742 έξαργυριζομένη,
3302 666 3392 729 Ὠς
3437 647 3537 740 γάρ
3587 663 3762 743 δωρεὰν
3809 671 3915 726 ἔλαϐε
3982 647 3983 666 γ

2389 758 2535 830 παρὰ
2587 760 2734 821 Θεού,
2799 751 3000 832 δεωρὰν
3055 760 3146 809 καὶ
3203 752 3459 810 διακονεῖ.
3506 779 3534 806 κ
3585 761 3675 810 Καὶ
3721 756 3762 808 ἰν
3806 759 3912 832 ἑτέρῳ

2391 840 2451 898 δί
2474 844 2610 917 λόγῳ
2653 848 2720 898 τὰ
2758 845 3108 920 παραπλήσια
3152 844 3287 917 λέγει
3321 861 3332 874 ·
3367 864 3398 895 ει
3440 846 3620 906 Καθὼς
3661 851 3740 898 καὶ
3768 847 3912 901 πολλῶν

2389 932 2642 1006 ἀκούομεν
2681 931 2914 1006 ἀδελφῶν
2963 933 3013 986 ἐν
3041 941 3104 1008 τῇ
3159 933 3448 1008 Ἐκκλησία
3498 938 3773 1008 προφητικὰ
3801 957 3913 1011 χαρι-

2389 1041 2566 1096 σματα
2607 1025 2860 1096 έχὸντων,
2914 1028 3004 1077 καὶ
3035 1020 3402 1086 παντοδαπαῖς
3448 1022 3718 1077 λαλούντων
3756 1021 3833 1078 διὰ
3852 1035 3912 1079 τού

2387 1115 2686 1184 Πνεύματος
2723 1109 3016 1184 γλώσσαις,
3067 1117 3159 1166 καὶ
3205 1115 3273 1166 τὰ
3317 1115 3512 1185 κρύφια
3557 1121 3651 1165 τῶν
3699 1111 3911 1187 ἀνθρώπων

2385 1202 2457 1264 εἰς
2495 1205 2708 1278 φανερὸν
2745 1199 2971 1273 ἀγόντων
3028 1201 3111 1256 ἐπὶ
3141 1209 3213 1273 τῷ
3270 1205 3606 1276 συμφέροντι,
3645 1207 3726 1254 καὶ
3773 1205 3828 1254 τὰ
3848 1224 3910 1275 ειν-

2387 1295 2582 1366 στήρια
2618 1298 2710 1344 τοῦ
2767 1298 2902 1345 Θεοῦ
2941 1288 3387 1364 ὲκδιηγουμένων.
3425 1311 3450 1343 ι
3483 1293 3757 1364 Ταῦτα
3780 1293 3909 1354 οὕτως.

2993 1401 3238 1454 ΚΕΦΛΔ.
3280 1397 3378 1454 ΙΔ’.

2382 1501 2589 1566 Ὀπως
2640 1505 2666 1556 ὁ
2715 1503 3062 1578 Εἰρηναῖος
3099 1513 3218 1558 τῶν
3268 1506 3697 1578 θεοπνεύστων
3733 1525 3909 1578 μνημοι

2452 1576 2910 1651 νεύειΓραφῶν
2937 1594 2950 1606 ·
3007 1581 3298 1649 καὶπερὶ
3340 1576 3749 1651 τῆςξῐωάννου
3775 1577 3908 1651 Ἀπο-

2453 1645 2823 1724 καλύψεωςὀ
2888 1653 2996 1702 καὶ
3058 1645 3336 1724 περὶτῆς
3384 1645 3908 1711 έκδόσεωςτῶνἘϐο

2313 1750 2354 1806 Β
2454 1715 2872 1804 δομηκονταη

2453 1824 2646 1879 Μνείαν
2695 1821 2755 1878 δὲ
2785 1828 2873 1877 καὶ
2925 1825 3077 1902 οὗτος
3127 1833 3228 1878 τῶν
3277 1827 3424 1878 θείων
3469 1832 3691 1878 ποιεῖται
3736 1830 3909 1899 Γραφᾶη,

2379 1917 2470 1966 καὶ
2516 1921 2617 1966 τῶν
2656 1909 2980 1973 ἓνδιαθήκων
3027 1916 3224 1978 ταύτης
3263 1911 3478 1988 βιϐλίων
3521 1931 3535 1945 ·
3585 1919 3671 1967 καὶ
3712 1933 3912 1988 προηγονσ

2377 2006 2541 2074 μένως
2589 2005 2682 2075 μεν
2740 2010 2840 2056 τῶν
2891 2005 3160 2078 τεσσάρων
3226 2002 3556 2076 Εύαγγελίων
3609 2010 3814 2056 ποιεῖται
3848 2023 3909 2054 κε·

2377 2091 2614 2164 τάλογον,
2656 2095 2726 2154 ὡς
2755 2089 2825 2152 δὴ
2866 2097 2956 2146 καὶ
2994 2095 3120 2165 ἡμῖν
3153 2090 3352 2165 σχεδὸν
3381 2095 3435 2146 έν
3459 2102 3533 2164 τῷ
3570 2093 3695 2147 τέλει
3729 2100 3808 2146 τού
3831 2091 3912 2146 δεν-

2375 2185 2525 2256 τέρου
2582 2186 2744 2254 τόμου
2786 2178 3089 2240 διείληπται
3123 2185 3212 2234 ’ἐν
3267 2178 3327 2236 δέ
3367 2201 3428 2254 γε
3477 2191 3551 2254 τῷ
3603 2188 3800 2256 πέμπτῳ
3846 2190 3913 2244 τῆς

2374 2269 2537 2324 αὐτοῦ
2569 2272 2862 2334 ὑποθέσεως
2899 2278 2996 2334 τῆς
3037 2271 3274 2325 Ἰωάννου
3325 2276 3503 2344 μνείαν
3556 2272 3768 2325 ποιεῖται
3802 2272 3913 2326 Ἀπο-

2371 2359 2661 2430 καλύψεως,
2691 2366 2782 2413 καὶ
2841 2369 2938 2422 τῆς
2966 2360 3244 2423 ἂπιστολῆς
3274 2363 3436 2414 αὒτοῦ
3471 2366 3565 2414 καὶ
3611 2368 3698 2414 τοῦ
3745 2364 3910 2436 Πέτρον.

2374 2454 2499 2524 Περὶ
2545 2445 2604 2502 δὲ
2629 2457 2724 2512 τῆς
2770 2448 3174 2521 Ἀποκαλύψεως
3219 2454 3311 2503 καὶ
3358 2457 3529 2503 ταῦτα
3572 2449 3699 2522 ὶέγει
3732 2471 3745 2484 ο
3773 2453 3912 2503 «Τού-

2369 2557 2468 2591 των
2499 2539 2664 2601 ούτως
2709 2541 2937 2612 ἑχόντων
2974 2544 3065 2592 καὶ
3104 2538 3154 2591 ἐν
3188 2545 3324 2592 πᾶσι
3370 2547 3479 2602 τοῖς
3533 2536 3821 2602 σπουδαίοις
3849 2545 3910 2591 καὶ

2370 2625 2618 2701 ἀρχαίοις
2671 2636 2772 2680 τῶν
2825 2628 3153 2703 ἀντιγράφων
3203 2637 3297 2683 τοῦ
3353 2628 3583 2703 ἀριθμοῦ
3629 2633 3796 2684 τούτου
3839 2649 3912 2682 κει-

2366 2721 2544 2790 μένου,
2613 2721 2698 2770 καὶ
2755 2721 3159 2794 μαρτυρούντων
3217 2719 3384 2773 αὐτῶν
3433 2719 3635 2773 ἐκείνων
3694 2729 3781 2772 τῶν
3826 2725 3910 2771 κατ’

2366 2805 2485 2878 ὄψιν
2526 2809 2614 2858 τὸν
2661 2806 2914 2865 ,Ἰωάννην
2951 2809 3270 2882 ἑωρακότων,
3325 2813 3416 2862 καὶ
3471 2816 3566 2861 τοῦ
3617 2808 3760 2880 λόγου
3795 2804 3912 2861 (Mai.

2365 2913 2582 2958 σκοντος
2610 2897 2751 2968 ἡμᾶς
2798 2898 2879 2949 ὅτι
2906 2898 2934 2949 ὁ
2965 2895 3187 2970 ἀριθμὸς
3233 2905 3327 2950 τοῦ
3365 2896 3617 2971 ὀνόματος
3652 2905 3737 2951 τοῦ
3768 2900 3909 2971 θηρίου

2361 2987 2499 3038 κατὰ
2539 2989 2634 3044 τὴν
2686 2983 2934 3043 Ἑλλήνων
2977 2984 3152 3059 ψῆφον
3200 2981 3295 3040 διὰ
3333 2995 3433 3039 τῶν
3463 2989 3514 3038 ἓν
3556 2987 3691 3059 αύτῷ
3713 2988 3911 3059 γραμμά-

2359 3091 2458 3126 των
2511 3075 2828 3147 έμφαίνεται.
2882 3097 2911 3125 ιι
2936 3075 3041 3130 Καὶ
3095 3074 3251 3128 πάλιν
3273 3091 3288 3106 ’
3319 3095 3351 3128 «ε
3377 3075 3559 3149 Ἡμεῖς
3577 3076 3662 3129 ούν
3689 3076 3774 3129 οὐκ
3813 3073 3910 3128 ἀπο-

2358 3158 2722 3235 κινδυνεύομεν
2783 3168 2902 3235 περὶ
2970 3171 3064 3217 τοῦ
3133 3163 3387 3237 ὀνόματος
3435 3172 3531 3218 τοῦ
3587 3165 3908 3239 Ἀντιχρίστον

2359 3251 2757 3325 ἁποφαίνόμενοι
2811 3249 3181 3326 βεϐαιωτικῶς.
3240 3253 3300 3307 Εἰ
3350 3257 3452 3328 γὰρ
3513 3251 3622 3308 ἔδει
3669 3250 3906 3326 ἁναγανδὰν

2358 3349 2430 3412 τῷ
2468 3349 2556 3393 νῦν
2587 3349 2752 3416 καιρῷ
2805 3344 3159 3416 κηρύττεσθαι
3209 3346 3442 3415 τοῦνομα
3487 3344 3667 3408 αύτού,
3716 3339 3782 3395 δι’
3814 3341 3907 3394 ἑκεί-

2355 3449 2444 3482 νου
2475 3429 2536 3481 ἆν
2565 3428 2743 3505 έρρέθη
2794 3438 2890 3484 τοῦ
2945 3435 3040 3490 τὴν
3107 3431 3466 3504 Ἀποκάλύψιν
3522 3433 3806 3506 ἑωρακότος.
3853 3429 3906 3481 Οὔ

2354 3521 2455 3592 γὰρ
2486 3523 2587 3594 πρὸ
2614 3519 2802 3572 πολλοῦ
2840 3525 3038 3594 χρόνον
3070 3521 3295 3595 έωράθη,
3340 3520 3466 3574 ἀλλὰ
3512 3518 3708 3594 σχεδὸν
3752 3520 3906 3578 iniri;

2354 3609 2605 3682 ἡμετέρας
2655 3615 2852 3679 γενεᾶς,
2881 3614 3011 3686 πρὸς
3061 3618 3136 3682 τῷ
3188 3611 3322 3666 τέλει
3366 3619 3462 3674 τῆς
3511 3617 3805 3685 Δομετιανοῦ
3845 3607 3909 3666 ἀρ·

2352 3704 2482 3769 χῆς.
2519 3718 2545 3749 ι
2604 3702 2877 3771 Μέμνηται
2919 3700 2946 3751 ὁ
3009 3698 3286 3774 Εἰρηναῖος
3340 3706 3430 3754 καὶ
3497 3709 3590 3763 τῆς
3645 3700 3909 3772 Σολομῶντος

2353 3792 2554 3859 Σοφίας.
2589 3784 2945 3860 Ἀποδέχεται
2995 3784 3056 3842 δε
3093 3794 3184 3842 καὶ
3213 3794 3308 3850 τὴν
3333 3798 3426 3843 τοῦ
3455 3794 3759 3864 Ποιμένος
3801 3787 3909 3858 λησ-

2353 3879 2508 3947 μένην
2539 3873 2738 3949 βίϐλον,
2769 3882 3042 3950 χρώμενος
3087 3877 3247 3940 αὐτῆς
3289 3884 3381 3933 καὶ
3436 3882 3603 3953 ταύτῃ
3654 3886 3715 3952 τῇ
3751 3895 3906 3950 μαρτυ·

2351 3969 2442 4038 Ρίᾳ
2483 3982 2496 3995 ⁶
2559 3965 2739 4027 καλῶς
2794 3962 2882 4018 οὖν
2933 3969 2964 4026 ἦ
3028 3972 3206 4041 Γραφὴ
3255 3970 3285 4027 ἡ
3345 3968 3595 4041 λέγουσα,
3654 3988 3683 4021 ιι
3740 3973 3907 4040 Πρῶτον

2349 4055 2554 4107 πάντων
2634 4059 2937 4122 πίστευσον,
3010 4058 3092 4110 ὅτι
3164 4053 3238 4120 εἷς
3306 4056 3449 4112 ἔστιν
3497 4059 3525 4112 ὁ
3600 4060 3743 4122 Θεὸς,
3795 4057 3906 4108 ὸτέι

2348 4145 2519 4196 πάντα
2583 4149 2773 4206 κτίσας
2851 4149 2943 4198 καὶ
3019 4151 3364 4222 καταρτίσας.
3410 4168 3435 4199 ι
3514 4151 3776 4221 Μέμνηται
3839 4146 3904 4196 καὶ

2348 4231 2700 4308 πρεσϐυτέρου
2759 4237 2898 4297 τινὸς
2949 4233 3299 4289 ἀποστολικοῦ
3354 4239 3441 4290 τὸν
3489 4233 3607 4311 βίον
3647 4231 3904 4309 ἀνδρὸς,οὗ

2346 4324 2406 4373 τὸ
2432 4325 2592 4394 ὄνομα
2621 4322 2682 4374 ού
2714 4319 2870 4382 δηλοῖ
2902 4339 2914 4353 ⁶
2945 4323 3044 4396 έγώ
3076 4320 3135 4377 δε
3164 4325 3312 4398 οἶμαι
3362 4328 3450 4378 τὸν
3499 4322 3737 4402 δεύτερον
3769 4322 3901 4376 Ἰωάν-

2345 4430 2436 4469 νην
2477 4411 2606 4464 εἶναι
2656 4414 2744 4464 τὸν
2800 4411 2848 4465 έν
2888 4413 3104 4485 Ἐφέσῳ,
3159 4413 3510 4488 πρεσϐύτερον
3568 4415 3702 4468 ὀῦτω
3749 4411 3900 4466 καλοὺ-
3982 4427 3983 4488 l

2345 4519 2493 4571 μενον
2533 4516 2546 4530 ’
2580 4500 2641 4554 οὗ
2665 4506 2756 4554 καὶ
2779 4500 3058 4574 ἐξηγήσεις
3107 4509 3198 4556 καὶ
3249 4503 3753 4578 ἀπομνημονεύματα
3777 4498 3899 4555 πολλὰ

2342 4596 2455 4650 ταῖς
2485 4589 2646 4643 αύτού
2679 4598 2902 4666 γραφαῖς
2945 4594 3314 4665 παρατίθεται.
3372 4594 3488 4648 Ἐτι
3546 4591 3609 4648 δε
3663 4598 3746 4646 καὶ
3797 4589 3899 4646 Κλέ-

2341 4696 2523 4751 μεντος
2552 4684 2642 4732 καὶ
2681 4681 2969 4734 ἰουστινου
3011 4686 3188 4754 μνείαν
3239 4689 3484 4748 ποιεῖται,
3535 4688 3629 4736 καὶ
3665 4701 3772 4736 τινα
3811 4679 3898 4732 τ·εᾶ-

2341 4787 2440 4822 των
2467 4769 2606 4844 ῥητὰ
2652 4771 2888 4844 γράφων.
2956 4775 3080 4845 Περὶ
3134 4768 3194 4824 δε
3241 4780 3337 4836 τῆς
3375 4774 3514 4826 κατὰ
3543 4777 3662 4835 τοὺς
3705 4771 3745 4825 o'
3781 4770 3896 4843 ἐρρε-

2337 4863 2477 4920 νείας
2541 4867 2640 4911 τῶν
2694 4861 3044 4913 θεοπνεύστων
3101 4866 3314 4935 Γραφῶν
3386 4863 3474 4916 οἶα
3522 4862 3677 4935 λέγει,
3733 4857 3894 4914 δίκαιον

2339 4947 2526 5011 αὐταῖς
2572 4948 2767 5012 λέξεσιν
2815 4952 3008 5002 εκείνου
3059 4948 3284 5006 ἀκούειν.
3313 4971 3342 5005 α
3370 4958 3430 5006 '0
3461 4956 3595 5015 Θεὸς
3625 4948 3711 5005 οὖν
3745 4950 3892 5021 bipa-

2337 5057 2435 5100 πος
2483 5036 2697 5109 ἐγένετο,
2733 5043 2824 5091 καὶ
2876 5039 3030 5100 αύτός
3060 5041 3086 5092 ὁ
3143 5041 3332 5116 Κύριος
3388 5043 3581 5095 ἔσωσεν
3627 5033 3892 5114 ἡμᾶς,δοὺς

2335 5129 2394 5180 τὸ
2446 5134 2542 5189 τῆς
2599 5129 2854 5201 παρθένόυ
2901 5136 3120 5201 σημεῖον
3155 5144 3170 5160 ⁸
3217 5129 3327 5183 ἀλλ’
3381 5131 3484 5203 οὐχ
3539 5133 3611 5194 ὡς
3648 5133 3763 5184 ένιοί
3793 5141 3888 5199 φασι
3982 5193 3983 5200 γ

2333 5224 2435 5270 τῶν
2523 5223 2611 5270 νῦν
2679 5217 2984 5291 τολμώντων
3043 5221 3438 5293 μεθερμηνεύειν
3490 5225 3589 5281 τήν
3654 5220 3831 5295 Γραγῆν
3869 5226 3880 5243 ⁸

2330 5302 2502 5361 Ἰδού
2527 5307 2558 5366 ἠ
2585 5313 2794 5369 νεᾶνις
2823 5309 2883 5360 έν
2910 5313 3154 5385 γαστρὶ
3179 5309 3326 5377 ἕξει,
3349 5313 3458 5364 καὶ
3487 5309 3736 5376 τέξεται
3757 5305 3883 5360 υἱόν·

2330 5448 2465 5506 dico
2479 5448 2975 5524 spiritu,exempli
2991 5452 3317 5522 gratiam-ta
3331 5453 3444 5510 ista
3457 5451 3712 5524 nomina
3723 5455 3874 5507 numo‘

2329 5535 2464 5599 rum
2487 5523 2612 5599 σοι,
2627 5523 3114 5599 reprasentantia
3132 5524 3338 5599 lectori
3351 5525 3658 5599 proponit,

2327 5597 2519 5664 τειτὰν,
2533 5594 2717 5658 εύανίς.
2732 5597 2861 5653 Non
2871 5594 3027 5654 enim
3037 5594 3611 5670 hacinsigdica'rent
3630 5594 3866 5671 mystcrii-
