4040 6224
133 294 280 354 1000
1187 295 1758 356 ECCLESIASTIC‘JE
1795 295 2152 354 HISTORLE
2203 295 2341 354 LIB.
2385 296 2486 357 IV.
3371 297 3510 354 tOlO

127 427 198 487 ὡς
267 419 566 479 Θεοδοτίων
615 424 939 498 ἡρμήνευσεν
983 425 1010 476 ό
1051 416 1312 498 ”Εφέσιός,
1375 431 1466 479 καὶ
1511 424 1722 487 ’Δκύλας

1916 423 2028 480 nbo
2081 428 2380 481 verterunt
2436 441 2450 480 :
2497 441 2653 497 quos
2708 424 3029 482 consectati
3081 423 3387 489 Ebionitee,
3439 438 3511 481 ex

125 513 153 564 ὀ
180 517 455 579 Ποντικός,
503 512 787 589 ἀμφότεροι
833 510 1084 568 Ἰουδαῖοι
1132 514 1459 588 προσήλυτοι
1491 533 1504 546 ·
1536 516 1609 577 οἷς
1637 534 1720 568 κα-

1914 513 2098 586 sepho
2131 529 2270 570 eum
2302 521 2662 585 prognatum
2702 530 2835 571 esse
2869 515 3094 570 dicunt.
3137 533 3166 566 ››
3210 516 3277 568 Et
3325 512 3509 585 paulo

123 603 615 666 τακολουθήσαντες
648 605 698 656 οἱ
733 601 1046 669 Ἐϐιωναίοι,
1089 602 1142 667 ἐξ
1197 605 1388 677 Ἰωσήφ
1436 605 1594 658 αὐτόν
1641 623 1718 676 γε·

1919 608 1970 658 st
2009 603 2204 674 inquit
2244 621 2257 658 :
2306 621 2335 654 α
2384 604 2738 676 Priusquam
2782 603 3034 660 Romani
3074 603 3396 674 imperium
3447 603 3509 658 in

121 696 414 764 γεννῆσθαι
457 695 746 766 φάσκουσι.
777 712 808 745 ν
846 696 1064 756 Τούτοις
1116 696 1246 766 μετά
1295 693 1509 768 βραχέα
1558 699 1716 767 φησί.

1915 692 2078 747 daaos
2108 691 2415 758 haberent,
2443 700 2500 748 et
2529 694 2876 750 Macedones
2923 693 3120 750 adhuc
3159 692 3363 747 Asiam
3403 692 3510 748 ob-

125 804 155 833 α
209 786 322 857 Πρὸ
359 790 452 836 τοῦ
487 785 591 859 γάρ
642 782 923 856 Ῥωμαίους
974 791 1227 856 κρατῦναι
1280 788 1372 842 τήν
1425 783 1599 856 ἀρχὴν
1640 783 1720 836 αύ-

1910 787 2110 846 ierent,
2132 781 2485 838 Ptolemaeus
2502 782 2643 852 Lagi
2661 782 3101 852 bibliothecam,
3123 781 3298 852 302
3317 797 3505 852 quam

119 878 248 936 τῶν,
312 873 388 924 ἔτι
443 880 545 924 τῶν
613 867 926 926 Μακεδόνων
973 876 1070 931 τήν
1136 872 1324 928 Ἀσίαν
1377 877 1714 944 κατεχόντων,

1909 869 2206 926 exandriaa
2249 870 2567 941 magniﬁce
2608 872 2990 938 instruxerat,
3034 872 3259 941 ingenti
3304 870 3504 926 studio

123 959 446 1033 Πτολεμαῖος
505 961 533 1012 ό
590 961 790 1031 Λάγου,
851 960 1276 1033 φιλοτιμούμενος
1327 965 1420 1020 τὴν
1461 963 1588 1033 ὑπερ
1638 961 1718 1012 αύ-

1906 960 2034 1014 nnis
2063 961 2296 1026 generis
2325 960 2627 1016 bonorum
2653 960 2953 1016 librorum
2985 961 3161 1030 copia
3208 974 3501 1015 exornare

120 1056 219 1102 τοῦ
304 1053 789 1122 κατεσκευασμένην
847 1047 1191 1122 βιϐλιοθήκην
1237 1049 1286 1103 έν
1365 1047 1715 1124 ’Δλεξανδρείο

1902 1055 2051 1104 ιοιθη
2067 1048 2218 1113 lens,
2234 1065 2271 1104 a
2288 1049 2843 1122 Hierosolymitanis
2858 1049 3038 1120 petiit,
3063 1048 3246 1104 utsibi
3275 1049 3497 1104 habere

118 1146 402 1211 κοσμῆσαι
430 1146 538 1200 τοῖς
565 1140 772 1192 πάντων
822 1138 1104 1214 ἀνθρώπων
1145 1141 1579 1215 συγγράμμασιν,
1627 1141 1713 1192 ὅσα

1900 1144 2034 1192 :eret
2056 1137 2116 1192 in
2138 1137 2692 1208 Grmcamlinguam
2718 1155 2928 1194 eorum
2955 1139 3283 1209 Scripturas
3305 1144 3495 1193 trans-

112 1247 178 1300 γε
219 1224 495 1282 σπουδαῖα
532 1229 772 1304 ὑπῆρχεν
819 1230 1058 1301 ᾐτήσατο
1102 1232 1246 1302 παρά
1297 1237 1397 1282 τῶν
1444 1229 1707 1302 Ἱεροσολυι

1905 1234 2006 1282 tas.
2040 1229 2180 1282 Tum
2219 1227 2321 1296 illi,
2353 1229 2518 1300 quod
2548 1228 2974 1285 Macedonibus
2999 1227 3200 1282 adhuc
3249 1226 3500 1297 subjecti

113 1325 309 1388 μιτῶν,
363 1317 436 1380 εἰς
507 1321 602 1377 τὴν
665 1317 958 1376 Ἑλληνικὴν
1040 1314 1308 1372 διάλεκτον
1369 1321 1512 1391 ἔχειν
1568 1322 1708 1372 αὑτὸπ

1902 1321 2051 1384 sent,
2091 1331 2162 1372 ex
2195 1317 2533 1373 senioribus
2563 1317 2690 1373 suis
2719 1317 3161 1388 Scripturarum
3191 1331 3497 1371 sacrarum

112 1405 573 1480 μεταϐεϐλημένας
621 1409 717 1470 τὰς
765 1408 988 1482 Γραφάς.
1045 1409 1112 1460 Οἱ
1170 1405 1250 1474 δε,
1307 1409 1570 1467 ὑπήκουον
1618 1410 1707 1484 γάε

1946 1405 2258 1478 utriusque
2327 1407 2624 1462 sermonis
2663 1406 3056 1478 peritissimos
3111 1404 3497 1477 septuagiuta

114 1497 196 1548 ἔτι
225 1503 339 1559 τοῖς
369 1493 666 1562 Μακεδόσι,
709 1501 826 1550 τότε
871 1501 990 1559 τοὺς
1041 1499 1162 1570 παρ’
1195 1497 1373 1560 αὐτοῖς
1411 1499 1709 1573 ἐμπειροτά-

1902 1508 1994 1550 ros
2018 1495 2096 1551 ad
2116 1510 2254 1551 eum
2280 1497 2593 1566 miserunt,
2621 1496 2743 1552 Deo
2770 1496 2885 1551 hoc
2912 1497 2995 1550 sic
3020 1494 3401 1566 disponente,
3431 1496 3497 1550 ut

113 1602 239 1646 τους
313 1593 414 1638 τῶν
475 1592 688 1658 Γραφῶν
761 1591 852 1639 καὶ
908 1585 1207 1661 ἀμφοτέρων
1263 1596 1362 1640 τῶν
1438 1584 1708 1640 διαλέκτωτ

1900 1581 2090 1639 ιιθὺει.
2126 1585 2476 1640 Ptolemaeus
2504 1590 2707 1641 autem
2739 1600 2948 1640 eorum
2980 1584 3230 1638 seorsim
3259 1581 3495 1654 pericu-

117 1671 493 1747 ἱϐδομήκοντα
579 1674 962 1750 πρεσϐυτέρους
1068 1675 1302 1748 ἔπεμψαν
1395 1677 1712 1749 Πτολεμαίῳ,

1900 1687 1954 1726 m
1978 1671 2170 1728 facere
2201 1673 2408 1729 volens
2449 1675 2548 1745 (l),
2582 1674 2882 1745 simulque
2909 1674 3122 1729 timens
3147 1687 3223 1726 ne
3248 1687 3320 1728 ex
3350 1687 3495 1727 con-

116 1769 444 1826 ποιήσαντος
494 1772 588 1818 τοῦ
641 1772 776 1819 Θεοῦ
819 1767 941 1839 ὅπερ
1007 1763 1276 1826 ἠϐούλετο.
1322 1765 1380 1820 Ὀ
1437 1762 1516 1833 δε,
1577 1763 1711 1820 ἰδίαν

1905 1761 2126 1828 ntione,
2160 1778 2259 1834 per
2284 1763 2623 1819 versionem
2647 1779 2846 1831 suam,
2871 1762 3310 1833 Scripturarum
3342 1760 3499 1816 veri-

115 1861 302 1927 πείραν
363 1854 533 1908 αὐτῶν
584 1853 758 1907 λαϐεῖν
812 1854 1056 1922 θελήσας,
1110 1854 1412 1917 εὐλαϐηθεὶς
1477 1860 1550 1928 μή
1608 1876 1710 1917 πως

1899 1855 2008 1906 lem
2039 1853 2298 1908 celarent
2325 1858 2384 1908 et
2412 1853 2879 1924 supprimerent,
2913 1852 3214 1918 seiunctos
3241 1865 3344 1906 eos
3372 1865 3410 1905 a
3431 1863 3494 1905 se

115 1944 222 2017 ἄρα
281 1945 582 2008 συνθέμενοι
639 1942 992 2017 ἀποκρύψωσι
1033 1954 1128 2005 τήν
1203 1943 1252 1997 έν
1312 1952 1428 2008 ταῖς
1487 1951 1710 2018 Γραφαῖς

1893 1940 2102 2007 vicem,
2158 1941 2439 1999 eumdem
2479 1942 2699 1998 librum
2749 1956 2961 1997 omnes
3010 1946 3232 1996 vertere
3281 1939 3483 2009 jussit.

113 2027 210 2084 διὰ
273 2039 368 2094 τῆς
432 2032 707 2108 ἑρμηνείας
753 2032 1018 2100 ἀλήθειαν,
1069 2039 1313 2108 χωρίσας
1379 2034 1571 2096 αὐτοὺς
1626 2033 1708 2087 ἀπ’

1898 2044 2011 2101 que
2041 2030 2100 2085 in
2124 2032 2408 2087 omnibus
2434 2031 2600 2087 libris
2625 2030 2782 2086 fecit.
2809 2029 3030 2086 Deinde
3061 2045 3200 2084 cum
3222 2028 3304 2083 illi
3329 2027 3493 2100 apud

112 2119 370 2187 ἀλλήλων,
412 2121 646 2175 έκέλευσε
695 2126 819 2184 τοὺς
855 2124 1048 2184 πάντας
1100 2127 1194 2181 τήν
1242 2123 1405 2182 αὐτὴν
1445 2124 1707 2198 ἑρμηνείαν

1894 2119 2211 2176 olemaium
2263 2122 2324 2177 in
2369 2137 2559 2177 unum
2608 2120 3022 2190 convenirent,
3075 2123 3137 2174 et
3182 2118 3489 2174 versiones

112 2213 352 2284 γράφειν.
407 2217 510 2265 Καὶ
555 2211 697 2265 τοῦτ’
729 2211 813 2266 έπὶ
841 2215 1047 2265 πάντων
1074 2221 1174 2264 τῶν
1206 2211 1428 2286 βιβλίων
1478 2212 1707 2272 έποίησε.

1899 2223 1966 2262 as
1997 2210 2147 2265 inter
2173 2225 2238 2266 se
2276 2210 2633 2277 conferrent,
2681 2209 2863 2264 simul
2904 2213 2962 2264 et
3000 2211 3152 2264 Deus
3192 2213 3278 2262 est
3318 2206 3492 2277 glori-

116 2299 464 2354 Συνελθόντων
516 2297 576 2354 δε
625 2301 795 2354 αὐτῶν
829 2303 915 2355 ίπὶ
954 2305 1015 2354 τό
1068 2301 1196 2354 αὐτὸ
1233 2306 1376 2375 παρὰ
1412 2310 1483 2373 τῷ
1534 2302 1711 2356 Πτολε-

1896 2301 2056 2363 :atus,
2097 2304 2154 2355 et
2185 2300 2501 2372 Scriptura
2533 2315 2604 2354 eo
2645 2297 2830 2354 modo
2868 2297 2950 2353 ad
2978 2297 3256 2352 notitiam
3293 2301 3351 2352 et
3388 2311 3491 2352 co-

116 2395 278 2462 μαέῳ,
309 2395 396 2443 καὶ
451 2389 952 2444 συναντιϐαλλόντων
992 2391 1217 2445 ἑκάστου
1269 2396 1364 2451 τήν
1400 2391 1588 2444 ἑαυτοῦ
1634 2391 1711 2465 έρ-

1892 2385 2152 2444 titionem
2181 2388 2494 2444 hominum
2527 2391 2952 2461 pervenerunt.
2981 2386 3186 2442 Evenit
3214 2385 3389 2454 enim,
3421 2388 3487 2442 ut

112 2486 348 2552 μηνείαν,
395 2481 422 2532 ό
469 2484 560 2552 μεν
591 2483 722 2541 Θεὸς
759 2477 1023 2544 έδοξάσθη
1057 2501 1070 2516 ο
1102 2483 1158 2534 αἱ
1195 2478 1254 2534 δε
1303 2487 1505 2556 Γραφαὶ
1549 2481 1707 2544 οὕτως

1887 2490 2034 2532 nnes
2057 2479 2331 2534 omnium
2357 2477 2780 2536 translationes
2804 2492 2840 2533 a
2873 2475 3168 2548 principio
3189 2473 3267 2530 ad
3298 2474 3482 2530 ﬁuem

111 2571 250 2622 θεῖαι
293 2569 652 2640 έγνώσθησαν,
685 2578 786 2622 τῶν
832 2573 1038 2623 πάντων
1090 2573 1158 2624 τὰ
1203 2570 1338 2623 αύτά
1375 2577 1492 2633 ταῖς
1525 2571 1706 2634 αύταίς

1886 2581 2012 2636 sque
2024 2567 2250 2623 eisdem
2273 2566 2676 2623 locutionibus
2706 2570 2765 2621 et
2780 2565 2980 2621 verbis
3001 2565 3118 2620 sint
3134 2569 3441 2635 conceptae
3462 2577 3481 2630 ;

107 2659 281 2723 λέξεσι
316 2664 408 2712 καὶ
445 2667 556 2720 τοῖς
598 2659 768 2720 αὐτοῖς
817 2659 1065 2732 ὀνόμασιν
1115 2659 1572 2733 ἀναγορευσάντων
1619 2658 1702 2712 ἀπ’

1885 2658 1996 2725 leo,
2040 2663 2102 2713 ut
2140 2656 2317 2713 hodie
2347 2672 2586 2729 quoque
2627 2661 2836 2725 gentes
2875 2669 3089 2710 omnes
3120 2669 3480 2726 persuasum

109 2747 290 2822 ἀρχῆς
339 2751 505 2821 μέχρι
561 2748 736 2811 τέλους
777 2767 791 2782 ο
847 2750 979 2802 ὥστε
1033 2753 1126 2801 καὶ
1185 2753 1251 2802 τά
1304 2753 1536 2822 παρόντα
1587 2751 1704 2809 ἔθνη

1889 2748 2106 2812 ὼοειῑιί,
2135 2746 2206 2801 de
2231 2744 2480 2801 consilio
2509 2745 2606 2800 Dei
2637 2745 2810 2815 ipsus
2830 2759 3034 2799 versas
3061 2758 3192 2798 esse
3215 2741 3484 2812 Scriptu-

109 2857 323 2910 γνωναι,
356 2839 437 2890 ὃτι
481 2837 596 2890 κατ’
643 2842 914 2891 ἐπίπνοιαν
961 2834 1054 2890 τοῦ
1109 2843 1238 2892 Θεοῦ
1277 2838 1410 2892 εἰσιν
1452 2840 1704 2914 ἡρμηνευ-

1891 2856 1940 2892 s.
1998 2839 2199 2908 Neque
2241 2834 2587 2890 mirandum
2639 2839 2752 2899 est,
2803 2835 2990 2888 Deum
3027 2831 3144 2887 hoc
3193 2831 3277 2890 ita
3332 2829 3485 2886 ordi-

108 2931 262 3000 μέναι
291 2929 346 2980 αἱ
371 2931 594 3000 Γραφαὶ.
629 2932 740 2982 Καὶ
775 2924 927 2981 ούδὶν
960 2929 1261 3000 θαυμαστὸν
1290 2931 1378 2980 τὸν
1409 2932 1536 2981 Θεὸν
1564 2929 1703 2982 τοῦτ’

1885 2942 2017 2990 L888,
2057 2924 2161 2997 qui
2192 2925 2372 2980 etiam
2413 2923 2735 2995 Scripturis
2766 2922 2829 2978 in
2875 2920 3081 2994 populi
3138 2920 3480 2992 captivitate

107 3016 450 3091 ένηργηκέναι
487 3033 501 3048 ⁸
549 3018 604 3079 ὃς
641 3035 702 3088 γε
740 3022 832 3070 καὶ
871 3015 952 3070 έπὶ
994 3024 1057 3090 τῇ
1091 3024 1184 3070 τοῦ
1225 3014 1702 3092 Ναϐουχοδονόσορ

1885 3015 1931 3072 ,b
1986 3013 2544 3071 Nabuchodonosor
2606 3011 2864 3078 amissis,
2918 3027 3058 3066 cum
3097 3015 3233 3082 post
3285 3024 3480 3065 annos

104 3106 454 3180 αἰχμαλωσίᾳ
501 3113 594 3159 τοῦ
676 3106 802 3159 λαοῦ
864 3103 1253 3182 διαφθαρεισῶν
1311 3115 1412 3160 τῶν
1467 3113 1698 3182 Γραφῶν,

1884 3105 2192 3178 ptuaginta
2243 3102 2428 3159 Judaei
2488 3102 2550 3157 in
2607 3107 2827 3158 terram
2887 3115 3085 3163 suam,
3139 3097 3477 3154 Artaxerxis

105 3199 198 3246 καὶ
249 3197 380 3266 μετά
431 3196 474 3246 o'
519 3196 606 3252 ἔτη
653 3201 752 3246 τῶν
809 3190 1077 3248 Ἰουδαίων
1131 3193 1441 3248 ἀνελθόντων
1489 3195 1562 3256 εἰς
1608 3199 1700 3255 τὴν

1881 3209 2130 3250 :rsarum
2159 3193 2316 3263 regis
2355 3191 2748 3264 temporibus,
2777 3190 2994 3245 reversi
3024 3194 3237 3254 essent,
3273 3187 3476 3244 Esdrae

105 3288 286 3356 χώραν
348 3284 542 3349 αὐτῶν,
601 3286 780 3338 ἔπειτα
829 3283 881 3336 έν
931 3290 1037 3345 τοῖς
1083 3289 1301 3356 χρόνοις
1353 3283 1700 3360 Ἀρταξέρξου

1885 3283 2111 3340 cerdoti
2163 3299 2196 3340 e
2237 3282 2392 3338 tribu
2434 3281 2571 3337 Levi
2619 3280 2948 3353 inspiravit,
2993 3283 3058 3335 ut
3107 3294 3319 3334 omnes
3371 3277 3477 3350 qui

102 3380 196 3425 τοῦ
263 3380 474 3449 Περσῶν
532 3371 790 3446 βασιλέως
846 3372 1138 3427 ένέπνευσεν
1193 3371 1406 3447 Ἐσδρᾳ
1452 3382 1525 3445 τῷ
1579 3375 1697 3447 ἱερεί

1880 3372 2236 3428 terciderant
2267 3369 2696 3442 prophetarum
2719 3369 2906 3425 libros
2927 3368 3129 3424 denuo
3150 3381 3475 3438 compone-

96 3460 154 3514 έκ
198 3469 289 3524 τῆς
335 3461 501 3535 φυλῆς
537 3466 667 3516 Λευί
703 3466 826 3524 τόὺς
856 3467 1235 3538 προγεγονότας
1283 3471 1383 3515 τῶν
1419 3471 1691 3536 προφητῶν

1878 3466 1916 3525 ι,
1957 3467 2014 3518 et
2048 3462 2210 3531 leges
2249 3459 2542 3516 Mosaicas
2573 3457 2801 3530 populo
2829 3458 3189 3513 restitueret.
3224 3477 3253 3509 ››
3284 3461 3473 3528 Atque

90 3552 295 3613 πάντας
341 3550 702 3616 ἀνατάξασθαι
746 3552 950 3624 λόγους,
999 3557 1088 3606 καὶ
1137 3552 1578 3612 ἀποκαταστῆσαι
1625 3561 1685 3624 τᾷ

1497 3571 1578 3605 ται
1625 3561 1698 3624 τῷ
1806 3551 1932 3608 ιιωο
1957 3549 2205 3623 quidem
2235 3549 2310 3605 de
2339 3547 2558 3604 divinis
2589 3547 2904 3619 Scripturis
2928 3545 3092 3602 dixit.

89 3640 204 3712 λαῷ
253 3643 351 3700 τήν
405 3637 500 3694 διὰ
547 3644 778 3704 Μωσέως
820 3643 1149 3714 νομοθεσίαν.
1208 3661 1237 3694 ν
1291 3646 1392 3696 Καὶ
1438 3646 1558 3716 περὶ
1604 3645 1696 3715 μεν

88 3737 196 3782 τῶν
219 3731 367 3784 θείων
395 3737 564 3784 ταῦτα
582 3729 719 3802 λέγει
749 3736 992 3804 Γραφῶν.

705 3825 925 3874 ΚΕΦΑΔ
939 3862 954 3877 .
989 3817 1089 3874 ΙΕ’.

2446 3811 2673 3869 CAPUT
2703 3811 2819 3866 XV.

89 3926 220 4000 οξα
257 3925 285 3977 ὀ
345 3925 542 4000 αὐτ-ὸς
604 3929 748 4000 περὶ
799 3934 910 4000 τοῦ
971 3923 1339 3996 καταλόγου
1402 3931 1521 4000 τῶν
1562 3933 1684 4000 τῆς

1866 3938 1946 3980 uae
1981 3921 2234 4000 idemde
2284 3920 3010 4000 catatogonlftornqgorum
3056 3916 3461 4000 episcoporum

163 3997 405 4069 Ῥώμης
459 3989 828 4051 έπισκόπων
881 3999 1160 4069 ἱστορεῖ·
1210 3989 1318 4050 καὶ
1387 3999 1464 4069 ὡς
1523 3998 1574 4050 οἱ
1634 3995 1694 4049 έν

1873 3995 2278 4069 scripserit,_el
2310 3999 2386 4069 ut.
2401 3989 2517 4048 Deo
2541 3990 2746 4069 dilecti
2775 3989 3131 4069 Viurpnenses
3163 3994 3463 4069 martyres

164 4059 399 4143 Βιέννη
485 4069 807 4143 θεοφιλεῖς
896 4059 1236 4143 μάρτυρες
1296 4075 1379 4139 τῷ
1453 4067 1693 4141 Ῥώμης

1869 4059 2158 4143 Iijerizum
2181 4063 2504 4121 Eleuthero
2527 4063 2795 4119 Romano
2815 4061 3078 4132 episcopo
3100 4059 3464 4117 commenda-

163 4140 522 4215 Ἐλευθέρῳ
563 4140 920 4215 Εἰρηναῖον
958 4140 1451 4215 παρατίθενται.
1572 4140 1576 4141 ί
1874 4140 2019 4194 rint.

167 4229 251 4284 Ἐν
301 4226 361 4284 δε
412 4233 561 4304 τρίτη
621 4238 721 4283 τῶν
760 4233 929 4306 Πρὸς
966 4233 1072 4291 τὰς
1121 4231 1410 4305 αἱρέσεις
1446 4237 1546 4281 τῶν
1598 4238 1693 4292 τῆς

1875 4228 1940 4284 in
1967 4225 2132 4282 tertio
2160 4229 2359 4280 autem
2388 4223 2688 4280 Adversus
2720 4222 2967 4278 haereses
2990 4220 3142 4277 libro
3169 4237 3274 4292 per
3300 4223 3464 4277 cata-

81 4319 296 4392 Ῥὡμης
343 4318 638 4372 έπισκόπων
681 4323 768 4373 τὸν
818 4319 1106 4391 κατάλογον
1150 4325 1378 4372 ποιεῖται
1425 4319 1561 4392 ἄχρι
1619 4316 1676 4379 δέ

1870 4331 2006 4386 gum
2067 4315 2384 4386 episcopos
2438 4315 2744 4369 Romanos
2798 4315 3088 4375 recenset,
3143 4326 3332 4382 usque
3385 4309 3465 4366 ad

80 4409 409 4483 Ἐλευθέρου,
440 4408 494 4472 ὃς
534 4411 667 4482 μετά
717 4412 802 4461 τόν
845 4416 1063 4483 Σωτῆρα
1113 4410 1387 4481 ἱερατεύει.
1445 4403 1675 4460 Δωδέκα‹

1868 4405 2197 4469 eutherum,
2275 4402 2378 4474 qui
2448 4401 2633 4458 Soteri
2703 4400 3012 4456 successit.
3083 4399 3462 4456 Eleutherum

79 4517 173 4551 τον
205 4494 258 4551 δ’
314 4497 370 4550 έκ
416 4505 509 4560 τῆς
557 4506 657 4551 τῶν
706 4497 1010 4550 ἀποστόλων
1040 4493 1311 4569 διαδοχῆς
1339 4499 1427 4549 τὸν
1461 4496 1667 4550 Ἐλεύθε

1868 4509 1981 4550 ιττο
2020 4491 2436 4549 duodecimum
2467 4505 2564 4563 per
2594 4489 3036 4545 successionem
3067 4488 3140 4544 ab
3175 4488 3463 4560 apostolis

77 4607 173 4664 ρον
202 4592 444 4662 παριστᾷ
467 4604 478 4618 ·
521 4591 610 4640 καὶ
654 4589 1002 4662 παρατίθεται
1047 4589 1276 4652 τούτοις,
1309 4588 1379 4648 ὡς
1419 4590 1510 4638 καὶ
1540 4587 1672 4658 ἡμεῖς

1870 4584 1958 4639 cit.
1994 4584 2169 4655 303
2215 4582 2532 4636 Enumerat
2564 4583 2767 4635 autem
2799 4594 2924 4644 eos,
2967 4579 3135 4633 sicuti
3178 4594 3288 4633 nos
3322 4592 3465 4640 quo-

81 4676 134 4730 έν
183 4685 258 4748 τῷ
302 4677 574 4748 καταλόγῳ
628 4680 871 4750 πρότερον
920 4672 1214 4748 διεθέμεθα.
1274 4675 1392 4728 Ἐπὶ
1443 4671 1502 4728 δε
1553 4675 1676 4734 Κλή‹

1864 4690 1916 4728 ie
1948 4673 2112 4744 prius
2152 4671 2210 4726 in
2253 4669 2710 4726 nomenclatura
2757 4684 2966 4723 eorum
3023 4667 3459 4722 recensuimus.

82 4787 292 4841 μεντος,
335 4767 396 4820 οὗ
447 4766 602 4820 πολὺν
647 4766 799 4838 λόγον
853 4771 1156 4831 πεποίηται,
1210 4769 1300 4818 καὶ
1351 4773 1448 4827 τῆς
1499 4765 1548 4816 έν
1599 4771 1677 4819 Ko-

1866 4762 1908 4818 ›ἱ
1967 4777 2106 4817 vero
2165 4760 2240 4816 de
2295 4760 2590 4816 Clemente
2648 4757 2920 4829 pluribus
2976 4757 3117 4825 agit,
3153 4755 3461 4810 seditionis

81 4860 251 4932 ρίνθῳ
301 4862 562 4930 μέμνηται
613 4858 870 4924 στάσεως,
901 4861 992 4908 καὶ
1036 4863 1132 4918 τῆς
1165 4855 1458 4928 Κλήμεντος
1485 4856 1676 4908 ίπιστο.

1862 4853 1980 4906 iam
2019 4850 2332 4906 Corinthius
2392 4854 2449 4904 et
2485 4847 2751 4919 epistolae
2801 4843 3112 4901 Clementis
3153 4843 3452 4901 meminit.

75 4948 192 5010 λῆς.
233 4969 263 4997 κ
320 4947 664 5005 Ἰκανωτάτην
719 4948 844 5020 γάρ,
899 4950 1052 5018 φησὶ,
1107 4949 1312 5018 γραφὴν
1365 4951 1426 5016 τῇ
1485 4943 1534 4996 έν
1593 4950 1670 4998 Κοι

1871 4939 2223 5008 Perlongam
2263 4937 2442 5001 enim,
2489 4935 2704 5008 inquit,
2746 4934 3006 4990 ecclesias
3049 4932 3306 4988 Corinthi
3337 4933 3461 5004 epi-

81 5039 251 5114 ρίνθῳ
298 5038 327 5096 ἠ
389 5035 438 5089 έν
488 5035 658 5109 Ῥώμη
704 5035 992 5093 Ἐκκλησία
1056 5033 1371 5097 ἀπέστειλεν,
1423 5032 1491 5093 εἰς
1556 5032 1676 5106 εἰρή¹

1868 5029 2016 5084 )lam
2068 5027 2327 5083 Ecclesia
2380 5030 2651 5083 Romana
2700 5023 2952 5095 scripsit,
3002 5023 3077 5077 ad
3132 5036 3345 5092 pacem
3404 5026 3463 5078 et

80 5147 176 5186 νην
214 5123 651 5200 συμϐιϐάζουσαν
676 5123 889 5192 αύτούς,
923 5127 1012 5175 καὶ
1041 5121 1356 5174 ἀνανεοῦσαν
1384 5125 1478 5180 τήν
1510 5125 1675 5174 πίστιτ

1861 5117 2186 5173 ιηοοτάὶειω
2201 5115 2555 5172 dissidentes
2573 5113 2885 5176 reducens,
2903 5111 3207 5183 ﬁdemque
3224 5126 3456 5180 eorum,

86 5217 282 5284 αὐτῶν,
332 5220 422 5268 καὶ
462 5214 522 5274 ἣν
561 5218 746 5267 νεωστὶ
786 5214 928 5286 παρά
974 5219 1075 5264 τῶν
1115 5210 1416 5290 ἀποστόλων
1459 5207 1681 5286 παράδο-

1890 5223 2077 5280 quam
2107 5206 2184 5261 ab
2215 5205 2382 5260 initio
2415 5203 2493 5258 ab
2515 5201 2799 5274 apostolis
2831 5200 3158 5270 accepisset
3192 5199 3462 5255 traditio-

86 5325 173 5360 σιν
228 5303 439 5378 εἰλήφει.
501 5325 526 5356 ν
582 5302 710 5356 "Eva
768 5297 827 5354 δὲ
883 5309 983 5354 τῶν
1033 5289 1328 5354 έπισκόπων
1384 5301 1516 5373 μετά
1555 5299 1681 5359 Κλή-

1860 5311 1938 5352 2m
1969 5309 2286 5351 renovans.
2319 5315 2346 5347 »
2408 5294 2600 5348 Unum
2628 5304 2826 5360 porro,
2878 5294 3017 5360 post
3073 5289 3455 5356 Clementem,

81 5413 248 5469 μεντα
277 5397 364 5446 τὸν
392 5393 706 5468 Τελεσφόρον
745 5396 836 5444 καὶ
884 5386 1106 5454 ἐνδόξως
1155 5395 1284 5463 φησὶ
1327 5397 1676 5463 μαρτυρῆσαι1

1865 5403 1872 5440 ;
1898 5385 2186 5442 Romanis
2218 5381 2514 5455 episcopis
2542 5378 2987 5450 Telesphorum,
3018 5393 3245 5447 magna
3271 5378 3460 5449 gloria

113 5556 116 5558 ·
156 5537 242 5610 (ι)
258 5536 494 5610 Hieron,
518 5535 578 5592 in
606 5519 961 5610 lprmfatione
980 5534 1039 5590 in
1059 5533 1692 5610 Pentateuchum._una
1801 5527 2029 5610 scribit,
2072 5524 2649 5610 nonopr‘ophetasse,
2705 5522 2944 5579 Aristeae
2983 5524 3039 5578 et
3089 5519 3327 5594 Josephi
3368 5536 3460 5579 se-

83 5604 340 5669 Basilica
376 5604 726 5684 interpretes
768 5609 894 5668 LXX
931 5611 1329 5679 congregatos
1368 5604 1690 5663 contulisse
1801 5607 1973 5660 cutus
1999 5604 2434 5657 auctoritatem.
