4040 6224
617 248 746 312 1οη

1915 253 2306 315 NICEPHORI
2342 252 2665 315 CALLISTI

3785 263 3901 321 ton

613 379 972 455 martyrium
1015 380 1268 439 subiisse
1314 382 1553 456 inquit:
1589 385 1645 440 et
1689 388 1993 456 postremo
2021 383 2198 440 infert
2238 399 2253 440 :

2365 387 2454 436 καὶ
2497 383 2788 438 τελευταῖον
2839 381 3018 457 ἓπάγει
3050 401 3063 418 ο
3114 402 3146 440 α
3188 391 3297 440 Νῦν
3350 382 3410 440 δὶ
3475 381 3739 460 δωδεκάτῳ
3787 391 3904 462 τόπῳ

618 490 648 524 α
679 475 846 528 Nunc
887 475 1085 528 autem
1125 471 1488 530 duodecimo
1534 473 1668 531 loco
1693 472 1772 529 ab
1809 473 2094 547 apostolis
2136 472 2257 545 epi-

613 565 898 632 scopatus
929 565 1146 616 sortem
1199 561 1408 618 ordine
1451 569 1508 620 et
1559 562 1833 618 doctrina
1881 578 1990 618 sua
2027 561 2256 620 obtinet

612 649 972 715 Eleutherus,
1001 655 1058 705 et
1091 650 1498 722 apostolorum
1538 652 1597 708 in
1630 651 1884 708 Ecclesia
1932 651 2168 707 traditio
2198 655 2256 707 et

606 737 871 796 veritatis
929 739 1271 811 praedicatio
1319 740 1398 795 ad
1443 757 1555 796 nos
1596 756 1839 814 quoque
1876 741 2164 813 pervenit.
2223 761 2253 794 »

607 828 738 893 Quo
768 833 968 884 autem
999 829 1212 884 ardore
1237 844 1375 900 erga
1407 828 1588 885 ﬁdem
1624 830 2012 902 divinamque
2033 829 2256 901 profes-

606 917 836 972 sionem
881 916 1054 972 fuerit
1089 920 1366 985 lrenasus,
1398 919 1641 975 abunde
1693 925 1936 976 testatur
1981 917 2250 991 epistola,

607 1021 794 1079 quam
832 1007 1196 1064 Viennenses
1219 1015 1276 1064 et
1313 1009 1745 1079 Lugdunenses
1773 1014 2085 1080 martyres,
2113 1023 2252 1063 cum

609 1096 806 1151 adhuc
844 1099 903 1151 ln
934 1111 1170 1152 carcere
1194 1097 1403 1153 inclusi
1428 1097 1849 1170 afﬂigerentur,
1882 1098 1959 1154 ad
1988 1095 2254 1152 Eleuthe-

603 1198 740 1241 rum
785 1188 987 1242 Romaa
1010 1186 1379 1258 episcopum,
1415 1193 1470 1243 et
1508 1188 1820 1252 Irenaeum,
1853 1187 1914 1242 ui
1959 1191 2086 1242 tum
2126 1201 2254 1258 pre-

606 1273 831 1346 sbyteri
875 1273 1165 1345 dignitate
1211 1274 1496 1346 fulgebat.
1525 1276 2020 1333 commendantes
2072 1273 2257 1330 dede-

608 1368 765 1420 runt.
795 1364 1245 1421 Commendatio
1283 1380 1356 1420 ea
1411 1365 1496 1420 sic
1529 1365 1711 1422 habet
1750 1387 1762 1420 :
1817 1388 1845 1416 «
1897 1365 2136 1422 Salvere
2176 1368 2252 1428 te,

609 1451 912 1524 rebusque
949 1451 1232 1508 omnibus
1260 1469 1499 1526 semper
1527 1454 1714 1510 laetari
1751 1461 2052 1527 optamus,
2090 1457 2256 1524 pater

607 1540 938 1599 Eleuthere.
972 1542 1213 1598 Litteras
1268 1542 1448 1599 hasce
1495 1549 1730 1600 nostras
1788 1549 1848 1601 ut
1897 1543 1975 1600 ad
2027 1549 2081 1599 te
2123 1557 2260 1615 per-

608 1631 806 1698 ferret,
862 1631 1027 1689 fratri
1073 1637 1129 1688 et
1175 1631 1445 1706 participi
1505 1637 1711 1691 nostro
1751 1635 1970 1689 lrenseo
2014 1647 2259 1704 persua-

605 1720 818 1777 simus.
871 1722 1059 1787 Quem
1123 1735 1435 1791 rogamus,
1489 1727 1555 1779 ut
1615 1722 1717 1778 tibi
1761 1721 2254 1779 commendatum
2287 1749 2332 1806 Β

606 1810 859 1876 habeas,
887 1810 1192 1883 egregium
1216 1811 1436 1868 scilicet
1464 1813 1801 1868 testamenti
1831 1813 2047 1869 Christi
2073 1826 2257 1866 aemu-

606 1899 878 1956 latorem.
933 1900 1106 1966 Quod
1166 1902 1213 1956 si
1266 1902 1572 1967 sciremus,
1620 1918 1692 1958 ex
1742 1902 1876 1958 loco
1926 1907 1982 1958 et
2031 1901 2258 1957 honore

607 1989 812 2062 aliquo
842 1989 1085 2060 justitite
1131 1989 1374 2046 laudem
1414 1991 1695 2064 cuiquam
1735 1992 1932 2064 parari
1975 2010 1988 2050 :
2026 1995 2090 2047 ut
2129 2005 2261 2062 pre-

610 2078 905 2152 sbytirum
947 2079 1240 2146 Ecclesia,
1284 2082 1388 2153 qui
1432 2080 1558 2153 ipse
1611 2087 1718 2147 est,
1759 2097 1897 2136 eum
1940 2081 2002 2136 in
2049 2079 2260 2152 primis

607 2168 716 2225 tibi
787 2168 1378 2225 commendaremus.
1438 2191 1459 2220 ι
1522 2171 1604 2226 Fit
1643 2175 1700 2227 et
1751 2171 2006 2226 aliorum
2055 2168 2257 2224 lrenasi

606 2257 997 2330 pulchrorum
1021 2273 1273 2330 operum
1319 2259 1561 2325 mentio,
1597 2265 1660 2316 ut
1686 2263 1826 2315 sunt
1853 2258 2135 2331 quaedam
2180 2257 2258 2313 ad

608 2348 889 2412 Blastum,
932 2353 990 2404 et
1046 2347 1366 2414 Florinum,
1409 2356 1464 2405 et
1493 2349 1858 2406 Marcianum
1890 2349 2154 2421 scripta:
2203 2352 2260 2404 et

606 2436 1084 2509 disputationum
1104 2437 1272 2493 liber.
1302 2439 1368 2493 Et
1405 2437 1545 2494 item
1571 2438 1675 2510 qui
1705 2438 1784 2494 ab
1819 2453 1890 2494 eo
1939 2436 2258 2508 inscriptus

607 2530 717 2592 est,
747 2527 834 2584 De
862 2527 1108 2585 scientia
1134 2527 1216 2584 ad
1240 2528 1490 2594 Gracos,
1523 2527 1859 2584 admodum
1887 2526 2258 2583 necessarius

606 2615 757 2674 liber
785 2633 801 2682 ;
825 2621 882 2674 et
915 2632 986 2674 ea
1016 2633 1151 2689 quin
1176 2619 1250 2673 de
1279 2617 1556 2674 Pascbate
1597 2617 1676 2674 ab
1700 2633 1771 2674 eo
1797 2621 1935 2673 sunt
1959 2616 2139 2682 dicta,
2181 2614 2258 2671 de

607 2706 828 2779 quibus
865 2710 1080 2779 postea
1108 2707 1241 2764 loco
1293 2722 1403 2764 suo
1446 2706 1742 2764 dicemus.
1781 2709 1916 2763 Hmc
1944 2705 2019 2762 de
2051 2703 2259 2761 divino

607 2795 854 2852 Irenaeo.

1242 2887 1464 2943 CAPUT
1492 2885 1634 2942 XVI.

612 2992 700 3048 De
725 2998 1069 3049 sanctorum
1095 2997 1431 3062 martyrum
1462 2993 1524 3048 in
1566 2992 1766 3049 Gallia
1797 2991 2010 3048 litteris
2038 3009 2058 3046 :
2089 2996 2142 3048 et
2186 2990 2260 3047 de

678 3063 968 3128 maxima,
998 3079 1117 3135 qua
1142 3064 1225 3120 ibi
1245 3064 1460 3134 afﬂicti
1484 3071 1642 3131 sunt,
1671 3064 2098 3135 persecutione.

681 3169 1185 3243 Quandoquidem
1228 3176 1426 3227 autem
1486 3172 1688 3228 trenaai
1729 3177 1784 3226 et
1831 3169 2254 3226 Viennensium

611 3259 1171 3333 Gallicanorumque
1191 3265 1516 3332 martyrum
1536 3260 1774 3316 fecimus
1786 3260 2138 3315 mentionem
2154 3259 2251 3330 (1),

607 3364 849 3421 aequum
897 3348 1093 3404 visum
1143 3355 1248 3416 est,
1301 3350 1375 3406 de
1418 3349 1753 3406 constantia
1793 3348 2255 3420 fortitudineque

605 3453 814 3495 eorum
847 3454 1043 3511 pauca
1070 3438 1307 3497 referre.
1343 3439 1614 3495 Decimus
1645 3440 1940 3510 septimus
1969 3437 2258 3509 agebatur

615 3527 849 3601 imperii
874 3528 1351 3602 Antoniniaoﬁ
1377 3529 1455 3584 Pii
1470 3543 1685 3594 annus,
1719 3544 1855 3584 cum
1883 3529 1942 3584 in
1973 3527 2257 3584 omnibus

610 3622 781 3674 terrae
833 3619 1103 3692 partibus
1144 3619 1482 3676 turbulento
1508 3619 1934 3692 persecutionis
1973 3616 2256 3674 Christia-

605 3721 700 3762 nas
757 3708 1018 3780 spirante
1073 3712 1271 3774 vento,
1326 3707 1689 3781 populisque
1746 3722 1852 3779 per
1911 3707 2256 3762 universum

609 3796 818 3853 orbem
848 3797 1139 3869 praecipiti
1171 3798 1428 3854 audacia
1465 3797 1755 3853 adversus
1787 3813 1898 3852 nos
1945 3797 2260 3866 insurgen-

615 3884 796 3954 tibus,
826 3885 1085 3958 plurima
1117 3891 1449 3959 martyrum
1485 3885 1667 3942 millia
1695 3891 1936 3956 propter
1957 3884 2257 3941 Christum

620 3981 872 4030 mortem
904 3974 1106 4032 obiere
1154 3995 1166 4034 :
1219 3975 1389 4031 sicuti
1435 3975 1550 4031 hoc
1582 3974 1751 4031 facile
1788 3979 1878 4030 est
1919 3990 1990 4030 ex
2021 3973 2092 4029 iis
2121 3989 2257 4046 qum

616 4065 779 4136 apud
811 4071 1002 4121 certas
1026 4070 1232 4134 gentes
1260 4071 1400 4120 sunt
1421 4064 1598 4134 facta,
1619 4063 1961 4134 conjectura
1991 4062 2254 4135 assequi.

613 4153 994 4210 Testanturid
1016 4169 1258 4227 quoque
1275 4155 1495 4227 scripta
1521 4169 1608 4217 ea.
1641 4154 1700 4208 in
1717 4169 1855 4227 quas
1879 4160 1999 4208 tam
2019 4151 2258 4222 egregia

614 4241 852 4298 illorum
882 4249 1226 4316 aeternaque
1255 4243 1546 4299 memoria
1569 4243 1752 4312 digna
1769 4242 2096 4298 certamina
2121 4246 2259 4296 sunt

612 4330 819 4389 relata.
851 4333 1066 4388 Verum
1107 4334 1408 4388 enimvero
1438 4331 1588 4389 alius
1637 4333 1987 4404 quisquam,
2014 4329 2260 4386 historia

610 4420 948 4492 scribenda,
973 4421 1052 4477 ad
1078 4422 1431 4478 memoriam
1459 4422 1842 4494 posteritatis,
1871 4420 2024 4493 stylo
2062 4417 2261 4475 indul-

608 4524 778 4580 gens,
814 4511 1182 4566 transmittat
1210 4511 1483 4568 victorias
1517 4518 1573 4568 et
1597 4510 1933 4584 triumphos
1971 4511 2050 4566 ab
2079 4509 2261 4564 hosti-

604 4597 722 4675 bus
747 4599 997 4656 devictis
1023 4605 1372 4672 reportatos,
1394 4600 1810 4672 imperatorias
1833 4599 2056 4655 ducum
2079 4604 2256 4664 artes,

606 4688 977 4762 consilioque
1030 4689 1212 4746 simul
1255 4695 1312 4746 et
1342 4705 1526 4746 manu
1567 4705 1658 4746 res
1690 4688 2013 4762 prudenter
2049 4695 2107 4745 et
2145 4688 2259 4744 for-

607 4779 741 4860 titer
752 4784 973 4851 gestas,
996 4795 1067 4836 ac
1079 4783 1459 4836 strenuorum
1474 4779 1726 4835 militum
1743 4795 1851 4851 pro
1873 4777 2254 4849 conjugibus,

605 4867 808 4925 liberis
839 4874 896 4925 et
923 4869 1118 4940 patria
1145 4869 1279 4942 ipsa
1301 4869 1627 4926 certamina
1655 4868 1840 4933 obita,
1876 4870 2255 4938 sanguinem-

609 4973 726 5029 que
777 4973 887 5032 pro
950 4957 1139 5014 salute
1187 4973 1397 5014 eorum
1465 4956 1666 5014 multis
1733 4956 1949 5030 praeliis
2012 4955 2254 5013 abunde

599 5046 936 5120 profusum.
991 5049 1191 5106 Oratio
1240 5054 1442 5105 autem
1505 5053 1713 5105 nostra
1765 5047 1839 5103 de
1885 5046 2157 5104 moribus
2199 5051 2256 5102 et

600 5136 883 5193 institutis
928 5138 1061 5194 vitae
1110 5142 1168 5194 et
1204 5137 1507 5208 religionis
1562 5136 1908 5195 Christianas
1954 5141 2250 5208 suscepta,

600 5227 1003 5284 constantiam
1032 5227 1094 5284 in
1133 5227 1558 5284 certaminibus
1590 5243 1700 5301 pro
1732 5227 1974 5282 veritate
2017 5242 2255 5298 suscep-

604 5316 700 5388 tis,
729 5321 789 5374 et
816 5317 1201 5391 pacatissima
1229 5319 1606 5392 egregiarum
1636 5317 1977 5375 animarum
2025 5316 2253 5390 praelia,

677 5480 758 5554 (1)
816 5480 922 5537 Alii
991 5480 1120 5538 hinc
1173 5479 1460 5554 martyria
1514 5478 1574 5554 in
1624 5480 1933 5554 tempora,
1973 5477 2254 5536 divorum

604 5549 854 5614 fratrum
885 5554 1015 5614 Veri
1044 5557 1100 5611 et
1121 5549 1422 5617 Antonini,
1452 5549 1674 5610 oriente
1705 5550 1860 5610 bello
1891 5553 2255 5614 Marcoman-

2363 475 2450 526 τὸν
2479 481 2571 536 τῆς
2600 472 2892 536 έπισκοπῆς
2931 472 3033 528 ἀπὸ
3088 482 3188 528 τῶν
3236 474 3537 529 ἀποστόλων
3585 483 3782 549 κατέχει
3806 479 3903 538 κλῇ.

2361 581 2450 636 ρον
2490 563 2781 637 Ἐλεύθερος
2810 571 2872 638 τῇ
2915 564 3072 617 αὐτοῦ
3104 566 3247 629 τάξει
3285 569 3374 618 καὶ
3413 573 3474 638 τῇ
3507 565 3661 618 αύτοῦ
3689 563 3900 640 διδαχῇ·

2365 654 2394 716 ἣ
2441 671 2494 705 τε
2537 651 2638 706 ἀπὸ
2690 661 2804 706 τῶν
2841 652 3143 707 ἀποστόλων
3187 653 3236 706 έν
3282 663 3346 728 τῇ
3401 654 3680 728 Ἐκκλησία
3710 654 3903 730 παράδο-

2367 760 2466 807 σις,
2514 747 2604 795 καὶ
2641 745 2699 795 τὸ
2755 751 2844 804 τῆς
2899 743 3143 806 ἀληθείας
3189 748 3457 819 κήρυγμα,
3509 750 3808 804 κατήντηκεν
3853 747 3903 808 ti;

2363 833 2518 902 ἡμᾶς.
2553 853 2580 881 »
2631 837 2724 894 Τίς
2771 829 2830 886 δι
2867 837 2956 886 τὸν
2986 834 3115 907 ὑπερ
3149 834 3240 896 τῆς
3283 835 3424 896 θείας
3461 837 3681 896 πίστεως
3731 835 3901 896 ζήλονό

2362 919 2650 994 Εἰρηναῖος,
2695 920 2903 996 ἀρκέσει
2942 919 3008 981 δή
3051 929 3312 996 παριστᾷν
3337 925 3368 982 ἠ
3406 923 3674 988 ἑπιστολή,
3706 924 3758 983 ἣν
3803 927 3842 976 οἱ
3869 924 3899 976 ii

2363 1013 2538 1083 Βιέννη
2578 1015 2668 1063 καὶ
2725 1007 3046 1084 Λουγδούνῳ
3081 1014 3360 1088 μάρτυρες,
3395 1011 3443 1064 έν
3473 1012 3700 1087 εἱρκταῖς
3747 1015 3810 1066 ἔτι
3836 1033 3901 1066 τα-

2361 1097 2794 1173 λαιπωρούμενοι,
2895 1100 3173 1176 Ἐλευθέρῳ
3276 1109 3350 1172 τῷ
3414 1101 3612 1174 Ῥώμης
3685 1101 3899 1172 imum

2365 1197 2704 1250 συνιστῶντες
2739 1189 2893 1242 αὐτὸν
2932 1188 3344 1256 έπιστελλουσιν,
3378 1192 3453 1243 ἔτι
3487 1198 3550 1264 τῇ
3582 1198 3684 1254 ττοῦ
3726 1190 3900 1265 πρεσϐυ-

2363 1281 2512 1352 τέρου
2569 1275 2804 1352 καθέδρᾳ
2856 1278 3316 1351 ένσεμνυνόμενον⁶
3349 1279 3380 1339 ἣ
3439 1276 3509 1338 δή
3562 1278 3733 1344 λέξεως
3782 1282 3902 1342 οὕτως

2367 1363 2480 1439 εἶχε
2511 1384 2525 1398 ’
2562 1388 2587 1419 s
2619 1374 2834 1443 Χαίρειν
2875 1368 2923 1421 έν
2955 1377 3068 1440 Θεῷ
3106 1388 3164 1422 σε
3204 1375 3366 1422 πᾶσιν
3410 1369 3673 1442 εὐχόμεθα
3707 1373 3789 1422 καὶ
3833 1373 3899 1433 ἀεὶ,

2366 1458 2526 1528 πάτερ
2585 1457 2861 1532 Ἐλεύθερε.
2909 1459 3088 1511 Ταῦτά
3137 1477 3221 1510 σοι
3266 1460 3330 1510 τὰ
3372 1460 3660 1532 γράμματα
3711 1478 3902 1534 προετρι-

2367 1545 2579 1618 ψάμεθα
2637 1550 2724 1599 τόν
2781 1543 3000 1620 ἀδελφὸν
3048 1549 3193 1620 ήμῶν
3249 1552 3340 1601 καὶ
3395 1551 3640 1601 κοινωνὸν
3684 1547 3898 1621 Εἰρηναίσι

2370 1630 2685 1708 διακομίσαι
2715 1653 2728 1666 ·
2789 1641 2880 1690 καὶ
2934 1636 3333 1711 παρακαλοῦμεν
3379 1639 3522 1709 ἔχειν
3595 1656 3653 1690 σε
3701 1637 3836 1689 αὐτόν
3871 1641 3901 1689 ἂν

2367 1726 2670 1799 παραθέσει,
2722 1724 2959 1786 ζηλωτὴν
2998 1729 3120 1778 ὄντα
3161 1734 3256 1789 τῆς
3303 1721 3568 1789 διαθήκης
3600 1733 3816 1798 Χριστοῦ
3840 1744 3850 1756 '
3878 1729 3905 1778 tt

2365 1815 2468 1886 γάρ
2523 1809 2736 1887 ᾔδειμεν
2791 1819 2946 1867 τόπον
2998 1816 3116 1866 τινά
3177 1811 3523 1877 δικαιοσύνης
3579 1817 3905 1888 περιποιεῖσθαι

2367 1904 2435 1964 ῶς
2474 1902 2818 1976 πρεσϐύτερον
2869 1902 3164 1970 ἐκκλησίας,
3215 1905 3338 1977 ὅπερ
3381 1903 3524 1957 εστὶν
3583 1903 3660 1956 ἐπ’
3696 1904 3836 1974 αὐτῷ,
3871 1905 3904 1957 ἓν

2367 1996 2590 2067 πρώτοις
2625 1991 2686 2044 ἀν
2723 1995 3069 2066 παρεθέμεθα.
3106 2016 3127 2042 ι
3166 1998 3268 2047 Καὶ
3297 1993 3428 2046 ἄλλα
3456 1991 3518 2047 δι
3548 2000 3641 2056 τῆς
3680 1993 3904 2067 Εἰρηναίον

2366 2080 2666 2152 φιλοκαλίας
2717 2084 3092 2154 μνημονεύεται
3127 2097 3140 2109 ⁸
3184 2084 3249 2135 τά
3300 2101 3354 2134 τε
3407 2086 3539 2156 πρὸς
3594 2081 3803 2135 Βλάστον
3845 2088 3907 2134 καὶ

2367 2168 2618 2244 Φλωρῖνον
2661 2175 2750 2223 καὶ
2799 2175 3096 2245 Μαρκιανον
3127 2190 3263 2236 τινα,
3313 2168 3516 2245 βίϐλίον
3561 2190 3613 2224 τε
3665 2168 3906 2234 διαλέξεων.

2363 2255 2480 2312 Ἔτι
2497 2255 2557 2312 δὲ
2582 2265 2672 2312 καὶ
2701 2261 2727 2311 ὁ
2758 2266 2912 2333 Περὶ
2952 2262 3280 2333 ἐπιστήμη
3301 2282 3324 2324 ς
3351 2263 3780 2334 ἐπιγεγραμμένος
3804 2263 3906 2329 αὐτῷ

2363 2350 2491 2420 πρὸς
2526 2347 2827 2412 ’Έλληνας
2863 2349 3033 2421 λόγος,
3089 2349 3505 2422 ἀναγκαιότατος
3528 2367 3542 2380 ⁸
3596 2355 3683 2402 καί
3733 2353 3791 2401 τὰ
3821 2355 3907 2422 περὶ

2365 2445 2458 2490 τοῦ
2511 2440 2711 2510 Πάσχα
2738 2439 2880 2510 αύτῷ
2911 2439 3189 2514 εἰρημένα’
3240 2445 3358 2514 περὶ
3409 2437 3478 2492 ὧν
3521 2441 3792 2514 ἔμπροσθεν
3827 2447 3907 2500 τοῖς

2365 2531 2699 2599 προσήκουσι
2737 2525 3066 2600 διαλήψομαι
3115 2533 3319 2590 τόποις.
3377 2535 3615 2582 Τοιαῦτα
3767 2531 3908 2580 καὶτὰ

2364 2617 2500 2669 κατά
2524 2619 2611 2670 τὸν
2639 2619 2910 2671 θεσπέσιον
2934 2618 3232 2693 Εἰρηναῖον.

2959 2887 3203 2943 ΚΕΦΑΛ.
3237 2885 3356 2962 ις’.

2366 2996 2522 3065 Περὶ
2597 2999 2707 3053 τῆς
2773 2991 2836 3046 έκ
2899 2992 3610 3065 Γαλλιῶν-έπιστολῆς
3675 2991 3776 3048 διὰ
3831 2996 3906 3045 τὸν

2435 3063 2646 3118 ἔκεῖσε
2681 3065 3022 3138 γενόμενον
3064 3063 3527 3140 σφοδρότατον
3567 3064 3854 3138 διωγμόν.

2432 3171 2576 3226 Ἐπεὶ
2625 3168 2674 3223 δ’
2708 3171 2986 3244 Εἰρηναίου
3015 3177 3106 3226 καὶ
3149 3182 3248 3226 τῶν
3295 3176 3346 3227 ἓν
3379 3173 3625 3237 Γαλλίαις
3659 3179 3740 3227 καὶ
3773 3176 3904 3243 Βώη

2362 3263 2634 3336 μαρτύρων
2681 3259 3031 3333 έμνήσθημεν,
3093 3259 3297 3316 δίκαιον
3364 3261 3515 3335 οἶμαι
3553 3269 3642 3318 καὶ
3693 3268 3797 3336 περὶ
3841 3270 3904 3320 τῆς

2363 3349 2530 3403 αὐτῶν
2594 3355 2869 3424 καρτερίας
2921 3348 3132 3426 βραχέα
3179 3349 3467 3407 διαλαϐεῖν.
3527 3352 3676 3414 Ἔτος
3843 3346 3906 3402 οὖν

2363 3437 2585 3514 ἕϐδομον
2639 3444 2768 3514 πρὸς
2833 3448 2906 3511 τῷ
2965 3437 3171 3513 δεκάτῳ
3257 3441 3609 3519 αὐτοκράτορι
3677 3443 3907 3507 ’Δντωνίνῳ

2364 3535 2476 3602 Πίῳ
2530 3529 2718 3602 Οὐήρῳ
2771 3526 2854 3593 ἦν,
2887 3529 2936 3582 έν
2981 3531 3022 3600 ᾧ
3069 3531 3206 3583 κατά
3241 3550 3357 3584 τινα
3405 3536 3540 3607 μέρη
3572 3539 3664 3593 τῆς
3695 3539 3785 3604 γῆς
3817 3546 3908 3600 σφο-

2367 3615 2497 3692 δροῦ
2553 3619 2669 3672 καθ’
2722 3621 2864 3692 ἡμᾶς
2916 3623 3236 3683 πνεύσαντος
3295 3618 3557 3695 διωγμοῦ,
3622 3631 3715 3675 τῶν
3767 3617 3906 3690 δήμω

2365 3710 2490 3780 ἡμῖν
2539 3707 2708 3780 ἀλόγῳ
2750 3710 2930 3782 θράσει
2980 3708 3418 3784 ἐπανισταμένων,
3462 3708 3724 3784 μυριάδας
3757 3709 3907 3782 μαρτό-

2364 3808 2484 3872 ρὼν,
2527 3799 2596 3859 ὡς
2625 3806 2920 3870 στοχασμῷ
2973 3798 3200 3866 εἰκάσαι,
3240 3799 3340 3853 ἀνὰ
3385 3808 3560 3854 πᾶσαν
3591 3805 3682 3860 τήν
3723 3800 3909 3868 οἰκουμι

2363 3907 2455 3946 νην
2496 3889 2738 3959 γενέσθαι
2763 3907 2780 3929 ν
2821 3890 2886 3948 ὡς
2917 3885 3018 3941 ἀπὸ
3069 3897 3169 3942 τῶν
3219 3889 3337 3942 καθ’
3374 3891 3596 3945 ἕκαστον
3650 3892 3780 3950 ἔθνος
3805 3906 3906 3957 συμ-

2365 3975 2562 4029 ϐάντων
2618 3979 2727 4029 ἔστι
2768 3979 3170 4052 τεκμήρασθαι⁹
3225 3979 3260 4031 ἃ
3315 3984 3404 4032 καὶ
3443 3989 3620 4054 γραφῇ
3659 3983 3904 4052 περιέσχεν,

2367 4065 2596 4124 ἀλήστου
2640 4074 2730 4126 τῆς
2784 4071 3012 4139 μνήμης,
3064 4067 3188 4131 ἄξιά
3223 4087 3284 4140 γε
3331 4073 3473 4124 ὄντα.
3506 4070 3693 4130 Ἀλλος
3736 4070 3813 4140 μεν
3843 4060 3904 4115 οὖν

2365 4156 2427 4208 ἄν
2490 4174 2572 4218 τις
2646 4156 2938 4226 ἱστορικαῖς
3016 4155 3355 4229 εἰσηγήσεσιν
3421 4158 3703 4234 ἐπιτρέπων
3751 4157 3905 4210 εἰκότως

2365 4243 2427 4296 ἃν
2457 4252 2518 4317 τῇ
2563 4252 2841 4319 συγγραφῇ
2884 4242 3178 4320 παρεδίδου
3210 4253 3358 4312 νίκας
3395 4268 3450 4302 τε
3477 4255 3572 4303 καὶ
3597 4253 3802 4321 τρόπαια
3823 4240 3903 4294 κατ’

2369 4331 2596 4408 ἐχθρῶν,
2648 4332 2918 4408 ἀριστείας
2960 4354 3013 4387 τε
3057 4345 3388 4409 στρατηγῶν,
3444 4342 3533 4391 καὶ
3598 4337 3799 4391 ὁπλιτῶν
3846 4329 3901 4382 ἂν·

2291 4463 2336 4520 D
2370 4418 2687 4495 δραγαθίας,
2746 4423 2872 4497 ὑπὲρ
2922 4420 3126 4476 παίδων
3173 4430 3263 4478 καὶ
3302 4423 3562 4500 πατρίδος
3611 4431 3729 4486 τέως
3760 4425 3903 4492 ἠγωνι-

2371 4517 2588 4584 σμένων,
2637 4512 2830 4584 αἵμασί
2877 4532 2931 4566 τε
2980 4515 3107 4588 ὑπὲρ
3166 4523 3305 4588 σφῶν
3361 4517 3534 4569 αὐτῶν
3586 4518 3716 4569 κατά
3761 4509 3899 4566 πολλὴν
3967 4567 3969 4588 ﬁ

2368 4605 2672 4674 περιουσίαν
2708 4601 2876 4654 ἄθλων
2917 4605 3104 4666 ἱκανῶς
3133 4608 3446 4676 μιανθέντων
3475 4623 3488 4636 ·
3534 4607 3561 4659 ὁ
3602 4602 3659 4659 δὲ
3706 4611 3787 4664 τῆς
3821 4594 3899 4649 καθ’

2368 4691 2505 4763 ἡμᾶς
2541 4689 2803 4753 πολιτείας
2856 4689 3157 4764 διηγήσεως
3202 4693 3354 4766 λόγος
3408 4699 3502 4754 τὴν
3555 4698 3678 4769 ὑπὲρ
3720 4691 3896 4749 ἀληθείας

2367 4781 2625 4845 ἔνστασιν,
2662 4786 2750 4833 καὶ
2781 4785 2902 4842 τοὺς
2949 4785 3082 4835 κατὰ
3117 4782 3303 4856 ψυχήν
3343 4784 3766 4859 εἰρηνικωτάτους
3794 4777 3896 4832 πολέα

2366 4887 2511 4942 μους,
2561 4875 2650 4921 καὶ
2680 4875 2774 4929 τήν
2813 4872 3049 4944 ὑπερφυᾶ
3105 4878 3375 4947 καρτερίαν
3410 4883 3510 4927 τῶν
3563 4877 3687 4948 ὑπὲρ
3723 4878 3804 4931 τῆς
3844 4863 3896 4916 "5"

2367 4956 2569 5020 σεϐείας
2605 4958 2796 5031 μᾶλλον
2826 4960 2856 5019 ή
2917 4969 3016 5012 τῶν
3055 4961 3310 5034 φιλτάτων
3352 4961 3752 5038 ἀνδρισαμένων,
3790 4959 3837 5010 τά
3857 4970 3890 5004 τε

2363 5051 2606 5119 τρόπαια,
2639 5052 2729 5100 καὶ
2767 5051 2855 5110 τὰς
2901 5049 3016 5102 κατ’
3049 5049 3336 5104 ἀντιπάλων
3391 5053 3625 5128 ἀοράτων
3652 5057 3796 5113 νίκας,
3831 5049 3887 5096 καὶ
3966 5069 3967 5081 ι

2362 5140 2476 5198 τούς
2526 5135 2609 5189 ἐπὶ
2659 5143 2794 5190 πᾶσι
2834 5141 3034 5201 τούτοις
3087 5143 3369 5214 στεφάνους
3401 5143 3467 5204 εἰς
3512 5144 3709 5197 αἰώνιον
3751 5138 3885 5192 avun-

2363 5226 2507 5300 ρύξει
2535 5231 2743 5299 μνήμην
2775 5249 2792 5264 ο
2823 5225 2908 5281 οἶά
2936 5249 3052 5283 τινα
3091 5231 3288 5290 στήλην
3335 5232 3428 5284 ούκ
3474 5231 3576 5286 ἀπὸ
3606 5231 3788 5305 χαλκοῦ
3824 5226 3882 5275 καὶ

2361 5315 2530 5382 λίθου,
2587 5315 2694 5369 ἀλλ’
2725 5313 3080 5392 ἀδαμαντίνην
3125 5318 3415 5395 ἀναγράφει
3460 5329 3532 5394 τῷ
3577 5323 3717 5376 αἰῶνι
3758 5331 3878 5386 παρα·
3963 5331 3965 5415 1

2361 5478 2642 5610 ρεξρὲυὲίὲ
2680 5480 2844 5554 quod
2894 5497 2958 5539 se
2997 5482 3181 5540 ambo
3216 5483 3606 5558 imperatores
3634 5475 3868 5559 parabant:

3787 5837 3814 6001 .l
3959 5939 3961 6003 φ
