4000 6220
123 230 278 310 ἰοιο
1184 250 1746 310 ECCLESIASTICE
1786 249 2140 310 HISTORLE
2178 251 2315 309 LIB.
2356 253 2444 309 1v.
3345 249 3494 306 aeu

126 375 346 442 διδούς.
385 378 448 434 Ἠ
492 381 581 453 μὶν
625 378 713 434 οὖν
763 385 922 455 χώρα
960 377 1078 432 καθ’
1127 380 1188 439 ἣν
1240 384 1365 442 τέως
1401 379 1638 454 λαμπρὸν
1667 381 1727 431 τὸ

1851 379 2384 452 admirandamque
2411 383 2466 434 et
2502 391 2744 435 omnem
2776 379 3006 434 naturae
3038 380 3281 450 captum
3311 391 3494 449 supe-

130 466 356 523 στάδιον
410 473 815 543 συγκεκρότητο,
856 469 1049 523 Γαλλία
1094 465 1156 528 ἦν
1185 485 1199 500 ⁶
1242 465 1302 530 ἧς
1331 466 1610 528 διαϐόητοι
1640 473 1727 521 καὶ

1851 475 2068 526 rantem
2090 469 2434 542 patientiam
2453 473 2510 524 et
2524 467 2932 525 fortitudinem
2951 483 3154 523 eorum
3176 467 3280 539 qui
3298 467 3494 536 magis

125 557 263 612 πολὺ
301 565 403 611 τῶν
439 558 630 612 λοιπῶν
677 563 1008 633 προέχουσαι
1045 559 1390 633 μητροπόλεις
1422 559 1524 611 είσὶ
1561 564 1731 629 Δουγ-

1851 574 1949 630 pro
1975 559 2188 630 pietate
2227 573 2488 630 veroque
2521 558 2620 614 Dei
2657 557 2834 622 cultu,
2869 573 3056 629 quam
3082 571 3190 628 pro
3217 555 3494 612 charissi-

129 644 320 710 δοῦνος
376 653 469 701 καὶ
522 653 700 701 Βιὲννα
738 667 752 681 ο
797 645 872 701 δι’
925 646 992 700 ὧν
1051 647 1350 722 ἀμφοτέρων
1407 652 1500 707 τὴν
1553 654 1729 700 πᾶσαν

1851 648 1954 703 mis
2001 648 2112 703 sibi
2174 648 2470 718 capitibus
2520 663 2645 702 rem
2695 652 2932 702 strenue
2983 650 3314 716 gesserunt,
3376 650 3491 701 tro-

125 741 317 811 χώραν
363 736 532 809 πολλῷ
570 745 640 809 τῷ
667 738 889 813 ῥεύματι
925 736 1202 813 περιρρέων
1233 739 1258 790 ό
1294 733 1536 798 Ῥοδανός
1589 734 1624 790 δ
1629 736 1731 800 ιέξ-

1851 751 2094 810 paeaque
2141 744 2199 793 et
2243 738 2518 793 victorias
2565 736 2854 792 adversus
2901 735 3231 791 invisibiles
3287 735 3490 790 hostes

122 825 257 881 εισι.
302 831 409 886 Τὴν
439 834 564 899 γοῦν
611 835 708 880 τῶν
758 829 1033 902 μαρτύρων
1097 825 1398 902 ἀναγραφὴν
1452 828 1508 879 αἱ
1538 829 1586 879 ἓν
1615 833 1729 888 ταῖς

1851 833 2445 899 partas,coronasque
2462 825 2850 898 triumphales
2867 830 3256 898 persequetur
3275 841 3288 878 :
3305 829 3488 895 atque

126 915 430 989 εἰρημέναις
472 915 657 969 πόλεσι
701 913 971 989 διαφανεῖς
1005 914 1280 973 ἐκκλησίαι
1323 923 1428 977 τοῖς
1475 914 1524 968 ίν
1569 917 1730 988 Ἀσίᾳ

1851 933 1911 972 ea
1947 917 2152 972 omnia
2193 915 2369 971 veluti
2417 917 2478 971 in
2527 915 2830 980 columna,
2879 929 3001 969 non
3050 928 3206 969 aerea
3243 913 3344 968 illa
3383 916 3490 968 aut

123 1009 219 1058 καὶ
274 1010 476 1078 Φρυγίᾳ
528 1001 912 1077 διαπέμπονται
964 1007 1158 1058 οὑτωσὶ
1211 1005 1679 1078 προοιμιαζόμεναι
1713 1021 1726 1035 ⁸

1851 1021 2198 1074 marmorea,
2229 1005 2331 1060 sed
2364 1005 2756 1060 adamantina
2779 1018 3027 1074 prorsus
3058 1002 3373 1074 insculpet,
3409 1001 3489 1057 ad

131 1113 159 1145 ι(
213 1096 283 1147 Oi
332 1097 380 1146 ἓν
425 1098 596 1168 Βιέννη
653 1099 741 1148 καὶ
791 1091 1110 1166 Λουγδούνῳ
1157 1101 1248 1155 τῆς
1297 1093 1517 1156 Γαλλίας
1545 1113 1730 1168 παροι-

121 1189 342 1246 κοῦντες
392 1179 570 1236 δοῦλοι
624 1187 717 1236 τοῦ
765 1191 1002 1257 Χριστοῦ
1053 1189 1171 1247 ταῖς
1217 1185 1348 1236 κατά
1399 1187 1492 1242 τὴν
1545 1182 1730 1238 Ἀσίαν

122 1277 222 1324 καὶ
277 1276 506 1346 Φρυγίαν
584 1277 679 1331 τὴν
762 1276 925 1331 αὐτὴν
981 1281 1078 1336 τῆς
1143 1271 1545 1347 ἀπολυτρώσεως
1605 1274 1730 1344 ἡμῖν

122 1365 312 1414 πίστιν
354 1365 446 1415 καὶ
475 1359 664 1415 ἐλπίδα
694 1364 914 1434 ἔχουσιν
959 1358 1202 1436 ἀδελφοῖς
1235 1363 1412 1438 εἰρήνη
1448 1368 1538 1415 καὶ
1566 1365 1730 1436 χάρις

123 1454 224 1504 καὶ
274 1447 408 1514 δόξα
454 1449 556 1504 ἀπὸ
616 1459 751 1506 Θεοῦ
792 1454 987 1527 πατρὸς
1024 1457 1113 1505 καὶ
1154 1457 1349 1526 Κυρίου
1390 1452 1567 1510 Ἰησοῦ
1599 1459 1729 1526 Χρι-

121 1546 266 1594 στοῦ
330 1547 423 1594 τοῦ
501 1546 698 1615 Κυρίου
773 1544 941 1614 ἡμῶν.
997 1564 1026 1592 ν
1078 1539 1205 1596 Εἶτα
1264 1541 1588 1602 ἓπιϐαλόντες
1657 1547 1730 1611 τῷ

125 1634 395 1702 προοιμίῳ
445 1635 536 1683 καὶ
570 1631 737 1703 ἔτερα,
793 1631 957 1693 οὕτως
1001 1634 1362 1704 κατάρχονται
1397 1648 1410 1660 ·
1463 1654 1488 1680 ι(
1537 1635 1608 1683 Τὸ
1640 1634 1732 1702 μὲν

1843 1093 2196 1150 memoriam
2233 1093 2594 1165 posteritatis
2632 1092 2831 1146 omnis
2872 1091 3322 1162 sempiternam.
3363 1090 3492 1146 Exi-

1841 1185 2030 1239 mium
2064 1198 2242 1254 porro
2273 1198 2343 1237 ea
2374 1185 2721 1252 tempestate
2747 1180 3012 1252 martyrii
3043 1185 3332 1252 tanquam
3368 1187 3491 1236 sta-o

1840 1273 2006 1329 dium
2031 1271 2220 1328 Gallia
2249 1271 2558 1342 provincia
2584 1273 2709 1326 erat
2735 1287 2748 1325 :
2774 1270 2833 1324 in
2857 1284 2979 1342 qua
3005 1273 3220 1340 praeter
3243 1273 3488 1325 caeteras

1841 1361 2103 1418 celebres
2137 1360 2271 1416 dum
2311 1365 2450 1416 sunt
2486 1358 2965 1430 metropolitanae
3004 1358 3208 1422 urbes,
3253 1357 3491 1428 Lugdu-

1840 1465 1989 1507 num
2045 1455 2102 1507 et
2152 1451 2396 1519 Vienna,
2454 1465 2606 1521 quas
2659 1447 2892 1520 reliqua
2947 1462 3156 1502 eorum
3216 1447 3488 1504 locorum

1842 1541 2082 1610 regione
2138 1555 2402 1604 emensa,
2457 1539 2678 1594 ﬂuvius
2732 1536 3061 1594 Rhodanus
3116 1537 3484 1608 perstringit.

1842 1629 2256 1702 Martyriorum
2275 1636 2473 1684 autem
2485 1643 2689 1683 eorum
2709 1625 3234 1693 commentarium,
3254 1627 3493 1684 urbium

129 1716 224 1771 οὖν
262 1720 476 1792 μέγεθος
511 1727 608 1780 τῆς
661 1717 845 1773 ἐνθάδε
893 1719 1133 1792 θλίψεως,
1188 1725 1278 1772 καὶ
1319 1724 1414 1779 τὴν
1469 1721 1732 1777 τοσαύτην

1851 1735 2051 1776 earum
2088 1718 2352 1774 ecclesias
2393 1717 2667 1783 illustres,
2699 1715 2960 1772 ecclesiis
3000 1731 3136 1788 quin
3171 1715 3231 1771 in
3263 1717 3401 1772 Asia
3439 1722 3495 1775 et

129 1815 236 1860 τῶν
267 1806 423 1860 levas
463 1808 535 1870 εἰς
577 1811 699 1871 τοὺς
744 1808 926 1880 ἁγίους
965 1809 1148 1882 ὀργὴν,
1199 1814 1290 1862 καὶ
1328 1810 1430 1861 ὅσα
1459 1811 1732 1880 ὑπέμειναν

1851 1807 2104 1880 Phrygia
2133 1807 2315 1873 fuere,
2351 1807 2582 1870 misere,
2611 1803 2710 1861 tali
2735 1803 3086 1876 praefatione
3117 1821 3240 1862 usa:
3270 1825 3283 1865 :
3318 1824 3348 1856 «
3381 1807 3495 1872 Qui

135 1899 183 1950 οἱ
244 1899 498 1972 μακάριοι
555 1899 834 1971 μάρτυρες,
886 1897 966 1950 ἔπ’
1031 1897 1243 1972 ἀκριϐες
1290 1898 1401 1950 οὔθ’
1453 1900 1600 1971 ἡμεῖς
1661 1898 1732 1951 εἰ-

1851 1898 2088 1953 Viennae
2148 1902 2205 1952 et
2267 1894 2539 1966 Lugduni
2604 1894 2665 1949 in
2729 1893 2927 1950 Galliis
2988 1894 3282 1963 habitant,
3338 1896 3495 1952 servi

132 1993 248 2039 πεῖν
289 1989 477 2054 ἱκανοὶ,
533 1990 651 2040 οὔτε
697 1991 800 2060 μὴν
829 1994 1003 2060 γραφῇ
1053 1987 1434 2063 περιληφθῆναι
1487 1984 1732 2044 δυνατόν.

1851 1987 2070 2050 Christi,
2104 1986 2164 2040 in
2193 1986 2332 2040 Asia
2361 1991 2416 2039 et
2444 1984 2701 2055 Phrygia
2729 1983 3006 2039 eamdem
3046 1982 3379 2045 nobiscum.
3403 2000 3492 2041 re-

133 2075 304 2128 Παντὶ
354 2078 456 2148 γὰρ
514 2077 680 2129 σθένει
731 2074 1012 2148 ἐνέσκηψεν
1051 2078 1077 2127 ὀ
1131 2075 1495 2148 ἀντικείμενος,
1557 2095 1732 2149 προοι-

1851 2075 2204 2147 demptionis
2241 2073 2424 2129 ﬁdem
2472 2080 2530 2128 et
2576 2087 2746 2144 spem
2783 2071 3147 2128 habentibus
3188 2072 3491 2138 fratribus,

133 2168 447 2237 μιαζόμενος
502 2160 610 2224 ἤδη
663 2168 758 2224 τὴν
803 2161 971 2228 ἀδεῶς
1017 2164 1301 2237 μέλλουσαν
1354 2167 1568 2218 ἔσεσθαι
1605 2185 1732 2241 παρ-

1851 2181 1984 2237 pax,
2026 2173 2080 2220 et
2118 2163 2329 2233 gratia,
2373 2169 2428 2219 et
2467 2161 2656 2233 gloria
2691 2177 2726 2217 a
2768 2162 2888 2217 Deo
2929 2161 3102 2216 Patre
3139 2168 3193 2217 et
3235 2161 3491 2218 Domino

129 2253 328 2306 ουσίαν
380 2253 540 2306 αὐτοῦ
567 2270 582 2285 °
615 2258 706 2306 καὶ
753 2250 850 2307 διὰ
894 2255 1100 2307 πάντων
1153 2251 1360 2313 διῆλθεν
1397 2255 1582 2316 ἐθίζων
1614 2259 1732 2317 τοὺς

1851 2255 1979 2309 lesu
2009 2253 2257 2319 Christo,
2289 2252 2542 2308 Domino
2568 2255 2795 2306 nostro.
2835 2270 2860 2301 ν
2897 2250 3122 2306 Deinde
3151 2251 3491 2322 praefationi

1845 2344 2162 2415 ejusmodi,
2189 2343 2319 2398 aliis
2341 2341 2709 2414 quibusdam
2731 2340 2925 2395 verbis
2947 2340 3185 2407 additis,
3212 2340 3325 2397 tale
3347 2340 3492 2397 scri-

1843 2433 2025 2488 bendi
2049 2432 2279 2488 initium
2301 2431 2555 2487 faciunt:
2583 2451 2612 2481 α
2631 2428 3033 2485 Aﬁlictionum
3057 2445 3494 2486 aerumnarum-

1843 2539 1960 2595 que
1989 2527 2327 2578 nostrarum
2353 2520 2854 2590 magnitudinem,
2887 2524 2942 2574 et
2972 2524 3198 2575 tantam
3226 2521 3494 2590 gentium

1844 2612 2132 2668 adversus
2163 2615 2400 2666 sanctos
2430 2610 2602 2674 iram,
2637 2614 2817 2680 atque
2843 2623 2944 2664 eas
2965 2623 3120 2679 quas
3148 2608 3308 2664 beati
3340 2625 3500 2666 mar-

1847 2707 2002 2774 tyres
2027 2702 2436 2755 sustinuerunt
2459 2699 2847 2763 calamitates,
2882 2711 3076 2769 neque
3099 2713 3210 2752 nos
3235 2698 3492 2755 dicendo

1845 2794 2119 2846 accurate
2159 2789 2513 2860 exprimere,
2560 2801 2669 2841 nec
2715 2785 2902 2841 ullum
2945 2784 3265 2843 scribendo
3316 2803 3493 2859 posse

146 2874 457 2950 δυναμένους
488 2876 582 2932 διὰ
619 2885 710 2940 τᾶς
758 2881 1021 2951 ὑπομονῆς
1069 2885 1245 2932 πᾶσαν
1291 2883 1386 2937 τὴν
1426 2879 1593 2951 ὁρμὴν
1640 2885 1732 2931 τοῦ

1851 2877 2156 2950 complecti
2183 2883 2485 2950 putamus.
2521 2876 2697 2948 305
2732 2875 3023 2931 Omnibus
3048 2875 3211 2930 enim
3242 2876 3364 2931 suis
3395 2893 3491 2934 co-

137 2975 371 3041 πονηροῦ
417 2968 485 3029 εἰς
515 2967 730 3030 ἑαυτοὺς
761 2968 974 3021 ἑλκύσαι
1014 2984 1028 2997 ⁸
1071 2967 1119 3019 οἳ
1170 2971 1259 3019 καὶ
1288 2968 1450 3039 ὁμόσε
1479 2969 1732 3041 ἐχώρουν,

1851 2970 1960 3041 piis
2007 2968 2066 3023 in
2103 2983 2213 3022 nos
2242 2966 2408 3021 irruit
2435 2965 2814 3020 adversarius
2855 2980 2871 3028 ;
2906 2965 3047 3019 etin
3081 2964 3250 3020 initio
3288 2967 3492 3022 statim

135 3061 241 3108 πᾶν
295 3053 436 3120 εἶδος
481 3054 786 3130 ὁνειδισμοῦ
837 3061 928 3110 καὶ
985 3055 1244 3117 κολάσεως
1294 3054 1600 3128 ἀνεχόμενοι
1630 3075 1645 3090 ο
1687 3056 1732 3109 οἳ

1851 3058 1978 3129 ipso
2007 3056 2306 3128 apparuit,
2338 3053 2482 3110 nihil
2513 3053 2636 3109 fore
2667 3053 2873 3108 terrori
2904 3052 3080 3108 nobis
3113 3055 3495 3123 praesentiam

135 3151 227 3198 καὶ
274 3147 341 3198 τὰ
378 3146 542 3199 πολλὰ
593 3145 744 3218 ὀλίγα
793 3148 1089 3218 ἡγούμενοι,
1129 3141 1382 3198 ἔσπευδον
1420 3148 1552 3218 πρὸς
1605 3155 1732 3220 Χρι-

1851 3146 1995 3217 ejus,
2041 3145 2213 3217 quasi
2264 3142 2609 3215 prolusione
2639 3141 2909 3214 quadam
2953 3157 3133 3196 suum
3168 3141 3495 3200 adventum

139 3238 287 3300 στὸν,
346 3239 503 3299 ὄντως
549 3232 981 3308 ἐπιδεικνύμενοι,
1033 3237 1113 3288 ὅτι
1150 3234 1245 3287 οὐκ
1284 3234 1408 3298 ἄξια
1455 3237 1520 3288 τά
1569 3238 1732 3295 παθή-

1851 3235 2131 3291 audacter
2174 3233 2440 3289 futurum
2488 3231 2918 3302 praenuntians,
2964 3235 3022 3285 et
3077 3245 3257 3286 omne
3305 3246 3496 3301 genus

131 3343 279 3395 ματα
307 3332 400 3377 τοῦ
439 3331 527 3376 νῦν
565 3332 752 3397 καιροῦ
792 3327 916 3399 πρὸς
953 3328 1047 3383 τὴν
1078 3323 1364 3396 μέλλουσαν
1396 3319 1576 3387 δόξαν.
1637 3330 1732 3378 Καὶ

1851 3323 2276 3394 persecutionis
2330 3326 2510 3393 atque
2559 3319 2894 3375 aﬂlictionis
2942 3319 3239 3374 adhibens
3287 3336 3496 3377 assue-

133 3422 343 3487 πρῶτον
391 3416 480 3485 μεν
532 3410 774 3486 σωρηδὸν
813 3409 1078 3486 πανδημεὶ
1135 3414 1202 3464 τὰ
1236 3414 1578 3485 ἑπιφερόμενα
1633 3413 1732 3467 ἀπό

1851 3414 1980 3470 fecit
2021 3418 2077 3469 et
2121 3411 2382 3467 exercuit
2430 3426 2575 3465 suos
2629 3409 2920 3465 adversus
2977 3409 3075 3464 Dei
3119 3409 3424 3464 ministros
3476 3425 3490 3467 :

138 2343 346 2408 ἑαυτοῦ,
377 2347 468 2396 καὶ
497 2344 878 2417 προγυμνάζων
905 2347 1044 2397 κατὰ
1071 2351 1170 2396 τῶν
1211 2341 1406 2398 δούλων
1435 2351 1528 2397 τοῦ
1557 2349 1684 2398 Θεοῦ
1715 2361 1734 2381 ο

137 2434 274 2486 ὥστε
317 2436 390 2504 μὴ
421 2437 574 2505 μόνον
600 2433 776 2486 οἰκιῶν
823 2437 913 2486 καὶ
954 2431 1232 2507 βαλανείων
1265 2439 1354 2486 καὶ
1403 2432 1596 2508 ἀγορᾶς
1637 2436 1736 2505 εἶρ-

134 2524 347 2594 γεσθαι,
379 2521 508 2574 ἀλλά
533 2527 624 2574 καὶ
655 2525 714 2575 τὸ
751 2523 977 2576 καθόλου
1017 2525 1288 2595 φαίνεσθαι
1317 2525 1462 2596 ἡμῶν
1499 2543 1617 2575 τινα
1645 2523 1736 2574 αῦ-

137 2617 247 2674 τοῖς
305 2610 626 2687 ἀπειρῆσθαι
675 2614 726 2664 ἓν
782 2609 1148 2684 ὁποιῳδήποτε
1206 2617 1368 2683 τόπῳ.
1425 2613 1737 2685 Ἀντεστρα-

139 2699 293 2771 τήγὲι
342 2697 400 2753 δε
453 2703 484 2760 ἠ
530 2703 694 2774 χάρις
734 2708 826 2754 τοῦ
857 2708 990 2756 Θεοῦ
1023 2723 1036 2736 ο
1093 2704 1331 2763 καὶτοὺς
1370 2703 1459 2772 μὲν
1502 2700 1736 2764 ἀσθενεῖς

144 2789 458 2866 ἑρῥὼννυτο·
547 2789 1023 2864 ἀντιπαρετάσσετο
1093 2787 1153 2844 δε
1205 2789 1426 2852 στύλους
1491 2786 1737 2862 ἑδραίους

128 3509 230 3554 τοῦ
284 3501 446 3574 ὄχλου
494 3503 740 3575 ὑπέμενον
770 3522 782 3534 ·
839 3501 1159 3569 ἐπιϐοήσεις,
1217 3507 1305 3553 καὶ
1362 3501 1586 3574 πληγὰς,
1647 3508 1739 3556 καὶ

128 3596 392 3663 συρμοὺς,
417 3588 719 3665 διαρπαγὰς
763 3596 851 3644 καὶ
878 3591 1033 3644 λίθων
1065 3588 1223 3664 βολάς
1268 3594 1354 3643 καὶ
1390 3591 1732 3663 συγκλείσεις,

126 3679 418 3733 καὶπάνθ’
471 3682 572 3733 ὃσα
618 3681 924 3754 ἠγριωμένῳ
981 3678 1166 3737 πλήθει
1219 3681 1289 3741 ὡς
1343 3684 1468 3753 πρὸς
1507 3683 1735 3755 ἐχθροὺς

1847 3501 2144 3575 siquidem
2192 3515 2314 3556 non
2363 3498 2596 3554 aedibus
2649 3504 2902 3564 tantum,
2963 3497 3194 3553 balneis
3261 3504 3317 3553 et
3366 3499 3494 3555 foro

1845 3591 2045 3658 nobis,
2066 3590 2172 3646 sed
2189 3588 2431 3662 publico
2447 3603 2691 3659 quoque
2710 3587 3199 3658 prorsus,necubi
3220 3591 3491 3644 nostrum

1845 3681 2169 3754 quisquam
2199 3682 2510 3749 appareat,
2542 3675 2994 3732 i'nterdixerunt.
3039 3678 3252 3730 Verum
3285 3681 3494 3734 contra

121 3774 228 3823 καὶ
265 3769 542 3841 πολεμίους
579 3768 712 3841 φιλεῖ
737 3770 995 3840 γίνεσθαι.
1027 3788 1056 3820 ι)
1143 3783 1145 3786 ·

1851 3785 1950 3825 eos
1981 3783 2090 3840 pro
2120 3768 2295 3823 nobis
2321 3767 2510 3836 gratia
2541 3765 2634 3820 Dei
2657 3765 3036 3834 depugnans,
3063 3765 3330 3820 inﬁrmos
3359 3767 3498 3837 qui-

117 3859 276 3914 dem
306 3857 702 3922 conﬁrmavit,
735 3857 976 3913 stabiles
1005 3862 1204 3913 autem
1234 3857 1320 3912 eis
1351 3857 1634 3928 opposuit
1661 3857 1977 3914 columnas
2010 3873 2023 3912 :
2065 3872 2167 3911 eos
2199 3855 2467 3910 videlicet
2495 3853 2792 3918 homines,
2824 3852 2930 3924 qui
2959 3868 3066 3923 per
3112 3852 3492 3910 tolerantiam

116 3961 378 4004 omnem
427 3947 566 4002 mali
602 3945 763 4001 illius
804 3946 1099 4018 impetum
1146 3946 1207 4001 in
1247 3946 1482 4015 seipsos
1525 3947 1936 4016 pertraherent
1981 3963 1996 3999 :
2041 3946 2265 4016 quique
2299 3944 2565 4000 conferre
2605 3941 2841 4013 pedem,
2889 3957 3069 3997 omne
3110 3942 3490 4000 contumeliis

109 4043 180 4092 et
210 4033 487 4107 supplicii
517 4049 706 4104 genus
737 4034 1046 4099 sustinere,
1081 4040 1134 4089 et
1162 4049 1298 4106 quae
1325 4033 1586 4105 plurima
1615 4040 1833 4101 essent,
1858 4049 2164 4106 perpauca
2191 4039 2248 4088 et
2272 4034 2491 4102 exigua
2515 4047 2645 4086 esse
2670 4031 2888 4086 ducere
2923 4035 3181 4101 possent,
3217 4037 3274 4086 et
3302 4031 3386 4086 ita
3413 4031 3495 4088 ad

114 4123 426 4180 Christum
475 4123 672 4178 venire
718 4123 1064 4179 festinarent
1108 4138 1121 4177 :
1177 4123 1354 4178 rebus
1397 4123 1544 4194 ipsis
1589 4125 1974 4180 ostendentes
2003 4125 2072 4189 δι,
2120 4137 2240 4178 non
2289 4137 2422 4178 esse
2463 4121 2798 4190 condignas
2839 4121 3150 4191 passiones
3199 4123 3490 4193 temporis

111 4213 309 4284 hujus
338 4211 416 4268 ad
452 4212 717 4268 futuram
757 4211 1032 4281 gloriam.
1070 4211 1330 4267 Primum
1359 4213 1586 4284 quippe
1629 4213 1941 4268 confertim
1979 4211 2256 4277 universi,
2305 4227 2441 4283 quae
2485 4211 2570 4265 eis
2614 4226 2651 4266 a
2693 4209 3070 4265 multitudine
3109 4209 3492 4279 inferrentur,

112 4301 440 4374 pertulere,
482 4300 946 4358 contumeliosas
995 4299 1470 4366 inclamationes,
1512 4301 1780 4366 verbera,
1829 4301 2244 4365 volutationes,
2285 4299 2549 4372 rapinas,
2602 4297 3004 4369 lapidationes
3060 4303 3118 4354 et
3157 4314 3427 4355 carceres
3481 4305 3494 4336 ε

107 4389 332 4448 omnia
367 4390 585 4463 enique
623 4389 766 4454 alia,
802 4405 939 4462 quas
981 4388 1285 4446 ferocienti
1320 4389 1686 4447 multitudini
1723 4396 1934 4448 contra
1970 4389 2247 4446 inimicos
2287 4394 2345 4445 et
2382 4389 2585 4445 hostes
2628 4386 2820 4444 facere
2875 4387 2939 4443 in
2984 4392 3250 4444 mentem
3289 4390 3490 4445 venire

115 4480 340 4537 solent.
366 4498 394 4530 ››

130 4591 132 4596 ·
738 4571 979 4621 ΚΕΦΔΛ.
1022 4565 1118 4621 ΙΖ’.
1758 4569 1804 4621 D
2463 4564 2687 4621 CAPUT
2715 4565 2874 4620 XVII.

1833 4658 1921 4714 De
1960 4656 2136 4721 Velio,
2177 4657 2412 4721 Sancto,
2453 4653 2732 4721 Pothino,
2774 4654 3149 4718 Alexandro,
3185 4654 3483 4723 Bibliade,

1907 4729 2239 4790 Blandina,
2255 4735 2306 4784 et
2326 4728 2462 4784 aliis
2488 4745 2507 4782 :
2525 4733 2588 4782 ut
2611 4726 2831 4782 scilicet
2853 4733 3152 4781 certamen
3176 4742 3292 4795 pro
3317 4726 3490 4782 Chri-

1908 4800 2446 4926 stolsustinuerint,
2471 4805 2524 4855 et
2564 4797 2829 4869 deinceps
2854 4797 2916 4852 in
2942 4796 3196 4866 ﬂuvium
3226 4798 3345 4853 sint
3384 4798 3486 4854 ab-

1901 4887 1997 4942 με
2027 4886 2066 4925 ι.

738 4571 979 4622 ΚΕΦΔΔ.
1022 4565 1118 4622 ΙΖ’.
1758 4569 1804 4624 D

119 4660 285 4728 Περὶ
332 4656 628 4728 Οῦετί-ου,
676 4658 1010 4728 -Σάγκτου,
1043 4657 1387 4728 Ποθεινοῦ,
1427 4655 1727 4720 Ἀλεξάν-

197 4676 207 4710 ι
265 4677 285 4708 ε
332 4673 628 4720 υυετιου,
698 4673 1010 4728 δαγκτου,
1055 4673 1387 4722 ιιουεινου,
1427 4673 1726 4720 Ἀλεξαν-

197 4673 799 4802 ἰρου,Βιϐλιάᾲδου,
847 4733 956 4780 καὶ
995 4725 1372 4802 Βλανδίνης,
1439 4733 1552 4802 καὶ
1593 4728 1726 4802 ἑτᾼέ-

241 4794 338 4865 ων,
381 4801 459 4873 ὡᾼς
496 4803 601 4851 τόν
641 4800 795 4872 ὑπὲρ
856 4807 1143 4873 Χριστοῦ
1201 4794 1395 4852 ἆθλον
1454 4799 1511 4873 ίν
1574 4799 1727 4852 Γαλ-

241 4821 338 4865 ων,
381 4821 459 4860 ως
496 4821 601 4851 τον
641 4821 795 4872 υπερ
858 4821 1143 4873 Αριστου
1201 4821 1395 4852 αυων
1454 4821 1511 4852 εν
1575 4821 1726 4852 ιαΛ-

195 4821 788 4954 λίαιςοδιὴνεγκαν·
823 4877 933 4924 καὶ
961 4874 1020 4923 ἓν
1049 4880 1130 4944 τῷ
1164 4880 1428 4946 ποταμῷ
1459 4872 1726 4946 ὕστερον

198 4942 678 5017 ἀπερρίφησαν.

194 5028 328 5086 Εἶτα
373 5027 620 5093 διέξεισιν
647 5032 676 5088 ἠ
713 5027 992 5102 διήγησις,
1025 5033 1094 5092 ὡς
1153 5049 1180 5082 ε
1232 5031 1332 5083 ῦπό
1381 5034 1468 5084 τόν
1513 5031 1728 5106 χιλίαρ-

115 5139 225 5193 χον
281 5119 557 5189 ἤχθησαν,
609 5122 699 5170 καὶ
745 5117 1098 5192 ἀνακριθέντες
1145 5119 1544 5193 καθείρχθησαν
1578 5137 1593 5150 ·
1639 5124 1732 5172 καὶ

114 5227 244 5262 τινα
300 5206 514 5259 Οῦέτιον
566 5205 880 5276 Ἐπάγαθον,
939 5213 1010 5263 τῶ
1075 5211 1250 5278 χρόνῳ
1315 5209 1584 5277 νεάξοντα,
1643 5213 1733 5262 καὶ

118 5306 188 5371 τῇ
244 5301 425 5351 πίστει
481 5299 572 5350 καὶ
620 5295 772 5349 πλέον
812 5302 916 5355 τοῖς
963 5299 1124 5347 πᾶσιν
1174 5294 1394 5367 ἀγαθοῖς
1431 5306 1532 5351 τῶν
1573 5301 1733 5374 ἔργων

123 5387 457 5461 ἀκμάζοντα,
515 5392 606 5440 τοῦ
677 5386 905 5446 πλήθους
969 5385 1559 5457 ὑπεραγανακτήσαντα,
1611 5388 1737 5443 ἀπο-

134 5585 148 5593 '
191 5572 256 5624 ,δι
288 5571 458 5628 Rom.
489 5583 610 5637 vni,
637 5568 723 5624 18.

1916 5032 2133 5089 Deinde
2164 5031 2451 5104 scriptum
2481 5031 2543 5085 id
2569 5028 2931 5100 exsequitur,
2970 5048 2997 5078 «
3030 5031 3270 5084 sanctos
3313 5045 3348 5085 a
3390 5028 3492 5084 tri-

1842 5123 2006 5179 buno
2047 5121 2302 5178 militum
2365 5119 2678 5182 abductos,
2731 5122 2909 5189 atque
2959 5117 3378 5187 interrogatos,
3429 5118 3489 5172 in

1844 5227 2140 5267 carcerem
2178 5211 2476 5282 conjectos
2517 5222 2665 5262 esse.
2711 5207 2902 5277 Atque
2933 5206 3083 5261 inter
3113 5221 3216 5262 eos
3248 5206 3487 5261 Vetium

1845 5301 2172 5372 quemdam
2199 5296 2599 5369 Epagathum,
2625 5311 2761 5350 cum
2785 5295 2974 5350 aetatis
2999 5294 3144 5350 ﬂore
3167 5295 3487 5364 vigentem,

1847 5397 1971 5445 tum
1987 5388 2103 5444 ﬁde
2125 5387 2412 5460 omnique
2434 5385 2733 5442 bonorum
2755 5399 3002 5457 operum
3028 5399 3243 5455 genere
3263 5383 3495 5456 pollen-
