4040 6224
605 271 754 334 1015

1906 267 2294 332 ΝῘΟΕΡΗΟΒῘ
2331 267 2424 328 CA
2432 266 2657 334 LLISTI

3801 264 3928 325 ιοιο

595 410 742 468 tem,
773 401 1003 460 tantam
1033 398 1478 458 multitudinem
1507 397 1726 458 abduci
1754 413 1910 472 aegre
1939 399 2164 466 tulisse,
2195 400 2240 454 et

2357 395 2544 467 λογίαν
2594 394 2724 471 ἐρεῖν
2752 409 2768 424 ⁸
2820 394 2912 450 καὶ
2969 394 3064 454 τῆν
3117 390 3280 453 καλῆν
3336 389 3608 446 ἀνειπόντα
3656 387 3922 463 epulo-pias,

598 507 660 548 se
702 491 783 548 ad
819 490 1232 548 defensionem
1264 489 1671 562 perorandam
1696 506 1907 547 eorum
1938 488 2246 555 obtulisse,

596 586 775 655 atque
813 579 893 638 ob
937 585 1059 636 tam
1106 578 1419 651 pulchram
1460 578 1899 652 professionem
1936 596 2075 635 cum
2113 577 2249 634 aliis

597 669 778 726 simul
803 669 1120 742 abreptum
1153 683 1303 724 esse.
1334 670 1543 724 Decem
1576 684 1715 725 vero
1740 667 1990 741 periculi
2021 666 2252 737 magni-

596 759 799 816 tudine
851 759 1064 824 victos,
1118 758 1408 831 martyrio
1455 759 1825 815 renuntiasse
1876 775 1890 814 :
1933 762 1990 814 et
2031 755 2249 814 sanctis

597 848 868 907 timorem
898 849 1199 921 ingentem
1232 847 1564 920 reliquisse,
1603 847 1932 904 admodum
1975 852 2249 904 metuen-

596 938 756 995 tibus
785 943 1028 1012 propter
1056 937 1306 996 dubium
1345 937 1524 994 futuri
1557 954 1732 994 casus
1761 937 2009 1006 exitum,
2037 952 2112 992 ne
2137 935 2252 992 sci-

593 1028 730 1086 licet
784 1027 859 1084 de
910 1043 982 1084 eo
1033 1043 1276 1100 quoque
1333 1026 1831 1100 periclitarentur,
1894 1032 1957 1084 ut
2019 1026 2250 1082 Christo

596 1116 958 1174 exciderent.
981 1118 1199 1172 Eorum
1221 1121 1422 1173 tamen
1445 1132 1763 1172 numerum
1790 1114 1938 1172 alios
1960 1113 2249 1188 paulatim

599 1206 951 1280 explevisse.
995 1206 1262 1278 Optimos
1305 1221 1578 1279 quosque
1619 1221 1690 1262 ex
1719 1209 1969 1278 utraque
1999 1203 2251 1261 ecclesia

595 1295 874 1367 delectos,
907 1300 965 1351 et
992 1311 1130 1351 cum
1163 1294 1527 1368 martyribus
1549 1295 1697 1368 ipsis
1725 1311 1795 1352 ex
1824 1294 2104 1364 gentibus
2133 1309 2249 1350 ser-

593 1398 705 1440 vos
758 1399 880 1441 una
930 1383 1423 1457 comprehensos,
1457 1399 1680 1456 eosque
1727 1383 2057 1452 ﬂagrorum
2107 1382 2162 1437 vi
2192 1385 2250 1438 et

594 1473 953 1531 necessitate
1005 1479 1266 1536 coactos,
1320 1478 1530 1529 contra
1582 1489 1694 1528 nos
1749 1471 2063 1528 ementitos
2115 1486 2248 1527 esse

593 1563 860 1636 Thyestis
878 1578 1080 1620 cmnas
1100 1568 1158 1620 et
1181 1562 1388 1635 (Edipi
1409 1562 1782 1630 concubitus,
1808 1563 1986 1635 306
2010 1561 2247 1633 aliaque

591 1653 734 1710 item
765 1651 1030 1725 plurima
1065 1651 1366 1722 vulgasse,
1406 1667 1542 1725 qum
1573 1667 1769 1724 neque
1816 1652 2024 1708 auditu
2053 1663 2246 1722 neque

2358 485 2689 560 ἀνάρπαστον
2745 487 2990 557 γεγονότα
3021 501 3037 516 ⁸
3078 479 3209 537 δέκα
3263 479 3324 538 δέ
3373 501 3518 542 τινας
3565 483 3692 555 πρὸς
3747 483 3799 534 τὸ
3849 486 3922 554 μέ-

2356 576 2506 647 γεθος
2570 582 2668 627 τῶν
2743 571 2999 627 κινδύνων
3085 571 3568 647 ἀπαγορεύσαντας,
3647 571 3919 637 ἡττηθῆναι,
3994 581 3995 620 ἲ

2358 668 2449 717 καὶ
2497 659 2614 725 δέος
2665 667 2915 736 μέγιστον
2954 669 3065 724 τοῖς
3097 661 3269 733 ἀγίοις
3306 659 3632 724 καταλιπεῖν,
3663 654 3855 712 δεδιόσι
3878 665 3918 715 τό

2359 761 2450 807 τοῦ
2506 751 2776 826 μέλλοντος
2824 752 2874 806 ἐν
2928 747 3134 824 ἀδήλῳ,
3186 754 3258 822 μὴ
3295 751 3476 803 καὶτὸ
3526 745 3789 802 διαπεσεῖν
3815 757 3919 822 Χριο

2363 849 2489 896 στοῦ
2539 839 2972 896 κινδυνεύσωσιν.
3016 840 3227 902 ’Ἃλλοις
3266 837 3326 894 δέ
3362 842 3450 892 τόν
3497 836 3701 890 ἐκείνων
3741 836 3919 910 ἀριθμόν

2357 932 2472 985 κατ’
2511 931 2720 1003 ὀλίγους
2773 930 3036 992 ἐκπλῆσαι
3068 948 3082 962 ⁸
3115 931 3241 984 ὥστ’
3288 932 3345 983 ἐκ
3386 937 3486 982 τῶν
3540 923 3639 980 δύο
3677 926 3917 985 ἐκκλησιῶν

2358 1024 2479 1084 τοὺς
2547 1017 2871 1084 σπουδαίους
2921 1020 3254 1093 συλλεγῆναι,
3295 1023 3386 1072 καὶ
3433 1021 3559 1079 τούς
3607 1015 3660 1080 ἐξ
3715 1015 3852 1068 ἐθνῶν
3882 1014 3916 1070 δ’

2357 1111 2556 1173 οἰκέτας
2620 1119 2729 1175 τοῖς
2777 1113 3012 1186 μάρτυσι
3070 1108 3528 1182 συλλαμϐάνεσθαι
3563 1123 3578 1138 ο
3624 1106 3709 1167 οὓς
3757 1111 3836 1158 καὶ
3854 1128 3916 1161 κα-

2358 1197 2719 1270 ταψεύδεσθαι
2758 1204 2952 1254 τούτων
3013 1207 3075 1274 τῇ
3134 1208 3235 1254 τῶν
3282 1203 3554 1271 μαστίγων
3603 1194 3798 1269 ἀνάγκη
3826 1213 3840 1226 ·
3869 1199 3918 1259 ὡς

2357 1295 2446 1344 καὶ
2493 1295 2746 1346 Θυίστεια
2800 1287 2988 1344 δεῖπνα
3052 1293 3144 1343 καὶ
3201 1283 3583 1349 Οἰδιποδείους
3641 1285 3816 1359 μίξεις,
3855 1293 3917 1339 καὶ

2357 1379 2465 1432 ἀλλ’
2517 1381 2653 1434 ἄττα
2691 1379 3025 1453 ἐπιφημίζειν
3083 1378 3318 1443 ἐκείνοις,
3367 1381 3456 1430 καί
3497 1377 3603 1429 ὅσα
3655 1375 3776 1448 μήτ’
3822 1373 3914 1448 ictui

2357 1472 2575 1546 φορητά,
2625 1475 2754 1542 μήτε
2795 1468 3010 1542 γλώσσῃ
3068 1467 3200 1522 εἶναι
3251 1467 3388 1542 ῥητά
3420 1484 3434 1496 '
3469 1464 3581 1518 ἀλλ’
3615 1464 3661 1518 εἰ
3691 1460 3819 1537 μηδι
3843 1470 3917 1516 πώ-

2355 1579 2476 1614 ποτε
2529 1560 2654 1636 παρ’
2711 1560 3004 1635 ἀνθρώποις
3077 1561 3304 1631 ἐγένοντο
3355 1561 3537 1610 πίστιν
3605 1557 3809 1628 ἔχοντα.
3849 1561 3915 1607 Ὧν
3975 1549 3978 1564 ’

2354 1652 2736 1723 φημισθέντων,
2818 1651 3025 1715 πάντες,
3102 1652 3286 1721 φησὶν,
3378 1645 3817 1720 ἀπεθηριώθησαν
3868 1644 3917 1706 si;

592 1742 757 1799 dictu
776 1741 1081 1798 credibilia
1103 1746 1299 1797 essent
1332 1759 1346 1797 :
1374 1757 1569 1814 neque
1599 1742 1778 1798 etiam
1802 1756 2068 1813 unquam
2096 1741 2240 1795 inter

2354 1742 2528 1812 ἡμᾶς’
2594 1741 2728 1794 ὥστε
2775 1743 2865 1792 καὶ
2922 1742 2968 1792 εἴ
3027 1757 3159 1800 τινες
3215 1740 3461 1812 πρότερον
3534 1733 3612 1788 δι’
3669 1734 3919 1791 οἰκειότητα

593 1831 870 1890 homines
893 1830 1162 1888 admissa
1183 1837 1400 1897 essent,
1426 1831 1593 1904 quod
1620 1830 1802 1887 ﬁdem
1825 1830 2242 1886 obtinuissent.

595 1923 863 1988 Quarum
919 1936 1120 1977 rerum
1175 1920 1426 1977 infamia
1499 1920 1681 1991 vulgo
1732 1921 1976 1990 jactata,
2035 1934 2246 1975 omnes

594 2010 833 2084 (inquit)
862 2014 1072 2067 contra
1102 2026 1213 2066 nos
1261 2017 1398 2066 sunt
1437 2009 1681 2066 efferati.
1726 2011 1791 2066 Et
1817 2009 1922 2082 qui
1951 2008 2244 2065 hactenus

592 2105 837 2172 propter
847 2099 1202 2156 familiarem
1227 2099 1723 2157 consuetudinem
1737 2103 1796 2156 et
1810 2099 2246 2156 humanitatem

595 2188 1026 2246 moderatiores
1066 2189 1323 2256 fuerant,
1355 2204 1599 2261 gravem
1631 2189 1691 2244 in
1722 2203 1831 2244 nos
1866 2186 2244 2246 fremebundi

595 2282 956 2353 acceperunt
1003 2281 1296 2337 animum.
1350 2280 1727 2352 Quapropter
1777 2279 2073 2336 cruciatus
2115 2294 2246 2336 ora-

592 2367 771 2426 tionis
789 2368 913 2425 vim
933 2383 1177 2425 omnem
1208 2373 1560 2442 superantes
1583 2367 1774 2425 sancti
1800 2373 2092 2440 martyres
2109 2383 2246 2439 per-

589 2457 878 2525 tulerunt,
929 2459 1150 2516 Satana
1197 2465 1438 2516 summo
1485 2457 1682 2514 studio
1723 2457 2139 2526 cantendcnte,
2180 2461 2244 2515 ut

590 2546 670 2605 ab
701 2546 785 2603 eis
814 2562 1058 2620 quoque
1080 2546 1476 2618 blasphemiae
1503 2546 1839 2620 quidquam
1860 2544 2241 2619 proferretur.

588 2635 888 2709 Praecipue
919 2639 1119 2693 autem
1147 2635 1544 2693 multitudinis
1575 2635 1763 2708 ipsius
1805 2640 1860 2693 et
1899 2635 2157 2692 militum
2186 2638 2244 2692 et

586 2725 858 2797 prtesidis
911 2725 1075 2782 furor
1119 2725 1390 2782 incubuit
1441 2725 1502 2781 in
1552 2725 1861 2790 Sanctum,
1915 2724 2239 2781 diaconum

585 2814 985 2872 Viennensem
1031 2831 1046 2871 :
1086 2815 1146 2872 in
1185 2817 1497 2880 Maturum,
1546 2830 1753 2871 recens
1793 2813 2038 2886 quidem
2073 2812 2241 2872 illum

581 2902 1008 2971 illuminatum,
1045 2903 1153 2960 sed
1185 2917 1546 2973 generosum
1579 2908 1636 2959 et
1663 2903 1879 2960 fortem
1911 2903 2240 2960 decertata-

582 3007 712 3049 rem
743 3008 760 3048 :
792 2993 855 3049 in
880 2992 1139 3049 Attalum
1162 2995 1594 3064 Pergamenum
1620 3007 1857 3062 genere,
1883 2995 2164 3049 columen
2185 2995 2243 3050 et

583 3081 1029 3138 ﬁrmamentum
1067 3080 1425 3138 Gallicorum
1470 3082 1680 3138 Christi
1713 3081 1982 3138 ﬁdelium
2025 3097 2040 3137 :
2085 3085 2142 3138 et
2178 3082 2240 3138 in

585 3170 965 3241 Blandinam,
994 3186 1132 3244 quae
1161 3175 1320 3227 statu
1349 3170 1594 3243 quidem
1625 3186 1800 3227 serva
1826 3170 2039 3236 fuerat,
2071 3171 2238 3240 inge-
2271 3146 2314 3204 α

583 3258 750 3315 nium
771 3262 974 3315 autem
999 3264 1056 3316 et
1077 3259 1351 3316 animum
1375 3258 1588 3316 habuit
1603 3275 1894 3332 perquam
1906 3259 2235 3316 liberalem.

581 3348 650 3404 In
674 3363 747 3405 ea
774 3348 1062 3405 nimirum
1093 3348 1360 3405 exhibuit
1390 3354 1569 3421 atque
1601 3349 2046 3422 repraesentavit
2071 3347 2240 3405 Chri-

584 3441 733 3506 stus,
759 3452 896 3510 qum
919 3436 1085 3509 apud
1111 3437 1388 3494 homines
1418 3436 1580 3503 vilia,
1612 3438 1866 3508 ingrata,
1894 3437 2236 3511 nulliusque

581 3526 736 3583 adeo
784 3526 956 3599 pretii
996 3526 1358 3591 habeantur,
1397 3542 1469 3584 ea
1509 3526 1674 3599 apud
1715 3543 1778 3583 se
1817 3528 1877 3584 in
1908 3527 2236 3585 maximum

583 3630 720 3674 esse
763 3614 1077 3681 honorem,
1123 3621 1366 3688 propter
1418 3615 1723 3687 egregiam
1771 3616 1834 3672 in
1883 3631 1949 3672 se
1995 3617 2235 3688 piorum

584 3705 926 3763 animorum
949 3703 1325 3761 affectionem
1353 3709 1411 3762 et
1438 3720 1728 3762 amorem.
1745 3704 1895 3762 Cum
1921 3705 2084 3762 enim
2104 3721 2237 3762 om-

582 3808 690 3851 nes
723 3798 1074 3858 metuerent.
1103 3793 1373 3867 horaque
1401 3793 1578 3850 etiam
1610 3793 1738 3865 ejus
1762 3793 2016 3852 carnalis
2049 3794 2236 3850 maxi-

585 3897 830 3954 mopere
841 3881 916 3939 de
932 3898 1004 3939 ea
1017 3887 1169 3939 esset
1184 3883 1364 3940 anxia
1378 3888 1435 3940 et
1449 3883 1700 3940 sollicita
1715 3883 1950 3956 (aderat
1973 3895 2236 3956 namque

583 3976 643 4029 et
668 3971 821 4043 ipsa,
846 3971 1075 4028 fortiter
1101 3972 1410 4029 certamini
1436 3987 1546 4045 pro
1572 3971 1802 4029 Christo
1831 3973 2234 4045 incumbens),

582 4075 660 4118 ne
687 4059 788 4118 illa
813 4067 1041 4118 natura
1078 4059 1506 4128 imbecillitate,
1544 4061 1634 4118 vel
1673 4061 1863 4118 solam
1891 4061 2234 4118 liberiorem

582 4146 1017 4221 professionem
1056 4165 1180 4206 non
1220 4149 1526 4222 perferret,
1557 4156 1720 4208 tanto
1751 4166 1887 4207 eam
1927 4149 2110 4207 animi
2139 4165 2237 4208 ro-

582 4237 728 4296 bore
770 4238 1171 4295 confortatam
1218 4255 1347 4295 esse
1391 4239 1656 4304 tradunt,
1708 4243 1773 4296 ut
1817 4244 2089 4305 tortores,
2131 4240 2236 4311 qui

585 4326 702 4383 sibi
735 4327 886 4384 inter
923 4343 986 4385 se
1029 4327 1413 4385 succedentes
1451 4344 1486 4384 a
1519 4328 1812 4384 matutino
1853 4333 2120 4401 tempore
2155 4328 2235 4386 ad

583 4431 902 4490 vesperam
925 4431 1116 4490 usque
1140 4416 1326 4487 virgis
1351 4421 1407 4474 et
1425 4415 1683 4474 fustibus
1707 4433 1842 4474 eam
1875 4418 2230 4485 ceciderant,

2354 1827 2681 1902 ἐμετρίαζον,
2717 1832 2832 1881 τότε
2879 1827 3082 1900 μεγάλα
3127 1825 3470 1899 ἐχαλέπαινον
3509 1827 3601 1876 καὶ
3644 1821 3917 1896 διεπρίοντο.

2355 1921 2451 1972 Διὰ
2498 1924 2663 1970 ταῦτα
2709 1917 2944 1989 ὑπεράνω
3001 1916 3175 1976 πάσης
3231 1913 3531 1986 ἐξηγήσεως
3574 1913 3814 1985 ὑπέμενον
3858 1930 3918 1964 κο-

2353 2007 2531 2070 λάσεις
2585 2009 2635 2059 οἱ
2691 2006 2836 2078 οἶγιοι
2889 2007 3151 2081 μάρτυρες
3206 2003 3642 2077 φιλοτιμουμένου
3719 2008 3805 2054 τοῦ
3851 2006 3917 2054 Σα·

2353 2102 2502 2162 τανᾶ,
2559 2101 2650 2149 καί⁵
2703 2091 2777 2149 δι’
2831 2094 3034 2148 ἐκείνων
3070 2095 3300 2169 ῥηθῆναί
3344 2112 3396 2146 τι
3443 2101 3546 2145 τῶν
3601 2089 3916 2166 βλασφήμου·

2352 2187 2470 2238 καθ’
2525 2183 2811 2259 ὑπερϐολὴν
2861 2180 2913 2238 δ’
2949 2183 3212 2256 ἐνσκῆψαι
3264 2187 3357 2242 τὸν
3404 2181 3569 2257 ὀργὴν
3619 2182 3821 2234 ἅπασαν
3851 2186 3917 2232 τοῦ

2353 2274 2517 2347 ὄχλου
2578 2279 2670 2328 καὶ
2725 2282 2824 2328 τῶν
2873 2281 3206 2347 στρατιωτῶν
3274 2276 3363 2325 καὶ
3431 2279 3528 2326 τοῦ
3596 2271 3831 2344 ἡγεμόνος
3867 2268 3920 2326 εἰς
3994 2268 3995 2336 ᾖ

2351 2367 2576 2437 Σάγκτον
2629 2361 2871 2418 διάκονον
2928 2361 3030 2416 ἀπό
3089 2366 3309 2426 Βιέννης,
3370 2365 3462 2415 καὶ
3536 2360 3613 2424 εἰς
3690 2361 3919 2432 Μάτουρον
3994 2417 3995 2422 η

2349 2459 2715 2527 νεοφώτιστον,
2795 2450 2926 2505 ἀλλά
2997 2459 3230 2524 γενναῖον
3287 2450 3590 2523 ἀγωνιστήν
3629 2463 3643 2478 ⁸
3724 2453 3807 2502 καί
3868 2447 3920 2508 εἰς
3994 2437 3995 2494 ἦ

2349 2542 2603 2599 ’Δτταλον
2640 2544 2978 2616 Περγαμηνὸν
3003 2549 3075 2612 τῷ
3119 2544 3274 2613 γένει,
3318 2538 3505 2593 στῦλον
3551 2543 3646 2592 καὶ
3688 2533 3920 2610 ἑδραίωμα

2349 2641 2449 2687 τῶν
2501 2632 2666 2686 ἐκεῖσε
2711 2638 2913 2685 πιστῶν
2949 2647 2961 2662 ·
2995 2635 3086 2684 καὶ
3135 2629 3207 2694 εἰς
3261 2625 3568 2697 Βλανδίναν,
3611 2625 3794 2686 δούλην
3829 2629 3918 2700 μεν,

2350 2720 2629 2795 ἐλευθέριον
2679 2716 2739 2774 δι
2792 2718 2934 2792 μάλα
2986 2716 3404 2792 προϐαλλομένην
3451 2721 3513 2771 τὸ
3561 2718 3794 2792 φρόνημα
3818 2731 3834 2746 ο
3859 2711 3917 2766 δι’

2349 2810 2414 2874 ἧς
2460 2811 2485 2863 ὁ
2527 2811 2718 2883 Κύριος
2765 2805 2980 2874 ἔδειξεν,
3033 2810 3103 2871 ὡς
3152 2810 3218 2862 τὰ
3268 2807 3392 2882 παρ’
3447 2805 3743 2879 ἀνθρώποις
3774 2803 3916 2863 εὐτελῆ

2348 2919 2402 2954 τε
2448 2903 2538 2953 καὶ
2582 2895 2724 2958 ἀηδῆ
2777 2902 2869 2951 καὶ
2927 2893 3102 2951 οὐδενὶ
3156 2896 3466 2970 λογιζόμενα
3525 2901 3777 2970 μεγίστης
3821 2893 3918 2966 παρ’

2348 2988 2491 3060 αύτῷ
2542 2984 2704 3052 δόξης
2749 2986 3119 3051 καταξιοῦνται
3172 2994 3237 3060 τῇ
3289 2990 3419 3059 πρὸς
3458 2985 3618 3039 αὑτὸν
3680 2993 3853 3060 στοργῇ
3877 3001 3918 3036 τε

2347 3083 2438 3131 καὶ
2467 3075 2704 3132 διαθέσει
2751 3092 2766 3106 ⁸
2805 3078 3006 3130 πάντων
3041 3079 3143 3149 γὰρ
3199 3072 3474 3142 δεδιότων,
3508 3081 3602 3130 καὶ
3631 3084 3726 3137 τῆς
3772 3078 3921 3148 σαρκί-

2346 3187 2435 3229 νης
2488 3171 2654 3241 ἐκείνῃ
2732 3162 3014 3228 δεσποίνης
3098 3164 3406 3238 ἀγωνιῶσης
3460 3165 3662 3240 (παρῆν
3716 3166 3808 3240 γὰρ
3848 3166 3918 3215 κεά

2347 3257 2480 3316 αὕτη
2522 3260 2610 3310 τόν
2649 3258 2775 3326 ὑπερ
2807 3262 3044 3330 Χριστοῦ
3096 3253 3275 3328 ἀγῶνα
3330 3254 3554 3331 στερῥῶς
3605 3251 3914 3327 διαφέρουσα)

2346 3351 2418 3420 μῆ
2470 3345 2575 3419 οὑχ
2623 3346 2709 3398 οἱα
2759 3364 2814 3398 τε
2862 3349 3062 3416 γένοιτο
3110 3352 3184 3416 τῷ
3213 3352 3305 3408 τῆς
3345 3347 3548 3418 φύσεως
3603 3344 3800 3398 ἀσθενεῖ
3843 3341 3914 3393 κᾶν

2347 3439 2440 3495 τὴν
2468 3435 2627 3508 ψιλὴν
2684 3433 2957 3508 ὁμολογίαν
3002 3433 3500 3510 παρῥησιάσασθαι,
3562 3437 3814 3493 τοσαύτης
3844 3430 3916 3483 sii-

2346 3529 2441 3585 τὴν
2486 3527 2757 3599 ἱστοροῦσι
2805 3523 3147 3598 πληρωθῆναι
3195 3523 3412 3596 ἰσχύος,
3456 3527 3528 3587 ὡς
3566 3522 3794 3576 ἀπειπεῖν
3822 3522 3916 3581 τοὺς

2346 3611 2402 3666 ἐκ
2458 3609 2731 3686 διαδοχῆς
2783 3611 2837 3676 ἐξ
2911 3612 3122 3666 ἑωθινοῦ
3205 3613 3297 3674 ἕως
3363 3612 3587 3685 ἐσπέρας
3640 3611 3914 3674 κολάζοντας

2343 3700 2585 3778 ῥάϐδοις,
2617 3708 2707 3756 καὶ
2755 3707 2846 3762 τὴν
2876 3703 3037 3761 ἧτταν
3067 3701 3353 3776 ὁμολογεῖν,
3409 3707 3482 3774 μή
3533 3721 3586 3756 τι
3629 3701 3749 3756 ἄλλο
3782 3705 3914 3754 ποιεῖν

2346 3795 2580 3865 ἔχοντας,
2624 3796 2714 3845 καὶ
2765 3790 3094 3863 ἐμπλήκτους
3145 3787 3276 3845 εἶναι
3329 3793 3389 3844 τό
3445 3795 3758 3864 παραμένιιν
3812 3788 3914 3848 ὅλως

2345 3884 2587 3955 ἔμπνουν,
2634 3885 2825 3942 παντὸς
2872 3888 2966 3934 τοῦ
3027 3886 3270 3953 σώματος
3319 3880 3725 3957 περιερῥωγότος
3761 3897 3808 3933 τε
3845 3879 3914 3929 καὶ

2345 3969 2691 4044 ἀνεῳγμένου.
2729 3971 2929 4029 Ἐκείνη
2963 3966 3023 4023 δε
3060 3972 3234 4043 ὥσπερ
3292 3967 3605 4034 ἐννεάζουσα
3627 3976 3741 4033 τοῖς
3772 3967 3914 4026 ἄθλοις

2345 4057 2646 4132 διεγεγόνει.
2706 4058 2989 4132 Ἀνακωχῆ
3047 4055 3099 4114 δ’
3159 4055 3224 4117 ἦν
3273 4064 3362 4112 καὶ
3415 4061 3522 4112 οἷον
3570 4062 3727 4132 φάναι
3785 4055 3910 4109 ἀναλ-

2341 4154 2509 4221 γησία
2567 4156 2669 4201 τῶν
2721 4147 3111 4221 συμϐαινόντων
3170 4151 3252 4214 τό,
3306 4151 3594 4224 Χριστιανῆ
3659 4148 3778 4221 εἰμι,
3820 4145 3909 4198 ἐπι-

2341 4237 2525 4311 λέγειν.
2581 4239 2811 4310 Σάγκτος
2858 4233 2919 4292 δέ
2973 4243 3063 4292 καὶ
3118 4237 3274 4300 αὐτὸς
3339 4241 3606 4296 τοσαύτην
3663 4235 3908 4310 ὑπερϐολὴν

2342 4336 2448 4390 τοῖς
2507 4327 2792 4400 ἐπαχθείσι
2837 4333 2928 4382 καὶ
2984 4335 3101 4390 ταῖς
3156 4327 3421 4390 πλείσταις
3491 4328 3693 4390 αἰκίαις
3736 4321 3909 4380 ὑπέδει-

2343 4418 2442 4484 ξεν,
2501 4416 2552 4470 ἐν
2603 4418 2900 4472 ὑποστάσει
2947 4422 3400 4491 παραταττόμενος
3436 4427 3698 4491 γεννικῶς,
3749 4420 3810 4479 ὡς
3848 4417 3902 4485 μὴ

582 4482 821 4564 animos
849 4482 1313 4579 desponderent,
1353 4505 1663 4579 victosque
1699 4523 1762 4563 se
1800 4482 2230 4579 proﬁterentur,

2348 4509 2500 4574 ἰθνος,
2563 4511 2633 4580 μὴ
2687 4507 2856 4573 πόλιν,
2893 4511 2963 4580 μὴ
3005 4482 3187 4580 δνομα,
3218 4482 3266 4567 ἦ.
3305 4482 3519 4560 ἅλλοντι
3569 4507 3696 4580 παρ’
3738 4507 3904 4559 ἅπαντα

583 4594 733 4668 quid
762 4610 962 4652 rerum
992 4594 1275 4666 deinceps
1303 4594 1376 4652 de
1415 4611 1487 4651 ea
1522 4603 1768 4669 agerent
1795 4595 1984 4654 dubii.
2017 4596 2230 4653 Obstu-

583 4689 894 4760 pescentes
923 4684 1164 4751 etenim,
1195 4683 1569 4742 mirabantur
1595 4684 1868 4757 spiritum
1901 4701 2147 4758 prorsus
2172 4686 2234 4742 in

583 4791 655 4833 ea
683 4789 1015 4840 remanere,
1044 4774 1216 4847 cujus
1242 4789 1462 4847 corpus
1488 4773 1958 4848 circumquaque
1979 4775 2234 4832 conscis-

584 4881 723 4922 sum
758 4869 813 4921 et
851 4869 1124 4937 apertum
1165 4867 1339 4920 esset.
1380 4868 1447 4920 At
1487 4863 1608 4930 illa,
1655 4863 1898 4936 perinde
1946 4870 2122 4937 atque
2154 4863 2234 4922 ab

580 4955 827 5012 ineunte
862 4957 1034 5011 aetate
1072 4952 1499 5010 certaminibus
1529 4960 1681 5010 esset
1726 4953 2068 5018 exercitata,
2099 4969 2235 5027 per-

581 5042 843 5103 durabat
889 5059 904 5100 :
956 5043 1492 5116 laxamentumque
1535 5043 1588 5099 ei
1637 5048 1693 5100 et
1731 5043 1825 5114 (ut
1881 5042 1961 5100 ita
2008 5042 2231 5114 dicam)

579 5132 908 5192 indolentia
933 5131 1246 5205 plagarum
1269 5136 1328 5189 et
1343 5133 1714 5189 cruciatuum
1736 5137 1883 5199 erat,
1909 5132 2075 5205 quod
2097 5132 2236 5189 sub-

579 5222 720 5281 inde
771 5221 1167 5279 Christianam
1217 5237 1280 5278 se
1328 5237 1456 5282 esse
1511 5221 1928 5293 proclamaret.
1981 5224 2233 5279 Sanctus

583 5327 726 5368 vero
755 5318 812 5370 et
861 5312 990 5385 ipse
1021 5316 1190 5368 tanta
1219 5311 1407 5368 animi
1437 5311 1776 5384 prmsentia,
1809 5316 1866 5368 et
1896 5316 2019 5368 tam
2053 5326 2236 5382 gene-

581 5415 720 5458 rose
769 5406 825 5458 et
877 5402 1104 5460 fortiter
1149 5418 1212 5457 se
1259 5401 1643 5458 carniﬁcibus
1692 5402 1998 5473 opposuit,
2052 5400 2234 5474 pluri-

583 5505 870 5564 mamque
922 5506 1129 5549 eorum
1185 5489 1470 5548 saevitiam
1525 5495 1581 5547 et
1631 5490 1824 5562 pmnis
1872 5490 2233 5548 incutiendis

583 5579 875 5654 feritatem
900 5581 1051 5641 adeo
1081 5579 1404 5664 superavit,
1444 5584 1507 5635 ut
1547 5579 1625 5641 ab
1653 5579 1764 5645 illis
1805 5578 2228 5652 interrogatus,

2343 4600 2430 4650 τὸν
2469 4595 2645 4668 ἀγῶνα
2697 4595 2854 4649 εἰπεῖν
2882 4614 2896 4629 ο
2955 4595 3084 4649 ἀλλά
3135 4598 3267 4670 πρὸς
3317 4596 3454 4650 ἅπαν
3511 4599 3571 4649 τὸ
3621 4596 3900 4671 ἐρωτώμενον

2343 4689 2422 4752 τό,
2502 4689 2823 4761 Χριστιανός
2915 4684 3040 4758 εἰμι,
3143 4683 3414 4757 ἐπιλέγειν,
3475 4691 3663 4761 καίπερ
3739 4686 3898 4738 ἐκείνων

2341 4773 2540 4846 ἀγεννές
2593 4794 2646 4827 τι
2684 4779 2774 4827 καὶ
2822 4773 3097 4847 ἀπόφημον
3148 4781 3266 4835 ταῖς
3315 4773 3629 4848 ὑπιρϐολαῖς
3686 4782 3778 4827 τῶν
3819 4767 3896 4822 διε·

2339 4873 2437 4916 νῶν
2484 4861 2900 4938 προσδοκώντων
2949 4861 3174 4918 ἀκούειν.
3231 4862 3384 4917 Ὀθεν
3426 4882 3518 4916 και
3562 4869 3623 4917 τό
3676 4862 3895 4936 φιλότιμον

2341 4952 2807 5028 ἀπαγορεύσαντας
2862 4960 2963 5005 τῶν
3016 4959 3222 5025 μεινῶν,
3273 4953 3562 5006 τελευταῖον
3603 4953 3796 5026 χαλκᾶς
3835 4947 3890 5000 λε-

2339 5040 2500 5105 πίδας
2562 5045 2750 5105 ἱκανῶς
2799 5047 2925 5116 πυρὶ
2985 5041 3449 5117 προσωμεληκυίας
3503 5051 3615 5106 τοῖς
3684 5057 3892 5116 τρυφερωο

2341 5136 2508 5206 τέροις
2569 5139 2670 5184 τῶν
2730 5130 2893 5205 μελῶν
2945 5139 3018 5203 τῷ
3071 5133 3301 5206 μάρτυρι
3356 5134 3609 5206 ἐπιφέρειν
3647 5135 3732 5184 καὶ
3764 5142 3888 5200 προσ·

2339 5219 2547 5292 κολλᾳν.
2629 5218 2854 5275 Κάκεῖνα
2927 5222 3016 5292 μεν
3081 5217 3281 5274 ἐκαίετο
3345 5228 3442 5284 τῆς
3507 5225 3728 5282 κνίσσης

2339 5310 2562 5385 ῥεούσης
2593 5326 2606 5340 ⁸
2666 5310 2821 5374 αὑτός
2871 5306 2930 5364 δε
2968 5308 3158 5382 μᾶλλον
3217 5311 3491 5382 ἄκαμπτος
3541 5306 3602 5370 ἦν
3654 5314 3738 5363 καί
3784 5305 3883 5358 ἀνίε-

2342 5396 2520 5465 δοτος,
2573 5399 2781 5476 στερῥός
2819 5403 2912 5458 τὴν
2963 5403 3139 5454 πίστιν
3187 5401 3287 5454 ὑπὸ
3337 5409 3432 5463 τῆς
3483 5401 3720 5476 οὐρανίου
3752 5399 3881 5466 πηγῆς

2340 5499 2437 5553 τῆς
2475 5497 2567 5544 τοῦ
2612 5487 2804 5552 ὑδατός
2861 5490 3002 5553 ζωῆς
3057 5489 3279 5555 ἐξιόντος
3318 5487 3684 5567 δροσιζόμενος
3725 5490 3796 5540 καὶ
3825 5502 3878 5535 «νο

2342 5575 2748 5654 δυναμούμενος.
2801 5583 2872 5635 Τό
2931 5576 2991 5633 δε
3023 5581 3284 5654 σωμάτιον
3333 5582 3535 5656 μάρτυς
3563 5577 3624 5642 ἦν
3670 5586 3760 5653 τῶν
3784 5592 3869 5646 ηει-
