4040 6224
173 288 332 347 1017

173 415 476 476 ϐεϐηκότων
528 431 546 447 ‘

174 509 370 579 σμένον
426 525 482 560 τε
537 511 628 560 καὶ
680 506 1033 571 ἀποϐεϐληκός
1083 512 1176 568 τὴν
1230 506 1551 584 ἀνθρωπείαν
1606 507 1787 570 ἔξωθεν

174 599 436 669 μορφήν
495 595 544 648 έν
703 599 930 671 πάσχων
977 600 1231 673 Χριστὸς,
1288 596 1513 670 μεθάλας
1566 596 1789 652 ᾶπετέλει

176 681 342 749 δόξας
393 693 669 758 καταργῶν
719 690 806 740 τόν
862 687 1223 760 ἀντικείμενον,
1281 692 1370 740 καὶ
1426 687 1496 749 εἰς
1544 691 1637 745 τὴν
1685 693 1785 738 τῶν

173 775 466 829 έπιλοίπων
519 777 860 830 ὑποτύπωσιν
910 774 1284 843 ὑποδεικνύων,
1345 781 1426 831 ὅτι
1481 773 1648 849 μηδὲν
1693 795 1786 848 φο-

182 865 339 939 ϐερόν
369 866 498 918 ὅπου
529 873 661 920 Θεοῦ
699 870 894 943 πατρὸς
919 866 1098 939 ἀγάπη
1133 885 1146 898 ·
1179 863 1318 940 μσδέ
1356 865 1607 939 ἀλγεινόν,
1654 867 1786 918 ὅπου

173 961 427 1030 Χριστοῦ
458 952 608 1020 δόξα.
649 962 762 1010 Τῶν
803 959 906 1032 γὰρ
945 955 1150 1030 ἐχθρῶν
1197 965 1269 1028 τῷ
1315 955 1483 1028 πολλῷ
1529 951 1785 1028 οἰδήματι

176 1048 282 1098 καὶ
321 1051 438 1106 ταῖς
467 1044 776 1118 φλεγμοναῖς
826 1046 1069 1119 οἰομένων
1120 1049 1188 1110 ὡς
1235 1048 1556 1121 περιέσοιντο
1600 1045 1643 1097 εἰ
1673 1043 1784 1117 μεθ’

172 1135 386 1207 ἡμέρας
438 1136 506 1187 τὰ
551 1134 686 1188 αύτά
724 1140 1060 1209 προσφέροιεν
1110 1135 1435 1210 κολαστήρια
1467 1156 1481 1169 ·
1517 1135 1547 1195 ἣ
1606 1133 1785 1187 έναπου

175 1223 378 1292 θανὼν,
428 1219 541 1286 δέος
589 1231 713 1297 γοῦν
763 1226 822 1278 ού
861 1229 1068 1300 μέτριον
1110 1233 1220 1287 τοῖς
1259 1225 1457 1286 λοιποῖς
1501 1223 1736 1298 ἱμϐαλεῖν
1765 1239 1782 1253 ⁶

170 1310 298 1367 ἔτι-εὶ
383 1320 537 1367 τοῦτο
630 1311 761 1386 δρᾷν
855 1314 1179 1388 ἐπεχείρουν,
1268 1322 1516 1368 τοσοῦτον
1593 1313 1785 1387 μᾶλλον

171 1404 440 1475 ὤφθησαν
515 1402 582 1464 εἰς
636 1402 933 1457 τούναντίον
990 1403 1308 1476 ἐληλαμένοι,
1391 1406 1460 1465 ὡς
1519 1402 1785 1474 ἀνακύψαι

170 1493 277 1566 μεν
333 1490 518 1545 ἐκεῖνον
582 1491 733 1555 εὐθὺς
787 1496 846 1546 τό
905 1501 1059 1566 σῶμα
1104 1501 1214 1556 τοῖς
1265 1499 1530 1566 πιεσμοῖς,
1585 1497 1679 1551 τήν
1731 1512 1785 1546 τε

170 1589 387 1654 χρῆσιν
439 1589 539 1634 τῶν
586 1581 750 1654 μελῶν
788 1587 880 1636 καὶ
932 1587 1026 1642 τὴν
1069 1579 1214 1636 ἰδέαν
1269 1589 1408 1636 σώαν
1457 1581 1734 1635 ἀπολαϐεῖν
1763 1598 1783 1612 ·

173 1673 249 1733 ὡς
279 1667 453 1724 δοκεῖν
482 1675 554 1744 μὴ
586 1671 823 1740 κόλασιν,
871 1671 979 1726 ἀλλ’
1011 1673 1152 1726 ἴασιν
1205 1670 1335 1726 εἶναι
1363 1674 1431 1725 τὰ
1473 1669 1692 1745 δεύτερα
1718 1679 1780 1746 τῇ

1222 289 1791 350 ECCLESIASTICIE
1829 289 2185 349 HISTORLE
2226 289 2364 348 LIB.
2400 289 2498 348 IV.

611 416 724 471 ὅλον
791 424 1018 492 τραῦμα,
1073 417 1185 472 ὅλον
1251 416 1470 491 μώλωψ,
1522 437 1782 471 συνεσπα-

1897 433 2020 474 non
2049 422 2291 490 gentem
2319 433 2514 483 suam,
2540 431 2664 474 non
2701 416 2980 490 patriam,
3003 431 3124 474 non
3173 431 3545 481 nomen,non

3391 290 3459 347 10
3482 287 3550 347 18

1895 507 2058 564 aliud
2082 508 2438 582 quidquam,
2467 507 2573 563 sed
2626 507 2871 564 unicum
2899 508 3014 565 hoc
3050 509 3111 564 in
3151 507 3463 564 certamine
3491 509 3548 563 et

1893 595 2052 654 lucta
2091 603 2525 654 tormentorum
2565 596 2752 663 omni,
2781 596 3177 654 Christianum
3213 612 3277 652 se
3308 611 3434 651 esse
3461 595 3548 650 di—

1893 691 2050 742 ceret
2082 702 2094 741 :
2131 687 2302 758 307
2366 702 2504 741 cum
2555 685 2802 758 quidem
2860 685 2940 741 illi
2973 701 3034 742 se
3073 702 3145 740 ex
3174 701 3266 744 eo,
3300 690 3548 756 propter

1893 778 2018 832 tam
2040 791 2252 847 graves
2283 792 2354 832 ac
2401 774 2801 832 intolerabiles
2839 776 3162 842 cruciatus,
3184 775 3546 846 degenerem

1893 864 2158 939 aliquam
2182 865 2473 939 nobisque
2497 865 2824 922 infaustam
2857 871 3038 936 atque
3070 865 3410 921 ominosam
3440 879 3546 920 vo-

1892 970 2024 1010 cem
2055 955 2362 1012 audituros
2410 960 2742 1026 sperarent.
2790 955 2997 1026 ltaque
3025 953 3406 1010 contentione
3438 952 3545 1010 illa

1894 1044 2264 1102 cruciatuum
2293 1061 2672 1100 summorum
2722 1043 3173 1100 inferendorum
3221 1041 3421 1108 fracta,
3467 1042 3547 1098 ad

1895 1137 2264 1206 postremum
2296 1149 2480 1191 aereas
2507 1149 2797 1207 squamas
2826 1133 3150 1189 candentes
3172 1131 3543 1188 mollissimis

1894 1228 1948 1280 et
1979 1224 2310 1281 tenerrimis
2353 1223 2699 1297 quibusque
2721 1223 2999 1296 martyris
3031 1221 3318 1278 membris
3345 1237 3546 1293 asper-

1893 1319 2097 1370 serunt
2125 1318 2181 1370 et
2211 1314 2681 1385 agglutinarunt.
2723 1318 2912 1386 Atque
2942 1313 3024 1368 ita
3054 1329 3126 1368 ex
3155 1311 3268 1367 illis
3299 1311 3545 1384 quidem

1893 1403 1976 1458 sic
2005 1402 2234 1459 adustis
2259 1403 2432 1459 nidor
2469 1407 2526 1458 et
2565 1403 2777 1459 arvina
2825 1402 3198 1475 proﬂuebat:
3238 1402 3365 1473 ipse
3403 1416 3544 1458 vero

1893 1496 2178 1549 constans
2205 1497 2260 1548 et
2298 1493 2584 1549 immotus
2615 1491 3024 1564 permanebat,
3042 1491 3277 1564 ﬁdeque
3292 1489 3543 1557 stabilis,

1893 1584 1951 1637 et
1979 1597 2140 1653 aqua
2179 1581 2310 1638 vitae
2369 1599 2441 1638 ex
2492 1581 2710 1637 cmlesti
2763 1580 2925 1637 fonte
2977 1580 3360 1652 promananti
3402 1595 3544 1635 con-

1894 1685 2135 1743 spersus
2155 1675 2335 1743 atque
2359 1670 2882 1740 recreatus,magis
2911 1670 3223 1742 magisque
3251 1667 3548 1725 conforta-

174 1761 377 1814 ἄνωθεν
437 1761 638 1836 ἀρωγῇ.
697 1765 799 1815 Καὶ
851 1758 1106 1815 Βιϐλιάδα
1154 1759 1213 1815 δὲ
1258 1765 1490 1835 παρῆγόν
1526 1781 1644 1814 τινα
1671 1779 1683 1791 ·
1722 1763 1784 1820 ἣν

1893 1759 2070 1816 batur
2092 1765 2189 1829 (t).
2223 1766 2304 1818 Ac
2332 1776 2552 1832 corpus
2581 1761 2744 1817 testis
2772 1765 2896 1816 erat
2924 1775 3132 1816 earum
3171 1774 3372 1816 rerum
3409 1774 3548 1832 qum

174 1845 394 1924 σφόδρα
441 1851 805 1922 μαστίζοντες,
871 1851 940 1903 τά
994 1849 1148 1923 έναγῆ
1220 1846 1377 1910 δῆθεν
1432 1853 1580 1922 ἡμῶν
1620 1850 1785 1923 λέγειν

175 1941 402 1993 ἔπειθον.
451 1938 510 1993 Ἡ
560 1937 612 1993 δ’
643 1941 818 2014 ὧσπερ
869 1939 923 2003 ἐξ
976 1940 1138 1993 ὕπνου
1194 1939 1534 2012 ἀνανήψασα,
1576 1943 1786 1994 τούναν-

175 2033 290 2082 τίον
342 2027 533 2102 μᾶλλον
604 2031 735 2101 ἤπερ
791 2029 1004 2092 έκιίνοις
1075 2027 1410 2103 βουλομένοις
1483 2030 1544 2089 ἧν
1597 2029 1786 2102 έλεγεο

171 2121 270 2172 καὶ
324 2117 468 2171 τοῦτ’
520 2116 855 2192 έπιφέρουσα,
913 2125 1032 2181 Πῶς
1082 2117 1144 2170 ἃν
1200 2115 1396 2172 παιδία
1461 2121 1671 2191 φάγοιεν
1736 2119 1787 2171 οἱ

172 2214 432 2271 τοιοῦτοι,
478 2207 556 2271 οἷς
601 2203 740 2280 μηδὲ
795 2206 996 2279 ἀλόγων
1042 2211 1186 2271 ζώων
1226 2204 1358 2280 αἷμα
1397 2215 1575 2281 φαγεῖν
1629 2207 1783 2276 ἑξόνς

169 2301 358 2353 Ταῦτα
417 2293 476 2350 δε
528 2296 757 2368 λέγουσα
809 2315 864 2349 τε
915 2301 1008 2349 καὶ
1061 2298 1357 2369 πάσχουσα
1411 2301 1782 2373 γενναιότερον,

179 2394 252 2457 τῷ
302 2385 478 2460 κλήρῳ
533 2393 634 2438 τῶν
684 2387 961 2461 μαρτύρων
1018 2386 1365 2440 κατείλεκται.
1420 2394 1532 2440 Των
1583 2384 1643 2440 δὲ
1701 2406 1786 2439 κο-

179 2476 482 2550 λαστηρίων
537 2476 766 2550 ὁργάνων
804 2481 867 2547 τῇ
922 2483 1015 2529 τοῦ
1067 2483 1304 2549 Χριστοῦ
1363 2473 1584 2550 δυνάμει
1621 2477 1785 2539 οὕτως

185 2565 414 2620 ἀσθενῶν
490 2563 930 2638 ἀπεληλεγμένων,
1015 2570 1106 2619 καὶ
1183 2574 1246 2640 τῇ
1329 2574 1430 2619 τῶν
1508 2568 1786 2641 μαρτύρων

455 2656 697 2708 ἓνστάσει
774 2657 1202 2730 καταργηθέντων
1282 2661 1373 2709 καὶ
1428 2657 1684 2730 ὑπομονῇ,
1735 2658 1786 2709 ἄν

187 2747 410 2818 εἱρκταῖς
471 2746 538 2796 τά
600 2741 748 2798 δεινά
810 2744 1066 2800 ίπενόουν.
1139 2749 1327 2808 Σκότος
1391 2747 1494 2821 γὰρ
1552 2745 1785 2818 χαλεπόν

191 2837 454 2909 ἔπραττονο
511 2839 603 2888 καὶ
681 2833 765 2888 ini
813 2839 1044 2909 πέμπτον
1099 2837 1350 2910 τρύπημα
1405 2835 1457 2888 έν
1524 2843 1598 2907 τῷ
1652 2835 1786 2908 ξύλῳ

190 2926 222 2984 ᾖ
255 2922 500 2986 διάτασίς
535 2932 635 2978 τῶν
686 2920 863 2977 ποδῶν
917 2923 1228 2978 συνεκλείετο
1257 2941 1268 2954 ⁸
1321 2927 1384 2986 ὡς
1432 2929 1521 2978 καὶ
1567 2923 1784 2987 πολλοὺς

178 3020 294 3077 ταῖς
335 3015 564 3088 εἱρκταῖς
620 3011 1075 3085 έναποπνειγῆναι,
1115 3012 1295 3075 ἄλλους
1349 3010 1410 3066 δι
1458 3013 1653 3076 ζῶντας
1691 3033 1786 3066 τα-

1893 1849 2256 1916 acciderant,
2292 1867 2478 1906 unum
2525 1854 2715 1906 totum
2757 1850 2996 1912 vulnus.
3045 1864 3165 1905 una
3200 1852 3388 1904 totum
3417 1863 3553 1904 cru-

1893 1945 2030 1997 enta
2094 1940 2289 2010 vibex,
2343 1945 2715 1996 contractum
2753 1955 3022 2013 prorsus,
3066 1944 3120 1994 et
3159 1937 3236 1994 ab
3279 1938 3548 1995 humana

1894 2030 2111 2102 specie,
2138 2030 2428 2086 exteriore
2457 2045 2562 2086 sua
2615 2035 2804 2103 parte,
2838 2028 3296 2086 alienissimum.
3325 2028 3390 2082 In
3423 2041 3548 2098 quo

1893 2122 2146 2193 ipsemet
2176 2120 2440 2177 Christus
2482 2119 2740 2192 patiens,
2774 2117 3027 2189 gloriam
3077 2123 3133 2174 et
3189 2118 3433 2173 laudem
3464 2116 3548 2172 in-

1894 2215 2135 2281 gentem
2196 2208 2556 2283 perﬁciebat,
2599 2214 2655 2265 et
2707 2207 3118 2264 adversarium
3185 2205 3548 2262 destruebat.

1892 2302 2178 2373 Apertum
2207 2299 2432 2372 quippe
2457 2297 2705 2370 reliquis
2729 2296 3013 2354 omnibus
3052 2295 3320 2352 exhibuit
3351 2309 3549 2351 exem-

1893 2388 2081 2461 plum,
2115 2388 2260 2444 nihil
2301 2388 2381 2443 ibi
2426 2403 2556 2443 esse
2606 2386 2863 2442 terribile
2901 2391 2957 2441 et
2992 2384 3403 2451 metuendum,
3442 2383 3549 2439 ubi

1892 2477 2050 2534 adsit
2077 2478 2176 2534 Dei
2209 2477 2392 2533 Patris
2426 2477 2664 2532 dilectio
2697 2493 2710 2531 :
2744 2475 2892 2532 nihil
2929 2489 3338 2531 mrumnosum
3367 2477 3549 2545 atque

1892 2566 2359 2630 dolendum,ubi
2388 2566 2602 2624 Christi
2633 2565 2840 2635 gloria.
2870 2563 3201 2621 Adversarii
3233 2578 3378 2618 sane
3416 2563 3548 2636 qui-

1893 2657 2032 2713 dem
2077 2655 2406 2712 incredibili
2455 2657 2797 2713 animorum
2857 2659 3089 2711 tumore
3120 2658 3176 2709 et
3206 2651 3547 2709 inﬂamma-

1893 2745 2051 2802 tione
2071 2745 2543 2812 effervescentes,
2577 2746 2658 2800 ita
2682 2743 2930 2800 demum
2961 2759 3022 2798 se
3063 2741 3398 2813 superiores
3419 2740 3547 2798 fore

1894 2842 2035 2891 sunt
2072 2835 2318 2907 opinati,
2351 2834 2399 2890 si
2423 2850 2494 2891 ex
2525 2833 2834 2890 intervallo
2864 2831 3091 2904 aliquot
3119 2830 3332 2887 diebus
3372 2830 3552 2887 inter-

1888 2925 2061 2997 jectis
2091 2924 2374 2996 deinceps
2393 2923 2607 2980 eadem
2645 2922 2931 2978 inferrent
2951 2919 3386 2993 tormenta,;ve1
3406 2935 3548 2977 eum

1893 3015 2195 3088 suppliciis
2225 3013 2594 3070 immanibus
2619 3013 3030 3077 immortuum,
3047 3025 3289 3080 gravem
3305 3008 3547 3082 reliquis

172 3101 478 3178 λαιωπρεῖν,
533 3110 629 3165 τῆς
699 3106 822 3175 παρ’
908 3101 1202 3176 ἀνθρώποις
1260 3105 1485 3177 ίρὴμους
1565 3105 1784 3176 πάμπαν

1895 3104 2218 3162 allaturum
2270 3119 2406 3159 esse
2455 3103 2730 3160 timorem
2785 3105 2842 3158 et
2894 3106 3198 3158 terrorem.
3232 3099 3404 3165 Quod
3445 3098 3546 3155 ubi

177 3195 501 3268 ἕπικουρίας.
558 3191 677 3246 Εἰσὶ
733 3188 792 3245 δε
849 3193 900 3244 οἱ
955 3195 1046 3244 καὶ
1098 3190 1210 3265 ἄμα
1236 3200 1307 3264 τῷ
1352 3191 1782 3264 συγκλασθῆναι,

177 3279 318 3355 μηδὲ
370 3283 772 3355 προῃκισμένοι,
803 3283 863 3334 τό
917 3279 1077 3355 βάρος
1128 3285 1200 3354 μὴ
1257 3285 1486 3354 φέροντες
1537 3290 1634 3344 τῆς
1684 3284 1783 3355 εἰρ-

179 3380 332 3438 κτῆς,
383 3370 783 3439 ἐναπέθνησκον,
827 3377 921 3424 τοῦ
973 3378 1208 3444 Χριστοῦ
1262 3367 1528 3446 διαφόρως
1571 3373 1784 3434 τούτους
1820 3397 1842 3413 ε

178 3459 514 3525 δοξάξοντος.
573 3463 674 3515 Καὶ
731 3462 970 3522 Ποθεινὸς
1027 3457 1080 3513 δ’
1118 3461 1145 3512 ό
1202 3457 1440 3523 διάκονος
1479 3469 1576 3524 τῆς
1612 3467 1786 3534 Λουγ-

177 3549 382 3605 δούνων
437 3549 739 3617 έκκλησίας,
807 3548 1031 3612 ἀσθενὴς
1059 3550 1202 3624 μα’λα
1247 3554 1337 3603 καὶ
1396 3553 1522 3625 ὑπὲρ
1563 3553 1630 3604 τὰ
1657 3551 1784 3605 ἔννε-

175 3644 409 3699 νήκοντα
463 3642 553 3698 ἔτη
609 3640 697 3706 ὢν,
771 3639 919 3713 μολις
963 3642 1054 3712 μὲν
1113 3638 1338 3713 ἐμπνέων
1385 3643 1444 3693 τό
1518 3648 1672 3713 σῶμα
1716 3648 1778 3714 τῇ

177 3737 380 3803 φυσικῇ
456 3727 718 3800 ἀσθενείᾳ,
797 3736 860 3802 τῇ
920 3725 979 3782 δε
1031 3735 1125 3783 τοῦ
1185 3733 1477 3804 μαρτυρίου
1532 3731 1784 3804 έπιθυμίᾳ

177 3823 440 3894 εὔρωστος
489 3818 602 3881 ὅλος
656 3826 729 3890 τῷ
782 3821 1058 3892 πνεύματι,
1105 3817 1190 3871 in":
1242 3822 1300 3872 τὸ
1357 3815 1506 3892 βῆμα
1551 3818 1780 3893 ἐσύρετο,

176 3907 267 3963 οἶά
323 3927 428 3962 τινι
475 3907 680 3980 θυλάκῳ
716 3915 791 3979 τῷ
841 3907 1238 3983 παραλελυμένῳ
1299 3913 1504 3980 σώματι
1539 3916 1636 3971 τῆς
1673 3908 1783 3980 ψυ-

173 4004 287 4072 χῆς
338 4001 684 4074 τηρουμένης.
741 3996 828 4061 Ὠς
905 3994 966 4051 δὲ
1020 4001 1280 4071 παρέστη,
1333 4002 1424 4051 καὶ
1474 4001 1568 4057 τήν
1618 3997 1782 4057 καλὴν

176 4087 466 4162 ὁμολογίαν
537 4086 774 4162 έκήρυξε,
832 4091 908 4149 τίς
964 4085 1105 4140 ἔστιν
1179 4089 1206 4140 ὁ
1285 4094 1384 4139 τῶν
1453 4095 1782 4161 Χριστιανῶν

179 4181 331 4245 Θεὸς,
364 4176 606 4254 ἀνηρώτα
639 4193 652 4208 ⁸
686 4181 776 4231 καὶ
805 4176 876 4244 ὃς,
918 4175 1037 4231 Ἐὰν
1073 4176 1215 4240 ἄξιος
1254 4173 1336 4250 ᾖς,
1370 4181 1520 4250 φησὶ,
1551 4182 1726 4252 γνώσῃ
1761 4191 1779 4210 ο

176 4273 272 4321 καὶ
329 4267 522 4321 αὐτίκα
573 4266 761 4340 μᾶλλον
837 4266 1030 4320 εἵλκετο
1106 4262 1334 4339 ἀφειδῶς
1369 4283 1380 4297 ’
1435 4271 1526 4320 καὶ
1577 4265 1784 4338 πληγὰς

1894 3194 2088 3251 facere
2113 3198 2253 3249 sunt
2291 3192 2538 3263 agressi,
2570 3191 2722 3248 adeo
2745 3195 2887 3247 sunt
2906 3205 3010 3262 spe
3039 3205 3149 3245 sua
3169 3189 3456 3254 frustrati,
3486 3192 3549 3246 ut

1893 3283 1990 3340 ille
2028 3299 2277 3357 corpore
2307 3283 2617 3339 tormentis
2633 3281 3064 3352 doloribusque
3090 3278 3375 3336 omnibus
3402 3279 3550 3336 rele-

1893 3377 2052 3438 vato,
2080 3372 2391 3430 confestim
2414 3372 2738 3437 restitutus,
2769 3385 2943 3426 usum
2986 3368 3396 3425 membrorum
3427 3367 3550 3424 for-

1893 3479 2179 3536 mamque
2210 3463 2504 3532 integram
2541 3461 2624 3517 ita
2660 3460 2967 3533 receperit,
2998 3465 3061 3514 ut
3089 3474 3224 3532 qum
3251 3457 3300 3514 ei
3329 3459 3548 3514 iterum

1893 3557 2034 3608 sunt
2084 3551 2259 3608 illatas
2316 3567 2529 3623 prauae,
2585 3565 2706 3605 non
2746 3548 3128 3613 excruciatio,
3173 3546 3276 3602 sed
3311 3547 3545 3602 sanatio

1893 3647 2074 3715 atque
2099 3641 2390 3696 restitutio
2429 3656 2560 3696 esse
2605 3638 2963 3702 viderentur,
2993 3636 3224 3693 ccelitus
3273 3635 3548 3693 videlicet

1893 3731 1945 3786 ei
1974 3730 2153 3787 allato
2183 3730 2425 3788 auxilio.
2458 3731 2743 3785 Caeterum
2767 3726 3096 3782 Bibliadem
3117 3725 3296 3782 etiam
3330 3740 3549 3798 quam-

1891 3819 2034 3876 dam
2065 3820 2758 3891 produxerunt,eamque
2774 3815 2979 3887 ﬂagris
3009 3813 3310 3871 crudelem
3329 3814 3389 3870 in
3421 3829 3548 3870 mo-

1891 3909 2036 3964 dum
2062 3907 2498 3974 conscidentes,
2528 3905 2890 3979 persuadere
2929 3903 3011 3960 illi
3045 3903 3444 3967 conabantur,
3483 3906 3546 3961 ut

1891 3999 2180 4054 nimirum
2211 3996 2580 4053 exsecranda
2613 3994 2878 4051 facinora
2934 3999 3137 4049 nostra
3171 3992 3414 4049 diceret.
3439 3991 3547 4049 Illa

1892 4094 2093 4145 autem
2118 4086 2296 4143 veluti
2335 4103 2366 4142 e
2407 4101 2619 4142 somno
2642 4084 2914 4152 excitata,
2944 4084 3121 4153 longe
3162 4081 3324 4138 aliud
3354 4082 3544 4139 diver-

1893 4193 2150 4251 sumque
2182 4175 2372 4248 magis
2409 4191 2596 4248 quam
2641 4174 2754 4246 ipsi
2801 4177 3214 4246 exspectantes
3243 4171 3542 4245 volebant,

1889 4267 2160 4342 professa
2205 4270 2316 4330 est,
2367 4265 2512 4321 illud
2565 4265 2812 4336 insuper
2859 4263 3188 4335 adjiciens:
3225 4262 3545 4329 Quomodo

175 4360 409 4431 ἔπασχε,
463 4364 563 4411 τῶν
604 4359 696 4430 μὶν
751 4355 906 4429 ἐγγύς
943 4359 1104 4429 χερσὶ
1148 4360 1238 4408 καὶ
1287 4361 1443 4410 ποσὶν
1499 4356 1780 4430 εφαλλομέ-

1891 4373 2031 4414 vero
2087 4357 2362 4412 homines
2418 4354 2511 4410 isti
2563 4353 2817 4410 infantes
2869 4352 3222 4424 vorent,qui
3255 4352 3433 4408 etiam
3467 4351 3545 4408 ab

175 4467 281 4500 νων
343 4450 434 4499 καὶ
487 4444 804 4519 ὑϐριζόντων
854 4447 949 4504 τὴν
998 4445 1200 4515 πολιὰν,
1258 4453 1357 4497 τῶν
1410 4443 1470 4498 δε
1519 4445 1781 4522 πόῤῥωθεν

173 4535 557 4597 ἀκοντιζόντων
595 4535 670 4598 εἰς
699 4534 876 4594 αὐτόν.
907 4535 933 4588 ὅ
972 4536 1102 4608 μετά
1143 4541 1332 4608 χεῖρας
1369 4537 1554 4608 ἔτυχεν
1593 4538 1730 4608 ἔχων
1761 4553 1777 4568 ο

174 4627 388 4680 πάντων
443 4620 494 4678 δ’
548 4623 751 4678 ἀσεϐεῖν
802 4626 1100 4696 ἡγουμένων
1153 4625 1183 4683 ἦ
1233 4623 1566 4697 πλημμελεῖν,
1611 4629 1656 4678 εἶ
1705 4645 1782 4687 τις

176 4717 420 4788 αθυφῆκέ
463 4733 516 4767 τι
569 4722 665 4777 τῆς
715 4714 784 4776 εἰς
834 4716 989 4767 αὐτὸν
1041 4718 1316 4788 παροινίας
1361 4719 1452 4766 καὶ
1512 4714 1781 4786 ἀσελγείας

177 4804 506 4877 ἀπολειφθείς
538 4842 552 4856 .
583 4808 743 4876 ᾤοντο
788 4806 890 4876 γὰρ
921 4806 1056 4857 οὕτω
1101 4807 1219 4866 τοὺς
1249 4803 1417 4857 αὐτῶν
1459 4806 1601 4867 θεούς
1635 4801 1782 4859 έκδιο

175 4902 310 4952 κεῖν.
369 4893 528 4956 Μόλις
573 4890 626 4948 δ’
670 4897 894 4966 εμπνέων
937 4901 998 4967 τῇ
1049 4895 1224 4968 εἱρκτῇ
1267 4893 1476 4970 έρῥιπτο
1510 4911 1523 4924 °
1557 4900 1647 4948 καὶ
1695 4894 1778 4949 έπὶ

177 4981 340 5038 δυσὶν
369 4985 587 5060 ἡμέραις
623 4991 698 5056 τῷ
756 4991 872 5055 Θεῷ
914 4987 972 5036 τὸ
1020 4991 1222 5056 πνεῦμα
1272 4985 1542 5057 παρέθετο.
1598 4984 1665 5037 Οἵ
1718 5004 1779 5056 γε

176 5078 285 5147 μην
309 5073 516 5149 ἔξαρνοι
539 5077 819 5146 γεγονότες,
851 5076 921 5135 ὡς
977 5081 1264 5149 κακοῦργοι
1314 5081 1376 5147 τῇ
1434 5081 1536 5126 τῶν
1582 5076 1782 5149 μαρτύ-

176 5182 280 5237 ρων
343 5163 567 5238 ῥιφέντες
622 5165 818 5237 έὶρκτῇ,
873 5163 1084 5238 ὁρῶντες
1149 5161 1366 5224 έκείνους
1416 5160 1638 5236 φαιδρὸν
1704 5165 1778 5217 οἷο

177 5271 234 5306 ον
332 5251 741 5316 ἀποστίλϐοντας
841 5256 932 5305 καὶ
1030 5255 1375 5324 γεγανωμένον
1477 5251 1774 5323 ἀνθοῦντας,

180 5341 395 5416 ἱλαρούς
438 5361 494 5396 τε
548 5348 639 5396 καὶ
684 5342 894 5416 πλήρεις
934 5337 1100 5404 δόξης
1151 5346 1241 5394 καὶ
1297 5344 1544 5417 χάριτος,
1591 5347 1684 5403 τὴν
1722 5363 1779 5398 τε

177 5438 272 5495 τοῦ
304 5439 544 5508 Χριστοῦ
575 5429 795 5487 εὐωδίαν
827 5428 1097 5492 ὄδωδότὰς
1128 5452 1142 5465 ο
1171 5433 1238 5494 ὡς
1287 5429 1437 5493 ένίοις
1473 5429 1648 5487 δοκεῖν
1686 5438 1777 5488 καὶ

1891 4447 2273 4505 animantium
2288 4445 2514 4502 ratione
2528 4445 2850 4500 carentium
2869 4443 3162 4513 sanguine
3177 4441 3548 4498 abstineant?

1891 4543 1971 4594 Ac
2002 4536 2140 4594 talia
2165 4552 2304 4591 cum
2331 4540 2386 4589 et
2431 4539 2730 4606 pateretur
2757 4537 2812 4588 et
2864 4533 3084 4588 diceret
3120 4547 3412 4603 generoso
3443 4531 3546 4587 ad-

1890 4626 2139 4682 modum
2159 4625 2383 4689 animo,
2416 4622 2609 4678 ordini
2640 4629 2969 4694 martyrum
2997 4627 3081 4677 est
3110 4619 3547 4676 allecta.Euim-

1889 4732 2030 4772 vero
2050 4718 2378 4786 postquam
2409 4711 2759 4784 quaesitores
2787 4711 2879 4766 isti
2906 4715 2962 4766 et
2979 4709 3306 4774 carniﬁces,
3333 4710 3546 4765 virtute

1891 4805 2098 4862 Christi
2122 4803 2199 4860 ad
2228 4803 2389 4859 hunc
2417 4801 2666 4858 modum
2688 4800 3046 4856 infirmiores
3076 4815 3205 4855 esse
3231 4801 3543 4871 comperti,

1889 4902 2068 4968 atque
2092 4899 2421 4965 martyrum
2464 4892 2802 4947 constantia
2829 4895 2884 4945 et
2925 4889 3232 4946 tolerantia
3265 4887 3545 4960 prostrati

1888 4989 2046 5051 sunt,
2077 4989 2140 5040 ut
2177 4983 2237 5038 in
2270 4997 2505 5037 carcere
2538 4997 2640 5037 eos
2673 4978 3020 5049 afﬂigerent,
3045 4977 3358 5035 consilium
3378 4992 3547 5049 cepe-

1888 5077 2043 5130 runt.
2069 5073 2154 5129 Ita
2176 5072 2256 5128 illi
2285 5077 2431 5127 tetra
2476 5068 2838 5126 horrentium
2868 5068 3251 5124 tenebrarum
3288 5067 3544 5137 caligine

1887 5167 1943 5220 et
1995 5163 2217 5235 pedore
2282 5161 2716 5228 excruciantur,
2775 5163 2832 5213 et
2860 5157 3083 5229 pedum
3116 5156 3418 5213 distractio
3464 5156 3544 5212 ad

1887 5252 2166 5326 quintum
2197 5266 2384 5323 usque
2410 5249 2590 5322 308
2624 5247 3004 5304 ﬁdicularum
3049 5245 3318 5302 foramen
3345 5250 3543 5302 exten-

1887 5342 2063 5398 ditur.
2087 5343 2461 5412 Quapropter
2493 5338 2658 5394 multi
2691 5339 2749 5392 in
2791 5335 3045 5392 vinculis
3077 5342 3216 5392 sunt
3241 5335 3540 5405 suffocati,

1889 5432 2052 5490 multi
2076 5447 2234 5504 aegre
2265 5426 2831 5500 viventes,spiritum
2845 5443 2974 5483 cum
2989 5425 3193 5483 dolore
3213 5431 3534 5494 traxerunt,

250 5615 332 5692 (1)
360 5614 484 5675 Hoc
507 5615 794 5686 etiamsic
823 5613 967 5673 verti
1001 5615 1200 5688 potest
1239 5627 1304 5669 :«
1342 5616 1432 5672 Ac.
1454 5614 1882 5691 corpusculum
1922 5614 2121 5688 ipsum
2148 5610 2564 5671 crudelitatem
2595 5612 2827 5669 tantam
2869 5606 3220 5667 testabatur.
