4040 6224
539 250 688 314 1019

1817 252 2205 312 NICEPHORI
2243 251 2563 310 CALLISTI

3729 250 3854 318 I020

544 379 713 437 omni
749 395 995 454 prorsus
1036 382 1304 440 humano
1345 383 1604 440 destituti
1653 381 1896 440 auxilio.
1940 383 2195 438 Fuerunt

2320 381 2449 452 ιύρῳ
2507 382 2608 432 τινὶ
2653 379 2972 454 κεκρίσθαι,
3032 381 3102 442 ὡς
3153 383 3242 433 καὶ
3287 381 3353 433 τά
3397 377 3568 454 δεσμά
3611 378 3766 437 δοκεῖν
3791 389 3864 438 κό-

543 470 748 538 etiam,
780 473 882 543 qui
911 471 1044 527 licet
1087 473 1396 528 tormentis
1427 477 1602 528 antea
1650 471 1892 528 cruciati
1923 486 2044 527 non
2079 470 2194 526 fuis

543 564 698 624 sent,
733 560 908 616 simul
941 567 1121 632 atque
1143 563 1202 616 in
1233 577 1531 618 carcerem
1559 568 1696 618 sunt
1729 559 2001 632 conjecti,
2029 557 2195 632 quod

545 664 789 720 gravem
805 649 932 720 ejus
948 649 1288 723 squalorem
1303 667 1420 706 non
1436 650 1674 716 ferrent,
1689 651 2021 714 decessere,
2037 649 2195 706 Chri-

543 744 636 794 sto
666 738 806 794 Jesu
823 739 1005 794 variis
1039 745 1330 812 martyres
1358 741 1549 795 modis
1580 739 1968 810 gloriﬁcante.
2005 737 2196 794 Pothi-

540 843 657 883 nus
687 833 909 894 autem,
931 829 1454 900 cuiLugdunensis
1493 829 1760 891 Ecclesia
1807 829 2194 900 episcopatus

540 917 936 973 ministerium
985 925 1109 973 erat
1157 919 1586 987 concreditum,
1621 920 1710 973 vir
1747 916 2100 986 imbecillus,
2135 919 2198 971 ut

539 1006 643 1079 qui
685 1006 1014 1076 nonaginta
1058 1023 1480 1080 supergressus
1507 1013 1658 1063 esset
1691 1023 1904 1072 annos,
1949 1011 2003 1062 et
2027 1009 2197 1062 natu-

539 1095 648 1152 rali
675 1096 919 1167 quidem
935 1095 1275 1152 inﬁrmitate
1293 1111 1446 1169 aegre
1473 1097 1707 1168 corpori
1729 1097 1968 1152 vitalem
1984 1110 2196 1152 auram

541 1185 970 1256 suppeditaret,
1002 1185 1210 1257 spiritu
1241 1193 1444 1242 autem
1476 1191 1717 1258 propter
1747 1185 2010 1242 obeundi
2044 1199 2198 1240 mar-

539 1273 675 1344 tyrii
701 1273 1066 1329 desiderium
1093 1279 1248 1329 esset
1271 1274 1695 1339 validissimus,
1725 1275 1804 1330 ad
1829 1273 2090 1330 tribunal
2113 1278 2198 1328 est

543 1366 895 1434 pertractus,
924 1379 1172 1435 corpore
1218 1363 1378 1420 tenui
1408 1369 1464 1420 et
1493 1363 1707 1430 soluto,
1741 1363 1988 1435 perinde
2017 1368 2197 1434 atque

541 1453 786 1514 vasculo
817 1455 1102 1525 quopiam
1134 1455 1402 1510 animam
1443 1455 1536 1510 vix
1577 1455 1858 1510 retinens.
1893 1457 2082 1526 Atque
2115 1452 2198 1508 ibi

543 1541 892 1610 consistens,
928 1559 1066 1598 cum
1101 1543 1414 1615 pulchram
1455 1543 1760 1614 professus
1795 1549 1946 1600 esset
1975 1543 2200 1614 profes-

541 1631 794 1696 sionem,
832 1647 868 1686 a
903 1631 1160 1696 tribuno,
1203 1632 1492 1704 quisnam
1531 1637 1689 1688 esset
1729 1632 2199 1690 Christianorum

2306 489 2435 542 σμον
2485 468 2712 543 εὐπρεπῆ
2771 471 3126 543 περικεῖσθαι,
3177 470 3264 524 οἶοι
3331 467 3399 529 δή
3455 489 3597 533 τινας
3640 479 3865 546 νυμφίους

2302 563 2722 631 κεκοσμημένους
2765 573 2780 588 ⁸
2829 558 3043 622 ἑαυτοὺς
3074 557 3134 612 δὲ
3180 557 3444 621 δυσειδεῖς
3480 580 3534 614 τε
3592 567 3676 614 καὶ
3723 559 3866 616 δεινὸν

2304 649 2534 714 ἄξοντας,
2602 646 2992 720 ἀσχημοσύνης
3045 648 3296 721 ἔμπλεως,
3343 650 3570 722 τιμωρὸν
3622 669 3676 704 τε
3727 671 3865 706 συνιιι

2306 735 2400 801 δός
2445 740 2650 810 ἓχοντες
2707 742 2798 790 καὶ
2836 737 3062 796 πλῆττον
3119 741 3190 801 ὡς
3240 738 3472 810 μάλιστα
3513 757 3527 768 ·
3577 741 3644 800 ὡς
3681 738 3866 812 ἀγεννεῖς

2303 832 2392 880 καὶ
2451 822 2721 900 ἄνανδροι,
2777 823 3105 899 ἀνδροφόνων
3157 831 3248 900 μὲν
3299 828 3502 900 ἓκλημα
3559 828 3750 892 ἑαυτοῖς
3801 849 3864 884 πι-

2303 918 2543 990 ριθίντες,
2613 919 2704 973 τὴν
2779 916 3033 989 πάντιμον
3093 912 3152 969 δὲ
3209 921 3571 990 προσηγορίαν
3621 916 3864 978 ἀποϐεϐλη-

2303 1009 2468 1071 κότες,
2524 1003 2580 1056 ἐκ
2621 1013 2717 1067 τῆς
2765 1011 2865 1057 τῶν
2913 1007 3192 1080 μαρτύρων
3247 1007 3364 1068 θέας
3414 1006 3764 1082 ἐστηρίξοντο,
3798 1013 3865 1062 καὶ

2305 1094 2483 1158 ἠξίουν
2512 1095 2850 1169 προσίεσθαι,
2883 1097 2950 1146 Οἱ
2979 1091 3032 1147 δ’
3063 1092 3314 1168 ἐδέχοντο
3355 1091 3410 1148 εὖ
3457 1096 3618 1168 μάλα,
3659 1097 3726 1169 μὴ
3759 1115 3866 1162 τινος

2306 1183 2500 1246 ἐννοίας
2553 1186 2884 1256 ἐφεπομένης.
2935 1187 3006 1237 Τό
3069 1181 3130 1238 δι
3173 1186 3306 1257 μετὰ
3349 1193 3504 1238 τοῦτο
3555 1185 3622 1246 εἰς
3675 1185 3866 1240 ποικίλον

2305 1275 2371 1326 τὰ
2417 1275 2686 1348 μαρτύρια
2723 1269 2960 1346 διηρεῖτο
2987 1289 3000 1302 ·
3047 1272 3103 1325 ἐκ
3153 1273 3454 1328 πολυανθῶν
3504 1276 3608 1350 γὰρ
3664 1280 3747 1328 καὶ
3782 1273 3866 1329 δια-

2308 1367 2474 1438 φόρων
2529 1363 2825 1437 χρωμάτων
2887 1363 2975 1416 ἕνα
3035 1366 3282 1436 στέφανον
3329 1362 3618 1430 πλέξαντες,
3661 1373 3729 1436 τῷ
3773 1373 3868 1440 Χρι-

2308 1461 2412 1524 στᾷ.
2441 1459 2710 1526 προσῆγον
2748 1471 2762 1484 ·
2807 1447 2880 1504 δι’
2921 1452 2988 1503 ὧν
3017 1455 3076 1504 τό
3107 1456 3244 1525 μέγα
3291 1461 3388 1516 τῆς
3441 1454 3734 1526 ἀφθαρσίας
3776 1456 3870 1507 ἐκεῖ·

2311 1543 2390 1593 θεν
2475 1539 2778 1612 ἐλάμϐανον.
2858 1543 3126 1617 Μάτουρος
3197 1545 3286 1615 μὲν
3356 1540 3446 1595 οὖν
3513 1547 3606 1596 καὶ
3659 1545 3868 1615 Σάγκτος,

2310 1625 2563 1682 Βλανὸίνα
2620 1635 2710 1682 καὶ
2760 1629 3016 1692 Ἀτταλος
3077 1637 3188 1694 τοῖς
3251 1633 3458 1706 θηρίοις
3514 1628 3748 1705 δημοσίᾳ
3779 1632 3871 1692 ἀνή-

543 1719 718 1786 Deus,
777 1721 1177 1790 interrogatus
1230 1737 1242 1778 :
1289 1722 1348 1778 Si
1401 1723 1640 1791 dignus,
1709 1722 1920 1794 inquit,
1989 1721 2196 1787 fueris,

2320 1737 2460 1790 γοντο
2501 1737 2516 1750 θ
2547 1723 2637 1772 καὶ
2681 1727 2754 1790 τῷ
2809 1718 3144 1796 ἀμφιθεάτρῳ
3184 1720 3428 1793 ἀγόμενοι
3477 1729 3578 1774 τῶν
3619 1725 3742 1774 ἰσων
3790 1719 3870 1775 διι-

541 1810 721 1864 scies.
757 1809 1133 1882 Quapropter
1183 1810 1499 1866 violentius
1529 1826 1773 1883 quoque
1807 1811 2006 1866 statim
2030 1826 2198 1866 acce-

542 1903 704 1969 ptus,
739 1898 950 1968 plagas
980 1899 1131 1954 tulit.
1167 1899 1278 1964 Qui
1319 1899 1478 1954 enim
1527 1900 1776 1970 propius
1809 1899 1864 1955 ei
1895 1898 2198 1964 astabant,

545 1986 829 2048 manibus
881 1987 1260 2060 pedibusque
1304 1987 1366 2044 in
1397 2003 1536 2043 eum
1585 1987 1934 2058 insilientes,
1961 2004 2204 2044 summa

547 2075 1102 2131 contumeliacanos
1115 2079 1242 2147 ejus
1273 2076 1602 2133 affecerunt
1634 2099 1644 2142 ;
1675 2077 1778 2149 qui
1801 2093 1941 2132 vero
1963 2077 2202 2148 longius

546 2165 758 2222 remoti
795 2163 1050 2230 fuerant,
1077 2181 1455 2238 quacunque
1499 2166 1666 2222 locus
1707 2165 2206 2223 subministrabat

547 2252 684 2318 tela,
727 2253 786 2308 in
839 2269 977 2309 eum
1017 2255 1421 2325 conjecerunt.
1473 2256 1692 2312 Omnes
1745 2256 1992 2328 quidem
2051 2261 2207 2312 certe

551 2341 838 2414 ﬂagitium
870 2359 930 2398 se
959 2349 1016 2399 et
1043 2343 1348 2416 piaculum
1375 2345 1746 2401 committere
1769 2346 2204 2412 existimarunt,

548 2432 597 2486 si
657 2431 806 2504 quid
863 2433 1194 2488 insolentiae
1255 2433 1581 2504 pervicacis
1617 2439 1673 2490 et
1703 2434 2043 2506 petulantias
2077 2451 2210 2506 pro-

547 2525 718 2580 terras
781 2522 844 2576 in
913 2537 1050 2578 eum
1095 2523 1604 2578 intermitterent:
1648 2538 1840 2596 eoque
1904 2524 2088 2580 modo
2145 2539 2210 2580 se

547 2610 694 2667 deos
759 2627 900 2666 suos
967 2611 1268 2667 vindicare
1333 2617 1708 2683 putaverunt.
1771 2613 2012 2682 Deinde,
2071 2629 2210 2670 cum

551 2715 707 2770 aegre
729 2701 852 2772 jam
889 2701 1159 2773 spiraret,
1193 2701 1248 2757 in
1291 2716 1592 2757 carcerem
1621 2707 1709 2758 est
1737 2703 2041 2774 conjectus
2071 2727 2083 2758 :
2108 2703 2212 2760 ubi

545 2789 734 2846 biduo
760 2795 895 2861 post
927 2790 1201 2860 spiritum
1231 2793 1347 2846 Deo
1394 2789 1690 2846 decedens
1743 2792 2210 2860 commendavit,

549 2879 726 2934 Porro
759 2878 864 2949 qui
914 2879 1210 2934 Christum
1265 2879 1740 2951 abnegaverant,
1765 2884 1828 2936 ut
1871 2880 2124 2938 maleﬁci
2154 2884 2214 2938 in

549 2971 876 3038 martyrum
916 2968 1251 3024 custodiam
1291 2969 1568 3039 conjecti,
1591 2969 1756 3038 quod
1785 2969 2052 3026 viderent
2088 2971 2216 3028 illos

2309 1817 2406 1861 νῶν
2435 1814 2525 1860 καὶ
2567 1804 2721 1869 αὖθις
2773 1816 3038 1882 μετεῖχον.
3102 1814 3203 1864 Καὶ
3243 1807 3384 1870 δῆτα
3429 1808 3528 1864 διὰ
3556 1809 3794 1864 πλείστων
3817 1810 3872 1864 ἕλε

2313 1901 2496 1960 θόντες,
2530 1903 2620 1951 καὶ
2673 1897 2758 1951 ἐπὶ
2809 1903 2904 1958 τήν
2977 1895 3204 1974 σιδηρᾶν
3270 1896 3537 1973 καθέδραν
3595 1898 3820 1973 ἀνήγοντο
3858 1921 3869 1936 ·

2311 1988 2393 2060 ὑφ’
2451 1989 2511 2049 ἧς
2568 1988 2954 2059 τηγανιζόμενα
3016 1991 3080 2042 τά
3149 1993 3388 2062 σώματα,
3440 1993 3668 2052 κνίσσης
3725 1989 3874 2050 αὐτοὺς

2313 2077 2532 2150 ἐνεφόρει
2559 2076 2772 2138 πολλῆς.
2819 2079 2885 2129 Οἱ
2930 2073 2990 2130 δι
3043 2085 3292 2132 τοσοῦτον
3331 2079 3550 2151 ἤλγουν,
3599 2075 3670 2141 ὣς
3709 2083 3788 2132 καὶ
3820 2100 3875 2130 νι-

2313 2174 2408 2238 κᾷν
2464 2165 2748 2240 βούλεσθαι
2809 2171 2902 2226 τὴν
2967 2167 3232 2240 ὑπομονὴν
3297 2168 3382 2221 οἶα
3444 2173 3756 2241 μαινόμενοι.
3817 2169 3873 2222 Δι’

2316 2256 2514 2326 ἀγῶνος
2565 2257 2735 2309 τοίνυν
2802 2255 3030 2328 μεγάλου
3092 2256 3342 2323 ἐλθόντες,
3401 2264 3626 2330 Σάγκτες
3667 2263 3748 2311 καὶ
3789 2257 3876 2312 Mai-

2315 2365 2501 2420 τουρος
2549 2344 2630 2398 ἐπὶ
2680 2352 2772 2406 τῆς
2831 2347 3024 2418 ἡμέρας
3073 2344 3270 2410 ἐκείνης
3321 2346 3692 2407 ἑτύθησαν.Ἣ
3725 2351 3874 2420 γιμην

2317 2432 2605 2492 Βλανδίλλα
2653 2441 2728 2504 τῷ
2791 2433 2926 2507 ξύλῳ
2975 2432 3310 2502 διαταθείσα,
3363 2434 3503 2512 βορὰ
3557 2445 3662 2498 τοῖς
3713 2439 3876 2511 θηρίοις

2315 2527 2593 2597 προῦκειτο
2626 2541 2638 2554 ·
2665 2527 2758 2576 καὶ
2795 2527 2852 2576 τὸ
2887 2533 3080 2597 σχῆμα
3131 2532 3230 2577 τοῦ
3271 2521 3346 2578 δι’
3387 2525 3556 2586 αὐτὴν
3597 2527 3877 2598 σταυρωθέν-

2317 2635 2408 2676 τος
2459 2619 2720 2678 τυποῦσα,
2788 2613 2981 2673 πολλὴν
3047 2621 3156 2678 τοῖς
3220 2613 3638 2687 συναγωνισταῖς
3697 2621 3880 2688 παρεῖχε

2319 2709 2414 2764 τήν
2467 2705 2784 2777 προθυμίαν,
2845 2699 2942 2756 διά
2980 2711 3073 2765 τῆς
3111 2699 3341 2778 ἀδελφῆς
3369 2709 3429 2758 τό
3465 2714 3563 2758 τοῦ
3603 2707 3878 2777 ποθουμένου

2325 2801 2518 2866 σχῆμα
2565 2791 2852 2866 βλέπουσιν
2879 2810 2894 2823 '
2937 2792 2987 2844 ἓν
3017 2801 3192 2864 ταυτῷ
3242 2791 3302 2848 δι
3343 2797 3624 2860 πείθουσα,
3663 2799 3742 2848 καὶ
3783 2793 3880 2854 me

2321 2885 2450 2955 ὑπὲρ
2503 2890 2594 2943 τῆς
2643 2889 2880 2954 Χριστοῦ
2931 2879 3093 2946 δόξης
3147 2885 3326 2937 παθὼν
3377 2893 3618 2938 κοινωνεῖ
3665 2890 3764 2944 τοῖς
3801 2884 3880 2934 παί-

2327 2974 2441 3025 θεσι
2477 2979 2552 3043 τῷ
2587 2971 2745 3032 ζῶντι
2797 2979 2930 3042 Θεῷ.
2971 2979 3082 3026 Τῶν
3131 2970 3220 3026 οὖν
3279 2975 3468 3050 θηρίων
3520 2977 3594 3048 μὴ
3625 2973 3877 3046 ἁψαμένων,

550 3055 800 3128 quidem
820 3055 1148 3126 jucundius
1178 3057 1438 3113 relucere
1485 3073 1554 3114 ac
1589 3058 1781 3113 latius
1809 3058 2040 3124 ﬂorere,
2073 3060 2210 3117 hila-

2327 3061 2400 3124 εἰς
2456 3057 2703 3134 δευτέραν
2759 3060 2977 3134 ἅμιλλαν
3039 3061 3266 3136 ἐτηρεῖτο
3305 3079 3319 3093 ·
3363 3066 3433 3124 ὡς
3479 3063 3543 3114 ἂν
3595 3059 3686 3116 διὰ
3721 3053 3880 3114 πολλῶν

553 3159 772 3216 resque
799 3144 988 3214 gloria
1013 3151 1069 3201 et
1091 3146 1287 3216 gratia
1317 3147 1716 3210 abundantes.
1739 3162 1852 3202 nec
1881 3163 2004 3202 non
2027 3149 2219 3205 suavi-

555 3238 736 3290 tatem
767 3234 969 3290 odoris
1011 3235 1226 3291 Christi
1265 3235 1622 3300 redolentes,
1663 3242 1970 3308 unguento
1997 3237 2221 3295 scilicet

555 3323 850 3395 quodam,
881 3324 1050 3380 sicuti
1093 3324 1397 3380 nonnullis
1429 3325 1620 3380 visum
1646 3330 1754 3395 est,
1783 3326 1866 3382 ita
1897 3326 2215 3393 delibutos,

557 3419 622 3468 ut
655 3413 894 3468 vincula
939 3428 1169 3480 eorum,
1203 3414 1382 3486 quasi
1419 3419 1800 3486 comptorum
1854 3431 2216 3488 sponsorum

552 3506 828 3558 ornatum
864 3503 1174 3558 decentem
1206 3519 1326 3574 prae
1359 3519 1419 3560 se
1440 3503 1662 3560 ferrent
1702 3520 1715 3558 :
1750 3505 1982 3575 seipsos
2013 3511 2218 3563 autem

553 3591 852 3648 deformes
873 3609 944 3648 ac
973 3593 1124 3650 male
1147 3593 1372 3649 olentes
1417 3593 1774 3666 probrisque
1814 3595 2058 3663 obsitos,
2091 3597 2215 3652 vin-

555 3680 872 3752 dicemque
901 3681 1056 3738 intra
1101 3697 1163 3737 se
1201 3687 1260 3738 et
1301 3683 1644 3738 carniﬁcem
1691 3685 2116 3742 conscientiam
2155 3686 2216 3743 in

555 3769 779 3826 animis
821 3777 1092 3840 gerentes
1136 3771 1280 3843 :qui
1323 3771 1590 3827 videlicet
1637 3777 1698 3828 ut
1747 3771 2062 3830 illiberales
2111 3791 2214 3848 pa-

557 3874 816 3931 rumque
843 3859 1054 3929 viriles,
1100 3860 1410 3916 homicidii
1435 3861 1552 3916 sibi
1573 3861 1721 3932 ipsis
1744 3863 1968 3919 crimen
1995 3863 2218 3935 impin-

557 3953 784 4018 gentes,
810 3949 1084 4006 omnium
1115 3949 1680 4021 praestantissimum
1717 3965 1938 4008 nomen
1979 3953 2218 4024 rejecis-

561 4041 691 4092 sent
737 4053 750 4092 :
792 4053 864 4093 ex
899 4044 1234 4110 martyrum
1301 4043 1624 4111 conspectu
1675 4041 2214 4109 conﬁrmabantur,

559 4141 744 4197 seque
774 4126 851 4182 ab
903 4127 987 4182 eis
1035 4128 1218 4200 recipi
1274 4129 1590 4200 rogabant.
1623 4133 1816 4202 Atque
1847 4130 1926 4186 illi
1965 4147 2068 4187 eos
2095 4147 2217 4189 non

562 4218 824 4284 gravate.
849 4215 1076 4272 nullam
1105 4231 1353 4288 prorsus
1383 4219 1782 4287 suspicionem
1822 4219 2114 4292 reliquam
2136 4221 2218 4278 fa-

564 4302 807 4370 cientes,
863 4311 1272 4376 susceperunt.
1329 4309 1408 4362 Ex
1469 4323 1540 4362 eo
1607 4314 1871 4379 tempore
1927 4311 2220 4382 martyris.

562 4393 725 4449 varie
767 4399 904 4450 sunt
957 4394 1152 4452 divisa
1210 4405 1390 4468 atque
1443 4397 1740 4454 distincta.
1797 4400 1875 4454 Ex
1933 4399 2220 4457 multifor-

563 4482 763 4538 mibus
814 4499 1078 4555 namque
1119 4488 1174 4539 et
1229 4485 1685 4542 versicoloribus
1739 4485 1989 4543 ﬂoribus
2054 4505 2221 4546 coro-

561 4587 706 4628 nam
786 4571 872 4630 illi
953 4579 1232 4640 texentes,
1316 4575 1546 4630 Christo
1635 4591 1769 4632 eam
1851 4575 2216 4646 obtulerunt,

565 4661 743 4733 309
775 4667 830 4716 et
863 4661 1192 4718 maximum
1225 4661 1372 4718 illud
1419 4664 1878 4722 immortalitatis
1905 4668 2220 4737 praemium

561 4757 932 4822 receperunt.
963 4753 1223 4808 Maturus
1263 4752 1512 4824 quidem
1543 4761 1598 4808 et
1625 4755 1897 4820 Sanctus,
1933 4755 2224 4815 Blandina

562 4843 618 4896 et
655 4839 901 4906 Attalus,
923 4840 982 4896 id
1015 4840 1322 4910 publicum
1348 4842 1642 4912 producti,
1668 4847 1726 4898 et
1761 4843 1822 4898 in
1853 4844 2224 4916 amphithea-

561 4932 651 4984 tro
677 4929 882 4985 bestiis
935 4929 1176 5002 objecti,
1202 4930 1446 4988 eosdem
1471 4937 1606 4986 sunt
1651 4948 1906 5004 angores
1948 4936 2174 5006 experti
2207 4955 2220 4996 :

563 5017 959 5092 plurimisque
991 5019 1300 5076 tormentis
1326 5023 1638 5093 superatis,
1677 5022 1921 5078 tandem
1947 5024 2008 5079 in
2037 5024 2228 5098 sedilli

562 5108 774 5172 ferreo,
807 5109 902 5164 cui
946 5109 1100 5179 ignis
1133 5116 1290 5166 esset
1335 5110 1701 5182 suppositus,
1745 5119 1885 5168 sunt
1923 5112 2224 5180 collocati,

563 5197 666 5254 ubi
697 5213 768 5254 ex
802 5199 1156 5270 corporibus
1187 5215 1396 5255 eorum
1419 5199 1648 5255 adustis
1675 5199 2070 5270 nidoriugens
2097 5203 2226 5258 red-

561 5286 740 5356 ditus,
791 5287 1098 5343 carniﬁces
1145 5289 1484 5361 complevit.
1531 5289 1636 5351 Qui
1693 5295 1914 5346 tantum
1968 5307 2040 5346 ex
2079 5307 2225 5348 con-

563 5377 784 5432 stantia
822 5383 1154 5450 martyrum
1201 5393 1526 5451 concepere
1569 5379 1859 5438 dolorem.
1893 5385 1956 5436 ut
1999 5382 2226 5454 patien-

562 5465 706 5522 tiam
753 5465 990 5522 illorum
1057 5471 1346 5539 tanquam
1395 5467 1562 5524 furtis
1610 5467 1816 5539 agitati
1867 5484 2223 5542 exsuperare

565 5556 1010 5634 contenderent.
1063 5560 1144 5612 Ac
1194 5557 1448 5616 Sanctus
1505 5557 1752 5632 quidem
1807 5563 1864 5616 et
1919 5559 2211 5620 Maturus.

2327 3155 2417 3202 καὶ
2479 3148 2726 3202 ποικίλων
2786 3153 2874 3202 τόν
2939 3150 3144 3204 σκολιόν
3209 3155 3538 3212 ἐκνικήσασα
3597 3156 3722 3225 ὄφιν,
3777 3167 3882 3224 προ·

2327 3246 2492 3314 τροπῇ
2548 3246 2658 3300 τοῖς
2705 3235 2946 3312 ἀδελφοῖς
2985 3241 3062 3298 εἰη
3112 3241 3142 3299 ἡ
3198 3244 3400 3314 σμικρά
3454 3261 3512 3295 τε
3569 3245 3655 3294 καὶ
3695 3239 3878 3300 εὐτελής,

2327 3332 2486 3400 μέγαν
2533 3331 2624 3378 καὶ
2673 3325 3094 3398 ἀκαταγνιῶστον
3149 3327 3378 3388 ἀθλητὴν
3434 3332 3526 3381 τόν
3575 3331 3788 3404 Χριστόν
3821 3343 3882 3377 κε-

2325 3419 2577 3488 κτημένη,
2632 3412 2728 3468 διὰ
2779 3414 2978 3468 πολλῶν
3032 3416 3230 3491 κλήρων
3289 3421 3376 3470 τόν
3441 3417 3776 3488 ἀντικείμενον
3819 3413 3882 3466 ἐκ·

2327 3505 2580 3574 ϐιασασα)
2621 3508 2710 3557 καὶ
2751 3501 2822 3558 δι’
2882 3503 3080 3578 ἀγῶνος
3117 3506 3342 3578 μεγάλου
3377 3511 3436 3560 τὸ
3494 3515 3592 3571 τῆς
3629 3506 3881 3579 ἀφθαρσίας

2329 3598 2509 3667 στέφος
2537 3593 2828 3666 ἁρπάσασα
2868 3611 2882 3626 ’
2939 3593 3024 3648 ἐπὶ
3085 3592 3146 3648 δὲ
3201 3600 3365 3670 ταύτῃ
3405 3599 3432 3650 ὁ
3473 3597 3727 3656 Ἄτταλος
3759 3599 3882 3665 ἤγετο

2325 3693 2398 3756 τῷ
2459 3682 2789 3758 ἀμφιθεάτρῳ
2851 3687 3067 3747 πίνακος
3137 3689 3557 3760 προηγουμένου⁹
3633 3692 3787 3738 ταῦτα
3827 3677 3880 3738 δὴ

2325 3773 2578 3844 λέγοντος,
2633 3771 2800 3835 Οὗτός
2851 3775 2994 3826 ἔστιν
3035 3773 3294 3836 ’Ἀτταλος
3323 3777 3348 3828 ὁ
3403 3778 3728 3850 Χριστιανός.
3763 3769 3814 3830 ἦν
3839 3767 3884 3822 δῖ

2327 3871 2426 3916 τῶν
2457 3861 2726 3933 ἐπισήμων
2767 3861 2917 3937 ἀνὴρ,
2970 3860 3274 3922 συνείδησίν
3327 3883 3382 3918 τε
3437 3864 3722 3941 ἐρρωμένην
3756 3865 3880 3932 ἔχων,

2325 3957 2550 4013 καὶτοῖς
2585 3953 2722 4004 κατά
2775 3954 3000 4026 Χριστὸν
3056 3957 3126 4014 ὡς
3169 3954 3312 4026 μάλα
3369 3959 3778 4028 τεγυμνασμένος
3816 3953 3884 4000 καὶ
3978 3999 3979 4024 1

2325 4041 2406 4094 ἀεὶ
2477 4043 2678 4113 μάρτυς
2739 4039 2984 4104 ἀληθείας
3026 4047 3114 4098 ῶν.
3177 4051 3497 4118 Σφριγῶντος
3538 4040 3590 4097 δ’
3649 4043 3722 4096 ἐπ’
3771 4037 3882 4106 αὐτῷ

2327 4139 2419 4184 τοῦ
2478 4128 2674 4202 δήμου,
2715 4138 2894 4184 τοῦτον
2947 4135 3011 4193 ὡς
3055 4131 3304 4206 Ῥωμαῖον
3335 4135 3362 4186 ό
3391 4135 3604 4206 ἡγεμὼν
3641 4139 3700 4204 τῇ
3737 4132 3880 4202 εἱρκτῇ

2329 4219 2618 4292 συγκλείειν
2669 4218 2946 4285 ἐκελευσεν,
3011 4222 3105 4284 ἕως
3165 4219 3225 4275 οὗ
3283 4231 3356 4294 τῷ
3415 4227 3650 4296 Καίσαρι
3697 4223 3800 4294 περί
3843 4233 3884 4266 τε

2331 4309 2490 4362 αὐτοῦ
2537 4313 2626 4362 καὶ
2683 4317 2782 4363 τῶν
2827 4309 3018 4364 λοιπῶν
3070 4310 3348 4384 ἀνενέγκοι.
3411 4311 3494 4366 Ἐν
3547 4313 3710 4383 τούτῳ
3755 4305 3806 4360 δι
3849 4305 3886 4356 οἱ

2330 4402 2576 4472 πρότερον
2641 4406 2703 4471 τῇ
2762 4397 2981 4474 ἀρνήσει
3039 4405 3210 4474 νεκροὶ
3265 4403 3324 4453 τὸ
3386 4407 3592 4474 πνεῦμα
3638 4407 3728 4460 τῆς
3779 4400 3884 4460 ζωῆς

2333 4486 2674 4561 ἀνελάμϐανον
2736 4503 2750 4518 ’
2815 4493 2907 4540 καὶ
2985 4489 3071 4550 οὖς
3123 4493 3328 4564 νεκροὺς
3405 4490 3672 4564 ἓξίτρωσε,
3735 4487 3884 4540 τούτου

2333 4578 2532 4640 ζῶντας
2561 4579 2592 4636 ἠ
2649 4581 2822 4650 μήτηρ
2849 4574 3098 4650 ἐδέχετο·
3153 4583 3243 4632 καὶ
3295 4579 3658 4652 ἐγλυκαίνοντο
3683 4579 3776 4632 ὑπὸ
3815 4577 3883 4624 τοῦ

2333 4671 2405 4740 μὴ
2457 4666 2686 4729 θῦιοντος
2733 4671 2819 4719 τόν
2871 4669 3088 4720 θάνατον
3129 4677 3222 4722 τοῦ
3264 4669 3576 4744 ἀμαρτωλοῦ
3625 4685 3640 4700 ⁸
3681 4663 3881 4737 καὶπρὸς

2332 4759 2392 4808 τὸ
2441 4757 2622 4808 παθεῖν
2679 4753 3100 4831 ἀνερῥώσθησαν.
3173 4763 3272 4812 Καὶ
3330 4762 3434 4831 γὰρ
3497 4759 3804 4832 γραμμάτων
3841 4752 3880 4802 ει

2335 4852 2427 4900 τοῦ
2463 4851 2726 4919 Καίσαρος
2778 4849 3260 4920 καταπεμφθέντων,
3319 4850 3436 4902 ὅσοι
3475 4846 3611 4908 ἦσαν
3660 4847 3879 4918 Ῥωμαῖοι,

2334 4943 2396 5009 τῇ
2433 4933 2526 4988 διὰ
2581 4935 2754 5008 ξίφους
2791 4937 3050 5008 ὑπήγοντο
3101 4937 3308 5011 τελευτῇ
3343 4955 3356 4970 ·
3385 4940 3435 4992 οἱ
3491 4935 3552 4992 δε
3603 4939 3790 5012 θηρίοις
3815 4931 3880 4982 καὶ

2335 5023 2508 5086 ἄλλοις
2537 5031 2634 5076 τῶν
2679 5019 2858 5076 δεινῶν
2901 5025 3296 5099 παρεϐάλλοντο.
3356 5034 3560 5102 Πρῶτοι
3617 5023 3676 5080 δι
3723 5026 3878 5078 πάντων

2336 5115 2384 5166 οἱ
2435 5112 2699 5186 μεταμέλῳ
2752 5116 3085 5188 χρησάμενοι
3139 5121 3386 5192 πρότερον
3453 5116 3779 5181 ἀνητοίζοντο,
3823 5107 3874 5159 ἐ).-

2335 5199 2488 5264 πίδος
2539 5204 2932 5266 ὑποσαινούσης
3001 5207 3211 5267 τούτους
3275 5203 3423 5268 αὖθις
3477 5207 3625 5264 ἑλεῖν.
3689 5199 3804 5257 Ἀλλ’
3842 5201 3874 5252 οἱ

2334 5295 2424 5364 μὲν
2470 5299 2543 5362 τῷ
2595 5290 2769 5365 κλήρῳ
2809 5300 2908 5344 τῶν
2951 5297 3227 5371 μαρτύρων
3279 5297 3550 5350 ἐτάττοντο
3587 5315 3602 5327 ’
3633 5297 3732 5350 εἰσὶ
3773 5291 3820 5348 δὲ
3843 5289 3874 5342 οἳ

2333 5386 2424 5434 καὶ
2460 5389 2555 5443 τῆς
2604 5379 2858 5443 ἀπωλείας
2907 5387 3128 5438 κατόπιν
3189 5386 3314 5444 ἧκον
3348 5407 3362 5422 ·
3417 5385 3469 5439 οἱ
3529 5383 3598 5446 δὴ
3642 5385 3817 5450 ἀνάξιοί
3839 5395 3874 5440 tt

2335 5466 2468 5528 ἦσαν
2523 5473 2614 5524 καὶ
2689 5469 3002 5546 ἀστήρικτοι
3087 5479 3206 5550 περὶ
3258 5479 3351 5534 τήν
3418 5472 3542 5529 ὁδόν
3611 5475 3872 5550 βλασφήμου

2333 5561 2559 5638 ἔχοντες.
2626 5567 2710 5635 Τῷ
2755 5557 2816 5616 δὲ
2867 5561 3134 5640 καταλόγῳ
3196 5571 3297 5618 τῶν
3335 5567 3608 5642 παρ-τύρων
3661 5567 3744 5618 καὶ
