4040 6224
160 284 294 342 1021

1189 279 1767 339 ECCLESIASTICzE
1806 279 2173 344 HISTORUE
2213 279 2345 340 LIB.
2385 284 2475 340 IV.

3391 284 3550 343 1022

154 407 389 486 ξανδρος
443 407 736 484 ἠριθμεῖτο,
806 406 1042 482 ἰατρικῆς
1110 409 1202 480 μὶν
1253 411 1518 483 ἔμπειρος,
1570 414 1675 469 τοῖς
1728 410 1769 462 ἓν

1885 410 2209 466 certamine
2239 413 2404 467 tanto
2426 408 2612 476 obito,
2649 425 2719 468 eo
2748 410 2843 467 die
2870 427 3110 468 cursum
3128 427 3306 470 suum
3334 411 3538 469 absol-

153 499 409 560 Γαλλίαις
457 517 512 552 τε
559 503 696 551 πᾶσι
741 502 1065 570 καταφανὴς,
1126 497 1218 550 ἅτε
1273 494 1338 556 δὴ
1384 498 1575 557 πολλήν
1609 517 1663 550 τε
1687 497 1779 550 λό-

151 608 255 661 γου
311 588 615 664 παρρησίαν
653 586 1093 661 προϐεϐλημένος,
1139 591 1228 640 καὶ
1284 597 1380 649 τῆς
1427 586 1778 644 ἀποστολικῆς

148 680 251 732 οὐκ
311 681 533 753 ἄμοιρος
586 680 858 750 χάριτος·
923 681 1200 750 παρεστὼς
1248 677 1350 750 γὰρ
1408 684 1480 748 τῷ
1551 673 1777 750 βήματι,

146 773 249 822 καὶ
281 770 500 840 νεύματι
553 769 673 828 τοὺς
711 767 984 840 μάρτυρας
1039 774 1337 839 παρορμῶν,
1381 762 1537 826 δῆλος
1589 761 1649 822 ἦν
1687 764 1776 816 καὶ¹

147 857 316 919 αὐτὸς
369 858 544 928 ὥσπερ
585 852 785 908 ὠδίνων
837 859 961 916 τοὺς
1020 854 1211 918 ἄθλους
1253 871 1266 884 ·
1331 854 1505 926 ἀμελει
1558 873 1636 906 τοι
1687 853 1777 905 καὶ

148 950 468 1019 καταφανὴς
527 951 635 1006 τοῖς
689 949 808 1020 περὶ
863 948 950 996 τόν
1010 941 1272 1003 δικαστὴν
1330 944 1522 996 ἑστῶσι
1572 948 1774 1016 γενόμε-

151 1055 264 1108 νος,
321 1040 413 1088 καὶ
469 1036 828 1107 κατακριθεὶς,
863 1037 957 1086 σὺν
1006 1034 1238 1105 Ἀττάλῳ
1283 1035 1551 1107 περιήχθη
1589 1035 1776 1105 θηρσὶν

150 1122 388 1178 ὀδόντων
445 1125 784 1196 ἱπαφεθῆναι.
841 1120 1086 1184 Μηδενός
1167 1120 1256 1176 οὖν
1313 1121 1486 1176 δεινοῦ
1551 1123 1774 1177 ἐντεῦθεν

147 1222 341 1288 πεῖραν
416 1213 477 1266 ἐπ
529 1216 799 1286 σθημένοι,
862 1209 956 1266 διά
1006 1211 1210 1265 πολλῶν
1264 1213 1473 1284 ἀγώνων
1545 1215 1772 1282 ἧκοντες,

144 1307 459 1376 τοῦσχατον
490 1305 750 1362 ἑτύθησαν
780 1307 872 1354 καὶ
905 1302 1033 1355 αύτο
1064 1306 1112 1354 ί·
1133 1303 1286 1375 όαμεν
1305 1297 1645 1374 Ἀλέξανδρος
1672 1321 1777 1372 μη-

147 1391 240 1448 δὲν
274 1394 320 1446 εἰ
344 1399 413 1445 ὠν
445 1413 460 1426 ο
489 1391 743 1451 ’Δτταλος
776 1388 856 1458 δὲ,
886 1399 959 1462 τῷ
997 1390 1082 1444 ἐπὶ
1116 1399 1220 1454 τῆς
1255 1388 1487 1466 σιδηρᾶς
1519 1387 1776 1465 καθέδρας

145 1480 481 1547 ἕκκαίεσθαι,
529 1486 620 1538 τῆς
675 1477 835 1530 αὐτοῦ
891 1481 1110 1538 κνίσσης
1175 1475 1582 1549 ἀναφερομένης,
1623 1484 1774 1529 τοῦτο

147 1574 311 1642 μόνον
367 1567 642 1639 Ῥωμαῖκῆ
696 1573 835 1639 φωνῇ
909 1565 1150 1631 ἐπειπὼν,
1228 1562 1377 1620 Ἰδού
1430 1569 1582 1618 τοῦτὸ
1633 1564 1775 1618 ἐστιν

149 1660 465 1734 ἀνθρώπους
539 1654 754 1722 ἆσθίειν,
833 1656 960 1730 ὅπερ
1019 1657 1169 1728 ύμεῖς
1226 1663 1440 1710 ποιεῖτε.
1495 1654 1669 1726 Ἡμεῖς
1715 1651 1776 1707 δι

1886 503 2116 564 verunt,
2153 504 2209 555 et
2265 499 2465 568 gladio
2511 501 2671 565 cesi,
2721 500 2902 556 veluti
2950 502 3206 557 victimae
3257 505 3371 557 Deo
3403 506 3541 558 sunt

1885 586 2092 643 oblati.
2129 588 2416 645 Blandina
2445 594 2642 645 autem
2679 589 2744 645 in
2785 589 2985 661 stipite
3017 591 3292 656 distenta,
3335 591 3538 646 bestiis

1885 691 2027 732 esca
2064 683 2151 732 est
2191 679 2497 750 proposita
2535 697 2547 734 :
2589 678 2925 752 faciemque
2957 679 3228 751 supplicii
3266 680 3394 751 ejus
3433 680 3537 754 qui

1884 779 1995 836 pro
2017 781 2086 821 ea
2104 771 2189 821 est
2215 767 2532 822 cruciﬁxus
2562 767 2839 833 referens,
2867 781 3151 837 magnam
3176 775 3539 825 concertato-

1883 855 2050 912 ribus
2081 856 2204 910 suis
2242 856 2432 912 attulit
2472 857 2655 912 animi
2687 857 3071 924 alacritatem,
3105 858 3168 913 in
3195 875 3396 914 sorore
3429 875 3538 915 sua

1883 943 2156 1000 habitum
2190 950 2245 1001 et
2280 945 2536 1002 formam
2573 948 2832 1017 exoptati
2860 947 3016 1002 illius
3053 947 3531 1018 inspicientibus.

1887 1035 2080 1097 Quare
2118 1032 2262 1088 illud
2310 1050 2551 1106 quoque
2582 1035 2920 1100 exhibebat,
2965 1052 3034 1092 ac
3072 1035 3251 1091 veluti
3281 1050 3528 1106 persua-

1883 1121 2084 1188 debat,
2118 1124 2220 1195 qui
2281 1138 2390 1194 pro
2443 1124 2652 1180 Christi
2699 1123 2887 1195 gloria
2914 1125 3188 1196 patiatur,
3222 1141 3360 1181 eum
3391 1139 3530 1196 pas-

1885 1209 2159 1267 sionibus
2187 1213 2538 1286 participem
2587 1229 2718 1269 esse
2774 1213 3024 1269 viventis
3065 1214 3184 1270 Dei.
3227 1214 3339 1270 Sed
3372 1213 3530 1269 enim

1885 1315 2024 1355 cum
2049 1299 2251 1356 bestiae
2281 1317 2414 1357 eam
2445 1317 2565 1358 non
2597 1303 2971 1374 attingerent,
3001 1304 3078 1358 ad
3110 1303 3292 1358 alium
3341 1319 3532 1358 reser-

1883 1394 2024 1443 vata
2049 1395 2134 1443 est
2161 1405 2437 1461 agonem,
2473 1399 2534 1447 ut
2563 1390 2741 1448 simul
2767 1396 2822 1448 et
2854 1391 3054 1447 multis
3089 1392 3384 1463 variisque
3415 1391 3536 1446 col-

1883 1476 2308 1534 luctationibus
2347 1480 2584 1536 devicto
2630 1481 2912 1552 perplexo
2944 1481 3042 1536 illo
3089 1487 3380 1553 serpente,
3415 1497 3535 1536 cer-

1886 1571 2013 1622 tum
2065 1570 2397 1625 constantis
2448 1568 2806 1626 fortitudinis
2865 1571 3208 1642 exemplum
3248 1570 3529 1626 fratribus

1882 1655 2070 1725 ﬁeret,
2097 1657 2228 1712 vilis
2253 1658 2384 1728 ipsa
2425 1664 2480 1714 et
2513 1659 2844 1725 imbecillis,
2878 1666 2934 1715 et
2963 1661 3248 1714 invictum
3299 1660 3534 1715 habens

150 1753 275 1803 οὔτε
328 1747 636 1821 ἀνθρώπους
709 1743 972 1817 ἐσθίομεν,
1041 1749 1158 1798 οὔτε
1224 1746 1390 1818 ἕτερόν
1445 1764 1498 1796 τι
1549 1746 1769 1818 πονηρὸν

1882 1753 2393 1820 prOpugnatorem
2407 1749 3098 1822 Christum,diversisque
3117 1750 3528 1806 adversarium

153 1839 486 1912 πράσσομεν.
559 1834 930 1908 Ἐρωτῶμενος
1012 1830 1070 1887 δε
1144 1839 1234 1886 καὶ
1311 1837 1363 1886 τί
1445 1837 1605 1906 ὄνομα
1660 1834 1774 1904 ἔχει

155 1930 179 1980 ὸ
221 1931 378 1993 Θεὸς,
433 1927 610 1998 φάναι,
653 1923 714 1976 Ὀ
755 1928 886 1985 Θεὸς
942 1927 1104 1996 ὄνομα
1150 1923 1247 1975 οὐκ
1287 1925 1400 1995 ἔχει
1457 1925 1522 1983 ὡς
1571 1924 1772 1996 ἄνθρω-

148 2039 270 2081 πος.
311 2018 433 2072 Ἐπὶ
468 2012 526 2069 δι
554 2017 756 2076 τούτοις
784 2021 930 2067 πᾶσι
961 2021 1024 2087 τῆ
1056 2023 1158 2067 τῶν
1177 2022 1521 2087 μονομαχιῶν
1563 2012 1768 2086 ἐσχάτη

150 2111 327 2181 ἡμέρᾳ
379 2107 510 2178 μετά
565 2111 820 2158 Ποντικοῦ
909 2101 1202 2178 παιδαρίου
1256 2106 1380 2156 ὡσεὶ
1435 2103 1560 2155 ἐτῶν
1635 2101 1690 2154 ιε’
1737 2103 1768 2160 ἡ

150 2199 368 2269 γενναία
420 2190 679 2247 Βλανδίνα
738 2193 892 2264 εἰσήγ
918 2212 1020 2247 ετο.
1073 2191 1220 2246 Ἐπεὶ
1277 2189 1328 2245 δ’
1380 2192 1583 2262 ὀμνύειν
1638 2193 1774 2243 κατά

152 2296 257 2340 τῶν
309 2282 537 2339 εἰδώλων
585 2285 858 2355 ἠνάγκαστ
877 2303 924 2346 ο,
960 2288 1052 2336 καὶ
1104 2282 1332 2344 ἀπειθεῖς
1378 2279 1534 2346 ἦσαν,
1567 2280 1772 2356 ἐξαγρι·

155 2383 310 2434 οῦται
354 2375 470 2426 κατ’
519 2372 688 2427 αὐτῶν
741 2376 800 2424 τὸ
850 2371 1069 2436 πλῆθος,
1130 2378 1220 2423 xui
1277 2368 1466 2442 διῆγον
1506 2370 1770 2433 πλείστοις

155 2461 346 2524 δεινοῖς
371 2479 385 2493 '
422 2463 448 2514 ὁ
477 2463 568 2534 μὲν
597 2467 720 2522 παῖς
772 2467 887 2523 ταῖς
938 2457 1205 2532 βασάνοις
1261 2459 1615 2533 ἀπαγορεύων,
1653 2457 1772 2511 ἀπεο

157 2550 319 2607 δίδου
350 2555 408 2604 rb
461 2557 696 2622 πνεῦμα·
733 2551 942 2622 ἐσχάτη
1003 2545 1062 2602 δε
1103 2551 1132 2608 ἠ
1182 2545 1438 2601 Βλανδίνα
1480 2549 1566 2601 οἱα
1593 2553 1768 2621 μήτηρ

158 2643 366 2712 εὐγενής
422 2643 835 2714 παρορμῆσασα,
894 2641 1049 2690 τέκνα
1105 2643 1195 2690 καὶ
1269 2641 1584 2712 νικηφόρους
1639 2656 1768 2710 προ-

162 2731 420 2804 πέμψασα
455 2733 588 2804 πρὸς
640 2727 728 2790 τὸς
775 2726 1018 2802 βασιλέα,
1070 2725 1424 2800 ἀγαλλιωμένη
1483 2723 1770 2779 ἐπέσπευδε

165 2825 257 2874 καὶ
289 2820 416 2879 αὕτη
469 2827 533 2892 τῇ
590 2814 756 2890 ἐξόδῳ
810 2820 878 2880 ὡς
909 2817 983 2878 εἰς
1011 2819 1264 2890 νυμφικόν
1297 2813 1524 2882 δεῖπνον,
1558 2816 1652 2868 οὐκ
1698 2816 1770 2878 εἰς

170 2913 360 2986 θηρίων
404 2907 794 2982 προϐεϐλημένη
857 2905 1053 2982 βοράν·
1102 2911 1193 2959 καὶ
1237 2908 1370 2979 μετὰ
1428 2908 1518 2968 τὰς
1576 2907 1771 2978 μάστι-

164 3020 284 3072 γας,
357 3000 489 3072 μετὰ
541 3000 608 3051 τὰ
665 2999 844 3071 θηρία,
895 2999 1027 3069 μετά
1089 3000 1148 3049 rb
1209 2999 1452 3068 τήγανον,
1502 2994 1643 3058 τελος
1698 2995 1772 3058 εἰς

160 3091 430 3164 γύργαθον
510 3085 768 3161 βληθεῖσα
843 3089 1015 3159 ταύρῳ
1075 3082 1228 3158 δεινῷ
1283 3083 1583 3158 μαρεϐλήθη
1615 3102 1628 3115 ⁸
1680 3090 1770 3139 καὶ

163 3182 359 3241 ἱκανῶς
407 3175 761 3236 ἀναϐληθεῖσα
797 3176 870 3247 τῷ
923 3177 1062 3246 ζώῳ,
1115 3175 1332 3250 ὕστερον
1376 3171 1442 3233 δὴ
1494 3179 1584 3226 καὶ
1636 3174 1766 3234 αὕτη

158 3270 313 3326 ἐτύθη
368 3267 750 3340 ἐμφανέστατα,
811 3271 901 3318 καὶ
954 3275 1054 3319 τῶν
1117 3266 1399 3338 ὠμοτάτων
1448 3266 1651 3316 ἐκείνων
1704 3264 1771 3316 εἰ-

155 3360 380 3422 πόντων,
427 3361 498 3428 μὴ
543 3361 750 3409 πώποτε
778 3355 905 3425 παρ’
950 3354 1132 3416 αύτοῖς
1160 3361 1383 3407 τοιαῦτα
1409 3357 1500 3405 καὶ
1537 3359 1772 3404 τοσαῦτα

153 3453 386 3517 γυναῖκα
445 3441 654 3499 ἰδέσθαι
695 3447 904 3499 παθεῖν.
951 3446 1160 3498 Τούτων
1220 3439 1280 3496 δὲ
1326 3446 1630 3514 γενομένων,
1682 3441 1770 3493 οἶλο

153 3536 251 3595 λην
308 3533 484 3609 ἀρχὴν
541 3531 683 3586 ἰδίαν
730 3535 760 3591 ἠ
813 3541 912 3586 τῶν
961 3532 1165 3604 ἀνόμων
1196 3531 1347 3606 ὕϐρις
1395 3532 1478 3583 ἐπὶ
1517 3538 1627 3593 τοῖς
1670 3535 1770 3582 σώο

157 3644 296 3697 μασι
343 3632 444 3676 τῶν
500 3625 777 3696 μαρτύρων
829 3621 1098 3693 ἐλάμϐανε,
1154 3624 1224 3674 Τό
1252 3624 1354 3694 γάρ
1404 3620 1490 3672 ὑπ’
1546 3619 1769 3672 ἐκείνων·

153 3714 350 3775 αύτούς
399 3713 704 3771 νενικῆσθαι
775 3711 966 3782 μᾶλλον
1042 3710 1112 3772 εἰς
1171 3709 1325 3781 ὀργὴν
1381 3707 1574 3768 ἀνῆπτε
1605 3727 1618 3739 ·
1678 3713 1768 3761 xui

151 3807 278 3864 τοὺς
315 3801 364 3853 ἕν
403 3803 604 3875 εἱρκτῆ,
654 3804 742 3852 καὶ
790 3803 913 3862 τοὺς
959 3798 1122 3860 ἄλλως
1176 3796 1450 3873 διαφόροις
1479 3797 1769 3860 ἐξετασθέν-

150 3913 252 3954 τας
306 3889 583 3964 βασάνοις,
660 3893 816 3941 κυσὶν
899 3888 1149 3961 ἐπιμελῶς
1225 3887 1496 3960 φυλάττειν
1569 3889 1765 3961 νύκτωρ

148 3987 248 4035 καὶ
300 3982 410 4054 μεθ’
456 3982 653 4053 ἡμέραν
704 3976 1020 4050 παρέϐαλον,
1083 3979 1166 4028 ἵνα
1209 3980 1362 4048 μήτις
1389 3975 1549 4047 λάχοι
1578 3982 1763 4047 ταφῆς.

146 4072 299 4125 Ὅσα
347 4066 406 4123 δε
452 4071 500 4121 οἱ
550 4071 697 4142 θῆρες
740 4073 830 4120 καὶ
878 4068 981 4120 ὅσα
1039 4070 1096 4120 rb
1155 4073 1256 4140 πῦρ
1317 4061 1619 4138 παρέδραμε
1662 4064 1768 4116 λεί-

150 4159 322 4231 ψανα,
381 4155 811 4232 διεσπαραγμένα
857 4176 912 4209 τε
968 4161 1058 4208 καὶ
1105 4157 1494 4228 ἠνθρακωμένα,
1527 4160 1613 4207 καὶ
1674 4157 1766 4216 τάς

151 4247 376 4321 κεφαλὰς
444 4251 537 4300 σὺν
583 4253 694 4309 τοῖς
748 4245 918 4298 αύτῶν
979 4244 1374 4318 ἀποτμήμασιν,
1429 4247 1502 4316 ἂρ’
1550 4246 1766 4316 ἡμέραις

157 4343 391 4409 συχναῖς
463 4343 816 4412 στρατιωτικῇ
908 4335 1132 4408 φάλαγγι
1217 4334 1466 4406 ἐπιμελῶς
1526 4335 1760 4408 ἐτήρουν.

157 4433 264 4481 Καὶ
311 4428 360 4478 οἱ
410 4429 500 4498 μεν
547 4429 666 4488 τοὺς
730 4421 950 4486 ὀδόντας
1001 4424 1203 4498 ἔτριζον
1241 4422 1358 4476 κατ’
1417 4423 1586 4476 αὐτῶν
1618 4442 1632 4455 ·
1675 4424 1764 4476 xui

151 4523 354 4591 νεκροῖς
382 4517 485 4589 γὰρ
535 4513 868 4587 ἐπεμαίνοντο
926 4522 1034 4577 τοῖς
1075 4513 1337 4586 λειψάνοις
1366 4530 1379 4544 ο
1413 4515 1462 4566 οἱ
1513 4508 1564 4565 δ’
1603 4510 1652 4564 ἐν
1681 4515 1764 4583 γέ-

153 4605 284 4659 λωτι
343 4606 612 4658 ἐποιοῦντο
642 4621 657 4635 ·
711 4605 761 4657 οἰ
815 4600 871 4657 δ’
916 4602 1280 4675 ἐπιεικέστεροι
1345 4598 1526 4665 δῆθεν,
1577 4607 1680 4654 ποῦ
1736 4601 1763 4652 ό

158 4697 291 4756 Θεὸς
357 4693 548 4760 αὐτῶν,
627 4689 1004 4754 ἓπωνείδιζον·
1058 4697 1110 4746 τί
1173 4689 1232 4746 δι
1308 4699 1405 4754 τῆς
1485 4693 1765 4764 θρησκείας

157 4789 378 4851 ὤναντο,
411 4787 474 4842 ἣν
522 4786 624 4857 πρὸ
673 4790 773 4835 τῶν
831 4779 975 4835 ἰδίων
1023 4785 1193 4836 ἔθεντο
1245 4781 1481 4854 ψυχῶν;
1524 4782 1606 4834 Ἐν
1649 4785 1764 4833 πέν-

160 4877 238 4928 θει
271 4869 332 4927 δε
376 4875 431 4926 τὸ
488 4874 765 4946 σύνταγμα
795 4868 856 4931 ἧν
903 4880 1002 4924 τῶν
1031 4879 1253 4937 πιστῶν,
1281 4875 1339 4924 τό
1385 4876 1456 4943 μὴ
1501 4867 1765 4923 δύνασθαι

154 4965 408 5039 κρύπτειν
459 4969 623 5015 ταῦτα
680 4969 742 5035 τῇ
785 4969 850 5033 γῇ
882 4980 896 4994 ο
952 4962 1069 5013 οὔτε
1118 4963 1219 5036 γὰρ
1260 4963 1290 5019 ἡ
1337 4960 1430 5023 νύξ
1467 4961 1765 5033 καθυπούρ-

155 5071 263 5124 γει,
346 5055 463 5105 οὔτε
529 5055 742 5127 χρυσίῳ
819 5049 1076 5122 μετελθεῖν
1127 5046 1208 5108 ἧν.
1273 5048 1450 5118 Πολλῷ
1508 5067 1566 5120 γε
1622 5054 1764 5120 μεῖον

158 5142 332 5194 ἔπειθε
400 5137 626 5202 δέησις·
675 5135 858 5213 κέρδος
911 5141 1013 5212 γὰρ
1093 5138 1300 5198 ἐκείνοις
1352 5141 1411 5190 τὸ
1482 5139 1765 5210 κράτιστον

159 5230 423 5302 ἐλογίζετο
461 5233 520 5283 τό
561 5234 632 5302 μὴ
684 5233 852 5302 ταφῆς
892 5227 1114 5290 ἐκείνους
1156 5235 1359 5300 τυχεῖν.
1401 5247 1430 5280 ››
1484 5229 1604 5281 Ἐπὶ
1643 5231 1766 5280 τού-

159 5340 271 5382 τοις
327 5321 357 5379 ἠ
393 5320 632 5394 εἰρημένη
691 5316 948 5392 διήγησις
993 5317 1130 5390 ἔλεγε
1159 5336 1171 5350 ·
1216 5338 1245 5370 α
1285 5320 1363 5371 Τὰ
1400 5321 1490 5390 μὲν
1529 5313 1617 5370 οὖν
1668 5324 1764 5371 σώο

159 5429 306 5484 ματα
372 5418 472 5463 τῶν
529 5410 690 5482 ἁγίων
743 5406 964 5474 ἐκείνων,
1024 5411 1278 5468 παντοίως
1337 5404 1763 5481 παραδειγματι-

163 5503 355 5555 σθέντα
409 5503 498 5554 xui
556 5499 926 5574 αἰθριασθίντα
981 5495 1065 5550 ἰπὶ
1120 5498 1316 5570 ἡμέρας
1365 5496 1436 5561 ἐξ,
1491 5502 1766 5569 μετέπειτα

158 5593 353 5645 καέντα
417 5593 507 5645 καὶ
579 5588 932 5645 αἰθαλωθίντα
1003 5587 1100 5640 ὑπὸ
1155 5593 1254 5640 τῶν
1307 5583 1529 5661 ἀνόμων,
1586 5587 1765 5666 κατερ-

1883 1837 2312 1893 certaminibus
2363 1837 2692 1902 debellans,
2735 1838 3196 1895 immortalitatis
3245 1855 3533 1894 coronam

1880 1932 2228 1998 reportaret.
2280 1927 2618 1984 Secundum
2657 1929 2809 1985 hanc
2865 1929 3092 1984 Attalus
3123 1929 3183 1984 in
3233 1928 3532 1984 theatrum

1881 2016 2232 2082 ducebatur,
2271 2017 2366 2072 cui
2403 2017 2621 2072 tabella
2672 2017 3097 2090 praeferebatur
3134 2034 3273 2073 cum
3321 2017 3532 2072 inscri-

1881 2107 2082 2178 ptione
2133 2105 2526 2177 hujusmodi:
2587 2106 2687 2161 Hic
2725 2111 2812 2162 est
2859 2106 3089 2162 Attalus
3143 2105 3529 2162 Christianus.

1881 2197 2017 2251 Erat
2046 2200 2246 2251 autem
2267 2195 2316 2250 is
2343 2213 2413 2251 ex
2431 2195 2728 2252 clarorum
2758 2196 3019 2252 virorum
3039 2195 3268 2259 ordine,
3293 2196 3531 2251 ﬁrmam

1882 2300 2218 2356 sanamque
2247 2285 2527 2340 obtinens
2558 2285 3004 2352 conscientiam,
3040 2290 3219 2357 atque
3259 2285 3318 2340 in
3350 2290 3534 2340 certa-

1879 2374 2142 2428 minibus
2171 2390 2282 2445 pro
2313 2375 2539 2429 Christo
2584 2376 2874 2444 susceptis
2919 2375 3105 2446 probe
3150 2375 3531 2439 exercitatus,

1879 2468 1936 2518 et
1986 2468 2270 2518 constans
2319 2463 2582 2518 veritatis
2631 2463 2813 2518 testis.
2865 2465 2995 2529 Quo
3040 2463 3353 2534 producto,
3394 2479 3534 2520 cum

1877 2551 2244 2625 petulantius
2289 2551 2450 2625 plebs
2494 2552 2974 2619 tumultuaretur,
3011 2569 3234 2624 praeces
3275 2569 3435 2618 eum,
3473 2555 3538 2606 ut

1878 2641 2067 2696 civem
2122 2643 2479 2708 Romanum,
2532 2641 2593 2696 in
2651 2641 2925 2698 custodia
2982 2642 3272 2698 asservari
3334 2641 3533 2711 jussit,

1877 2729 2070 2784 donec
2100 2729 2343 2786 Caesaris
2369 2729 2442 2785 de
2464 2745 2535 2786 eo
2561 2736 2740 2802 atque
2761 2730 2889 2785 aliis
2919 2730 3536 2801 explorassetsenten-

1878 2818 2042 2874 tiam.
2076 2817 2306 2874 Interea
2335 2819 2438 2890 qui
2470 2824 2644 2875 antea
2675 2820 2994 2889 negatione
3027 2819 3244 2875 mortui
3278 2819 3532 2883 fuerant,

1880 2907 2156 2978 spiritum
2193 2907 2324 2963 vitm
2373 2908 2787 2980 resipiscentia
2835 2914 3185 2980 receperunt
3221 2931 3232 2963 :
3277 2913 3334 2963 et
3381 2923 3536 2979 quos

1878 3001 2168 3070 tanquam
2218 2997 2296 3053 ab
2340 3002 2473 3052 ortu
2505 2997 2826 3054 exstinctos
2870 2997 3144 3069 ejecerat,
3179 3013 3280 3054 eos
3327 2995 3538 3052 revivi'

1879 3093 2107 3142 scentes
2156 3093 2343 3143 mater
2389 3092 2477 3143 est
2511 3086 2848 3159 complexa,
2883 3087 2932 3142 si
2960 3087 3223 3142 dulciora
3262 3086 3538 3142 doctrina

1880 3181 2149 3249 accepta,
2182 3176 2260 3232 ab
2301 3192 2372 3232 eo
2421 3177 2525 3249 qui
2557 3192 2676 3232 non
2734 3178 2859 3232 vult
2891 3183 3138 3233 mortem
3186 3175 3542 3248 peccatoris,

1878 3266 2162 3322 virtutem
2192 3271 2248 3322 et
2270 3265 2456 3322 robur
2476 3266 2553 3322 ad
2568 3266 3032 3338 perpetiendum
3059 3269 3542 3336 assumpserunt.

1879 3357 2026 3410 Nam
2043 3354 2224 3410 allato
2254 3371 2290 3410 a
2318 3356 2546 3410 Caesare
2577 3355 2885 3426 rescripto,
2909 3356 3256 3428 quicunque
3278 3371 3350 3410 ex
3377 3353 3542 3408 Chri-

1880 3443 2086 3498 stianis
2125 3444 2374 3500 Romani
2421 3448 2635 3510 essent,
2685 3445 2885 3516 gladio
2936 3451 3076 3500 sunt
3113 3445 3299 3513 caesi;
3344 3441 3538 3498 caeteri

1876 3531 2082 3587 bestiis
2123 3538 2261 3588 sunt
2302 3533 2540 3603 objecti,
2575 3538 2678 3588 aut
2730 3533 2858 3588 aliis
2889 3535 3174 3602 gravibus
3225 3531 3538 3604 suppliciis

1880 3619 2096 3676 affecti.
2132 3621 2521 3677 Primiautem
2547 3623 2840 3689 omnium,
2864 3623 2966 3694 qui
2989 3628 3163 3677 antea
3186 3620 3536 3692 paenitentia

1878 3710 1970 3764 usi
2011 3709 2261 3774 fuerant,
2300 3710 2778 3780 inquirebantur.
2813 3714 2956 3781 Spes
2993 3711 3218 3782 quippe
3263 3709 3539 3780 quaesito-

1875 3797 2042 3852 ribus
2068 3805 2211 3868 erat,
2247 3799 2424 3870 310
2455 3814 2559 3854 eos
2588 3799 2788 3853 denuo
2821 3805 3062 3870 captum
3098 3797 3188 3852 iri.
3218 3799 3431 3851 Verum
3451 3795 3533 3851 illi

1877 3886 2094 3957 partim
2131 3897 2461 3958 martyrum
2514 3888 2822 3956 aggregati
2879 3894 3018 3942 sunt
3062 3887 3277 3951 ordini,
3313 3885 3530 3958 partim

1875 3975 2270 4047 perditionem
2325 3977 2505 4030 secuti
2555 3993 2566 4031 :
2632 3975 2711 4030 illi
2779 3976 3082 4040 nimirum,
3135 3977 3238 4047 qui
3302 3973 3533 4044 indigni

1874 4081 2212 4138 parumque
2243 4065 2393 4120 ﬁrmi
2424 4065 2677 4128 fuerant,
2710 4072 2766 4120 et
2793 4065 2865 4119 de
2884 4065 3170 4135 religione
3203 4070 3404 4120 nostra
3425 4063 3530 4119 mi-

1874 4169 1988 4209 nus
2017 4159 2172 4210 recte
2205 4160 2537 4210 senserant.
2573 4157 2895 4226 Martyrum
2929 4153 3204 4223 catalogo
3235 4153 3532 4224 ascriptus

1875 4243 2053 4300 etiam
2093 4249 2183 4299 est
2230 4244 2584 4310 Alexander,
2624 4245 2768 4300 artis
2800 4243 3050 4300 medica:
3084 4243 3326 4315 peritus,
3365 4248 3422 4298 et
3471 4241 3533 4296 in

1876 4333 2050 4388 Galiis
2101 4333 2387 4389 omnibus
2441 4339 2646 4389 notus:
2676 4339 2802 4390 erat
2852 4334 3013 4390 enim
3060 4333 3247 4388 multa
3294 4331 3534 4388 dicendi

1872 4421 2143 4479 libertate
2171 4425 2470 4496 praeditus,
2491 4430 2547 4479 et
2565 4422 2907 4496 apostolicae
2940 4423 3144 4494 gratiae
3160 4438 3280 4478 non
3299 4437 3536 4492 expers.

1875 4512 2102 4568 Etenim
2146 4512 2428 4568 tribunali
2465 4514 2780 4579 assistens,
2811 4529 2882 4568 ac
2918 4519 3066 4568 nutu
3105 4519 3396 4583 martyres
3438 4525 3533 4565 co-

1871 4600 2138 4666 hortans,
2170 4601 2582 4673 deprehensus
2613 4607 2671 4658 et
2710 4603 2836 4673 ipse
2869 4607 2956 4658 est
2986 4601 3162 4656 veluti
3200 4599 3531 4656 certamina

1872 4691 2182 4762 parturire.
2214 4694 2420 4763 Itaque
2455 4691 2640 4760 judici
2673 4691 2926 4756 delatus,
2961 4696 3016 4746 et
3038 4691 3244 4761 capitis
3280 4688 3532 4744 damna-

1873 4783 1966 4835 tus
1995 4795 2118 4836 una
2173 4795 2312 4836 cum
2346 4781 2557 4848 Attalo,
2593 4781 2918 4836 bestiarum
2967 4779 3182 4836 feritati
3231 4783 3318 4832 est
3361 4777 3531 4847 obje-

1873 4876 2021 4926 ctus.
2053 4869 2166 4927 Sed
2194 4885 2332 4925 cum
2366 4869 2514 4925 nihil
2541 4870 2776 4926 adversi
2805 4870 2883 4925 ab
2910 4869 2993 4924 eis
3035 4866 3529 4937 sensissent,plu-

1873 4959 2041 5015 ribus
2072 4959 2336 5014 defuncti
2378 4959 2822 5023 certaminibus,
2867 4963 3169 5029 postremo
3200 4961 3255 5011 et
3301 4955 3414 5026 ipsi
3461 4960 3526 5011 ut

1873 5050 2124 5106 victima:
2157 5054 2297 5105 sunt
2327 5049 2462 5105 cassi
2495 5065 2508 5104 :
2551 5047 2884 5105 Alexander
2918 5047 3183 5119 quidem,
3219 5045 3362 5100 nihil
3393 5060 3526 5116 pro-

1873 5137 2108 5194 locutus
2160 5157 2173 5197 :
2227 5138 2454 5195 Attalus
2497 5143 2718 5200 autem,
2773 5151 2912 5190 cum
2982 5137 3040 5190 in
3106 5135 3294 5190 ferreo
3354 5133 3523 5189 sedili

1876 5234 2160 5294 ureretur,
2194 5228 2483 5299 nidorque
2541 5228 2618 5281 ab
2659 5241 2727 5280 eo
2765 5223 3052 5296 prodiret,
3102 5223 3247 5278 illud
3289 5227 3519 5278 tantum

1875 5320 2145 5374 Romana
2191 5317 2398 5387 lingua
2438 5314 2759 5386 praefatus:
2799 5317 2876 5368 En
2917 5313 3030 5368 hoc
3061 5312 3260 5384 ipsum
3293 5316 3379 5368 est
3418 5313 3524 5368 hu-

1873 5423 2058 5463 mana
2091 5405 2246 5462 vesci
2278 5419 2475 5469 carne,
2508 5403 2669 5474 quod
2705 5417 2812 5457 vos
2851 5401 3041 5457 facitis
3073 5423 3084 5467 ;
3112 5417 3220 5456 nos
3252 5415 3389 5456 vero
3420 5416 3519 5456 ne-

1875 5513 1992 5570 que
2014 5495 2289 5552 homines
2311 5508 2613 5558 voramus,
2641 5507 2836 5564 neque
2867 5495 3152 5564 prmterea
3180 5488 3320 5545 mali
3345 5489 3520 5561 quid-

1875 5602 2057 5663 quam
2091 5584 2366 5643 facimus.
2391 5583 2795 5654 Interrogatus
2821 5583 3018 5647 etiam,
3049 5578 3214 5653 quod
3240 5579 3341 5637 Dei
3371 5583 3527 5638 esset
