4040 6224
555 271 693 330 4023
1606 301 1610 307 -
1833 271 2226 331 NlCEPHORI
2265 273 2587 331 CALLISTI
3752 263 3872 336 lost

545 412 792 464 nomen,
846 398 1173 472 respondit,
1230 401 1384 456 Deus
1432 413 1656 457 nomen
1697 412 1820 454 non
1877 396 2076 462 habet,
2135 413 2140 422 ·

2305 397 2470 473 ῥάνθη
2528 398 2601 460 εἰς
2660 399 2745 450 τὸν
2800 392 3041 450 Ῥοδανὸν
3124 398 3359 470 ποταμὸν
3418 396 3633 458 πλησίον
3686 387 3878 476 παραιριὶ-¹

545 485 751 545 homo.
781 489 921 545 Post
953 489 1062 546 hos
1092 505 1324 556 omnes,
1359 489 1567 545 ultimo
1598 488 1999 560 gladiatorum
2048 486 2140 542 die

2306 487 2506 563 ῥέοντα,
2577 489 2714 550 ὅπως
2773 482 2913 559 μηδὶ
2976 485 3216 558 λείψανον
3272 486 3440 540 αὐτῶν
3513 492 3746 560 φαίνηται
3796 490 3867 545 ἐπὶ

547 593 688 634 cum
721 581 955 634 Pontico
988 595 1174 651 puero
1193 578 1537 652 quindecim
1569 579 1798 635 circiter
1815 593 2008 634 annos
2037 581 2142 632 nati

2308 585 2396 638 τῆς
2425 597 2526 650 γης
2575 579 2676 636 ἔτι.
2740 581 2842 630 Καὶ
2895 583 3065 629 ταῦτα
3096 579 3369 650 ἔπραττον,
3400 579 3465 638 ὡς
3511 573 3780 650 δυνάμενοι
3814 601 3876 632 νι-

548 681 840 737 generosa
874 655 1165 725 Blandina
1194 677 1280 726 est
1320 670 1631 742 producta.
1664 669 1702 724 Ii
1751 683 1855 740 per
1881 666 2143 723 simulaci

2306 675 2474 726 ὶῆσαι
2504 671 2653 732 Θεὸν,
2704 671 2794 719 καὶ
2836 664 3112 739 ἀφελέσθαι
3146 665 3314 719 αὐτῶν
3349 673 3443 726 τῆν
3474 665 3873 740 παλιγγενεσίαν

545 755 796 812 deorum
854 757 1058 828 jurare
1107 758 1282 829 jus-si,
1325 774 1447 814 non
1504 773 1773 830 paruere.
1826 757 2140 828 Ouapropt:

2311 760 2416 823 ἵνα,
2449 759 2516 818 ὡς
2545 756 2739 828 έλεὶγον
2781 757 2986 822 ἓκείνοι,
3029 751 3169 828 μηδὲ
3214 752 3405 809 ἐλπίδα
3450 758 3650 828 ἔχωσιν
3679 760 3874 812 ἀνασταί-

544 844 942 902 multitudinis
999 847 1219 903 animis
1271 848 1558 903 adversus
1608 863 1712 903 eos
1767 845 2044 911 efferatis,
2096 861 2135 918 p

2312 863 2456 916 σεως,
2489 844 2560 918 ἐφ’
2689 847 3012 910 πεποιθότες,
3065 845 3208 908 ξένην
3261 847 3378 898 τινὰ
3406 851 3499 898 καὶ
3551 849 3730 905 καινήν
3762 847 3873 901 εἰσοί-

547 935 747 991 multis
778 942 917 992 sunt
945 937 1266 994 excruciati
1297 937 1628 994 tormentis.
1671 939 1729 992 Et
1760 951 1909 1009 puer
1952 935 2142 1008 quide;

2307 954 2491 1007 γουσιν
2533 937 2658 1008 ἡμῖν
2717 936 3018 1007 θρησκείαν,
3067 939 3157 987 καὶ
3206 943 3600 1009 καταφρονοῦσι
3656 944 3750 988 τῶν
3792 934 3871 991 διι-

547 1024 856 1098 suppliciis
907 1026 1084 1082 tantis
1116 1029 1357 1092 cedens,
1390 1026 1649 1082 reddidit
1695 1027 1990 1097 spiritum.
2035 1024 2142 1081 Blai

2305 1033 2423 1091 νῶν,
2474 1025 2672 1097 ἕτοιμοι
2727 1026 2857 1096 μετὰ
2912 1029 3090 1099 χαρᾶς
3135 1023 3218 1078 ἐπὶ
3264 1027 3353 1077 τὸν
3399 1026 3620 1077 θάνατον
3676 1028 3872 1091 ἦκοντες.

545 1113 690 1170 dina
716 1131 854 1171 vero
877 1121 1199 1188 postrema,
1223 1116 1402 1172 veluti
1429 1122 1617 1172 mater
1638 1131 1948 1186 generosa,
1982 1116 2137 1170 excit

2305 1122 2414 1168 Νῦν
2448 1111 2642 1186 ἴδωμεν
2673 1113 2716 1166 εἰ
2763 1112 3170 1178 ἀναστήσονται,
3211 1118 3302 1166 καὶ
3345 1113 3390 1166 εί
3429 1110 3657 1167 δύναται
3709 1114 3873 1187 βοηθῆο

544 1219 681 1276 quas
705 1203 925 1261 liberos
957 1205 1207 1262 victores
1237 1205 1315 1262 ad
1348 1221 1546 1275 regem
1586 1221 1760 1261 suum
1791 1205 2139 1276 praemisisse

2309 1223 2401 1257 σαι
2433 1203 2613 1266 αὐτοῖς
2655 1205 2681 1256 ὁ
2713 1206 2838 1263 Θεὸς
2889 1202 3076 1270 αὐτῶν,
3128 1207 3218 1255 καὶ
3266 1202 3529 1267 ἐξελέσθαι
3573 1206 3628 1257 ἑκ
3671 1213 3765 1256 τῶν
3786 1225 3871 1278 χει-

545 1292 861 1350 festinabat
885 1299 939 1349 et
972 1295 1102 1365 ipsa
1141 1310 1243 1367 per
1282 1301 1536 1351 mortem
1565 1294 1886 1360 exsultans,
1917 1293 2097 1349 veluti
2119 1309 2140 1347 ε

2306 1300 2407 1369 ρῶν
2459 1295 2626 1365 ἡμῶν.
2657 1313 2686 1346 η
2738 1299 2919 1346 Ταῦτα
2965 1294 3056 1364 μὶν
3094 1293 3124 1351 ἠ
3166 1297 3341 1364 γραφή
3379 1308 3392 1323 ⁹
3423 1292 3588 1346 εἰκότι
3639 1289 3700 1346 δε
3749 1296 3872 1347 σννὰ-

545 1383 811 1455 nuptiale
842 1383 1209 1453 convivium,
1242 1391 1297 1441 et
1336 1401 1456 1440 non
1486 1384 1565 1441 ad
1599 1383 1946 1452 bestiarum,
1975 1383 2140 1455 quibi

2305 1402 2489 1454 γοντας
2542 1382 2781 1454 λογισμῷ
2846 1383 3352 1455 καταστοχάζεσθαι
3417 1385 3647 1459 πάρεστι
3689 1388 3773 1437 καὶ
3825 1386 3874 1437 rit

546 1471 887 1543 objicienda
915 1479 1058 1539 erat,
1083 1474 1528 1530 lacerationem.
1571 1475 1776 1546 Itaque
1812 1479 1946 1546 post
1984 1473 2141 1542 ﬂagr.

2306 1470 2356 1524 έν
2403 1479 2520 1534 ταῖς
2567 1470 2778 1533 λοιπαῖς
2816 1473 3100 1546 ἐπαρχίαις
3146 1474 3481 1544 γεγενημένα,
3519 1478 3612 1525 καὶ
3663 1473 3773 1526 ὅσοι
3808 1492 3875 1532 τη.

545 1568 680 1634 post
723 1562 957 1628 bestias,
995 1569 1131 1635 post
1171 1563 1456 1628 ahenum,
1494 1562 1571 1618 ad
1626 1562 1904 1618 ultimum
1948 1561 2140 1618 reticu.

1626 1562 1904 1618 ultimum
1948 1561 2196 1618 reticulo
2303 1558 2486 1614 νικάδε
2510 1563 2764 1636 μάρτυρες
2794 1557 3207 1632 ἁνεδείχθησαν,

542 1649 794 1717 inclusa,
829 1657 997 1707 tauro
1028 1653 1248 1722 agresti
1288 1658 1343 1709 et
1369 1652 1550 1708 feroci
1576 1657 1662 1708 est
1687 1652 1927 1723 objecta
1954 1667 1969 1707 z
2003 1656 2217 1708 etcum
2245 1650 2349 1706 diu
2369 1650 2742 1722 multumque
2767 1666 2804 1706 a
2831 1649 3030 1706 bellua
3057 1665 3129 1706 ea
3146 1654 3302 1705 esset.
3316 1649 3566 1721 jactata,
3592 1649 3817 1708 tandem
3832 1655 3876 1710 et

544 1750 684 1812 ipsa
712 1745 800 1797 est
828 1741 1307 1798 manifestissime
1334 1741 1629 1814 jugulata.
1663 1742 1844 1812 Cujus
1882 1745 2112 1797 tantam
2142 1739 2416 1796 demirati
2446 1738 2856 1797 fortitudinem
2887 1738 3313 1795 immanissimi
3346 1738 3428 1795 illi
3467 1745 3868 1812 persecutores,

543 1829 710 1885 haud
751 1847 1021 1902 unquam
1075 1831 1237 1903 apud
1286 1847 1388 1888 eos
1435 1832 1628 1888 visam
1673 1847 1801 1887 esse
1858 1830 2173 1886 mulierem
2201 1837 2285 1886 tot
2313 1835 2370 1885 et
2400 1835 2563 1886 tanta
2601 1827 2899 1901 supplicia
2956 1827 3203 1900 perpeti,
3252 1829 3443 1885 testati
3494 1836 3662 1886 sunt.
3693 1829 3784 1884 His
3815 1830 3876 1888 ita

545 1919 821 1990 peractis,
863 1919 1063 1976 denuo
1093 1920 1527 1977 contumeliosa
1567 1921 2088 1992 iniquissimorum
2113 1919 2429 1975 hominum
2463 1918 2679 1990 injuria
2709 1918 2915 1973 saevire
2949 1917 3010 1973 in
3041 1922 3375 1989 martyrum
3421 1933 3684 1990 corpora
3707 1919 3872 1990 capit.

545 2006 716 2077 Quod
737 2024 1002 2082 namque
1034 2009 1112 2066 ab
1147 2009 1260 2066 illis
1288 2016 1487 2066 essent
1514 2011 1797 2082 superati,
1830 2010 1940 2082 31
1960 2012 2002 2080 1
2039 2009 2098 2064 id
2131 2009 2193 2064 in
2229 2008 2522 2080 majorem
2551 2008 2739 2063 evasit
2769 2008 2941 2063 iram.
2972 2007 3224 2063 Proinde
3241 2011 3301 2062 et
3325 2022 3429 2063 eos
3451 2008 3562 2080 qui
3585 2006 3645 2064 in
3675 2023 3875 2065 carcere

548 2103 801 2153 mortem
844 2099 1134 2170 obierant,
1164 2105 1221 2155 et
1249 2115 1350 2156 eos
1379 2101 1483 2171 qui
1517 2099 1694 2155 variis
1725 2104 1783 2154 et
1811 2099 2125 2171 exquisitis
2174 2097 2482 2170 suppliciis
2511 2096 2830 2152 excruciati
2865 2095 3122 2163 fuerant,
3154 2112 3229 2152 ne
3276 2096 3411 2170 quis
3457 2113 3670 2153 eorum
3716 2096 3875 2169 sepul-

545 2192 693 2244 turae
734 2188 1026 2246 honorem
1070 2190 1393 2257 sortiretur,
1439 2206 1658 2246 canum
1708 2189 2018 2246 nocturnis
2045 2188 2222 2245 simul
2251 2196 2307 2245 et
2344 2188 2571 2244 diurnis
2612 2187 2984 2243 tradiderunt
3012 2185 3322 2243 custodiis.
3355 2187 3648 2243 Praeterea
3697 2202 3817 2260 quin
3847 2201 3877 2243 a

544 2275 870 2334 bestiarum
908 2277 1134 2335 feritate
1164 2285 1221 2335 et
1259 2279 1412 2348 ignis
1443 2279 1718 2335 violentia
1747 2277 2164 2350 superfuerant
2191 2276 2493 2349 reliquias,
2527 2275 2930 2332 comminutas
2954 2274 3084 2331 illas
3112 2281 3166 2332 et
3193 2276 3251 2331 in
3277 2275 3578 2331 carbones
3612 2275 3875 2338 redactas,

548 2367 747 2437 capita
775 2383 1017 2440 quoque
1049 2373 1105 2424 et
1151 2375 1582 2425 resectamenta
1612 2385 1821 2425 eorum
1861 2384 1967 2440 per
2013 2366 2141 2422 dies
2173 2366 2373 2438 plures
2427 2364 2794 2423 asservanda
2836 2364 3184 2435 diligentius
3215 2363 3490 2420 militaris
3542 2380 3752 2421 manus
3799 2380 3876 2420 ex-

546 2455 739 2512 cubiis
789 2457 1168 2514 mandarunt.
1197 2458 1278 2514 Ac
1328 2458 1496 2531 impii
1529 2458 1740 2514 milites
1770 2458 1984 2532 partim
2016 2456 2298 2512 dentibus
2327 2455 2386 2511 in
2413 2471 2516 2511 eos
2557 2453 2908 2520 stridebant,
2945 2462 3007 2509 ut
3037 2470 3142 2526 per
3183 2454 3443 2510 furorem
3485 2452 3875 2510 defunctorum

545 2560 788 2618 quoque
840 2546 1106 2619 reliquiis
1149 2547 1505 2604 insultarent
1532 2563 1545 2605 :
1592 2548 1808 2619 partim
1858 2547 1917 2602 in
1947 2545 2270 2601 ludibrium
2300 2544 2598 2602 cadavera
2621 2542 2954 2599 vertebant.
2989 2542 3045 2600 Si
3087 2543 3193 2615 qui
3223 2558 3366 2598 vero
3392 2543 3736 2599 viderentur
3768 2558 3873 2599 esse

545 2635 676 2690 aliis
724 2635 1037 2708 aequiores,
1075 2636 1385 2708 probrose,
1426 2636 1526 2692 ubi
1559 2639 1712 2692 Deus
1767 2651 1978 2692 eorum
2008 2638 2180 2702 esset,
2230 2633 2452 2707 quidve
2505 2633 2620 2691 illis
2649 2631 2854 2702 religio
2903 2648 3135 2700 eorum,
3163 2631 3259 2688 cui
3310 2631 3554 2688 animas
3608 2631 3716 2704 ipsi
3760 2647 3875 2688 suas

545 2723 1059 2796 posthabuissent,
1088 2726 1418 2797 prodesset,
1451 2725 1854 2798 requirebant.
1887 2727 2034 2781 Grex
2087 2729 2287 2780 autem
2330 2721 2602 2778 ﬁdelium
2627 2721 2688 2776 in
2737 2736 2962 2794 magno
2993 2721 3103 2776 fuit
3150 2736 3405 2777 maerore
3435 2726 3496 2777 et
3527 2719 3708 2786 luctu,
3740 2719 3874 2793 quod

546 2812 800 2870 humare
833 2821 1166 2887 martyrum
1193 2815 1489 2872 cadavera
1534 2830 1658 2870 non
1696 2815 1912 2870 liceret.
1945 2816 2143 2884 Neque
2173 2811 2335 2868 enim
2366 2811 2444 2867 ad
2476 2811 2592 2866 hoc
2642 2809 2728 2866 eis
2761 2825 2880 2866 nox
2934 2809 3177 2883 profuit,
3208 2825 3403 2883 neque
3452 2825 3609 2866 auro
3655 2825 3724 2866 ea
3745 2808 3886 2865 redi-'

544 2917 708 2958 mere
738 2909 1061 2974 potuerunt
1088 2919 1102 2958 :
1137 2904 1360 2959 nedum
1388 2904 1666 2975 precibus
1693 2902 1847 2958 ullus
1875 2902 2040 2958 locus
2066 2905 2223 2957 esset
2249 2899 2414 2972 apud
2435 2916 2559 2966 eos,
2592 2898 2817 2972 quibus
2836 2898 2899 2955 id
2928 2898 3263 2955 maximum
3289 2897 3531 2954 lucrum
3561 2903 3658 2954 est
3684 2898 3871 2966 visum,

547 2991 596 3046 si
647 2990 747 3048 illa
788 2992 1094 3064 sepultura
1128 2997 1414 3049 carerent.
1449 3014 1477 3042 »
1513 2992 1634 3049 Sub
1693 2991 1822 3048 haec
1847 2992 2132 3058 narratio,
2169 3005 2352 3063 quam
2382 2989 2666 3055 diximus,
2697 2987 2874 3044 infert
2903 3004 2918 3043 :
2955 3007 2984 3040 ei
3014 2988 3221 3060 Itaque
3259 3002 3519 3060 corpora
3565 2991 3874 3045 sanctorum

546 3079 788 3136 illorum
819 3084 982 3137 omni
1015 3097 1230 3154 genere
1276 3081 1517 3138 ludibrii
1562 3087 1619 3138 et
1650 3081 1849 3154 probri
1877 3081 2167 3146 traducta,
2201 3084 2256 3136 et
2294 3094 2397 3135 sex
2425 3078 2639 3134 diebus
2676 3077 2792 3134 sub
2821 3077 2922 3134 dio
2951 3077 3200 3148 jactata,
3251 3081 3462 3150 posma
3501 3083 3703 3133 autem
3739 3091 3874 3133 com-

544 3167 727 3226 busta
758 3174 938 3243 atque
991 3171 1044 3225 in
1100 3172 1327 3227 cineres
1387 3171 1649 3235 redacta,
1680 3170 1758 3227 ab
1804 3170 2026 3243 iniquis
2055 3168 2403 3225 hominibus
2432 3168 2492 3224 in
2533 3167 2894 3223 Rhodanum
2945 3165 3200 3223 ﬂuvium
3249 3165 3331 3222 ibi
3385 3166 3872 3238 prmterlabenlem

546 3263 684 3314 sunt
714 3276 946 3331 sparsa,
993 3265 1056 3316 ut
1081 3260 1226 3316 nihil
1253 3276 1498 3333 prorsus
1536 3275 1747 3316 eorum
1784 3259 1844 3316 in
1875 3261 2044 3315 terris
2075 3258 2334 3331 amplius
2373 3262 2530 3313 esset
2579 3256 2902 3330 reliquum.
2947 3258 3010 3311 Et
3049 3256 3164 3312 hoc
3195 3255 3283 3311 sic
3333 3254 3627 3326 fecerunt,
3659 3254 3872 3328 perinde

544 3351 724 3421 atque
754 3349 939 3405 Deum
970 3349 1302 3419 devincere,
1332 3355 1435 3406 aut
1473 3350 1984 3420 regenerationem
2009 3364 2216 3404 eorum
2249 3346 2578 3420 praepedire
2602 3349 2848 3418 possent
2873 3362 2886 3401 :
2920 3350 2983 3402 ut
3007 3360 3082 3401 ne
3111 3360 3300 3417 quam
3338 3345 3450 3415 (sic
3481 3344 3568 3401 illi
3599 3344 3869 3415 dicebant)

545 3438 988 3495 resurrectionis
1019 3454 1189 3511 spem
1238 3438 1522 3508 habeant,
1562 3455 1686 3512 qua
1738 3438 1852 3511 ipsi
1900 3437 2164 3502 adducti,
2207 3437 2585 3508 peregrinam
2630 3435 2805 3491 nobis
2835 3439 2893 3491 et
2931 3449 3156 3490 novam
3201 3433 3498 3490 inducunt
3528 3433 3867 3505 religionem,

546 3531 602 3585 et
629 3527 782 3585 dura
805 3527 1143 3601 acerbeque
1172 3530 1377 3586 omnia
1405 3529 1763 3602 despiciunt,
1792 3527 2056 3601 prompti
2082 3543 2329 3598 prorsus
2359 3531 2416 3582 et
2445 3525 2636 3598 parati
2668 3540 2807 3580 cum
2830 3523 3053 3594 gaudio
3083 3523 3250 3580 adire
3276 3529 3556 3581 mortem.
3582 3522 3868 3579 Videamus

545 3633 727 3686 nunc,
755 3633 831 3674 an
885 3619 1002 3674 sint
1037 3618 1444 3684 resurrecturi,
1472 3624 1527 3675 et
1557 3619 1607 3674 si
1631 3623 1822 3690 potest
1865 3617 1949 3672 eis
1992 3632 2171 3689 opem
2213 3615 2364 3672 ferre
2417 3615 2570 3670 Deus
2615 3629 2846 3679 eorum,
2899 3617 3008 3669 ete
3039 3611 3323 3668 manibus
3363 3612 3588 3668 nostris
3646 3627 3740 3669 eos
3786 3609 3872 3666 eri-

544 3723 706 3781 pere.
757 3727 786 3760 »
837 3707 1029 3780 Atque
1085 3708 1214 3764 haec
1263 3708 1509 3782 quidem
1561 3706 2029 3765 commentarius
2076 3705 2174 3761 ille
2231 3704 2427 3761 refert.
2474 3702 2650 3760 Facili
2710 3708 2911 3760 autem
2971 3701 3320 3774 conjectura
3370 3707 3427 3758 et
3476 3701 3709 3758 ratione
3758 3709 3873 3757 eon-

543 3797 800 3854 vcnienti
829 3797 1103 3869 colligere
1139 3797 1292 3869 licet,
1325 3813 1460 3872 quas
1486 3797 1548 3853 in
1570 3797 1811 3870 reliquis
1841 3797 2022 3854 etiam
2050 3794 2364 3868 provinciis
2391 3793 2506 3850 sint
2525 3799 2678 3860 acta,
2712 3796 3012 3865 quantave
3043 3797 3212 3848 tuum
3237 3796 3580 3864 martyrum
3611 3789 3861 3848 exstiterit

543 3887 769 3961 ubique
801 3887 1142 3945 multitudo.

1043 4031 1218 4104 312
1253 4031 1473 4088 CAPUT
1511 4030 1696 4087 xvni.
2227 4028 2268 4085 c

2227 4028 2268 4085 C
2904 4027 3149 4078 ΚΕΦΑΛ.
3191 4022 3299 4078 IH’.

546 4153 751 4226 Qualis
764 4153 908 4212 visio
921 4156 1124 4212 Attalo
1136 4155 1392 4226 martyri
1400 4156 2004 4228 apparuerit,propter
2015 4153 2139 4228 alia

2304 4150 2427 4228 Οἴα
2464 4158 2545 4228 τῷ
2588 4146 3200 4228 μάρτυριξΑττοίλῳ
3258 4150 3519 4228 γέγονεν
3561 4145 3873 4228 impigris

615 4223 967 4300 martyrem,
1001 4217 1347 4300 quidm-ain
1388 4217 1562 4283 nin'u's
1597 4217 2194 4300 etraastefamrvitam

2379 4217 2642 4300 διὰ⁷τῦν
2691 4217 3189 4300 τὸναύχέμηρὸν
3227 4217 3706 4300 μετερχόμενον
3751 4217 3869 4292 βίον

614 4299 860 4369 degebat
881 4316 899 4353 :
922 4307 974 4354 et
997 4295 1061 4354 :22
1082 4299 1303 4356 Christi
1321 4308 1619 4370 martyres
1639 4299 1826 4368 facile
1853 4299 2034 4368 lapsis
2058 4313 2197 4368 gra-

2375 4297 2671 4368 μάρτυρα
2703 4310 2725 4370 °_
2758 4296 2840 4353 ὡς
2878 4298 2985 4345 καὶ
3024 4295 3718 4370 τοίςέπεριπεπΜτ-ωκόσι
3753 4309 3871 4360 συγ-

615 4361 758 4427 ιίᾰγη
785 4371 1060 4441 fecerint,
1093 4373 1440 4442 veniamque
1470 4361 1882 4428 concesserint.
1913 4361 1925 4368 ’
2058 4361 2082 4368 ⁷

2328 4361 2630 4440 amans
2669 4367 2728 4418 οί
2767 4371 3058 4440 Χριστοῦ
3095 4361 3419 4437 μάρτῦρες
3458 4361 3713 4418 ἔδοσαν.

612 4496 678 4551 In
727 4495 1162 4552 commentario
1206 4511 1276 4551 eo
1311 4495 1474 4552 aliud
1529 4495 1823 4567 quiddam
1861 4500 2197 4551 memoratu

2374 4494 2447 4564 Τῇ
2493 4487 2543 4544 δ’
2587 4489 2826 4563 εἰρημένῃ
2877 4495 3048 4563 γραφή
3084 4491 3174 4541 καὶ
3223 4486 3347 4540 ἄλλο
3387 4507 3439 4541 τι
3497 4493 3704 4562 μνήμης
3750 4485 3865 4549 ἄξιον

543 4584 798 4655 dignum
827 4585 1100 4655 traditur,
1131 4584 1296 4658 quod
1327 4585 1406 4641 ad
1440 4584 1761 4642 multorum
1790 4584 2120 4650 utilitatem,

2308 4584 2614 4656 ἱστορεῖται,
2657 4580 2684 4632 ὃ
2714 4579 2785 4642 εἰς
2813 4577 3009 4632 πολλῶν
3040 4577 3281 4651 ὠφέλειαν
3310 4579 3646 4648 παραθέσθαι
3673 4585 3732 4650 τῇ
3761 4595 3861 4646 σνγ-

542 4674 803 4731 historiae
843 4691 1004 4731 nunc
1028 4674 1433 4741 inseruissem,
1469 4675 1713 4730 minime
1747 4673 1808 4730 id
1833 4674 2137 4729 invidiosu.

2303 4679 2473 4746 γραφῇ
2524 4666 2700 4732 οὐδεὶς
2728 4669 2788 4722 οἶν
2819 4669 3303 4741 ἓγγένοιτοφθόνος.
3339 4687 3367 4720 (ι
3398 4663 3684 4722 Ἀλκιϐιοίδ
3689 4687 3745 4728 ης
3779 4665 3857 4736 γάρ

542 4765 688 4822 mihi
739 4765 864 4822 fore
916 4765 1080 4820 duxi.
1127 4785 1151 4816 ε
1195 4765 1528 4821 Alcibiades
1564 4763 1814 4837 quidam
1861 4769 2128 4836 martyru

2305 4781 2385 4824 τις
2445 4760 2497 4824 ἑξ
2553 4759 2720 4811 αὐτῶν
2765 4765 2827 4830 τῇ
2888 4765 3185 4832 μαρτυρικῇ
3241 4755 3635 4829 κατειλεγμένος
3695 4756 3862 4828 χορείᾳ,

541 4855 725 4912 choro
752 4856 1066 4927 ascriptus,
1105 4860 1404 4910 austeram
1433 4853 1610 4927 plane
1638 4858 1693 4909 et
1723 4852 1936 4909 duram
1979 4852 2133 4924 ageb

2397 4852 2584 4924 ίμηρὸν
2611 4850 2744 4901 πάνυ
2779 4851 2869 4900 καὶ
2924 4847 3148 4920 σκληρὸν
3189 4845 3307 4919 βίον
3346 4851 3645 4920 μετὴρχετο
3673 4863 3688 4876 ⁸
3716 4848 3793 4897 καὶ
3822 4842 3862 4892 τί
3991 4845 3992 4860 ‘

542 4945 747 5010 vitam,
781 4948 841 4999 et
884 4944 1018 5002 solo
1068 4958 1223 5015 pane
1266 4948 1322 5000 et
1363 4959 1523 5015 aqua
1563 4941 1853 5007 victitans,
1886 4958 1922 4998 a
1969 4951 2137 4997 caeter

2398 4940 2480 4992 νὲν
2533 4937 2672 5013 ἄρτῳ
2701 4941 2838 5009 μόνῳ
2895 4942 2985 4990 καί
3028 4933 3191 4988 ὕδατι
3243 4933 3548 5005 διασιὶιζιιινν⁹
3589 4944 3688 4989 τῶν
3735 4931 3862 4986 ἄλλων

543 5032 691 5090 cibis
729 5033 1012 5090 omnibus
1059 5033 1414 5089 abstinebat.
1450 5034 1636 5099 Quem
1671 5047 1900 5088 morem
1957 5047 2094 5087 cum
2135 5049 2138 5086 :

2304 5031 2503 5083 πάντων
2557 5028 2828 5100 ἀπείχετο.
2887 5027 3032 5079 Ἐπεὶ
3077 5022 3137 5079 δε
3175 5030 3265 5078 καὶ
3311 5024 3359 5077 έν
3409 5033 3470 5098 τῇ
3533 5027 3706 5099 εἱρκτῇ
3759 5021 3861 5075 οὖτα

548 5138 782 5180 carcere
818 5139 1062 5197 quoque
1113 5139 1345 5179 servare
1378 5128 1667 5193 pergeret,
1715 5121 1928 5190 Attalo,
1982 5121 2086 5193 qui
2139 5145 2143 5169 ε

2262 5123 2542 5195 ,ἐπειρᾶτο
2589 5114 2809 5188 διάγειν,
2868 5115 3098 5188 Ἀττάλῳ
3166 5113 3498 5188 ἀπεκαλύφθη
3550 5122 3624 5186 τῷ
3676 5113 3857 5185 μάρτυρι

2262 5208 2274 5228 Ι
2355 5229 2362 5230 ,
2389 5212 2422 5230 ,\
2504 5211 2568 5230 _2,
2655 5215 2849 5230 _-_-_-.A
2921 5204 3094 5230 1hr”...
3151 5210 3239 5230 --.Α
3261 5203 3272 5217 ‘
3312 5202 3444 5230 _.-’_-_'_
3525 5203 3841 5230 -_..n----....'....

545 5213 673 5288 ipse
703 5219 836 5286 post
884 5213 1148 5285 primum
1179 5213 1410 5269 obitum
1441 5219 1744 5269 certamen
1782 5228 1853 5268 eo
1891 5212 2140 5282 conjecti

2260 5208 2274 5229 ‘
2304 5212 2436 5283 μετὰ
2499 5211 2586 5262 τὸν
2651 5215 2850 5279 πρῶτον
2917 5204 3095 5278 ἀγῶνα
3151 5203 3272 5258 καὶ’
3308 5202 3449 5277 αῦτῷ
3525 5203 3855 5276 καθειργμένῳ,

545 5306 750 5370 fuerat,
789 5319 885 5360 res
935 5319 1007 5359 ea
1057 5307 1144 5359 est
1183 5303 1463 5360 revelata.
1490 5304 1541 5358 ls
1574 5318 1751 5374 porro
1780 5301 1947 5358 illum
1987 5301 2140 5357 admi

2305 5303 2369 5361 ὡς
2414 5298 2473 5352 οῦ
2502 5297 2667 5359 καλῶς
2695 5300 2872 5354 ποιοίη
2929 5291 3298 5360 Ἀλσιϐιοίδης,
3351 5299 3424 5368 μὴ
3474 5299 3738 5370 χρώμενος
3774 5292 3855 5346 τοῖς

545 5353 750 5370 -.._-_-,
790 5353 883 5360 _--
938 5353 1007 5359 η
1061 5353 1144 5359 ---
1183 5353 1463 5360 --ηψπ
1491 5353 1539 5358 __
1576 5353 1745 5374 rm-
1780 5353 1947 5358 __,w_
1991 5353 2129 5357 ___

545 5395 695 5459 nuit,
731 5409 849 5451 non
885 5399 1038 5450 recte
1081 5393 1297 5460 facere,
1328 5394 1432 5467 qui
1468 5393 1754 5450 creaturis
1786 5392 1888 5448 Dei
1919 5407 2039 5448 non
2075 5397 2140 5446 ut

2397 5407 2565 5462 σμασι
2629 5393 2720 5440 τοῦ
2773 5392 2926 5452 Θεοῦ,
2987 5389 3075 5438 καὶ
3131 5353 3543 5447 πολλοίςιτύτέοῑς
3596 5354 3852 5467 σκανδάλου

546 5490 724 5552 retur,
753 5489 807 5542 et
837 5485 1037 5542 multis
1069 5461 1409 5557 exemplum
1438 5483 1706 5540 scandali
1739 5490 1916 5556 atque
1948 5481 2141 5539 oﬁ'end

2302 5483 2586 5554 γινόμενος.
2642 5478 2900 5531 Ἐντεῦθεν
2943 5477 3173 5538 πεισθεὶς
3230 5477 3256 5528 ὁ
3304 5471 3665 5536 Ἀλκιϐιάδης,

550 5574 665 5632 culi
738 5576 922 5633 ﬁeret.
997 5555 1264 5633 Proinde
1317 5573 1646 5632 Alcibiades
1711 5555 1961 5649 posthac
2029 5571 2145 5630 null

2305 5572 2506 5632 πάντων
2569 5568 2699 5629 πλην
2748 5566 2842 5621 οὐκ
2891 5565 2958 5629 εἰς
3007 5565 3312 5640 πλησμονὴν
3350 5561 3693 5639 μεταλαμϐανε
3727 5575 3740 5589 '
3783 5555 3853 5608 καὶ·

3989 5090 3994 5119 l

3965 5242 3994 5297 ὃ
