4000 6220
161 280 308 340 1035

1196 277 1764 339 ECCLESIASTICE
1802 281 2158 344 HISTOHIE
2197 286 2334 345 LIB.
2376 289 2472 347 IV.

3378 296 3523 357 1026

156 415 234 480 τῷ
287 411 395 480 Θεῷ
462 406 689 483 χάριτας
748 401 869 480 ᾔδει
940 405 1000 457 τὸ
1053 402 1298 478 ἔλλειμμα
1350 406 1735 481 περιστείλαντι

1868 409 2228 480 discrimine,
2282 430 2461 473 omne
2517 431 2706 489 genus
2780 419 2918 488 cibi,
2987 421 3133 478 citra
3190 424 3517 482 satietatem

155 497 234 551 οῦ
286 499 391 571 γὰρ
447 495 813 551 ἀνεπίσκεπτοι
859 495 1082 568 χάριτος
1128 490 1262 553 ἦσαν
1300 502 1471 549 Θεοῦο
1526 494 1654 548 ἀλλὰ
1699 500 1757 550 τὸ

154 593 371 660 Πνεῦμα
426 591 486 640 τὸ
555 587 706 659 ἅγιον
780 583 842 645 ἧν
921 584 1098 646 αὐτοῖς
1170 587 1340 638 πάντα
1409 586 1758 660 συμϐουλεῦον

153 680 248 730 καὶ
293 676 626 751 μεθαρμόζον
677 678 811 751 πρὸς
846 676 905 728 τό
936 677 1315 750 χρηστότερον.
1351 696 1380 729 ››
1427 681 1552 750 Περὶ
1583 673 1643 730 δε
1666 685 1758 730 τοῦ

153 765 419 829 ἐπιεικοῦς
469 770 560 818 καὶ
608 764 972 840 φιλανθρώπου
1025 762 1191 816 αὐτῶν
1242 772 1462 818 τοιαῦτα
1517 767 1547 824 η
1599 767 1755 842 προρο

149 854 382 930 ῥηθεῖσα
432 851 678 919 διέξεισιν
733 855 979 926 ἱστορίαν
1039 873 1065 905 α
1109 851 1175 905 Οἱ
1224 857 1314 905 καὶ
1365 855 1451 906 ἐπὶ
1508 863 1757 908 τοσοῦτον

150 943 392 1006 ζηλωταὶ
442 949 534 998 καὶ
600 949 828 1019 μιμηταὶ
879 947 1130 1016 γεγόνασι
1182 949 1272 995 τοῦ
1331 952 1580 1018 χριστοῦ,
1623 947 1758 999 ὥστε

150 1031 200 1086 ἐν
237 1042 308 1108 τῇ
355 1037 570 1108 τοιαύτη
615 1031 743 1108 δόξῃ
794 1035 1138 1108 ὑπάρχοντες,
1169 1037 1260 1084 καὶ
1307 1032 1413 1104 οὐχ
1441 1033 1582 1096 ἅπαξ
1630 1033 1757 1087 ἀλλά

147 1127 241 1176 καὶ
303 1123 546 1186 πολλάκις
597 1127 1046 1200 μαρτυρήσαντες,
1102 1127 1190 1175 καὶ
1247 1123 1314 1173 τὰ
1363 1127 1626 1196 στίγματα
1662 1130 1754 1176 τοῦ

144 1218 392 1287 Χριστοῦ
460 1218 823 1290 περικείμενοι,
874 1213 982 1266 οὔτ’
1030 1211 1180 1264 αὐτοὶ
1221 1212 1494 1286 μάρτυρας
1544 1213 1754 1276 ἑαυτοὺς

146 1301 523 1377 ἀνεκήρυττον,
584 1303 700 1356 οὔτε
775 1305 878 1376 μην
931 1303 1056 1374 ἡμῖν
1114 1299 1386 1374 ἐπέτρεπον
1449 1303 1616 1374 τούτῳ
1681 1310 1752 1374 τῷ

143 1389 370 1463 ὀνόματι
439 1393 846 1466 προσαγορεύειν
911 1390 1126 1451 αὐτούς.
1197 1389 1335 1442 Ἀλλ’
1407 1394 1620 1444 εἴποτέ
1671 1412 1754 1456 τις

140 1483 296 1554 ήμῶν
355 1478 430 1535 δι’
486 1480 767 1543 ἐπιστολῆς
818 1481 849 1540 ἢ
895 1476 990 1532 διὰ
1040 1478 1197 1552 λόγου
1249 1481 1521 1554 μάρτυρας
1567 1480 1752 1551 αὐτοὺς

142 1579 426 1646 προσεῖπε,
488 1579 684 1645 πικρῶς
731 1569 1080 1638 ἐπέπλησσον,
1138 1564 1304 1630 ἡδέως
1361 1573 1456 1627 τήν
1507 1589 1562 1622 τε
1611 1590 1748 1646 μαρ-

143 1666 332 1735 τυρίας
414 1664 774 1737 προσηγορίαν
853 1666 1294 1733 παραχωροῦντες
1377 1667 1594 1735 Χριστῷ
1675 1668 1748 1732 τῷ

1869 506 2090 571 tamen,
2123 504 2406 576 cepit:et
2459 507 2677 577 gratias
2739 510 2857 565 Deo
2898 511 3036 580 egit,
3103 511 3206 585 qui
3254 513 3418 586 quod
3467 515 3520 571 ei

1867 589 2175 659 defuisset,
2233 595 2316 650 ita
2371 595 2742 667 explevisset.
2794 600 3030 656 Minime
3087 617 3352 675 namque
3408 620 3518 660 suo

1867 678 2182 738 destitutos
2217 683 2428 740 obtutu
2462 684 2780 759 reliquerat
2814 691 3006 759 gratia
3041 691 3158 756 Dei,
3191 693 3298 748 sed
3339 694 3519 765 Spiri-

1868 773 1961 824 tus
1988 776 2234 826 sanctus
2271 779 2394 829 erat
2425 790 2559 829 cum
2598 775 2707 842 eis,
2737 778 2940 834 omnia
2987 779 3304 836 consulens
3338 786 3519 854 atque

1867 858 2130 930 dirigens
2193 861 2255 918 in
2321 863 2608 922 melius.»
2648 868 2723 920 De
2775 867 3125 924 eorumdem
3185 877 3518 942 martyrum

1866 948 2144 1020 aequitate
2171 956 2351 1024 atque
2388 952 2758 1010 humanitate
2787 957 3079 1028 scriptura
3109 973 3179 1014 ea
3216 975 3401 1031 quam
3434 961 3519 1016 di-

1864 1037 2084 1104 ximus,
2125 1039 2267 1096 talia
2316 1048 2612 1098 memorat
2640 1047 2716 1112 (1)
2749 1061 2761 1098 :
2794 1065 2822 1097 «
2854 1049 2916 1101 ln
2961 1051 3192 1102 tantum
3244 1047 3519 1106 videlicet

1866 1127 2242 1184 aemulatores
2293 1129 2470 1186 fuisse
2507 1135 2642 1188 Jesu
2692 1135 2924 1202 Christi,
2967 1141 3030 1191 ut
3082 1151 3219 1193 cum
3255 1138 3313 1193 in
3353 1144 3518 1198 tanta

1864 1223 2060 1270 essent
2080 1217 2636 1293 gloria,saepiusque
2669 1224 2934 1295 martyrii
2966 1240 3222 1294 agonem
3259 1227 3513 1295 obirent,

1863 1304 2196 1379 Christique
2221 1308 2374 1365 adeo
2397 1311 2677 1381 stigmata
2715 1313 3181 1381 circumferrent,
3210 1332 3404 1390 neque
3449 1334 3515 1375 se

1862 1391 1972 1466 ipsi
2011 1402 2304 1468 martyres
2342 1405 2644 1465 vocarent,
2673 1416 2867 1473 neque
2904 1401 3078 1458 nobis
3109 1406 3516 1475 permitterent

1865 1488 1929 1540 ut
1963 1499 2066 1540 eos
2122 1486 2368 1542 nomine
2417 1503 2486 1544 eo
2526 1489 3044 1561 compellaremus.
3089 1493 3259 1558 Quod
3291 1493 3337 1549 si
3377 1497 3513 1568 quis

1858 1579 2136 1631 nostrum
2167 1575 2257 1631 vel
2284 1577 2342 1631 in
2369 1577 2654 1649 epistolis,
2686 1579 2775 1636 vel
2805 1580 2863 1636 in
2888 1583 3265 1638 sermonibus
3292 1592 3515 1659 marty-

1854 1677 1951 1718 res
1998 1678 2098 1718 eos
2151 1665 2541 1734 nominasset,
2599 1667 2796 1724 acrius
2846 1668 2909 1724 id
2946 1671 3509 1743 reprehendebant:

143 1749 378 1823 ἀληθινῷ
435 1754 526 1803 καὶ
580 1757 752 1821 πιστῷ
807 1750 1056 1823 μάρτυρι,
1110 1752 1202 1801 καὶ
1265 1753 1578 1824 πρωτοτο’κῳ
1645 1758 1737 1802 τῶν

1856 1751 2172 1824 perlibeter
2221 1755 2488 1828 martyrii
2536 1757 2998 1829 appellationem
3029 1761 3306 1817 cedentes
3353 1762 3516 1819 Chri-

141 1848 355 1915 νεκρῶν,
403 1843 495 1893 καὶ
525 1837 753 1915 ἀρχηγῷ
792 1845 883 1899 τῆς
911 1838 1052 1899 ζωῆς
1092 1845 1184 1891 τοῦ
1218 1845 1371 1894 Θεοῦ.
1410 1858 1439 1891 »
1486 1837 1746 1911 Ἐπιλέγει

145 1925 201 1984 δε
263 1950 295 1982 α
347 1929 432 1991 Ὠς
485 1933 571 1982 καὶ
624 1937 725 1982 τῶν
793 1927 1154 1981 τελειωθέντων
1226 1927 1508 2001 ἐμέμνηντο
1561 1927 1745 1982 ἐκεῖνοι

140 2020 429 2096 μάρτυρες,
521 2017 612 2082 οὓς
684 2021 917 2092 Χριστὸς
981 2019 1112 2091 πρὸς
1185 2016 1365 2070 ἑαυτὸν
1443 2017 1674 2072 εἵλκυσεν
1724 2035 1742 2049 ⁸

140 2110 295 2182 ἡμεῖς
353 2105 414 2162 δε
455 2112 658 2183 μέτριοι
727 2111 817 2160 καὶ
871 2102 1170 2179 οῦδαμινοί.
1233 2111 1330 2161 Καὶ
1389 2107 1551 2180 εῦχάς
1586 2111 1746 2182 ᾔτουν

138 2199 274 2252 ὥστε
325 2202 418 2250 καὶ
470 2197 660 2259 αὐτοὺς
716 2199 803 2250 τὸν
861 2198 980 2250 ἴσον
1033 2189 1186 2250 ἆθλον
1241 2192 1557 2271 διαδραμεῖν
1589 2214 1602 2226 ο
1655 2203 1746 2251 καὶ

142 2292 235 2348 τὴν
288 2290 380 2361 μὶν
427 2283 652 2360 δύναμιν
706 2293 798 2347 τῆς
845 2290 1138 2361 μαρτυρίας
1188 2288 1321 2361 ἔργῳ
1370 2285 1560 2346 πολλὴν
1615 2286 1746 2363 παῤ-

137 2377 336 2452 ῥησίαν
408 2377 623 2448 ἄγοντες
690 2371 1045 2428 ἐπεδείκνυντο
1073 2391 1086 2405 ⁸
1159 2382 1482 2450 παρῃτοῦντο
1542 2371 1602 2429 δὲ
1671 2379 1747 2428 ἔτι

137 2470 232 2526 τὴν
276 2469 662 2541 προσηγορίαν,
742 2463 881 2537 φόϐῳ
941 2471 1094 2530 Θεοῦ,
1173 2465 1274 2517 ὑπὸ
1343 2468 1438 2524 τήν
1493 2469 1746 2538 κραταιὰν

140 2555 300 2610 αὐτοῦ
333 2557 723 2627 ταπεινούμενοι
751 2561 932 2628 χεῖρα,
979 2554 1064 2626 ὑφ’
1104 2554 1136 2612 ἧ
1148 2574 1168 2616 ς
1200 2555 1382 2615 ἱκανῶς
1431 2553 1742 2626 ὑψώθησαν,

137 2627 242 2700 Καὶ
297 2644 642 2717 ἀπελογοῦντο
687 2645 779 2716 μὶν
837 2627 994 2709 πάσι,
1040 2649 1367 2718 κατηγόρουν
1417 2638 1476 2696 δε
1517 2641 1741 2706 οὐδενός.

145 2738 247 2789 Καὶ
301 2732 442 2787 ἐλυον
509 2735 599 2807 μὲν
656 2733 872 2796 πάντας,
936 2727 1191 2804 ἐδέσμουν
1263 2729 1323 2784 δὲ
1377 2728 1583 2784 οὐδένα.
1642 2738 1742 2786 Καὶ

144 2824 271 2896 ὑπερ
327 2831 421 2876 τῶν
483 2820 534 2875 ἐν
599 2818 789 2884 δεινοῖς
841 2819 1176 2874 διατιθέντων
1229 2824 1416 2882 αὐτοὺς
1469 2825 1698 2894 ηὔχοντο
1725 2839 1738 2853 ·

143 2912 264 2987 ὅπερ
305 2908 371 2970 δὴ
401 2914 492 2964 καὶ
543 2915 792 2983 Στέφανος
820 2914 1087 2985 πρότερον.
1126 2931 1154 2960 ››
1205 2915 1307 2963 Καὶ
1353 2909 1508 2964 πάλιν
1562 2911 1740 2974 αὐταῖς

135 2999 306 3064 λέξεσι
359 2999 470 3074 μετ’
563 2999 715 3073 ὀλίγα
785 3004 948 3073 φησὶν
984 3000 1015 3058 ἡ
1071 3004 1292 3075 γραφήρο
1353 3020 1383 3052 ι(
1425 2999 1588 3061 Οὗτος
1632 3003 1734 3077 γὰρ

1856 1847 1970 1907 sto,
2003 1857 2144 1898 vero
2188 1849 2242 1898 et
2287 1844 2444 1900 ﬁdeli
2485 1847 2734 1919 martyri
2786 1852 2966 1920 atque
3009 1850 3162 1919 testi,
3195 1851 3511 1925 eidemque

1854 1931 2255 2003 primogenita
2301 1948 2375 1988 ex
2413 1937 2683 2000 mortuis,
2716 1940 2772 1992 et
2830 1937 2962 1993 duci
2991 1939 3338 2012 auctorique
3376 1941 3512 1997 vitae

1854 2019 1994 2076 Deo.
2040 2020 2214 2077 Addit
2262 2029 2546 2094 praeterea
2589 2023 2756 2092 illud,
2795 2026 2960 2099 quod
3005 2027 3182 2084 etiam
3205 2028 3516 2086 defuncto-

1854 2125 1988 2165 rum
2040 2111 2393 2166 memoriam
2449 2111 2803 2169 celebrarint
2849 2131 2864 2170 :
2909 2114 3040 2171 illos
3090 2116 3313 2174 scilicet
3379 2134 3511 2176 esse

1856 2205 2170 2272 martyres,
2199 2215 2356 2272 quos
2388 2201 2648 2258 Christus
2685 2203 2762 2258 ad
2794 2218 2858 2259 se
2897 2205 3287 2273 traxisset;se
3309 2212 3509 2264 autem

1854 2288 2002 2344 viles
2032 2305 2186 2354 esse,
2217 2295 2275 2346 et
2312 2289 2532 2346 nullius
2582 2292 2664 2346 rei
2717 2292 2992 2349 homines
3031 2295 3314 2352 dicentes.
3371 2299 3511 2354 Ora-

1855 2377 2045 2434 tiones
2076 2394 2320 2451 quoque
2359 2395 2463 2451 pro
2502 2396 2564 2436 se
2603 2381 2728 2436 ﬁeri
2784 2384 3098 2454 petierunt,
3141 2391 3205 2440 ut
3254 2391 3310 2441 et
3361 2387 3507 2459 ipsis

1853 2468 2176 2524 certamine
2206 2470 2488 2540 paricum
2518 2469 2697 2526 laude
2726 2471 2970 2544 defungi
2989 2472 3208 2529 liceret.
3228 2474 3338 2540 Qui
3369 2492 3508 2532 cum

1853 2555 2120 2612 libertate
2151 2557 2337 2613 multa
2376 2557 2524 2623 freti,
2552 2559 2733 2615 rebus
2763 2559 2908 2632 ipsis
2937 2563 3202 2634 martyrii
3226 2563 3504 2620 virtutem

1854 2652 2226 2722 praestarent,
2260 2663 2481 2703 nomen
2521 2653 2721 2704 tamen
2745 2656 2882 2706 sunt
2915 2651 3214 2724 deprecati
3244 2669 3260 2706 :
3296 2655 3508 2710 timore

1853 2734 1955 2789 Dei
1985 2735 2098 2790 sub
2124 2737 2348 2808 potenti
2375 2753 2559 2792 manu
2588 2737 2718 2809 ejus
2741 2738 3036 2796 humiliati
3065 2742 3135 2807 ⁸¹,
3164 2758 3200 2797 a
3221 2757 3342 2814 qua
3364 2743 3508 2799 satis

1849 2822 2066 2878 deinde
2105 2831 2245 2880 sunt
2282 2824 2544 2881 exaltati.
2576 2829 2644 2882 Et
2685 2826 2800 2900 ipsi
2837 2828 3080 2900 quidem
3112 2829 3508 2890 defenderunt

1848 2926 2083 2978 omnes,
2115 2920 2477 2970 accusarunt
2506 2922 2706 2971 autem
2739 2918 3060 2973 neminem.
3096 2918 3271 2991 313
3302 2920 3508 2977 Dolve-

1845 3008 1983 3057 runt
2007 3001 2210 3058 itidem
2251 3018 2483 3069 omnes,
2506 3003 2770 3074 ligarunt
2807 3007 3109 3063 neminem
3144 3017 3364 3081 :atque
3394 3026 3505 3082 pro

129 3068 382 3164 μέγιστος
434 3088 616 3152 αὐτοῖς
650 3068 802 3162 πρὸς-
834 3089 990 3141 αὐτὸν
1049 3068 1336 3162 όηπόλεμος
1387 3088 1582 3160 ἐγένετο
1641 3068 1733 3144 διά

1849 3091 1926 3146 eis
1947 3091 2093 3163 quid
2127 3107 2191 3148 se
2220 3094 2475 3148 summis
2502 3093 2838 3152 effecissent
2871 3096 3064 3163 malis,
3093 3104 3230 3154 sunt
3259 3101 3502 3171 precati,

127 3185 186 3234 τὸ
232 3185 454 3252 γνήσιον
505 3187 599 3240 τῆς
626 3179 855 3251 ἀγάπης,
907 3179 990 3232 ἶνα
1038 3177 1386 3251 ἀποπνιχθεὶς
1417 3180 1442 3231 ὀ
1493 3181 1612 3253 θήρ,
1645 3179 1731 3242 οὓς

125 3275 376 3347 πρότερον
452 3273 578 3340 ᾤετο
663 3271 1110 3335 καταπεπωκέναι,
1194 3269 1385 3329 ζῶντας
1462 3268 1674 3344 ἐξεμέση
1710 3286 1725 3300 ⁶

127 3362 186 3414 οῦ
214 3362 319 3435 γὰρ
351 3357 530 3412 ἔλαϐον
583 3360 846 3431 καύχημα
881 3361 1017 3410 κατὰ
1045 3365 1145 3410 τῶν
1174 3362 1514 3411 πεπτωκότων
1553 3373 1567 3386 ⁶
1620 3358 1729 3411 ἀλλ’

121 3448 171 3502 ἐν
261 3448 340 3510 οἷς
417 3447 720 3508 ἐπλεόναζον
780 3447 949 3514 αὐτοὶ,
1004 3453 1159 3500 τοῦτο
1219 3455 1325 3509 τοῖς
1390 3443 1729 3523 ένδεεστέροις

120 3544 408 3616 ἐπήρκουν,
466 3557 703 3612 μητρικα
762 3535 1047 3609 σπλάγχνα
1127 3539 1351 3610 ἔχοντες,
1418 3541 1509 3591 καὶ
1567 3539 1730 3592 πολλὰ

116 3635 244 3703 περὶ
299 3627 468 3681 αῦτῷν
515 3626 780 3700 ἐκχέοντες
857 3623 1067 3702 δάκρυα
1136 3629 1267 3701 πρὸς
1335 3628 1423 3678 τὸν
1498 3632 1726 3702 Πατέρα.

114 3722 266 3777 Ζωήν
306 3717 592 3792 ᾐτήσαντο,
647 3719 734 3769 καὶ
789 3712 980 3769 ἔδωκεν
1023 3715 1216 3780 αὐτοῖς,
1272 3715 1335 3774 ἦν
1378 3719 1468 3769 καὶ
1517 3735 1724 3790 συνεμεο

113 3812 342 3885 ρίσαντο
398 3813 504 3868 τοῖς
561 3804 784 3865 πλησίον
813 3822 828 3837 ο
877 3810 969 3858 καὶ
1026 3806 1210 3866 πάντες
1258 3809 1529 3878 νικηφόροι
1600 3810 1729 3881 πρὸς

111 3900 205 3968 τόν
265 3898 392 3950 Θεὸν
447 3894 771 3960 ἀπελθόντες,
826 3894 1032 3968 εἰρήνην
1087 3892 1454 3966 ἀγαπήσαντες
1505 3893 1602 3960 ἀεὶ,
1637 3900 1728 3949 καὶ

113 3987 332 4061 εἰρήνην
376 3986 503 4059 ἡμῖν
555 3988 1031 4058 παρεγγυήσαντες,
1091 3981 1199 4056 μετ’
1253 3982 1460 4058 εἰρήνης
1521 3983 1725 4060 ἐχώρη-

114 4095 219 4131 σαν
269 4078 400 4149 πρός
428 4076 517 4128 τὸν
571 4078 720 4142 Θεὸν,
775 4077 848 4147 μὴ
885 4073 1255 4137 καταλιπόντες
1304 4080 1457 4126 πόνον
1509 4081 1571 4148 τῇ
1626 4092 1726 4148 μη-

111 4171 228 4242 τρὶ,
273 4161 415 4238 μηδε
473 4166 662 4218 στάσιν
709 4169 799 4218 καὶ
853 4163 1074 4238 πόλεμον
1125 4170 1229 4224 τοῖς
1279 4159 1540 4236 ἀδελφοῖς,
1597 4163 1725 4217 ἀλλὰ

110 4256 320 4332 χαρὰν,
367 4255 594 4329 εἰρήνην,
639 4259 730 4307 καὶ
773 4255 1013 4327 ὁμόνοιαν
1052 4257 1141 4306 καὶ
1191 4251 1420 4325 ἀγάπην.
1469 4273 1497 4306 η
1547 4260 1725 4308 Ταῦτα

114 4342 178 4399 δέ
262 4345 557 4420 παρεθέμην
635 4351 733 4408 τῆς
808 4351 907 4397 τῶν
989 4348 1478 4416 παραπεπτωκότων
1557 4345 1721 4417 χάριν

1837 3181 1922 3239 ita
1971 3186 2032 3236 ut
2090 3180 2152 3236 id
2202 3186 2382 3238 antea
2444 3183 2661 3240 fecerat
2717 3184 3081 3257 Stephanus.
3136 3209 3164 3238 η
3217 3189 3504 3262 Deinceps

1837 3269 2121 3342 scriptum
2154 3270 2214 3326 id
2244 3270 2408 3327 hisce
2429 3272 2502 3328 de
2525 3273 2608 3328 eis
2639 3275 2820 3330 utitur
2845 3275 3042 3332 verbis
3077 3293 3090 3332 :
3118 3298 3145 3327 ι(
3174 3277 3503 3335 Maximum

1839 3358 1952 3415 illis
1999 3359 2224 3416 bellum
2269 3367 2476 3418 contra
2517 3363 2928 3420 adversarium
2976 3365 3106 3428 fuit,
3155 3382 3262 3438 per
3313 3368 3504 3424 chari-

1838 3449 1972 3506 tatis
1999 3451 2422 3518 sinceritatem,
2464 3457 2528 3508 ut
2551 3453 2749 3510 bellua
2785 3453 2882 3510 illa
2917 3456 3308 3526 strangulata,
3343 3474 3502 3530 quos

1837 3540 2002 3612 prius
2054 3540 2162 3596 sibi
2221 3541 2542 3597 devorasse
2594 3542 2931 3610 videbatur,
2984 3545 3150 3600 vivos
3200 3545 3498 3603 redderet.

1836 3631 1965 3686 Non
2009 3631 2167 3684 enim
2191 3629 2423 3700 gloriati
2450 3636 2588 3686 sunt
2617 3647 2797 3703 super
2826 3633 3298 3704 delinquentium
3329 3651 3498 3696 casu.

1839 3719 1942 3774 sed
1996 3719 2218 3790 quibus
2261 3719 2372 3792 ipsi
2405 3719 2796 3777 abundarunt
2845 3722 3052 3791 gratiis
3092 3728 3148 3778 et
3191 3723 3390 3789 donis,
3421 3724 3498 3782 de

1837 3807 2068 3883 eisdem
2107 3807 2510 3878 indigentibus
2542 3812 3085 3867 communicarunt.
3120 3814 3181 3867 Et
3223 3818 3499 3871 materna

1837 3911 2086 3970 prorsus
2110 3897 2400 3953 habentes
2430 3899 2676 3965 viscera,
2693 3898 2912 3955 multas
2929 3916 3037 3972 pro
3054 3902 3138 3956 eis
3165 3902 3242 3958 ad
3263 3906 3495 3974 patrem

1835 3986 2233 4059 profuderunt
2281 3987 2603 4060 lacrymas.
2655 3990 2839 4045 Vitam
2886 3991 3204 4062 petierunt,
3241 3999 3299 4048 et
3329 3992 3499 4049 dedit

1834 4077 1938 4142 eis,
1970 4092 2154 4149 quam
2194 4079 2484 4149 proximis
2541 4078 2666 4133 suis
2718 4079 3150 4150 impertierunt,
3193 4085 3251 4137 et
3279 4096 3492 4137 omnes

1832 4166 2086 4222 victores
2153 4167 2230 4222 ad
2283 4170 2465 4222 Deum
2528 4168 2908 4224 transierunt.
2978 4169 3188 4226 Pacem
3251 4184 3488 4243 semper

1833 4253 2314 4327 complectentes,
2343 4261 2399 4312 et
2428 4271 2640 4329 pacem
2672 4257 2846 4313 nobis
2879 4259 3396 4328 commendantes,
3426 4259 3485 4316 in

1831 4360 1979 4417 pace
2005 4343 2083 4400 ad
2107 4347 2290 4400 Deum
2323 4353 2720 4417 pervenerunt
2751 4363 2766 4403 :
2798 4362 2918 4403 non
2948 4347 3218 4405 laborem
3246 4355 3348 4406 aut
3378 4349 3491 4405 do-

115 4438 352 4508 στοργῆς
404 4442 504 4487 τῶν
573 4435 846 4507 μακαρίων
906 4429 1130 4508 ἀνδρῶν,
1202 4438 1298 4493 τῆς
1370 4431 1720 4509 ἀπανθρώπου

1851 4449 2015 4489 orem
2059 4434 2255 4501 matri,
2289 4450 2483 4506 neque
2515 4435 2868 4493 seditionem
2901 4443 3004 4493 aut
3043 4438 3267 4494 bellum
3301 4439 3497 4495 fratri-

109 4525 206 4596 καὶ
260 4523 504 4587 ἀνηλεοῦς
534 4523 680 4577 ἕνεκα
725 4519 1010 4586 διαθέσεως
1054 4527 1154 4574 τῶν
1193 4525 1324 4595 μετά
1362 4529 1532 4575 ταῦτα
1581 4520 1722 4596 ἀφει-

113 4610 229 4689 δῷς
267 4621 380 4677 τοῖς
430 4621 667 4690 Χριστοῦ
717 4611 894 4687 μέλεσι
943 4614 1451 4686 πφοσενηνεγμένων,
1509 4617 1599 4665 καὶ
1645 4616 1717 4685 μὴ

111 4708 176 4758 τὸ
249 4706 517 4778 συμπαθὲς
585 4707 655 4767 ως
713 4707 1082 4779 προσηκόντως
1138 4700 1528 4778 πραϐεϐληένων
1562 4722 1577 4736 ο
1631 4707 1722 4755 καὶ

115 4789 204 4848 ἵνα
253 4798 328 4869 μὴ
383 4798 478 4854 τὴν
533 4789 693 4868 ὀφρὺν
741 4796 952 4868 αἴροιεν,
984 4792 1029 4847 εἰ
1069 4795 1165 4845 καί
1190 4807 1242 4845 τι
1271 4795 1395 4854 τέως
1446 4793 1722 4868 κατωρθω-

111 4889 256 4946 κότες
313 4883 465 4938 εἰσίν.
527 4880 672 4943 ’Ἤδη
728 4879 788 4937 δε
838 4887 929 4936 καὶ
983 4886 1082 4935 τῶν
1143 4878 1274 4955 ἀμφὶ
1322 4884 1584 4935 Μοντανόν
1631 4886 1721 4934 καὶ

111 4970 466 5032 Ἀλκιϐιάδην
503 4978 595 5027 καὶ
643 4969 902 5028 Θεόδοτον
947 4977 1062 5047 περὶ
1107 4975 1307 5048 Φρύγας
1337 4972 1460 5046 ἄρτι
1503 4977 1720 5045 πρώτως

113 5067 210 5124 τὴν
265 5071 358 5118 τοῦ
405 5065 744 5140 προφητεύειν
790 5061 1052 5134 ὑπόληψιν
1111 5060 1422 5134 ἁπανταχοῦ
1463 5059 1720 5134 θρυλλου-

111 5157 280 5228 μένων
362 5153 547 5226 (εἰσέτι
611 5155 715 5227 γὰρ
790 5160 890 5206 τῶν
963 5153 1109 5204 θείων
1181 5151 1532 5225 χαρισμάτων
1587 5153 1722 5204 κατὰ

115 5239 408 5319 διαφόρους
472 5242 756 5306 ἐκκλησίας
810 5241 1143 5316 τελουμένων,
1203 5237 1376 5294 ἐδόκει
1432 5247 1537 5302 τοῖς
1602 5240 1721 5293 πολ-

109 5332 225 5399 λοῖς
290 5341 391 5388 τῶν
450 5335 576 5387 ἰσων
637 5336 876 5408 μετέχειν
910 5351 923 5365 ·
983 5336 1075 5386 καὶ
1125 5327 1220 5384 διὰ
1283 5332 1472 5384 τούτου
1541 5334 1720 5384 πίστιν

188 5504 233 5540 ⁸¹
270 5503 462 5559 lPetr.
490 5517 548 5568 ν,
578 5503 640 5560 6.

189 5620 271 5697 (1)
304 5619 519 5677 Euseb.
544 5617 654 5677 lib.
679 5630 730 5688 ν,
767 5631 899 5693 cap.
935 5621 988 5672 2.

1827 4524 1963 4587 bus,
2015 4524 2120 4580 sed
2171 4524 2482 4597 gaudium,
2509 4541 2738 4596 pacem.
2794 4527 3182 4584 concordiam
3213 4534 3268 4585 et
3297 4530 3490 4585 chari-

1829 4615 2010 4668 tatem
2068 4613 2488 4685 relinquentes.
2529 4634 2558 4666 ν
2591 4617 2721 4672 Haec
2784 4616 3007 4684 addidi,
3061 4622 3188 4673 tum
3244 4627 3490 4691 propter

1831 4702 2416 4774 sincerampiamque
2439 4710 2784 4760 sanctorum
2803 4705 3039 4761 illorum
3055 4709 3323 4762 virorum
3344 4723 3490 4778 erga

1830 4791 2032 4864 lapsos
2065 4789 2459 4862 affectionem,
2500 4800 2625 4850 tum
2669 4800 2912 4867 propter
2937 4795 3339 4852 inhumanum
3371 4798 3489 4853 im-

1829 4881 2401 4955 misericordemque
2458 4899 2665 4940 eorum
2694 4884 2986 4950 animum,
3019 4885 3122 4956 qui
3144 4893 3352 4957 postea
3387 4903 3489 4942 su-

1830 4970 2011 5046 perbe
2037 4977 2093 5027 et
2143 4972 2459 5028 crudeliter
2492 4973 2778 5029 membris
2837 4973 3045 5029 Christi
3101 4974 3488 5044 insultarunt,

1829 5061 2181 5135 nullamque
2202 5079 2409 5119 eorum
2433 5079 2537 5136 per
2552 5065 2990 5136 compassionis
3008 5065 3284 5121 virtutem
3297 5065 3489 5122 habu-

1830 5158 2003 5208 erunt
2022 5153 2335 5208 rationem.
2371 5152 2480 5218 Qui
2529 5168 2671 5209 sane
2710 5151 2942 5209 etiamsi
2976 5159 3100 5210 tum
3149 5154 3488 5228 quidquam

1831 5244 1937 5298 aut
1967 5239 2230 5297 ofﬁciose
2277 5241 2560 5310 fecerunt,
2619 5246 2724 5298 aut
2769 5247 2924 5298 recte
2969 5248 3320 5308 statuerunt,
3361 5260 3485 5300 non

1830 5330 2115 5389 continuo
2165 5335 2366 5388 tamen
2425 5330 2538 5386 sibi
2588 5329 2880 5404 placeant,
2906 5331 2998 5389 vel
3032 5333 3349 5406 supercilia
3377 5334 3485 5391 eri-
