  <div class='ocr_page' id='page_1' title='image "/cluster/home/n/w/nwhite01/storage/ocr_20150623/145/hvd.32044054086921/519.png"; bbox 0 0 4000 6220; ppageno 0'>
   <div class='ocr_carea' id='block_1_1' title="bbox 502 253 642 312">
    <p class='ocr_par' dir='ltr' id='par_1_1' title="bbox 502 253 642 312">
     <span class='ocr_line' id='line_1_1' title="bbox 502 253 642 312; baseline -0.007 -1"><span class='ocrx_word' id='word_1_1' title='bbox 502 253 642 312; x_wconf 72' lang='lat' dir='ltr'>i027</span> 
     </span>
    </p>
   </div>
   <div class='ocr_carea' id='block_1_2' title="bbox 1797 245 2546 310">
    <p class='ocr_par' dir='ltr' id='par_1_2' title="bbox 1797 245 2546 310">
     <span class='ocr_line' id='line_1_2' title="bbox 1797 245 2546 310; baseline -0.005 -1"><span class='ocrx_word' id='word_1_2' title='bbox 1797 245 2188 310; x_wconf 81' lang='lat' dir='ltr'>NICEPHORI</span> <span class='ocrx_word' id='word_1_3' title='bbox 2227 248 2546 307; x_wconf 83' lang='lat' dir='ltr'>CALLISTI</span> 
     </span>
    </p>
   </div>
   <div class='ocr_carea' id='block_1_3' title="bbox 3669 247 3782 310">
    <p class='ocr_par' dir='ltr' id='par_1_3' title="bbox 3669 247 3782 310">
     <span class='ocr_line' id='line_1_3' title="bbox 3669 247 3782 310; baseline 0 -1"><span class='ocrx_word' id='word_1_4' title='bbox 3669 247 3782 310; x_wconf 67' lang='grc'>1028</span> 
     </span>
    </p>
   </div>
   <div class='ocr_carea' id='block_1_4' title="bbox 499 373 2143 470">
    <p class='ocr_par' dir='ltr' id='par_1_4' title="bbox 499 392 2143 470">
     <span class='ocr_line' id='line_1_4' title="bbox 499 392 2143 470; baseline -0.004 -15"><span class='ocrx_word' id='word_1_5' title='bbox 499 401 664 470; x_wconf 82' lang='lat' dir='ltr'>gant.</span> <span class='ocrx_word' id='word_1_6' title='bbox 729 397 1025 454; x_wconf 62' lang='lat' dir='ltr'>Caeterum</span> <span class='ocrx_word' id='word_1_7' title='bbox 1087 411 1226 451; x_wconf 91' lang='lat' dir='ltr'>cum</span> <span class='ocrx_word' id='word_1_8' title='bbox 1279 395 1408 467; x_wconf 85' lang='lat' dir='ltr'>jam</span> <span class='ocrx_word' id='word_1_9' title='bbox 1467 400 1594 452; x_wconf 90' lang='lat' dir='ltr'>tum</span> <span class='ocrx_word' id='word_1_10' title='bbox 1661 398 1926 470; x_wconf 90' lang='lat' dir='ltr'>primum</span> <span class='ocrx_word' id='word_1_11' title='bbox 1989 392 2143 467; x_wconf 87' lang='lat' dir='ltr'>apud</span> 
     </span>
    </p>
   </div>
   <div class='ocr_carea' id='block_1_5' title="bbox 2254 373 3792 470">
    <p class='ocr_par' dir='ltr' id='par_1_5' title="bbox 2267 373 3792 454">
     <span class='ocr_line' id='line_1_5' title="bbox 2267 373 3792 454; baseline 0.003 -26"><span class='ocrx_word' id='word_1_12' title='bbox 2267 383 2522 448; x_wconf 84' lang='grc' dir='ltr'><strong>παρεῖχον</strong></span> <span class='ocrx_word' id='word_1_13' title='bbox 2579 377 2642 438; x_wconf 89' lang='grc' dir='ltr'><strong>ὡς</strong></span> <span class='ocrx_word' id='word_1_14' title='bbox 2697 377 3107 452; x_wconf 62' lang='grc' dir='ltr'><strong>προφητεύουσι)</strong></span> <span class='ocrx_word' id='word_1_15' title='bbox 3141 397 3154 411; x_wconf 91' lang='grc'><strong>·</strong></span> <span class='ocrx_word' id='word_1_16' title='bbox 3189 373 3474 450; x_wconf 75' lang='grc' dir='ltr'>διαφωνίας</span> <span class='ocrx_word' id='word_1_17' title='bbox 3517 379 3663 430; x_wconf 84' lang='grc' dir='ltr'><strong>τοίνυν</strong></span> <span class='ocrx_word' id='word_1_18' title='bbox 3697 385 3792 454; x_wconf 80' lang='grc' dir='ltr'><strong>περὶ</strong></span> 
     </span>
    </p>
   </div>
   <div class='ocr_carea' id='block_1_6' title="bbox 499 483 2153 558">
    <p class='ocr_par' dir='ltr' id='par_1_6' title="bbox 499 483 2153 558">
     <span class='ocr_line' id='line_1_6' title="bbox 499 483 2153 558; baseline -0.004 -14"><span class='ocrx_word' id='word_1_19' title='bbox 499 487 758 558; x_wconf 82' lang='lat' dir='ltr'>Phryges</span> <span class='ocrx_word' id='word_1_20' title='bbox 819 485 1156 548; x_wconf 81' lang='lat' dir='ltr'>Montanus,</span> <span class='ocrx_word' id='word_1_21' title='bbox 1197 489 1254 540; x_wconf 90' lang='lat' dir='ltr'>et</span> <span class='ocrx_word' id='word_1_22' title='bbox 1311 485 1655 552; x_wconf 79' lang='lat' dir='ltr'>Alcibiades,</span> <span class='ocrx_word' id='word_1_23' title='bbox 1689 491 1745 542; x_wconf 91' lang='lat' dir='ltr'>et</span> <span class='ocrx_word' id='word_1_24' title='bbox 1794 483 2153 548; x_wconf 79' lang='lat' dir='ltr'>Theodotus,</span> 
     </span>
    </p>
   </div>
   <div class='ocr_carea' id='block_1_7' title="bbox 499 574 2158 649">
    <p class='ocr_par' dir='ltr' id='par_1_7' title="bbox 499 574 2158 649">
     <span class='ocr_line' id='line_1_7' title="bbox 499 574 2158 649; baseline -0.003 -16"><span class='ocrx_word' id='word_1_25' title='bbox 499 575 930 649; x_wconf 88' lang='lat' dir='ltr'>prophetarum</span> <span class='ocrx_word' id='word_1_26' title='bbox 957 574 1304 646; x_wconf 86' lang='lat' dir='ltr'>opinionem</span> <span class='ocrx_word' id='word_1_27' title='bbox 1331 576 1740 646; x_wconf 84' lang='lat' dir='ltr'>passimfama</span> <span class='ocrx_word' id='word_1_28' title='bbox 1753 574 2158 631; x_wconf 79' lang='lat' dir='ltr'>obtinuissent</span> 
     </span>
    </p>
   </div>
   <div class='ocr_carea' id='block_1_8' title="bbox 497 661 2156 737">
    <p class='ocr_par' dir='ltr' id='par_1_8' title="bbox 497 661 2156 737">
     <span class='ocr_line' id='line_1_8' title="bbox 497 661 2156 737; baseline -0.002 -18"><span class='ocrx_word' id='word_1_29' title='bbox 497 665 684 737; x_wconf 90' lang='lat' dir='ltr'>(quod</span> <span class='ocrx_word' id='word_1_30' title='bbox 713 679 868 718; x_wconf 77' lang='lat' dir='ltr'>enim</span> <span class='ocrx_word' id='word_1_31' title='bbox 905 679 974 718; x_wconf 88' lang='lat' dir='ltr'>ea</span> <span class='ocrx_word' id='word_1_32' title='bbox 1001 679 1242 735; x_wconf 88' lang='lat' dir='ltr'>quoque</span> <span class='ocrx_word' id='word_1_33' title='bbox 1283 669 1634 734; x_wconf 74' lang='lat' dir='ltr'>tempestate</span> <span class='ocrx_word' id='word_1_34' title='bbox 1667 665 1832 720; x_wconf 88' lang='lat' dir='ltr'>varia</span> <span class='ocrx_word' id='word_1_35' title='bbox 1862 663 2024 718; x_wconf 89' lang='lat' dir='ltr'>dona</span> <span class='ocrx_word' id='word_1_36' title='bbox 2053 661 2156 716; x_wconf 88' lang='lat' dir='ltr'>Dei</span> 
     </span>
    </p>
   </div>
   <div class='ocr_carea' id='block_1_9' title="bbox 497 751 2156 818">
    <p class='ocr_par' dir='ltr' id='par_1_9' title="bbox 497 751 2156 818">
     <span class='ocr_line' id='line_1_9' title="bbox 497 751 2156 818; baseline -0.004 -9"><span class='ocrx_word' id='word_1_37' title='bbox 497 753 559 809; x_wconf 92' lang='lat' dir='ltr'>in</span> <span class='ocrx_word' id='word_1_38' title='bbox 612 751 814 808; x_wconf 89' lang='lat' dir='ltr'>multis</span> <span class='ocrx_word' id='word_1_39' title='bbox 865 751 1144 806; x_wconf 88' lang='lat' dir='ltr'>ﬂorerent</span> <span class='ocrx_word' id='word_1_40' title='bbox 1195 751 1480 818; x_wconf 90' lang='lat' dir='ltr'>ecclesiis,</span> <span class='ocrx_word' id='word_1_41' title='bbox 1509 753 1711 808; x_wconf 89' lang='lat' dir='ltr'>multis</span> <span class='ocrx_word' id='word_1_42' title='bbox 1759 752 1840 808; x_wconf 89' lang='lat' dir='ltr'>illi</span> <span class='ocrx_word' id='word_1_43' title='bbox 1873 751 1984 806; x_wconf 83' lang='lat' dir='ltr'>visi</span> <span class='ocrx_word' id='word_1_44' title='bbox 2015 753 2156 804; x_wconf 89' lang='lat' dir='ltr'>sunt</span> 
     </span>
    </p>
   </div>
   <div class='ocr_carea' id='block_1_10' title="bbox 497 839 2154 913">
    <p class='ocr_par' dir='ltr' id='par_1_10' title="bbox 497 839 2154 913">
     <span class='ocr_line' id='line_1_10' title="bbox 497 839 2154 913; baseline -0.001 -17"><span class='ocrx_word' id='word_1_45' title='bbox 497 841 930 896; x_wconf 80' lang='lat' dir='ltr'>charismatum</span> <span class='ocrx_word' id='word_1_46' title='bbox 975 855 1183 895; x_wconf 91' lang='lat' dir='ltr'>eorum</span> <span class='ocrx_word' id='word_1_47' title='bbox 1229 841 1548 912; x_wconf 83' lang='lat' dir='ltr'>participes</span> <span class='ocrx_word' id='word_1_48' title='bbox 1594 857 1744 910; x_wconf 90' lang='lat' dir='ltr'>esse,</span> <span class='ocrx_word' id='word_1_49' title='bbox 1785 839 2154 913; x_wconf 90' lang='lat' dir='ltr'>proindeque</span> 
     </span>
    </p>
   </div>
   <div class='ocr_carea' id='block_1_11' title="bbox 496 927 2156 1002">
    <p class='ocr_par' dir='ltr' id='par_1_11' title="bbox 496 927 2156 1002">
     <span class='ocr_line' id='line_1_11' title="bbox 496 927 2156 1002; baseline -0.001 -18"><span class='ocrx_word' id='word_1_50' title='bbox 496 929 824 1002; x_wconf 67' lang='lat' dir='ltr'>prophetiae</span> <span class='ocrx_word' id='word_1_51' title='bbox 882 928 1064 984; x_wconf 89' lang='lat' dir='ltr'>tidem</span> <span class='ocrx_word' id='word_1_52' title='bbox 1105 929 1418 1000; x_wconf 88' lang='lat' dir='ltr'>meruere),</span> <span class='ocrx_word' id='word_1_53' title='bbox 1443 935 1498 985; x_wconf 94' lang='lat' dir='ltr'>et</span> <span class='ocrx_word' id='word_1_54' title='bbox 1531 929 1836 985; x_wconf 64' lang='lat' dir='ltr'>sententia</span> <span class='ocrx_word' id='word_1_55' title='bbox 1865 927 2156 1000; x_wconf 93' lang='lat' dir='ltr'>plurimo-</span> 
     </span>
    </p>
   </div>
   <div class='ocr_carea' id='block_1_12' title="bbox 497 1015 2150 1090">
    <p class='ocr_par' dir='ltr' id='par_1_12' title="bbox 497 1015 2150 1090">
     <span class='ocr_line' id='line_1_12' title="bbox 497 1015 2150 1090; baseline -0.002 -16"><span class='ocrx_word' id='word_1_56' title='bbox 497 1034 632 1075; x_wconf 89' lang='lat' dir='ltr'>rum</span> <span class='ocrx_word' id='word_1_57' title='bbox 668 1017 742 1074; x_wconf 90' lang='lat' dir='ltr'>de</span> <span class='ocrx_word' id='word_1_58' title='bbox 791 1017 875 1073; x_wconf 89' lang='lat' dir='ltr'>eis</span> <span class='ocrx_word' id='word_1_59' title='bbox 915 1015 1233 1084; x_wconf 84' lang='lat' dir='ltr'>variarent,</span> <span class='ocrx_word' id='word_1_60' title='bbox 1267 1018 1370 1090; x_wconf 89' lang='lat' dir='ltr'>qui</span> <span class='ocrx_word' id='word_1_61' title='bbox 1410 1019 1470 1073; x_wconf 90' lang='lat' dir='ltr'>in</span> <span class='ocrx_word' id='word_1_62' title='bbox 1517 1017 1700 1076; x_wconf 86' lang='lat' dir='ltr'>Gallia</span> <span class='ocrx_word' id='word_1_63' title='bbox 1732 1017 1896 1074; x_wconf 88' lang='lat' dir='ltr'>fuere</span> <span class='ocrx_word' id='word_1_64' title='bbox 1923 1017 2150 1082; x_wconf 84' lang='lat' dir='ltr'><strong>fratres,</strong></span> 
     </span>
    </p>
   </div>
   <div class='ocr_carea' id='block_1_13' title="bbox 497 1105 2152 1180">
    <p class='ocr_par' dir='ltr' id='par_1_13' title="bbox 497 1105 2152 1180">
     <span class='ocr_line' id='line_1_13' title="bbox 497 1105 2152 1180; baseline -0.001 -18"><span class='ocrx_word' id='word_1_65' title='bbox 497 1109 664 1180; x_wconf 91' lang='lat' dir='ltr'>pium</span> <span class='ocrx_word' id='word_1_66' title='bbox 723 1113 1071 1178; x_wconf 89' lang='lat' dir='ltr'>rectumque</span> <span class='ocrx_word' id='word_1_67' title='bbox 1122 1108 1196 1162; x_wconf 91' lang='lat' dir='ltr'>de</span> <span class='ocrx_word' id='word_1_68' title='bbox 1235 1107 1318 1161; x_wconf 90' lang='lat' dir='ltr'>eis</span> <span class='ocrx_word' id='word_1_69' title='bbox 1353 1107 1648 1178; x_wconf 86' lang='lat' dir='ltr'>judicium</span> <span class='ocrx_word' id='word_1_70' title='bbox 1705 1123 1885 1163; x_wconf 91' lang='lat' dir='ltr'>suum</span> <span class='ocrx_word' id='word_1_71' title='bbox 1923 1107 1983 1162; x_wconf 92' lang='lat' dir='ltr'>in</span> <span class='ocrx_word' id='word_1_72' title='bbox 2015 1105 2152 1161; x_wconf 90' lang='lat' dir='ltr'>scri-</span> 
     </span>
    </p>
   </div>
   <div class='ocr_carea' id='block_1_14' title="bbox 2265 464 3886 544">
    <p class='ocr_par' dir='ltr' id='par_1_14' title="bbox 2265 464 3886 544">
     <span class='ocr_line' id='line_1_14' title="bbox 2265 464 3886 544; baseline 0.001 -26"><span class='ocrx_word' id='word_1_73' title='bbox 2265 470 2458 519; x_wconf 86' lang='grc' dir='ltr'><strong>τούτων</strong></span> <span class='ocrx_word' id='word_1_74' title='bbox 2487 469 2790 542; x_wconf 71' lang='grc' dir='ltr'><strong>οὔμετρίας</strong></span> <span class='ocrx_word' id='word_1_75' title='bbox 2843 471 3029 536; x_wconf 64' lang='grc' dir='ltr'><strong>οὔσης,</strong></span> <span class='ocrx_word' id='word_1_76' title='bbox 3061 469 3108 521; x_wconf 87' lang='grc' dir='ltr'>οἱ</span> <span class='ocrx_word' id='word_1_77' title='bbox 3147 469 3284 520; x_wconf 81' lang='grc' dir='ltr'><strong>κατὰ</strong></span> <span class='ocrx_word' id='word_1_78' title='bbox 3325 470 3418 526; x_wconf 72' lang='grc' dir='ltr'><strong>τὴν</strong></span> <span class='ocrx_word' id='word_1_79' title='bbox 3447 465 3638 518; x_wconf 86' lang='grc' dir='ltr'><strong>Γαλλίαν</strong></span> <span class='ocrx_word' id='word_1_80' title='bbox 3676 464 3794 520; x_wconf 63' lang='grc' dir='ltr'><strong>ἀδελ.</strong></span> <span class='ocrx_word' id='word_1_81' title='bbox 3881 464 3886 544; x_wconf 61' lang='grc' dir='ltr'><strong>ξ</strong></span> 
     </span>
    </p>
   </div>
   <div class='ocr_carea' id='block_1_15' title="bbox 2267 554 3886 632">
    <p class='ocr_par' dir='ltr' id='par_1_15' title="bbox 2267 554 3886 632">
     <span class='ocr_line' id='line_1_15' title="bbox 2267 554 3886 632; baseline 0 -23"><span class='ocrx_word' id='word_1_82' title='bbox 2267 562 2351 629; x_wconf 73' lang='grc' dir='ltr'><strong>φοί</strong></span> <span class='ocrx_word' id='word_1_83' title='bbox 2381 561 2474 616; x_wconf 76' lang='grc' dir='ltr'>τήν</span> <span class='ocrx_word' id='word_1_84' title='bbox 2501 557 2694 610; x_wconf 84' lang='grc' dir='ltr'><strong>εαυτῶν</strong></span> <span class='ocrx_word' id='word_1_85' title='bbox 2733 557 2924 631; x_wconf 73' lang='grc' dir='ltr'><strong>εὐλαϐῇ</strong></span> <span class='ocrx_word' id='word_1_86' title='bbox 2973 562 3062 614; x_wconf 71' lang='grc' dir='ltr'><strong>καὶ</strong></span> <span class='ocrx_word' id='word_1_87' title='bbox 3106 554 3388 632; x_wconf 85' lang='grc' dir='ltr'><strong>όρθόδοξον</strong></span> <span class='ocrx_word' id='word_1_88' title='bbox 3433 560 3592 628; x_wconf 79' lang='grc' dir='ltr'>κρίσιν</span> <span class='ocrx_word' id='word_1_89' title='bbox 3615 557 3796 609; x_wconf 79' lang='grc' dir='ltr'><strong>ύποτοὶτ-</strong></span> <span class='ocrx_word' id='word_1_90' title='bbox 3881 577 3886 596; x_wconf 87' lang='grc' dir='ltr'>ι</span> 
     </span>
    </p>
   </div>
   <div class='ocr_carea' id='block_1_16' title="bbox 2265 643 3798 723">
    <p class='ocr_par' dir='ltr' id='par_1_16' title="bbox 2265 643 3798 723">
     <span class='ocr_line' id='line_1_16' title="bbox 2265 643 3798 723; baseline -0.001 -23"><span class='ocrx_word' id='word_1_91' title='bbox 2265 665 2415 700; x_wconf 86' lang='grc' dir='ltr'>τουσι</span> <span class='ocrx_word' id='word_1_92' title='bbox 2472 654 2533 718; x_wconf 77' lang='grc' dir='ltr'>τῇ</span> <span class='ocrx_word' id='word_1_93' title='bbox 2596 647 2835 723; x_wconf 77' lang='grc' dir='ltr'>εἰρημένῃ</span> <span class='ocrx_word' id='word_1_94' title='bbox 2889 655 3092 721; x_wconf 56' lang='grc' dir='ltr'><strong>γραφῇ,</strong></span> <span class='ocrx_word' id='word_1_95' title='bbox 3135 651 3228 702; x_wconf 81' lang='grc' dir='ltr'>καί</span> <span class='ocrx_word' id='word_1_96' title='bbox 3269 665 3418 708; x_wconf 86' lang='grc' dir='ltr'><strong>τινας</strong></span> <span class='ocrx_word' id='word_1_97' title='bbox 3457 643 3685 717; x_wconf 76' lang='grc' dir='ltr'><strong>ἐκθέμενοι</strong></span> <span class='ocrx_word' id='word_1_98' title='bbox 3722 653 3798 698; x_wconf 78' lang='grc' dir='ltr'><strong>τῶν</strong></span> 
     </span>
    </p>
   </div>
   <div class='ocr_carea' id='block_1_17' title="bbox 2268 733 3798 811">
    <p class='ocr_par' dir='ltr' id='par_1_17' title="bbox 2268 733 3798 811">
     <span class='ocr_line' id='line_1_17' title="bbox 2268 733 3798 811; baseline -0.001 -22"><span class='ocrx_word' id='word_1_99' title='bbox 2268 733 2642 809; x_wconf 76' lang='grc' dir='ltr'>διειλημμένων</span> <span class='ocrx_word' id='word_1_100' title='bbox 2721 739 3000 811; x_wconf 82' lang='grc' dir='ltr'><strong>μαρτύρων</strong></span> <span class='ocrx_word' id='word_1_101' title='bbox 3063 734 3358 800; x_wconf 76' lang='grc' dir='ltr'><strong>ἐπιστολὰς,</strong></span> <span class='ocrx_word' id='word_1_102' title='bbox 3439 733 3500 796; x_wconf 80' lang='grc' dir='ltr'><strong>ἃς</strong></span> <span class='ocrx_word' id='word_1_103' title='bbox 3569 736 3798 808; x_wconf 72' lang='grc' dir='ltr'><strong>ἔμφρουροι</strong></span> 
     </span>
    </p>
   </div>
   <div class='ocr_carea' id='block_1_18' title="bbox 2265 819 3800 900">
    <p class='ocr_par' dir='ltr' id='par_1_18' title="bbox 2265 819 3800 900">
     <span class='ocr_line' id='line_1_18' title="bbox 2265 819 3800 900; baseline -0.003 -21"><span class='ocrx_word' id='word_1_104' title='bbox 2265 831 2400 887; x_wconf 84' lang='grc' dir='ltr'><strong>ὅντες</strong></span> <span class='ocrx_word' id='word_1_105' title='bbox 2443 833 2554 888; x_wconf 90' lang='grc' dir='ltr'><strong>τοῖς</strong></span> <span class='ocrx_word' id='word_1_106' title='bbox 2609 825 2687 878; x_wconf 84' lang='grc' dir='ltr'><strong>ἐπ’</strong></span> <span class='ocrx_word' id='word_1_107' title='bbox 2718 825 2901 888; x_wconf 85' lang='grc' dir='ltr'><strong>Ἀσίας</strong></span> <span class='ocrx_word' id='word_1_108' title='bbox 2947 831 3037 879; x_wconf 83' lang='grc' dir='ltr'><strong>καὶ</strong></span> <span class='ocrx_word' id='word_1_109' title='bbox 3069 829 3302 900; x_wconf 70' lang='grc' dir='ltr'><strong>Φρυγίας</strong></span> <span class='ocrx_word' id='word_1_110' title='bbox 3356 821 3587 896; x_wconf 73' lang='grc' dir='ltr'>ἀδελφοῖς</span> <span class='ocrx_word' id='word_1_111' title='bbox 3633 819 3800 896; x_wconf 69' lang='grc' dir='ltr'><strong>διεπέρ-</strong></span> 
     </span>
    </p>
   </div>
   <div class='ocr_carea' id='block_1_19' title="bbox 2263 913 3802 989">
    <p class='ocr_par' dir='ltr' id='par_1_19' title="bbox 2263 913 3802 989">
     <span class='ocr_line' id='line_1_19' title="bbox 2263 913 3802 989; baseline -0.001 -21"><span class='ocrx_word' id='word_1_112' title='bbox 2263 915 2430 988; x_wconf 72' lang='grc' dir='ltr'><strong>ψαντο</strong></span> <span class='ocrx_word' id='word_1_113' title='bbox 2473 919 2592 989; x_wconf 89' lang='grc' dir='ltr'><strong>περί</strong></span> <span class='ocrx_word' id='word_1_114' title='bbox 2633 933 2784 968; x_wconf 88' lang='grc' dir='ltr'><strong>τινων</strong></span> <span class='ocrx_word' id='word_1_115' title='bbox 2835 913 3290 974; x_wconf 82' lang='grc' dir='ltr'><strong>ἐκκλησιαστικῶν</strong></span> <span class='ocrx_word' id='word_1_116' title='bbox 3340 914 3688 978; x_wconf 48' lang='lat' dir='ltr'>tugurium».</span> <span class='ocrx_word' id='word_1_117' title='bbox 3729 919 3802 967; x_wconf 75' lang='lat' dir='ltr'>hi</span> 
     </span>
    </p>
   </div>
   <div class='ocr_carea' id='block_1_20' title="bbox 2265 1002 3805 1078">
    <p class='ocr_par' dir='ltr' id='par_1_20' title="bbox 2265 1002 3805 1078">
     <span class='ocr_line' id='line_1_20' title="bbox 2265 1002 3805 1078; baseline -0.003 -20"><span class='ocrx_word' id='word_1_118' title='bbox 2265 1009 2330 1058; x_wconf 79' lang='grc' dir='ltr'>τὰ</span> <span class='ocrx_word' id='word_1_119' title='bbox 2377 1009 2466 1078; x_wconf 73' lang='grc' dir='ltr'>μὲν</span> <span class='ocrx_word' id='word_1_120' title='bbox 2515 1011 2606 1065; x_wconf 82' lang='grc' dir='ltr'><strong>τῆς</strong></span> <span class='ocrx_word' id='word_1_121' title='bbox 2657 1003 2712 1066; x_wconf 73' lang='grc' dir='ltr'>ἐξ</span> <span class='ocrx_word' id='word_1_122' title='bbox 2767 1003 2988 1067; x_wconf 79' lang='grc' dir='ltr'><strong>Ἰταλίας</strong></span> <span class='ocrx_word' id='word_1_123' title='bbox 3031 1011 3234 1078; x_wconf 70' lang='grc' dir='ltr'><strong>γραφῆς</strong></span> <span class='ocrx_word' id='word_1_124' title='bbox 3283 1010 3398 1066; x_wconf 84' lang='grc' dir='ltr'><strong>τοῖς</strong></span> <span class='ocrx_word' id='word_1_125' title='bbox 3455 1002 3504 1056; x_wconf 84' lang='grc' dir='ltr'>ἐν</span> <span class='ocrx_word' id='word_1_126' title='bbox 3551 1003 3700 1074; x_wconf 78' lang='grc' dir='ltr'><strong>Ἀσίᾳ</strong></span> <span class='ocrx_word' id='word_1_127' title='bbox 3742 1008 3805 1054; x_wconf 73' lang='grc' dir='ltr'>καὶ</span> 
     </span>
    </p>
   </div>
   <div class='ocr_carea' id='block_1_21' title="bbox 2263 1089 2960 1168">
    <p class='ocr_par' dir='ltr' id='par_1_21' title="bbox 2263 1089 2960 1168">
     <span class='ocr_line' id='line_1_21' title="bbox 2263 1089 2960 1168; baseline -0.006 -18"><span class='ocrx_word' id='word_1_128' title='bbox 2263 1099 2468 1168; x_wconf 76' lang='grc' dir='ltr'><strong>Φρυγίᾳ</strong></span> <span class='ocrx_word' id='word_1_129' title='bbox 2497 1092 2544 1146; x_wconf 81' lang='grc' dir='ltr'>ἐν</span> <span class='ocrx_word' id='word_1_130' title='bbox 2563 1096 2770 1156; x_wconf 84' lang='grc' dir='ltr'><strong>τούτοις</strong></span> <span class='ocrx_word' id='word_1_131' title='bbox 2799 1089 2960 1152; x_wconf 74' lang='grc' dir='ltr'><strong>ἦσαν,</strong></span> 
     </span>
    </p>
   </div>
   <div class='ocr_carea' id='block_1_22' title="bbox 494 1189 3808 1278">
    <p class='ocr_par' dir='ltr' id='par_1_22' title="bbox 494 1189 3808 1278">
     <span class='ocr_line' id='line_1_22' title="bbox 494 1189 3808 1278; baseline -0.005 -18"><span class='ocrx_word' id='word_1_132' title='bbox 494 1211 688 1278; x_wconf 86' lang='lat' dir='ltr'>ptum,</span> <span class='ocrx_word' id='word_1_133' title='bbox 715 1205 874 1278; x_wconf 89' lang='lat' dir='ltr'>quod</span> <span class='ocrx_word' id='word_1_134' title='bbox 910 1221 1067 1276; x_wconf 72' lang='lat' dir='ltr'>saepe</span> <span class='ocrx_word' id='word_1_135' title='bbox 1098 1205 1377 1271; x_wconf 86' lang='lat' dir='ltr'>diximus,</span> <span class='ocrx_word' id='word_1_136' title='bbox 1411 1205 1760 1272; x_wconf 91' lang='lat' dir='ltr'>retulerunt,</span> <span class='ocrx_word' id='word_1_137' title='bbox 1803 1205 2123 1276; x_wconf 86' lang='lat' dir='ltr'>eidemque</span> <span class='ocrx_word' id='word_1_138' title='bbox 2152 1195 2455 1273; x_wconf 88' lang='lat' dir='ltr'>quasdam</span> <span class='ocrx_word' id='word_1_139' title='bbox 2495 1207 2702 1250; x_wconf 86' lang='lat' dir='ltr'>eorum</span> <span class='ocrx_word' id='word_1_140' title='bbox 2729 1193 2832 1264; x_wconf 90' lang='lat' dir='ltr'>qui</span> <span class='ocrx_word' id='word_1_141' title='bbox 2862 1189 3323 1248; x_wconf 81' lang='lat' dir='ltr'>commemorati</span> <span class='ocrx_word' id='word_1_142' title='bbox 3363 1193 3506 1246; x_wconf 81' lang='lat' dir='ltr'>sunt</span> <span class='ocrx_word' id='word_1_143' title='bbox 3531 1192 3808 1278; x_wconf 72' lang='lat' dir='ltr'>martyrum</span> 
     </span>
    </p>
   </div>
   <div class='ocr_carea' id='block_1_23' title="bbox 495 1277 3810 1366">
    <p class='ocr_par' dir='ltr' id='par_1_23' title="bbox 495 1277 3810 1366">
     <span class='ocr_line' id='line_1_23' title="bbox 495 1277 3810 1366; baseline -0.003 -17"><span class='ocrx_word' id='word_1_144' title='bbox 495 1277 776 1366; x_wconf 87' lang='lat' dir='ltr'>epistolas</span> <span class='ocrx_word' id='word_1_145' title='bbox 805 1295 1199 1358; x_wconf 86' lang='lat' dir='ltr'><strong>inseruerunt,</strong></span> <span class='ocrx_word' id='word_1_146' title='bbox 1233 1309 1385 1366; x_wconf 87' lang='lat' dir='ltr'>quas</span> <span class='ocrx_word' id='word_1_147' title='bbox 1439 1294 1520 1349; x_wconf 91' lang='lat' dir='ltr'>illi</span> <span class='ocrx_word' id='word_1_148' title='bbox 1578 1310 1652 1350; x_wconf 82' lang='lat' dir='ltr'>ex</span> <span class='ocrx_word' id='word_1_149' title='bbox 1708 1295 1962 1350; x_wconf 88' lang='lat' dir='ltr'>vinculis</span> <span class='ocrx_word' id='word_1_150' title='bbox 2003 1299 2062 1349; x_wconf 89' lang='lat' dir='ltr'>et</span> <span class='ocrx_word' id='word_1_151' title='bbox 2115 1301 2352 1347; x_wconf 88' lang='lat' dir='ltr'>carcere</span> <span class='ocrx_word' id='word_1_152' title='bbox 2411 1281 2488 1338; x_wconf 89' lang='lat' dir='ltr'>ad</span> <span class='ocrx_word' id='word_1_153' title='bbox 2537 1281 2746 1338; x_wconf 77' lang='lat' dir='ltr'>fratres</span> <span class='ocrx_word' id='word_1_154' title='bbox 2801 1281 2862 1337; x_wconf 89' lang='lat' dir='ltr'>in</span> <span class='ocrx_word' id='word_1_155' title='bbox 2892 1281 3032 1337; x_wconf 82' lang='lat' dir='ltr'>Asia</span> <span class='ocrx_word' id='word_1_156' title='bbox 3061 1285 3120 1336; x_wconf 89' lang='lat' dir='ltr'>et</span> <span class='ocrx_word' id='word_1_157' title='bbox 3140 1279 3402 1353; x_wconf 81' lang='lat' dir='ltr'>Phrygia</span> <span class='ocrx_word' id='word_1_158' title='bbox 3439 1279 3516 1335; x_wconf 90' lang='lat' dir='ltr'>de</span> <span class='ocrx_word' id='word_1_159' title='bbox 3553 1277 3810 1340; x_wconf 77' lang='lat' dir='ltr'>nonnullis</span> 
     </span>
    </p>
   </div>
   <div class='ocr_carea' id='block_1_24' title="bbox 494 1374 2671 1456">
    <p class='ocr_par' dir='ltr' id='par_1_24' title="bbox 494 1374 2671 1456">
     <span class='ocr_line' id='line_1_24' title="bbox 494 1374 2671 1456; baseline -0.007 -16"><span class='ocrx_word' id='word_1_160' title='bbox 494 1381 908 1440; x_wconf 87' lang='lat' dir='ltr'>ecclesiasticis</span> <span class='ocrx_word' id='word_1_161' title='bbox 932 1381 1356 1454; x_wconf 76' lang='lat' dir='ltr'>quaestionibus</span> <span class='ocrx_word' id='word_1_162' title='bbox 1381 1383 1690 1440; x_wconf 91' lang='lat' dir='ltr'>dederunt.</span> <span class='ocrx_word' id='word_1_163' title='bbox 1721 1389 1908 1456; x_wconf 86' lang='lat' dir='ltr'>Atque</span> <span class='ocrx_word' id='word_1_164' title='bbox 1931 1383 2059 1439; x_wconf 60' lang='lat' dir='ltr'>haec</span> <span class='ocrx_word' id='word_1_165' title='bbox 2088 1377 2335 1453; x_wconf 87' lang='lat' dir='ltr'>quidem</span> <span class='ocrx_word' id='word_1_166' title='bbox 2361 1374 2671 1430; x_wconf 89' lang='lat' dir='ltr'>hactenus.</span> 
     </span>
    </p>
   </div>
   <div class='ocr_carea' id='block_1_25' title="bbox 1015 1480 1629 1552">
    <p class='ocr_par' dir='ltr' id='par_1_25' title="bbox 1015 1480 1629 1552">
     <span class='ocr_line' id='line_1_25' title="bbox 1015 1480 1629 1552; baseline 0.003 -16"><span class='ocrx_word' id='word_1_167' title='bbox 1015 1480 1194 1552; x_wconf 68' lang='lat'>314</span> <span class='ocrx_word' id='word_1_168' title='bbox 1235 1481 1460 1537; x_wconf 83' lang='lat' dir='ltr'>CAPUT</span> <span class='ocrx_word' id='word_1_169' title='bbox 1499 1483 1629 1538; x_wconf 85' lang='lat' dir='ltr'>XIX.</span> 
     </span>
    </p>
   </div>
   <div class='ocr_carea' id='block_1_26' title="bbox 2866 1466 3262 1524">
    <p class='ocr_par' dir='ltr' id='par_1_26' title="bbox 2866 1466 3262 1524">
     <span class='ocr_line' id='line_1_26' title="bbox 2866 1466 3262 1524; baseline 0.005 -2"><span class='ocrx_word' id='word_1_170' title='bbox 2866 1473 3108 1522; x_wconf 77' lang='grc' dir='ltr'><strong>ΚΕΦΑΛ.</strong></span> <span class='ocrx_word' id='word_1_171' title='bbox 3151 1466 3262 1524; x_wconf 71' lang='lat'>16&#39;.</span> 
     </span>
    </p>
   </div>
   <div class='ocr_carea' id='block_1_27' title="bbox 500 1557 2143 1660">
    <p class='ocr_par' dir='ltr' id='par_1_27' title="bbox 500 1587 2143 1660">
     <span class='ocr_line' id='line_1_27' title="bbox 500 1587 2143 1660; baseline -0.001 -16"><span class='ocrx_word' id='word_1_172' title='bbox 500 1588 613 1657; x_wconf 85' lang='lat' dir='ltr'>Qui</span> <span class='ocrx_word' id='word_1_173' title='bbox 642 1593 764 1644; x_wconf 83' lang='lat' dir='ltr'>tum</span> <span class='ocrx_word' id='word_1_174' title='bbox 798 1589 1070 1658; x_wconf 81' lang='lat' dir='ltr'>temporis</span> <span class='ocrx_word' id='word_1_175' title='bbox 1090 1588 1154 1660; x_wconf 71' lang='lat' dir='ltr'>in</span> <span class='ocrx_word' id='word_1_176' title='bbox 1185 1589 1429 1644; x_wconf 75' lang='lat' dir='ltr'>excelsis</span> <span class='ocrx_word' id='word_1_177' title='bbox 1458 1589 1810 1660; x_wconf 75' lang='lat' dir='ltr'>episcopalis</span> <span class='ocrx_word' id='word_1_178' title='bbox 1839 1587 2143 1660; x_wconf 71' lang='lat' dir='ltr'>dignitatis</span> 
     </span>
    </p>
   </div>
   <div class='ocr_carea' id='block_1_28' title="bbox 2254 1557 3818 1660">
    <p class='ocr_par' dir='ltr' id='par_1_28' title="bbox 2259 1575 3818 1660">
     <span class='ocr_line' id='line_1_28' title="bbox 2259 1575 3818 1660; baseline -0.008 -24"><span class='ocrx_word' id='word_1_179' title='bbox 2259 1585 2440 1641; x_wconf 85' lang='grc' dir='ltr'><strong>Τίνες</strong></span> <span class='ocrx_word' id='word_1_180' title='bbox 2475 1585 2606 1640; x_wconf 89' lang='grc' dir='ltr'><strong>τοῖς</strong></span> <span class='ocrx_word' id='word_1_181' title='bbox 2644 1575 2923 1649; x_wconf 69' lang='grc' dir='ltr'><strong>ὑψηλοῖς</strong></span> <span class='ocrx_word' id='word_1_182' title='bbox 2978 1585 3096 1660; x_wconf 44' lang='grc' dir='ltr'><strong>τιῶν</strong></span> <span class='ocrx_word' id='word_1_183' title='bbox 3139 1579 3324 1648; x_wconf 80' lang='grc' dir='ltr'><strong>ἱερῶν</strong></span> <span class='ocrx_word' id='word_1_184' title='bbox 3390 1575 3628 1650; x_wconf 83' lang='grc' dir='ltr'>θρόνων</span> <span class='ocrx_word' id='word_1_185' title='bbox 3679 1592 3818 1630; x_wconf 87' lang='grc' dir='ltr'><strong>τηνι-</strong></span> 
     </span>
    </p>
   </div>
   <div class='ocr_carea' id='block_1_29' title="bbox 1030 1659 1618 1717">
    <p class='ocr_par' dir='ltr' id='par_1_29' title="bbox 1030 1659 1618 1717">
     <span class='ocr_line' id='line_1_29' title="bbox 1030 1659 1618 1717; baseline 0 -2"><span class='ocrx_word' id='word_1_186' title='bbox 1030 1659 1261 1717; x_wconf 85' lang='lat' dir='ltr'>sedibus</span> <span class='ocrx_word' id='word_1_187' title='bbox 1283 1659 1618 1717; x_wconf 74' lang='lat' dir='ltr'>enituerint.</span> 
     </span>
    </p>
   </div>
   <div class='ocr_carea' id='block_1_30' title="bbox 566 1765 2154 1838">
    <p class='ocr_par' dir='ltr' id='par_1_30' title="bbox 566 1765 2154 1838">
     <span class='ocr_line' id='line_1_30' title="bbox 566 1765 2154 1838; baseline 0 -18"><span class='ocrx_word' id='word_1_188' title='bbox 566 1765 904 1822; x_wconf 87' lang='lat' dir='ltr'>Antoninus</span> <span class='ocrx_word' id='word_1_189' title='bbox 932 1767 1008 1838; x_wconf 81' lang='lat' dir='ltr'>(t)</span> <span class='ocrx_word' id='word_1_190' title='bbox 1058 1773 1280 1832; x_wconf 89' lang='lat' dir='ltr'>autem,</span> <span class='ocrx_word' id='word_1_191' title='bbox 1306 1767 1432 1822; x_wconf 86' lang='lat' dir='ltr'>Veri</span> <span class='ocrx_word' id='word_1_192' title='bbox 1475 1765 1674 1833; x_wconf 85' lang='lat' dir='ltr'>frater,</span> <span class='ocrx_word' id='word_1_193' title='bbox 1710 1771 1940 1836; x_wconf 88' lang='lat' dir='ltr'>septem</span> <span class='ocrx_word' id='word_1_194' title='bbox 1979 1765 2154 1822; x_wconf 89' lang='lat' dir='ltr'>annis</span> 
     </span>
    </p>
   </div>
   <div class='ocr_carea' id='block_1_31' title="bbox 495 1853 2154 1926">
    <p class='ocr_par' dir='ltr' id='par_1_31' title="bbox 495 1853 2154 1926">
     <span class='ocr_line' id='line_1_31' title="bbox 495 1853 2154 1926; baseline -0.002 -14"><span class='ocrx_word' id='word_1_195' title='bbox 495 1861 552 1912; x_wconf 90' lang='lat' dir='ltr'>et</span> <span class='ocrx_word' id='word_1_196' title='bbox 575 1859 835 1926; x_wconf 88' lang='lat' dir='ltr'>quatuor</span> <span class='ocrx_word' id='word_1_197' title='bbox 867 1853 1171 1910; x_wconf 87' lang='lat' dir='ltr'>mensibus</span> <span class='ocrx_word' id='word_1_198' title='bbox 1211 1857 1482 1910; x_wconf 83' lang='lat' dir='ltr'>Romano</span> <span class='ocrx_word' id='word_1_199' title='bbox 1519 1855 1936 1910; x_wconf 90' lang='lat' dir='ltr'>administrato</span> <span class='ocrx_word' id='word_1_200' title='bbox 1966 1854 2154 1926; x_wconf 90' lang='lat' dir='ltr'>impe-</span> 
     </span>
    </p>
   </div>
   <div class='ocr_carea' id='block_1_32' title="bbox 489 1942 2150 2015">
    <p class='ocr_par' dir='ltr' id='par_1_32' title="bbox 489 1942 2150 2015">
     <span class='ocr_line' id='line_1_32' title="bbox 489 1942 2150 2015; baseline -0.001 -15"><span class='ocrx_word' id='word_1_201' title='bbox 489 1945 601 2010; x_wconf 89' lang='lat' dir='ltr'>rio,</span> <span class='ocrx_word' id='word_1_202' title='bbox 660 1943 990 2000; x_wconf 90' lang='lat' dir='ltr'>Commodo</span> <span class='ocrx_word' id='word_1_203' title='bbox 1039 1942 1101 1997; x_wconf 89' lang='lat' dir='ltr'>id</span> <span class='ocrx_word' id='word_1_204' title='bbox 1153 1942 1411 2014; x_wconf 85' lang='lat' dir='ltr'>reliquit.</span> <span class='ocrx_word' id='word_1_205' title='bbox 1479 1943 1656 2015; x_wconf 91' lang='lat' dir='ltr'>Cujus</span> <span class='ocrx_word' id='word_1_206' title='bbox 1707 1943 1941 1998; x_wconf 90' lang='lat' dir='ltr'>decimo</span> <span class='ocrx_word' id='word_1_207' title='bbox 1989 1957 2150 1998; x_wconf 90' lang='lat' dir='ltr'>anno</span> 
     </span>
    </p>
   </div>
   <div class='ocr_carea' id='block_1_33' title="bbox 493 2031 2150 2104">
    <p class='ocr_par' dir='ltr' id='par_1_33' title="bbox 493 2031 2150 2104">
     <span class='ocr_line' id='line_1_33' title="bbox 493 2031 2150 2104; baseline 0.001 -18"><span class='ocrx_word' id='word_1_208' title='bbox 493 2032 838 2087; x_wconf 89' lang='lat' dir='ltr'>Eleutherus</span> <span class='ocrx_word' id='word_1_209' title='bbox 886 2031 1106 2086; x_wconf 86' lang='lat' dir='ltr'>Soteris</span> <span class='ocrx_word' id='word_1_210' title='bbox 1153 2047 1460 2087; x_wconf 90' lang='lat' dir='ltr'>successor</span> <span class='ocrx_word' id='word_1_211' title='bbox 1495 2033 1699 2088; x_wconf 70' lang='lat' dir='ltr'>Romae</span> <span class='ocrx_word' id='word_1_212' title='bbox 1731 2031 2150 2104; x_wconf 88' lang='lat' dir='ltr'>episcopatum</span> 
     </span>
    </p>
   </div>
   <div class='ocr_carea' id='block_1_34' title="bbox 494 2120 2150 2194">
    <p class='ocr_par' dir='ltr' id='par_1_34' title="bbox 494 2120 2150 2194">
     <span class='ocr_line' id='line_1_34' title="bbox 494 2120 2150 2194; baseline 0.001 -17"><span class='ocrx_word' id='word_1_213' title='bbox 494 2120 812 2177; x_wconf 86' lang='lat' dir='ltr'>tenuit.Cui</span> <span class='ocrx_word' id='word_1_214' title='bbox 835 2121 1070 2186; x_wconf 90' lang='lat' dir='ltr'>deinde,</span> <span class='ocrx_word' id='word_1_215' title='bbox 1089 2135 1226 2175; x_wconf 91' lang='lat' dir='ltr'>cum</span> <span class='ocrx_word' id='word_1_216' title='bbox 1261 2121 1542 2176; x_wconf 86' lang='lat' dir='ltr'>tredecim</span> <span class='ocrx_word' id='word_1_217' title='bbox 1573 2121 1904 2194; x_wconf 67' lang='lat' dir='ltr'>praefuisset</span> <span class='ocrx_word' id='word_1_218' title='bbox 1933 2136 2150 2178; x_wconf 72' lang='lat' dir='ltr'>annos.</span> 
     </span>
    </p>
   </div>
   <div class='ocr_carea' id='block_1_35' title="bbox 490 2209 2152 2278">
    <p class='ocr_par' dir='ltr' id='par_1_35' title="bbox 490 2209 2152 2278">
     <span class='ocr_line' id='line_1_35' title="bbox 490 2209 2152 2278; baseline 0.002 -14"><span class='ocrx_word' id='word_1_219' title='bbox 490 2211 684 2264; x_wconf 84' lang='lat' dir='ltr'>Victor</span> <span class='ocrx_word' id='word_1_220' title='bbox 731 2216 818 2264; x_wconf 92' lang='lat' dir='ltr'>est</span> <span class='ocrx_word' id='word_1_221' title='bbox 867 2210 1250 2278; x_wconf 86' lang='lat' dir='ltr'>subrogatus.</span> <span class='ocrx_word' id='word_1_222' title='bbox 1297 2211 1397 2264; x_wconf 87' lang='lat' dir='ltr'>Hic</span> <span class='ocrx_word' id='word_1_223' title='bbox 1459 2210 1782 2266; x_wconf 86' lang='lat' dir='ltr'>Ecclesiam</span> <span class='ocrx_word' id='word_1_224' title='bbox 1831 2210 1912 2266; x_wconf 88' lang='lat' dir='ltr'>ibi</span> <span class='ocrx_word' id='word_1_225' title='bbox 1940 2209 2152 2268; x_wconf 87' lang='lat' dir='ltr'>decem</span> 
     </span>
    </p>
   </div>
   <div class='ocr_carea' id='block_1_36' title="bbox 491 2299 2150 2371">
    <p class='ocr_par' dir='ltr' id='par_1_36' title="bbox 491 2299 2150 2371">
     <span class='ocr_line' id='line_1_36' title="bbox 491 2299 2150 2371; baseline 0.001 -17"><span class='ocrx_word' id='word_1_226' title='bbox 491 2299 848 2370; x_wconf 80' lang='lat' dir='ltr'>gubernavit</span> <span class='ocrx_word' id='word_1_227' title='bbox 904 2301 1101 2363; x_wconf 87' lang='lat' dir='ltr'>annis,</span> <span class='ocrx_word' id='word_1_228' title='bbox 1171 2305 1226 2355; x_wconf 91' lang='lat' dir='ltr'>et</span> <span class='ocrx_word' id='word_1_229' title='bbox 1275 2315 1682 2356; x_wconf 90' lang='lat' dir='ltr'>successorem</span> <span class='ocrx_word' id='word_1_230' title='bbox 1743 2299 2150 2371; x_wconf 88' lang='lat' dir='ltr'>Zephyrinum</span> 
     </span>
    </p>
   </div>
   <div class='ocr_carea' id='block_1_37' title="bbox 488 2388 2150 2461">
    <p class='ocr_par' dir='ltr' id='par_1_37' title="bbox 488 2388 2150 2461">
     <span class='ocr_line' id='line_1_37' title="bbox 488 2388 2150 2461; baseline -0.001 -17"><span class='ocrx_word' id='word_1_231' title='bbox 488 2388 719 2454; x_wconf 88' lang='lat' dir='ltr'>habuit,</span> <span class='ocrx_word' id='word_1_232' title='bbox 753 2405 914 2444; x_wconf 93' lang='lat' dir='ltr'>nono</span> <span class='ocrx_word' id='word_1_233' title='bbox 953 2389 1184 2460; x_wconf 88' lang='lat' dir='ltr'>imperii</span> <span class='ocrx_word' id='word_1_234' title='bbox 1217 2388 1420 2444; x_wconf 86' lang='lat' dir='ltr'>Severi</span> <span class='ocrx_word' id='word_1_235' title='bbox 1445 2405 1625 2444; x_wconf 91' lang='lat' dir='ltr'>anno.</span> <span class='ocrx_word' id='word_1_236' title='bbox 1649 2390 2016 2461; x_wconf 86' lang='lat' dir='ltr'>Zephyrino,</span> <span class='ocrx_word' id='word_1_237' title='bbox 2043 2389 2150 2460; x_wconf 90' lang='lat' dir='ltr'>qui</span> 
     </span>
    </p>
   </div>
   <div class='ocr_carea' id='block_1_38' title="bbox 489 2477 2144 2544">
    <p class='ocr_par' dir='ltr' id='par_1_38' title="bbox 489 2477 2144 2544">
     <span class='ocr_line' id='line_1_38' title="bbox 489 2477 2144 2544; baseline -0.001 -10"><span class='ocrx_word' id='word_1_238' title='bbox 489 2479 696 2534; x_wconf 91' lang='lat' dir='ltr'>decem</span> <span class='ocrx_word' id='word_1_239' title='bbox 742 2485 800 2533; x_wconf 92' lang='lat' dir='ltr'>et</span> <span class='ocrx_word' id='word_1_240' title='bbox 839 2481 975 2534; x_wconf 90' lang='lat' dir='ltr'>octo</span> <span class='ocrx_word' id='word_1_241' title='bbox 1023 2477 1196 2533; x_wconf 89' lang='lat' dir='ltr'>annis</span> <span class='ocrx_word' id='word_1_242' title='bbox 1239 2478 1558 2534; x_wconf 80' lang='lat' dir='ltr'>Ecclesium</span> <span class='ocrx_word' id='word_1_243' title='bbox 1610 2481 1940 2534; x_wconf 84' lang='lat' dir='ltr'>Romanam</span> <span class='ocrx_word' id='word_1_244' title='bbox 1977 2478 2144 2544; x_wconf 84' lang='lat' dir='ltr'>rexit,</span> 
     </span>
    </p>
   </div>
   <div class='ocr_carea' id='block_1_39' title="bbox 489 2565 2147 2640">
    <p class='ocr_par' dir='ltr' id='par_1_39' title="bbox 489 2565 2147 2640">
     <span class='ocr_line' id='line_1_39' title="bbox 489 2565 2147 2640; baseline -0.001 -17"><span class='ocrx_word' id='word_1_245' title='bbox 489 2567 760 2623; x_wconf 87' lang='lat' dir='ltr'>Callistus</span> <span class='ocrx_word' id='word_1_246' title='bbox 815 2571 906 2622; x_wconf 89' lang='lat' dir='ltr'>est</span> <span class='ocrx_word' id='word_1_247' title='bbox 953 2565 1236 2622; x_wconf 81' lang='lat' dir='ltr'>suﬂectus</span> <span class='ocrx_word' id='word_1_248' title='bbox 1270 2568 1414 2638; x_wconf 89' lang='lat' dir='ltr'>:qui</span> <span class='ocrx_word' id='word_1_249' title='bbox 1473 2583 1608 2623; x_wconf 90' lang='lat' dir='ltr'>eam</span> <span class='ocrx_word' id='word_1_250' title='bbox 1647 2569 1916 2640; x_wconf 89' lang='lat' dir='ltr'>quinque</span> <span class='ocrx_word' id='word_1_251' title='bbox 1966 2566 2147 2623; x_wconf 89' lang='lat' dir='ltr'>annis</span> 
     </span>
    </p>
   </div>
   <div class='ocr_carea' id='block_1_40' title="bbox 487 2655 2143 2728">
    <p class='ocr_par' dir='ltr' id='par_1_40' title="bbox 487 2655 2143 2728">
     <span class='ocr_line' id='line_1_40' title="bbox 487 2655 2143 2728; baseline -0.001 -16"><span class='ocrx_word' id='word_1_252' title='bbox 487 2656 990 2720; x_wconf 84' lang='lat' dir='ltr'>administratam,</span> <span class='ocrx_word' id='word_1_253' title='bbox 1055 2655 1290 2711; x_wconf 88' lang='lat' dir='ltr'>Urbano</span> <span class='ocrx_word' id='word_1_254' title='bbox 1361 2657 1688 2712; x_wconf 89' lang='lat' dir='ltr'>successori</span> <span class='ocrx_word' id='word_1_255' title='bbox 1757 2655 2010 2728; x_wconf 88' lang='lat' dir='ltr'>reliquit.</span> <span class='ocrx_word' id='word_1_256' title='bbox 2077 2656 2143 2711; x_wconf 92' lang='lat' dir='ltr'>In</span> 
     </span>
    </p>
   </div>
   <div class='ocr_carea' id='block_1_41' title="bbox 486 2743 2140 2817">
    <p class='ocr_par' dir='ltr' id='par_1_41' title="bbox 486 2743 2140 2817">
     <span class='ocr_line' id='line_1_41' title="bbox 486 2743 2140 2817; baseline -0.001 -17"><span class='ocrx_word' id='word_1_257' title='bbox 486 2744 888 2800; x_wconf 84' lang='lat' dir='ltr'>Alexandrina</span> <span class='ocrx_word' id='word_1_258' title='bbox 911 2743 1166 2800; x_wconf 89' lang='lat' dir='ltr'>Ecclesia</span> <span class='ocrx_word' id='word_1_259' title='bbox 1195 2743 1558 2817; x_wconf 82' lang='lat' dir='ltr'>Agrippinus</span> <span class='ocrx_word' id='word_1_260' title='bbox 1599 2743 1920 2802; x_wconf 88' lang='lat' dir='ltr'>duodecim</span> <span class='ocrx_word' id='word_1_261' title='bbox 1947 2759 2140 2800; x_wconf 88' lang='lat' dir='ltr'>annos</span> 
     </span>
    </p>
   </div>
   <div class='ocr_carea' id='block_1_42' title="bbox 486 2832 2138 2905">
    <p class='ocr_par' dir='ltr' id='par_1_42' title="bbox 486 2832 2138 2905">
     <span class='ocr_line' id='line_1_42' title="bbox 486 2832 2138 2905; baseline -0.001 -15"><span class='ocrx_word' id='word_1_262' title='bbox 486 2835 900 2905; x_wconf 88' lang='lat' dir='ltr'>episcopatum</span> <span class='ocrx_word' id='word_1_263' title='bbox 949 2833 1146 2902; x_wconf 84' lang='lat' dir='ltr'>gessit.</span> <span class='ocrx_word' id='word_1_264' title='bbox 1209 2833 1272 2888; x_wconf 87' lang='lat' dir='ltr'>Ei</span> <span class='ocrx_word' id='word_1_265' title='bbox 1303 2832 1576 2890; x_wconf 85' lang='lat' dir='ltr'>Julianus</span> <span class='ocrx_word' id='word_1_266' title='bbox 1629 2835 1912 2890; x_wconf 86' lang='lat' dir='ltr'>successit</span> <span class='ocrx_word' id='word_1_267' title='bbox 1965 2856 1978 2888; x_wconf 90' lang='lat'><strong>:</strong></span> <span class='ocrx_word' id='word_1_268' title='bbox 2034 2833 2138 2904; x_wconf 89' lang='lat' dir='ltr'>qui</span> 
     </span>
    </p>
   </div>
   <div class='ocr_carea' id='block_1_43' title="bbox 2745 1645 3368 1722">
    <p class='ocr_par' dir='ltr' id='par_1_43' title="bbox 2745 1645 3368 1722">
     <span class='ocr_line' id='line_1_43' title="bbox 2745 1645 3368 1722; baseline 0.002 -22"><span class='ocrx_word' id='word_1_269' title='bbox 2745 1655 2952 1701; x_wconf 83' lang='grc' dir='ltr'><strong>καῦτα</strong></span> <span class='ocrx_word' id='word_1_270' title='bbox 2991 1645 3368 1722; x_wconf 74' lang='grc' dir='ltr'><strong>διέπρεπον.</strong></span> 
     </span>
    </p>
   </div>
   <div class='ocr_carea' id='block_1_44' title="bbox 2331 1759 3824 1836">
    <p class='ocr_par' dir='ltr' id='par_1_44' title="bbox 2331 1759 3824 1836">
     <span class='ocr_line' id='line_1_44' title="bbox 2331 1759 3824 1836; baseline -0.009 -14"><span class='ocrx_word' id='word_1_271' title='bbox 2331 1767 2632 1826; x_wconf 81' lang='grc' dir='ltr'><strong>Ἀντωνῖνος</strong></span> <span class='ocrx_word' id='word_1_272' title='bbox 2699 1759 2758 1816; x_wconf 79' lang='grc' dir='ltr'>δε</span> <span class='ocrx_word' id='word_1_273' title='bbox 2825 1765 2852 1814; x_wconf 87' lang='grc' dir='ltr'>ό</span> <span class='ocrx_word' id='word_1_274' title='bbox 2906 1764 3016 1823; x_wconf 86' lang='grc' dir='ltr'><strong>υἱὸς</strong></span> <span class='ocrx_word' id='word_1_275' title='bbox 3067 1763 3286 1836; x_wconf 85' lang='grc' dir='ltr'><strong>Μάρκου</strong></span> <span class='ocrx_word' id='word_1_276' title='bbox 3351 1764 3616 1832; x_wconf 87' lang='grc' dir='ltr'><strong>τέσσαρας</strong></span> <span class='ocrx_word' id='word_1_277' title='bbox 3685 1767 3824 1832; x_wconf 74' lang='grc' dir='ltr'><strong>μῆνας</strong></span> 
     </span>
    </p>
   </div>
   <div class='ocr_carea' id='block_1_45' title="bbox 2259 1847 3826 1929">
    <p class='ocr_par' dir='ltr' id='par_1_45' title="bbox 2259 1847 3826 1929">
     <span class='ocr_line' id='line_1_45' title="bbox 2259 1847 3826 1929; baseline -0.007 -20"><span class='ocrx_word' id='word_1_278' title='bbox 2259 1858 2390 1929; x_wconf 89' lang='grc' dir='ltr'><strong>πρὸς</strong></span> <span class='ocrx_word' id='word_1_279' title='bbox 2419 1852 2550 1908; x_wconf 90' lang='grc' dir='ltr'><strong>δέκα</strong></span> <span class='ocrx_word' id='word_1_280' title='bbox 2593 1849 2908 1924; x_wconf 82' lang='grc' dir='ltr'><strong>διαγεγονώς</strong></span> <span class='ocrx_word' id='word_1_281' title='bbox 2947 1859 3010 1923; x_wconf 75' lang='grc' dir='ltr'>τῇ</span> <span class='ocrx_word' id='word_1_282' title='bbox 3071 1847 3319 1923; x_wconf 76' lang='grc' dir='ltr'>βασιλείᾳ</span> <span class='ocrx_word' id='word_1_283' title='bbox 3369 1847 3638 1911; x_wconf 82' lang='grc' dir='ltr'><strong>ἐνιαυτοῖς,</strong></span> <span class='ocrx_word' id='word_1_284' title='bbox 3679 1851 3826 1918; x_wconf 56' lang='lat' dir='ltr'>Keue-</span> 
     </span>
    </p>
   </div>
   <div class='ocr_carea' id='block_1_46' title="bbox 2260 1933 3828 2018">
    <p class='ocr_par' dir='ltr' id='par_1_46' title="bbox 2260 1933 3828 2018">
     <span class='ocr_line' id='line_1_46' title="bbox 2260 1933 3828 2018; baseline -0.008 -19"><span class='ocrx_word' id='word_1_285' title='bbox 2260 1943 2337 2018; x_wconf 82' lang='grc' dir='ltr'><strong>δῳ</strong></span> <span class='ocrx_word' id='word_1_286' title='bbox 2361 1953 2458 2006; x_wconf 79' lang='grc' dir='ltr'><strong>τῆς</strong></span> <span class='ocrx_word' id='word_1_287' title='bbox 2480 1943 2628 2017; x_wconf 70' lang='grc' dir='ltr'>ἀρχῆ</span> <span class='ocrx_word' id='word_1_288' title='bbox 2638 1964 2660 2004; x_wconf 91' lang='grc' dir='ltr'>ς</span> <span class='ocrx_word' id='word_1_289' title='bbox 2701 1941 3047 2004; x_wconf 76' lang='grc' dir='ltr'>ὑπεξίσταται</span> <span class='ocrx_word' id='word_1_290' title='bbox 3079 1959 3092 1972; x_wconf 88' lang='grc'>·</span> <span class='ocrx_word' id='word_1_291' title='bbox 3125 1939 3186 1992; x_wconf 78' lang='grc' dir='ltr'><strong>οὗ</strong></span> <span class='ocrx_word' id='word_1_292' title='bbox 3213 1947 3286 2010; x_wconf 85' lang='grc' dir='ltr'><strong>τῷ</strong></span> <span class='ocrx_word' id='word_1_293' title='bbox 3335 1933 3536 2010; x_wconf 85' lang='grc' dir='ltr'><strong>δεκάτῳ</strong></span> <span class='ocrx_word' id='word_1_294' title='bbox 3564 1945 3652 1998; x_wconf 76' lang='grc' dir='ltr'><strong>τῆς</strong></span> <span class='ocrx_word' id='word_1_295' title='bbox 3677 1935 3828 2010; x_wconf 71' lang='grc' dir='ltr'><strong>ἀρχῆς</strong></span> 
     </span>
    </p>
   </div>
   <div class='ocr_carea' id='block_1_47' title="bbox 2257 2023 3828 2106">
    <p class='ocr_par' dir='ltr' id='par_1_47' title="bbox 2257 2023 3828 2106">
     <span class='ocr_line' id='line_1_47' title="bbox 2257 2023 3828 2106; baseline -0.007 -18"><span class='ocrx_word' id='word_1_296' title='bbox 2257 2038 2358 2088; x_wconf 82' lang='grc' dir='ltr'><strong>ἔτει</strong></span> <span class='ocrx_word' id='word_1_297' title='bbox 2398 2033 2686 2106; x_wconf 80' lang='grc' dir='ltr'><strong>Ἐλεύθερος</strong></span> <span class='ocrx_word' id='word_1_298' title='bbox 2739 2031 2766 2082; x_wconf 92' lang='grc' dir='ltr'>ό</span> <span class='ocrx_word' id='word_1_299' title='bbox 2817 2033 2950 2102; x_wconf 85' lang='grc' dir='ltr'>μετὰ</span> <span class='ocrx_word' id='word_1_300' title='bbox 2997 2036 3212 2102; x_wconf 81' lang='grc' dir='ltr'><strong>Σωτῆρα</strong></span> <span class='ocrx_word' id='word_1_301' title='bbox 3253 2035 3350 2090; x_wconf 82' lang='grc' dir='ltr'><strong>τῆς</strong></span> <span class='ocrx_word' id='word_1_302' title='bbox 3401 2026 3602 2100; x_wconf 82' lang='grc' dir='ltr'><strong>Ῥώμης</strong></span> <span class='ocrx_word' id='word_1_303' title='bbox 3647 2023 3828 2078; x_wconf 84' lang='grc' dir='ltr'><strong>ἐπισκο-</strong></span> 
     </span>
    </p>
   </div>
   <div class='ocr_carea' id='block_1_48' title="bbox 2255 2116 3834 2192">
    <p class='ocr_par' dir='ltr' id='par_1_48' title="bbox 2255 2116 3834 2192">
     <span class='ocr_line' id='line_1_48' title="bbox 2255 2116 3834 2192; baseline -0.006 -16"><span class='ocrx_word' id='word_1_304' title='bbox 2255 2129 2452 2188; x_wconf 80' lang='grc' dir='ltr'><strong>πήσας,</strong></span> <span class='ocrx_word' id='word_1_305' title='bbox 2485 2125 2572 2178; x_wconf 79' lang='grc' dir='ltr'>ἔτη</span> <span class='ocrx_word' id='word_1_306' title='bbox 2627 2117 2758 2172; x_wconf 77' lang='grc' dir='ltr'><strong>δέκα</strong></span> <span class='ocrx_word' id='word_1_307' title='bbox 2801 2121 2934 2192; x_wconf 86' lang='grc' dir='ltr'><strong>πρὸς</strong></span> <span class='ocrx_word' id='word_1_308' title='bbox 2961 2123 3104 2192; x_wconf 80' lang='grc' dir='ltr'><strong>τρισί</strong></span> <span class='ocrx_word' id='word_1_309' title='bbox 3130 2116 3590 2192; x_wconf 79' lang='grc' dir='ltr'><strong>λελειτουργηκὼς,</strong></span> <span class='ocrx_word' id='word_1_310' title='bbox 3634 2119 3834 2187; x_wconf 84' lang='grc' dir='ltr'><strong>Βίκτωρι</strong></span> 
     </span>
    </p>
   </div>
   <div class='ocr_carea' id='block_1_49' title="bbox 2255 2201 3826 2284">
    <p class='ocr_par' dir='ltr' id='par_1_49' title="bbox 2255 2201 3826 2284">
     <span class='ocr_line' id='line_1_49' title="bbox 2255 2201 3826 2284; baseline -0.008 -18"><span class='ocrx_word' id='word_1_311' title='bbox 2255 2211 2631 2284; x_wconf 76' lang='grc' dir='ltr'><strong>καταλιμπάνει</strong></span> <span class='ocrx_word' id='word_1_312' title='bbox 2681 2213 2768 2261; x_wconf 88' lang='grc' dir='ltr'>τόν</span> <span class='ocrx_word' id='word_1_313' title='bbox 2829 2209 3030 2280; x_wconf 79' lang='grc' dir='ltr'><strong>θρόνον.</strong></span> <span class='ocrx_word' id='word_1_314' title='bbox 3092 2209 3292 2259; x_wconf 86' lang='grc' dir='ltr'><strong>Τούτου</strong></span> <span class='ocrx_word' id='word_1_315' title='bbox 3351 2201 3409 2258; x_wconf 75' lang='grc' dir='ltr'>δε</span> <span class='ocrx_word' id='word_1_316' title='bbox 3459 2204 3568 2277; x_wconf 73' lang='grc' dir='ltr'><strong>οὐχ</strong></span> <span class='ocrx_word' id='word_1_317' title='bbox 3615 2205 3760 2262; x_wconf 77' lang='grc' dir='ltr'><strong>ἧττον</strong></span> <span class='ocrx_word' id='word_1_318' title='bbox 3801 2205 3826 2262; x_wconf 74' lang='grc' dir='ltr'>ἡ</span> 
     </span>
    </p>
   </div>
   <div class='ocr_carea' id='block_1_50' title="bbox 2257 2289 3830 2368">
    <p class='ocr_par' dir='ltr' id='par_1_50' title="bbox 2257 2289 3830 2368">
     <span class='ocr_line' id='line_1_50' title="bbox 2257 2289 3830 2368; baseline -0.008 -13"><span class='ocrx_word' id='word_1_319' title='bbox 2257 2299 2388 2354; x_wconf 81' lang='grc' dir='ltr'><strong>δέκα</strong></span> <span class='ocrx_word' id='word_1_320' title='bbox 2434 2303 2599 2354; x_wconf 76' lang='grc' dir='ltr'><strong>ἔτεσιν</strong></span> <span class='ocrx_word' id='word_1_321' title='bbox 2652 2300 3012 2368; x_wconf 75' lang='grc' dir='ltr'><strong>ἡγησαμένου,</strong></span> <span class='ocrx_word' id='word_1_322' title='bbox 3056 2301 3335 2368; x_wconf 76' lang='grc' dir='ltr'><strong>Ζεφυρῖνος</strong></span> <span class='ocrx_word' id='word_1_323' title='bbox 3377 2289 3646 2364; x_wconf 88' lang='grc' dir='ltr'><strong>διάδοχος</strong></span> <span class='ocrx_word' id='word_1_324' title='bbox 3697 2291 3830 2362; x_wconf 78' lang='grc' dir='ltr'><strong>ἐγνω-</strong></span> 
     </span>
    </p>
   </div>
   <div class='ocr_carea' id='block_1_51' title="bbox 2253 2382 3836 2464">
    <p class='ocr_par' dir='ltr' id='par_1_51' title="bbox 2253 2382 3836 2464">
     <span class='ocr_line' id='line_1_51' title="bbox 2253 2382 3836 2464; baseline -0.007 -21"><span class='ocrx_word' id='word_1_325' title='bbox 2253 2391 2452 2464; x_wconf 81' lang='grc' dir='ltr'><strong>ρίζετο,</strong></span> <span class='ocrx_word' id='word_1_326' title='bbox 2533 2393 2762 2459; x_wconf 79' lang='grc' dir='ltr'><strong>Σευήρου</strong></span> <span class='ocrx_word' id='word_1_327' title='bbox 2839 2392 2930 2445; x_wconf 81' lang='grc' dir='ltr'><strong>τῆς</strong></span> <span class='ocrx_word' id='word_1_328' title='bbox 2997 2382 3272 2458; x_wconf 83' lang='grc' dir='ltr'><strong>βασιλείας</strong></span> <span class='ocrx_word' id='word_1_329' title='bbox 3356 2385 3562 2435; x_wconf 83' lang='grc' dir='ltr'><strong>ῖννατον</strong></span> <span class='ocrx_word' id='word_1_330' title='bbox 3637 2382 3836 2452; x_wconf 85' lang='grc' dir='ltr'><strong>οἰγοντος</strong></span> 
     </span>
    </p>
   </div>
   <div class='ocr_carea' id='block_1_52' title="bbox 2255 2471 3834 2544">
    <p class='ocr_par' dir='ltr' id='par_1_52' title="bbox 2255 2471 3834 2544">
     <span class='ocr_line' id='line_1_52' title="bbox 2255 2471 3834 2544; baseline -0.008 -12"><span class='ocrx_word' id='word_1_331' title='bbox 2255 2482 2384 2542; x_wconf 81' lang='grc' dir='ltr'><strong>ἔτος.</strong></span> <span class='ocrx_word' id='word_1_332' title='bbox 2445 2479 2588 2532; x_wconf 83' lang='grc' dir='ltr'>Μετὰ</span> <span class='ocrx_word' id='word_1_333' title='bbox 2641 2472 2702 2530; x_wconf 67' lang='grc' dir='ltr'>δε</span> <span class='ocrx_word' id='word_1_334' title='bbox 2751 2482 2932 2528; x_wconf 83' lang='grc' dir='ltr'><strong>τοῦτον</strong></span> <span class='ocrx_word' id='word_1_335' title='bbox 2979 2475 3144 2526; x_wconf 76' lang='grc' dir='ltr'><strong>ἔτεσιν</strong></span> <span class='ocrx_word' id='word_1_336' title='bbox 3203 2471 3269 2532; x_wconf 89' lang='grc' dir='ltr'><strong>ιη’</strong></span> <span class='ocrx_word' id='word_1_337' title='bbox 3317 2473 3724 2544; x_wconf 79' lang='grc' dir='ltr'><strong>ὑπουργήσαντα</strong></span> <span class='ocrx_word' id='word_1_338' title='bbox 3759 2471 3834 2521; x_wconf 85' lang='grc' dir='ltr'><strong>τὸν</strong></span> 
     </span>
    </p>
   </div>
   <div class='ocr_carea' id='block_1_53' title="bbox 2253 2559 3834 2642">
    <p class='ocr_par' dir='ltr' id='par_1_53' title="bbox 2253 2559 3834 2642">
     <span class='ocr_line' id='line_1_53' title="bbox 2253 2559 3834 2642; baseline -0.006 -21"><span class='ocrx_word' id='word_1_339' title='bbox 2253 2569 2443 2642; x_wconf 77' lang='grc' dir='ltr'><strong>κλῆρον</strong></span> <span class='ocrx_word' id='word_1_340' title='bbox 2529 2575 2624 2628; x_wconf 78' lang='grc' dir='ltr'><strong>τῆς</strong></span> <span class='ocrx_word' id='word_1_341' title='bbox 2707 2564 3032 2636; x_wconf 74' lang='grc' dir='ltr'><strong>λειτουργίας</strong></span> <span class='ocrx_word' id='word_1_342' title='bbox 3109 2561 3400 2624; x_wconf 76' lang='grc' dir='ltr'><strong>Κάλλιστος</strong></span> <span class='ocrx_word' id='word_1_343' title='bbox 3463 2559 3797 2633; x_wconf 76' lang='grc' dir='ltr'><strong>ἀνελάμϐανεν</strong></span> <span class='ocrx_word' id='word_1_344' title='bbox 3819 2579 3834 2594; x_wconf 73' lang='grc' dir='ltr'><strong><em>ο</em></strong></span> 
     </span>
    </p>
   </div>
   <div class='ocr_carea' id='block_1_54' title="bbox 2255 2649 3834 2726">
    <p class='ocr_par' dir='ltr' id='par_1_54' title="bbox 2255 2649 3834 2726">
     <span class='ocr_line' id='line_1_54' title="bbox 2255 2649 3834 2726; baseline -0.008 -15"><span class='ocrx_word' id='word_1_345' title='bbox 2255 2658 2311 2720; x_wconf 87' lang='grc' dir='ltr'><strong>ὃς</strong></span> <span class='ocrx_word' id='word_1_346' title='bbox 2367 2661 2507 2710; x_wconf 84' lang='grc' dir='ltr'><strong>ἔτεσι</strong></span> <span class='ocrx_word' id='word_1_347' title='bbox 2559 2659 2708 2708; x_wconf 80' lang='grc' dir='ltr'><strong>πέντε</strong></span> <span class='ocrx_word' id='word_1_348' title='bbox 2759 2651 3062 2718; x_wconf 79' lang='grc' dir='ltr'><strong>ἐπιϐιώσας,</strong></span> <span class='ocrx_word' id='word_1_349' title='bbox 3096 2649 3347 2726; x_wconf 73' lang='grc' dir='ltr'><strong>Οὐρϐανῷ</strong></span> <span class='ocrx_word' id='word_1_350' title='bbox 3385 2655 3480 2710; x_wconf 78' lang='grc' dir='ltr'><strong>τὴν</strong></span> <span class='ocrx_word' id='word_1_351' title='bbox 3527 2649 3834 2722; x_wconf 83' lang='grc' dir='ltr'><strong>λειτουργίαν</strong></span> 
     </span>
    </p>
   </div>
   <div class='ocr_carea' id='block_1_55' title="bbox 2253 2735 3838 2814">
    <p class='ocr_par' dir='ltr' id='par_1_55' title="bbox 2253 2735 3838 2814">
     <span class='ocr_line' id='line_1_55' title="bbox 2253 2735 3838 2814; baseline -0.007 -15"><span class='ocrx_word' id='word_1_352' title='bbox 2253 2745 2574 2800; x_wconf 76' lang='grc' dir='ltr'><strong>καταλείπει.</strong></span> <span class='ocrx_word' id='word_1_353' title='bbox 2614 2749 2725 2796; x_wconf 81' lang='grc' dir='ltr'>Τῶν</span> <span class='ocrx_word' id='word_1_354' title='bbox 2777 2761 2836 2812; x_wconf 88' lang='grc' dir='ltr'>γε</span> <span class='ocrx_word' id='word_1_355' title='bbox 2893 2745 2996 2814; x_wconf 79' lang='grc' dir='ltr'><strong>μὴν</strong></span> <span class='ocrx_word' id='word_1_356' title='bbox 3053 2739 3172 2792; x_wconf 84' lang='grc' dir='ltr'><strong>κατ’</strong></span> <span class='ocrx_word' id='word_1_357' title='bbox 3225 2735 3625 2812; x_wconf 79' lang='grc' dir='ltr'><strong>’Δλεξάνδρειαν</strong></span> <span class='ocrx_word' id='word_1_358' title='bbox 3671 2756 3838 2812; x_wconf 87' lang='grc' dir='ltr'><strong>παροι-</strong></span> 
     </span>
    </p>
   </div>
   <div class='ocr_carea' id='block_1_56' title="bbox 2253 2827 3842 2904">
    <p class='ocr_par' dir='ltr' id='par_1_56' title="bbox 2253 2827 3842 2904">
     <span class='ocr_line' id='line_1_56' title="bbox 2253 2827 3842 2904; baseline -0.008 -17"><span class='ocrx_word' id='word_1_359' title='bbox 2253 2844 2377 2888; x_wconf 86' lang='grc' dir='ltr'><strong>κιῶν</strong></span> <span class='ocrx_word' id='word_1_360' title='bbox 2419 2833 2698 2894; x_wconf 86' lang='grc' dir='ltr'><strong>Ἰουλιανὸς</strong></span> <span class='ocrx_word' id='word_1_361' title='bbox 2747 2835 2842 2890; x_wconf 75' lang='grc' dir='ltr'><strong>τὴν</strong></span> <span class='ocrx_word' id='word_1_362' title='bbox 2869 2829 3154 2886; x_wconf 72' lang='grc' dir='ltr'><strong>ἐπισκοπὴν</strong></span> <span class='ocrx_word' id='word_1_363' title='bbox 3205 2827 3588 2904; x_wconf 71' lang='grc' dir='ltr'><strong>ἐγχειρίζεται,</strong></span> <span class='ocrx_word' id='word_1_364' title='bbox 3633 2827 3842 2899; x_wconf 82' lang='grc' dir='ltr'><strong>Ἀγριπ-</strong></span> 
     </span>
    </p>
   </div>
   <div class='ocr_carea' id='block_1_57' title="bbox 485 2908 2143 2994">
    <p class='ocr_par' dir='ltr' id='par_1_57' title="bbox 485 2921 2136 2994">
     <span class='ocr_line' id='line_1_57' title="bbox 485 2921 2136 2994; baseline 0.001 -17"><span class='ocrx_word' id='word_1_365' title='bbox 485 2921 694 2978; x_wconf 90' lang='lat' dir='ltr'>decem</span> <span class='ocrx_word' id='word_1_366' title='bbox 721 2925 895 2978; x_wconf 89' lang='lat' dir='ltr'>annis</span> <span class='ocrx_word' id='word_1_367' title='bbox 923 2937 1168 2976; x_wconf 90' lang='lat' dir='ltr'>munere</span> <span class='ocrx_word' id='word_1_368' title='bbox 1204 2938 1376 2978; x_wconf 87' lang='lat' dir='ltr'>sacro</span> <span class='ocrx_word' id='word_1_369' title='bbox 1405 2922 1689 2978; x_wconf 91' lang='lat' dir='ltr'>obeundo</span> <span class='ocrx_word' id='word_1_370' title='bbox 1728 2923 1998 2994; x_wconf 86' lang='lat' dir='ltr'>expletis,</span> <span class='ocrx_word' id='word_1_371' title='bbox 2029 2923 2136 2978; x_wconf 88' lang='lat' dir='ltr'>De-</span> 
     </span>
    </p>
   </div>
   <div class='ocr_carea' id='block_1_58' title="bbox 2254 2908 3838 2994">
    <p class='ocr_par' dir='ltr' id='par_1_58' title="bbox 2254 2915 3838 2988">
     <span class='ocr_line' id='line_1_58' title="bbox 2254 2915 3838 2988; baseline -0.008 -10"><span class='ocrx_word' id='word_1_372' title='bbox 2254 2931 2403 2978; x_wconf 82' lang='grc' dir='ltr'><strong>πίνου</strong></span> <span class='ocrx_word' id='word_1_373' title='bbox 2456 2923 2540 2976; x_wconf 80' lang='grc' dir='ltr'>ἐπὶ</span> <span class='ocrx_word' id='word_1_374' title='bbox 2602 2916 2930 2973; x_wconf 81' lang='grc' dir='ltr'><strong>δυοκαίδεκα</strong></span> <span class='ocrx_word' id='word_1_375' title='bbox 2987 2921 3126 2970; x_wconf 79' lang='grc' dir='ltr'><strong>ἔτεσι</strong></span> <span class='ocrx_word' id='word_1_376' title='bbox 3182 2921 3276 2976; x_wconf 79' lang='grc' dir='ltr'><strong>τὴν</strong></span> <span class='ocrx_word' id='word_1_377' title='bbox 3321 2918 3460 2978; x_wconf 76' lang='grc' dir='ltr'><strong>ζωὴν</strong></span> <span class='ocrx_word' id='word_1_378' title='bbox 3506 2915 3838 2988; x_wconf 73' lang='grc' dir='ltr'><strong>μεταλλάξαν-</strong></span> 
     </span>
    </p>
   </div>
   <div class='ocr_carea' id='block_1_59' title="bbox 485 3010 2139 3083">
    <p class='ocr_par' dir='ltr' id='par_1_59' title="bbox 485 3010 2139 3083">
     <span class='ocr_line' id='line_1_59' title="bbox 485 3010 2139 3083; baseline 0 -17"><span class='ocrx_word' id='word_1_379' title='bbox 485 3010 759 3066; x_wconf 89' lang='lat' dir='ltr'>metrium</span> <span class='ocrx_word' id='word_1_380' title='bbox 789 3025 1194 3066; x_wconf 87' lang='lat' dir='ltr'>successorem</span> <span class='ocrx_word' id='word_1_381' title='bbox 1237 3011 1452 3082; x_wconf 89' lang='lat' dir='ltr'>recepit</span> <span class='ocrx_word' id='word_1_382' title='bbox 1491 3011 1594 3082; x_wconf 84' lang='lat'>(2).</span> <span class='ocrx_word' id='word_1_383' title='bbox 1615 3011 1788 3083; x_wconf 86' lang='lat' dir='ltr'>Apud</span> <span class='ocrx_word' id='word_1_384' title='bbox 1819 3011 2139 3066; x_wconf 86' lang='lat' dir='ltr'>Antioche-</span> 
     </span>
    </p>
   </div>
   <div class='ocr_carea' id='block_1_60' title="bbox 483 3100 2138 3171">
    <p class='ocr_par' dir='ltr' id='par_1_60' title="bbox 483 3100 2138 3171">
     <span class='ocr_line' id='line_1_60' title="bbox 483 3100 2138 3171; baseline 0 -15"><span class='ocrx_word' id='word_1_385' title='bbox 483 3115 595 3156; x_wconf 91' lang='lat' dir='ltr'>nos</span> <span class='ocrx_word' id='word_1_386' title='bbox 621 3107 755 3171; x_wconf 90' lang='lat' dir='ltr'>post</span> <span class='ocrx_word' id='word_1_387' title='bbox 784 3101 1184 3164; x_wconf 82' lang='lat' dir='ltr'>Maximinum,</span> <span class='ocrx_word' id='word_1_388' title='bbox 1221 3100 1326 3170; x_wconf 91' lang='lat' dir='ltr'>qui</span> <span class='ocrx_word' id='word_1_389' title='bbox 1355 3101 1630 3156; x_wconf 89' lang='lat' dir='ltr'>undecim</span> <span class='ocrx_word' id='word_1_390' title='bbox 1657 3103 1833 3156; x_wconf 88' lang='lat' dir='ltr'>annis</span> <span class='ocrx_word' id='word_1_391' title='bbox 1865 3100 2138 3156; x_wconf 69' lang='lat' dir='ltr'>Ecclesiae</span> 
     </span>
    </p>
   </div>
   <div class='ocr_carea' id='block_1_61' title="bbox 483 3188 2136 3261">
    <p class='ocr_par' dir='ltr' id='par_1_61' title="bbox 483 3188 2136 3261">
     <span class='ocr_line' id='line_1_61' title="bbox 483 3188 2136 3261; baseline 0 -17"><span class='ocrx_word' id='word_1_392' title='bbox 483 3190 847 3260; x_wconf 77' lang='lat' dir='ltr'>gubernator</span> <span class='ocrx_word' id='word_1_393' title='bbox 879 3188 1006 3254; x_wconf 86' lang='lat' dir='ltr'>fuit,</span> <span class='ocrx_word' id='word_1_394' title='bbox 1069 3189 1354 3260; x_wconf 88' lang='lat' dir='ltr'>Serapion</span> <span class='ocrx_word' id='word_1_395' title='bbox 1385 3189 1704 3261; x_wconf 90' lang='lat' dir='ltr'>episcopus</span> <span class='ocrx_word' id='word_1_396' title='bbox 1735 3197 1967 3246; x_wconf 89' lang='lat' dir='ltr'>creatus</span> <span class='ocrx_word' id='word_1_397' title='bbox 2027 3193 2136 3256; x_wconf 90' lang='lat' dir='ltr'>est,</span> 
     </span>
    </p>
   </div>
   <div class='ocr_carea' id='block_1_62' title="bbox 480 3277 2138 3348">
    <p class='ocr_par' dir='ltr' id='par_1_62' title="bbox 480 3277 2138 3348">
     <span class='ocr_line' id='line_1_62' title="bbox 480 3277 2138 3348; baseline 0 -14"><span class='ocrx_word' id='word_1_398' title='bbox 480 3285 728 3334; x_wconf 85' lang='lat' dir='ltr'>octavus</span> <span class='ocrx_word' id='word_1_399' title='bbox 754 3278 833 3333; x_wconf 91' lang='lat' dir='ltr'>ab</span> <span class='ocrx_word' id='word_1_400' title='bbox 873 3277 1150 3348; x_wconf 89' lang='lat' dir='ltr'>apostolis</span> <span class='ocrx_word' id='word_1_401' title='bbox 1190 3293 1514 3333; x_wconf 86' lang='lat' dir='ltr'>successor.</span> <span class='ocrx_word' id='word_1_402' title='bbox 1551 3279 1660 3343; x_wconf 85' lang='lat' dir='ltr'>Qui</span> <span class='ocrx_word' id='word_1_403' title='bbox 1687 3279 1830 3334; x_wconf 87' lang='lat' dir='ltr'>satis</span> <span class='ocrx_word' id='word_1_404' title='bbox 1866 3278 1968 3334; x_wconf 90' lang='lat' dir='ltr'>diu</span> <span class='ocrx_word' id='word_1_405' title='bbox 1998 3294 2138 3334; x_wconf 92' lang='lat' dir='ltr'>cum</span> 
     </span>
    </p>
   </div>
   <div class='ocr_carea' id='block_1_63' title="bbox 478 3365 2140 3440">
    <p class='ocr_par' dir='ltr' id='par_1_63' title="bbox 478 3365 2140 3440">
     <span class='ocr_line' id='line_1_63' title="bbox 478 3365 2140 3440; baseline -0.001 -17"><span class='ocrx_word' id='word_1_406' title='bbox 478 3365 660 3423; x_wconf 88' lang='lat' dir='ltr'>laude</span> <span class='ocrx_word' id='word_1_407' title='bbox 691 3365 960 3422; x_wconf 65' lang='lat' dir='ltr'>Ecclesiae</span> <span class='ocrx_word' id='word_1_408' title='bbox 993 3365 1244 3436; x_wconf 63' lang='lat' dir='ltr'>praefuit,</span> <span class='ocrx_word' id='word_1_409' title='bbox 1279 3371 1336 3421; x_wconf 90' lang='lat' dir='ltr'>et</span> <span class='ocrx_word' id='word_1_410' title='bbox 1386 3383 1520 3422; x_wconf 90' lang='lat' dir='ltr'>eam</span> <span class='ocrx_word' id='word_1_411' title='bbox 1559 3367 1892 3440; x_wconf 80' lang='lat' dir='ltr'>Asclepiadi</span> <span class='ocrx_word' id='word_1_412' title='bbox 1925 3381 2140 3437; x_wconf 81' lang='lat' dir='ltr'>regens</span> 
     </span>
    </p>
   </div>
   <div class='ocr_carea' id='block_1_64' title="bbox 479 3453 2138 3532">
    <p class='ocr_par' dir='ltr' id='par_1_64' title="bbox 479 3453 2138 3532">
     <span class='ocr_line' id='line_1_64' title="bbox 479 3453 2138 3532; baseline -0.001 -21"><span class='ocrx_word' id='word_1_413' title='bbox 479 3457 622 3512; x_wconf 88' lang='lat' dir='ltr'>dam</span> <span class='ocrx_word' id='word_1_414' title='bbox 663 3455 918 3526; x_wconf 89' lang='lat' dir='ltr'>reliquit.</span> <span class='ocrx_word' id='word_1_415' title='bbox 969 3453 1204 3510; x_wconf 88' lang='lat' dir='ltr'>Eisdem</span> <span class='ocrx_word' id='word_1_416' title='bbox 1267 3457 1634 3526; x_wconf 90' lang='lat' dir='ltr'>temporibus</span> <span class='ocrx_word' id='word_1_417' title='bbox 1689 3456 2138 3532; x_wconf 74' lang='lat' dir='ltr'>Hierosolymis,</span> 
     </span>
    </p>
   </div>
   <div class='ocr_carea' id='block_1_65' title="bbox 479 3543 2139 3618">
    <p class='ocr_par' dir='ltr' id='par_1_65' title="bbox 479 3543 2139 3618">
     <span class='ocr_line' id='line_1_65' title="bbox 479 3543 2139 3618; baseline 0.001 -17"><span class='ocrx_word' id='word_1_418' title='bbox 479 3545 540 3601; x_wconf 90' lang='lat' dir='ltr'>in</span> <span class='ocrx_word' id='word_1_419' title='bbox 573 3551 781 3602; x_wconf 88' lang='lat' dir='ltr'>sancta</span> <span class='ocrx_word' id='word_1_420' title='bbox 805 3543 1174 3611; x_wconf 89' lang='lat' dir='ltr'>Sion,adhuc</span> <span class='ocrx_word' id='word_1_421' title='bbox 1205 3544 1601 3600; x_wconf 89' lang='lat' dir='ltr'>admirandus</span> <span class='ocrx_word' id='word_1_422' title='bbox 1621 3545 1715 3602; x_wconf 91' lang='lat' dir='ltr'>ille</span> <span class='ocrx_word' id='word_1_423' title='bbox 1741 3545 2048 3602; x_wconf 84' lang='lat' dir='ltr'>Narcissus</span> <span class='ocrx_word' id='word_1_424' title='bbox 2063 3545 2139 3618; x_wconf 88' lang='lat'>(3)</span> 
     </span>
    </p>
   </div>
   <div class='ocr_carea' id='block_1_66' title="bbox 479 3633 2143 3708">
    <p class='ocr_par' dir='ltr' id='par_1_66' title="bbox 479 3633 2143 3708">
     <span class='ocr_line' id='line_1_66' title="bbox 479 3633 2143 3708; baseline 0 -18"><span class='ocrx_word' id='word_1_425' title='bbox 479 3640 864 3691; x_wconf 88' lang='lat' dir='ltr'>sacrosancto</span> <span class='ocrx_word' id='word_1_426' title='bbox 877 3633 1236 3704; x_wconf 81' lang='lat' dir='ltr'>fungebatur</span> <span class='ocrx_word' id='word_1_427' title='bbox 1253 3635 1978 3708; x_wconf 88' lang='lat' dir='ltr'>munere,quindecimum</span> <span class='ocrx_word' id='word_1_428' title='bbox 1992 3634 2143 3690; x_wconf 90' lang='lat' dir='ltr'>obti-</span> 
     </span>
    </p>
   </div>
   <div class='ocr_carea' id='block_1_67' title="bbox 478 3723 2142 3796">
    <p class='ocr_par' dir='ltr' id='par_1_67' title="bbox 478 3723 2142 3796">
     <span class='ocr_line' id='line_1_67' title="bbox 478 3723 2142 3796; baseline -0.001 -15"><span class='ocrx_word' id='word_1_429' title='bbox 478 3740 627 3781; x_wconf 90' lang='lat' dir='ltr'>nens</span> <span class='ocrx_word' id='word_1_430' title='bbox 641 3723 1038 3780; x_wconf 89' lang='lat' dir='ltr'>successionis</span> <span class='ocrx_word' id='word_1_431' title='bbox 1051 3723 1305 3788; x_wconf 89' lang='lat' dir='ltr'>locum,a</span> <span class='ocrx_word' id='word_1_432' title='bbox 1321 3723 1744 3796; x_wconf 58' lang='lat' dir='ltr'>secundaque:</span> <span class='ocrx_word' id='word_1_433' title='bbox 1759 3725 1870 3778; x_wconf 91' lang='lat' dir='ltr'>sub</span> <span class='ocrx_word' id='word_1_434' title='bbox 1883 3724 2142 3780; x_wconf 80' lang='lat' dir='ltr'>Adriano</span> 
     </span>
    </p>
   </div>
   <div class='ocr_carea' id='block_1_68' title="bbox 477 3812 2146 3886">
    <p class='ocr_par' dir='ltr' id='par_1_68' title="bbox 477 3812 2146 3886">
     <span class='ocr_line' id='line_1_68' title="bbox 477 3812 2146 3886; baseline -0.002 -16"><span class='ocrx_word' id='word_1_435' title='bbox 477 3815 635 3870; x_wconf 83' lang='lat' dir='ltr'>facta</span> <span class='ocrx_word' id='word_1_436' title='bbox 661 3813 900 3883; x_wconf 83' lang='lat' dir='ltr'>est,ejus</span> <span class='ocrx_word' id='word_1_437' title='bbox 927 3812 1088 3868; x_wconf 85' lang='lat' dir='ltr'>urbis</span> <span class='ocrx_word' id='word_1_438' title='bbox 1107 3813 1420 3868; x_wconf 89' lang='lat' dir='ltr'>obsidione</span> <span class='ocrx_word' id='word_1_439' title='bbox 1445 3829 1458 3868; x_wconf 90' lang='lat'>:</span> <span class='ocrx_word' id='word_1_440' title='bbox 1493 3829 1566 3868; x_wconf 88' lang='lat' dir='ltr'>ex</span> <span class='ocrx_word' id='word_1_441' title='bbox 1591 3829 1734 3884; x_wconf 92' lang='lat' dir='ltr'>quo,</span> <span class='ocrx_word' id='word_1_442' title='bbox 1765 3819 1900 3884; x_wconf 90' lang='lat' dir='ltr'>post</span> <span class='ocrx_word' id='word_1_443' title='bbox 1920 3829 2021 3868; x_wconf 92' lang='lat' dir='ltr'>eos</span> <span class='ocrx_word' id='word_1_444' title='bbox 2037 3813 2146 3886; x_wconf 88' lang='lat' dir='ltr'>qui</span> 
     </span>
    </p>
   </div>
   <div class='ocr_carea' id='block_1_69' title="bbox 478 3901 2144 3978">
    <p class='ocr_par' dir='ltr' id='par_1_69' title="bbox 478 3901 2144 3978">
     <span class='ocr_line' id='line_1_69' title="bbox 478 3901 2144 3978; baseline -0.001 -19"><span class='ocrx_word' id='word_1_445' title='bbox 478 3919 550 3960; x_wconf 84' lang='lat' dir='ltr'>ex</span> <span class='ocrx_word' id='word_1_446' title='bbox 590 3901 1042 3978; x_wconf 88' lang='lat' dir='ltr'>circumcisione</span> <span class='ocrx_word' id='word_1_447' title='bbox 1086 3901 1168 3956; x_wconf 91' lang='lat' dir='ltr'>ibi</span> <span class='ocrx_word' id='word_1_448' title='bbox 1215 3901 1476 3968; x_wconf 83' lang='lat' dir='ltr'>fuerunt,</span> <span class='ocrx_word' id='word_1_449' title='bbox 1509 3902 1846 3975; x_wconf 88' lang='lat' dir='ltr'>episcopos,</span> <span class='ocrx_word' id='word_1_450' title='bbox 1883 3905 2144 3959; x_wconf 76' lang='lat' dir='ltr'>Marcum</span> 
     </span>
    </p>
   </div>
   <div class='ocr_carea' id='block_1_70' title="bbox 477 3991 2146 4064">
    <p class='ocr_par' dir='ltr' id='par_1_70' title="bbox 477 3991 2146 4064">
     <span class='ocr_line' id='line_1_70' title="bbox 477 3991 2146 4064; baseline 0.001 -18"><span class='ocrx_word' id='word_1_451' title='bbox 477 3992 742 4064; x_wconf 89' lang='lat' dir='ltr'>primum</span> <span class='ocrx_word' id='word_1_452' title='bbox 773 4007 846 4046; x_wconf 84' lang='lat' dir='ltr'>ex</span> <span class='ocrx_word' id='word_1_453' title='bbox 877 3991 1156 4061; x_wconf 82' lang='lat' dir='ltr'>gentibus</span> <span class='ocrx_word' id='word_1_454' title='bbox 1184 3991 1461 4061; x_wconf 67' lang='lat' dir='ltr'>regendae</span> <span class='ocrx_word' id='word_1_455' title='bbox 1493 3991 1766 4046; x_wconf 66' lang='lat' dir='ltr'>Ecclesiae</span> <span class='ocrx_word' id='word_1_456' title='bbox 1793 3991 2146 4064; x_wconf 67' lang='lat' dir='ltr'>prmfectum</span> 
     </span>
    </p>
   </div>
   <div class='ocr_carea' id='block_1_71' title="bbox 479 4081 2143 4147">
    <p class='ocr_par' dir='ltr' id='par_1_71' title="bbox 479 4081 2143 4147">
     <span class='ocr_line' id='line_1_71' title="bbox 479 4081 2143 4147; baseline 0 -11"><span class='ocrx_word' id='word_1_457' title='bbox 479 4097 634 4146; x_wconf 90' lang='lat' dir='ltr'>esse,</span> <span class='ocrx_word' id='word_1_458' title='bbox 683 4086 862 4136; x_wconf 86' lang='lat' dir='ltr'>antea</span> <span class='ocrx_word' id='word_1_459' title='bbox 913 4081 1203 4136; x_wconf 82' lang='lat' dir='ltr'>diximus.</span> <span class='ocrx_word' id='word_1_460' title='bbox 1249 4081 1350 4136; x_wconf 91' lang='lat' dir='ltr'>Cui</span> <span class='ocrx_word' id='word_1_461' title='bbox 1414 4081 1752 4147; x_wconf 86' lang='lat' dir='ltr'>Cassianus,</span> <span class='ocrx_word' id='word_1_462' title='bbox 1799 4081 1973 4136; x_wconf 90' lang='lat' dir='ltr'>sicuti</span> <span class='ocrx_word' id='word_1_463' title='bbox 2005 4097 2143 4136; x_wconf 89' lang='lat' dir='ltr'>suc-</span> 
     </span>
    </p>
   </div>
   <div class='ocr_carea' id='block_1_72' title="bbox 477 4168 2144 4240">
    <p class='ocr_par' dir='ltr' id='par_1_72' title="bbox 477 4168 2144 4240">
     <span class='ocr_line' id='line_1_72' title="bbox 477 4168 2144 4240; baseline -0.001 -15"><span class='ocrx_word' id='word_1_464' title='bbox 477 4169 776 4225; x_wconf 91' lang='lat' dir='ltr'>cessiones</span> <span class='ocrx_word' id='word_1_465' title='bbox 806 4169 934 4240; x_wconf 89' lang='lat' dir='ltr'>ejus</span> <span class='ocrx_word' id='word_1_466' title='bbox 967 4168 1229 4224; x_wconf 77' lang='lat' dir='ltr'>Ecclesiae</span> <span class='ocrx_word' id='word_1_467' title='bbox 1253 4169 1514 4237; x_wconf 88' lang='lat' dir='ltr'>tradunt,</span> <span class='ocrx_word' id='word_1_468' title='bbox 1535 4175 1628 4225; x_wconf 92' lang='lat' dir='ltr'>est</span> <span class='ocrx_word' id='word_1_469' title='bbox 1665 4169 1970 4225; x_wconf 77' lang='lat' dir='ltr'>suffectus.</span> <span class='ocrx_word' id='word_1_470' title='bbox 2001 4170 2144 4225; x_wconf 86' lang='lat' dir='ltr'>Huic</span> 
     </span>
    </p>
   </div>
   <div class='ocr_carea' id='block_1_73' title="bbox 2249 3005 3832 3078">
    <p class='ocr_par' dir='ltr' id='par_1_73' title="bbox 2249 3005 3832 3078">
     <span class='ocr_line' id='line_1_73' title="bbox 2249 3005 3832 3078; baseline -0.007 -13"><span class='ocrx_word' id='word_1_471' title='bbox 2249 3033 2358 3078; x_wconf 89' lang='grc' dir='ltr'><strong>τος.</strong></span> <span class='ocrx_word' id='word_1_472' title='bbox 2403 3015 2509 3068; x_wconf 82' lang='grc' dir='ltr'>Καὶ</span> <span class='ocrx_word' id='word_1_473' title='bbox 2540 3013 2724 3063; x_wconf 87' lang='grc' dir='ltr'><strong>τούτου</strong></span> <span class='ocrx_word' id='word_1_474' title='bbox 2779 3005 2838 3062; x_wconf 67' lang='grc' dir='ltr'>δὲ</span> <span class='ocrx_word' id='word_1_475' title='bbox 2871 3005 3087 3060; x_wconf 81' lang='grc' dir='ltr'><strong>δέκατον</strong></span> <span class='ocrx_word' id='word_1_476' title='bbox 3141 3005 3541 3068; x_wconf 80' lang='grc' dir='ltr'><strong>ἀποπλήσαντος</strong></span> <span class='ocrx_word' id='word_1_477' title='bbox 3571 3007 3697 3070; x_wconf 78' lang='grc' dir='ltr'><strong>ἔτος,</strong></span> <span class='ocrx_word' id='word_1_478' title='bbox 3739 3011 3832 3056; x_wconf 77' lang='grc' dir='ltr'><strong>τῶν</strong></span> 
     </span>
    </p>
   </div>
   <div class='ocr_carea' id='block_1_74' title="bbox 2249 3097 3834 3175">
    <p class='ocr_par' dir='ltr' id='par_1_74' title="bbox 2249 3097 3834 3175">
     <span class='ocr_line' id='line_1_74' title="bbox 2249 3097 3834 3175; baseline -0.008 -20"><span class='ocrx_word' id='word_1_479' title='bbox 2249 3102 2412 3156; x_wconf 83' lang='grc' dir='ltr'><strong>ἐκεῖσε</strong></span> <span class='ocrx_word' id='word_1_480' title='bbox 2465 3107 2752 3175; x_wconf 84' lang='grc' dir='ltr'><strong>παροικιῶν</strong></span> <span class='ocrx_word' id='word_1_481' title='bbox 2817 3103 2911 3158; x_wconf 71' lang='grc' dir='ltr'>τήν</span> <span class='ocrx_word' id='word_1_482' title='bbox 2975 3099 3115 3149; x_wconf 81' lang='grc' dir='ltr'><strong>θείαν</strong></span> <span class='ocrx_word' id='word_1_483' title='bbox 3183 3097 3476 3170; x_wconf 74' lang='grc' dir='ltr'><strong>ὑπουργίαν</strong></span> <span class='ocrx_word' id='word_1_484' title='bbox 3561 3099 3834 3166; x_wconf 73' lang='grc' dir='ltr'><strong>Δημήτριος</strong></span> 
     </span>
    </p>
   </div>
   <div class='ocr_carea' id='block_1_75' title="bbox 2248 3177 3840 3263">
    <p class='ocr_par' dir='ltr' id='par_1_75' title="bbox 2248 3177 3840 3263">
     <span class='ocr_line' id='line_1_75' title="bbox 2248 3177 3840 3263; baseline -0.008 -19"><span class='ocrx_word' id='word_1_485' title='bbox 2248 3191 2307 3244; x_wconf 79' lang='grc' dir='ltr'>ἀν</span> <span class='ocrx_word' id='word_1_486' title='bbox 2357 3188 2567 3263; x_wconf 82' lang='grc' dir='ltr'><strong>δέχετο.</strong></span> <span class='ocrx_word' id='word_1_487' title='bbox 2608 3191 2690 3243; x_wconf 82' lang='grc' dir='ltr'><strong>Ἐν</strong></span> <span class='ocrx_word' id='word_1_488' title='bbox 2741 3185 2792 3242; x_wconf 81' lang='grc' dir='ltr'><strong>δ’</strong></span> <span class='ocrx_word' id='word_1_489' title='bbox 2839 3187 3141 3258; x_wconf 84' lang='grc' dir='ltr'><strong>Ἀντιοχείᾳ</strong></span> <span class='ocrx_word' id='word_1_490' title='bbox 3195 3187 3324 3258; x_wconf 83' lang='grc' dir='ltr'>μετὰ</span> <span class='ocrx_word' id='word_1_491' title='bbox 3371 3183 3654 3256; x_wconf 80' lang='grc' dir='ltr'><strong>Μαξιμῖνον</strong></span> <span class='ocrx_word' id='word_1_492' title='bbox 3701 3177 3840 3233; x_wconf 82' lang='grc' dir='ltr'><strong>ένδέ-</strong></span> 
     </span>
    </p>
   </div>
   <div class='ocr_carea' id='block_1_76' title="bbox 2247 3269 3844 3351">
    <p class='ocr_par' dir='ltr' id='par_1_76' title="bbox 2247 3269 3844 3351">
     <span class='ocr_line' id='line_1_76' title="bbox 2247 3269 3844 3351; baseline -0.008 -17"><span class='ocrx_word' id='word_1_493' title='bbox 2247 3299 2401 3334; x_wconf 89' lang='grc' dir='ltr'><strong>κατον</strong></span> <span class='ocrx_word' id='word_1_494' title='bbox 2435 3280 2768 3351; x_wconf 70' lang='grc' dir='ltr'><strong>ἡγησάμενον</strong></span> <span class='ocrx_word' id='word_1_495' title='bbox 2807 3279 2941 3344; x_wconf 83' lang='grc' dir='ltr'><strong>ἔτος,</strong></span> <span class='ocrx_word' id='word_1_496' title='bbox 2980 3279 3239 3350; x_wconf 85' lang='grc' dir='ltr'><strong>Σεραπίων</strong></span> <span class='ocrx_word' id='word_1_497' title='bbox 3287 3276 3375 3326; x_wconf 88' lang='grc' dir='ltr'><strong>τὸν</strong></span> <span class='ocrx_word' id='word_1_498' title='bbox 3429 3281 3522 3334; x_wconf 74' lang='grc' dir='ltr'><strong>τῆς</strong></span> <span class='ocrx_word' id='word_1_499' title='bbox 3575 3269 3844 3332; x_wconf 83' lang='grc' dir='ltr'><strong>διακονίας</strong></span> 
     </span>
    </p>
   </div>
   <div class='ocr_carea' id='block_1_77' title="bbox 2248 3358 3841 3443">
    <p class='ocr_par' dir='ltr' id='par_1_77' title="bbox 2248 3358 3841 3443">
     <span class='ocr_line' id='line_1_77' title="bbox 2248 3358 3841 3443; baseline -0.008 -21"><span class='ocrx_word' id='word_1_500' title='bbox 2248 3370 2436 3443; x_wconf 78' lang='grc' dir='ltr'><strong>κλῆρον</strong></span> <span class='ocrx_word' id='word_1_501' title='bbox 2485 3367 2784 3441; x_wconf 73' lang='grc' dir='ltr'><strong>ἐλάμϐανεν,</strong></span> <span class='ocrx_word' id='word_1_502' title='bbox 2827 3361 3022 3438; x_wconf 83' lang='grc' dir='ltr'><strong>ὀγδόην</strong></span> <span class='ocrx_word' id='word_1_503' title='bbox 3077 3365 3211 3437; x_wconf 77' lang='grc' dir='ltr'><strong>ἶχων</strong></span> <span class='ocrx_word' id='word_1_504' title='bbox 3263 3361 3367 3415; x_wconf 81' lang='grc' dir='ltr'><strong>ἀπὸ</strong></span> <span class='ocrx_word' id='word_1_505' title='bbox 3405 3371 3506 3414; x_wconf 82' lang='grc' dir='ltr'><strong>τῶν</strong></span> <span class='ocrx_word' id='word_1_506' title='bbox 3545 3358 3841 3414; x_wconf 79' lang='grc' dir='ltr'><strong>ἀποστόλων</strong></span> 
     </span>
    </p>
   </div>
   <div class='ocr_carea' id='block_1_78' title="bbox 2251 3446 3850 3530">
    <p class='ocr_par' dir='ltr' id='par_1_78' title="bbox 2251 3446 3850 3530">
     <span class='ocr_line' id='line_1_78' title="bbox 2251 3446 3850 3530; baseline -0.008 -19"><span class='ocrx_word' id='word_1_507' title='bbox 2251 3456 2523 3530; x_wconf 76' lang='grc' dir='ltr'><strong>διαδοχήν</strong></span> <span class='ocrx_word' id='word_1_508' title='bbox 2559 3475 2572 3488; x_wconf 85' lang='grc'><em>’</em></span> <span class='ocrx_word' id='word_1_509' title='bbox 2631 3461 2720 3510; x_wconf 85' lang='grc' dir='ltr'>καὶ</span> <span class='ocrx_word' id='word_1_510' title='bbox 2768 3457 2932 3526; x_wconf 81' lang='grc' dir='ltr'><strong>τούτῳ</strong></span> <span class='ocrx_word' id='word_1_511' title='bbox 2983 3449 3033 3506; x_wconf 87' lang='grc' dir='ltr'><strong>δ’</strong></span> <span class='ocrx_word' id='word_1_512' title='bbox 3069 3455 3256 3514; x_wconf 74' lang='grc' dir='ltr'><strong>ἱκανῶς</strong></span> <span class='ocrx_word' id='word_1_513' title='bbox 3303 3461 3364 3524; x_wconf 76' lang='grc' dir='ltr'>τῇ</span> <span class='ocrx_word' id='word_1_514' title='bbox 3418 3450 3710 3524; x_wconf 75' lang='grc' dir='ltr'><strong>λειτουργίᾳ</strong></span> <span class='ocrx_word' id='word_1_515' title='bbox 3762 3446 3850 3520; x_wconf 83' lang='grc' dir='ltr'><strong>ἐμ-</strong></span> 
     </span>
    </p>
   </div>
   <div class='ocr_carea' id='block_1_79' title="bbox 2249 3537 3858 3622">
    <p class='ocr_par' dir='ltr' id='par_1_79' title="bbox 2249 3537 3858 3622">
     <span class='ocr_line' id='line_1_79' title="bbox 2249 3537 3858 3622; baseline -0.007 -21"><span class='ocrx_word' id='word_1_516' title='bbox 2249 3547 2506 3622; x_wconf 69' lang='grc' dir='ltr'><strong>πρέψαντι</strong></span> <span class='ocrx_word' id='word_1_517' title='bbox 2549 3540 2951 3605; x_wconf 78' lang='grc' dir='ltr'><strong>’Δσκληπιάδης</strong></span> <span class='ocrx_word' id='word_1_518' title='bbox 3001 3537 3648 3614; x_wconf 60' lang='grc' dir='ltr'><strong>διάδοχοςανεδείανυτο.</strong></span> <span class='ocrx_word' id='word_1_519' title='bbox 3703 3539 3858 3590; x_wconf 75' lang='grc' dir='ltr'><strong>Κατὰ</strong></span> 
     </span>
    </p>
   </div>
   <div class='ocr_carea' id='block_1_80' title="bbox 2254 3626 3858 3708">
    <p class='ocr_par' dir='ltr' id='par_1_80' title="bbox 2254 3626 3858 3708">
     <span class='ocr_line' id='line_1_80' title="bbox 2254 3626 3858 3708; baseline -0.007 -18"><span class='ocrx_word' id='word_1_520' title='bbox 2254 3634 2313 3690; x_wconf 73' lang='grc' dir='ltr'><strong>δὲ</strong></span> <span class='ocrx_word' id='word_1_521' title='bbox 2359 3640 2476 3698; x_wconf 79' lang='grc' dir='ltr'><strong>τοὺς</strong></span> <span class='ocrx_word' id='word_1_522' title='bbox 2527 3636 2715 3698; x_wconf 85' lang='grc' dir='ltr'><strong>αύτούς</strong></span> <span class='ocrx_word' id='word_1_523' title='bbox 2771 3637 3000 3708; x_wconf 89' lang='grc' dir='ltr'><strong>χρόνους</strong></span> <span class='ocrx_word' id='word_1_524' title='bbox 3049 3641 3144 3694; x_wconf 81' lang='grc' dir='ltr'><strong>τῆς</strong></span> <span class='ocrx_word' id='word_1_525' title='bbox 3207 3635 3255 3684; x_wconf 77' lang='grc' dir='ltr'><strong>ἓν</strong></span> <span class='ocrx_word' id='word_1_526' title='bbox 3307 3627 3656 3704; x_wconf 75' lang='grc' dir='ltr'><strong>Ἰερουσαλὴμ</strong></span> <span class='ocrx_word' id='word_1_527' title='bbox 3705 3626 3858 3699; x_wconf 79' lang='grc' dir='ltr'><strong>ἁγίας</strong></span> 
     </span>
    </p>
   </div>
   <div class='ocr_carea' id='block_1_81' title="bbox 2253 3716 3858 3800">
    <p class='ocr_par' dir='ltr' id='par_1_81' title="bbox 2253 3716 3858 3800">
     <span class='ocr_line' id='line_1_81' title="bbox 2253 3716 3858 3800; baseline -0.007 -21"><span class='ocrx_word' id='word_1_528' title='bbox 2253 3733 2379 3779; x_wconf 85' lang='grc' dir='ltr'><strong>Σιὼν</strong></span> <span class='ocrx_word' id='word_1_529' title='bbox 2433 3725 2590 3778; x_wconf 84' lang='grc' dir='ltr'><strong>εἰσέτι</strong></span> <span class='ocrx_word' id='word_1_530' title='bbox 2629 3727 2934 3800; x_wconf 76' lang='grc' dir='ltr'><strong>Νάρκισσος</strong></span> <span class='ocrx_word' id='word_1_531' title='bbox 2985 3723 3010 3774; x_wconf 92' lang='grc' dir='ltr'>ό</span> <span class='ocrx_word' id='word_1_532' title='bbox 3057 3723 3348 3794; x_wconf 77' lang='grc' dir='ltr'><strong>θαυμάσιος</strong></span> <span class='ocrx_word' id='word_1_533' title='bbox 3390 3723 3480 3794; x_wconf 82' lang='grc' dir='ltr'><strong>τήν</strong></span> <span class='ocrx_word' id='word_1_534' title='bbox 3523 3716 3858 3790; x_wconf 84' lang='grc' dir='ltr'><strong>λειτουργίαν</strong></span> 
     </span>
    </p>
   </div>
   <div class='ocr_carea' id='block_1_82' title="bbox 2253 3803 3861 3908">
    <p class='ocr_par' dir='ltr' id='par_1_82' title="bbox 2253 3803 3861 3908">
     <span class='ocr_line' id='line_1_82' title="bbox 2253 3803 3861 3908; baseline -0.007 -40"><span class='ocrx_word' id='word_1_535' title='bbox 2253 3813 2387 3888; x_wconf 86' lang='grc' dir='ltr'><strong>εἶχε,</strong></span> <span class='ocrx_word' id='word_1_536' title='bbox 2437 3818 2676 3886; x_wconf 75' lang='grc' dir='ltr'><strong>πέμπτην</strong></span> <span class='ocrx_word' id='word_1_537' title='bbox 2719 3816 2809 3864; x_wconf 86' lang='grc' dir='ltr'><strong>καὶ</strong></span> <span class='ocrx_word' id='word_1_538' title='bbox 2839 3807 3064 3868; x_wconf 88' lang='grc' dir='ltr'><strong>δεκάτην</strong></span> <span class='ocrx_word' id='word_1_539' title='bbox 3118 3811 3258 3882; x_wconf 83' lang='grc' dir='ltr'><strong>οἶγων</strong></span> <span class='ocrx_word' id='word_1_540' title='bbox 3289 3803 3584 3908; x_wconf 36' lang='grc' dir='ltr'><strong>διαδοχήν</strong></span> <span class='ocrx_word' id='word_1_541' title='bbox 3627 3803 3732 3858; x_wconf 75' lang='grc' dir='ltr'>ἀπὸ</span> <span class='ocrx_word' id='word_1_542' title='bbox 3771 3812 3861 3866; x_wconf 78' lang='grc' dir='ltr'><strong>τῆς</strong></span> 
     </span>
    </p>
   </div>
   <div class='ocr_carea' id='block_1_83' title="bbox 2251 3895 3858 3974">
    <p class='ocr_par' dir='ltr' id='par_1_83' title="bbox 2251 3895 3858 3974">
     <span class='ocr_line' id='line_1_83' title="bbox 2251 3895 3858 3974; baseline -0.007 -17"><span class='ocrx_word' id='word_1_543' title='bbox 2251 3913 2352 3957; x_wconf 84' lang='grc' dir='ltr'>τῶν</span> <span class='ocrx_word' id='word_1_544' title='bbox 2382 3899 2654 3957; x_wconf 87' lang='grc' dir='ltr'><strong>Ἰουδαίων</strong></span> <span class='ocrx_word' id='word_1_545' title='bbox 2705 3903 2842 3954; x_wconf 88' lang='grc' dir='ltr'>κατὰ</span> <span class='ocrx_word' id='word_1_546' title='bbox 2875 3896 3155 3974; x_wconf 74' lang='grc' dir='ltr'><strong>Ἀδριανὸν</strong></span> <span class='ocrx_word' id='word_1_547' title='bbox 3205 3896 3456 3973; x_wconf 86' lang='grc' dir='ltr'><strong>δευτέρας</strong></span> <span class='ocrx_word' id='word_1_548' title='bbox 3476 3895 3816 3974; x_wconf 59' lang='grc' dir='ltr'><strong>’ᾎΞολιορκίας</strong></span> <span class='ocrx_word' id='word_1_549' title='bbox 3845 3911 3858 3925; x_wconf 90' lang='grc'><strong>·</strong></span> 
     </span>
    </p>
   </div>
   <div class='ocr_carea' id='block_1_84' title="bbox 2253 3961 3860 4066">
    <p class='ocr_par' dir='ltr' id='par_1_84' title="bbox 2253 3961 3860 4066">
     <span class='ocr_line' id='line_1_84' title="bbox 2253 3961 3860 4066; baseline -0.006 -20"><span class='ocrx_word' id='word_1_550' title='bbox 2253 3992 2338 4066; x_wconf 73' lang='grc' dir='ltr'>ἀφ’</span> <span class='ocrx_word' id='word_1_551' title='bbox 2390 3991 2452 4044; x_wconf 76' lang='grc' dir='ltr'><strong>οὔ</strong></span> <span class='ocrx_word' id='word_1_552' title='bbox 2489 3995 2620 4062; x_wconf 78' lang='grc' dir='ltr'><strong>μετὰ</strong></span> <span class='ocrx_word' id='word_1_553' title='bbox 2661 3995 2782 4054; x_wconf 85' lang='grc' dir='ltr'><strong>τοὺς</strong></span> <span class='ocrx_word' id='word_1_554' title='bbox 2819 3989 2876 4042; x_wconf 83' lang='grc' dir='ltr'>ἐκ</span> <span class='ocrx_word' id='word_1_555' title='bbox 2911 3961 3197 4063; x_wconf 77' lang='grc' dir='ltr'><strong>περιτομῆς</strong></span> <span class='ocrx_word' id='word_1_556' title='bbox 3246 3961 3600 4066; x_wconf 47' lang='grc' dir='ltr'><strong>ἐπισκόποιλς</strong></span> <span class='ocrx_word' id='word_1_557' title='bbox 3645 3993 3734 4046; x_wconf 72' lang='grc' dir='ltr'><strong>τῆς</strong></span> <span class='ocrx_word' id='word_1_558' title='bbox 3777 3983 3860 4036; x_wconf 78' lang='grc' dir='ltr'><strong>αύ-</strong></span> 
     </span>
    </p>
   </div>
   <div class='ocr_carea' id='block_1_85' title="bbox 2252 4073 3862 4150">
    <p class='ocr_par' dir='ltr' id='par_1_85' title="bbox 2252 4073 3862 4150">
     <span class='ocr_line' id='line_1_85' title="bbox 2252 4073 3862 4150; baseline -0.005 -16"><span class='ocrx_word' id='word_1_559' title='bbox 2252 4084 2370 4134; x_wconf 87' lang='grc' dir='ltr'><strong>τόθι</strong></span> <span class='ocrx_word' id='word_1_560' title='bbox 2447 4079 2724 4141; x_wconf 82' lang='grc' dir='ltr'><strong>ἐκκλησίας</strong></span> <span class='ocrx_word' id='word_1_561' title='bbox 2789 4080 3001 4150; x_wconf 87' lang='grc' dir='ltr'><strong>Μάρκον</strong></span> <span class='ocrx_word' id='word_1_562' title='bbox 3053 4080 3476 4150; x_wconf 77' lang='grc' dir='ltr'><strong>καθηγήσασθαι</strong></span> <span class='ocrx_word' id='word_1_563' title='bbox 3565 4073 3778 4150; x_wconf 58' lang='grc' dir='ltr'><strong>-ξπρῶτον</strong></span> <span class='ocrx_word' id='word_1_564' title='bbox 3817 4073 3862 4136; x_wconf 79' lang='grc' dir='ltr'><strong>ἐξ</strong></span> 
     </span>
    </p>
   </div>
   <div class='ocr_carea' id='block_1_86' title="bbox 2255 4163 3860 4240">
    <p class='ocr_par' dir='ltr' id='par_1_86' title="bbox 2255 4163 3860 4240">
     <span class='ocr_line' id='line_1_86' title="bbox 2255 4163 3860 4240; baseline -0.005 -17"><span class='ocrx_word' id='word_1_565' title='bbox 2255 4170 2407 4225; x_wconf 84' lang='grc' dir='ltr'><strong>ἐθνῶν</strong></span> <span class='ocrx_word' id='word_1_566' title='bbox 2453 4173 2734 4222; x_wconf 77' lang='grc' dir='ltr'><strong>ἑπίσκοπον</strong></span> <span class='ocrx_word' id='word_1_567' title='bbox 2783 4165 3148 4240; x_wconf 82' lang='grc' dir='ltr'><strong>ἐδηλώσαμεν.</strong></span> <span class='ocrx_word' id='word_1_568' title='bbox 3207 4169 3354 4221; x_wconf 84' lang='grc' dir='ltr'>Μετὰ</span> <span class='ocrx_word' id='word_1_569' title='bbox 3399 4163 3460 4220; x_wconf 75' lang='grc' dir='ltr'>δε</span> <span class='ocrx_word' id='word_1_570' title='bbox 3502 4163 3710 4240; x_wconf 45' lang='lat' dir='ltr'>toﬁna</span> <span class='ocrx_word' id='word_1_571' title='bbox 3743 4171 3860 4218; x_wconf 74' lang='grc' dir='ltr'><strong>Κασ-</strong></span> 
     </span>
    </p>
   </div>
   <div class='ocr_carea' id='block_1_87' title="bbox 3569 4037 3628 4118">
    <p class='ocr_par' dir='ltr' id='par_1_87' title="bbox 3569 4037 3624 4118">
     <span class='ocr_line' id='line_1_87' title="bbox 3569 4037 3624 4118; baseline 0 0"><span class='ocrx_word' id='word_1_572' title='bbox 3569 4037 3624 4118; x_wconf 68' lang='grc' dir='ltr'><strong>[τ</strong></span> 
     </span>
    </p>
   </div>
   <div class='ocr_carea' id='block_1_88' title="bbox 480 4254 2143 4332">
    <p class='ocr_par' dir='ltr' id='par_1_88' title="bbox 480 4258 2140 4324">
     <span class='ocr_line' id='line_1_88' title="bbox 480 4258 2140 4324; baseline 0 -10"><span class='ocrx_word' id='word_1_573' title='bbox 480 4265 682 4315; x_wconf 90' lang='lat' dir='ltr'>autem</span> <span class='ocrx_word' id='word_1_574' title='bbox 730 4258 994 4324; x_wconf 89' lang='lat' dir='ltr'>Publius,</span> <span class='ocrx_word' id='word_1_575' title='bbox 1055 4259 1259 4314; x_wconf 90' lang='lat' dir='ltr'>Publio</span> <span class='ocrx_word' id='word_1_576' title='bbox 1319 4259 1630 4323; x_wconf 82' lang='lat' dir='ltr'>Maximus,</span> <span class='ocrx_word' id='word_1_577' title='bbox 1666 4259 1922 4315; x_wconf 83' lang='lat' dir='ltr'>Maximo</span> <span class='ocrx_word' id='word_1_578' title='bbox 1956 4259 2140 4314; x_wconf 87' lang='lat' dir='ltr'>Julia-</span> 
     </span>
    </p>
   </div>
   <div class='ocr_carea' id='block_1_89' title="bbox 2254 4254 3862 4332">
    <p class='ocr_par' dir='ltr' id='par_1_89' title="bbox 2255 4254 3862 4332">
     <span class='ocr_line' id='line_1_89' title="bbox 2255 4254 3862 4332; baseline -0.006 -19"><span class='ocrx_word' id='word_1_579' title='bbox 2255 4264 2431 4314; x_wconf 90' lang='grc' dir='ltr'><strong>σιανὸν</strong></span> <span class='ocrx_word' id='word_1_580' title='bbox 2483 4259 2884 4332; x_wconf 80' lang='grc' dir='ltr'><strong>ἐγχειρισθῆναι</strong></span> <span class='ocrx_word' id='word_1_581' title='bbox 2931 4261 3025 4316; x_wconf 77' lang='grc' dir='ltr'><strong>τήν</strong></span> <span class='ocrx_word' id='word_1_582' title='bbox 3081 4257 3406 4330; x_wconf 87' lang='grc' dir='ltr'><strong>λειτουργίαν</strong></span> <span class='ocrx_word' id='word_1_583' title='bbox 3453 4260 3514 4310; x_wconf 83' lang='grc' dir='ltr'>αἱ</span> <span class='ocrx_word' id='word_1_584' title='bbox 3547 4254 3683 4332; x_wconf 45' lang='grc' dir='ltr'>τῶη</span> <span class='ocrx_word' id='word_1_585' title='bbox 3703 4254 3862 4306; x_wconf 74' lang='grc' dir='ltr'><strong>αὐτόθι</strong></span> 
     </span>
    </p>
   </div>
   <div class='ocr_carea' id='block_1_90' title="bbox 479 4347 2142 4420">
    <p class='ocr_par' dir='ltr' id='par_1_90' title="bbox 479 4347 2142 4420">
     <span class='ocr_line' id='line_1_90' title="bbox 479 4347 2142 4420; baseline 0 -16"><span class='ocrx_word' id='word_1_586' title='bbox 479 4364 598 4404; x_wconf 85' lang='lat' dir='ltr'>nus</span> <span class='ocrx_word' id='word_1_587' title='bbox 648 4347 724 4419; x_wconf 79' lang='grc'>(4)</span> <span class='ocrx_word' id='word_1_588' title='bbox 765 4365 779 4416; x_wconf 88' lang='grc'><strong>;</strong></span> <span class='ocrx_word' id='word_1_589' title='bbox 823 4349 918 4402; x_wconf 95' lang='lat' dir='ltr'>cui</span> <span class='ocrx_word' id='word_1_590' title='bbox 977 4347 1188 4402; x_wconf 89' lang='lat' dir='ltr'>ordine</span> <span class='ocrx_word' id='word_1_591' title='bbox 1244 4355 1662 4404; x_wconf 90' lang='lat' dir='ltr'>successerunt</span> <span class='ocrx_word' id='word_1_592' title='bbox 1717 4347 1912 4417; x_wconf 87' lang='lat' dir='ltr'>Cajus,</span> <span class='ocrx_word' id='word_1_593' title='bbox 1973 4349 2142 4420; x_wconf 88' lang='lat' dir='ltr'>Sym-</span> 
     </span>
    </p>
   </div>
   <div class='ocr_carea' id='block_1_91' title="bbox 477 4435 2140 4510">
    <p class='ocr_par' dir='ltr' id='par_1_91' title="bbox 477 4435 2140 4510">
     <span class='ocr_line' id='line_1_91' title="bbox 477 4435 2140 4510; baseline 0.001 -18"><span class='ocrx_word' id='word_1_594' title='bbox 477 4437 754 4504; x_wconf 88' lang='lat' dir='ltr'>machus,</span> <span class='ocrx_word' id='word_1_595' title='bbox 789 4437 964 4506; x_wconf 89' lang='lat' dir='ltr'>Cajus</span> <span class='ocrx_word' id='word_1_596' title='bbox 997 4435 1457 4502; x_wconf 84' lang='lat' dir='ltr'>alter,Julianus</span> <span class='ocrx_word' id='word_1_597' title='bbox 1513 4437 1654 4492; x_wconf 88' lang='lat' dir='ltr'>item</span> <span class='ocrx_word' id='word_1_598' title='bbox 1703 4438 1869 4506; x_wconf 90' lang='lat' dir='ltr'>alter,</span> <span class='ocrx_word' id='word_1_599' title='bbox 1909 4437 2140 4510; x_wconf 87' lang='lat' dir='ltr'>Capito,</span> 
     </span>
    </p>
   </div>
   <div class='ocr_carea' id='block_1_92' title="bbox 478 4523 2144 4597">
    <p class='ocr_par' dir='ltr' id='par_1_92' title="bbox 478 4523 2144 4597">
     <span class='ocr_line' id='line_1_92' title="bbox 478 4523 2144 4597; baseline 0.001 -17"><span class='ocrx_word' id='word_1_600' title='bbox 478 4525 711 4591; x_wconf 88' lang='lat' dir='ltr'>Valens,</span> <span class='ocrx_word' id='word_1_601' title='bbox 769 4523 1172 4590; x_wconf 85' lang='lat' dir='ltr'>Dolichianus,</span> <span class='ocrx_word' id='word_1_602' title='bbox 1230 4533 1287 4580; x_wconf 89' lang='lat' dir='ltr'>et</span> <span class='ocrx_word' id='word_1_603' title='bbox 1328 4526 1406 4582; x_wconf 90' lang='lat' dir='ltr'>ab</span> <span class='ocrx_word' id='word_1_604' title='bbox 1459 4525 1872 4597; x_wconf 90' lang='lat' dir='ltr'>apostolorum</span> <span class='ocrx_word' id='word_1_605' title='bbox 1911 4543 2144 4584; x_wconf 87' lang='lat' dir='ltr'>succes-</span> 
     </span>
    </p>
   </div>
   <div class='ocr_carea' id='block_1_93' title="bbox 480 4613 2143 4673">
    <p class='ocr_par' dir='ltr' id='par_1_93' title="bbox 480 4613 2143 4673">
     <span class='ocr_line' id='line_1_93' title="bbox 480 4613 2143 4673; baseline 0.001 -3"><span class='ocrx_word' id='word_1_606' title='bbox 480 4615 646 4670; x_wconf 90' lang='lat' dir='ltr'>sione</span> <span class='ocrx_word' id='word_1_607' title='bbox 681 4613 1014 4670; x_wconf 86' lang='lat' dir='ltr'>tricesimus</span> <span class='ocrx_word' id='word_1_608' title='bbox 1047 4613 1470 4670; x_wconf 89' lang='lat' dir='ltr'>celeberrimus</span> <span class='ocrx_word' id='word_1_609' title='bbox 1499 4616 1826 4671; x_wconf 86' lang='lat' dir='ltr'>Narcissus.</span> <span class='ocrx_word' id='word_1_610' title='bbox 1860 4619 2143 4673; x_wconf 64' lang='lat' dir='ltr'>Caesarem</span> 
     </span>
    </p>
   </div>
   <div class='ocr_carea' id='block_1_94' title="bbox 475 4703 2146 4776">
    <p class='ocr_par' dir='ltr' id='par_1_94' title="bbox 475 4703 2146 4776">
     <span class='ocr_line' id='line_1_94' title="bbox 475 4703 2146 4776; baseline 0.001 -17"><span class='ocrx_word' id='word_1_611' title='bbox 475 4719 656 4776; x_wconf 90' lang='lat' dir='ltr'>porro</span> <span class='ocrx_word' id='word_1_612' title='bbox 709 4703 1035 4758; x_wconf 72' lang='lat' dir='ltr'>Palaestinae</span> <span class='ocrx_word' id='word_1_613' title='bbox 1079 4703 1420 4776; x_wconf 89' lang='lat' dir='ltr'>episcopale</span> <span class='ocrx_word' id='word_1_614' title='bbox 1477 4719 1700 4760; x_wconf 89' lang='lat' dir='ltr'>munus</span> <span class='ocrx_word' id='word_1_615' title='bbox 1757 4711 1882 4761; x_wconf 91' lang='lat' dir='ltr'>tum</span> <span class='ocrx_word' id='word_1_616' title='bbox 1933 4705 2146 4768; x_wconf 75' lang='lat' dir='ltr'>habuit</span> 
     </span>
    </p>
   </div>
   <div class='ocr_carea' id='block_1_95' title="bbox 476 4793 2144 4866">
    <p class='ocr_par' dir='ltr' id='par_1_95' title="bbox 476 4793 2144 4866">
     <span class='ocr_line' id='line_1_95' title="bbox 476 4793 2144 4866; baseline 0.001 -18"><span class='ocrx_word' id='word_1_617' title='bbox 476 4793 858 4866; x_wconf 82' lang='lat' dir='ltr'>Theophilus.</span> <span class='ocrx_word' id='word_1_618' title='bbox 895 4793 1071 4865; x_wconf 81' lang='lat'>315</span> <span class='ocrx_word' id='word_1_619' title='bbox 1109 4794 1174 4848; x_wconf 89' lang='lat' dir='ltr'>In</span> <span class='ocrx_word' id='word_1_620' title='bbox 1205 4793 1428 4849; x_wconf 64' lang='lat' dir='ltr'>Graecia</span> <span class='ocrx_word' id='word_1_621' title='bbox 1459 4799 1660 4848; x_wconf 90' lang='lat' dir='ltr'>autem</span> <span class='ocrx_word' id='word_1_622' title='bbox 1710 4795 1972 4850; x_wconf 90' lang='lat' dir='ltr'>Corinthi</span> <span class='ocrx_word' id='word_1_623' title='bbox 2007 4797 2144 4850; x_wconf 87' lang='lat' dir='ltr'>Bac-</span> 
     </span>
    </p>
   </div>
   <div class='ocr_carea' id='block_1_96' title="bbox 477 4881 2145 4955">
    <p class='ocr_par' dir='ltr' id='par_1_96' title="bbox 477 4881 2145 4955">
     <span class='ocr_line' id='line_1_96' title="bbox 477 4881 2145 4955; baseline 0.002 -17"><span class='ocrx_word' id='word_1_624' title='bbox 477 4882 691 4954; x_wconf 89' lang='lat' dir='ltr'>chylus</span> <span class='ocrx_word' id='word_1_625' title='bbox 718 4883 1038 4954; x_wconf 82' lang='lat' dir='ltr'>episcopus</span> <span class='ocrx_word' id='word_1_626' title='bbox 1067 4881 1198 4948; x_wconf 76' lang='lat' dir='ltr'>fuit,</span> <span class='ocrx_word' id='word_1_627' title='bbox 1233 4882 1450 4954; x_wconf 86' lang='lat' dir='ltr'>Ephesi</span> <span class='ocrx_word' id='word_1_628' title='bbox 1507 4897 1650 4938; x_wconf 81' lang='lat' dir='ltr'>vero</span> <span class='ocrx_word' id='word_1_629' title='bbox 1698 4883 2060 4955; x_wconf 85' lang='lat' dir='ltr'>Polycrates,</span> <span class='ocrx_word' id='word_1_630' title='bbox 2087 4889 2145 4942; x_wconf 93' lang='lat' dir='ltr'>et</span> 
     </span>
    </p>
   </div>
   <div class='ocr_carea' id='block_1_97' title="bbox 550 5041 2136 5114">
    <p class='ocr_par' dir='ltr' id='par_1_97' title="bbox 550 5041 2136 5114">
     <span class='ocr_line' id='line_1_97' title="bbox 550 5041 2136 5114; baseline 0.003 -17"><span class='ocrx_word' id='word_1_631' title='bbox 550 5043 626 5114; x_wconf 86' lang='lat' dir='ltr'>(t)</span> <span class='ocrx_word' id='word_1_632' title='bbox 676 5045 742 5100; x_wconf 82' lang='grc' dir='ltr'><strong>Μ.</strong></span> <span class='ocrx_word' id='word_1_633' title='bbox 790 5042 1154 5098; x_wconf 87' lang='lat' dir='ltr'>Antoninum</span> <span class='ocrx_word' id='word_1_634' title='bbox 1201 5043 1266 5098; x_wconf 75' lang='grc'>19</span> <span class='ocrx_word' id='word_1_635' title='bbox 1324 5042 1498 5099; x_wconf 88' lang='lat' dir='ltr'>annis</span> <span class='ocrx_word' id='word_1_636' title='bbox 1551 5041 1903 5114; x_wconf 86' lang='lat' dir='ltr'>imperasse,</span> <span class='ocrx_word' id='word_1_637' title='bbox 1934 5045 2136 5102; x_wconf 88' lang='lat' dir='ltr'>scribit</span> 
     </span>
    </p>
   </div>
   <div class='ocr_carea' id='block_1_98' title="bbox 479 5113 1141 5187">
    <p class='ocr_par' dir='ltr' id='par_1_98' title="bbox 479 5113 1141 5187">
     <span class='ocr_line' id='line_1_98' title="bbox 479 5113 1141 5187; baseline -0.011 -15"><span class='ocrx_word' id='word_1_638' title='bbox 479 5113 692 5172; x_wconf 86' lang='lat' dir='ltr'>Euseb.</span> <span class='ocrx_word' id='word_1_639' title='bbox 716 5113 818 5169; x_wconf 89' lang='lat' dir='ltr'>lib.</span> <span class='ocrx_word' id='word_1_640' title='bbox 847 5131 902 5182; x_wconf 89' lang='lat' dir='ltr'>v,</span> <span class='ocrx_word' id='word_1_641' title='bbox 931 5131 1064 5187; x_wconf 89' lang='lat' dir='ltr'>cap.</span> <span class='ocrx_word' id='word_1_642' title='bbox 1089 5117 1141 5169; x_wconf 92' lang='lat'>9.</span> 
     </span>
    </p>
   </div>
   <div class='ocr_carea' id='block_1_99' title="bbox 549 5183 1998 5261">
    <p class='ocr_par' dir='ltr' id='par_1_99' title="bbox 549 5183 1998 5261">
     <span class='ocr_line' id='line_1_99' title="bbox 549 5183 1998 5261; baseline 0.001 -20"><span class='ocrx_word' id='word_1_643' title='bbox 549 5187 628 5261; x_wconf 80' lang='lat'>(2)</span> <span class='ocrx_word' id='word_1_644' title='bbox 661 5193 831 5261; x_wconf 72' lang='lat' dir='ltr'>Auno</span> <span class='ocrx_word' id='word_1_645' title='bbox 861 5183 1174 5261; x_wconf 81' lang='lat' dir='ltr'>Commodi</span> <span class='ocrx_word' id='word_1_646' title='bbox 1199 5202 1236 5241; x_wconf 86' lang='grc' dir='ltr'><strong>ι.</strong></span> <span class='ocrx_word' id='word_1_647' title='bbox 1259 5183 1498 5261; x_wconf 83' lang='lat' dir='ltr'>(Euseb.</span> <span class='ocrx_word' id='word_1_648' title='bbox 1522 5184 1624 5241; x_wconf 91' lang='lat' dir='ltr'>lib.</span> <span class='ocrx_word' id='word_1_649' title='bbox 1658 5203 1712 5261; x_wconf 86' lang='lat' dir='ltr'>v,</span> <span class='ocrx_word' id='word_1_650' title='bbox 1749 5201 1882 5258; x_wconf 89' lang='lat' dir='ltr'>cap.</span> <span class='ocrx_word' id='word_1_651' title='bbox 1917 5189 1998 5261; x_wconf 88' lang='lat'>9.)</span> 
     </span>
    </p>
   </div>
   <div class='ocr_carea' id='block_1_100' title="bbox 551 5257 2134 5333">
    <p class='ocr_par' dir='ltr' id='par_1_100' title="bbox 551 5257 2134 5333">
     <span class='ocr_line' id='line_1_100' title="bbox 551 5257 2134 5333; baseline -0.001 -19"><span class='ocrx_word' id='word_1_652' title='bbox 551 5259 628 5329; x_wconf 88' lang='lat'>(3)</span> <span class='ocrx_word' id='word_1_653' title='bbox 662 5259 1159 5333; x_wconf 73' lang='lat' dir='ltr'>inpersecutione</span> <span class='ocrx_word' id='word_1_654' title='bbox 1217 5257 1330 5313; x_wconf 74' lang='lat' dir='ltr'>sdb</span> <span class='ocrx_word' id='word_1_655' title='bbox 1389 5259 1602 5333; x_wconf 83' lang='lat' dir='ltr'>Severo</span> <span class='ocrx_word' id='word_1_656' title='bbox 1655 5257 2134 5333; x_wconf 60' lang='lat' dir='ltr'>Narcissus&#39;epi-</span> 
     </span>
    </p>
   </div>
   <div class='ocr_carea' id='block_1_101' title="bbox 479 5329 2130 5403">
    <p class='ocr_par' dir='ltr' id='par_1_101' title="bbox 479 5329 2130 5403">
     <span class='ocr_line' id='line_1_101' title="bbox 479 5329 2130 5403; baseline 0.002 -17"><span class='ocrx_word' id='word_1_657' title='bbox 479 5347 698 5403; x_wconf 86' lang='lat' dir='ltr'>scOpus</span> <span class='ocrx_word' id='word_1_658' title='bbox 713 5329 1280 5403; x_wconf 78' lang='lat' dir='ltr'>l-Iterosolymitanus</span> <span class='ocrx_word' id='word_1_659' title='bbox 1303 5345 1496 5403; x_wconf 83' lang='lat' dir='ltr'>annos</span> <span class='ocrx_word' id='word_1_660' title='bbox 1507 5329 1732 5401; x_wconf 88' lang='lat' dir='ltr'>aliquot</span> <span class='ocrx_word' id='word_1_661' title='bbox 1749 5332 1808 5385; x_wconf 88' lang='lat' dir='ltr'>in</span> <span class='ocrx_word' id='word_1_662' title='bbox 1823 5331 1963 5386; x_wconf 83' lang='lat' dir='ltr'>solis</span> <span class='ocrx_word' id='word_1_663' title='bbox 1985 5329 2130 5388; x_wconf 81' lang='lat' dir='ltr'>locis</span> 
     </span>
    </p>
   </div>
   <div class='ocr_carea' id='block_1_102' title="bbox 477 5401 2128 5473">
    <p class='ocr_par' dir='ltr' id='par_1_102' title="bbox 477 5401 2128 5473">
     <span class='ocr_line' id='line_1_102' title="bbox 477 5401 2128 5473; baseline -0.001 -12"><span class='ocrx_word' id='word_1_664' title='bbox 477 5401 664 5461; x_wconf 83' lang='lat' dir='ltr'>latuit.</span> <span class='ocrx_word' id='word_1_665' title='bbox 695 5401 823 5470; x_wconf 91' lang='lat' dir='ltr'>Quo</span> <span class='ocrx_word' id='word_1_666' title='bbox 855 5407 1122 5473; x_wconf 87' lang='lat' dir='ltr'>tempore</span> <span class='ocrx_word' id='word_1_667' title='bbox 1165 5401 1400 5456; x_wconf 86' lang='lat' dir='ltr'>interim</span> <span class='ocrx_word' id='word_1_668' title='bbox 1452 5402 1505 5456; x_wconf 91' lang='lat' dir='ltr'>ei</span> <span class='ocrx_word' id='word_1_669' title='bbox 1555 5403 1764 5457; x_wconf 89' lang='lat' dir='ltr'>ordine</span> <span class='ocrx_word' id='word_1_670' title='bbox 1819 5403 2128 5473; x_wconf 87' lang='lat' dir='ltr'>substituti</span> 
     </span>
    </p>
   </div>
   <div class='ocr_carea' id='block_1_103' title="bbox 482 5471 2129 5540">
    <p class='ocr_par' dir='ltr' id='par_1_103' title="bbox 482 5471 2129 5540">
     <span class='ocr_line' id='line_1_103' title="bbox 482 5471 2129 5540; baseline 0.001 -10"><span class='ocrx_word' id='word_1_671' title='bbox 482 5481 622 5530; x_wconf 77' lang='lat' dir='ltr'>sunt</span> <span class='ocrx_word' id='word_1_672' title='bbox 679 5475 838 5540; x_wconf 87' lang='lat' dir='ltr'>Dius,</span> <span class='ocrx_word' id='word_1_673' title='bbox 897 5471 1282 5537; x_wconf 77' lang='lat' dir='ltr'>Germanion,</span> <span class='ocrx_word' id='word_1_674' title='bbox 1337 5473 1614 5538; x_wconf 87' lang='lat' dir='ltr'>Gurdius,</span> <span class='ocrx_word' id='word_1_675' title='bbox 1659 5477 1725 5528; x_wconf 89' lang='lat' dir='ltr'>ut</span> <span class='ocrx_word' id='word_1_676' title='bbox 1775 5472 1932 5530; x_wconf 85' lang='lat' dir='ltr'>infra</span> <span class='ocrx_word' id='word_1_677' title='bbox 1973 5474 2129 5531; x_wconf 89' lang='lat' dir='ltr'>libro</span> 
     </span>
    </p>
   </div>
   <div class='ocr_carea' id='block_1_104' title="bbox 479 5544 2123 5624">
    <p class='ocr_par' dir='ltr' id='par_1_104' title="bbox 479 5544 2123 5624">
     <span class='ocr_line' id='line_1_104' title="bbox 479 5544 2123 5624; baseline 0 -20"><span class='ocrx_word' id='word_1_678' title='bbox 479 5545 711 5624; x_wconf 79' lang='lat' dir='ltr'>quinto,</span> <span class='ocrx_word' id='word_1_679' title='bbox 741 5561 877 5622; x_wconf 84' lang='lat' dir='ltr'>cap.</span> <span class='ocrx_word' id='word_1_680' title='bbox 906 5548 992 5618; x_wconf 84' lang='grc'><strong>10,</strong></span> <span class='ocrx_word' id='word_1_681' title='bbox 1024 5545 1320 5620; x_wconf 86' lang='lat' dir='ltr'>scribitur,</span> <span class='ocrx_word' id='word_1_682' title='bbox 1352 5544 1458 5605; x_wconf 89' lang='lat' dir='ltr'>ubi</span> <span class='ocrx_word' id='word_1_683' title='bbox 1485 5545 1606 5606; x_wconf 83' lang='lat' dir='ltr'>alia</span> <span class='ocrx_word' id='word_1_684' title='bbox 1633 5544 1816 5624; x_wconf 84' lang='lat' dir='ltr'>hujus</span> <span class='ocrx_word' id='word_1_685' title='bbox 1847 5561 2123 5606; x_wconf 83' lang='lat' dir='ltr'>secessus</span> 
     </span>
    </p>
   </div>
   <div class='ocr_carea' id='block_1_105' title="bbox 2254 4343 3858 4423">
    <p class='ocr_par' dir='ltr' id='par_1_105' title="bbox 2254 4343 3858 4423">
     <span class='ocr_line' id='line_1_105' title="bbox 2254 4343 3858 4423; baseline -0.005 -21"><span class='ocrx_word' id='word_1_686' title='bbox 2254 4346 2518 4422; x_wconf 85' lang='grc' dir='ltr'><strong>διαδοχαὶ</strong></span> <span class='ocrx_word' id='word_1_687' title='bbox 2572 4351 2928 4423; x_wconf 81' lang='grc' dir='ltr'><strong>περιέχουσι’</strong></span> <span class='ocrx_word' id='word_1_688' title='bbox 2989 4346 3246 4399; x_wconf 90' lang='grc' dir='ltr'><strong>Πούπλιον</strong></span> <span class='ocrx_word' id='word_1_689' title='bbox 3293 4343 3353 4399; x_wconf 79' lang='grc' dir='ltr'>δε</span> <span class='ocrx_word' id='word_1_690' title='bbox 3429 4351 3575 4418; x_wconf 78' lang='grc' dir='ltr'><strong>μετὰ</strong></span> <span class='ocrx_word' id='word_1_691' title='bbox 3635 4343 3858 4423; x_wconf 58' lang='grc' dir='ltr'><strong>τὺῷτονο</strong></span> 
     </span>
    </p>
   </div>
   <div class='ocr_carea' id='block_1_106' title="bbox 2253 4433 3860 4512">
    <p class='ocr_par' dir='ltr' id='par_1_106' title="bbox 2253 4433 3860 4512">
     <span class='ocr_line' id='line_1_106' title="bbox 2253 4433 3860 4512; baseline -0.006 -20"><span class='ocrx_word' id='word_1_692' title='bbox 2253 4437 2364 4492; x_wconf 83' lang='grc' dir='ltr'><strong>εἶτα</strong></span> <span class='ocrx_word' id='word_1_693' title='bbox 2409 4437 2648 4512; x_wconf 82' lang='grc' dir='ltr'><strong>Μάξιμον</strong></span> <span class='ocrx_word' id='word_1_694' title='bbox 2672 4454 2685 4466; x_wconf 96' lang='grc'><strong>·</strong></span> <span class='ocrx_word' id='word_1_695' title='bbox 2744 4437 2828 4489; x_wconf 81' lang='grc' dir='ltr'>ἐπὶ</span> <span class='ocrx_word' id='word_1_696' title='bbox 2879 4433 2938 4488; x_wconf 73' lang='grc' dir='ltr'>δε</span> <span class='ocrx_word' id='word_1_697' title='bbox 2979 4439 3143 4507; x_wconf 82' lang='grc' dir='ltr'><strong>τούτῳ</strong></span> <span class='ocrx_word' id='word_1_698' title='bbox 3183 4435 3486 4500; x_wconf 83' lang='grc' dir='ltr'><strong>Ἰουλιανόν,</strong></span> <span class='ocrx_word' id='word_1_699' title='bbox 3523 4437 3584 4490; x_wconf 88' lang='grc' dir='ltr'><strong>ὃν</strong></span> <span class='ocrx_word' id='word_1_700' title='bbox 3615 4433 3860 4505; x_wconf 52' lang='grc' dir='ltr'><strong>διαῖέχε-</strong></span> 
     </span>
    </p>
   </div>
   <div class='ocr_carea' id='block_1_107' title="bbox 2251 4522 3856 4606">
    <p class='ocr_par' dir='ltr' id='par_1_107' title="bbox 2251 4522 3856 4606">
     <span class='ocr_line' id='line_1_107' title="bbox 2251 4522 3856 4606; baseline 0.002 -25"><span class='ocrx_word' id='word_1_701' title='bbox 2251 4549 2341 4582; x_wconf 90' lang='grc' dir='ltr'>ται</span> <span class='ocrx_word' id='word_1_702' title='bbox 2388 4531 2542 4589; x_wconf 87' lang='grc' dir='ltr'><strong>Γάῖος</strong></span> <span class='ocrx_word' id='word_1_703' title='bbox 2573 4545 2587 4560; x_wconf 71' lang='grc' dir='ltr'><strong>θ</strong></span> <span class='ocrx_word' id='word_1_704' title='bbox 2641 4533 2822 4580; x_wconf 82' lang='grc' dir='ltr'><strong>τοῦτον</strong></span> <span class='ocrx_word' id='word_1_705' title='bbox 2878 4522 2936 4578; x_wconf 76' lang='grc' dir='ltr'>δὲ</span> <span class='ocrx_word' id='word_1_706' title='bbox 2988 4529 3296 4598; x_wconf 85' lang='grc' dir='ltr'><strong>Σύμμαχος,</strong></span> <span class='ocrx_word' id='word_1_707' title='bbox 3349 4525 3410 4578; x_wconf 73' lang='grc' dir='ltr'><strong>οὗ</strong></span> <span class='ocrx_word' id='word_1_708' title='bbox 3440 4529 3612 4589; x_wconf 72' lang='grc' dir='ltr'><strong>Γάϊος</strong></span> <span class='ocrx_word' id='word_1_709' title='bbox 3653 4531 3856 4606; x_wconf 65' lang='grc' dir='ltr'><strong>ἕτερος·</strong></span> 
     </span>
    </p>
   </div>
   <div class='ocr_carea' id='block_1_108' title="bbox 2251 4613 3856 4680">
    <p class='ocr_par' dir='ltr' id='par_1_108' title="bbox 2251 4613 3856 4680">
     <span class='ocr_line' id='line_1_108' title="bbox 2251 4613 3856 4680; baseline -0.003 -9"><span class='ocrx_word' id='word_1_710' title='bbox 2251 4623 2338 4670; x_wconf 89' lang='grc' dir='ltr'>τόν</span> <span class='ocrx_word' id='word_1_711' title='bbox 2397 4615 2447 4670; x_wconf 85' lang='grc' dir='ltr'><strong>δ’</strong></span> <span class='ocrx_word' id='word_1_712' title='bbox 2502 4613 2654 4680; x_wconf 81' lang='grc' dir='ltr'><strong>αὖθις</strong></span> <span class='ocrx_word' id='word_1_713' title='bbox 2711 4615 2857 4677; x_wconf 78' lang='grc' dir='ltr'><strong>ἄλλος</strong></span> <span class='ocrx_word' id='word_1_714' title='bbox 2913 4615 3192 4676; x_wconf 88' lang='grc' dir='ltr'><strong>Ἰουλιανός</strong></span> <span class='ocrx_word' id='word_1_715' title='bbox 3225 4633 3238 4646; x_wconf 88' lang='grc'>·</span> <span class='ocrx_word' id='word_1_716' title='bbox 3293 4617 3472 4668; x_wconf 82' lang='grc' dir='ltr'><strong>ἔπειτα</strong></span> <span class='ocrx_word' id='word_1_717' title='bbox 3565 4624 3856 4672; x_wconf 75' lang='grc' dir='ltr'><strong>Καπίτων·</strong></span> 
     </span>
    </p>
   </div>
   <div class='ocr_carea' id='block_1_109' title="bbox 2251 4701 3858 4780">
    <p class='ocr_par' dir='ltr' id='par_1_109' title="bbox 2251 4701 3858 4780">
     <span class='ocr_line' id='line_1_109' title="bbox 2251 4701 3858 4780; baseline 0 -20"><span class='ocrx_word' id='word_1_718' title='bbox 2251 4712 2342 4760; x_wconf 84' lang='grc' dir='ltr'><strong>καὶ</strong></span> <span class='ocrx_word' id='word_1_719' title='bbox 2391 4709 2522 4780; x_wconf 82' lang='grc' dir='ltr'><strong>μετὰ</strong></span> <span class='ocrx_word' id='word_1_720' title='bbox 2571 4706 2836 4760; x_wconf 81' lang='grc' dir='ltr'><strong>Οὐάλεντα</strong></span> <span class='ocrx_word' id='word_1_721' title='bbox 2880 4704 3182 4778; x_wconf 86' lang='grc' dir='ltr'><strong>Δολιχιανός</strong></span> <span class='ocrx_word' id='word_1_722' title='bbox 3215 4725 3229 4739; x_wconf 91' lang='grc'><strong>·</strong></span> <span class='ocrx_word' id='word_1_723' title='bbox 3267 4703 3352 4757; x_wconf 81' lang='grc' dir='ltr'>ἐπὶ</span> <span class='ocrx_word' id='word_1_724' title='bbox 3391 4701 3451 4758; x_wconf 74' lang='grc' dir='ltr'>δε</span> <span class='ocrx_word' id='word_1_725' title='bbox 3505 4709 3700 4761; x_wconf 88' lang='grc' dir='ltr'><strong>τούτοι</strong></span> <span class='ocrx_word' id='word_1_726' title='bbox 3739 4717 3858 4762; x_wconf 57' lang='lat' dir='ltr'>miti</span> 
     </span>
    </p>
   </div>
   <div class='ocr_carea' id='block_1_110' title="bbox 2252 4791 3854 4874">
    <p class='ocr_par' dir='ltr' id='par_1_110' title="bbox 2252 4791 3854 4874">
     <span class='ocr_line' id='line_1_110' title="bbox 2252 4791 3854 4874; baseline 0 -24"><span class='ocrx_word' id='word_1_727' title='bbox 2252 4799 2562 4873; x_wconf 86' lang='grc' dir='ltr'><strong>τριακοστὸς</strong></span> <span class='ocrx_word' id='word_1_728' title='bbox 2591 4796 2691 4848; x_wconf 79' lang='grc' dir='ltr'><strong>ἀπὸ</strong></span> <span class='ocrx_word' id='word_1_729' title='bbox 2739 4803 2838 4846; x_wconf 83' lang='grc' dir='ltr'>τῶν</span> <span class='ocrx_word' id='word_1_730' title='bbox 2886 4793 3184 4847; x_wconf 81' lang='grc' dir='ltr'><strong>ἀποστόλων</strong></span> <span class='ocrx_word' id='word_1_731' title='bbox 3238 4797 3293 4848; x_wconf 75' lang='grc' dir='ltr'>ἐκ</span> <span class='ocrx_word' id='word_1_732' title='bbox 3343 4791 3628 4868; x_wconf 83' lang='grc' dir='ltr'><strong>διαδοχῆς</strong></span> <span class='ocrx_word' id='word_1_733' title='bbox 3661 4799 3690 4852; x_wconf 89' lang='grc' dir='ltr'>ό</span> <span class='ocrx_word' id='word_1_734' title='bbox 3731 4817 3854 4874; x_wconf 78' lang='grc' dir='ltr'><strong>περι</strong></span> 
     </span>
    </p>
   </div>
   <div class='ocr_carea' id='block_1_111' title="bbox 2253 4881 3860 4960">
    <p class='ocr_par' dir='ltr' id='par_1_111' title="bbox 2253 4881 3860 4960">
     <span class='ocr_line' id='line_1_111' title="bbox 2253 4881 3860 4960; baseline -0.001 -20"><span class='ocrx_word' id='word_1_735' title='bbox 2253 4889 2439 4949; x_wconf 78' lang='grc' dir='ltr'><strong>ϐόητος</strong></span> <span class='ocrx_word' id='word_1_736' title='bbox 2475 4885 2779 4960; x_wconf 79' lang='grc' dir='ltr'><strong>ἐγνωρίςετο</strong></span> <span class='ocrx_word' id='word_1_737' title='bbox 2825 4885 3148 4958; x_wconf 86' lang='grc' dir='ltr'><strong>Νάρκισσος.</strong></span> <span class='ocrx_word' id='word_1_738' title='bbox 3193 4886 3338 4938; x_wconf 79' lang='grc' dir='ltr'><strong>Κατὰ</strong></span> <span class='ocrx_word' id='word_1_739' title='bbox 3375 4881 3436 4938; x_wconf 77' lang='grc' dir='ltr'>δε</span> <span class='ocrx_word' id='word_1_740' title='bbox 3491 4891 3596 4945; x_wconf 76' lang='grc' dir='ltr'><strong>τὸν</strong></span> <span class='ocrx_word' id='word_1_741' title='bbox 3629 4889 3681 4940; x_wconf 77' lang='grc' dir='ltr'><strong>ἓν</strong></span> <span class='ocrx_word' id='word_1_742' title='bbox 3737 4893 3860 4944; x_wconf 80' lang='grc' dir='ltr'><strong>Και,</strong></span> 
     </span>
    </p>
   </div>
   <div class='ocr_carea' id='block_1_112' title="bbox 3719 4463 3760 4490">
    <p class='ocr_par' dir='ltr' id='par_1_112' title="bbox 3723 4463 3756 4488">
     <span class='ocr_line' id='line_1_112' title="bbox 3723 4463 3756 4488; baseline 0 -2"><span class='ocrx_word' id='word_1_743' title='bbox 3723 4463 3756 4488; x_wconf 64' lang='grc' dir='ltr'><strong>Ἦ</strong></span> 
     </span>
    </p>
   </div>
   <div class='ocr_carea' id='block_1_113' title="bbox 2251 5043 3858 5119">
    <p class='ocr_par' dir='ltr' id='par_1_113' title="bbox 2251 5043 3858 5119">
     <span class='ocr_line' id='line_1_113' title="bbox 2251 5043 3858 5119; baseline -0.001 -16"><span class='ocrx_word' id='word_1_744' title='bbox 2251 5045 2492 5104; x_wconf 78' lang='lat' dir='ltr'>affertur</span> <span class='ocrx_word' id='word_1_745' title='bbox 2508 5043 2838 5119; x_wconf 81' lang='lat' dir='ltr'>causa._Alii</span> <span class='ocrx_word' id='word_1_746' title='bbox 2865 5049 3138 5119; x_wconf 82' lang='lat' dir='ltr'>auctores</span> <span class='ocrx_word' id='word_1_747' title='bbox 3163 5045 3226 5100; x_wconf 89' lang='lat' dir='ltr'>in</span> <span class='ocrx_word' id='word_1_748' title='bbox 3243 5044 3358 5101; x_wconf 90' lang='lat' dir='ltr'>hoc</span> <span class='ocrx_word' id='word_1_749' title='bbox 3375 5045 3670 5116; x_wconf 78' lang='lat' dir='ltr'>catalogo</span> <span class='ocrx_word' id='word_1_750' title='bbox 3689 5047 3858 5119; x_wconf 83' lang='lat' dir='ltr'>Sym-</span> 
     </span>
    </p>
   </div>
   <div class='ocr_carea' id='block_1_114' title="bbox 2251 5116 3852 5189">
    <p class='ocr_par' dir='ltr' id='par_1_114' title="bbox 2251 5116 3852 5189">
     <span class='ocr_line' id='line_1_114' title="bbox 2251 5116 3852 5189; baseline -0.003 -14"><span class='ocrx_word' id='word_1_751' title='bbox 2251 5119 2534 5174; x_wconf 89' lang='lat' dir='ltr'>machum</span> <span class='ocrx_word' id='word_1_752' title='bbox 2551 5127 2603 5172; x_wconf 92' lang='lat' dir='ltr'>et</span> <span class='ocrx_word' id='word_1_753' title='bbox 2624 5116 2836 5187; x_wconf 88' lang='lat' dir='ltr'>Cajum</span> <span class='ocrx_word' id='word_1_754' title='bbox 2857 5117 3106 5172; x_wconf 88' lang='lat' dir='ltr'>alterum</span> <span class='ocrx_word' id='word_1_755' title='bbox 3137 5131 3268 5189; x_wconf 92' lang='lat' dir='ltr'>non_</span> <span class='ocrx_word' id='word_1_756' title='bbox 3285 5125 3624 5174; x_wconf 88' lang='lat' dir='ltr'>recensent.</span> <span class='ocrx_word' id='word_1_757' title='bbox 3653 5116 3852 5189; x_wconf 76' lang='lat' dir='ltr'>anue</span> 
     </span>
    </p>
   </div>
   <div class='ocr_carea' id='block_1_115' title="bbox 2245 5187 3843 5258">
    <p class='ocr_par' dir='ltr' id='par_1_115' title="bbox 2245 5187 3843 5258">
     <span class='ocr_line' id='line_1_115' title="bbox 2245 5187 3843 5258; baseline -0.003 -13"><span class='ocrx_word' id='word_1_758' title='bbox 2245 5191 2476 5246; x_wconf 87' lang='lat' dir='ltr'>ratione</span> <span class='ocrx_word' id='word_1_759' title='bbox 2529 5189 2864 5258; x_wconf 85' lang='lat' dir='ltr'>Narcissus,</span> <span class='ocrx_word' id='word_1_760' title='bbox 2905 5203 3046 5243; x_wconf 90' lang='lat' dir='ltr'>cum</span> <span class='ocrx_word' id='word_1_761' title='bbox 3106 5203 3138 5244; x_wconf 91' lang='lat' dir='ltr'><strong>e</strong></span> <span class='ocrx_word' id='word_1_762' title='bbox 3183 5187 3506 5244; x_wconf 85' lang='lat' dir='ltr'>solitudine</span> <span class='ocrx_word' id='word_1_763' title='bbox 3568 5187 3843 5258; x_wconf 77' lang='lat' dir='ltr'>reversus</span> 
     </span>
    </p>
   </div>
   <div class='ocr_carea' id='block_1_116' title="bbox 2245 5257 3838 5387">
    <p class='ocr_par' dir='ltr' id='par_1_116' title="bbox 2245 5257 3838 5387">
     <span class='ocr_line' id='line_1_116' title="bbox 2245 5257 3838 5387; baseline -0.005 -69"><span class='ocrx_word' id='word_1_764' title='bbox 2245 5263 2665 5387; x_wconf 72' lang='lat' dir='ltr'>episcopatum</span> <span class='ocrx_word' id='word_1_765' title='bbox 2699 5257 2939 5332; x_wconf 86' lang='lat' dir='ltr'>recepit,</span> <span class='ocrx_word' id='word_1_766' title='bbox 2989 5275 3026 5316; x_wconf 88' lang='lat' dir='ltr'>a</span> <span class='ocrx_word' id='word_1_767' title='bbox 3057 5261 3249 5316; x_wconf 82' lang='lat' dir='ltr'>Marco</span> <span class='ocrx_word' id='word_1_768' title='bbox 3277 5259 3730 5332; x_wconf 88' lang='lat' dir='ltr'>quindecimus,</span> <span class='ocrx_word' id='word_1_769' title='bbox 3763 5257 3838 5312; x_wconf 86' lang='lat' dir='ltr'>ab</span> 
     </span>
     <span class='ocr_line' id='line_1_117' title="bbox 2245 5331 3830 5387; baseline -0.001 0"><span class='ocrx_word' id='word_1_770' title='bbox 2245 5339 2456 5387; x_wconf 85' lang='lat' dir='ltr'>anosto</span> <span class='ocrx_word' id='word_1_771' title='bbox 2481 5333 2530 5387; x_wconf 88' lang='lat' dir='ltr'>is</span> <span class='ocrx_word' id='word_1_772' title='bbox 2560 5331 2893 5387; x_wconf 86' lang='lat' dir='ltr'>tricesimus</span> <span class='ocrx_word' id='word_1_773' title='bbox 2921 5331 3098 5387; x_wconf 78' lang='lat' dir='ltr'>fuerit</span> <span class='ocrx_word' id='word_1_774' title='bbox 3145 5332 3571 5387; x_wconf 83' lang='lat' dir='ltr'>Hierosolvmis</span> <span class='ocrx_word' id='word_1_775' title='bbox 3616 5341 3830 5387; x_wconf 75' lang='lat' dir='ltr'>episco-</span> 
     </span>
    </p>
   </div>
   <div class='ocr_carea' id='block_1_117' title="bbox 2243 5331 3830 5404">
    <p class='ocr_par' dir='ltr' id='par_1_117' title="bbox 2243 5331 3830 5404">
     <span class='ocr_line' id='line_1_118' title="bbox 2243 5331 3830 5404; baseline -0.003 -16"><span class='ocrx_word' id='word_1_776' title='bbox 2243 5331 2530 5404; x_wconf 83' lang='lat' dir='ltr'>apostolis</span> <span class='ocrx_word' id='word_1_777' title='bbox 2560 5331 2893 5388; x_wconf 89' lang='lat' dir='ltr'>tricesimus</span> <span class='ocrx_word' id='word_1_778' title='bbox 2921 5331 3098 5389; x_wconf 78' lang='lat' dir='ltr'>fuerit</span> <span class='ocrx_word' id='word_1_779' title='bbox 3145 5331 3571 5404; x_wconf 85' lang='lat' dir='ltr'>Hierosolymis</span> <span class='ocrx_word' id='word_1_780' title='bbox 3616 5341 3830 5404; x_wconf 76' lang='lat' dir='ltr'>episco-</span> 
     </span>
    </p>
   </div>
   <div class='ocr_carea' id='block_1_118' title="bbox 2243 5420 3058 5549">
    <p class='ocr_par' dir='ltr' id='par_1_118' title="bbox 2243 5420 3058 5549">
     <span class='ocr_line' id='line_1_119' title="bbox 2243 5420 3058 5549; baseline -0.001 -17"><span class='ocrx_word' id='word_1_781' title='bbox 2243 5420 2393 5549; x_wconf 51' lang='lat' dir='ltr'>pugil)</span> <span class='ocrx_word' id='word_1_782' title='bbox 2419 5473 2536 5533; x_wconf 84' lang='lat' dir='ltr'>Alii</span> <span class='ocrx_word' id='word_1_783' title='bbox 2559 5473 2790 5533; x_wconf 74' lang='lat' dir='ltr'>Iulium</span> <span class='ocrx_word' id='word_1_784' title='bbox 2813 5473 3058 5534; x_wconf 84' lang='lat' dir='ltr'>habent.</span> 
     </span>
    </p>
   </div>
  </div>
