4000 6220
174 295 313 353 1029

1198 291 1780 350 ECCLESIASTIC/E
1820 291 2176 350 HISTORIE
2218 293 2356 351 LIB.
2398 295 2493 353 IV.

3388 297 3525 353 1030

162 425 350 496 σαρείᾳ
381 419 733 479 Παλαιστίνην
772 417 1015 492 Θεόφιλος
1046 414 1127 477 ἦν.
1168 417 1297 472 Καθ’
1322 415 1546 472 Ἑλλάδα
1578 415 1638 472 δὲ
1669 426 1764 480 τῆς

1890 417 2017 474 ιΙῘῢί
2044 419 2158 485 alii,
2193 424 2257 475 ut
2283 435 2394 492 par
2421 425 2565 486 erat,
2589 436 2772 493 quam
2804 421 3065 493 plurimi,
3094 421 3426 478 Commodo
3453 438 3524 478 ac

161 513 416 585 Κορίνθου
449 510 724 582 Βάκχυλος
773 509 1058 570 ἐπίσκοπος
1098 503 1158 566 ἧν
1192 524 1206 539 ’
1264 513 1354 561 καὶ
1384 517 1480 570 τῆς
1514 507 1561 560 ἐν
1622 508 1765 580 Ἐφέ-

158 621 236 673 σῳ
291 605 570 675 παροικίας
634 600 988 674 Πολυκράτης,
1052 601 1143 650 καὶ
1199 595 1342 650 ἄλλοι
1393 617 1453 671 γε
1513 601 1582 659 ὡς
1629 597 1766 658 εἰκὸς

154 689 242 744 ἰπὶ
269 693 475 753 τούτοις
505 695 702 764 μυρίοι,
741 684 982 760 Κομόδου
1026 693 1116 740 καὶ
1157 692 1382 763 Σευήρου
1424 691 1490 740 τὰ
1523 694 1768 761 σκῆπτρα

159 776 448 833 διεπόντων
476 787 570 842 τῆς
615 778 880 851 Ῥωμαίων
935 778 1130 851 ἀρχῆς.
1189 781 1290 831 Καὶ
1344 781 1464 852 περὶ
1509 779 1602 850 μεν
1641 778 1766 829 τού-

152 889 256 923 των
287 870 423 924 οὕτω
432 891 472 934 ς.

781 957 1031 1012 ΚΕΦΔΛ.
1068 955 1148 1009 ις’.

156 1064 530 1136 κατάλογος
559 1067 668 1116 καὶ
699 1059 881 1122 αὖθις
909 1070 1028 1136 τῶν
1058 1063 1220 1133 μετά
1249 1068 1452 1114 ταῦτα
1479 1069 1547 1136 τῆ
1569 1081 1590 1124 ς
1619 1061 1764 1136 ψευ-

228 1132 531 1209 δωνύμου
579 1141 870 1209 γνώσεως
907 1132 1222 1208 ἀρχηγῶν
1259 1151 1273 1163 ο
1328 1138 1436 1209 καὶ
1479 1134 1626 1185 ὅσοι
1665 1133 1760 1184 έκ-

224 1203 700 1268 κλησίαστικοὶ
751 1203 976 1279 ἄνδρες
998 1203 1282 1266 ’τούτοις
1331 1203 1758 1263 ἀντέστησαν.

223 1322 341 1368 Τῶν
391 1311 441 1366 δ’
492 1312 770 1388 εἰρημένων
819 1319 991 1385 μικρῷ
1044 1312 1269 1386 πρόσθεν
1319 1313 1563 1387 αἱρέσεων
1605 1310 1756 1385 ἀρετῇ

150 1408 246 1456 καὶ
304 1403 442 1475 λόγῳ
501 1411 600 1454 τῶν
657 1404 1062 1475 προειρημένων,

149 1492 399 1553 παντελὲς
481 1490 860 1566 ἀπορρυεισῶν,
941 1491 968 1541 6
1054 1497 1156 1540 τῶν
1229 1493 1472 1552 ζιζανίων
1540 1494 1765 1566 σπορεὺς

151 1581 315 1643 ἄλλας
367 1579 682 1653 έπισπείρειν
732 1575 976 1632 ἔσπευδε.
1025 1577 1214 1631 Πολλαὶ
1256 1575 1315 1630 δὲ
1356 1583 1446 1630 καὶ
1483 1579 1763 1653 παρᾶφυά-

153 1666 241 1732 δες
319 1673 394 1723 ἔτι
451 1669 654 1722 έκείνων
728 1664 883 1733 ἦσαν,
953 1670 1040 1719 τόν
1093 1667 1322 1739 καθαρόν
1379 1675 1472 1729 τῆς
1533 1673 1761 1743 Κριστοΰ

1139 1402 1284 1452 θείων
1346 1397 1549 1473 ἀνδρῶν
1607 1400 1652 1461 ἐς
1701 1403 1760 1452 τὸ

149 1763 418 1832 γεωργίας
465 1757 653 1832 κλῆρον
696 1761 1054 1829 συγχέουσαι.
1115 1755 1366 1817 Πολλάκις
1401 1752 1575 1809 δὲκαὶ
1605 1757 1761 1810 αὑταὶ

1890 1757 2091 1814 Ihristi
2147 1759 2363 1814 sationi
2419 1758 2744 1815 oiﬁcientes

153 1849 275 1902 καθ’
335 1848 517 1909 ἑαυτὰς
588 1847 907 1923 ἐμερίζοντο,
957 1845 1026 1907 εἰς
1087 1842 1375 1920 διαφόρους
1428 1843 1763 1918 διιστάμεναι

153 1944 389 2011 γνώμας.
429 1937 618 1990 Πολλαὶ
653 1932 703 1988 δ’
743 1939 930 2008 αἴφνης
980 1939 1045 1996 ως
1090 1933 1143 1998 ἐξ
1185 1937 1434 2008 ὑπαρχῆς
1473 1934 1764 2008 λαμϐάνου-

155 2047 252 2081 σαι
284 2031 377 2086 τὴν
439 2026 618 2099 ἀρχὴν
664 2021 993 2079 ἀνεδίδοντο.
1052 2031 1229 2078 Πᾶσαι
1291 2021 1341 2077 δ’
1373 2020 1460 2076 οὖν
1487 2029 1623 2097 ὅμως
1670 2028 1762 2088 τὰς

156 2113 337 2188 ἀρχὰς
388 2112 490 2166 ἀπὸ
553 2119 800 2186 Σίμωνος,
874 2117 1179 2187 Σατορνίνου
1243 2131 1296 2165 τε
1359 2117 1448 2165 καὶ
1505 2116 1762 2188 Κηρίνθου

155 2212 253 2264 τῆς
306 2202 502 2256 ἀτόπου
557 2207 799 2274 γνώσεως
838 2199 1022 2256 εἷλκον.
1083 2202 1344 2274 Ἀρτέμων
1389 2205 1479 2273 μὲν
1531 2199 1620 2253 οὖν
1675 2208 1765 2255 καὶ

156 2295 183 2345 6
223 2296 492 2355 Μοντανός
546 2293 666 2366 ἄρτι
719 2297 834 2343 τότε
893 2289 1106 2364 ἐφύοντο
1141 2310 1154 2322 ·
1211 2295 1299 2342 καὶ
1339 2291 1424 2342 οἷά
1461 2310 1588 2352 τινες
1627 2296 1766 2364 ὄφεις

160 2391 340 2459 φρῦνοι
409 2381 615 2455 ὄλεθρον
677 2385 933 2446 πνέοντες,
1015 2378 1225 2432 ἰοϐόλων
1299 2376 1455 2439 δίκην
1522 2380 1761 2454 ἑρπετῶν,

159 2475 300 2526 κατά
355 2476 448 2530 τὴν
533 2479 628 2534 τῆς
683 2470 867 2531 Ἀσίας
921 2474 1150 2542 Φρυγίαν
1213 2471 1404 2545 εἷρπον.
1465 2476 1767 2546 Μαρκίωνος

168 2559 285 2621 δ’εή
344 2558 476 2624 δόξα
529 2557 773 2634 διῄρητο.
837 2563 939 2613 Καὶ
995 2559 1139 2611 ἄλλοι
1175 2555 1234 2612 δὲ
1270 2559 1353 2612 ἐπὶ
1401 2559 1603 2633 Ῥώμης
1633 2559 1768 2619 ἦσαν

165 2651 492 2725 ἀκμάζοντες
543 2668 557 2680 ·
614 2650 870 2723 Φλωρίνος
907 2645 1051 2702 οὗτοι
1119 2654 1210 2701 καὶ
1259 2645 1488 2722 βλάστος
1547 2670 1772 2704 κατωνο-

170 2743 415 2814 μάζοντο,
474 2739 855 2812 νεωτερίζοντες
933 2743 1023 2790 καὶ
1081 2739 1236 2810 ἄμφω
1285 2742 1402 2812 περὶ
1462 2743 1548 2792 τόν
1601 2739 1766 2799 ἀληθῆ

174 2836 265 2889 τῆς
316 2827 556 2889 ἀληθείας
601 2826 772 2898 λόγον.
822 2825 880 2879 Ὀ
933 2830 1024 2900 μὲν
1075 2826 1351 2902 Φλωρῑνος,
1406 2834 1497 2880 τοῦ
1549 2828 1772 2891 τῆςἙκ-

176 2918 394 2980 κλησίας
437 2915 813 2990 πρεσϐυτερίου
864 2915 1140 2969 ἀποπεσὼν
1173 2933 1186 2945 ⁶
1253 2915 1478 2977 Βλάστος
1530 2913 1609 2985 δὲ,
1668 2939 1770 2971 πα-

170 3007 448 3082 ραπλησίῳ
502 3012 743 3079 πτώματι
799 3011 1224 3078 συνισχόμενος·
1278 3002 1394 3078 ἰδία
1446 3003 1496 3059 δ’
1554 3008 1774 3070 έκαστος

170 3101 229 3150 τό
262 3105 359 3159 τῆς
404 3094 644 3156 ἀσεϐέιας
688 3096 1070 3167 καθιστάμενος
1125 3094 1494 3170 έργαστηριον,
1555 3096 1773 3158 πολλοὺς
1810 3128 1851 3186 C

171 3195 274 3240 τῶν
368 3194 463 3248 τῆς
537 3184 847 3246 Ἐκκλησίας
931 3189 1062 3258 πρὸς
1149 3184 1363 3246 ἑαυτοὺς
1456 3186 1770 3242 ἐπεσπῶντο.

168 3277 380 3350 Ἀμέλει
433 3277 572 3328 κατά
626 3278 717 3348 μεν
766 3274 1082 3348 Ἀρτέμωνος
1127 3279 1218 3327 καὶ
1245 3282 1340 3327 τοῦ
1389 3275 1548 3328 αὐτοῦ
1591 3272 1774 3329 διαδό-

172 3385 278 3439 χου
324 3360 586 3419 Θεοδότου
636 3365 918 3426 Βυζαντίου
976 3370 1068 3416 τοῦ
1108 3368 1331 3426 σκυτέως
1369 3367 1452 3417 ἐπὶ
1491 3365 1682 3437 μᾶλλον
1710 3367 1774 3418 τὰ

170 3458 362 3508 τούτου
421 3454 740 3517 αὐξήσαντος
791 3455 818 3506 6
873 3455 1133 3527 μακάριος
1182 3459 1382 3528 Βίκτωρ
1446 3452 1724 3507 ἀνθίστατο
1755 3467 1772 3484 ⁶

173 3543 380 3616 ἔλέγχει
434 3539 492 3596 δι
524 3547 619 3602 την
670 3543 786 3595 κατ’
829 3543 1014 3604 αὐτοὺς
1067 3541 1285 3595 ἀτοπίαν
1325 3544 1350 3594 ό
1408 3546 1592 3617 μικρὸς
1633 3543 1777 3616 εἰρη-

171 3637 322 3707 μένος
355 3631 702 3707 Λαϐύρινθος,
739 3632 793 3684 ὃν
844 3651 974 3704 φασι
1021 3633 1148 3693 τινες
1197 3633 1467 3704 Ὠριγένην
1500 3632 1772 3694 συττάξαι.

170 3721 313 3777 Ἀλλ’
363 3723 388 3774 6
440 3725 716 3797 χαρακτὴρ
771 3719 974 3793 ἐλέγχει
1021 3725 1138 3781 τοὺς
1197 3720 1456 3792 λέγοντας.
1526 3728 1774 3792 Μοντανῷ

173 3808 226 3865 δ’
276 3809 699 3884 ἀκαταγὼνιστον
755 3809 908 3863 ὅπλον
964 3809 1192 3883 ἐπαφῆκε
1244 3813 1368 3872 Θεὸς
1410 3813 1518 3878 τὸν,
1570 3810 1625 3872 ὃς
1679 3820 1775 3874 τῆς

167 3899 530 3976 Ἱεραπολιτῶν
613 3902 787 3972 ἡγεῖτο
846 3899 1255 3973 Ἀπολλινάριος,
1335 3898 1464 3973 ἀνὴρ
1515 3898 1644 3972 πρὸς
1711 3909 1772 3974 τῇ

167 3995 367 4062 γνώσει
409 3998 510 4042 τῶν
560 3991 705 4042 θείων
747 3993 836 4041 καὶ
892 3993 986 4047 τὴν
1029 3988 1208 4051 ἔξωθεν
1260 3984 1506 4040 παιδείαν
1571 4007 1779 4060 προσει-

169 4078 354 4152 ληφὼς
387 4095 398 4107 ·
429 4081 566 4152 Πρός
620 4080 788 4150 τούτῳ
837 4073 896 4130 δὲ
935 4083 1024 4130 καὶ
1053 4075 1346 4139 Μιλτιάδης
1393 4082 1483 4130 καὶ
1521 4077 1779 4131 Ἀπολλώ-

172 4187 286 4229 νιος
324 4182 338 4194 ’
377 4172 467 4220 καὶ
502 4171 762 4241 Σεραπίων
794 4169 819 4219 6
850 4175 941 4230 τῆς
989 4167 1300 4239 Ἀντιοχέων
1353 4167 1631 4228 ἐκκλησίας
1668 4187 1782 4220 ποι-

175 4262 278 4330 μήν
305 4273 319 4288 ·
354 4261 445 4309 καὶ
500 4257 644 4310 ἄλλοι
668 4257 925 4311 πλεῖστοι.
973 4260 1121 4310 Κατὰ
1179 4254 1239 4310 δὲ
1296 4259 1530 4332 Πρόκλου
1569 4266 1665 4319 τῆς
1691 4258 1782 4310 αὐ-

176 4352 275 4398 τοῦ
331 4348 581 4419 αἱρέσεως
627 4349 1071 4419 προστατεύοντος
1120 4348 1275 4409 Γάῑος
1326 4348 1352 4398 6
1391 4349 1612 4419 πρόσθεν
1655 4349 1780 4419 ἡμῖν

178 4436 450 4511 εἰρημένος
494 4434 716 4510 ἔγραψεν
749 4453 763 4466 ’
806 4444 868 4510 τῇ
903 4433 962 4490 δὲ
997 4441 1303 4511 Μαρκίωνος
1345 4432 1472 4508 δόξῃ
1512 4441 1601 4489 καὶ
1640 4433 1780 4489 διαιο

176 4530 321 4599 ρέσει
373 4527 399 4577 6
464 4530 757 4598 σοφώτατος
807 4524 1118 4578 ἀνθίσταται
1171 4521 1380 4580 Ῥόδων.
1428 4524 1664 4597 Φλωρίνῳ
1723 4522 1782 4578 δὲ

177 4619 270 4667 καὶ
327 4615 538 4687 Βλάστῳ
603 4621 717 4677 τοῖς
795 4617 930 4667 κατά
993 4614 1192 4686 Ῥώμην
1271 4615 1622 4686 ἠγησαμένοις
1689 4621 1781 4667 τοῦ

182 4709 489 4778 σχίσματος
519 4705 544 4756 ό
595 4703 912 4780 προρρηθεὶς
962 4703 1238 4781 Εἰρηναῖος
1289 4712 1552 4776 παραινῶν
1575 4705 1781 4776 γράφει,

180 4804 282 4848 τῶν
337 4794 638 4866 κενολογιῶν
693 4792 1045 4860 ἀποστάντας,
1098 4802 1194 4856 τῆς
1259 4791 1612 4855 ἀποστολικῆς
1667 4795 1783 4866 ἒχε-

181 4885 311 4936 σθαι
359 4879 726 4958 παραδόσεως.
771 4884 905 4954 Ἐγὼ
937 4879 996 4936 δε
1033 4885 1099 4936 τὰ
1138 4882 1314 4936 εἰκότα
1340 4883 1601 4957 πράττων,
1634 4880 1786 4941 ἐκθή-

185 4992 348 5048 σομαι
384 4977 475 5046 μεν
527 4977 618 5026 καὶ
664 4981 763 5025 τῶν
827 4971 1104 5048 εἰρημένων
1163 4972 1400 5047 φλαύρων
1464 4968 1667 5046 ἀνδρῶν
1719 4973 1786 5024 τὰ

180 5065 310 5117 νόθα
341 5068 432 5115 καὶ
481 5066 862 5138 παρέγγραπτα
910 5059 1155 5135 δόγματα
1183 5079 1195 5092 ·
1225 5064 1295 5124 ὡς
1325 5057 1372 5114 δ’
1410 5063 1540 5132 ἐνόν,
1580 5063 1784 5124 τούτοις

182 5149 337 5215 αὖθις
382 5150 683 5212 ἀντιστήσω
735 5156 857 5214 τοὺς
901 5151 1201 5226 εἰρημένους
1256 5147 1472 5224 ἄνδρας,
1536 5158 1642 5211 τοῖς
1699 5170 1785 5203 m-

181 5241 451 5318 τροϐόλοις
504 5251 603 5295 τῶν
681 5244 826 5295 θείων
887 5240 1051 5312 λόγων
1116 5240 1354 5313 ἐλέγχοις
1424 5241 1520 5300 τάς
1585 5242 1784 5292 εκείνων

182 5334 425 5405 περιττὰς
450 5330 748 5405 ἕρεσχελίας
773 5327 1034 5405 ἀνδρικῶς
1053 5328 1535 5404 καταρῥάσσοντας.

1875 508 2090 564 deinde
2122 510 2336 566 Severo
2362 510 2699 566 Romanum
2725 510 3042 583 imperium
3065 511 3528 570 administranti-

1873 597 2009 653 bus.
2041 600 2118 654 De
2142 598 2214 654 iis
2246 614 2407 655 nunc
2439 599 2603 656 satis.

2514 957 2738 1013 CAPUT
2777 959 2886 1014 XX.

1874 1060 2188 1131 Catalogus
2207 1067 2518 1118 auctorum
2542 1068 2594 1118 et
2612 1064 2827 1120 ducum
2841 1064 3002 1131 falso
3021 1065 3332 1121 nominatas
3346 1067 3530 1122 scien-

1942 1133 2061 1208 tiz,
2097 1134 2204 1208 qui
2238 1140 2440 1208 postea
2481 1136 2842 1208 exstiterunt
2874 1153 2890 1191 :
2924 1142 2977 1193 et
3003 1137 3106 1208 qui
3148 1136 3533 1194 ecclesiastici

1943 1204 2061 1259 viri
2086 1204 2212 1260 illis
2243 1206 2593 1262 restiterim.

1942 1311 2277 1367 Hieresibus
2308 1317 2533 1379 autem,
2560 1329 2713 1385 quas
2746 1313 2928 1385 paulo
2959 1319 3096 1370 ante
3133 1314 3412 1379 diximus,
3446 1314 3534 1371 di~

1876 1399 2170 1467 vinorum,
2203 1417 2355 1473 quos
2395 1402 2728 1472 retulimus,
2772 1404 3040 1459 virorum
3091 1404 3299 1472 virtute
3341 1410 3395 1458 et
3431 1405 3531 1458 do-

1871 1493 2059 1545 ctrina
2085 1506 2330 1562 prorsus
2357 1490 2598 1557 evulsis,
2624 1492 2982 1548 zizaniorum
3011 1499 3172 1548 sator
3197 1493 3343 1548 alias
3373 1494 3535 1548 insu-

1869 1594 1977 1651 per
2007 1581 2302 1635 seminare
2329 1596 2449 1635 non
2477 1582 2745 1636 cessavit.
2774 1581 2885 1638 Sed
2915 1588 2971 1637 et
2998 1583 3265 1653 priorum
3294 1582 3532 1638 illorum

1873 1668 2041 1724 multi
2103 1668 2300 1725 adhuc
2352 1669 2658 1726 restabant
2715 1670 2959 1736 surculi,
3024 1687 3189 1742 purae
3250 1688 3536 1743 agrorum

2805 1777 2817 1815 :
2880 1776 3294 1832 saepenumero
3354 1761 3534 1817 etiam

1871 1847 2020 1918 ipsae
2053 1846 2204 1902 inter
2235 1863 2296 1902 se
2327 1847 2777 1915 dividebantur,
2807 1853 2863 1904 et
2888 1849 2947 1904 in
2980 1849 3176 1905 varias
3209 1851 3533 1906 sententias

1872 1935 2363 1992 discindebantur
2393 1953 2406 2003 ;
2440 1937 2645 1992 multas
2676 1937 2854 1994 etiam
2886 1939 3204 2010 derepente
3247 1946 3371 1994 tum
3411 1940 3534 2011 pri-

1871 2041 2042 2081 mum
2098 2024 2332 2081 initium
2381 2031 2684 2082 sumentes
2742 2027 3248 2099 producebantur.
3313 2029 3534 2085 Omnes

1871 2119 2073 2172 tamen
2105 2131 2141 2170 a
2174 2115 2413 2171 Simone
2444 2121 2499 2170 et
2544 2117 2883 2181 Saturnino,
2927 2123 3108 2188 atque
3148 2118 3225 2173 ab
3267 2117 3536 2176 absurda

1872 2210 1930 2260 et
1975 2205 2320 2276 importuna
2371 2205 2621 2260 scientia
2673 2206 2930 2262 Cerinthi
2969 2213 3166 2262 ortum
3207 2211 3532 2264 traxerunt.

1873 2299 2154 2350 Artemon
2201 2301 2255 2348 et
2294 2297 2606 2351 Montanus
2651 2299 2776 2349 tum
2827 2296 3086 2366 primum
3133 2296 3534 2368 pullulabant,

1874 2388 1930 2438 et
1969 2389 2260 2454 tanquam
2291 2389 2593 2454 serpentes
2624 2383 2848 2439 rubette
2879 2385 3180 2440 interitum
3218 2385 3534 2457 spirantes,

1873 2478 2306 2529 venenatorum
2357 2471 2663 2545 reptilium
2712 2490 2899 2538 more,
2946 2491 3052 2545 per
3107 2475 3424 2547 Phrygiam
3474 2477 3536 2532 in

1877 2562 2017 2618 Asia
2055 2560 2581 2633 provolvebantur.
2625 2561 2941 2617 Marcionis
2977 2567 3176 2618 autem
3217 2571 3376 2620 secta
3415 2565 3539 2619 dis-

1878 2657 2040 2707 secta
2078 2656 2256 2722 atque
2291 2650 2488 2705 divisa
2525 2656 2668 2706 erat.
2709 2651 2966 2716 Quidam
3007 2654 3185 2708 etiam
3215 2655 3417 2708 Romae
3454 2655 3540 2709 vi-

1880 2741 2122 2812 gebant,
2167 2745 2227 2794 ut
2270 2739 2535 2796 Florinus
2573 2746 2630 2795 et
2671 2741 2922 2806 Blastus,
2964 2741 3067 2812 qui
3102 2747 3160 2798 et
3198 2743 3309 2814 ipsi
3352 2759 3539 2799 novas

1880 2831 2193 2903 opiniones
2226 2828 2300 2884 de
2341 2844 2482 2884 vero
2520 2830 2778 2886 veritatis
2817 2831 3011 2885 Verbo
3055 2831 3436 2887 induxerunt.
3474 2835 3541 2887 Et

1883 2919 2154 2977 Florinus
2211 2918 2478 2990 quidem.
2540 2919 2707 2991 quod
2762 2920 3210 2991 presbyteratus
3265 2921 3540 2976 Ecclesiae.

1883 3010 2073 3080 gradu
2100 3006 2410 3063 abdicatus
2439 3015 2631 3074 esset;
2664 3007 2887 3064 Blastus
2917 3016 3139 3076 autem,
3168 3025 3285 3065 non
3315 3009 3394 3065 ob
3420 3010 3542 3065 dis-

1883 3098 2139 3154 similem
2178 3112 2420 3169 quoque
2451 3096 2710 3167 lapsum.
2747 3097 3001 3163 Quilibet
3040 3114 3176 3154 vero
3207 3114 3418 3154 eorum
3454 3099 3542 3154 of-

1882 3187 2063 3244 ﬁcina
2112 3186 2367 3240 seorsim
2417 3191 2628 3241 contra
2673 3202 2877 3241 verem
2925 3187 3206 3258 pietatem
3253 3188 3543 3254 instituta,

1884 3275 2217 3350 permultos
2251 3291 2322 3330 ex
2353 3274 2612 3330 Ecclesia
2641 3275 2702 3330 in
2733 3291 2989 3331 errorem
3026 3293 3200 3332 suum
3236 3279 3541 3349 pertraxit.

1885 3366 1999 3423 Sed
2030 3366 2190 3421 enim
2218 3369 2425 3420 contra
2450 3365 2832 3421 Artemonem
2857 3366 3108 3439 ejusque
3137 3383 3544 3423 successorem

1883 3454 2257 3510 Theodotum
2292 3453 2638 3525 Byzantium
2684 3455 3025 3520 coriarium,
3055 3456 3156 3526 qui
3201 3455 3356 3510 illius
3387 3472 3546 3511 erro-

1883 3559 2010 3598 rem
2057 3541 2310 3596 multum
2350 3542 2638 3613 provexit,
2681 3542 2887 3597 beatus
2930 3544 3121 3598 Victor
3154 3544 3541 3615 depugnavit.

1885 3632 2206 3700 Redarguit
2253 3646 2495 3701 quoque
2540 3630 3054 3702 importunitatem
3105 3648 3311 3687 eorum
3371 3633 3539 3699 liber,

1885 3721 1987 3793 qui
2013 3736 2231 3791 parvus
2252 3718 2654 3789 Labyrinthus
2678 3719 2912 3784 dicitur,
2936 3735 3118 3791 quem
3151 3721 3419 3776 nonnulli
3443 3722 3546 3777 bo-

1887 3811 2137 3881 Origene
2161 3809 2564 3881 compositum
2596 3825 2730 3864 esse
2754 3816 3071 3866 autumant
3105 3830 3117 3868 :
3150 3814 3254 3865 sed
3287 3827 3388 3865 eos
3428 3817 3548 3882 sty-

1885 3901 1980 3957 lus
2022 3906 2078 3954 et
2121 3897 2474 3955 elocutionis
2521 3898 2716 3954 forma
2765 3898 2989 3953 refellit.
3035 3900 3213 3970 316
3263 3899 3544 3955 Montano

1889 4006 2068 4064 porro
2134 3994 2424 4061 tauquam
2489 3988 2955 4060 inexpugnabile
3021 3989 3546 4062 propugnaculum

1892 4084 2045 4137 Deus
2106 4079 2326 4149 objecit
2382 4079 2835 4150 llierapolitanm
2892 4079 3164 4136 Ecclesia:
3223 4080 3550 4136 antistitem

1888 4168 2318 4242 Apollinarem,
2351 4167 2541 4222 virum
2583 4167 2888 4236 eximium,
2922 4169 3026 4239 qui
3069 4169 3145 4224 ad
3184 4169 3401 4224 divinae
3441 4169 3547 4225 do-

1892 4259 2096 4316 ctrinae
2127 4256 2528 4326 cognitionem
2551 4256 2834 4328 profanas
2861 4259 3040 4314 etiam
3066 4258 3417 4330 disciplinas
3445 4259 3550 4314 ad-

1887 4349 2129 4420 jecerat.
2160 4346 2460 4400 Adversus
2487 4345 2646 4400 hunc
2677 4362 2920 4418 quoque
2950 4349 3315 4419 scripserunt
3345 4347 3551 4404 Miltia-

1894 4438 2020 4502 des,
2082 4433 2448 4506 Apollonius,
2498 4434 2786 4506 Serapion
2843 4436 3224 4493 Antiochenaa
3280 4436 3549 4492 Ecclesia:

1894 4526 2235 4599 episcopus,
2277 4528 2334 4579 et
2385 4523 2480 4578 alii
2534 4523 2873 4594 complures
2928 4542 2941 4580 :
3002 4526 3173 4582 sicuti
3230 4532 3286 4582 et
3341 4530 3551 4582 contra

1893 4615 2186 4676 Proclum.
2216 4612 2486 4683 ejusdem
2512 4612 2807 4668 haereseos
2833 4616 3319 4685 antesignanum,
3350 4615 3546 4684 Cajus,

1893 4720 2075 4778 quem
2115 4709 2290 4758 antea
2319 4717 2560 4773 quoque
2591 4701 3052 4758 nominavimus.
3094 4703 3402 4758 Marcionis
3443 4720 3552 4760 au-

1893 4798 2013 4850 tem
2069 4792 2360 4864 Opinioni,
2418 4791 2666 4862 ejusque
2712 4792 3013 4859 divisioni,
3070 4793 3548 4864 sapientissimus

1892 4882 2104 4939 restitit
2151 4879 2422 4936 Rhodon.
2457 4880 2543 4935 Ad
2574 4880 2876 4936 Florinum
2920 4887 3119 4936 autem
3158 4887 3214 4935 et
3257 4880 3544 4951 Blastum,

1894 4972 1999 5044 qui
2031 4974 2229 5027 Romae
2258 4969 2600 5024 schismatis
2630 4975 2687 5024 et
2715 4969 2942 5025 dissidii
2972 4971 3153 5024 duces
3179 4970 3363 5037 fuere,
3389 4986 3550 5043 saspe

1895 5061 2073 5118 nobis
2108 5059 2453 5116 nominatus
2492 5059 2752 5113 lrenaeus
2789 5059 3227 5114 cohortationes
3268 5060 3548 5132 scripsit:

1896 5154 1964 5206 ut
1987 5149 2198 5205 nuntio
2225 5147 2393 5203 vanis
2418 5152 2597 5219 atque
2621 5147 2899 5202 inanibus
2925 5148 3301 5204 sermonibus
3327 5155 3383 5204 et
3408 5166 3552 5205 con-

1897 5238 2320 5296 certationibus
2354 5238 2632 5303 remisso,
2663 5235 3004 5306 apostolicis
3042 5237 3399 5294 inhaererent
3439 5244 3552 5296 tra-

1896 5327 2246 5386 ditionibus.
2275 5327 2582 5382 Enimvero
2605 5331 2758 5380 recte
2785 5341 2877 5380 me
2903 5325 3199 5382 facturum
3223 5343 3356 5383 esse
3382 5335 3548 5400 puto,

185 5423 234 5478 si
274 5421 747 5494 perniciosorum
779 5436 988 5477 eorum
1033 5421 1354 5475 hominum
1389 5419 1698 5490 illegitima
1727 5423 1784 5474 et
1817 5419 2154 5477 adulterina
2192 5417 2482 5486 dogmata
2516 5430 2865 5486 exposuero,
2909 5421 2964 5470 et
3000 5423 3295 5487 quantum
3328 5417 3552 5484 licebit,
3586 5421 3590 5427 '

187 5512 274 5570 eis
316 5510 636 5584 prmelaros
679 5509 809 5568 illos
850 5510 1010 5565 viros
1055 5523 1419 5582 opposuero,
1445 5509 1548 5581 qui
1587 5507 1799 5565 validis
1850 5515 2030 5582 atque
2075 5505 2307 5562 invictis
2355 5504 2700 5562 divinorum
2745 5504 3126 5562 oraculorum
3172 5509 3550 5578 argumentis

189 5599 529 5680 superﬂuas
555 5605 614 5660 et
635 5599 868 5659 inutiles
894 5598 1136 5658 illorum
1161 5611 1358 5672 nugas
1386 5602 1442 5656 et
1468 5596 1876 5660 deliramenta
1899 5596 2126 5658 fortiter
2152 5593 2561 5654 confutarunt.
