4000 6220
541 288 672 348 1031

1160 423 1387 481 CAPUT
1427 423 1555 480 XXI.

536 550 612 607 De
634 549 955 622 Artemona
992 554 1045 605 et
1100 548 1392 605 Theodoto
1424 556 1666 622 sutore,
1721 549 1825 622 qui
1852 551 2187 608 docuerunt

611 621 913 677 Christum
952 636 1173 692 parum
1197 627 1382 690 fuisse
1412 621 1811 687 hominem,’et
1834 630 1895 677 ut
1926 625 1969 678 ii
2003 622 2188 692 primi

606 694 953 834 Ser;pturas
967 708 1344 764 corrumpere
1366 693 1729 765 inceperim:
1740 701 1793 750 et
1806 695 1879 751 de
1905 694 2186 752 Anatolio

608 779 715 821 con
751 779 961 820 essorc.

608 779 961 821 conressorc.

603 893 886 945 Artemon
937 887 1135 959 igitur,
1172 888 1276 962 qui
1323 893 1380 945 et
1426 894 1696 945 Artemas
1727 889 1922 946 dictus
1954 895 2062 958 est,
2090 905 2184 947 ea-

531 977 670 1033 dem
700 993 836 1049 quae
880 993 1012 1044 nos,
1053 977 1127 1033 de
1164 977 1283 1034 Deo
1341 978 1742 1035 universitatis
1763 979 1943 1050 hujus
1978 978 2182 1046 sensit,

529 1067 901 1122 conditorem
927 1083 1066 1122 eum
1105 1082 1234 1122 esse
1272 1082 1469 1123 rerum
1511 1069 1783 1124 omnium
1805 1067 2032 1125 dicens.
2078 1070 2184 1124 Do-

528 1156 763 1212 minum
789 1161 992 1212 autem
1040 1160 1310 1212 nostrum
1362 1157 1563 1212 Jesum
1597 1156 1895 1214 Christum
1927 1157 2181 1215 asseruit

527 1261 760 1302 merum
813 1262 946 1302 esse
995 1245 1322 1312 hominem,
1356 1263 1426 1302 ex
1473 1247 1702 1317 virgine
1733 1253 1962 1318 natum,
1988 1252 2042 1304 et
2071 1247 2181 1302 vir-

527 1335 649 1391 t'ute
681 1334 986 1407 prophetis
1029 1335 1528 1406 praestantiorem.
1563 1341 1754 1408 Atque
1797 1336 2008 1392 eadem
2049 1336 2178 1392 hac

523 1425 830 1495 apostolos
845 1439 1085 1497 quoque
1101 1423 1457 1495 praedicasse
1471 1425 1829 1482 asseveravit
1840 1441 2178 1498 ,perperam

522 1529 830 1586 exponens
864 1520 1043 1586 atque
1081 1513 1421 1584 depravans
1453 1515 1797 1571 divinarum
1828 1515 2176 1571 Litterarum

516 1619 788 1660 sensum.
845 1605 1226 1659 Successores
1279 1609 1478 1658 autem
1535 1619 1745 1660 eorum
1800 1605 2174 1660 divinitatem

513 1692 793 1748 tribuisse
841 1693 1094 1758 Christo,
1145 1707 1283 1746 cum
1339 1697 1518 1747 antea
1574 1695 1725 1748 Deus
1785 1709 1908 1749 non
1977 1693 2170 1759 fuerit,

1837 287 2226 348 NICEPHORI
2264 287 2579 350 CALLISfI'I

3737 295 3838 352 103

2220 432 2262 486 Δ
2889 426 3133 482 ΚΕΦΑΛ.
3163 424 3297 485 KA'.

2296 551 2872 624 Htpi’Apriymvo;
2921 548 3387 624 καὶ-Θεοδότου
3424 557 3529 604 τοῦ
3582 557 3859 617 σκυτέως,

2364 570 2378 604 ι
2434 569 2872 624 ι’Λρτεμωνος
2921 571 3028 605 και
3063 569 3387 606 υεοονοτου
3424 570 3529 604 του
3582 569 3859 617 σκυτεως,

2364 569 2554 694 fita»
2604 624 2940 696 ἄνθρωπον
3008 620 3542 697 δογματιςόντων
3609 630 3862 697 Χριστόν

2363 692 2469 747 καὶ
2495 699 2571 758 ὡς
2596 692 2836 768 πρῶτοι
2867 699 2977 758 τάς
3019 692 3274 771 Γράφάς
3304 692 3713 819 διαφθείρειν
3736 697 3862 768 ἦρξα

2365 785 2513 819 αντο
2545 784 2559 798 ⁸
2593 772 2700 819 καὶ
2728 772 2876 819 moi.
2901 767 3295 819 Ἀνατολίου
3325 775 3436 819 τοῦ
3465 768 3577 819 ouo
3627 777 3858 819 οονητοῡ.

2365 785 2513 819 αντο
2545 784 2559 798 ο
2593 767 2700 821 καὶ
2728 772 2876 842 περὶ
2901 767 3295 824 ’Λνατολίου
3325 767 3858 841 τούόμολογητοῦ.

2364 888 2625 963 ’Δρτίμων
2681 893 2772 962 μὲν
2822 886 2932 959 οὖν,
2986 891 3013 943 ό
3051 895 3142 944 καὶ
3195 889 3469 965 ’Δρτεμᾶς,
3522 892 3591 943 τὰ
3627 893 3715 963 μεν
3750 895 3861 946 κατᾶ

2292 981 2378 1032 τόν
2437 988 2536 1031 τῶν
2616 979 2742 1033 ὅλων
2799 985 2929 1034 Θεὸν
2984 979 3370 1055 παραπλησίως
3436 982 3562 1053 ἡμῖν
3624 977 3855 1048 εδόξασεν,

2293 1067 2512 1139 εἰρηκὼς
2544 1068 2700 1122 αύτόν
2732 1066 2860 1122 εἶναι
2910 1074 3134 1130 ποιητὴν
3166 1077 3262 1122 τοῦ
3305 1073 3494 1131 παντὸς
3540 1074 3632 1122 καὶ
3662 1065 3857 1144 δημιουρ

2290 1162 2379 1230 γόν
2409 1177 2422 1192 ο
2475 1163 2560 1212 τὸν
2618 1155 2678 1213 δι
2727 1163 2916 1235 Κύριον
2955 1161 3100 1234 ἡμῶν
3149 1159 3356 1218 Ἰησοῦν
3416 1163 3645 1235 Χριστόν
3694 1161 3859 1235 susp...

2290 1267 2386 1300 πον
2471 1247 2580 1302 εἶπε
2644 1249 2816 1322 ψιλόν,
2886 1249 2944 1302 ἔκ
3019 1251 3274 1323 παρθένου
3353 1254 3444 1322 μεν
3501 1255 3856 1323 γεγεννημένον,

2290 1345 2390 1390 τῶν
2445 1347 2724 1412 προφητῶν
2781 1336 2841 1392 δι
2898 1335 2971 1392 δι’
3028 1338 3220 1414 ἀρετὴν
3273 1344 3565 1415 κρείττονα.
3608 1346 3781 1392 Ταῦτα
3814 1339 3856 1393 δι

2289 1431 2376 1509 καὶ
2469 1431 2588 1490 τούς
2673 1427 2996 1492 ἀποστόλους
3049 1432 3402 1504 κεκηρυχίναι
3472 1427 3633 1500 ἔλεγε,
3697 1448 3858 1504 παρερο

2288 1517 2520 1588 μηνεύων
2560 1525 2659 1569 τῶν
2715 1519 2860 1570 θείων
2919 1522 3132 1592 Γραφῶν
3185 1523 3279 1577 τὴν
3335 1514 3596 1575 διάνοιαν.
3657 1522 3781 1580 Τούς
3817 1515 3860 1570 δι

2289 1604 2395 1677 μετ’
2441 1603 2664 1668 ἐκείνους
2715 1609 2904 1679 ἔφασκε
2963 1606 3275 1679 θεολογῆσαι
3333 1610 3420 1660 τόν
3472 1609 3724 1680 Χριστόν,
3785 1608 3858 1660 οὐκ

2288 1697 2412 1748 ὅντα
2464 1699 2593 1749 Θεὸν
2631 1700 2897 1769 πρότερον.
2946 1700 3167 1758 Σκυτεύς
3217 1693 3277 1750 δέ
3325 1716 3400 1758 τις
3430 1696 3728 1762 Βυζάντιος,
3760 1703 3857 1749 Θεό-

515 1780 684 1836 dixit.
710 1781 1004 1837 Coriarius
1039 1797 1179 1838 vero
1209 1781 1460 1854 quidam
1486 1781 2174 1854 Byzantius,'l‘beodotus

2289 1779 2443 1847 δοτος
2499 1787 2680 1856 ὄνομα,
2735 1787 2978 1857 μαθητὴς
3041 1788 3236 1838 ἑκείνου
3294 1791 3582 1859 γενόμενος,
3639 1791 3859 1860 φρατρίας

512 1871 780 1937 nomine,
812 1871 1149 1944 disctpulus
1192 1872 1342 1941 ejus,
1387 1871 1625 1926 alterius
1687 1878 1860 1926 sectas
1896 1871 2175 1944 princeps

510 1961 749 2026 exstitit,
800 1968 854 2016 et
899 1960 1085 2016 multo
1133 1961 1332 2016 adhuc
1387 1960 1593 2032 pejora
1630 1965 1718 2017 est
1772 1965 2170 2016 commentus.

514 2047 868 2105 Praeclaram
898 2056 1099 2105 autem
1126 2065 1252 2105 rem
1283 2065 1345 2104 se
1372 2048 1565 2104 facere
1591 2049 1971 2114 existimavit,
2006 2049 2173 2122 quod

511 2140 925 2195 auctoritatem
954 2139 1241 2194 divinitus
1262 2137 1565 2208 inspiratis
1593 2137 1818 2194 Litteris
1834 2139 2170 2209 abrogavit,

512 2233 570 2284 et
593 2244 693 2284 eas
721 2244 873 2300 quas
916 2229 1166 2300 ipsemet
1214 2228 1452 2298 recepit,
1488 2229 1775 2300 corrupit.
1815 2228 1910 2282 His
1958 2229 2168 2293 Victor,

513 2317 835 2388 episcopus
884 2319 1207 2382 Romanus,
1236 2315 1414 2371 veluti
1457 2315 1790 2371 doctrinam
1821 2315 1961 2371 ﬁdei
1999 2315 2173 2372 adul-

510 2406 839 2462 terantibus
862 2421 1148 2475 generose
1169 2405 1398 2471 restitit,
1421 2405 1860 2476 coriariumque
1887 2405 1964 2460 ad
1982 2405 2172 2460 Eccle-

511 2495 604 2552 sia
635 2495 996 2568 proscripsit.
1036 2494 1145 2560 Qui
1179 2510 1436 2566 parvum
1462 2494 1896 2566 Labyrinthum
1928 2510 2170 2566 compo-

508 2585 627 2640 suit
663 2586 934 2656 scriptor,
960 2583 1071 2640 hos
1087 2584 1413 2655 redarguit,
1444 2590 1775 2640 asserentes
1789 2599 1850 2640 se
1871 2583 2170 2655 ejusmodi

504 2674 841 2732 doctrinam
895 2674 974 2728 ab
1022 2673 1310 2744 apostolis
1345 2680 1402 2729 et
1446 2671 1900 2728 successoribus
1958 2687 2169 2728 eorum

508 2763 796 2835 accipisse
831 2779 843 2816 :
873 2761 1044 2834 317
1103 2762 1531 2833 veritatemque
1575 2778 1763 2834 asque
1803 2761 1882 2818 ad
1925 2761 2169 2818 Victoris

504 2855 801 2923 tempora,
841 2852 945 2923 qui
1004 2851 1277 2907 decimus
1347 2851 1551 2906 tertius
1581 2868 1617 2906 a
1665 2851 1835 2906 Petro
1885 2853 2168 2906 Romanas

505 2942 671 2998 urbis
726 2942 1047 3012 episcopus
1099 2939 1230 3008 fuit,
1284 2939 1644 3006 obtinuisse,
1669 2945 1723 2995 et
1756 2956 1792 2996 a
1823 2955 2168 2995 successore

503 3030 633 3102 ejus
671 3029 1005 3102 Zephyrin
1063 3035 1408 3100 corruptam
1449 3027 1654 3084 fuisse.
1698 3029 1887 3084 Verba
1913 3029 2042 3100 ejus
2083 3027 2167 3084 sic

503 3120 772 3177 habent:
807 3138 835 3170 ι(
863 3121 925 3174 Et
956 3119 1208 3174 fortasse
1250 3119 1307 3172 id
1364 3117 1530 3190 quod
1586 3118 1666 3173 illi
1709 3117 2035 3184 docebant,
2069 3134 2167 3174 ve-

2278 3121 2359 3171 νόν
2417 3122 2474 3171 τὸ
2524 3118 2814 3193 λεγόμενον,

501 3209 752 3266 risimile
783 3207 1006 3273 fuisset,
1038 3206 1150 3262 nisi
1180 3207 1265 3262 eis
1310 3206 1754 3276 refragarentur
1785 3208 2048 3278 primum
2076 3207 2164 3262 di-

501 3298 656 3355 vinas
715 3298 1058 3368 Scripturas,
1091 3295 1307 3351 deinde
1339 3295 1590 3352 fratrum
1637 3295 2043 3368 quorumdam
2076 3295 2167 3350 Vi-

503 3388 684 3444 ctoris
719 3393 986 3458 tempore
1015 3385 1504 3458 presbyterorum
1535 3384 1692 3454 libri,
1718 3400 1872 3457 quos
1894 3384 1974 3440 illi
2001 3391 2058 3441 et
2087 3384 2166 3440 ad

510 3481 717 3547 gentes
755 3482 812 3532 et
861 3475 1150 3531 adversus
1193 3477 1451 3530 haereses
1503 3489 1612 3546 pro
1642 3473 1888 3530 veritate
1919 3475 2167 3547 scripse-

501 3565 936 3630 runt:Justini,
998 3564 1270 3636 inquam,
1300 3569 1357 3618 et
1405 3562 1696 3629 Miltiadis,
1752 3561 2003 3628 Tatiani,
2035 3561 2165 3619 Cle-

502 3657 741 3722 mentis,
776 3659 833 3710 et
869 3653 1125 3710 aliorum
1164 3651 1587 3724 complurium,
1617 3652 1676 3706 in
1716 3651 1938 3724 quibus
1975 3652 2168 3707 omni-

499 3743 620 3801 bus
684 3743 964 3799 divinitas
1030 3743 1255 3799 Christo
1321 3741 1598 3796 tribuitur
1657 3757 1670 3796 :
1731 3755 1873 3796 nam
1939 3740 2166 3807 lrenaei,

497 3832 807 3898 Melitonis,
867 3838 923 3888 et
976 3831 1370 3904 reliquorum,
1439 3829 1576 3901 quis
1641 3831 1879 3900 ignorat
1946 3828 2166 3902 scripta

497 3923 801 3980 Christum
851 3925 1034 3978 Deum
1079 3921 1482 3993 eumdemque
1527 3921 1832 3976 hominem
1872 3919 2167 3991 depraadi-

499 4029 637 4070 care
669 4011 699 4066 ?
748 4011 963 4068 Psalmi
1003 4011 1181 4067 etiam
1230 4018 1286 4066 et
1323 4008 1593 4065 carmina
1632 4024 2012 4081 quaecunque
2036 4009 2166 4080 jam

502 4102 643 4158 inde
675 4118 710 4158 a
753 4100 1047 4173 principio
1079 4116 1116 4156 a
1146 4098 1423 4154 ﬁdelibus
1467 4105 1606 4154 sunt
1644 4099 2000 4170 composita,
2033 4100 2172 4158 Ver-

498 4191 648 4248 bum
691 4193 788 4246 Dei
819 4190 1115 4246 Christum
1153 4188 1435 4244 laudibus
1467 4187 1851 4252 celebrantia,
1884 4187 2162 4244 deitatem

498 4281 552 4338 ei
577 4282 860 4337 tribuunt.
894 4279 1211 4344 Quomodo
1243 4279 1418 4350 igitur
1450 4277 1850 4333 ecclesiastico
1879 4277 2166 4348 dogmate

497 4371 538 4428 δέ
565 4375 650 4426 tot
677 4368 850 4425 annis
883 4367 1285 4439 deprzedicato
1323 4365 1566 4422 defendi
1605 4371 1819 4438 potest,
1855 4381 2046 4438 usque
2087 4367 2166 4424 ad

498 4457 748 4515 Victoris
786 4463 1062 4529 tempora
1103 4456 1438 4512 doctrinam
1481 4455 1658 4523 hanc,
1701 4459 1764 4510 ut
1792 4455 1902 4526 ipsi
1936 4454 2163 4528 dicunt,

496 4549 560 4607 in
590 4547 851 4604 ecclesiis
882 4543 1256 4602 obtinuisse?
1287 4545 1603 4610 Quomodo
1644 4543 1824 4599 etiam
1869 4559 1989 4599 non
2033 4560 2167 4601 eru-

495 4639 767 4701 bescunt,
802 4636 929 4691 haec
960 4642 1168 4690 contra
1212 4635 1506 4690 Victorem
1549 4633 1986 4689 ementientes?
2027 4649 2166 4690 cum

492 4735 654 4784 certo
719 4727 932 4790 sciant,
997 4723 1369 4780 Theodotum
1437 4723 1782 4788 coriarium,
1857 4723 1960 4794 qui
2025 4728 2164 4794 post

495 4819 877 4873 Artemonem
919 4821 1088 4886 pater
1137 4819 1192 4868 et
1235 4813 1516 4884 princeps
1563 4811 1743 4882 hujus
1793 4811 2162 4868 divinitatem

493 4907 769 4978 negantis
798 4903 1146 4962 defectionis
1189 4901 1317 4969 fuit,
1351 4907 1408 4958 et
1447 4902 1746 4958 Christum
1777 4903 2008 4974 primus
2048 4917 2157 4973 pu-

492 5012 630 5055 rum
658 4995 968 5052 hominem
991 5010 1117 5049 esse
1148 4992 1317 5059 dixit,
1345 5009 1382 5049 a
1414 4993 1639 5048 Victore
1665 5007 1794 5048 esse
1825 5008 1861 5048 a
1888 5007 2162 5048 commu-

491 5085 674 5146 nione
718 5081 1068 5157 repulsum?
1105 5082 1162 5138 Si
1203 5082 1361 5139 enim
1394 5079 1584 5137 Victor
1631 5080 1846 5137 eadem
1891 5095 2026 5152 quae
2076 5079 2159 5136 illi

493 5178 774 5233 sensisset
813 5173 1010 5247 (sicuti
1049 5173 1288 5228 illorum
1336 5171 1510 5227 docet
1545 5169 1970 5242 blasphemia),
2003 5186 2160 5242 quo-

488 5267 674 5324 modo
720 5267 769 5321 is
799 5263 1166 5320 Theodotum
1207 5259 1452 5317 haeresis
1483 5261 1611 5331 ejus
1653 5261 2026 5315 inventorem
2071 5275 2160 5315 re-

485 5355 768 5429 jecisset?
801 5373 829 5406 »
866 5352 956 5410 Ad
993 5354 1123 5408 haec
1151 5351 1251 5407 illa
1295 5351 1534 5422 adjicit:
1583 5369 1608 5401 α
1646 5350 1979 5422 Scripturas
2017 5349 2158 5420 qui-

487 5447 633 5502 dam
659 5459 860 5500 sacras
891 5444 1120 5515 absque
1143 5443 1354 5496 timore
1378 5446 1435 5495 et
1465 5438 1692 5512 pudore
1721 5437 1888 5494 omni
1919 5436 2158 5494 adulte-

485 5541 713 5602 raruut,
728 5533 1005 5606 antiquos
1017 5531 1154 5587 ﬁdei
1171 5544 1433 5587 canones
1447 5527 2150 5600 abrogarunt,Christum

484 5623 861 5697 ignorarunt.
911 5625 1026 5680 Nec
1072 5622 1153 5680 illi
1204 5621 1350 5697 quid
1396 5621 1611 5677 divinae
1662 5619 1885 5678 Litteras
1937 5619 2135 5677 dicant

2285 1873 2456 1946 ἑτέρας
2522 1872 2839 1947 κατήρξατο,
2899 1879 2988 1928 καὶ
3046 1873 3176 1928 ἄλλα
3231 1873 3402 1946 πολλῷ
3456 1880 3678 1948 χείρονα
3727 1873 3857 1928 ἐπινεο

2283 1967 2500 2024 νοηκὼς.
2557 1965 2827 2036 Ιῐρούργου
2861 1959 2912 2016 δ’
2943 1962 3138 2016 ἕτίθετο
3195 1965 3291 2026 τάς
3321 1965 3703 2027 θεοπνεύστους
3753 1969 3857 2037 Γρα-

2283 2052 2376 2124 φάς
2414 2049 2610 2104 ἀθετεῖν
2644 2069 2656 2082 ·
2717 2053 3085 2127 παραφθείρειν
3135 2048 3194 2106 δε
3248 2057 3339 2106 καὶ
3377 2051 3434 2114 ἃς
3470 2052 3638 2114 αὐτὸς
3673 2049 3854 2125 παρεδί-

2282 2159 2430 2211 χετο.
2458 2142 2674 2202 Τούτοις
2707 2143 2796 2213 μὲν
2829 2137 2917 2193 οὖν
2949 2142 3154 2214 Βίκτωρ
3185 2142 3212 2194 ό
3232 2149 3326 2204 τῆς
3347 2141 3556 2214 Ῥώμης
3586 2145 3852 2209 ἰπίσκοπος,

2281 2227 2370 2282 ἅτε
2423 2225 2492 2288 δὴ
2553 2231 2622 2282 τὰ
2665 2237 2761 2291 τῆς
2810 2234 3034 2293 πίστεως
3085 2233 3572 2306 παραχαράττουσι
3623 2229 3850 2305 δόγματι,

2279 2323 2523 2390 γενναίως
2578 2317 2861 2373 ἀνθίστατο
2890 2338 2904 2352 ο
2964 2324 3050 2373 τὸν
3095 2316 3154 2374 δι
3203 2325 3397 2374 σκυτέα
3443 2326 3540 2374 καὶ
3573 2320 3853 2394 ὶκκήρυκτον

2280 2406 2359 2459 ἐπ’
2414 2406 2690 2469 ἐκκλησίας
2740 2407 2915 2464 ἕτίθει.
2973 2407 3039 2462 ’⁵0
3085 2428 3146 2481 γε
3187 2415 3295 2483 μὴν
3345 2415 3438 2470 τὴν
3476 2412 3674 2484 μικρὰν
3710 2409 3853 2464 Λιϐὖο

2278 2498 2451 2569 ρινθον
2489 2496 2604 2549 κατ’
2649 2495 2817 2549 αύτῶν
2872 2499 3268 2571 συστησάμενος
3317 2496 3604 2572 ἀπελίγχει
3649 2503 3850 2564 τούτους,

2280 2587 2570 2658 φάσκοντας
2623 2585 2724 2638 ἀπό
2781 2594 2881 2638 τῶν
2939 2585 3241 2640 ἀποστόλων
3300 2593 3390 2642 καὶ
3445 2588 3671 2652 καθεξῆς
3715 2597 3852 2642 ταῦτα

2277 2673 2592 2748 παραλαϐεῖν
2625 2691 2638 2704 ⁸
2672 2680 2762 2728 καὶ
2821 2671 3242 2751 διατετηρῆσθαι
3299 2681 3392 2736 τὴν
3447 2675 3695 2736 ἀλήθειαν
3742 2679 3850 2752 ἄχρι

2280 2759 2347 2821 δή
2382 2767 2473 2815 καὶ
2517 2771 2617 2815 τῶν
2665 2769 2871 2836 χρόνων
2903 2769 3183 2840 Βίκτωρος,
3243 2765 3300 2828 ὃς
3355 2763 3417 2824 ἧν
3447 2762 3851 2840 τρισκαιδέκατος

2279 2851 2380 2904 ἀπό
2438 2856 2634 2926 Πέτρου
2686 2851 2735 2905 ἓν
2790 2858 2944 2926 Ῥώμῃ
2993 2857 3301 2919 ἱπίσκοπος,
3340 2854 3441 2908 ἀπό
3471 2853 3537 2909 δὲ
3567 2864 3656 2908 τοῦ
3695 2852 3851 2908 διαδόο

2276 2960 2383 3014 χου
2436 2941 2597 2993 αύτού
2645 2946 2926 3015 Ζεφυρίνου
2966 2945 3458 3018 παρακεχαράχθαι
3487 2949 3588 3004 τὴν
3619 2944 3847 3004 ἀλήθειαν.

2278 3033 2430 3102 Λέγει
2461 3025 2512 3082 δ’
2539 3031 2624 3083 ἐπὶ
2653 3030 2832 3094 λέξεως
2889 3032 3054 3094 ούτως
3084 3050 3100 3063 ⁸
3131 3053 3159 3085 ι(
3209 3033 3307 3086 Ἦν
3350 3030 3401 3086 δ’
3433 3033 3496 3086 ἃν
3533 3038 3697 3107 τυχόν
3723 3036 3848 3087 πιθα-

2903 3120 2947 3174 εί
2997 3125 3070 3194 μὴ
3138 3130 3341 3196 πρῶτον
3416 3125 3512 3196 μεν
3577 3122 3849 3178 ἀντίπιπτον

2279 3207 2454 3271 αύτοῖς
2493 3210 2548 3261 αἱ
2591 3211 2726 3262 θεῖαι
2774 3215 2976 3283 Γραφαί
3003 3227 3016 3240 °
3050 3215 3139 3264 καὶ
3192 3207 3422 3285 ἀδελφῶν
3476 3208 3542 3266 δέ
3596 3233 3738 3266 τινων
3757 3215 3849 3266 ἔστι

2275 3300 2559 3373 γράμματα
2627 3297 2990 3372 πρεσϐυτέρων
3057 3308 3158 3352 τῶν
3225 3301 3487 3377 Βίκτωρος
3537 3307 3775 3375 χρόνωνο
3823 3300 3850 3352 ἆ

2277 3386 2462 3470 ἐκεῖνοι
2505 3390 2636 3459 πρὸς
2689 3389 2808 3446 ἔθνη
2859 3389 2986 3461 ύπερ
3045 3397 3138 3450 τῆς
3197 3387 3435 3451 ἀληθείας
3488 3393 3730 3466 καὶπρὸς
3774 3392 3850 3452 τὰς

2275 3481 2394 3529 τότε
2428 3478 2650 3550 αἱρέσεις
2683 3477 2917 3553 ἔγραψαν
2950 3496 2964 3510 ’
3002 3476 3135 3550 λέγω
3181 3475 3242 3532 δὲ
3282 3479 3574 3533 ’Ῑουστίνου
3612 3485 3695 3533 καὶ
3735 3479 3846 3533 Μιλ-

2275 3561 2486 3631 τιάδου,
2562 3571 2822 3618 Τατιανοῡ
2896 3585 2951 3620 τε
3013 3572 3104 3620 καὶ
3186 3566 3494 3641 Κλήμεντος,
3561 3574 3649 3622 καὶ
3697 3569 3848 3641 ἑτέρων

2275 3653 2539 3720 πλειόνων,
2600 3653 2649 3706 ἕν
2707 3656 2780 3716 οἷς
2828 3655 2996 3708 ἅπασι
3045 3655 3362 3729 θεολογείται
3412 3659 3440 3710 ὁ
3481 3664 3755 3736 Χριστός·
3795 3659 3848 3710 τὰ

2278 3744 2377 3816 γὰρ
2432 3742 2712 3818 Εἰρηναίου
2766 3763 2820 3797 τε
2875 3750 2964 3798 καὶ
3018 3745 3329 3814 Μελίτωνος,
3376 3753 3467 3801 καὶ
3519 3758 3620 3801 τῶν
3663 3747 3846 3816 λοιπῶν,

2277 3836 2359 3894 τίς
2405 3831 2578 3903 ἀγνοεῖ
2609 3829 2810 3907 βιϐλία,
2843 3837 2965 3886 Θεὸν
3021 3838 3112 3887 καὶ
3161 3836 3434 3908 ἄνθρωπον
3462 3836 3848 3910 καταγγέλλοντα

2275 3925 2363 3974 τόν
2414 3926 2643 3994 Χριστόν
2677 3939 2692 3990 ;
2723 3923 2927 3996 Ψαλμοὶ
2967 3920 3026 3976 δὲ
3065 3925 3183 3977 ὅσοι
3233 3929 3321 3978 καὶ
3352 3921 3492 3997 ᾠδαὶ
3529 3922 3750 3999 ἀδελφῶν
3774 3923 3848 3977 ἀπ’

2279 4009 2456 4086 ἀρχῆς
2514 4010 2614 4064 ἀπὸ
2655 4021 2854 4064 πιστῶν
2907 4021 3213 4087 γραφεῖσαι,
3269 4020 3439 4087 Λόγον
3495 4023 3589 4069 τοῦ
3628 4023 3752 4070 Θεοῦ
3776 4016 3844 4066 τόν

2277 4103 2507 4175 Χριστόν
2581 4101 2806 4173 ὑμνοῦσι
2864 4101 3238 4175 θεολογούντες.
3297 4110 3414 4168 Πῶς
3471 4105 3565 4158 οὖν
3615 4107 3843 4158 τοσούτων

2278 4191 2398 4242 ἑτῶν
2449 4189 2921 4263 καταγγελλομένου
2971 4198 3063 4244 τοῦ
3102 4192 3545 4251 ἓκκλησιαστικοῦ
3611 4199 3844 4267 φρονήμασ-

2276 4298 2384 4344 τος,
2439 4275 2711 4351 ἐνδέχεται
2760 4283 2877 4340 τούς
2925 4282 3090 4355 μέχρι
3139 4286 3394 4358 Βίκτωρος
3419 4289 3645 4356 χρόνους
3680 4282 3839 4351 οὕτως,

2277 4369 2347 4430 ὡς
2389 4367 2533 4420 οὗτοι
2587 4367 2816 4441 λέγουσι,
2851 4374 3200 4445 κεκήρυχέναι
3229 4387 3244 4439 ;
3276 4378 3392 4435 Πῶς
3433 4369 3494 4426 δε
3542 4373 3637 4427 ούκ
3666 4368 3842 4425 αἰδοῡν⁴

2276 4475 2365 4510 ται
2429 4464 2594 4509 ταῦτα
2644 4458 2910 4531 Βίκτωρος
2951 4458 3410 4532 καταψεύσασθαι,
3472 4460 3700 4536 ἀκριϐῶς
3730 4455 3841 4514 εἰδό-

2275 4564 2377 4614 τες,
2407 4547 2488 4599 ότι
2524 4550 2723 4620 Βίκτωρ
2776 4544 3023 4602 Θεόδοτον
3076 4553 3162 4602 τόν
3215 4554 3428 4616 σκυτέα,
3471 4555 3558 4604 τόν
3592 4552 3700 4625 μετ’
3743 4551 3838 4623 ’Δρο

2275 4641 2477 4709 τέμωνα
2539 4634 2781 4710 ἀρχηγὸν
2853 4644 2942 4691 καὶ
3020 4645 3220 4714 πατέρα
3284 4643 3479 4704 ταύτης
3559 4640 3834 4715 ἀρνησιθίου

2275 4724 2629 4793 ἀποστασίας,
2685 4724 2975 4802 ἀπεκήρυξε
3039 4735 3135 4792 τῆς
3194 4735 3481 4796 κοινωνίας,
3551 4739 3745 4805 πρῶτον
3787 4727 3836 4780 εἰ·

2275 4819 2438 4868 πόντα
2463 4814 2616 4886 ψιλόν
2642 4815 2910 4889 ἄνθρωπον
2960 4820 3047 4870 τόν
3099 4822 3330 4892 Χριστόν
3351 4838 3368 4891 ς
3428 4819 3488 4874 Εἰ
3533 4822 3632 4893 γὰρ
3674 4821 3833 4889 Βίκτωρ

2271 4905 2386 4958 κατ’
2429 4904 2614 4966 αύτούς
2663 4905 2823 4967 οὕτως
2879 4905 3096 4980 ἐφρόνει,
3155 4911 3225 4970 ὡς
3279 4911 3309 4967 ἡ
3370 4912 3564 4962 τούτων
3621 4906 3832 4962 διδάσκει

2273 4992 2606 5069 βλασφημία,
2661 5003 2772 5056 πῶς
2819 4993 2880 5048 ἃν
2921 4996 3140 5050 ἀπεϐαλε
3199 4995 3481 5068 Θεόδοτον,
3533 5002 3620 5052 τόν
3663 5005 3748 5059 τῆς
3773 4994 3832 5046 αἱ·

2271 5089 2457 5155 ρίσεως
2510 5087 2704 5148 ταύτης
2759 5086 2962 5159 εὑρετὴν
2997 5103 3012 5154 ;
3053 5106 3082 5138 (ι
3116 5092 3254 5162 Πρός
3308 5091 3516 5151 τούτοις
3564 5093 3654 5141 καὶ
3699 5093 3832 5139 ταῦτα

2272 5174 2453 5244 ἰπάγει
2501 5188 2514 5201 ⁸
2579 5195 2609 5224 ‹‹
2658 5176 2860 5246 Γραφάς
2915 5178 3006 5246 μεν
3055 5177 3196 5238 θείας
3243 5174 3447 5249 ἀφόϐως
3485 5173 3829 5252 ῥεραδιουργῆ·

2269 5277 2399 5315 κασι
2447 5276 2462 5290 ⁸
2498 5266 2727 5325 πίστεως
2770 5262 3000 5338 ἀρχαίας
3046 5270 3237 5318 κανόνα
3267 5265 3558 5326 ἠθετηκασι
3589 5282 3604 5296 ⁶
3637 5265 3828 5340 Χριστόν

2268 5351 2592 5423 ἠγνοήκασιν
2616 5368 2628 5382 ·
2671 5352 2730 5404 ού
2760 5356 2813 5405 τί
2853 5352 3092 5426 λέγουσιν
3142 5357 3197 5408 αὶ
3235 5357 3367 5408 θεῖαι
3407 5359 3607 5431 Γραφαὶ
3651 5358 3827 5418 ζητοῦν·

2271 5455 2372 5502 τες,
2408 5437 2700 5504 Εὐκλείδης
2752 5438 2811 5495 δε
2859 5447 2949 5496 καὶ
2978 5443 3206 5508 Γαληνός
3254 5446 3386 5508 ἴσως
3425 5447 3601 5508 αύτοίς
3630 5461 3824 5520 προσκν-

2263 5537 2448 5587 νεῖται.
2483 5552 2511 5582 ››
2561 5535 2665 5585 Καὶ
2712 5532 2824 5605 μετ’
2875 5531 3030 5606 ὀλίγα
3081 5550 3096 5566 ο
3125 5557 3156 5585 ε(
3206 5535 3304 5588 Διά
3357 5541 3512 5588 τοῦτο
3548 5541 3658 5595 ταῖς
3694 5534 3819 5586 θείαις

2264 5626 2496 5700 Γραφαῖς
2531 5623 2624 5686 τὰς
2671 5629 2858 5698 χεῖρας
2913 5621 3180 5693 inﬁdo-.9,
3225 5623 3454 5699 λέγοντες
3512 5623 3665 5688 αύτάς
3709 5617 3823 5695 διορ-
