4000 6220
160 277 306 335 1033

163 405 310 467 θοῦν,
369 407 665 476 πανουργίᾳ
697 408 790 463 τήν
843 403 1008 462 ἁπλῆν
1051 413 1151 457 τῶν
1209 407 1354 458 θείων
1413 413 1626 478 Γραφῶν
1669 402 1765 458 δύ-
1796 406 1840 459 Α

159 511 320 565 ναμιν
367 492 756 558 καπηλεύοντες,
813 498 1131 568 σοφωτέρους
1196 494 1410 556 ἑαυτοὺς
1462 503 1556 546 τοῦ
1610 495 1762 565 ἁγίου

162 584 467 654 Πνεύματος
499 581 882 654 ἀποφαίνοντες.
926 604 954 635 ››
1007 589 1160 654 Λέγει
1194 581 1253 635 δὲ
1291 580 1430 654 μηδὲ
1468 592 1626 636 τυῦτο
1675 584 1764 636 αύ-

161 675 290 732 τούς
355 667 667 746 δεδρακέναι
727 676 1014 743 συμφώνως
1061 689 1074 702 ⁸
1137 672 1263 724 ἀλλὰ
1319 673 1483 734 ἄλλως
1541 677 1628 745 μὲν
1677 677 1764 725 τόν

162 756 454 826 Θεόδοτον,
505 760 683 832 ἑτέρως
733 757 792 812 δε
842 765 927 812 τόν
966 759 1434 828 Ἀσκληπιόδοτον,
1466 767 1556 813 καὶ
1583 761 1766 837 Ἑρμό.

163 849 314 922 φιλον
396 849 578 918 ἄλλως,
631 855 722 902 καὶ
803 853 891 901 τόν
946 849 1336 909 Ἀπολλωνίδην
1407 851 1607 925 ἑτέρως.
1666 857 1766 904 Καὶ

160 943 365 991 τούτων
413 937 472 991 δὲ
515 939 747 991 ἕκαστων
795 937 1166 1012 ἐπιδιόρθωσιν
1221 949 1318 992 τῶν
1363 941 1562 992 οἰκείων
1604 946 1768 998 ποιή-

165 1031 374 1081 σασθαι
402 1047 415 1060 ·
446 1028 580 1080 ὥστε
608 1027 800 1086 πολλὴν
841 1025 970 1081 εἶναι
1024 1037 1122 1080 τῶν
1162 1029 1285 1104 παρ’
1325 1030 1498 1090 αὐτοῖς
1529 1029 1769 1102 ἀντιγρά-

164 1138 275 1190 φων
322 1115 629 1190 διαφωνίαν.
684 1116 850 1169 Ἐνιοι
892 1114 951 1170 δε
989 1118 1178 1183 αὐτῶν,
1222 1124 1400 1191 φησὶν,
1433 1119 1491 1170 ού
1522 1139 1770 1192 παραχα-

159 1210 378 1281 ράττειν
415 1207 647 1270 ἠξίωσαν
678 1207 856 1271 αὐτὰς,
905 1207 1009 1259 ἀλλ’
1053 1208 1225 1269 ἁπλῶς
1281 1207 1631 1282 ἀρνησάμενοι
1682 1214 1768 1260 τόν

160 1315 220 1348 τε
251 1301 410 1368 νόμον
449 1300 539 1347 καὶ
578 1301 702 1358 τοὺς
741 1302 1025 1370 προφήτας,
1060 1296 1252 1370 ἀνόμου
1307 1303 1396 1350 καὶ
1428 1297 1582 1350 ἀθέου
1615 1294 1770 1350 διδα-

164 1386 394 1448 σκαλίας
469 1388 726 1458 προφάσει
798 1389 1024 1459 χάριτος
1099 1388 1173 1449 εἰς
1229 1390 1455 1459 ἔσχατον
1515 1387 1772 1450 ἀπωλείας

160 1475 518 1529 κατώλισθον.
572 1475 629 1526 Ὀ
680 1473 739 1528 δε
795 1479 854 1527 τό
901 1477 1017 1528 κατ’
1075 1476 1243 1528 αὐτῶν
1303 1481 1628 1550 σύγγραμμα
1681 1497 1772 1529 συ-

165 1567 522 1636 στησάμενος,
565 1569 654 1616 καί
691 1584 744 1616 τι
790 1569 908 1637 περὶ
963 1568 1156 1617 τούτων
1208 1561 1454 1638 διήγημα
1498 1569 1711 1639 ἱστορεῖ,
1745 1567 1772 1617 ὃ

162 1661 229 1726 τῇ
292 1656 535 1726 παρούσῃ
590 1658 921 1728 πραγματείᾳ
952 1657 1196 1706 ἐκθέσθαι
1247 1653 1472 1708 δίκαιον.
1512 1657 1772 1708 Νατάλιον

163 1745 274 1816 γάρ
338 1762 454 1795 τινα
497 1747 629 1813 φησι
677 1751 778 1794 τῶν
829 1747 1070 1814 γενναίων
1118 1743 1442 1815 ὁμολογητῶν
1496 1745 1583 1796 ἕνα
1631 1763 1773 1815 γεγε-
1804 1769 1848 1824 Β

167 1835 394 1904 νημένον
450 1831 538 1884 ὑπ’
602 1829 1055 1890 Ἀσκληπιοδότου
1127 1837 1214 1884 καὶ
1280 1829 1539 1886 Θεοδότου
1601 1833 1771 1908 ἐτέρου

167 1924 312 1982 τινὸς
363 1921 678 1996 τραπεζίτου
754 1920 1161 1984 ἐξαπατηθῆναι.
1231 1924 1479 1980 Μαθηταὶ
1539 1918 1589 1974 δ’
1639 1919 1774 1981 ἦσαν

170 2007 440 2064 Θεοδότου
479 2019 571 2063 τοῦ
620 2013 730 2082 μετ’
778 2011 1076 2082 Ἀρτέμωνα
1121 2019 1211 2072 τῆς
1242 2015 1492 2072 τοιαύτης
1530 2015 1776 2086 αἱρέσεως

170 2098 449 2172 ἀρχηγοῦ,
509 2101 640 2152 ὥστε
679 2109 970 2172 προστῆναι
1020 2102 1101 2152 ἐπὶ
1158 2103 1332 2172 μισθῷ
1377 2109 1474 2163 τῆς
1530 2106 1777 2174 φρατρίας

173 2185 277 2242 διὰ
318 2192 377 2241 τὸ
432 2196 523 2250 τῆς
578 2189 852 2261 ὁμολογίας
892 2190 1169 2260 ἐπίσημον.
1205 2194 1436 2263 Δηνάρια
1481 2186 1540 2242 δε
1598 2190 1776 2243 ἑκατὸν

170 2282 267 2330 καὶ
306 2283 629 2335 πεντήκοντα
678 2279 796 2331 καθ’
829 2278 1054 2335 ἑκάστην
1111 2278 1187 2349 (1)
1228 2280 1584 2348 ὑπισχνοῦντο
1623 2284 1780 2354 παρέ-

173 2387 298 2440 χειν
329 2366 489 2437 αὐτῷ.
521 2365 608 2428 Ὡς
640 2363 689 2418 δ’
729 2363 816 2418 οὖν
847 2370 1041 2437 ἐγένετο
1089 2371 1199 2438 μετ’
1250 2367 1436 2436 αὐτων,
1469 2365 1503 2420 δ
1511 2369 1542 2418 ι’
1575 2369 1778 2440 ὀνείρων

173 2455 428 2517 πολλάκις
467 2454 682 2516 ἐπιστὰς
723 2455 864 2526 αύτῷ
893 2459 1119 2528 Χριστόν
1153 2458 1179 2508 ό
1208 2465 1308 2509 τῶν
1345 2456 1536 2528 ψυχῶν
1580 2457 1773 2529 ἰατρὸς,

174 2553 276 2606 τῆς
326 2544 524 2604 πλάνης
568 2544 988 2597 ἀπαλλάττεσθαι
1035 2550 1272 2618 παρῄνει.
1338 2545 1647 2598 Ἀπολέσθαι
1676 2549 1777 2620 γὰρ

178 2636 380 2693 ἣκιστα
443 2633 616 2692 ἢθελεν
677 2633 769 2696 ἔξω
820 2634 1138 2694 Ἐκκλησίας
1189 2637 1573 2700 καθεστηκότα,
1651 2639 1780 2707 μάρ-

181 2743 319 2796 τυρα
366 2732 464 2774 τῶν
521 2722 682 2775 αὐτοῦ
735 2724 1060 2794 παθημάτων
1114 2729 1378 2795 γενόμενον
1409 2741 1421 2752 ⁸
1482 2725 1782 2797 προσετίθει

189 2809 271 2878 δε,
311 2815 378 2873 ὡς
425 2812 532 2882 οὐχ
564 2814 692 2884 ύπερ
740 2813 954 2874 τούτων,
1005 2812 1112 2864 ἀλλ’
1142 2815 1268 2887 ὑπὲρ
1300 2820 1398 2865 τῶν
1439 2813 1780 2885 εύαγγελικῶν

187 2899 518 2959 ἕνηθληκέναι
568 2898 878 2972 δογμάτων.·
925 2901 1070 2955 Ἐπεὶ
1127 2899 1186 2954 δὲ
1236 2902 1330 2954 ούκ
1380 2899 1494 2966 εἶξε,
1539 2910 1600 2975 τῇ
1654 2910 1777 2974 τιμῇ

187 2987 568 3061 δεδουλωμένος
623 2992 685 3050 ἣν
741 2994 881 3062 ἔχειν
952 2990 1296 3063 ὑπελάμϐανε,
1354 3000 1453 3044 τῶν
1523 2992 1784 3054 ἐξηπατηο

178 3084 340 3152 μένην
391 3081 696 3151 ἡγούμενος,
753 3083 879 3140 ἴσως
957 3077 1016 3132 δὲ
1059 3085 1148 3132 καὶ
1198 3088 1270 3151 τῷ
1322 3077 1497 3153 κέρδει
1547 3077 1782 3142 δελεαζό-
1817 3117 1858 3174 C

180 3188 356 3240 μενος,
407 3170 586 3242 οἷάπερ
643 3171 911 3241 ἅνθρωπος
976 3171 1062 3234 ὡν,
1114 3172 1314 3241 νύκτωρ
1369 3166 1514 3230 αὖθις
1562 3169 1781 3232 ἐπιστὰς

181 3260 208 3310 ό
268 3263 469 3331 Σωτὴρ,
521 3259 756 3330 χαλεπὰς
795 3258 935 3329 αὐτῷ
981 3255 1052 3311 δι’
1113 3257 1340 3330 ἀγγέλων
1394 3261 1634 3331 ἓπήνεγκε
1685 3262 1782 3331 μά-

182 3367 377 3419 στιγας
404 3369 415 3380 ·
458 3353 547 3400 καὶ
576 3356 637 3421 τῇ
675 3353 828 3421 πείρᾳ
856 3349 1032 3420 μαθὼν
1087 3349 1207 3400 ὅσον
1248 3347 1362 3400 ἐστὶ
1404 3351 1568 3400 κακόυ
1602 3353 1661 3401 τό
1702 3347 1780 3399 ἀν-

179 3443 418 3490 τιτείνειν
473 3445 604 3508 Θεῷ,
645 3440 836 3490 σάκκον
888 3442 978 3489 καὶ
1024 3434 1223 3490 σποδόν
1275 3441 1621 3510 περιθέμενος,
1662 3440 1782 3491 ὅσον

179 3530 352 3598 τάχος
398 3527 508 3599 ἅμα
552 3529 618 3598 ἕῳ
664 3535 724 3599 τῇ
777 3526 1032 3600 ἐκκλησίᾳ
1080 3526 1291 3600 ἀφίκετο
1323 3545 1336 3557 ·
1367 3533 1494 3580 ποσὶ
1540 3525 1599 3580 δὲ
1627 3535 1785 3600 Ζεφυ-

180 3623 333 3690 ρίνου
413 3624 503 3668 τοῦ
593 3624 684 3677 τῆς
748 3616 1064 3677 Ἐκκλησίας
1153 3619 1442 3688 ἡγουμένου
1519 3616 1782 3689 Ῥωμαίων

177 3702 704 3779 προκυλινδούμενος,
761 3704 1044 3778 πρεσϐείαν
1101 3707 1228 3779 ὑπὲρ
1270 3705 1429 3758 αύτου
1487 3715 1558 3776 τῷ
1613 3707 1784 3778 φιλαν-

183 3798 380 3867 θρώπῳ
430 3798 714 3867 προσάγειν
774 3792 942 3847 ἐδεῖτο
991 3802 1126 3864 Θεῷ,
1179 3797 1500 3866 θριαμϐεύων
1539 3800 1629 3846 καὶ
1665 3798 1786 3856 τοὺς

177 3885 441 3958 μώλωπας
522 3883 605 3936 ἐπὶ
659 3885 820 3955 μέσου
893 3880 1067 3956 δήμου
1140 3880 1207 3934 ὧν
1274 3884 1467 3955 εἰλήφει
1540 3883 1775 3954 πληγῶν.

181 3974 344 4028 Ούτω
431 3971 480 4026 δ’

180 4070 427 4136 ᾤκτειρεν
478 4063 687 4128 ἐκεῖνος,
737 4069 826 4116 καὶ
883 4071 1043 4136 χεῖρα
1096 4062 1277 4136 ὤρεξεν
1335 4063 1401 4122 εἰς
1457 4064 1728 4134 μετάνοιαν
1767 4081 1782 4094 ο

571 3974 944 4048 ὀλοφυρόμενον
1011 3973 1198 4026 ἐκεῖνον
1273 3979 1363 4025 καὶ
1445 3978 1785 4043 ποτνιώμενον

179 4158 343 4242 μόγις
372 4149 430 4205 δὲ
449 4157 538 4206 καὶ
567 4157 834 4214 κοινωνίας
874 4152 1114 4214 ἠξίωσεν.

1214 279 1782 338 ECCLESIASTICAE
1818 277 2177 335 HISTORIE
2215 279 2352 338 LIB.
2394 281 2492 338 IV.

3378 283 3523 343 1034

1871 409 2168 476 quaerunt,
2192 405 2295 460 sed
2331 405 2634 462 Euclidem
2676 407 2930 464 fortasse
2964 413 3020 464 et
3042 408 3330 466 Galenum
3381 411 3526 468 ado-

1870 501 2026 551 rant.
2055 517 2084 544 »
2117 497 2176 548 Et
2211 495 2393 565 paulo
2421 500 2555 566 post
2585 515 2597 554 :
2637 520 2664 544 ιι
2699 499 2939 568 Propter
2969 513 3104 554 eam
3135 515 3384 555 causam
3414 501 3525 556 sci-

1871 582 2008 639 licet
2031 583 2250 639 divinis
2290 583 2512 639 Litteris
2551 602 2768 641 manus
2807 586 3156 657 injecerunt,
3203 590 3528 645 emendare

1875 688 1936 728 se
1959 680 2014 727 et
2029 675 2318 742 castigare
2333 689 2435 728 eas
2454 673 2718 730 dicentes
2742 691 2754 728 :
2781 680 2836 730 et
2857 676 3116 732 subdola
3146 679 3528 750 improbitate

1873 762 2203 833 simplicem
2245 778 2554 818 sacrarum
2577 765 3018 834 Scripturarum
3056 766 3178 821 vim
3204 772 3260 823 et
3297 773 3529 824 senten-

1875 853 2019 907 tiam
2072 853 2488 922 depravarunt,
2549 853 2936 923 sapientiores
3002 870 3065 911 se
3126 855 3260 926 ipso
3311 857 3531 929 Spiritu

1875 945 2082 996 sancto
2117 941 2428 1011 jactantes.
2471 963 2498 990 »
2535 943 2827 998 Memoriae
2858 945 3036 999 etiam
3085 945 3367 1016 prodidit,
3406 961 3530 1002 non

1877 1045 2000 1084 uno
2029 1045 2330 1084 consensu
2380 1031 2492 1085 hoc
2522 1045 2625 1086 eos
2660 1031 2888 1086 fecisse.
2928 1032 3106 1089 Aliter
3143 1034 3302 1089 enim
3349 1035 3533 1090 Theo-

1876 1117 2110 1185 dotum,
2156 1117 2324 1173 aliter
2363 1119 2866 1191 Asclepiodotum,
2911 1120 3076 1177 aliter
3116 1139 3359 1196 quoque
3397 1125 3536 1179 Her-

1878 1207 2236 1278 mophilum,
2269 1208 2686 1278 Apotlonidem
2719 1225 2958 1265 rursum
2993 1211 3160 1266 aliter
3189 1213 3525 1284 scripsisse.

1879 1297 2658 1361 Quemlibetetiamillorum
2683 1301 3132 1369 castigationem
3155 1301 3536 1373 propriorum

1880 1385 2237 1456 scriptorum
2277 1385 2579 1442 edidisse:
2624 1387 2802 1458 318
2846 1389 3028 1460 idque
3082 1390 3439 1446 variantium
3482 1395 3540 1448 et

1878 1473 2292 1530 dissidentium
2322 1476 2473 1530 inter
2498 1493 2562 1531 se
2588 1477 3025 1549 exemplarium
3060 1479 3539 1538 discordantiam

1880 1549 2168 1620 indicare.
2200 1565 2508 1629 Quosdam
2549 1566 2728 1621 etiam
2764 1567 3012 1622 istorum
3044 1567 3236 1634 refert,
3269 1585 3392 1625 non
3439 1569 3542 1625 de-

1880 1667 2167 1722 pravasse
2191 1652 2520 1723 Scripturas
2551 1671 2564 1719 ;
2590 1655 2697 1710 sed
2722 1655 2850 1724 lege
2879 1661 2936 1712 et
2965 1658 3266 1728 prophetis
3293 1674 3541 1730 prorsus

1881 1742 2192 1810 abuegatis
2214 1748 2271 1797 et
2291 1743 2545 1808 abolitis,
2575 1759 2681 1814 per
2707 1744 2978 1815 iniquam
3002 1752 3057 1801 et
3080 1746 3331 1816 impiam
3363 1747 3542 1819 plane

1882 1830 2239 1896 doctrinam,
2299 1833 2414 1887 sub
2471 1833 2674 1902 gratias
2731 1835 3004 1898 obtentu,
3063 1836 3142 1891 ad
3205 1840 3543 1892 extremum

1882 1920 2233 1990 perditionis
2276 1921 2582 1991 delapsos.
2629 1921 2791 1978 Idem
2845 1924 3121 1996 scriptor,
3168 1927 3270 1997 qui
3319 1926 3543 1982 librum

1885 2024 2022 2064 eum
2063 2010 2354 2065 adversus
2386 2010 2516 2066 illos
2559 2011 2764 2077 edidit,
2816 2013 2891 2068 de
2917 2013 3003 2068 eis
3031 2015 3318 2085 quiddam
3363 2017 3542 2071 etiam

1885 2107 2339 2167 commemorat,
2373 2101 2536 2172 quod
2567 2102 2706 2157 huic
2732 2103 2895 2174 operi
2924 2104 3180 2161 inserere
3211 2111 3298 2161 est
3321 2107 3542 2160 visum.

1884 2189 2154 2244 Natalem
2185 2189 2342 2246 enim
2374 2191 2704 2262 quendam,
2737 2207 2808 2247 ex
2829 2194 3135 2264 generosis
3157 2200 3212 2250 et
3232 2194 3545 2267 intrepidis

1886 2277 2329 2334 confessoribus
2388 2295 2598 2344 unum,
2659 2279 2802 2336 dicit
2858 2281 2938 2336 ab
2994 2282 3434 2355 Asclepiodoto,
3492 2287 3548 2340 et

1886 2368 2194 2425 Theodoto
2247 2367 2366 2423 alio
2420 2369 2692 2440 quodam
2749 2370 3050 2441 trapezita,
3105 2372 3210 2444 qui
3261 2372 3548 2428 Theodoti

1885 2462 2060 2530 illius,
2089 2463 2224 2531 post
2255 2459 2633 2514 Artemonem
2677 2464 2850 2514 sectae
2881 2461 3012 2530 ejus
3043 2461 3232 2526 ducis,
3267 2461 3548 2532 discipuli

1886 2552 2072 2615 fuere,
2113 2549 2432 2617 deceptum
2482 2562 2958 2620 persuasumque
2993 2567 3140 2620 esse,
3177 2557 3240 2607 ut
3275 2551 3550 2607 mercede

1886 2639 2165 2696 condicta
2194 2636 2442 2708 (factum
2473 2635 2532 2690 id
2572 2641 2816 2707 propter
2844 2637 3237 2694 confessionis
3265 2640 3395 2710 ejus
3425 2640 3550 2696 lau-

1888 2729 2027 2785 dem
2073 2731 2130 2781 et
2171 2724 2600 2794 celebritatem)
2651 2724 2947 2782 sodalitati
2987 2742 3196 2782 eorum
3242 2734 3548 2799 praeesset,

1890 2831 2112 2888 eosque
2142 2813 2219 2869 illi
2249 2818 2490 2868 centum
2521 2817 2580 2867 et
2602 2815 3044 2886 quinquaginta
3073 2816 3352 2873 denarios
3385 2817 3549 2872 diur-

1889 2922 2001 2962 nos
2031 2905 2279 2960 daturos
2306 2901 2598 2973 pollicitos
2636 2917 2784 2958 esse.
2823 2905 3027 2976 Itaque
3067 2921 3204 2961 cum
3241 2905 3301 2960 in
3337 2921 3549 2962 eorum

1889 2994 2099 3052 haeresi
2152 2996 2326 3057 esset,
2379 2991 2439 3044 in
2493 2992 2722 3046 somnis
2777 2992 2830 3047 ei
2887 2993 3204 3066 aliquoties
3266 2995 3548 3062 Christus,

1890 3100 2069 3139 verus
2114 3080 2452 3137 animarum
2499 3079 2770 3135 medicus
2818 3081 3123 3146 assistens,
3172 3088 3235 3138 ut
3279 3100 3342 3139 se
3381 3099 3417 3139 a
3448 3083 3553 3139 tali

1892 3188 2090 3228 errore
2117 3176 2173 3226 et
2202 3169 2551 3225 seductione
2597 3169 2904 3236 alienaret,
2945 3171 3255 3228 hominem
3313 3178 3405 3229 est
3455 3188 3552 3228 co-

1889 3261 2182 3318 hortatus.
2245 3259 2480 3313 Minime
2518 3257 2677 3312 enim
2727 3258 2918 3324 illum,
2973 3260 3140 3332 quod
3195 3263 3550 3332 passionum

1891 3367 2138 3406 suarum
2173 3349 2334 3404 testis
2373 3355 2429 3402 et
2462 3352 2693 3420 martyr
2741 3348 2969 3414 fuisset,
3030 3349 3108 3406 ab
3166 3351 3425 3407 Ecclesia
3466 3368 3553 3407 se-

1892 3445 2206 3510 gregatum
2245 3438 2436 3508 perire
2466 3435 2670 3502 voluit,
2704 3438 2803 3493 illo
2829 3455 3071 3510 quoque
3124 3441 3378 3511 adjecto,
3427 3457 3546 3496 non

1890 3529 2058 3586 illum
2085 3544 2192 3600 pro
2222 3527 2473 3582 istorum
2492 3526 2897 3596 opinionibus,
2927 3529 3030 3582 sed
3062 3544 3170 3600 pro
3194 3529 3554 3599 evangelicis

1892 3617 2296 3689 dogmatibus,
2331 3620 2571 3670 streune
2600 3615 2960 3672 decertasse.
2993 3618 3181 3673 Minus
3212 3623 3414 3674 tamen
3459 3619 3555 3673 ille

1892 3706 2104 3762 visioni
2135 3705 2456 3762 obsecutus
2491 3708 2598 3769 est,
2637 3705 2867 3760 honore
2894 3721 2983 3771 eo,
3019 3723 3202 3777 quem
3256 3723 3341 3764 se.
3389 3705 3557 3778 quod

1894 3797 2154 3866 deceptis
2173 3801 2353 3865 atque
2385 3793 2642 3848 seductis
2664 3793 3012 3849 hominibus
3041 3795 3294 3865 prasiret,
3333 3795 3558 3851 habere

1896 3883 2162 3946 credidit,
2199 3887 2412 3951 captus
2455 3897 2468 3934 :
2512 3886 2567 3935 et
2599 3881 2852 3937 fortasse
2885 3882 3034 3937 lucri
3073 3899 3314 3956 quoque
3363 3883 3559 3954 splen-

1897 3976 2060 4037 dore,
2095 3977 2157 4026 ut
2187 3971 2388 4035 homo,
2432 3969 2756 4026 inescatus.
2788 3972 2995 4042 Itaque
3039 3979 3220 4027 noctu
3257 3989 3464 4028 rursus
3509 3974 3561 4029 ei

1899 4063 2168 4118 Salvator
2206 4059 2503 4124 insistens,
2538 4074 2746 4128 graves
2775 4076 2881 4132 per
2924 4060 3171 4130 angelos
3214 4061 3419 4132 ﬂagris
3466 4062 3561 4117 in-

1903 4150 2032 4208 tulit
2061 4149 2293 4222 plagas.
2325 4150 2469 4203 Tum
2500 4147 2747 4204 demum
2781 4148 2874 4204 ille
2891 4151 3261 4220 experientia
3289 4151 3565 4223 edoctus,

180 4238 482 4314 quantum
551 4242 771 4297 malum
839 4241 931 4304 sit,
993 4257 1055 4296 se
1108 4242 1226 4296 Deo
1283 4255 1610 4313 opponere,
1668 4256 1844 4297 sacco
1902 4245 2166 4310 sumpto,
2211 4243 2268 4293 et
2325 4238 2520 4292 cinere
2588 4253 2969 4309 conspersus,
3026 4255 3213 4311 quam
3267 4239 3562 4296 cellerime

181 4347 329 4388 cum
357 4332 488 4402 ipso
519 4330 782 4386 difuculo
813 4330 889 4386 ad
950 4330 1267 4385 ecclesiam
1321 4329 1606 4399 confugit,
1666 4336 1722 4384 et
1753 4329 1830 4385 ad
1875 4328 2192 4400 Zephyrini
2237 4327 2512 4396 Ecclesiae
2567 4328 2850 4382 Romanae
2897 4328 3166 4400 praesidis
3214 4329 3392 4401 pedes
3423 4346 3567 4400 pro-

180 4419 440 4484 volutus,
469 4421 802 4476 orationem
834 4424 1015 4491 atque
1046 4419 1532 4490 deprecationem
1556 4433 1665 4489 pro
1688 4434 1748 4474 se
1780 4419 1858 4474 ad
1888 4419 2073 4473 Deum
2106 4418 2338 4486 generis
2366 4417 2618 4470 humani
2643 4423 2976 4472 amatorem
3003 4418 3130 4473 ﬁeri
3161 4419 3415 4488 rogavit,
3447 4436 3567 4491 pu-

183 4509 342 4565 blice
369 4509 426 4564 in
459 4509 658 4564 media
687 4508 859 4578 plebe
900 4509 1145 4572 vibices,
1199 4524 1352 4578 quas
1383 4512 1713 4578 acceperat,
1738 4507 2058 4578 plagarum
2089 4511 2418 4560 ostentans.
2457 4507 2601 4559 Eum
2637 4521 2775 4561 vero
2807 4506 2887 4561 ita
2944 4506 3269 4578 ejulantem
3323 4514 3380 4563 et
3428 4509 3564 4581 qui-

185 4598 470 4656 ritantem
519 4597 836 4653 miseratus
891 4597 1009 4662 ille,
1069 4613 1253 4653 mauu
1309 4601 1583 4668 porrecta
1624 4595 1702 4652 ad
1759 4595 2172 4668 pcenitentiam
2237 4594 2407 4650 facile
2462 4595 2709 4667 quidem
2746 4597 2986 4668 recepit,
3027 4612 3184 4667 aegre
3234 4603 3438 4652 tamen
3486 4598 3564 4653 ad

185 4687 683 4745 communionem
711 4687 966 4742 admisit.

791 4790 1033 4838 ΚΕΦΑΛ.
1068 4786 1185 4838 KB'.
1428 4816 1440 4826 -
1823 4785 1868 4839 Ι)

187 4897 346 4968 Περὶ
407 4901 520 4956 τῆς
559 4894 862 4966 αἱρέσεως
912 4897 1243 4968 Μοντανοῦ
1276 4911 1288 4924 ·
1346 4893 1490 4954 ἣτις
1531 4893 1790 4965 αἵρεσις

549 4963 712 5017 κατὰ
749 4967 994 5038 Φρύγας
1034 4963 1430 5036 ὠνόμασται.

2419 4782 2598 4854 319
2632 4783 2857 4839 CAPUT
2889 4787 3044 4839 xxn.

1898 4890 1987 4945 De
2009 4888 2220 4945 haresi
2236 4888 2525 4955 Montani,
2549 4906 2676 4961 quae
2697 4890 2933 4960 quidem
2961 4890 3197 4948 haeresis
3221 4889 3559 4960 Camp/try-

1969 4977 2096 5030 gas,
2124 4961 2240 5043 ,Ιιοιξ
2269 4964 2371 5026 est,
2405 4961 2741 5031 Phrygum,
2770 4978 2870 5018 seu
2907 4963 3220 5018 secundum
3253 4962 3547 5033 Phryges,

1970 5039 2344 5088 nominatur.

258 5144 322 5195 Ὁ
378 5138 438 5194 δὲ
485 5143 750 5202 Μοντανός
800 5138 901 5192 ἀπὸ
949 5145 1129 5211 κώμης
1182 5135 1426 5211 Ἀρδαϐἁ
1473 5139 1790 5210 καλουμένης

189 5233 280 5298 ὢν,
331 5239 423 5291 τῆς
472 5231 608 5282 κατὰ
661 5232 868 5304 Φρύγας
937 5227 1204 5300 λεγομένης
1256 5231 1499 5300 αἱρέσεως
1556 5230 1792 5299 καθηγὴ-

190 5341 346 5376 σατο.
403 5323 613 5394 Οἷστρῳ
655 5321 756 5393 γὰρ
797 5321 1100 5392 φιλαρχίας,
1146 5323 1235 5370 καὶ
1283 5318 1499 5389 οἰήματι
1530 5318 1792 5391 φιλοπρω-

187 5417 308 5472 τὶας
382 5411 614 5482 σχεθεὶς,
674 5407 854 5462 ἑαυτὸν
934 5403 1120 5480 (βαϐαὶ
1175 5415 1269 5470 τῆς
1307 5407 1501 5462 ἀτόπου
1544 5406 1791 5485 βλασφηο

1971 5143 2284 5196 Montanus
2316 5145 2537 5200 autem.
2567 5139 2700 5194 vico
2748 5140 3014 5212 quodam
3061 5141 3158 5196 cui
3200 5154 3423 5196 nomen
3464 5143 3561 5196 ast

1898 5229 2136 5286 Ardaba
2190 5233 2373 5294 ortus,
2440 5228 2718 5284 haeresim
2765 5245 2901 5300 quae
2950 5230 3164 5286 dicitur
3222 5229 3567 5285 secundum

1898 5318 2164 5390 Phrygas
2207 5317 2432 5374 invenit
2464 5334 2477 5374 :
2521 5322 2576 5374 et
2631 5318 2957 5374 ambitione
2996 5321 3241 5374 honoris
3268 5325 3449 5390 atque
3479 5317 3570 5372 di-

1897 5408 2137 5479 gnitatis
2171 5407 2446 5480 percitus,
2481 5412 2537 5463 et
2577 5406 2928 5477 arrogantia
2968 5407 3416 5481 cupiditateque
3447 5407 3567 5480 pri-

191 5571 210 5608 τ
269 5569 352 5644 (ί)
377 5565 514 5623 Καθ’
542 5565 769 5625 ἑκάστην
790 5564 1031 5636 Niceph.
1056 5571 1276 5636 μῆνιαίά
1305 5562 1550 5645 δηνάρια,
1580 5566 1694 5626 hoc
1721 5583 1777 5624 es

1888 5570 2216 5624 nenstraos.
2242 5565 2480 5640 (Euseb.
2514 5565 2622 5626 lib.
2651 5582 2710 5637 ν,
2747 5584 2884 5642 cap.
2912 5567 3043 5642 ult.)

490 5667 728 5724 PATROL.
774 5666 874 5723 Gn.
917 5665 1114 5722 CXLV.

3201 5669 3274 5729 33
