  <div class='ocr_page' id='page_1' title='image "/cluster/home/n/w/nwhite01/storage/ocr_20150623/145/hvd.32044054086921/523.png"; bbox 0 0 4040 6224; ppageno 0'>
   <div class='ocr_carea' id='block_1_1' title="bbox 548 254 690 310">
    <p class='ocr_par' dir='ltr' id='par_1_1' title="bbox 548 254 690 310">
     <span class='ocr_line' id='line_1_1' title="bbox 548 254 690 310; baseline 0 0"><span class='ocrx_word' id='word_1_1' title='bbox 548 254 690 310; x_wconf 65' lang='grc' dir='ltr'><strong>ιο35</strong></span> 
     </span>
    </p>
   </div>
   <div class='ocr_carea' id='block_1_2' title="bbox 1870 245 2623 305">
    <p class='ocr_par' dir='ltr' id='par_1_2' title="bbox 1870 245 2623 305">
     <span class='ocr_line' id='line_1_2' title="bbox 1870 245 2623 305; baseline 0.001 -2"><span class='ocrx_word' id='word_1_2' title='bbox 1870 245 2262 304; x_wconf 80' lang='lat' dir='ltr'><strong>NICEPHORI</strong></span> <span class='ocrx_word' id='word_1_3' title='bbox 2304 245 2623 305; x_wconf 81' lang='lat' dir='ltr'><strong>CALLISTI</strong></span> 
     </span>
    </p>
   </div>
   <div class='ocr_carea' id='block_1_3' title="bbox 3733 250 3848 310">
    <p class='ocr_par' dir='ltr' id='par_1_3' title="bbox 3733 250 3848 310">
     <span class='ocr_line' id='line_1_3' title="bbox 3733 250 3848 310; baseline 0 -2"><span class='ocrx_word' id='word_1_4' title='bbox 3733 250 3848 310; x_wconf 82' lang='grc'><strong>1036</strong></span> 
     </span>
    </p>
   </div>
   <div class='ocr_carea' id='block_1_4' title="bbox 545 375 2181 455">
    <p class='ocr_par' dir='ltr' id='par_1_4' title="bbox 545 375 2181 454">
     <span class='ocr_line' id='line_1_4' title="bbox 545 375 2181 454; baseline -0.009 -4"><span class='ocrx_word' id='word_1_5' title='bbox 545 395 746 450; x_wconf 88' lang='lat' dir='ltr'><strong>matus</strong></span> <span class='ocrx_word' id='word_1_6' title='bbox 778 375 1168 444; x_wconf 80' lang='lat' dir='ltr'><strong>transversim</strong></span> <span class='ocrx_word' id='word_1_7' title='bbox 1193 384 1362 438; x_wconf 83' lang='lat' dir='ltr'><strong>actus</strong></span> <span class='ocrx_word' id='word_1_8' title='bbox 1390 381 1448 454; x_wconf 91' lang='grc' dir='ltr'>(ο</span> <span class='ocrx_word' id='word_1_9' title='bbox 1475 381 1804 438; x_wconf 86' lang='lat' dir='ltr'><strong>absurdam</strong></span> <span class='ocrx_word' id='word_1_10' title='bbox 1831 385 1889 438; x_wconf 89' lang='lat' dir='ltr'><strong>et</strong></span> <span class='ocrx_word' id='word_1_11' title='bbox 1925 382 2181 454; x_wconf 86' lang='lat' dir='ltr'><strong>importu</strong></span> 
     </span>
    </p>
   </div>
   <div class='ocr_carea' id='block_1_5' title="bbox 2291 375 3856 455">
    <p class='ocr_par' dir='ltr' id='par_1_5' title="bbox 2315 380 3856 455">
     <span class='ocr_line' id='line_1_5' title="bbox 2315 380 3856 455; baseline 0.005 -22"><span class='ocrx_word' id='word_1_12' title='bbox 2315 386 2436 454; x_wconf 84' lang='grc' dir='ltr'>μίας</span> <span class='ocrx_word' id='word_1_13' title='bbox 2496 381 2538 450; x_wconf 86' lang='lat' dir='ltr'><strong>l)</strong></span> <span class='ocrx_word' id='word_1_14' title='bbox 2581 380 2922 453; x_wconf 82' lang='grc' dir='ltr'>Παράκλητον</span> <span class='ocrx_word' id='word_1_15' title='bbox 2997 384 3086 433; x_wconf 82' lang='grc' dir='ltr'>καὶ</span> <span class='ocrx_word' id='word_1_16' title='bbox 3167 381 3300 434; x_wconf 84' lang='grc' dir='ltr'>θεῖον</span> <span class='ocrx_word' id='word_1_17' title='bbox 3383 387 3582 454; x_wconf 75' lang='grc' dir='ltr'>Πνεῦμα</span> <span class='ocrx_word' id='word_1_18' title='bbox 3631 383 3856 455; x_wconf 79' lang='grc' dir='ltr'>ὠνόμασε·</span> 
     </span>
    </p>
   </div>
   <div class='ocr_carea' id='block_1_6' title="bbox 543 471 2204 548">
    <p class='ocr_par' dir='ltr' id='par_1_6' title="bbox 543 471 2204 548">
     <span class='ocr_line' id='line_1_6' title="bbox 543 471 2204 548; baseline -0.009 -7"><span class='ocrx_word' id='word_1_19' title='bbox 543 497 690 541; x_wconf 88' lang='lat' dir='ltr'><strong>nam</strong></span> <span class='ocrx_word' id='word_1_20' title='bbox 738 473 1179 548; x_wconf 84' lang='lat' dir='ltr'><strong>blasphemiam</strong></span> <span class='ocrx_word' id='word_1_21' title='bbox 1214 471 1260 542; x_wconf 88' lang='lat' dir='ltr'><strong>l)</strong></span> <span class='ocrx_word' id='word_1_22' title='bbox 1303 471 1666 527; x_wconf 89' lang='lat' dir='ltr'><strong>Paracletum</strong></span> <span class='ocrx_word' id='word_1_23' title='bbox 1716 487 1778 526; x_wconf 85' lang='lat' dir='ltr'><strong>se</strong></span> <span class='ocrx_word' id='word_1_24' title='bbox 1829 477 1886 528; x_wconf 89' lang='lat' dir='ltr'><strong>et</strong></span> <span class='ocrx_word' id='word_1_25' title='bbox 1931 471 2204 527; x_wconf 87' lang='lat' dir='ltr'><strong>divinum</strong></span> 
     </span>
    </p>
   </div>
   <div class='ocr_carea' id='block_1_7' title="bbox 547 561 2202 646">
    <p class='ocr_par' dir='ltr' id='par_1_7' title="bbox 547 561 2202 646">
     <span class='ocr_line' id='line_1_7' title="bbox 547 561 2202 646; baseline -0.008 -16"><span class='ocrx_word' id='word_1_26' title='bbox 547 571 829 646; x_wconf 75' lang='lat' dir='ltr'><strong>Spiritum</strong></span> <span class='ocrx_word' id='word_1_27' title='bbox 869 563 1222 622; x_wconf 89' lang='lat' dir='ltr'><strong>nominavit.</strong></span> <span class='ocrx_word' id='word_1_28' title='bbox 1272 561 1640 618; x_wconf 84' lang='lat' dir='ltr'><strong>Mulierculas</strong></span> <span class='ocrx_word' id='word_1_29' title='bbox 1693 561 1868 628; x_wconf 90' lang='lat' dir='ltr'><strong>duas,</strong></span> <span class='ocrx_word' id='word_1_30' title='bbox 1915 561 2202 632; x_wconf 87' lang='lat' dir='ltr'><strong>conjuges</strong></span> 
     </span>
    </p>
   </div>
   <div class='ocr_carea' id='block_1_8' title="bbox 547 649 2200 724">
    <p class='ocr_par' dir='ltr' id='par_1_8' title="bbox 547 649 2200 724">
     <span class='ocr_line' id='line_1_8' title="bbox 547 649 2200 724; baseline -0.008 -5"><span class='ocrx_word' id='word_1_31' title='bbox 547 679 711 724; x_wconf 87' lang='lat' dir='ltr'><strong>suas,</strong></span> <span class='ocrx_word' id='word_1_32' title='bbox 743 654 1064 715; x_wconf 82' lang='lat' dir='ltr'><strong>Priscillam</strong></span> <span class='ocrx_word' id='word_1_33' title='bbox 1100 658 1154 708; x_wconf 86' lang='lat' dir='ltr'><strong>et</strong></span> <span class='ocrx_word' id='word_1_34' title='bbox 1183 650 1584 714; x_wconf 87' lang='lat' dir='ltr'><strong>Maximillam,</strong></span> <span class='ocrx_word' id='word_1_35' title='bbox 1617 649 2026 722; x_wconf 88' lang='lat' dir='ltr'><strong>prophetissas</strong></span> <span class='ocrx_word' id='word_1_36' title='bbox 2059 667 2200 706; x_wconf 89' lang='lat' dir='ltr'><strong>suas</strong></span> 
     </span>
    </p>
   </div>
   <div class='ocr_carea' id='block_1_9' title="bbox 543 740 2198 815">
    <p class='ocr_par' dir='ltr' id='par_1_9' title="bbox 543 740 2198 815">
     <span class='ocr_line' id='line_1_9' title="bbox 543 740 2198 815; baseline -0.007 -7"><span class='ocrx_word' id='word_1_37' title='bbox 543 750 800 814; x_wconf 85' lang='lat' dir='ltr'><strong>vocavit,</strong></span> <span class='ocrx_word' id='word_1_38' title='bbox 829 758 1158 815; x_wconf 87' lang='lat' dir='ltr'><strong>earumque</strong></span> <span class='ocrx_word' id='word_1_39' title='bbox 1191 741 1408 812; x_wconf 89' lang='lat' dir='ltr'><strong>scripta</strong></span> <span class='ocrx_word' id='word_1_40' title='bbox 1439 741 1820 812; x_wconf 89' lang='lat' dir='ltr'><strong>propheticos</strong></span> <span class='ocrx_word' id='word_1_41' title='bbox 1854 740 2038 796; x_wconf 86' lang='lat' dir='ltr'><strong>libros</strong></span> <span class='ocrx_word' id='word_1_42' title='bbox 2067 756 2198 796; x_wconf 89' lang='lat' dir='ltr'><strong>esse</strong></span> 
     </span>
    </p>
   </div>
   <div class='ocr_carea' id='block_1_10' title="bbox 541 829 2196 906">
    <p class='ocr_par' dir='ltr' id='par_1_10' title="bbox 541 829 2196 906">
     <span class='ocr_line' id='line_1_10' title="bbox 541 829 2196 906; baseline -0.007 -8"><span class='ocrx_word' id='word_1_43' title='bbox 541 841 708 898; x_wconf 82' lang='lat' dir='ltr'><strong>dixit.</strong></span> <span class='ocrx_word' id='word_1_44' title='bbox 738 836 992 906; x_wconf 92' lang='lat' dir='ltr'><strong>Maligno</strong></span> <span class='ocrx_word' id='word_1_45' title='bbox 1024 837 1218 888; x_wconf 90' lang='lat' dir='ltr'><strong>autem</strong></span> <span class='ocrx_word' id='word_1_46' title='bbox 1268 830 1469 902; x_wconf 82' lang='lat' dir='ltr'><strong>spiritu</strong></span> <span class='ocrx_word' id='word_1_47' title='bbox 1499 829 1732 900; x_wconf 90' lang='lat' dir='ltr'><strong>plenus,</strong></span> <span class='ocrx_word' id='word_1_48' title='bbox 1763 830 1932 885; x_wconf 82' lang='lat' dir='ltr'><strong>sicuti</strong></span> <span class='ocrx_word' id='word_1_49' title='bbox 1965 834 2019 885; x_wconf 87' lang='lat' dir='ltr'><strong>et</strong></span> <span class='ocrx_word' id='word_1_50' title='bbox 2061 830 2196 888; x_wconf 64' lang='lat' dir='ltr'><strong>dum</strong></span> 
     </span>
    </p>
   </div>
   <div class='ocr_carea' id='block_1_11' title="bbox 541 918 2197 990">
    <p class='ocr_par' dir='ltr' id='par_1_11' title="bbox 541 918 2197 990">
     <span class='ocr_line' id='line_1_11' title="bbox 541 918 2197 990; baseline -0.007 -3"><span class='ocrx_word' id='word_1_51' title='bbox 541 931 656 988; x_wconf 64' lang='lat' dir='ltr'><strong>illa:</strong></span> <span class='ocrx_word' id='word_1_52' title='bbox 689 927 983 989; x_wconf 86' lang='lat' dir='ltr'><strong>mulieres,</strong></span> <span class='ocrx_word' id='word_1_53' title='bbox 1025 936 1184 977; x_wconf 88' lang='lat' dir='ltr'><strong>nova</strong></span> <span class='ocrx_word' id='word_1_54' title='bbox 1240 918 1522 990; x_wconf 73' lang='lat' dir='ltr'><strong>quaedam</strong></span> <span class='ocrx_word' id='word_1_55' title='bbox 1550 923 1606 974; x_wconf 90' lang='lat' dir='ltr'><strong>et</strong></span> <span class='ocrx_word' id='word_1_56' title='bbox 1647 918 1964 974; x_wconf 85' lang='lat' dir='ltr'><strong>insolentia</strong></span> <span class='ocrx_word' id='word_1_57' title='bbox 2002 919 2197 975; x_wconf 88' lang='lat' dir='ltr'><strong>dicere</strong></span> 
     </span>
    </p>
   </div>
   <div class='ocr_carea' id='block_1_12' title="bbox 543 1008 2194 1092">
    <p class='ocr_par' dir='ltr' id='par_1_12' title="bbox 543 1008 2194 1092">
     <span class='ocr_line' id='line_1_12' title="bbox 543 1008 2194 1092; baseline -0.009 -14"><span class='ocrx_word' id='word_1_58' title='bbox 543 1019 742 1092; x_wconf 61' lang='lat' dir='ltr'><strong>capit,</strong></span> <span class='ocrx_word' id='word_1_59' title='bbox 784 1013 1022 1072; x_wconf 89' lang='lat' dir='ltr'><strong>insania</strong></span> <span class='ocrx_word' id='word_1_60' title='bbox 1072 1013 1298 1081; x_wconf 86' lang='lat' dir='ltr'><strong>aperte,</strong></span> <span class='ocrx_word' id='word_1_61' title='bbox 1331 1013 1386 1063; x_wconf 89' lang='lat' dir='ltr'><strong>et</strong></span> <span class='ocrx_word' id='word_1_62' title='bbox 1441 1008 1787 1062; x_wconf 84' lang='lat' dir='ltr'><strong>daemonum</strong></span> <span class='ocrx_word' id='word_1_63' title='bbox 1827 1008 2194 1079; x_wconf 90' lang='lat' dir='ltr'><strong>intemperiis</strong></span> 
     </span>
    </p>
   </div>
   <div class='ocr_carea' id='block_1_13' title="bbox 543 1096 2194 1168">
    <p class='ocr_par' dir='ltr' id='par_1_13' title="bbox 543 1096 2194 1168">
     <span class='ocr_line' id='line_1_13' title="bbox 543 1096 2194 1168; baseline -0.009 -1"><span class='ocrx_word' id='word_1_64' title='bbox 543 1113 732 1167; x_wconf 88' lang='lat' dir='ltr'><strong>actus.</strong></span> <span class='ocrx_word' id='word_1_65' title='bbox 767 1107 1058 1164; x_wconf 71' lang='lat' dir='ltr'><strong>Caeterum</strong></span> <span class='ocrx_word' id='word_1_66' title='bbox 1097 1104 1160 1154; x_wconf 89' lang='lat' dir='ltr'><strong>ut</strong></span> <span class='ocrx_word' id='word_1_67' title='bbox 1186 1096 1554 1154; x_wconf 89' lang='lat' dir='ltr'><strong>adulterinus</strong></span> <span class='ocrx_word' id='word_1_68' title='bbox 1593 1096 1685 1151; x_wconf 90' lang='lat' dir='ltr'><strong>ille</strong></span> <span class='ocrx_word' id='word_1_69' title='bbox 1723 1098 1964 1168; x_wconf 87' lang='lat' dir='ltr'><strong>spiritus</strong></span> <span class='ocrx_word' id='word_1_70' title='bbox 2011 1097 2194 1152; x_wconf 85' lang='lat' dir='ltr'><strong>ﬁdem</strong></span> 
     </span>
    </p>
   </div>
   <div class='ocr_carea' id='block_1_14' title="bbox 543 1186 2191 1270">
    <p class='ocr_par' dir='ltr' id='par_1_14' title="bbox 543 1186 2191 1270">
     <span class='ocr_line' id='line_1_14' title="bbox 543 1186 2191 1270; baseline -0.008 -14"><span class='ocrx_word' id='word_1_71' title='bbox 543 1199 654 1256; x_wconf 89' lang='lat' dir='ltr'><strong>sibi</strong></span> <span class='ocrx_word' id='word_1_72' title='bbox 686 1197 945 1270; x_wconf 85' lang='lat' dir='ltr'><strong>pararet,</strong></span> <span class='ocrx_word' id='word_1_73' title='bbox 969 1189 1250 1263; x_wconf 82' lang='lat' dir='ltr'><strong>quaedam</strong></span> <span class='ocrx_word' id='word_1_74' title='bbox 1269 1201 1374 1256; x_wconf 90' lang='lat' dir='ltr'><strong>per</strong></span> <span class='ocrx_word' id='word_1_75' title='bbox 1395 1186 1547 1252; x_wconf 91' lang='lat' dir='ltr'><strong>illos,</strong></span> <span class='ocrx_word' id='word_1_76' title='bbox 1571 1186 1926 1256; x_wconf 89' lang='lat' dir='ltr'><strong>conjecturis</strong></span> <span class='ocrx_word' id='word_1_77' title='bbox 1958 1186 2191 1254; x_wconf 89' lang='lat' dir='ltr'><strong>ductus,</strong></span> 
     </span>
    </p>
   </div>
   <div class='ocr_carea' id='block_1_15' title="bbox 539 1275 2195 1362">
    <p class='ocr_par' dir='ltr' id='par_1_15' title="bbox 539 1275 2195 1362">
     <span class='ocr_line' id='line_1_15' title="bbox 539 1275 2195 1362; baseline -0.007 -17"><span class='ocrx_word' id='word_1_78' title='bbox 539 1285 909 1362; x_wconf 72' lang='lat' dir='ltr'><strong>praedicebat</strong></span> <span class='ocrx_word' id='word_1_79' title='bbox 938 1285 994 1336; x_wconf 88' lang='lat' dir='ltr'><strong>et</strong></span> <span class='ocrx_word' id='word_1_80' title='bbox 1023 1275 1354 1344; x_wconf 85' lang='lat' dir='ltr'><strong>divinabat,</strong></span> <span class='ocrx_word' id='word_1_81' title='bbox 1383 1275 1674 1331; x_wconf 88' lang='lat' dir='ltr'><strong>seducens</strong></span> <span class='ocrx_word' id='word_1_82' title='bbox 1705 1276 2049 1348; x_wconf 87' lang='lat' dir='ltr'><strong>plerosque,</strong></span> <span class='ocrx_word' id='word_1_83' title='bbox 2078 1281 2133 1332; x_wconf 92' lang='lat' dir='ltr'><strong>et</strong></span> <span class='ocrx_word' id='word_1_84' title='bbox 2159 1293 2195 1334; x_wconf 90' lang='lat' dir='ltr'><strong>a</strong></span> 
     </span>
    </p>
   </div>
   <div class='ocr_carea' id='block_1_16' title="bbox 542 1365 2193 1437">
    <p class='ocr_par' dir='ltr' id='par_1_16' title="bbox 542 1365 2193 1437">
     <span class='ocr_line' id='line_1_16' title="bbox 542 1365 2193 1437; baseline -0.008 -2"><span class='ocrx_word' id='word_1_85' title='bbox 542 1381 706 1436; x_wconf 89' lang='lat' dir='ltr'><strong>recta</strong></span> <span class='ocrx_word' id='word_1_86' title='bbox 769 1373 868 1430; x_wconf 85' lang='lat' dir='ltr'><strong>via</strong></span> <span class='ocrx_word' id='word_1_87' title='bbox 933 1373 1225 1432; x_wconf 87' lang='lat' dir='ltr'><strong>avertens,</strong></span> <span class='ocrx_word' id='word_1_88' title='bbox 1283 1365 1874 1437; x_wconf 89' lang='lat' dir='ltr'><strong>promissionumque</strong></span> <span class='ocrx_word' id='word_1_89' title='bbox 1941 1367 2193 1422; x_wconf 84' lang='lat' dir='ltr'><strong>tumenti</strong></span> 
     </span>
    </p>
   </div>
   <div class='ocr_carea' id='block_1_17' title="bbox 540 1454 2190 1536">
    <p class='ocr_par' dir='ltr' id='par_1_17' title="bbox 540 1454 2190 1536">
     <span class='ocr_line' id='line_1_17' title="bbox 540 1454 2190 1536; baseline -0.008 -12"><span class='ocrx_word' id='word_1_90' title='bbox 540 1461 956 1536; x_wconf 80' lang='lat' dir='ltr'><strong>magnitudine</strong></span> <span class='ocrx_word' id='word_1_91' title='bbox 995 1455 1236 1522; x_wconf 82' lang='lat' dir='ltr'><strong>inﬂans,</strong></span> <span class='ocrx_word' id='word_1_92' title='bbox 1267 1454 1600 1525; x_wconf 86' lang='lat' dir='ltr'><strong>beatosque</strong></span> <span class='ocrx_word' id='word_1_93' title='bbox 1641 1470 1743 1509; x_wconf 89' lang='lat' dir='ltr'><strong>eos</strong></span> <span class='ocrx_word' id='word_1_94' title='bbox 1775 1457 2190 1526; x_wconf 81' lang='lat' dir='ltr'><strong>pronuntians,</strong></span> 
     </span>
    </p>
   </div>
   <div class='ocr_carea' id='block_1_18' title="bbox 538 1542 2192 1628">
    <p class='ocr_par' dir='ltr' id='par_1_18' title="bbox 538 1542 2192 1628">
     <span class='ocr_line' id='line_1_18' title="bbox 538 1542 2192 1628; baseline -0.007 -17"><span class='ocrx_word' id='word_1_95' title='bbox 538 1556 642 1628; x_wconf 86' lang='lat' dir='ltr'><strong>qui</strong></span> <span class='ocrx_word' id='word_1_96' title='bbox 674 1555 748 1609; x_wconf 91' lang='lat' dir='ltr'><strong>de</strong></span> <span class='ocrx_word' id='word_1_97' title='bbox 775 1568 836 1607; x_wconf 89' lang='lat' dir='ltr'><strong>se</strong></span> <span class='ocrx_word' id='word_1_98' title='bbox 858 1545 1132 1622; x_wconf 88' lang='lat' dir='ltr'><strong>quamvis</strong></span> <span class='ocrx_word' id='word_1_99' title='bbox 1161 1543 1446 1610; x_wconf 87' lang='lat' dir='ltr'><strong>absurde,</strong></span> <span class='ocrx_word' id='word_1_100' title='bbox 1481 1542 1800 1611; x_wconf 88' lang='lat' dir='ltr'><strong>magniﬁce</strong></span> <span class='ocrx_word' id='word_1_101' title='bbox 1831 1549 2030 1599; x_wconf 88' lang='lat' dir='ltr'><strong>tamen</strong></span> <span class='ocrx_word' id='word_1_102' title='bbox 2061 1560 2192 1600; x_wconf 91' lang='lat' dir='ltr'><strong>sen-</strong></span> 
     </span>
    </p>
   </div>
   <div class='ocr_carea' id='block_1_19' title="bbox 541 1631 2187 1704">
    <p class='ocr_par' dir='ltr' id='par_1_19' title="bbox 541 1631 2187 1704">
     <span class='ocr_line' id='line_1_19' title="bbox 541 1631 2187 1704; baseline -0.008 -3"><span class='ocrx_word' id='word_1_103' title='bbox 541 1645 738 1702; x_wconf 82' lang='lat' dir='ltr'><strong>tirent.</strong></span> <span class='ocrx_word' id='word_1_104' title='bbox 793 1643 922 1696; x_wconf 89' lang='lat' dir='ltr'><strong>Non</strong></span> <span class='ocrx_word' id='word_1_105' title='bbox 975 1633 1304 1692; x_wconf 88' lang='lat' dir='ltr'><strong>admodum</strong></span> <span class='ocrx_word' id='word_1_106' title='bbox 1338 1637 1538 1687; x_wconf 85' lang='lat' dir='ltr'><strong>tamen</strong></span> <span class='ocrx_word' id='word_1_107' title='bbox 1567 1631 1732 1686; x_wconf 86' lang='lat' dir='ltr'><strong>multi</strong></span> <span class='ocrx_word' id='word_1_108' title='bbox 1761 1649 1828 1687; x_wconf 79' lang='lat' dir='ltr'><strong>ex</strong></span> <span class='ocrx_word' id='word_1_109' title='bbox 1859 1633 2187 1704; x_wconf 81' lang='lat' dir='ltr'><strong>Phrygibus</strong></span> 
     </span>
    </p>
   </div>
   <div class='ocr_carea' id='block_1_20' title="bbox 2313 467 3856 545">
    <p class='ocr_par' dir='ltr' id='par_1_20' title="bbox 2313 467 3856 545">
     <span class='ocr_line' id='line_1_20' title="bbox 2313 467 3856 545; baseline 0.004 -22"><span class='ocrx_word' id='word_1_110' title='bbox 2313 473 2412 524; x_wconf 85' lang='grc' dir='ltr'>Δύο</span> <span class='ocrx_word' id='word_1_111' title='bbox 2461 467 2511 522; x_wconf 80' lang='grc' dir='ltr'><strong>δ’</strong></span> <span class='ocrx_word' id='word_1_112' title='bbox 2543 472 2678 542; x_wconf 81' lang='grc' dir='ltr'>ἔχων</span> <span class='ocrx_word' id='word_1_113' title='bbox 2725 476 2995 542; x_wconf 79' lang='grc' dir='ltr'>γυναῖκας,</span> <span class='ocrx_word' id='word_1_114' title='bbox 3048 468 3369 543; x_wconf 84' lang='grc' dir='ltr'>Ιιρισκίλλαν</span> <span class='ocrx_word' id='word_1_115' title='bbox 3435 475 3524 524; x_wconf 85' lang='grc' dir='ltr'>καὶ</span> <span class='ocrx_word' id='word_1_116' title='bbox 3571 473 3856 545; x_wconf 82' lang='grc' dir='ltr'>Μαξιμίλλαν</span> 
     </span>
    </p>
   </div>
   <div class='ocr_carea' id='block_1_21' title="bbox 2311 557 3855 634">
    <p class='ocr_par' dir='ltr' id='par_1_21' title="bbox 2311 557 3855 634">
     <span class='ocr_line' id='line_1_21' title="bbox 2311 557 3855 634; baseline 0.003 -22"><span class='ocrx_word' id='word_1_117' title='bbox 2311 565 2490 630; x_wconf 82' lang='grc' dir='ltr'>ὄνομα,</span> <span class='ocrx_word' id='word_1_118' title='bbox 2572 563 2660 620; x_wconf 79' lang='grc' dir='ltr'>τὰς</span> <span class='ocrx_word' id='word_1_119' title='bbox 2739 559 2924 612; x_wconf 84' lang='grc' dir='ltr'>ἑαυτοῦ</span> <span class='ocrx_word' id='word_1_120' title='bbox 2999 567 3254 631; x_wconf 86' lang='grc' dir='ltr'>γυναῖκας</span> <span class='ocrx_word' id='word_1_121' title='bbox 3334 557 3652 634; x_wconf 74' lang='grc' dir='ltr'><strong>προφήτιδας</strong></span> <span class='ocrx_word' id='word_1_122' title='bbox 3701 561 3855 618; x_wconf 76' lang='grc' dir='ltr'>ἑαυτοῦ</span> 
     </span>
    </p>
   </div>
   <div class='ocr_carea' id='block_1_22' title="bbox 2309 647 3857 727">
    <p class='ocr_par' dir='ltr' id='par_1_22' title="bbox 2309 647 3857 727">
     <span class='ocr_line' id='line_1_22' title="bbox 2309 647 3857 727; baseline 0.003 -25"><span class='ocrx_word' id='word_1_123' title='bbox 2309 651 2703 724; x_wconf 76' lang='grc' dir='ltr'><strong>προσηγόρευσε</strong></span> <span class='ocrx_word' id='word_1_124' title='bbox 2736 665 2749 678; x_wconf 91' lang='grc'>·</span> <span class='ocrx_word' id='word_1_125' title='bbox 2809 653 2898 700; x_wconf 85' lang='grc' dir='ltr'>καὶ</span> <span class='ocrx_word' id='word_1_126' title='bbox 2955 651 3021 701; x_wconf 80' lang='grc' dir='ltr'>τὰ</span> <span class='ocrx_word' id='word_1_127' title='bbox 3075 647 3277 702; x_wconf 72' lang='grc' dir='ltr'>ἐκείνων</span> <span class='ocrx_word' id='word_1_128' title='bbox 3333 651 3706 724; x_wconf 83' lang='grc' dir='ltr'>συγγράμματα</span> <span class='ocrx_word' id='word_1_129' title='bbox 3753 672 3857 727; x_wconf 79' lang='grc' dir='ltr'>προ-</span> 
     </span>
    </p>
   </div>
   <div class='ocr_carea' id='block_1_23' title="bbox 2309 735 3857 813">
    <p class='ocr_par' dir='ltr' id='par_1_23' title="bbox 2309 735 3857 813">
     <span class='ocr_line' id='line_1_23' title="bbox 2309 735 3857 813; baseline 0.003 -23"><span class='ocrx_word' id='word_1_130' title='bbox 2309 741 2527 808; x_wconf 79' lang='grc' dir='ltr'>φητικὰς</span> <span class='ocrx_word' id='word_1_131' title='bbox 2581 735 2790 811; x_wconf 80' lang='grc' dir='ltr'>βίϐλους</span> <span class='ocrx_word' id='word_1_132' title='bbox 2839 736 3028 790; x_wconf 72' lang='grc' dir='ltr'>ἐκάλει.</span> <span class='ocrx_word' id='word_1_133' title='bbox 3083 745 3320 813; x_wconf 84' lang='grc' dir='ltr'>Πονηροῦ</span> <span class='ocrx_word' id='word_1_134' title='bbox 3389 736 3450 792; x_wconf 75' lang='grc' dir='ltr'><strong>δὲ</strong></span> <span class='ocrx_word' id='word_1_135' title='bbox 3513 738 3702 813; x_wconf 83' lang='grc' dir='ltr'>πλήρης</span> <span class='ocrx_word' id='word_1_136' title='bbox 3741 748 3857 813; x_wconf 82' lang='grc' dir='ltr'>γενό-</span> 
     </span>
    </p>
   </div>
   <div class='ocr_carea' id='block_1_24' title="bbox 2306 823 3856 901">
    <p class='ocr_par' dir='ltr' id='par_1_24' title="bbox 2306 823 3856 901">
     <span class='ocr_line' id='line_1_24' title="bbox 2306 823 3856 901; baseline -0.003 -21"><span class='ocrx_word' id='word_1_137' title='bbox 2306 847 2454 901; x_wconf 81' lang='grc' dir='ltr'>μενος</span> <span class='ocrx_word' id='word_1_138' title='bbox 2510 829 2818 900; x_wconf 76' lang='grc' dir='ltr'>πνεύματος,</span> <span class='ocrx_word' id='word_1_139' title='bbox 2880 827 3263 900; x_wconf 74' lang='grc' dir='ltr'><strong>παραπλησίως</strong></span> <span class='ocrx_word' id='word_1_140' title='bbox 3315 823 3376 880; x_wconf 78' lang='grc' dir='ltr'><strong>δὲ</strong></span> <span class='ocrx_word' id='word_1_141' title='bbox 3419 831 3508 880; x_wconf 82' lang='grc' dir='ltr'>καὶ</span> <span class='ocrx_word' id='word_1_142' title='bbox 3557 828 3606 880; x_wconf 79' lang='grc' dir='ltr'>αἱ</span> <span class='ocrx_word' id='word_1_143' title='bbox 3655 825 3740 882; x_wconf 83' lang='grc' dir='ltr'>δύο</span> <span class='ocrx_word' id='word_1_144' title='bbox 3779 851 3856 901; x_wconf 73' lang='grc' dir='ltr'>γυ.</span> 
     </span>
    </p>
   </div>
   <div class='ocr_carea' id='block_1_25' title="bbox 2305 914 3856 989">
    <p class='ocr_par' dir='ltr' id='par_1_25' title="bbox 2305 914 3856 989">
     <span class='ocr_line' id='line_1_25' title="bbox 2305 914 3856 989; baseline 0.003 -22"><span class='ocrx_word' id='word_1_145' title='bbox 2305 924 2489 980; x_wconf 81' lang='grc' dir='ltr'><strong>ναῖκες,</strong></span> <span class='ocrx_word' id='word_1_146' title='bbox 2543 916 2660 978; x_wconf 78' lang='grc' dir='ltr'>ξένα</span> <span class='ocrx_word' id='word_1_147' title='bbox 2710 918 2826 968; x_wconf 80' lang='grc' dir='ltr'>τινὰ</span> <span class='ocrx_word' id='word_1_148' title='bbox 2877 914 3041 988; x_wconf 79' lang='grc' dir='ltr'>λέγειν</span> <span class='ocrx_word' id='word_1_149' title='bbox 3087 920 3409 989; x_wconf 77' lang='grc' dir='ltr'><strong>κατήρχετο,</strong></span> <span class='ocrx_word' id='word_1_150' title='bbox 3479 917 3740 970; x_wconf 70' lang='grc' dir='ltr'>ἱνθουσιῶν</span> <span class='ocrx_word' id='word_1_151' title='bbox 3790 922 3856 971; x_wconf 82' lang='grc' dir='ltr'><strong>ἄν·</strong></span> 
     </span>
    </p>
   </div>
   <div class='ocr_carea' id='block_1_26' title="bbox 2305 1001 3854 1078">
    <p class='ocr_par' dir='ltr' id='par_1_26' title="bbox 2305 1001 3854 1078">
     <span class='ocr_line' id='line_1_26' title="bbox 2305 1001 3854 1078; baseline 0.004 -21"><span class='ocrx_word' id='word_1_152' title='bbox 2305 1025 2488 1078; x_wconf 87' lang='grc' dir='ltr'>τικρυς</span> <span class='ocrx_word' id='word_1_153' title='bbox 2539 1009 2629 1057; x_wconf 83' lang='grc' dir='ltr'>καὶ</span> <span class='ocrx_word' id='word_1_154' title='bbox 2679 1001 3095 1077; x_wconf 76' lang='grc' dir='ltr'>διαμαινόμενος.</span> <span class='ocrx_word' id='word_1_155' title='bbox 3149 1005 3260 1060; x_wconf 82' lang='grc' dir='ltr'>Ἵνα</span> <span class='ocrx_word' id='word_1_156' title='bbox 3317 1002 3376 1058; x_wconf 72' lang='grc' dir='ltr'><strong>δὲ</strong></span> <span class='ocrx_word' id='word_1_157' title='bbox 3429 1008 3488 1058; x_wconf 86' lang='grc' dir='ltr'><strong>τό</strong></span> <span class='ocrx_word' id='word_1_158' title='bbox 3543 1008 3683 1058; x_wconf 88' lang='grc' dir='ltr'>νόθον</span> <span class='ocrx_word' id='word_1_159' title='bbox 3725 1007 3854 1062; x_wconf 78' lang='grc' dir='ltr'>ἐκεῖνο</span> 
     </span>
    </p>
   </div>
   <div class='ocr_carea' id='block_1_27' title="bbox 2306 1091 3856 1170">
    <p class='ocr_par' dir='ltr' id='par_1_27' title="bbox 2306 1091 3856 1170">
     <span class='ocr_line' id='line_1_27' title="bbox 2306 1091 3856 1170; baseline 0.003 -23"><span class='ocrx_word' id='word_1_160' title='bbox 2306 1102 2505 1168; x_wconf 82' lang='grc' dir='ltr'>πνεῦμα</span> <span class='ocrx_word' id='word_1_161' title='bbox 2560 1097 2749 1147; x_wconf 85' lang='grc' dir='ltr'>πιστόν</span> <span class='ocrx_word' id='word_1_162' title='bbox 2796 1091 2951 1166; x_wconf 73' lang='grc' dir='ltr'>δοκῇ,</span> <span class='ocrx_word' id='word_1_163' title='bbox 2983 1099 3073 1147; x_wconf 84' lang='grc' dir='ltr'><strong>καί</strong></span> <span class='ocrx_word' id='word_1_164' title='bbox 3129 1115 3246 1147; x_wconf 87' lang='grc' dir='ltr'>τινα</span> <span class='ocrx_word' id='word_1_165' title='bbox 3293 1095 3540 1170; x_wconf 70' lang='grc' dir='ltr'>προύλεγε</span> <span class='ocrx_word' id='word_1_166' title='bbox 3591 1093 3660 1148; x_wconf 77' lang='grc' dir='ltr'><strong>δι’</strong></span> <span class='ocrx_word' id='word_1_167' title='bbox 3689 1099 3856 1150; x_wconf 71' lang='grc' dir='ltr'>ἐκείνων</span> 
     </span>
    </p>
   </div>
   <div class='ocr_carea' id='block_1_28' title="bbox 2307 1183 3856 1260">
    <p class='ocr_par' dir='ltr' id='par_1_28' title="bbox 2307 1183 3856 1260">
     <span class='ocr_line' id='line_1_28' title="bbox 2307 1183 3856 1260; baseline 0.002 -24"><span class='ocrx_word' id='word_1_168' title='bbox 2307 1191 2693 1256; x_wconf 85' lang='grc' dir='ltr'>στοχαστικῶς,</span> <span class='ocrx_word' id='word_1_169' title='bbox 2747 1183 3010 1246; x_wconf 71' lang='grc' dir='ltr'>ἐξαπατῶν</span> <span class='ocrx_word' id='word_1_170' title='bbox 3065 1187 3152 1237; x_wconf 85' lang='grc' dir='ltr'>καὶ</span> <span class='ocrx_word' id='word_1_171' title='bbox 3215 1191 3310 1246; x_wconf 82' lang='grc' dir='ltr'>τῆς</span> <span class='ocrx_word' id='word_1_172' title='bbox 3367 1183 3562 1245; x_wconf 81' lang='grc' dir='ltr'>εὐθείας</span> <span class='ocrx_word' id='word_1_173' title='bbox 3621 1191 3856 1260; x_wconf 76' lang='grc' dir='ltr'>παρεκτρέο</span> 
     </span>
    </p>
   </div>
   <div class='ocr_carea' id='block_1_29' title="bbox 2689 1272 3856 1348">
    <p class='ocr_par' dir='ltr' id='par_1_29' title="bbox 2689 1272 3856 1348">
     <span class='ocr_line' id='line_1_29' title="bbox 2689 1272 3856 1348; baseline 0.003 -23"><span class='ocrx_word' id='word_1_174' title='bbox 2689 1272 3002 1345; x_wconf 72' lang='grc' dir='ltr'><strong>ἐπαγγελιῶν</strong></span> <span class='ocrx_word' id='word_1_175' title='bbox 3091 1277 3228 1346; x_wconf 81' lang='grc' dir='ltr'>ὄγκῳ</span> <span class='ocrx_word' id='word_1_176' title='bbox 3312 1278 3599 1348; x_wconf 81' lang='grc' dir='ltr'>μακαρίζον</span> <span class='ocrx_word' id='word_1_177' title='bbox 3661 1279 3856 1336; x_wconf 87' lang='grc' dir='ltr'>τοῦς</span> 
     </span>
    </p>
   </div>
   <div class='ocr_carea' id='block_1_30' title="bbox 2303 1361 3856 1436">
    <p class='ocr_par' dir='ltr' id='par_1_30' title="bbox 2303 1361 3856 1436">
     <span class='ocr_line' id='line_1_30' title="bbox 2303 1361 3856 1436; baseline 0.002 -21"><span class='ocrx_word' id='word_1_178' title='bbox 2303 1362 2440 1435; x_wconf 81' lang='grc' dir='ltr'>αύτῷ</span> <span class='ocrx_word' id='word_1_179' title='bbox 2495 1367 2905 1436; x_wconf 78' lang='grc' dir='ltr'>χαυνουμένους,</span> <span class='ocrx_word' id='word_1_180' title='bbox 2961 1367 3051 1415; x_wconf 83' lang='grc' dir='ltr'>καὶ</span> <span class='ocrx_word' id='word_1_181' title='bbox 3099 1370 3318 1436; x_wconf 75' lang='grc' dir='ltr'>φυσιοῦν</span> <span class='ocrx_word' id='word_1_182' title='bbox 3352 1380 3368 1394; x_wconf 76' lang='grc' dir='ltr'><strong>ο</strong></span> <span class='ocrx_word' id='word_1_183' title='bbox 3427 1362 3592 1434; x_wconf 83' lang='grc' dir='ltr'>ὀλίγοι</span> <span class='ocrx_word' id='word_1_184' title='bbox 3643 1361 3700 1418; x_wconf 73' lang='grc' dir='ltr'>δε</span> <span class='ocrx_word' id='word_1_185' title='bbox 3751 1361 3856 1424; x_wconf 70' lang='grc' dir='ltr'>ἦσαν</span> 
     </span>
    </p>
   </div>
   <div class='ocr_carea' id='block_1_31' title="bbox 2301 1448 3858 1528">
    <p class='ocr_par' dir='ltr' id='par_1_31' title="bbox 2301 1448 3858 1528">
     <span class='ocr_line' id='line_1_31' title="bbox 2301 1448 3858 1528; baseline 0.002 -23"><span class='ocrx_word' id='word_1_186' title='bbox 2301 1461 2401 1505; x_wconf 85' lang='grc' dir='ltr'><strong>τῶν</strong></span> <span class='ocrx_word' id='word_1_187' title='bbox 2453 1458 2665 1528; x_wconf 76' lang='grc' dir='ltr'>Φρυγῶν</span> <span class='ocrx_word' id='word_1_188' title='bbox 2707 1454 2756 1504; x_wconf 85' lang='grc' dir='ltr'>οἱ</span> <span class='ocrx_word' id='word_1_189' title='bbox 2813 1451 3213 1525; x_wconf 78' lang='grc' dir='ltr'>ἐξηπατημένοι.</span> <span class='ocrx_word' id='word_1_190' title='bbox 3265 1456 3370 1510; x_wconf 77' lang='grc' dir='ltr'><strong>Τὴν</strong></span> <span class='ocrx_word' id='word_1_191' title='bbox 3425 1448 3484 1506; x_wconf 73' lang='grc' dir='ltr'><strong>δὲ</strong></span> <span class='ocrx_word' id='word_1_192' title='bbox 3539 1453 3749 1505; x_wconf 80' lang='grc' dir='ltr'>καθόλου</span> <span class='ocrx_word' id='word_1_193' title='bbox 3790 1461 3858 1508; x_wconf 76' lang='grc' dir='ltr'><strong>καὶ</strong></span> 
     </span>
    </p>
   </div>
   <div class='ocr_carea' id='block_1_32' title="bbox 2301 1541 3860 1616">
    <p class='ocr_par' dir='ltr' id='par_1_32' title="bbox 2301 1541 3860 1616">
     <span class='ocr_line' id='line_1_32' title="bbox 2301 1541 3860 1616; baseline 0.001 -22"><span class='ocrx_word' id='word_1_194' title='bbox 2301 1548 2476 1595; x_wconf 85' lang='grc' dir='ltr'>πᾶσαν</span> <span class='ocrx_word' id='word_1_195' title='bbox 2533 1545 2626 1600; x_wconf 81' lang='grc' dir='ltr'>τὴν</span> <span class='ocrx_word' id='word_1_196' title='bbox 2683 1543 2771 1594; x_wconf 79' lang='grc' dir='ltr'><strong>ὑπ’</strong></span> <span class='ocrx_word' id='word_1_197' title='bbox 2821 1541 3036 1614; x_wconf 74' lang='grc' dir='ltr'>οὐρανὸν</span> <span class='ocrx_word' id='word_1_198' title='bbox 3085 1541 3400 1600; x_wconf 77' lang='grc' dir='ltr'>Ἐκκλησίαν</span> <span class='ocrx_word' id='word_1_199' title='bbox 3470 1541 3860 1616; x_wconf 72' lang='grc' dir='ltr'>ἁπηρυθριασμέ-</span> 
     </span>
    </p>
   </div>
   <div class='ocr_carea' id='block_1_33' title="bbox 2299 1627 3856 1706">
    <p class='ocr_par' dir='ltr' id='par_1_33' title="bbox 2299 1627 3856 1706">
     <span class='ocr_line' id='line_1_33' title="bbox 2299 1627 3856 1706; baseline 0.003 -24"><span class='ocrx_word' id='word_1_200' title='bbox 2299 1652 2398 1693; x_wconf 89' lang='grc' dir='ltr'><strong>νως</strong></span> <span class='ocrx_word' id='word_1_201' title='bbox 2473 1627 2770 1684; x_wconf 75' lang='grc' dir='ltr'>διαϐάλλειν</span> <span class='ocrx_word' id='word_1_202' title='bbox 2834 1633 2893 1684; x_wconf 86' lang='grc' dir='ltr'>τὸ</span> <span class='ocrx_word' id='word_1_203' title='bbox 2959 1628 3166 1690; x_wconf 65' lang='grc' dir='ltr'>ἀναιδὲς</span> <span class='ocrx_word' id='word_1_204' title='bbox 3229 1631 3324 1683; x_wconf 80' lang='grc' dir='ltr'><strong>ούκ</strong></span> <span class='ocrx_word' id='word_1_205' title='bbox 3407 1631 3622 1684; x_wconf 79' lang='grc' dir='ltr'>ἐπαύετο</span> <span class='ocrx_word' id='word_1_206' title='bbox 3671 1639 3856 1706; x_wconf 76' lang='grc' dir='ltr'>πνεῦμα.</span> 
     </span>
    </p>
   </div>
   <div class='ocr_carea' id='block_1_34' title="bbox 2302 1269 2610 1339">
    <p class='ocr_par' dir='ltr' id='par_1_34' title="bbox 2302 1269 2610 1339">
     <span class='ocr_line' id='line_1_34' title="bbox 2302 1269 2610 1339; baseline 0 -14"><span class='ocrx_word' id='word_1_207' title='bbox 2302 1293 2398 1326; x_wconf 91' lang='grc' dir='ltr'><strong>πον</strong></span> <span class='ocrx_word' id='word_1_208' title='bbox 2462 1269 2610 1339; x_wconf 78' lang='grc' dir='ltr'><strong>ὁδοῦ,</strong></span> 
     </span>
    </p>
   </div>
   <div class='ocr_carea' id='block_1_35' title="bbox 539 1717 2181 1803">
    <p class='ocr_par' dir='ltr' id='par_1_35' title="bbox 539 1720 2181 1803">
     <span class='ocr_line' id='line_1_35' title="bbox 539 1720 2181 1803; baseline -0.008 -13"><span class='ocrx_word' id='word_1_209' title='bbox 539 1733 721 1798; x_wconf 81' lang='lat' dir='ltr'><strong>fuere,</strong></span> <span class='ocrx_word' id='word_1_210' title='bbox 753 1729 856 1803; x_wconf 90' lang='lat' dir='ltr'><strong>qui</strong></span> <span class='ocrx_word' id='word_1_211' title='bbox 888 1727 964 1783; x_wconf 92' lang='lat' dir='ltr'><strong>ab</strong></span> <span class='ocrx_word' id='word_1_212' title='bbox 1004 1741 1075 1780; x_wconf 88' lang='lat' dir='ltr'><strong>eo</strong></span> <span class='ocrx_word' id='word_1_213' title='bbox 1105 1726 1272 1778; x_wconf 89' lang='lat' dir='ltr'><strong>erant</strong></span> <span class='ocrx_word' id='word_1_214' title='bbox 1297 1720 1544 1775; x_wconf 89' lang='lat' dir='ltr'><strong>seducti.</strong></span> <span class='ocrx_word' id='word_1_215' title='bbox 1581 1720 1982 1776; x_wconf 86' lang='lat' dir='ltr'><strong>Universalem</strong></span> <span class='ocrx_word' id='word_1_216' title='bbox 2011 1737 2181 1792; x_wconf 88' lang='lat' dir='ltr'><strong>porro</strong></span> 
     </span>
    </p>
   </div>
   <div class='ocr_carea' id='block_1_36' title="bbox 2291 1717 3856 1803">
    <p class='ocr_par' dir='ltr' id='par_1_36' title="bbox 2297 1717 3856 1795">
     <span class='ocr_line' id='line_1_36' title="bbox 2297 1717 3856 1795; baseline 0 -21"><span class='ocrx_word' id='word_1_217' title='bbox 2297 1724 2500 1782; x_wconf 82' lang='grc' dir='ltr'>Ταύτης</span> <span class='ocrx_word' id='word_1_218' title='bbox 2554 1717 2614 1773; x_wconf 75' lang='grc' dir='ltr'><strong>δὲ</strong></span> <span class='ocrx_word' id='word_1_219' title='bbox 2667 1717 3141 1795; x_wconf 82' lang='grc' dir='ltr'>διαθρυλληθείσης</span> <span class='ocrx_word' id='word_1_220' title='bbox 3196 1723 3463 1794; x_wconf 80' lang='grc' dir='ltr'>αἱρέσεως,</span> <span class='ocrx_word' id='word_1_221' title='bbox 3516 1724 3566 1773; x_wconf 90' lang='grc' dir='ltr'>οἱ</span> <span class='ocrx_word' id='word_1_222' title='bbox 3621 1723 3746 1774; x_wconf 87' lang='grc' dir='ltr'>κατὰ</span> <span class='ocrx_word' id='word_1_223' title='bbox 3785 1727 3856 1780; x_wconf 75' lang='grc' dir='ltr'>τὴν</span> 
     </span>
    </p>
   </div>
   <div class='ocr_carea' id='block_1_37' title="bbox 539 1809 2189 1894">
    <p class='ocr_par' dir='ltr' id='par_1_37' title="bbox 539 1809 2189 1894">
     <span class='ocr_line' id='line_1_37' title="bbox 539 1809 2189 1894; baseline -0.009 -16"><span class='ocrx_word' id='word_1_224' title='bbox 539 1827 595 1878; x_wconf 86' lang='lat' dir='ltr'><strong>et</strong></span> <span class='ocrx_word' id='word_1_225' title='bbox 621 1837 758 1894; x_wconf 73' lang='lat' dir='ltr'><strong>quae</strong></span> <span class='ocrx_word' id='word_1_226' title='bbox 789 1817 906 1873; x_wconf 88' lang='lat' dir='ltr'><strong>sub</strong></span> <span class='ocrx_word' id='word_1_227' title='bbox 937 1813 1086 1870; x_wconf 66' lang='lat' dir='ltr'><strong>coelo</strong></span> <span class='ocrx_word' id='word_1_228' title='bbox 1113 1817 1200 1867; x_wconf 87' lang='lat' dir='ltr'><strong>est</strong></span> <span class='ocrx_word' id='word_1_229' title='bbox 1233 1809 1552 1865; x_wconf 89' lang='lat' dir='ltr'><strong>Ecclesiam</strong></span> <span class='ocrx_word' id='word_1_230' title='bbox 1588 1825 1853 1874; x_wconf 91' lang='lat' dir='ltr'><strong>omnem,</strong></span> <span class='ocrx_word' id='word_1_231' title='bbox 1887 1809 2051 1864; x_wconf 92' lang='lat' dir='ltr'><strong>omni</strong></span> <span class='ocrx_word' id='word_1_232' title='bbox 2081 1827 2189 1882; x_wconf 91' lang='lat' dir='ltr'><strong>pu-</strong></span> 
     </span>
    </p>
   </div>
   <div class='ocr_carea' id='block_1_38' title="bbox 539 1897 2190 1979">
    <p class='ocr_par' dir='ltr' id='par_1_38' title="bbox 539 1897 2190 1979">
     <span class='ocr_line' id='line_1_38' title="bbox 539 1897 2190 1979; baseline -0.009 -10"><span class='ocrx_word' id='word_1_233' title='bbox 539 1911 684 1968; x_wconf 88' lang='lat' dir='ltr'><strong>dore</strong></span> <span class='ocrx_word' id='word_1_234' title='bbox 705 1909 958 1979; x_wconf 89' lang='lat' dir='ltr'><strong>abjecto,</strong></span> <span class='ocrx_word' id='word_1_235' title='bbox 983 1899 1542 1974; x_wconf 89' lang='lat' dir='ltr'><strong>impudentissimus</strong></span> <span class='ocrx_word' id='word_1_236' title='bbox 1573 1897 1665 1953; x_wconf 92' lang='lat' dir='ltr'><strong>ille</strong></span> <span class='ocrx_word' id='word_1_237' title='bbox 1689 1898 1925 1954; x_wconf 66' lang='lat' dir='ltr'><strong>daemon</strong></span> <span class='ocrx_word' id='word_1_238' title='bbox 1959 1899 2190 1955; x_wconf 89' lang='lat' dir='ltr'><strong>calum-</strong></span> 
     </span>
    </p>
   </div>
   <div class='ocr_carea' id='block_1_39' title="bbox 538 1987 2185 2070">
    <p class='ocr_par' dir='ltr' id='par_1_39' title="bbox 538 1987 2185 2070">
     <span class='ocr_line' id='line_1_39' title="bbox 538 1987 2185 2070; baseline -0.008 -13"><span class='ocrx_word' id='word_1_239' title='bbox 538 1999 655 2058; x_wconf 89' lang='lat' dir='ltr'><strong>niis</strong></span> <span class='ocrx_word' id='word_1_240' title='bbox 704 1993 1088 2070; x_wconf 86' lang='lat' dir='ltr'><strong>proscindere</strong></span> <span class='ocrx_word' id='word_1_241' title='bbox 1134 2003 1258 2044; x_wconf 90' lang='lat' dir='ltr'><strong>non</strong></span> <span class='ocrx_word' id='word_1_242' title='bbox 1297 1987 1568 2043; x_wconf 88' lang='lat' dir='ltr'><strong>cessavit.</strong></span> <span class='ocrx_word' id='word_1_243' title='bbox 1609 1989 1691 2042; x_wconf 87' lang='lat' dir='ltr'><strong>Ea</strong></span> <span class='ocrx_word' id='word_1_244' title='bbox 1719 1988 1932 2044; x_wconf 66' lang='lat' dir='ltr'><strong>haeresi</strong></span> <span class='ocrx_word' id='word_1_245' title='bbox 1963 1991 2185 2061; x_wconf 90' lang='lat' dir='ltr'><strong>passim</strong></span> 
     </span>
    </p>
   </div>
   <div class='ocr_carea' id='block_1_40' title="bbox 537 2075 2187 2159">
    <p class='ocr_par' dir='ltr' id='par_1_40' title="bbox 537 2075 2187 2159">
     <span class='ocr_line' id='line_1_40' title="bbox 537 2075 2187 2159; baseline -0.007 -14"><span class='ocrx_word' id='word_1_246' title='bbox 537 2087 804 2159; x_wconf 87' lang='lat' dir='ltr'><strong>vulgata,</strong></span> <span class='ocrx_word' id='word_1_247' title='bbox 838 2083 940 2156; x_wconf 89' lang='lat' dir='ltr'><strong>qui</strong></span> <span class='ocrx_word' id='word_1_248' title='bbox 973 2083 1032 2136; x_wconf 91' lang='lat' dir='ltr'><strong>in</strong></span> <span class='ocrx_word' id='word_1_249' title='bbox 1071 2079 1208 2133; x_wconf 81' lang='lat' dir='ltr'><strong>Asia</strong></span> <span class='ocrx_word' id='word_1_250' title='bbox 1243 2077 1404 2132; x_wconf 88' lang='lat' dir='ltr'><strong>fuere</strong></span> <span class='ocrx_word' id='word_1_251' title='bbox 1445 2075 1652 2131; x_wconf 85' lang='lat' dir='ltr'><strong>ﬁdeles</strong></span> <span class='ocrx_word' id='word_1_252' title='bbox 1693 2092 1850 2148; x_wconf 63' lang='lat' dir='ltr'><strong>saepe</strong></span> <span class='ocrx_word' id='word_1_253' title='bbox 1889 2077 2090 2134; x_wconf 84' lang='lat' dir='ltr'><strong>multis</strong></span> <span class='ocrx_word' id='word_1_254' title='bbox 2127 2079 2187 2134; x_wconf 90' lang='lat' dir='ltr'><strong>in</strong></span> 
     </span>
    </p>
   </div>
   <div class='ocr_carea' id='block_1_41' title="bbox 540 2170 2188 2246">
    <p class='ocr_par' dir='ltr' id='par_1_41' title="bbox 540 2170 2188 2246">
     <span class='ocr_line' id='line_1_41' title="bbox 540 2170 2188 2246; baseline -0.008 -11"><span class='ocrx_word' id='word_1_255' title='bbox 540 2177 684 2235; x_wconf 91' lang='lat' dir='ltr'><strong>locis</strong></span> <span class='ocrx_word' id='word_1_256' title='bbox 700 2172 960 2246; x_wconf 86' lang='lat' dir='ltr'><strong>regionis</strong></span> <span class='ocrx_word' id='word_1_257' title='bbox 977 2170 1110 2242; x_wconf 87' lang='lat' dir='ltr'><strong>ejus</strong></span> <span class='ocrx_word' id='word_1_258' title='bbox 1132 2171 1462 2222; x_wconf 89' lang='lat' dir='ltr'><strong>conventus</strong></span> <span class='ocrx_word' id='word_1_259' title='bbox 1485 2181 1678 2235; x_wconf 88' lang='lat' dir='ltr'><strong>egere,</strong></span> <span class='ocrx_word' id='word_1_260' title='bbox 1697 2181 1901 2221; x_wconf 86' lang='lat' dir='ltr'><strong>recens</strong></span> <span class='ocrx_word' id='word_1_261' title='bbox 1919 2173 2188 2222; x_wconf 85' lang='lat' dir='ltr'><strong>exortam</strong></span> 
     </span>
    </p>
   </div>
   <div class='ocr_carea' id='block_1_42' title="bbox 535 2255 2188 2342">
    <p class='ocr_par' dir='ltr' id='par_1_42' title="bbox 535 2255 2188 2342">
     <span class='ocr_line' id='line_1_42' title="bbox 535 2255 2188 2342; baseline -0.007 -18"><span class='ocrx_word' id='word_1_262' title='bbox 535 2265 1038 2342; x_wconf 84' lang='lat' dir='ltr'><strong>peregrinamqne</strong></span> <span class='ocrx_word' id='word_1_263' title='bbox 1065 2256 1430 2329; x_wconf 87' lang='lat' dir='ltr'><strong>inquirentes</strong></span> <span class='ocrx_word' id='word_1_264' title='bbox 1458 2255 1792 2310; x_wconf 86' lang='lat' dir='ltr'><strong>doctrinam</strong></span> <span class='ocrx_word' id='word_1_265' title='bbox 1821 2273 1834 2308; x_wconf 87' lang='lat'>:</span> <span class='ocrx_word' id='word_1_266' title='bbox 1865 2260 1921 2312; x_wconf 85' lang='lat' dir='ltr'><strong>et</strong></span> <span class='ocrx_word' id='word_1_267' title='bbox 1945 2257 2188 2312; x_wconf 90' lang='lat' dir='ltr'><strong>tandem</strong></span> 
     </span>
    </p>
   </div>
   <div class='ocr_carea' id='block_1_43' title="bbox 537 2344 2190 2416">
    <p class='ocr_par' dir='ltr' id='par_1_43' title="bbox 537 2344 2190 2416">
     <span class='ocr_line' id='line_1_43' title="bbox 537 2344 2190 2416; baseline -0.008 -2"><span class='ocrx_word' id='word_1_268' title='bbox 537 2361 764 2414; x_wconf 88' lang='lat' dir='ltr'><strong>sectam</strong></span> <span class='ocrx_word' id='word_1_269' title='bbox 789 2367 946 2416; x_wconf 90' lang='lat' dir='ltr'><strong>eam,</strong></span> <span class='ocrx_word' id='word_1_270' title='bbox 979 2352 1044 2404; x_wconf 89' lang='lat' dir='ltr'><strong>ut</strong></span> <span class='ocrx_word' id='word_1_271' title='bbox 1071 2345 1322 2416; x_wconf 89' lang='lat' dir='ltr'><strong>impiam</strong></span> <span class='ocrx_word' id='word_1_272' title='bbox 1369 2349 1424 2399; x_wconf 90' lang='lat' dir='ltr'><strong>et</strong></span> <span class='ocrx_word' id='word_1_273' title='bbox 1473 2344 1904 2400; x_wconf 85' lang='lat' dir='ltr'><strong>exsecrandam</strong></span> <span class='ocrx_word' id='word_1_274' title='bbox 1937 2345 2190 2401; x_wconf 89' lang='lat' dir='ltr'><strong>damna-</strong></span> 
     </span>
    </p>
   </div>
   <div class='ocr_carea' id='block_1_44' title="bbox 537 2433 2190 2511">
    <p class='ocr_par' dir='ltr' id='par_1_44' title="bbox 537 2433 2190 2511">
     <span class='ocr_line' id='line_1_44' title="bbox 537 2433 2190 2511; baseline -0.008 -7"><span class='ocrx_word' id='word_1_275' title='bbox 537 2451 682 2511; x_wconf 82' lang='lat' dir='ltr'><strong>tam,</strong></span> <span class='ocrx_word' id='word_1_276' title='bbox 711 2460 743 2500; x_wconf 92' lang='lat' dir='ltr'><strong>e</strong></span> <span class='ocrx_word' id='word_1_277' title='bbox 791 2437 1085 2498; x_wconf 89' lang='lat' dir='ltr'><strong>catholica</strong></span> <span class='ocrx_word' id='word_1_278' title='bbox 1115 2434 1376 2491; x_wconf 88' lang='lat' dir='ltr'><strong>Ecclesia</strong></span> <span class='ocrx_word' id='word_1_279' title='bbox 1407 2433 1725 2504; x_wconf 89' lang='lat' dir='ltr'><strong>ejecerunt,</strong></span> <span class='ocrx_word' id='word_1_280' title='bbox 1759 2438 1937 2506; x_wconf 85' lang='lat' dir='ltr'><strong>atque</strong></span> <span class='ocrx_word' id='word_1_281' title='bbox 1964 2450 2000 2490; x_wconf 91' lang='lat' dir='ltr'><strong>a</strong></span> <span class='ocrx_word' id='word_1_282' title='bbox 2029 2451 2190 2491; x_wconf 86' lang='lat' dir='ltr'><strong>com-</strong></span> 
     </span>
    </p>
   </div>
   <div class='ocr_carea' id='block_1_45' title="bbox 537 2521 2188 2601">
    <p class='ocr_par' dir='ltr' id='par_1_45' title="bbox 537 2521 2188 2601">
     <span class='ocr_line' id='line_1_45' title="bbox 537 2521 2188 2601; baseline -0.007 -9"><span class='ocrx_word' id='word_1_283' title='bbox 537 2533 825 2593; x_wconf 91' lang='lat' dir='ltr'><strong>munione</strong></span> <span class='ocrx_word' id='word_1_284' title='bbox 875 2525 1289 2601; x_wconf 82' lang='lat' dir='ltr'><strong>prOpulerunt.</strong></span> <span class='ocrx_word' id='word_1_285' title='bbox 1343 2521 1505 2577; x_wconf 89' lang='lat' dir='ltr'><strong>Idem</strong></span> <span class='ocrx_word' id='word_1_286' title='bbox 1542 2525 1848 2577; x_wconf 84' lang='lat' dir='ltr'><strong>Montanus</strong></span> <span class='ocrx_word' id='word_1_287' title='bbox 1891 2539 2188 2580; x_wconf 89' lang='lat' dir='ltr'><strong>novorum</strong></span> 
     </span>
    </p>
   </div>
   <div class='ocr_carea' id='block_1_46' title="bbox 537 2611 2192 2698">
    <p class='ocr_par' dir='ltr' id='par_1_46' title="bbox 537 2611 2192 2698">
     <span class='ocr_line' id='line_1_46' title="bbox 537 2611 2192 2698; baseline -0.006 -17"><span class='ocrx_word' id='word_1_288' title='bbox 537 2638 782 2698; x_wconf 90' lang='lat' dir='ltr'><strong>quoque</strong></span> <span class='ocrx_word' id='word_1_289' title='bbox 832 2617 1220 2690; x_wconf 90' lang='lat' dir='ltr'><strong>jejuniorum,</strong></span> <span class='ocrx_word' id='word_1_290' title='bbox 1261 2617 1474 2684; x_wconf 77' lang='lat' dir='ltr'><strong>praeter</strong></span> <span class='ocrx_word' id='word_1_291' title='bbox 1512 2611 1780 2666; x_wconf 81' lang='lat' dir='ltr'><strong>Ecclesiae</strong></span> <span class='ocrx_word' id='word_1_292' title='bbox 1815 2616 2192 2672; x_wconf 79' lang='lat' dir='ltr'><strong>consuetudi-</strong></span> 
     </span>
    </p>
   </div>
   <div class='ocr_carea' id='block_1_47' title="bbox 533 2699 2188 2778">
    <p class='ocr_par' dir='ltr' id='par_1_47' title="bbox 533 2699 2188 2778">
     <span class='ocr_line' id='line_1_47' title="bbox 533 2699 2188 2778; baseline -0.006 -7"><span class='ocrx_word' id='word_1_293' title='bbox 533 2729 700 2778; x_wconf 88' lang='lat' dir='ltr'><strong>nem,</strong></span> <span class='ocrx_word' id='word_1_294' title='bbox 741 2713 950 2766; x_wconf 89' lang='lat' dir='ltr'><strong>auctor</strong></span> <span class='ocrx_word' id='word_1_295' title='bbox 987 2704 1116 2761; x_wconf 88' lang='lat' dir='ltr'><strong>fuit:</strong></span> <span class='ocrx_word' id='word_1_296' title='bbox 1175 2701 1329 2757; x_wconf 88' lang='lat' dir='ltr'><strong>etde</strong></span> <span class='ocrx_word' id='word_1_297' title='bbox 1375 2699 1676 2756; x_wconf 89' lang='lat' dir='ltr'><strong>solvendis</strong></span> <span class='ocrx_word' id='word_1_298' title='bbox 1727 2700 2188 2776; x_wconf 87' lang='lat' dir='ltr'><strong>dirimendisque</strong></span> 
     </span>
    </p>
   </div>
   <div class='ocr_carea' id='block_1_48' title="bbox 539 2789 2184 2872">
    <p class='ocr_par' dir='ltr' id='par_1_48' title="bbox 539 2789 2184 2872">
     <span class='ocr_line' id='line_1_48' title="bbox 539 2789 2184 2872; baseline -0.006 -12"><span class='ocrx_word' id='word_1_299' title='bbox 539 2799 835 2872; x_wconf 87' lang='lat' dir='ltr'><strong>conjugiis</strong></span> <span class='ocrx_word' id='word_1_300' title='bbox 877 2797 1066 2865; x_wconf 80' lang='lat' dir='ltr'><strong>legem</strong></span> <span class='ocrx_word' id='word_1_301' title='bbox 1109 2791 1262 2848; x_wconf 88' lang='lat' dir='ltr'><strong>tulit.</strong></span> <span class='ocrx_word' id='word_1_302' title='bbox 1295 2792 1374 2846; x_wconf 91' lang='lat' dir='ltr'><strong>De</strong></span> <span class='ocrx_word' id='word_1_303' title='bbox 1417 2789 1621 2844; x_wconf 88' lang='lat' dir='ltr'><strong>divina</strong></span> <span class='ocrx_word' id='word_1_304' title='bbox 1659 2796 1858 2846; x_wconf 89' lang='lat' dir='ltr'><strong>autem</strong></span> <span class='ocrx_word' id='word_1_305' title='bbox 1887 2792 2184 2861; x_wconf 87' lang='lat' dir='ltr'><strong>Triuitate,</strong></span> 
     </span>
    </p>
   </div>
   <div class='ocr_carea' id='block_1_49' title="bbox 537 2878 2186 2949">
    <p class='ocr_par' dir='ltr' id='par_1_49' title="bbox 537 2878 2186 2949">
     <span class='ocr_line' id='line_1_49' title="bbox 537 2878 2186 2949; baseline -0.007 0"><span class='ocrx_word' id='word_1_306' title='bbox 537 2897 596 2949; x_wconf 86' lang='lat' dir='ltr'><strong>et</strong></span> <span class='ocrx_word' id='word_1_307' title='bbox 627 2887 836 2946; x_wconf 89' lang='lat' dir='ltr'><strong>mundi</strong></span> <span class='ocrx_word' id='word_1_308' title='bbox 867 2885 1163 2941; x_wconf 88' lang='lat' dir='ltr'><strong>creatione</strong></span> <span class='ocrx_word' id='word_1_309' title='bbox 1191 2879 1400 2936; x_wconf 89' lang='lat' dir='ltr'><strong>eadem</strong></span> <span class='ocrx_word' id='word_1_310' title='bbox 1433 2878 1750 2934; x_wconf 90' lang='lat' dir='ltr'><strong>nobiscum</strong></span> <span class='ocrx_word' id='word_1_311' title='bbox 1781 2879 2002 2936; x_wconf 90' lang='lat' dir='ltr'><strong>docuit.</strong></span> <span class='ocrx_word' id='word_1_312' title='bbox 2033 2885 2186 2939; x_wconf 87' lang='lat' dir='ltr'><strong>Non-</strong></span> 
     </span>
    </p>
   </div>
   <div class='ocr_carea' id='block_1_50' title="bbox 537 2968 2186 3040">
    <p class='ocr_par' dir='ltr' id='par_1_50' title="bbox 537 2968 2186 3040">
     <span class='ocr_line' id='line_1_50' title="bbox 537 2968 2186 3040; baseline -0.006 -4"><span class='ocrx_word' id='word_1_313' title='bbox 537 2977 687 3036; x_wconf 89' lang='lat' dir='ltr'><strong>nulli</strong></span> <span class='ocrx_word' id='word_1_314' title='bbox 729 2981 931 3032; x_wconf 90' lang='lat' dir='ltr'><strong>tamen</strong></span> <span class='ocrx_word' id='word_1_315' title='bbox 957 2989 1030 3028; x_wconf 79' lang='lat' dir='ltr'><strong>ex</strong></span> <span class='ocrx_word' id='word_1_316' title='bbox 1077 2968 1468 3026; x_wconf 89' lang='lat' dir='ltr'><strong>sectatoribus</strong></span> <span class='ocrx_word' id='word_1_317' title='bbox 1494 2969 1622 3038; x_wconf 89' lang='lat' dir='ltr'><strong>ejus</strong></span> <span class='ocrx_word' id='word_1_318' title='bbox 1649 2975 1857 3040; x_wconf 90' lang='lat' dir='ltr'><strong>postea</strong></span> <span class='ocrx_word' id='word_1_319' title='bbox 1892 2975 2010 3025; x_wconf 88' lang='lat' dir='ltr'><strong>tres</strong></span> <span class='ocrx_word' id='word_1_320' title='bbox 2043 2972 2186 3027; x_wconf 85' lang='lat' dir='ltr'><strong>divi-</strong></span> 
     </span>
    </p>
   </div>
   <div class='ocr_carea' id='block_1_51' title="bbox 2298 1809 3858 1882">
    <p class='ocr_par' dir='ltr' id='par_1_51' title="bbox 2298 1809 3858 1882">
     <span class='ocr_line' id='line_1_51' title="bbox 2298 1809 3858 1882; baseline -0.001 -16"><span class='ocrx_word' id='word_1_321' title='bbox 2298 1809 2484 1866; x_wconf 84' lang='grc' dir='ltr'>Ἀσίαν</span> <span class='ocrx_word' id='word_1_322' title='bbox 2535 1815 2720 1864; x_wconf 81' lang='grc' dir='ltr'>πιστοὶ</span> <span class='ocrx_word' id='word_1_323' title='bbox 2753 1809 3003 1872; x_wconf 77' lang='grc' dir='ltr'>πολλάκις</span> <span class='ocrx_word' id='word_1_324' title='bbox 3055 1815 3141 1863; x_wconf 83' lang='grc' dir='ltr'>καὶ</span> <span class='ocrx_word' id='word_1_325' title='bbox 3197 1810 3470 1882; x_wconf 76' lang='grc' dir='ltr'>πολλαχοῦ</span> <span class='ocrx_word' id='word_1_326' title='bbox 3520 1819 3615 1873; x_wconf 83' lang='grc' dir='ltr'>τῆς</span> <span class='ocrx_word' id='word_1_327' title='bbox 3659 1811 3858 1866; x_wconf 75' lang='grc' dir='ltr'>Ἀσιατι-</span> 
     </span>
    </p>
   </div>
   <div class='ocr_carea' id='block_1_52' title="bbox 2299 1895 3858 1972">
    <p class='ocr_par' dir='ltr' id='par_1_52' title="bbox 2299 1895 3858 1972">
     <span class='ocr_line' id='line_1_52' title="bbox 2299 1895 3858 1972; baseline -0.001 -20"><span class='ocrx_word' id='word_1_328' title='bbox 2299 1895 2387 1960; x_wconf 66' lang='lat' dir='ltr'><strong>do;</strong></span> <span class='ocrx_word' id='word_1_329' title='bbox 2430 1905 2528 1970; x_wconf 80' lang='grc' dir='ltr'>γῆς</span> <span class='ocrx_word' id='word_1_330' title='bbox 2586 1899 2860 1966; x_wconf 81' lang='grc' dir='ltr'>συνῆλθον,</span> <span class='ocrx_word' id='word_1_331' title='bbox 2916 1902 3034 1960; x_wconf 79' lang='grc' dir='ltr'>τοὺς</span> <span class='ocrx_word' id='word_1_332' title='bbox 3099 1901 3437 1972; x_wconf 71' lang='grc' dir='ltr'>προσφάτους</span> <span class='ocrx_word' id='word_1_333' title='bbox 3479 1905 3570 1952; x_wconf 79' lang='grc' dir='ltr'>καὶ</span> <span class='ocrx_word' id='word_1_334' title='bbox 3625 1899 3858 1972; x_wconf 74' lang='grc' dir='ltr'>ξενοφονεῖς</span> 
     </span>
    </p>
   </div>
   <div class='ocr_carea' id='block_1_53' title="bbox 2298 1985 3856 2063">
    <p class='ocr_par' dir='ltr' id='par_1_53' title="bbox 2298 1985 3856 2063">
     <span class='ocr_line' id='line_1_53' title="bbox 2298 1985 3856 2063; baseline 0.001 -22"><span class='ocrx_word' id='word_1_335' title='bbox 2298 1989 2614 2051; x_wconf 75' lang='grc' dir='ltr'>ἑξετοὲζοντες</span> <span class='ocrx_word' id='word_1_336' title='bbox 2694 1988 2896 2061; x_wconf 90' lang='grc' dir='ltr'>λόγους.</span> <span class='ocrx_word' id='word_1_337' title='bbox 2951 1993 3057 2047; x_wconf 79' lang='grc' dir='ltr'><strong>Τὴν</strong></span> <span class='ocrx_word' id='word_1_338' title='bbox 3112 1996 3238 2060; x_wconf 80' lang='grc' dir='ltr'>γοῦν</span> <span class='ocrx_word' id='word_1_339' title='bbox 3311 1989 3516 2063; x_wconf 83' lang='grc' dir='ltr'>αἳρεσιν</span> <span class='ocrx_word' id='word_1_340' title='bbox 3571 1985 3856 2062; x_wconf 71' lang='grc' dir='ltr'>ἀποδοκιμά-</span> 
     </span>
    </p>
   </div>
   <div class='ocr_carea' id='block_1_54' title="bbox 2301 2075 3859 2152">
    <p class='ocr_par' dir='ltr' id='par_1_54' title="bbox 2301 2075 3859 2152">
     <span class='ocr_line' id='line_1_54' title="bbox 2301 2075 3859 2152; baseline 0 -22"><span class='ocrx_word' id='word_1_341' title='bbox 2301 2097 2496 2147; x_wconf 79' lang='grc' dir='ltr'>σαντες,</span> <span class='ocrx_word' id='word_1_342' title='bbox 2568 2081 2635 2140; x_wconf 88' lang='grc' dir='ltr'>ὡς</span> <span class='ocrx_word' id='word_1_343' title='bbox 2695 2075 2912 2151; x_wconf 84' lang='grc' dir='ltr'>βέϐηλον</span> <span class='ocrx_word' id='word_1_344' title='bbox 2973 2081 3062 2130; x_wconf 79' lang='grc' dir='ltr'><strong>καὶ</strong></span> <span class='ocrx_word' id='word_1_345' title='bbox 3112 2079 3374 2152; x_wconf 81' lang='grc' dir='ltr'>μυσαρὰν,</span> <span class='ocrx_word' id='word_1_346' title='bbox 3447 2087 3544 2140; x_wconf 80' lang='grc' dir='ltr'>τῆς</span> <span class='ocrx_word' id='word_1_347' title='bbox 3619 2079 3859 2139; x_wconf 74' lang='grc' dir='ltr'>καθολικῆς</span> 
     </span>
    </p>
   </div>
   <div class='ocr_carea' id='block_1_55' title="bbox 2297 2167 3854 2242">
    <p class='ocr_par' dir='ltr' id='par_1_55' title="bbox 2297 2167 3854 2242">
     <span class='ocr_line' id='line_1_55' title="bbox 2297 2167 3854 2242; baseline 0 -20"><span class='ocrx_word' id='word_1_348' title='bbox 2297 2167 2613 2228; x_wconf 87' lang='grc' dir='ltr'>Ἐκκλησίας</span> <span class='ocrx_word' id='word_1_349' title='bbox 2685 2167 2930 2232; x_wconf 77' lang='grc' dir='ltr'><strong>ἐξέωσαν,</strong></span> <span class='ocrx_word' id='word_1_350' title='bbox 2984 2171 3074 2219; x_wconf 85' lang='grc' dir='ltr'>καὶ</span> <span class='ocrx_word' id='word_1_351' title='bbox 3127 2176 3222 2229; x_wconf 80' lang='grc' dir='ltr'>τῆς</span> <span class='ocrx_word' id='word_1_352' title='bbox 3304 2173 3576 2230; x_wconf 83' lang='grc' dir='ltr'>κοινωνίας</span> <span class='ocrx_word' id='word_1_353' title='bbox 3623 2167 3854 2242; x_wconf 76' lang='grc' dir='ltr'>ἆπείρξαν.</span> 
     </span>
    </p>
   </div>
   <div class='ocr_carea' id='block_1_56' title="bbox 2294 2254 3859 2331">
    <p class='ocr_par' dir='ltr' id='par_1_56' title="bbox 2294 2254 3859 2331">
     <span class='ocr_line' id='line_1_56' title="bbox 2294 2254 3859 2331; baseline 0 -21"><span class='ocrx_word' id='word_1_354' title='bbox 2294 2254 2354 2310; x_wconf 77' lang='grc' dir='ltr'><strong>Ὀ</strong></span> <span class='ocrx_word' id='word_1_355' title='bbox 2387 2254 2438 2310; x_wconf 83' lang='grc' dir='ltr'><strong>δ’</strong></span> <span class='ocrx_word' id='word_1_356' title='bbox 2486 2257 2641 2317; x_wconf 76' lang='grc' dir='ltr'>αὐτὸς</span> <span class='ocrx_word' id='word_1_357' title='bbox 2682 2259 2946 2318; x_wconf 83' lang='grc' dir='ltr'>Μοντανός</span> <span class='ocrx_word' id='word_1_358' title='bbox 2987 2261 3078 2310; x_wconf 81' lang='grc' dir='ltr'>καὶ</span> <span class='ocrx_word' id='word_1_359' title='bbox 3107 2261 3413 2330; x_wconf 80' lang='grc' dir='ltr'>καινοτέρων</span> <span class='ocrx_word' id='word_1_360' title='bbox 3453 2265 3699 2316; x_wconf 75' lang='grc' dir='ltr'>νηστειῶν</span> <span class='ocrx_word' id='word_1_361' title='bbox 3743 2261 3859 2331; x_wconf 74' lang='grc' dir='ltr'>παρὰ</span> 
     </span>
    </p>
   </div>
   <div class='ocr_carea' id='block_1_57' title="bbox 2297 2343 3858 2418">
    <p class='ocr_par' dir='ltr' id='par_1_57' title="bbox 2297 2343 3858 2418">
     <span class='ocr_line' id='line_1_57' title="bbox 2297 2343 3858 2418; baseline 0 -20"><span class='ocrx_word' id='word_1_362' title='bbox 2297 2349 2356 2398; x_wconf 88' lang='grc' dir='ltr'>τὸ</span> <span class='ocrx_word' id='word_1_363' title='bbox 2395 2353 2490 2408; x_wconf 81' lang='grc' dir='ltr'>τῆς</span> <span class='ocrx_word' id='word_1_364' title='bbox 2534 2345 2845 2408; x_wconf 78' lang='grc' dir='ltr'>Ἐκκλησίας</span> <span class='ocrx_word' id='word_1_365' title='bbox 2899 2347 3008 2406; x_wconf 76' lang='grc' dir='ltr'>ἔθος</span> <span class='ocrx_word' id='word_1_366' title='bbox 3065 2345 3351 2416; x_wconf 82' lang='grc' dir='ltr'>εἰσηγητὴς</span> <span class='ocrx_word' id='word_1_367' title='bbox 3400 2350 3575 2418; x_wconf 82' lang='grc' dir='ltr'>γέγονε</span> <span class='ocrx_word' id='word_1_368' title='bbox 3605 2361 3619 2375; x_wconf 91' lang='grc'><strong>·</strong></span> <span class='ocrx_word' id='word_1_369' title='bbox 3665 2343 3858 2399; x_wconf 79' lang='grc' dir='ltr'>διαλύειν</span> 
     </span>
    </p>
   </div>
   <div class='ocr_carea' id='block_1_58' title="bbox 2298 2431 3860 2512">
    <p class='ocr_par' dir='ltr' id='par_1_58' title="bbox 2298 2431 3860 2512">
     <span class='ocr_line' id='line_1_58' title="bbox 2298 2431 3860 2512; baseline 0 -24"><span class='ocrx_word' id='word_1_370' title='bbox 2298 2453 2352 2488; x_wconf 86' lang='grc' dir='ltr'><strong>τε</strong></span> <span class='ocrx_word' id='word_1_371' title='bbox 2387 2439 2506 2496; x_wconf 82' lang='grc' dir='ltr'>τοὺς</span> <span class='ocrx_word' id='word_1_372' title='bbox 2559 2437 2759 2508; x_wconf 77' lang='grc' dir='ltr'>γάμους</span> <span class='ocrx_word' id='word_1_373' title='bbox 2812 2433 3116 2506; x_wconf 74' lang='grc' dir='ltr'>ἐνομοθέτει.</span> <span class='ocrx_word' id='word_1_374' title='bbox 3171 2440 3269 2488; x_wconf 86' lang='grc' dir='ltr'>Τόν</span> <span class='ocrx_word' id='word_1_375' title='bbox 3333 2431 3392 2489; x_wconf 75' lang='grc' dir='ltr'><strong>δὲ</strong></span> <span class='ocrx_word' id='word_1_376' title='bbox 3447 2441 3571 2512; x_wconf 81' lang='grc' dir='ltr'>περὶ</span> <span class='ocrx_word' id='word_1_377' title='bbox 3615 2445 3705 2498; x_wconf 77' lang='grc' dir='ltr'><strong>τῆς</strong></span> <span class='ocrx_word' id='word_1_378' title='bbox 3747 2439 3860 2496; x_wconf 80' lang='grc' dir='ltr'>θείας</span> 
     </span>
    </p>
   </div>
   <div class='ocr_carea' id='block_1_59' title="bbox 2296 2521 3861 2598">
    <p class='ocr_par' dir='ltr' id='par_1_59' title="bbox 2296 2521 3861 2598">
     <span class='ocr_line' id='line_1_59' title="bbox 2296 2521 3861 2598; baseline -0.001 -20"><span class='ocrx_word' id='word_1_379' title='bbox 2296 2521 2526 2598; x_wconf 82' lang='grc' dir='ltr'>Τριάδος</span> <span class='ocrx_word' id='word_1_380' title='bbox 2564 2525 2712 2598; x_wconf 89' lang='grc' dir='ltr'>λόγον</span> <span class='ocrx_word' id='word_1_381' title='bbox 2742 2527 2928 2578; x_wconf 77' lang='grc' dir='ltr'>καὶτὰ</span> <span class='ocrx_word' id='word_1_382' title='bbox 2973 2529 3091 2598; x_wconf 83' lang='grc' dir='ltr'>περὶ</span> <span class='ocrx_word' id='word_1_383' title='bbox 3133 2533 3226 2586; x_wconf 84' lang='grc' dir='ltr'>τῆς</span> <span class='ocrx_word' id='word_1_384' title='bbox 3267 2533 3360 2578; x_wconf 85' lang='grc' dir='ltr'>τοῦ</span> <span class='ocrx_word' id='word_1_385' title='bbox 3397 2530 3604 2598; x_wconf 79' lang='grc' dir='ltr'>κόσμου</span> <span class='ocrx_word' id='word_1_386' title='bbox 3641 2523 3861 2598; x_wconf 78' lang='grc' dir='ltr'>δημιουρ-</span> 
     </span>
    </p>
   </div>
   <div class='ocr_carea' id='block_1_60' title="bbox 2296 2611 3861 2686">
    <p class='ocr_par' dir='ltr' id='par_1_60' title="bbox 2296 2611 3861 2686">
     <span class='ocr_line' id='line_1_60' title="bbox 2296 2611 3861 2686; baseline -0.001 -19"><span class='ocrx_word' id='word_1_387' title='bbox 2296 2619 2413 2686; x_wconf 89' lang='grc' dir='ltr'>γίας</span> <span class='ocrx_word' id='word_1_388' title='bbox 2445 2614 2630 2677; x_wconf 80' lang='grc' dir='ltr'>ἐπίσης</span> <span class='ocrx_word' id='word_1_389' title='bbox 2683 2617 2806 2686; x_wconf 81' lang='grc' dir='ltr'>ἡμῖν</span> <span class='ocrx_word' id='word_1_390' title='bbox 2854 2611 3192 2686; x_wconf 77' lang='grc' dir='ltr'>ἕδογμοίτιζε.</span> <span class='ocrx_word' id='word_1_391' title='bbox 3241 2618 3380 2676; x_wconf 65' lang='grc' dir='ltr'>Τινὲς</span> <span class='ocrx_word' id='word_1_392' title='bbox 3415 2612 3478 2668; x_wconf 76' lang='grc' dir='ltr'><strong>δὲ</strong></span> <span class='ocrx_word' id='word_1_393' title='bbox 3525 2623 3625 2667; x_wconf 89' lang='grc' dir='ltr'><strong>τῶν</strong></span> <span class='ocrx_word' id='word_1_394' title='bbox 3659 2614 3707 2678; x_wconf 79' lang='grc' dir='ltr'><strong>ἐξ</strong></span> <span class='ocrx_word' id='word_1_395' title='bbox 3730 2614 3861 2666; x_wconf 73' lang='grc' dir='ltr'>αὐτοῦ</span> 
     </span>
    </p>
   </div>
   <div class='ocr_carea' id='block_1_61' title="bbox 2297 2703 3859 2778">
    <p class='ocr_par' dir='ltr' id='par_1_61' title="bbox 2297 2703 3859 2778">
     <span class='ocr_line' id='line_1_61' title="bbox 2297 2703 3859 2778; baseline -0.001 -22"><span class='ocrx_word' id='word_1_396' title='bbox 2297 2706 2348 2765; x_wconf 73' lang='grc' dir='ltr'>ἐς</span> <span class='ocrx_word' id='word_1_397' title='bbox 2402 2705 2612 2778; x_wconf 80' lang='grc' dir='ltr'>ὕστερον</span> <span class='ocrx_word' id='word_1_398' title='bbox 2663 2706 2756 2766; x_wconf 81' lang='grc' dir='ltr'><strong>τὰς</strong></span> <span class='ocrx_word' id='word_1_399' title='bbox 2836 2712 2972 2777; x_wconf 83' lang='grc' dir='ltr'>τρεῖς</span> <span class='ocrx_word' id='word_1_400' title='bbox 3027 2713 3118 2764; x_wconf 79' lang='grc' dir='ltr'>τῆς</span> <span class='ocrx_word' id='word_1_401' title='bbox 3179 2706 3421 2766; x_wconf 74' lang='grc' dir='ltr'>θεότητος</span> <span class='ocrx_word' id='word_1_402' title='bbox 3473 2706 3779 2766; x_wconf 77' lang='grc' dir='ltr'>ὑποστάσεις</span> <span class='ocrx_word' id='word_1_403' title='bbox 3821 2703 3859 2755; x_wconf 76' lang='grc' dir='ltr'>ἓν</span> 
     </span>
    </p>
   </div>
   <div class='ocr_carea' id='block_1_62' title="bbox 2297 2789 3861 2866">
    <p class='ocr_par' dir='ltr' id='par_1_62' title="bbox 2297 2789 3861 2866">
     <span class='ocr_line' id='line_1_62' title="bbox 2297 2789 3861 2866; baseline -0.001 -21"><span class='ocrx_word' id='word_1_404' title='bbox 2297 2789 2426 2846; x_wconf 80' lang='grc' dir='ltr'>εἶναι</span> <span class='ocrx_word' id='word_1_405' title='bbox 2473 2790 2748 2858; x_wconf 72' lang='grc' dir='ltr'>ἐδόξασαν,</span> <span class='ocrx_word' id='word_1_406' title='bbox 2804 2796 2891 2846; x_wconf 86' lang='grc' dir='ltr'><strong>τόν</strong></span> <span class='ocrx_word' id='word_1_407' title='bbox 2921 2792 3076 2846; x_wconf 76' lang='grc' dir='ltr'>αὐτὸν</span> <span class='ocrx_word' id='word_1_408' title='bbox 3106 2792 3338 2864; x_wconf 81' lang='grc' dir='ltr'>λέγοντες</span> <span class='ocrx_word' id='word_1_409' title='bbox 3366 2789 3501 2846; x_wconf 85' lang='grc' dir='ltr'>εἶναι</span> <span class='ocrx_word' id='word_1_410' title='bbox 3557 2799 3645 2846; x_wconf 87' lang='grc' dir='ltr'>καὶ</span> <span class='ocrx_word' id='word_1_411' title='bbox 3685 2796 3861 2866; x_wconf 74' lang='grc' dir='ltr'>Πατέρα</span> 
     </span>
    </p>
   </div>
   <div class='ocr_carea' id='block_1_63' title="bbox 2295 2881 3859 2955">
    <p class='ocr_par' dir='ltr' id='par_1_63' title="bbox 2295 2881 3859 2955">
     <span class='ocr_line' id='line_1_63' title="bbox 2295 2881 3859 2955; baseline -0.001 -21"><span class='ocrx_word' id='word_1_412' title='bbox 2295 2887 2386 2934; x_wconf 82' lang='grc' dir='ltr'>καὶ</span> <span class='ocrx_word' id='word_1_413' title='bbox 2431 2884 2550 2935; x_wconf 86' lang='grc' dir='ltr'>Υἱὸν</span> <span class='ocrx_word' id='word_1_414' title='bbox 2603 2887 2692 2934; x_wconf 83' lang='grc' dir='ltr'>καὶ</span> <span class='ocrx_word' id='word_1_415' title='bbox 2740 2882 2888 2954; x_wconf 77' lang='grc' dir='ltr'>ἅγιον</span> <span class='ocrx_word' id='word_1_416' title='bbox 2949 2889 3158 2954; x_wconf 77' lang='grc' dir='ltr'>Πνεῦμα</span> <span class='ocrx_word' id='word_1_417' title='bbox 3189 2901 3204 2916; x_wconf 75' lang='grc' dir='ltr'><strong>ο</strong></span> <span class='ocrx_word' id='word_1_418' title='bbox 3263 2881 3316 2946; x_wconf 80' lang='grc' dir='ltr'><strong>ἐξ</strong></span> <span class='ocrx_word' id='word_1_419' title='bbox 3359 2883 3426 2934; x_wconf 82' lang='grc' dir='ltr'>ὧν</span> <span class='ocrx_word' id='word_1_420' title='bbox 3479 2901 3611 2955; x_wconf 72' lang='grc' dir='ltr'>φασι</span> <span class='ocrx_word' id='word_1_421' title='bbox 3673 2887 3752 2934; x_wconf 79' lang='grc' dir='ltr'>καὶ</span> <span class='ocrx_word' id='word_1_422' title='bbox 3791 2885 3859 2934; x_wconf 73' lang='grc' dir='ltr'>τὸν</span> 
     </span>
    </p>
   </div>
   <div class='ocr_carea' id='block_1_64' title="bbox 2295 2970 3862 3045">
    <p class='ocr_par' dir='ltr' id='par_1_64' title="bbox 2295 2970 3862 3045">
     <span class='ocr_line' id='line_1_64' title="bbox 2295 2970 3862 3045; baseline -0.002 -20"><span class='ocrx_word' id='word_1_423' title='bbox 2295 2971 2459 3026; x_wconf 83' lang='grc' dir='ltr'>Λίϐυν</span> <span class='ocrx_word' id='word_1_424' title='bbox 2517 2970 2782 3024; x_wconf 77' lang='grc' dir='ltr'>Σαϐίλλιον</span> <span class='ocrx_word' id='word_1_425' title='bbox 2821 2974 2915 3034; x_wconf 81' lang='grc' dir='ltr'>τὰς</span> <span class='ocrx_word' id='word_1_426' title='bbox 2951 2979 3046 3032; x_wconf 80' lang='grc' dir='ltr'>τῆς</span> <span class='ocrx_word' id='word_1_427' title='bbox 3099 2973 3340 3045; x_wconf 81' lang='grc' dir='ltr'>αἱρέσεως</span> <span class='ocrx_word' id='word_1_428' title='bbox 3389 2970 3566 3045; x_wconf 81' lang='grc' dir='ltr'>ἀρχὰς</span> <span class='ocrx_word' id='word_1_429' title='bbox 3619 2971 3862 3044; x_wconf 79' lang='grc' dir='ltr'>ἐκπορίσα-</span> 
     </span>
    </p>
   </div>
   <div class='ocr_carea' id='block_1_65' title="bbox 540 3057 2181 3138">
    <p class='ocr_par' dir='ltr' id='par_1_65' title="bbox 540 3059 2180 3131">
     <span class='ocr_line' id='line_1_65' title="bbox 540 3059 2180 3131; baseline -0.007 -5"><span class='ocrx_word' id='word_1_430' title='bbox 540 3068 744 3126; x_wconf 88' lang='lat' dir='ltr'><strong>nitatis</strong></span> <span class='ocrx_word' id='word_1_431' title='bbox 802 3059 1228 3120; x_wconf 89' lang='lat' dir='ltr'><strong>subsistentias</strong></span> <span class='ocrx_word' id='word_1_432' title='bbox 1285 3073 1474 3112; x_wconf 91' lang='lat' dir='ltr'><strong>unum</strong></span> <span class='ocrx_word' id='word_1_433' title='bbox 1533 3073 1661 3112; x_wconf 89' lang='lat' dir='ltr'><strong>esse</strong></span> <span class='ocrx_word' id='word_1_434' title='bbox 1713 3063 1848 3112; x_wconf 81' lang='lat' dir='ltr'><strong>sunt</strong></span> <span class='ocrx_word' id='word_1_435' title='bbox 1899 3061 2124 3131; x_wconf 87' lang='lat' dir='ltr'><strong>opinati</strong></span> <span class='ocrx_word' id='word_1_436' title='bbox 2167 3081 2180 3121; x_wconf 90' lang='lat'><strong>:</strong></span> 
     </span>
    </p>
   </div>
   <div class='ocr_carea' id='block_1_66' title="bbox 2291 3057 3862 3138">
    <p class='ocr_par' dir='ltr' id='par_1_66' title="bbox 2297 3057 3862 3132">
     <span class='ocr_line' id='line_1_66' title="bbox 2297 3057 3862 3132; baseline -0.001 -18"><span class='ocrx_word' id='word_1_437' title='bbox 2297 3063 2440 3115; x_wconf 87' lang='grc' dir='ltr'>σθαι.</span> <span class='ocrx_word' id='word_1_438' title='bbox 2485 3063 2551 3114; x_wconf 85' lang='grc' dir='ltr'>Οἱ</span> <span class='ocrx_word' id='word_1_439' title='bbox 2583 3057 2641 3114; x_wconf 72' lang='grc' dir='ltr'>δε</span> <span class='ocrx_word' id='word_1_440' title='bbox 2671 3068 2761 3122; x_wconf 72' lang='grc' dir='ltr'>τῆς</span> <span class='ocrx_word' id='word_1_441' title='bbox 2796 3059 2896 3114; x_wconf 73' lang='grc' dir='ltr'><strong>ἀπὸ</strong></span> <span class='ocrx_word' id='word_1_442' title='bbox 2927 3067 3019 3114; x_wconf 81' lang='grc' dir='ltr'>τοῦ</span> <span class='ocrx_word' id='word_1_443' title='bbox 3048 3067 3315 3115; x_wconf 82' lang='grc' dir='ltr'>Μοντανοῡ</span> <span class='ocrx_word' id='word_1_444' title='bbox 3347 3057 3708 3122; x_wconf 78' lang='grc' dir='ltr'>διδασκαλίας</span> <span class='ocrx_word' id='word_1_445' title='bbox 3741 3059 3862 3132; x_wconf 74' lang='grc' dir='ltr'>ἐξηρ-</span> 
     </span>
    </p>
   </div>
   <div class='ocr_carea' id='block_1_67' title="bbox 537 3145 2181 3220">
    <p class='ocr_par' dir='ltr' id='par_1_67' title="bbox 537 3145 2181 3220">
     <span class='ocr_line' id='line_1_67' title="bbox 537 3145 2181 3220; baseline -0.006 -5"><span class='ocrx_word' id='word_1_446' title='bbox 537 3156 824 3215; x_wconf 90' lang='lat' dir='ltr'><strong>eumdem</strong></span> <span class='ocrx_word' id='word_1_447' title='bbox 853 3167 984 3208; x_wconf 88' lang='lat' dir='ltr'><strong>esse</strong></span> <span class='ocrx_word' id='word_1_448' title='bbox 1039 3151 1297 3212; x_wconf 84' lang='lat' dir='ltr'><strong>Patrem,</strong></span> <span class='ocrx_word' id='word_1_449' title='bbox 1362 3151 1417 3201; x_wconf 89' lang='lat' dir='ltr'><strong>et</strong></span> <span class='ocrx_word' id='word_1_450' title='bbox 1476 3145 1707 3214; x_wconf 85' lang='lat' dir='ltr'><strong>Filium,</strong></span> <span class='ocrx_word' id='word_1_451' title='bbox 1785 3153 1841 3202; x_wconf 88' lang='lat' dir='ltr'><strong>et</strong></span> <span class='ocrx_word' id='word_1_452' title='bbox 1903 3149 2181 3220; x_wconf 88' lang='lat' dir='ltr'><strong>Spiritum</strong></span> 
     </span>
    </p>
   </div>
   <div class='ocr_carea' id='block_1_68' title="bbox 535 3235 2180 3309">
    <p class='ocr_par' dir='ltr' id='par_1_68' title="bbox 535 3235 2180 3309">
     <span class='ocr_line' id='line_1_68' title="bbox 535 3235 2180 3309; baseline -0.005 -6"><span class='ocrx_word' id='word_1_453' title='bbox 535 3250 835 3309; x_wconf 87' lang='lat' dir='ltr'><strong>sanctum,</strong></span> <span class='ocrx_word' id='word_1_454' title='bbox 871 3241 1136 3296; x_wconf 88' lang='lat' dir='ltr'><strong>dicentes</strong></span> <span class='ocrx_word' id='word_1_455' title='bbox 1167 3255 1181 3292; x_wconf 88' lang='lat'><strong>:</strong></span> <span class='ocrx_word' id='word_1_456' title='bbox 1220 3235 1376 3290; x_wconf 87' lang='lat' dir='ltr'><strong>unde</strong></span> <span class='ocrx_word' id='word_1_457' title='bbox 1408 3235 1583 3290; x_wconf 89' lang='lat' dir='ltr'><strong>etiam</strong></span> <span class='ocrx_word' id='word_1_458' title='bbox 1627 3235 1949 3292; x_wconf 91' lang='lat' dir='ltr'><strong>Sabellium</strong></span> <span class='ocrx_word' id='word_1_459' title='bbox 1981 3238 2180 3295; x_wconf 85' lang='lat' dir='ltr'><strong>Afrum</strong></span> 
     </span>
    </p>
   </div>
   <div class='ocr_carea' id='block_1_69' title="bbox 533 3323 2183 3409">
    <p class='ocr_par' dir='ltr' id='par_1_69' title="bbox 533 3323 2183 3409">
     <span class='ocr_line' id='line_1_69' title="bbox 533 3323 2183 3409; baseline -0.004 -18"><span class='ocrx_word' id='word_1_460' title='bbox 533 3333 830 3409; x_wconf 88' lang='lat' dir='ltr'><strong>principia</strong></span> <span class='ocrx_word' id='word_1_461' title='bbox 853 3327 1102 3386; x_wconf 64' lang='lat' dir='ltr'><strong>haeresis</strong></span> <span class='ocrx_word' id='word_1_462' title='bbox 1125 3342 1247 3382; x_wconf 66' lang='lat' dir='ltr'><strong>suae</strong></span> <span class='ocrx_word' id='word_1_463' title='bbox 1279 3325 1610 3397; x_wconf 87' lang='lat' dir='ltr'><strong>sumpsisse</strong></span> <span class='ocrx_word' id='word_1_464' title='bbox 1639 3323 1852 3380; x_wconf 89' lang='lat' dir='ltr'><strong>ferunt.</strong></span> <span class='ocrx_word' id='word_1_465' title='bbox 1877 3329 2054 3383; x_wconf 89' lang='lat' dir='ltr'><strong>Porro</strong></span> <span class='ocrx_word' id='word_1_466' title='bbox 2080 3329 2183 3400; x_wconf 90' lang='lat' dir='ltr'><strong>qui</strong></span> 
     </span>
    </p>
   </div>
   <div class='ocr_carea' id='block_1_70' title="bbox 531 3413 2181 3490">
    <p class='ocr_par' dir='ltr' id='par_1_70' title="bbox 531 3413 2181 3490">
     <span class='ocr_line' id='line_1_70' title="bbox 531 3413 2181 3490; baseline -0.006 -7"><span class='ocrx_word' id='word_1_467' title='bbox 531 3423 792 3484; x_wconf 83' lang='lat' dir='ltr'><strong>Montani</strong></span> <span class='ocrx_word' id='word_1_468' title='bbox 819 3417 1204 3490; x_wconf 89' lang='lat' dir='ltr'><strong>disciplinam</strong></span> <span class='ocrx_word' id='word_1_469' title='bbox 1233 3413 1414 3470; x_wconf 91' lang='lat' dir='ltr'><strong>secuti</strong></span> <span class='ocrx_word' id='word_1_470' title='bbox 1439 3419 1594 3479; x_wconf 89' lang='lat' dir='ltr'><strong>sunt,</strong></span> <span class='ocrx_word' id='word_1_471' title='bbox 1621 3414 1986 3472; x_wconf 73' lang='lat' dir='ltr'><strong>Montanistas</strong></span> <span class='ocrx_word' id='word_1_472' title='bbox 2004 3417 2081 3472; x_wconf 89' lang='lat' dir='ltr'><strong>ab</strong></span> <span class='ocrx_word' id='word_1_473' title='bbox 2111 3433 2181 3474; x_wconf 89' lang='lat' dir='ltr'><strong>eo</strong></span> 
     </span>
    </p>
   </div>
   <div class='ocr_carea' id='block_1_71' title="bbox 531 3503 2182 3576">
    <p class='ocr_par' dir='ltr' id='par_1_71' title="bbox 531 3503 2182 3576">
     <span class='ocr_line' id='line_1_71' title="bbox 531 3503 2182 3576; baseline -0.014 -5"><span class='ocrx_word' id='word_1_474' title='bbox 531 3514 840 3571; x_wconf 88' lang='lat' dir='ltr'><strong>dicuntur.</strong></span> <span class='ocrx_word' id='word_1_475' title='bbox 883 3507 1143 3565; x_wconf 89' lang='lat' dir='ltr'><strong>Vocatur</strong></span> <span class='ocrx_word' id='word_1_476' title='bbox 1175 3519 1418 3576; x_wconf 90' lang='lat' dir='ltr'><strong>quoque</strong></span> <span class='ocrx_word' id='word_1_477' title='bbox 1469 3503 1900 3575; x_wconf 87' lang='lat' dir='ltr'><strong>Cataphrygas,</strong></span> <span class='ocrx_word' id='word_1_478' title='bbox 1935 3521 2040 3562; x_wconf 89' lang='lat' dir='ltr'><strong>seu</strong></span> <span class='ocrx_word' id='word_1_479' title='bbox 2093 3522 2182 3562; x_wconf 87' lang='lat' dir='ltr'><strong>se.</strong></span> 
     </span>
    </p>
   </div>
   <div class='ocr_carea' id='block_1_72' title="bbox 531 3591 2176 3670">
    <p class='ocr_par' dir='ltr' id='par_1_72' title="bbox 531 3591 2176 3670">
     <span class='ocr_line' id='line_1_72' title="bbox 531 3591 2176 3670; baseline -0.005 -10"><span class='ocrx_word' id='word_1_480' title='bbox 531 3603 804 3661; x_wconf 91' lang='lat' dir='ltr'><strong>cundum</strong></span> <span class='ocrx_word' id='word_1_481' title='bbox 855 3597 1120 3670; x_wconf 84' lang='lat' dir='ltr'><strong>Phryges</strong></span> <span class='ocrx_word' id='word_1_482' title='bbox 1159 3594 1431 3658; x_wconf 67' lang='lat' dir='ltr'><strong>haeresis,</strong></span> <span class='ocrx_word' id='word_1_483' title='bbox 1469 3591 1547 3647; x_wconf 88' lang='lat' dir='ltr'><strong>ab</strong></span> <span class='ocrx_word' id='word_1_484' title='bbox 1575 3593 1705 3663; x_wconf 89' lang='lat' dir='ltr'><strong>ipsa</strong></span> <span class='ocrx_word' id='word_1_485' title='bbox 1732 3598 1903 3662; x_wconf 89' lang='lat' dir='ltr'><strong>gente</strong></span> <span class='ocrx_word' id='word_1_486' title='bbox 1936 3595 2176 3652; x_wconf 85' lang='lat' dir='ltr'><strong>scilicet.</strong></span> 
     </span>
    </p>
   </div>
   <div class='ocr_carea' id='block_1_73' title="bbox 530 3681 2178 3765">
    <p class='ocr_par' dir='ltr' id='par_1_73' title="bbox 530 3681 2178 3765">
     <span class='ocr_line' id='line_1_73' title="bbox 530 3681 2178 3765; baseline -0.005 -16"><span class='ocrx_word' id='word_1_487' title='bbox 530 3690 923 3765; x_wconf 81' lang='lat' dir='ltr'><strong>Appellantur</strong></span> <span class='ocrx_word' id='word_1_488' title='bbox 991 3685 1170 3740; x_wconf 92' lang='lat' dir='ltr'><strong>etiam</strong></span> <span class='ocrx_word' id='word_1_489' title='bbox 1228 3681 1547 3754; x_wconf 89' lang='lat' dir='ltr'><strong>Pepuziani</strong></span> <span class='ocrx_word' id='word_1_490' title='bbox 1614 3697 1651 3737; x_wconf 89' lang='lat' dir='ltr'><strong>a</strong></span> <span class='ocrx_word' id='word_1_491' title='bbox 1715 3682 1846 3737; x_wconf 90' lang='lat' dir='ltr'><strong>vico</strong></span> <span class='ocrx_word' id='word_1_492' title='bbox 1886 3684 2178 3756; x_wconf 87' lang='lat' dir='ltr'><strong>quodam,</strong></span> 
     </span>
    </p>
   </div>
   <div class='ocr_carea' id='block_1_74' title="bbox 523 3769 2178 3855">
    <p class='ocr_par' dir='ltr' id='par_1_74' title="bbox 523 3769 2178 3855">
     <span class='ocr_line' id='line_1_74' title="bbox 523 3769 2178 3855; baseline -0.004 -18"><span class='ocrx_word' id='word_1_493' title='bbox 523 3797 710 3855; x_wconf 87' lang='lat' dir='ltr'><strong>quem</strong></span> <span class='ocrx_word' id='word_1_494' title='bbox 762 3777 856 3833; x_wconf 86' lang='lat' dir='ltr'><strong>ille</strong></span> <span class='ocrx_word' id='word_1_495' title='bbox 907 3773 1238 3831; x_wconf 84' lang='lat' dir='ltr'><strong>Jerusalem</strong></span> <span class='ocrx_word' id='word_1_496' title='bbox 1286 3787 1497 3827; x_wconf 88' lang='lat' dir='ltr'><strong>vocare</strong></span> <span class='ocrx_word' id='word_1_497' title='bbox 1545 3769 1754 3826; x_wconf 87' lang='lat' dir='ltr'><strong>solitus</strong></span> <span class='ocrx_word' id='word_1_498' title='bbox 1807 3777 1958 3829; x_wconf 88' lang='lat' dir='ltr'><strong>erat.</strong></span> <span class='ocrx_word' id='word_1_499' title='bbox 1999 3773 2178 3846; x_wconf 78' lang='lat'><strong>320</strong></span> 
     </span>
    </p>
   </div>
   <div class='ocr_carea' id='block_1_75' title="bbox 522 3860 2175 3932">
    <p class='ocr_par' dir='ltr' id='par_1_75' title="bbox 522 3860 2175 3932">
     <span class='ocr_line' id='line_1_75' title="bbox 522 3860 2175 3932; baseline -0.004 -5"><span class='ocrx_word' id='word_1_500' title='bbox 522 3869 795 3927; x_wconf 71' lang='lat' dir='ltr'><strong>Priscillae</strong></span> <span class='ocrx_word' id='word_1_501' title='bbox 846 3880 990 3921; x_wconf 88' lang='lat' dir='ltr'><strong>vero</strong></span> <span class='ocrx_word' id='word_1_502' title='bbox 1045 3867 1104 3918; x_wconf 85' lang='lat' dir='ltr'><strong>et</strong></span> <span class='ocrx_word' id='word_1_503' title='bbox 1139 3860 1472 3918; x_wconf 65' lang='lat' dir='ltr'><strong>Maximilla;</strong></span> <span class='ocrx_word' id='word_1_504' title='bbox 1526 3861 1902 3932; x_wconf 89' lang='lat' dir='ltr'><strong>prophetiam</strong></span> <span class='ocrx_word' id='word_1_505' title='bbox 1959 3862 2074 3918; x_wconf 86' lang='lat' dir='ltr'><strong>ﬁde</strong></span> <span class='ocrx_word' id='word_1_506' title='bbox 2119 3871 2175 3920; x_wconf 92' lang='lat' dir='ltr'><strong>et</strong></span> 
     </span>
    </p>
   </div>
   <div class='ocr_carea' id='block_1_76' title="bbox 2293 3148 3859 3222">
    <p class='ocr_par' dir='ltr' id='par_1_76' title="bbox 2293 3148 3859 3222">
     <span class='ocr_line' id='line_1_76' title="bbox 2293 3148 3859 3222; baseline -0.002 -19"><span class='ocrx_word' id='word_1_507' title='bbox 2293 3154 2504 3221; x_wconf 80' lang='grc' dir='ltr'>τημένοι</span> <span class='ocrx_word' id='word_1_508' title='bbox 2573 3149 2852 3202; x_wconf 81' lang='grc' dir='ltr'>καλοῦνται</span> <span class='ocrx_word' id='word_1_509' title='bbox 2925 3153 3016 3222; x_wconf 69' lang='grc' dir='ltr'><strong>μὲν</strong></span> <span class='ocrx_word' id='word_1_510' title='bbox 3067 3148 3168 3202; x_wconf 80' lang='grc' dir='ltr'>ἀπὸ</span> <span class='ocrx_word' id='word_1_511' title='bbox 3243 3151 3430 3202; x_wconf 86' lang='grc' dir='ltr'>τούτου</span> <span class='ocrx_word' id='word_1_512' title='bbox 3495 3154 3859 3204; x_wconf 84' lang='grc' dir='ltr'>Μοντανισταί·</span> 
     </span>
    </p>
   </div>
   <div class='ocr_carea' id='block_1_77' title="bbox 2291 3235 3858 3312">
    <p class='ocr_par' dir='ltr' id='par_1_77' title="bbox 2291 3235 3858 3312">
     <span class='ocr_line' id='line_1_77' title="bbox 2291 3235 3858 3312; baseline -0.002 -21"><span class='ocrx_word' id='word_1_513' title='bbox 2291 3239 2568 3292; x_wconf 84' lang='grc' dir='ltr'>καλοῦνται</span> <span class='ocrx_word' id='word_1_514' title='bbox 2643 3235 2701 3291; x_wconf 77' lang='grc' dir='ltr'>δε</span> <span class='ocrx_word' id='word_1_515' title='bbox 2765 3243 2856 3291; x_wconf 78' lang='grc' dir='ltr'>καὶ</span> <span class='ocrx_word' id='word_1_516' title='bbox 2907 3241 3042 3292; x_wconf 85' lang='grc' dir='ltr'>κατὰ</span> <span class='ocrx_word' id='word_1_517' title='bbox 3111 3242 3316 3312; x_wconf 85' lang='grc' dir='ltr'>Φρύγας</span> <span class='ocrx_word' id='word_1_518' title='bbox 3386 3241 3590 3312; x_wconf 80' lang='grc' dir='ltr'>αἵρεσις</span> <span class='ocrx_word' id='word_1_519' title='bbox 3646 3239 3742 3292; x_wconf 77' lang='grc' dir='ltr'><strong>ἀπὸ</strong></span> <span class='ocrx_word' id='word_1_520' title='bbox 3783 3245 3858 3290; x_wconf 76' lang='grc' dir='ltr'>τοῦ</span> 
     </span>
    </p>
   </div>
   <div class='ocr_carea' id='block_1_78' title="bbox 2290 3325 3860 3402">
    <p class='ocr_par' dir='ltr' id='par_1_78' title="bbox 2290 3325 3860 3402">
     <span class='ocr_line' id='line_1_78' title="bbox 2290 3325 3860 3402; baseline -0.002 -21"><span class='ocrx_word' id='word_1_521' title='bbox 2290 3329 2466 3390; x_wconf 79' lang='grc' dir='ltr'>ἔθνους</span> <span class='ocrx_word' id='word_1_522' title='bbox 2496 3347 2508 3359; x_wconf 91' lang='grc'><strong>·</strong></span> <span class='ocrx_word' id='word_1_523' title='bbox 2570 3331 2917 3391; x_wconf 83' lang='grc' dir='ltr'>Πεπουζιανοὶ</span> <span class='ocrx_word' id='word_1_524' title='bbox 2961 3325 3020 3381; x_wconf 73' lang='grc' dir='ltr'><strong>δὲ</strong></span> <span class='ocrx_word' id='word_1_525' title='bbox 3059 3327 3160 3381; x_wconf 79' lang='grc' dir='ltr'><strong>ἀπὸ</strong></span> <span class='ocrx_word' id='word_1_526' title='bbox 3207 3337 3298 3388; x_wconf 80' lang='grc' dir='ltr'>τῆς</span> <span class='ocrx_word' id='word_1_527' title='bbox 3345 3335 3553 3401; x_wconf 77' lang='grc' dir='ltr'>κώμης,</span> <span class='ocrx_word' id='word_1_528' title='bbox 3604 3331 3664 3386; x_wconf 77' lang='grc' dir='ltr'>ἣν</span> <span class='ocrx_word' id='word_1_529' title='bbox 3705 3328 3860 3402; x_wconf 80' lang='grc' dir='ltr'>Ἰερου-</span> 
     </span>
    </p>
   </div>
   <div class='ocr_carea' id='block_1_79' title="bbox 2291 3415 3861 3492">
    <p class='ocr_par' dir='ltr' id='par_1_79' title="bbox 2291 3415 3861 3492">
     <span class='ocr_line' id='line_1_79' title="bbox 2291 3415 3861 3492; baseline 0 -22"><span class='ocrx_word' id='word_1_530' title='bbox 2291 3419 2466 3491; x_wconf 77' lang='grc' dir='ltr'>σαλὴμ</span> <span class='ocrx_word' id='word_1_531' title='bbox 2508 3418 2698 3482; x_wconf 73' lang='grc' dir='ltr'>ἐκεῖνος</span> <span class='ocrx_word' id='word_1_532' title='bbox 2745 3419 3026 3491; x_wconf 85' lang='grc' dir='ltr'>ὠνόμασεν.</span> <span class='ocrx_word' id='word_1_533' title='bbox 3069 3421 3138 3474; x_wconf 83' lang='grc' dir='ltr'><strong>Αἰ</strong></span> <span class='ocrx_word' id='word_1_534' title='bbox 3189 3415 3246 3472; x_wconf 76' lang='grc' dir='ltr'><strong>δὲ</strong></span> <span class='ocrx_word' id='word_1_535' title='bbox 3299 3427 3394 3481; x_wconf 79' lang='grc' dir='ltr'>τῆς</span> <span class='ocrx_word' id='word_1_536' title='bbox 3439 3419 3754 3492; x_wconf 83' lang='grc' dir='ltr'>Πρισκιλλης</span> <span class='ocrx_word' id='word_1_537' title='bbox 3789 3422 3861 3471; x_wconf 81' lang='grc' dir='ltr'>καὶ</span> 
     </span>
    </p>
   </div>
   <div class='ocr_carea' id='block_1_80' title="bbox 2289 3507 3858 3583">
    <p class='ocr_par' dir='ltr' id='par_1_80' title="bbox 2289 3507 3858 3583">
     <span class='ocr_line' id='line_1_80' title="bbox 2289 3507 3858 3583; baseline -0.003 -21"><span class='ocrx_word' id='word_1_538' title='bbox 2289 3507 2616 3581; x_wconf 82' lang='grc' dir='ltr'>Μαξιμίλλης</span> <span class='ocrx_word' id='word_1_539' title='bbox 2673 3514 2984 3583; x_wconf 75' lang='grc' dir='ltr'>προφητεῖαι</span> <span class='ocrx_word' id='word_1_540' title='bbox 3035 3507 3162 3582; x_wconf 60' lang='grc' dir='ltr'>ὑπὲρ</span> <span class='ocrx_word' id='word_1_541' title='bbox 3241 3509 3299 3560; x_wconf 83' lang='grc' dir='ltr'><strong>τό</strong></span> <span class='ocrx_word' id='word_1_542' title='bbox 3383 3510 3520 3562; x_wconf 83' lang='grc' dir='ltr'>θεῖον</span> <span class='ocrx_word' id='word_1_543' title='bbox 3577 3507 3858 3580; x_wconf 76' lang='grc' dir='ltr'>Εύαγγέλιον</span> 
     </span>
    </p>
   </div>
   <div class='ocr_carea' id='block_1_81' title="bbox 2288 3597 3862 3672">
    <p class='ocr_par' dir='ltr' id='par_1_81' title="bbox 2288 3597 3862 3672">
     <span class='ocr_line' id='line_1_81' title="bbox 2288 3597 3862 3672; baseline -0.002 -21"><span class='ocrx_word' id='word_1_544' title='bbox 2288 3599 2410 3670; x_wconf 74' lang='grc' dir='ltr'>παρ’</span> <span class='ocrx_word' id='word_1_545' title='bbox 2451 3598 2631 3660; x_wconf 81' lang='grc' dir='ltr'>αὐτοῖς</span> <span class='ocrx_word' id='word_1_546' title='bbox 2688 3606 2962 3670; x_wconf 79' lang='grc' dir='ltr'>τιμῶνται.</span> <span class='ocrx_word' id='word_1_547' title='bbox 3014 3601 3140 3672; x_wconf 84' lang='grc' dir='ltr'>Περί</span> <span class='ocrx_word' id='word_1_548' title='bbox 3191 3615 3252 3670; x_wconf 88' lang='grc' dir='ltr'><strong>γε</strong></span> <span class='ocrx_word' id='word_1_549' title='bbox 3305 3601 3409 3669; x_wconf 77' lang='grc' dir='ltr'><strong>μὴν</strong></span> <span class='ocrx_word' id='word_1_550' title='bbox 3453 3607 3558 3651; x_wconf 85' lang='grc' dir='ltr'><strong>τῶν</strong></span> <span class='ocrx_word' id='word_1_551' title='bbox 3612 3597 3660 3651; x_wconf 80' lang='grc' dir='ltr'>ἒν</span> <span class='ocrx_word' id='word_1_552' title='bbox 3711 3597 3862 3656; x_wconf 71' lang='grc' dir='ltr'>αὐτοῖς</span> 
     </span>
    </p>
   </div>
   <div class='ocr_carea' id='block_1_82' title="bbox 2288 3682 3860 3764">
    <p class='ocr_par' dir='ltr' id='par_1_82' title="bbox 2288 3682 3860 3764">
     <span class='ocr_line' id='line_1_82' title="bbox 2288 3682 3860 3764; baseline -0.001 -25"><span class='ocrx_word' id='word_1_553' title='bbox 2288 3693 2594 3764; x_wconf 78' lang='grc' dir='ltr'>μυστηρίων</span> <span class='ocrx_word' id='word_1_554' title='bbox 2641 3690 2770 3748; x_wconf 71' lang='grc' dir='ltr'>τινες</span> <span class='ocrx_word' id='word_1_555' title='bbox 2813 3690 2902 3756; x_wconf 74' lang='grc' dir='ltr'><strong>μὲν</strong></span> <span class='ocrx_word' id='word_1_556' title='bbox 2953 3687 3232 3762; x_wconf 83' lang='grc' dir='ltr'>θρυλλοῦσί</span> <span class='ocrx_word' id='word_1_557' title='bbox 3276 3707 3394 3740; x_wconf 90' lang='grc' dir='ltr'>τινα</span> <span class='ocrx_word' id='word_1_558' title='bbox 3430 3701 3444 3715; x_wconf 84' lang='grc'>⁶</span> <span class='ocrx_word' id='word_1_559' title='bbox 3509 3687 3690 3740; x_wconf 76' lang='grc' dir='ltr'>ἐκεῖνοι</span> <span class='ocrx_word' id='word_1_560' title='bbox 3718 3683 3770 3739; x_wconf 68' lang='grc' dir='ltr'><strong>δὲ</strong></span> <span class='ocrx_word' id='word_1_561' title='bbox 3812 3682 3860 3738; x_wconf 74' lang='grc' dir='ltr'><strong>ού</strong></span> 
     </span>
    </p>
   </div>
   <div class='ocr_carea' id='block_1_83' title="bbox 2290 3774 3862 3852">
    <p class='ocr_par' dir='ltr' id='par_1_83' title="bbox 2290 3774 3862 3852">
     <span class='ocr_line' id='line_1_83' title="bbox 2290 3774 3862 3852; baseline -0.002 -22"><span class='ocrx_word' id='word_1_562' title='bbox 2290 3777 2752 3850; x_wconf 77' lang='grc' dir='ltr'>συνομολογοῦσιν,</span> <span class='ocrx_word' id='word_1_563' title='bbox 2807 3775 2937 3830; x_wconf 83' lang='grc' dir='ltr'><strong>ἀλλὰ</strong></span> <span class='ocrx_word' id='word_1_564' title='bbox 3010 3779 3448 3849; x_wconf 70' lang='grc' dir='ltr'>συκοφαντεῖσθαι</span> <span class='ocrx_word' id='word_1_565' title='bbox 3518 3774 3862 3852; x_wconf 80' lang='grc' dir='ltr'>διισχυρίζον-</span> 
     </span>
    </p>
   </div>
   <div class='ocr_carea' id='block_1_84' title="bbox 2287 3886 2398 3920">
    <p class='ocr_par' dir='ltr' id='par_1_84' title="bbox 2287 3886 2398 3920">
     <span class='ocr_line' id='line_1_84' title="bbox 2287 3886 2398 3920; baseline 0.009 -1"><span class='ocrx_word' id='word_1_566' title='bbox 2287 3886 2398 3920; x_wconf 86' lang='grc' dir='ltr'>ται.</span> 
     </span>
    </p>
   </div>
   <div class='ocr_carea' id='block_1_85' title="bbox 520 3950 3860 4027">
    <p class='ocr_par' dir='ltr' id='par_1_85' title="bbox 520 3950 3860 4027">
     <span class='ocr_line' id='line_1_85' title="bbox 520 3950 3860 4027; baseline -0.002 -10"><span class='ocrx_word' id='word_1_567' title='bbox 520 3957 908 4017; x_wconf 88' lang='lat' dir='ltr'><strong>veneratione</strong></span> <span class='ocrx_word' id='word_1_568' title='bbox 956 3956 1341 4009; x_wconf 89' lang='lat' dir='ltr'><strong>sacrosancto</strong></span> <span class='ocrx_word' id='word_1_569' title='bbox 1391 3950 1713 4021; x_wconf 66' lang='lat' dir='ltr'><strong>praeferunt</strong></span> <span class='ocrx_word' id='word_1_570' title='bbox 1765 3951 2106 4020; x_wconf 87' lang='lat' dir='ltr'><strong>Evangelio.</strong></span> <span class='ocrx_word' id='word_1_571' title='bbox 2167 3956 2246 4010; x_wconf 91' lang='lat' dir='ltr'><strong>De</strong></span> <span class='ocrx_word' id='word_1_572' title='bbox 2297 3953 2668 4026; x_wconf 90' lang='lat' dir='ltr'><strong>quibusdam</strong></span> <span class='ocrx_word' id='word_1_573' title='bbox 2713 3969 2855 4010; x_wconf 89' lang='lat' dir='ltr'><strong>sane</strong></span> <span class='ocrx_word' id='word_1_574' title='bbox 2887 3969 3094 4010; x_wconf 87' lang='lat' dir='ltr'><strong>eorum</strong></span> <span class='ocrx_word' id='word_1_575' title='bbox 3121 3954 3424 4027; x_wconf 89' lang='lat' dir='ltr'><strong>mysteriis</strong></span> <span class='ocrx_word' id='word_1_576' title='bbox 3453 3953 3724 4011; x_wconf 90' lang='lat' dir='ltr'><strong>nonnulli</strong></span> <span class='ocrx_word' id='word_1_577' title='bbox 3755 3967 3860 4010; x_wconf 91' lang='lat' dir='ltr'><strong>non</strong></span> 
     </span>
    </p>
   </div>
   <div class='ocr_carea' id='block_1_86' title="bbox 522 4039 3858 4123">
    <p class='ocr_par' dir='ltr' id='par_1_86' title="bbox 522 4039 3858 4123">
     <span class='ocr_line' id='line_1_86' title="bbox 522 4039 3858 4123; baseline -0.002 -18"><span class='ocrx_word' id='word_1_578' title='bbox 522 4063 722 4123; x_wconf 88' lang='lat' dir='ltr'><strong>pauca</strong></span> <span class='ocrx_word' id='word_1_579' title='bbox 777 4044 1117 4115; x_wconf 86' lang='lat' dir='ltr'><strong>vulgarunt,</strong></span> <span class='ocrx_word' id='word_1_580' title='bbox 1177 4057 1312 4113; x_wconf 58' lang='lat' dir='ltr'><strong>quas</strong></span> <span class='ocrx_word' id='word_1_581' title='bbox 1365 4039 1446 4095; x_wconf 89' lang='lat' dir='ltr'><strong>illi</strong></span> <span class='ocrx_word' id='word_1_582' title='bbox 1505 4055 1628 4095; x_wconf 90' lang='lat' dir='ltr'><strong>non</strong></span> <span class='ocrx_word' id='word_1_583' title='bbox 1677 4047 2036 4110; x_wconf 87' lang='lat' dir='ltr'><strong>agnoscunt,</strong></span> <span class='ocrx_word' id='word_1_584' title='bbox 2097 4043 2528 4116; x_wconf 85' lang='lat' dir='ltr'><strong>sycophantice</strong></span> <span class='ocrx_word' id='word_1_585' title='bbox 2583 4059 2654 4100; x_wconf 90' lang='lat' dir='ltr'><strong>ea</strong></span> <span class='ocrx_word' id='word_1_586' title='bbox 2703 4043 2992 4100; x_wconf 84' lang='lat' dir='ltr'><strong>adversus</strong></span> <span class='ocrx_word' id='word_1_587' title='bbox 3051 4059 3113 4100; x_wconf 89' lang='lat' dir='ltr'><strong>se</strong></span> <span class='ocrx_word' id='word_1_588' title='bbox 3173 4045 3512 4115; x_wconf 83' lang='lat' dir='ltr'><strong>excogitata</strong></span> <span class='ocrx_word' id='word_1_589' title='bbox 3543 4059 3673 4102; x_wconf 86' lang='lat' dir='ltr'><strong>esse</strong></span> <span class='ocrx_word' id='word_1_590' title='bbox 3723 4041 3858 4100; x_wconf 68' lang='lat' dir='ltr'><strong>adir-</strong></span> 
     </span>
    </p>
   </div>
   <div class='ocr_carea' id='block_1_87' title="bbox 525 4137 778 4192">
    <p class='ocr_par' dir='ltr' id='par_1_87' title="bbox 525 4137 778 4192">
     <span class='ocr_line' id='line_1_87' title="bbox 525 4137 778 4192; baseline -0.024 0"><span class='ocrx_word' id='word_1_591' title='bbox 525 4137 778 4192; x_wconf 87' lang='lat' dir='ltr'><strong>mantes.</strong></span> 
     </span>
    </p>
   </div>
   <div class='ocr_carea' id='block_1_88' title="bbox 1119 4249 1566 4308">
    <p class='ocr_par' dir='ltr' id='par_1_88' title="bbox 1119 4249 1566 4308">
     <span class='ocr_line' id='line_1_88' title="bbox 1119 4249 1566 4308; baseline -0.011 0"><span class='ocrx_word' id='word_1_592' title='bbox 1119 4249 1348 4308; x_wconf 87' lang='lat' dir='ltr'><strong>CAPUT</strong></span> <span class='ocrx_word' id='word_1_593' title='bbox 1377 4250 1566 4308; x_wconf 82' lang='lat' dir='ltr'><strong>XXIII.</strong></span> 
     </span>
    </p>
   </div>
   <div class='ocr_carea' id='block_1_89' title="bbox 520 4355 2174 4440">
    <p class='ocr_par' dir='ltr' id='par_1_89' title="bbox 520 4355 2174 4440">
     <span class='ocr_line' id='line_1_89' title="bbox 520 4355 2174 4440; baseline -0.006 -15"><span class='ocrx_word' id='word_1_594' title='bbox 520 4363 608 4424; x_wconf 86' lang='lat' dir='ltr'><strong>De</strong></span> <span class='ocrx_word' id='word_1_595' title='bbox 626 4369 669 4423; x_wconf 87' lang='grc' dir='ltr'><em>Α</em></span> <span class='ocrx_word' id='word_1_596' title='bbox 677 4361 1017 4440; x_wconf 77' lang='lat' dir='ltr'><strong>ppollinam’</strong></span> <span class='ocrx_word' id='word_1_597' title='bbox 1035 4359 1428 4440; x_wconf 66' lang='grc' dir='ltr'>ῌιίεναροιίεα,</span> <span class='ocrx_word' id='word_1_598' title='bbox 1444 4374 1570 4440; x_wconf 68' lang='lat' dir='ltr'><strong>qua?</strong></span> <span class='ocrx_word' id='word_1_599' title='bbox 1581 4355 1864 4440; x_wconf 69' lang='lat' dir='ltr'><strong>iscontra</strong></span> <span class='ocrx_word' id='word_1_600' title='bbox 1885 4355 2174 4431; x_wconf 77' lang='lat' dir='ltr'><strong>ejusmodi</strong></span> 
     </span>
    </p>
   </div>
   <div class='ocr_carea' id='block_1_90' title="bbox 1056 4431 1669 4502">
    <p class='ocr_par' dir='ltr' id='par_1_90' title="bbox 1056 4431 1669 4502">
     <span class='ocr_line' id='line_1_90' title="bbox 1056 4431 1669 4502; baseline -0.002 -14"><span class='ocrx_word' id='word_1_601' title='bbox 1056 4431 1322 4489; x_wconf 69' lang='lat' dir='ltr'><strong>haeresim</strong></span> <span class='ocrx_word' id='word_1_602' title='bbox 1351 4431 1669 4502; x_wconf 81' lang='lat' dir='ltr'><strong>scripserit.</strong></span> 
     </span>
    </p>
   </div>
   <div class='ocr_carea' id='block_1_91' title="bbox 589 4537 2173 4609">
    <p class='ocr_par' dir='ltr' id='par_1_91' title="bbox 589 4537 2173 4609">
     <span class='ocr_line' id='line_1_91' title="bbox 589 4537 2173 4609; baseline 0.001 -15"><span class='ocrx_word' id='word_1_603' title='bbox 589 4537 938 4598; x_wconf 86' lang='lat' dir='ltr'><strong>Luculenter</strong></span> <span class='ocrx_word' id='word_1_604' title='bbox 983 4555 1148 4604; x_wconf 88' lang='lat' dir='ltr'><strong>sane,</strong></span> <span class='ocrx_word' id='word_1_605' title='bbox 1175 4537 1236 4594; x_wconf 93' lang='lat' dir='ltr'><strong>id</strong></span> <span class='ocrx_word' id='word_1_606' title='bbox 1266 4537 1430 4609; x_wconf 90' lang='lat' dir='ltr'><strong>quod</strong></span> <span class='ocrx_word' id='word_1_607' title='bbox 1466 4542 1642 4592; x_wconf 88' lang='lat' dir='ltr'><strong>antea</strong></span> <span class='ocrx_word' id='word_1_608' title='bbox 1668 4537 2000 4604; x_wconf 84' lang='lat' dir='ltr'><strong>retulimus,</strong></span> <span class='ocrx_word' id='word_1_609' title='bbox 2031 4554 2173 4595; x_wconf 83' lang='lat' dir='ltr'><strong>con-</strong></span> 
     </span>
    </p>
   </div>
   <div class='ocr_carea' id='block_1_92' title="bbox 518 4626 2166 4700">
    <p class='ocr_par' dir='ltr' id='par_1_92' title="bbox 518 4626 2166 4700">
     <span class='ocr_line' id='line_1_92' title="bbox 518 4626 2166 4700; baseline 0 -16"><span class='ocrx_word' id='word_1_610' title='bbox 518 4631 608 4686; x_wconf 86' lang='lat' dir='ltr'><strong>tra</strong></span> <span class='ocrx_word' id='word_1_611' title='bbox 633 4629 791 4686; x_wconf 89' lang='lat' dir='ltr'><strong>hanc</strong></span> <span class='ocrx_word' id='word_1_612' title='bbox 829 4635 1055 4686; x_wconf 86' lang='lat' dir='ltr'><strong>sectam</strong></span> <span class='ocrx_word' id='word_1_613' title='bbox 1106 4627 1341 4700; x_wconf 87' lang='lat' dir='ltr'><strong>scripsit</strong></span> <span class='ocrx_word' id='word_1_614' title='bbox 1365 4626 1722 4697; x_wconf 86' lang='lat' dir='ltr'><strong>Apollinaris</strong></span> <span class='ocrx_word' id='word_1_615' title='bbox 1783 4627 2166 4700; x_wconf 87' lang='lat' dir='ltr'><strong>Hierapolita,</strong></span> 
     </span>
    </p>
   </div>
   <div class='ocr_carea' id='block_1_93' title="bbox 513 4715 2167 4791">
    <p class='ocr_par' dir='ltr' id='par_1_93' title="bbox 513 4715 2167 4791">
     <span class='ocr_line' id='line_1_93' title="bbox 513 4715 2167 4791; baseline -0.002 -17"><span class='ocrx_word' id='word_1_616' title='bbox 513 4719 620 4790; x_wconf 88' lang='lat' dir='ltr'><strong>qui</strong></span> <span class='ocrx_word' id='word_1_617' title='bbox 647 4720 844 4774; x_wconf 88' lang='lat' dir='ltr'><strong>statim</strong></span> <span class='ocrx_word' id='word_1_618' title='bbox 875 4720 934 4775; x_wconf 92' lang='lat' dir='ltr'><strong>in</strong></span> <span class='ocrx_word' id='word_1_619' title='bbox 957 4717 1257 4791; x_wconf 89' lang='lat' dir='ltr'><strong>principio</strong></span> <span class='ocrx_word' id='word_1_620' title='bbox 1298 4715 1608 4787; x_wconf 62' lang='lat' dir='ltr'><strong>scriptura;</strong></span> <span class='ocrx_word' id='word_1_621' title='bbox 1636 4732 1758 4771; x_wconf 69' lang='lat' dir='ltr'><strong>sua:</strong></span> <span class='ocrx_word' id='word_1_622' title='bbox 1789 4731 1849 4771; x_wconf 90' lang='lat' dir='ltr'><strong>se</strong></span> <span class='ocrx_word' id='word_1_623' title='bbox 1871 4716 2167 4772; x_wconf 88' lang='lat' dir='ltr'><strong>adversus</strong></span> 
     </span>
    </p>
   </div>
   <div class='ocr_carea' id='block_1_94' title="bbox 513 4804 2165 4880">
    <p class='ocr_par' dir='ltr' id='par_1_94' title="bbox 513 4804 2165 4880">
     <span class='ocr_line' id='line_1_94' title="bbox 513 4804 2165 4880; baseline -0.001 -17"><span class='ocrx_word' id='word_1_624' title='bbox 513 4823 646 4864; x_wconf 88' lang='lat' dir='ltr'><strong>eam</strong></span> <span class='ocrx_word' id='word_1_625' title='bbox 689 4808 1060 4880; x_wconf 89' lang='lat' dir='ltr'><strong>argumentis</strong></span> <span class='ocrx_word' id='word_1_626' title='bbox 1098 4821 1340 4879; x_wconf 90' lang='lat' dir='ltr'><strong>quoque</strong></span> <span class='ocrx_word' id='word_1_627' title='bbox 1391 4810 1447 4860; x_wconf 90' lang='lat' dir='ltr'><strong>et</strong></span> <span class='ocrx_word' id='word_1_628' title='bbox 1477 4804 1986 4862; x_wconf 84' lang='lat' dir='ltr'><strong>confutationibus</strong></span> <span class='ocrx_word' id='word_1_629' title='bbox 2040 4807 2165 4862; x_wconf 89' lang='lat' dir='ltr'><strong>sine</strong></span> 
     </span>
    </p>
   </div>
   <div class='ocr_carea' id='block_1_95' title="bbox 510 4894 2162 4971">
    <p class='ocr_par' dir='ltr' id='par_1_95' title="bbox 510 4894 2162 4971">
     <span class='ocr_line' id='line_1_95' title="bbox 510 4894 2162 4971; baseline 0 -20"><span class='ocrx_word' id='word_1_630' title='bbox 510 4897 732 4968; x_wconf 88' lang='lat' dir='ltr'><strong>scripto</strong></span> <span class='ocrx_word' id='word_1_631' title='bbox 781 4899 1166 4971; x_wconf 86' lang='lat' dir='ltr'><strong>depugnasse</strong></span> <span class='ocrx_word' id='word_1_632' title='bbox 1205 4894 1482 4952; x_wconf 87' lang='lat' dir='ltr'><strong>ostendit.</strong></span> <span class='ocrx_word' id='word_1_633' title='bbox 1537 4894 1778 4950; x_wconf 87' lang='lat' dir='ltr'><strong>Librum</strong></span> <span class='ocrx_word' id='word_1_634' title='bbox 1837 4899 2040 4951; x_wconf 90' lang='lat' dir='ltr'><strong>autem</strong></span> <span class='ocrx_word' id='word_1_635' title='bbox 2086 4895 2162 4951; x_wconf 90' lang='lat' dir='ltr'><strong>ad</strong></span> 
     </span>
    </p>
   </div>
   <div class='ocr_carea' id='block_1_96' title="bbox 509 4985 2163 5060">
    <p class='ocr_par' dir='ltr' id='par_1_96' title="bbox 509 4985 2163 5060">
     <span class='ocr_line' id='line_1_96' title="bbox 509 4985 2163 5060; baseline -0.001 -18"><span class='ocrx_word' id='word_1_636' title='bbox 509 4986 824 5043; x_wconf 80' lang='lat' dir='ltr'><strong>Abercium</strong></span> <span class='ocrx_word' id='word_1_637' title='bbox 858 4986 1182 5060; x_wconf 88' lang='lat' dir='ltr'><strong>quemdam</strong></span> <span class='ocrx_word' id='word_1_638' title='bbox 1211 4985 1462 5057; x_wconf 88' lang='lat' dir='ltr'><strong>scripsit,</strong></span> <span class='ocrx_word' id='word_1_639' title='bbox 1481 4985 1654 5040; x_wconf 89' lang='lat' dir='ltr'><strong>talem</strong></span> <span class='ocrx_word' id='word_1_640' title='bbox 1683 5000 1934 5040; x_wconf 82' lang='lat' dir='ltr'><strong>exorsus</strong></span> <span class='ocrx_word' id='word_1_641' title='bbox 1955 4985 2163 5056; x_wconf 71' lang='lat' dir='ltr'><strong>praefa-</strong></span> 
     </span>
    </p>
   </div>
   <div class='ocr_carea' id='block_1_97' title="bbox 507 5073 2162 5140">
    <p class='ocr_par' dir='ltr' id='par_1_97' title="bbox 507 5073 2162 5140">
     <span class='ocr_line' id='line_1_97' title="bbox 507 5073 2162 5140; baseline -0.001 -8"><span class='ocrx_word' id='word_1_642' title='bbox 507 5075 772 5132; x_wconf 80' lang='lat' dir='ltr'><strong>tionem:</strong></span> <span class='ocrx_word' id='word_1_643' title='bbox 811 5100 832 5128; x_wconf 76' lang='grc' dir='ltr'><strong>ι</strong></span> <span class='ocrx_word' id='word_1_644' title='bbox 887 5075 1246 5132; x_wconf 89' lang='lat' dir='ltr'><strong>Charissime</strong></span> <span class='ocrx_word' id='word_1_645' title='bbox 1285 5074 1496 5129; x_wconf 85' lang='lat' dir='ltr'><strong>Aberci</strong></span> <span class='ocrx_word' id='word_1_646' title='bbox 1544 5073 1826 5140; x_wconf 87' lang='lat' dir='ltr'><strong>Marcelle,</strong></span> <span class='ocrx_word' id='word_1_647' title='bbox 1877 5075 2162 5131; x_wconf 87' lang='lat' dir='ltr'><strong>mandato</strong></span> 
     </span>
    </p>
   </div>
   <div class='ocr_carea' id='block_1_98' title="bbox 507 5161 2158 5240">
    <p class='ocr_par' dir='ltr' id='par_1_98' title="bbox 507 5161 2158 5240">
     <span class='ocr_line' id='line_1_98' title="bbox 507 5161 2158 5240; baseline -0.002 -17"><span class='ocrx_word' id='word_1_648' title='bbox 507 5181 545 5223; x_wconf 82' lang='lat' dir='ltr'><strong>a</strong></span> <span class='ocrx_word' id='word_1_649' title='bbox 583 5170 659 5236; x_wconf 84' lang='lat' dir='ltr'><strong>te,</strong></span> <span class='ocrx_word' id='word_1_650' title='bbox 698 5171 760 5221; x_wconf 93' lang='lat' dir='ltr'><strong>ut</strong></span> <span class='ocrx_word' id='word_1_651' title='bbox 801 5165 1032 5240; x_wconf 89' lang='lat' dir='ltr'><strong>aliquid</strong></span> <span class='ocrx_word' id='word_1_652' title='bbox 1062 5165 1350 5220; x_wconf 88' lang='lat' dir='ltr'><strong>adversus</strong></span> <span class='ocrx_word' id='word_1_653' title='bbox 1377 5161 1718 5228; x_wconf 86' lang='lat' dir='ltr'><strong>Alcibiadis,</strong></span> <span class='ocrx_word' id='word_1_654' title='bbox 1749 5163 2000 5219; x_wconf 87' lang='lat' dir='ltr'><strong>fortasse</strong></span> <span class='ocrx_word' id='word_1_655' title='bbox 2051 5180 2158 5220; x_wconf 87' lang='lat' dir='ltr'><strong>au-</strong></span> 
     </span>
    </p>
   </div>
   <div class='ocr_carea' id='block_1_99' title="bbox 507 5253 2154 5326">
    <p class='ocr_par' dir='ltr' id='par_1_99' title="bbox 507 5253 2154 5326">
     <span class='ocr_line' id='line_1_99' title="bbox 507 5253 2154 5326; baseline -0.001 -15"><span class='ocrx_word' id='word_1_656' title='bbox 507 5261 630 5311; x_wconf 90' lang='lat' dir='ltr'><strong>tem</strong></span> <span class='ocrx_word' id='word_1_657' title='bbox 667 5255 1013 5320; x_wconf 88' lang='lat' dir='ltr'><strong>dicendum,</strong></span> <span class='ocrx_word' id='word_1_658' title='bbox 1061 5253 1316 5310; x_wconf 88' lang='lat' dir='ltr'><strong>Montani</strong></span> <span class='ocrx_word' id='word_1_659' title='bbox 1363 5253 1662 5319; x_wconf 69' lang='lat' dir='ltr'><strong>haeresim,</strong></span> <span class='ocrx_word' id='word_1_660' title='bbox 1706 5268 2154 5326; x_wconf 87' lang='lat' dir='ltr'><strong>componerem,</strong></span> 
     </span>
    </p>
   </div>
   <div class='ocr_carea' id='block_1_100' title="bbox 505 5340 2160 5417">
    <p class='ocr_par' dir='ltr' id='par_1_100' title="bbox 505 5340 2160 5417">
     <span class='ocr_line' id='line_1_100' title="bbox 505 5340 2160 5417; baseline -0.001 -16"><span class='ocrx_word' id='word_1_661' title='bbox 505 5343 855 5417; x_wconf 83' lang='lat' dir='ltr'><strong>aliquandiu</strong></span> <span class='ocrx_word' id='word_1_662' title='bbox 888 5342 1399 5400; x_wconf 87' lang='lat' dir='ltr'><strong>deliberabundus</strong></span> <span class='ocrx_word' id='word_1_663' title='bbox 1429 5347 1486 5398; x_wconf 88' lang='lat' dir='ltr'><strong>et</strong></span> <span class='ocrx_word' id='word_1_664' title='bbox 1531 5340 1817 5398; x_wconf 72' lang='lat' dir='ltr'><strong>haesitans</strong></span> <span class='ocrx_word' id='word_1_665' title='bbox 1840 5359 1936 5398; x_wconf 89' lang='lat' dir='ltr'><strong>me</strong></span> <span class='ocrx_word' id='word_1_666' title='bbox 1976 5345 2160 5399; x_wconf 87' lang='lat' dir='ltr'><strong>conti-</strong></span> 
     </span>
    </p>
   </div>
   <div class='ocr_carea' id='block_1_101' title="bbox 504 5433 2155 5509">
    <p class='ocr_par' dir='ltr' id='par_1_101' title="bbox 504 5433 2155 5509">
     <span class='ocr_line' id='line_1_101' title="bbox 504 5433 2155 5509; baseline -0.002 -17"><span class='ocrx_word' id='word_1_667' title='bbox 504 5435 611 5493; x_wconf 90' lang='lat' dir='ltr'><strong>nui</strong></span> <span class='ocrx_word' id='word_1_668' title='bbox 645 5451 657 5492; x_wconf 93' lang='lat'><strong>:</strong></span> <span class='ocrx_word' id='word_1_669' title='bbox 703 5451 821 5492; x_wconf 91' lang='lat' dir='ltr'><strong>non</strong></span> <span class='ocrx_word' id='word_1_670' title='bbox 874 5435 1173 5509; x_wconf 88' lang='lat' dir='ltr'><strong>equidem,</strong></span> <span class='ocrx_word' id='word_1_671' title='bbox 1205 5434 1368 5508; x_wconf 88' lang='lat' dir='ltr'><strong>quod</strong></span> <span class='ocrx_word' id='word_1_672' title='bbox 1415 5433 1616 5488; x_wconf 91' lang='lat' dir='ltr'><strong>minus</strong></span> <span class='ocrx_word' id='word_1_673' title='bbox 1649 5433 2032 5489; x_wconf 90' lang='lat' dir='ltr'><strong>mendacium</strong></span> <span class='ocrx_word' id='word_1_674' title='bbox 2061 5448 2155 5488; x_wconf 82' lang='lat' dir='ltr'><strong>re-</strong></span> 
     </span>
    </p>
   </div>
   <div class='ocr_carea' id='block_1_102' title="bbox 502 5521 2156 5608">
    <p class='ocr_par' dir='ltr' id='par_1_102' title="bbox 502 5521 2156 5608">
     <span class='ocr_line' id='line_1_102' title="bbox 502 5521 2156 5608; baseline -0.006 -18"><span class='ocrx_word' id='word_1_675' title='bbox 502 5528 818 5604; x_wconf 82' lang='lat' dir='ltr'><strong>darguere,</strong></span> <span class='ocrx_word' id='word_1_676' title='bbox 875 5525 1225 5600; x_wconf 88' lang='lat' dir='ltr'><strong>veritatique</strong></span> <span class='ocrx_word' id='word_1_677' title='bbox 1276 5521 1637 5597; x_wconf 86' lang='lat' dir='ltr'><strong>patrocinari</strong></span> <span class='ocrx_word' id='word_1_678' title='bbox 1688 5537 1938 5608; x_wconf 81' lang='lat' dir='ltr'><strong>possem</strong></span> <span class='ocrx_word' id='word_1_679' title='bbox 1975 5536 1994 5592; x_wconf 86' lang='lat'><strong><em>;</em></strong></span> <span class='ocrx_word' id='word_1_680' title='bbox 2049 5523 2156 5580; x_wconf 86' lang='lat' dir='ltr'><strong>sed</strong></span> 
     </span>
    </p>
   </div>
   <div class='ocr_carea' id='block_1_103' title="bbox 2881 4255 3280 4309">
    <p class='ocr_par' dir='ltr' id='par_1_103' title="bbox 2881 4255 3280 4309">
     <span class='ocr_line' id='line_1_103' title="bbox 2881 4255 3280 4309; baseline 0.005 -3"><span class='ocrx_word' id='word_1_681' title='bbox 2881 4255 3121 4309; x_wconf 77' lang='grc' dir='ltr'><strong>ΚΕΦΑΛ.</strong></span> <span class='ocrx_word' id='word_1_682' title='bbox 3159 4257 3280 4308; x_wconf 83' lang='lat' dir='ltr'><strong>KI&quot;.</strong></span> 
     </span>
    </p>
   </div>
   <div class='ocr_carea' id='block_1_104' title="bbox 2283 4357 3856 4434">
    <p class='ocr_par' dir='ltr' id='par_1_104' title="bbox 2283 4357 3856 4434">
     <span class='ocr_line' id='line_1_104' title="bbox 2283 4357 3856 4434; baseline -0.001 -20"><span class='ocrx_word' id='word_1_683' title='bbox 2283 4364 2439 4434; x_wconf 85' lang='grc' dir='ltr'><strong>Περὶ</strong></span> <span class='ocrx_word' id='word_1_684' title='bbox 2495 4357 2994 4432; x_wconf 86' lang='grc' dir='ltr'>Ἀπολλιναρίου</span> <span class='ocrx_word' id='word_1_685' title='bbox 3051 4367 3161 4434; x_wconf 78' lang='grc' dir='ltr'>τοῦ</span> <span class='ocrx_word' id='word_1_686' title='bbox 3210 4359 3718 4434; x_wconf 68' lang='grc' dir='ltr'><strong>Ἰεραπολίεόιι⁸</strong></span> <span class='ocrx_word' id='word_1_687' title='bbox 3755 4361 3856 4414; x_wconf 83' lang='grc' dir='ltr'>ὅσα</span> 
     </span>
    </p>
   </div>
   <div class='ocr_carea' id='block_1_105' title="bbox 2317 4431 3823 4508">
    <p class='ocr_par' dir='ltr' id='par_1_105' title="bbox 2317 4431 3823 4508">
     <span class='ocr_line' id='line_1_105' title="bbox 2317 4431 3823 4508; baseline 0.001 -22"><span class='ocrx_word' id='word_1_688' title='bbox 2317 4431 2481 4486; x_wconf 81' lang='grc' dir='ltr'>κατὰ</span> <span class='ocrx_word' id='word_1_689' title='bbox 2517 4441 2624 4493; x_wconf 83' lang='grc' dir='ltr'>τῆς</span> <span class='ocrx_word' id='word_1_690' title='bbox 2662 4431 2977 4494; x_wconf 77' lang='grc' dir='ltr'>τοιαύτης</span> <span class='ocrx_word' id='word_1_691' title='bbox 3013 4431 3320 4506; x_wconf 70' lang='grc' dir='ltr'>αἱρέσεώς</span> <span class='ocrx_word' id='word_1_692' title='bbox 3361 4433 3823 4508; x_wconf 74' lang='grc' dir='ltr'>συνεγράψατο.</span> 
     </span>
    </p>
   </div>
   <div class='ocr_carea' id='block_1_106' title="bbox 2351 4537 3850 4613">
    <p class='ocr_par' dir='ltr' id='par_1_106' title="bbox 2351 4537 3850 4613">
     <span class='ocr_line' id='line_1_106' title="bbox 2351 4537 3850 4613; baseline -0.001 -21"><span class='ocrx_word' id='word_1_693' title='bbox 2351 4544 2620 4612; x_wconf 84' lang='grc' dir='ltr'>Λαμπρῶν</span> <span class='ocrx_word' id='word_1_694' title='bbox 2675 4545 2801 4611; x_wconf 84' lang='grc' dir='ltr'>γοῦν</span> <span class='ocrx_word' id='word_1_695' title='bbox 2844 4539 2960 4592; x_wconf 77' lang='grc' dir='ltr'>κατ’</span> <span class='ocrx_word' id='word_1_696' title='bbox 3019 4539 3184 4602; x_wconf 75' lang='grc' dir='ltr'>αὐτῆς</span> <span class='ocrx_word' id='word_1_697' title='bbox 3234 4537 3260 4591; x_wconf 85' lang='grc' dir='ltr'><strong>ό</strong></span> <span class='ocrx_word' id='word_1_698' title='bbox 3311 4538 3669 4613; x_wconf 73' lang='grc' dir='ltr'>Ἱεραπολίτης</span> <span class='ocrx_word' id='word_1_699' title='bbox 3697 4540 3850 4596; x_wconf 76' lang='grc' dir='ltr'>ἐνίστη</span> 
     </span>
    </p>
   </div>
   <div class='ocr_carea' id='block_1_107' title="bbox 2280 4627 3854 4704">
    <p class='ocr_par' dir='ltr' id='par_1_107' title="bbox 2280 4627 3854 4704">
     <span class='ocr_line' id='line_1_107' title="bbox 2280 4627 3854 4704; baseline -0.001 -22"><span class='ocrx_word' id='word_1_700' title='bbox 2280 4627 2690 4703; x_wconf 80' lang='grc' dir='ltr'>Ἀπολλινάριος,</span> <span class='ocrx_word' id='word_1_701' title='bbox 2739 4630 2804 4689; x_wconf 81' lang='grc' dir='ltr'>ὡς</span> <span class='ocrx_word' id='word_1_702' title='bbox 2861 4633 3189 4702; x_wconf 78' lang='grc' dir='ltr'>προείπομεν.</span> <span class='ocrx_word' id='word_1_703' title='bbox 3250 4633 3352 4682; x_wconf 81' lang='grc' dir='ltr'><strong>Καὶ</strong></span> <span class='ocrx_word' id='word_1_704' title='bbox 3403 4633 3580 4682; x_wconf 78' lang='grc' dir='ltr'>τοίνυν</span> <span class='ocrx_word' id='word_1_705' title='bbox 3645 4629 3854 4704; x_wconf 54' lang='grc' dir='ltr'>ἀρχόμεέ</span> 
     </span>
    </p>
   </div>
   <div class='ocr_carea' id='block_1_108' title="bbox 2277 4716 3852 4794">
    <p class='ocr_par' dir='ltr' id='par_1_108' title="bbox 2277 4716 3852 4794">
     <span class='ocr_line' id='line_1_108' title="bbox 2277 4716 3852 4794; baseline -0.002 -24"><span class='ocrx_word' id='word_1_706' title='bbox 2277 4735 2358 4780; x_wconf 89' lang='grc' dir='ltr'><strong>νος</strong></span> <span class='ocrx_word' id='word_1_707' title='bbox 2403 4725 2497 4780; x_wconf 78' lang='grc' dir='ltr'>τῆς</span> <span class='ocrx_word' id='word_1_708' title='bbox 2543 4725 2750 4794; x_wconf 78' lang='grc' dir='ltr'>γραφῆς</span> <span class='ocrx_word' id='word_1_709' title='bbox 2801 4716 3052 4790; x_wconf 71' lang='grc' dir='ltr'>ἐμφαίνει,</span> <span class='ocrx_word' id='word_1_710' title='bbox 3093 4721 3157 4780; x_wconf 86' lang='grc' dir='ltr'>ὡς</span> <span class='ocrx_word' id='word_1_711' title='bbox 3209 4723 3298 4771; x_wconf 82' lang='grc' dir='ltr'><strong>καὶ</strong></span> <span class='ocrx_word' id='word_1_712' title='bbox 3336 4717 3594 4794; x_wconf 68' lang='grc' dir='ltr'>ἀγράφοις</span> <span class='ocrx_word' id='word_1_713' title='bbox 3643 4718 3852 4790; x_wconf 78' lang='grc' dir='ltr'>ἐλέγχοις</span> 
     </span>
    </p>
   </div>
   <div class='ocr_carea' id='block_1_109' title="bbox 2277 4802 3849 4883">
    <p class='ocr_par' dir='ltr' id='par_1_109' title="bbox 2277 4802 3849 4883">
     <span class='ocr_line' id='line_1_109' title="bbox 2277 4802 3849 4883; baseline -0.003 -24"><span class='ocrx_word' id='word_1_714' title='bbox 2277 4807 2454 4869; x_wconf 76' lang='grc' dir='ltr'>αὐτοῖς</span> <span class='ocrx_word' id='word_1_715' title='bbox 2503 4803 2829 4870; x_wconf 71' lang='grc' dir='ltr'>ἀντετάξατο.</span> <span class='ocrx_word' id='word_1_716' title='bbox 2881 4805 3132 4883; x_wconf 83' lang='grc' dir='ltr'>Ἀϐερκίῳ</span> <span class='ocrx_word' id='word_1_717' title='bbox 3187 4802 3246 4859; x_wconf 81' lang='grc' dir='ltr'><strong>δὲ</strong></span> <span class='ocrx_word' id='word_1_718' title='bbox 3287 4823 3392 4860; x_wconf 82' lang='grc' dir='ltr'>τινι</span> <span class='ocrx_word' id='word_1_719' title='bbox 3446 4811 3507 4860; x_wconf 87' lang='grc' dir='ltr'><strong>τό</strong></span> <span class='ocrx_word' id='word_1_720' title='bbox 3551 4811 3849 4882; x_wconf 74' lang='grc' dir='ltr'>σύγγραμμα</span> 
     </span>
    </p>
   </div>
   <div class='ocr_carea' id='block_1_110' title="bbox 2274 4895 3850 4971">
    <p class='ocr_par' dir='ltr' id='par_1_110' title="bbox 2274 4895 3850 4971">
     <span class='ocr_line' id='line_1_110' title="bbox 2274 4895 3850 4971; baseline -0.003 -21"><span class='ocrx_word' id='word_1_721' title='bbox 2274 4903 2582 4971; x_wconf 74' lang='grc' dir='ltr'>προσφωνεῖ,</span> <span class='ocrx_word' id='word_1_722' title='bbox 2643 4897 2838 4949; x_wconf 82' lang='grc' dir='ltr'>οὑτωσὶ</span> <span class='ocrx_word' id='word_1_723' title='bbox 2913 4896 3377 4969; x_wconf 79' lang='grc' dir='ltr'>προοιμιαζόμενος</span> <span class='ocrx_word' id='word_1_724' title='bbox 3427 4913 3441 4928; x_wconf 83' lang='lat'>&#39;</span> <span class='ocrx_word' id='word_1_725' title='bbox 3515 4917 3544 4950; x_wconf 82' lang='grc' dir='ltr'>(ι</span> <span class='ocrx_word' id='word_1_726' title='bbox 3605 4895 3850 4969; x_wconf 76' lang='grc' dir='ltr'>Ἀγαπητί</span> 
     </span>
    </p>
   </div>
   <div class='ocr_carea' id='block_1_111' title="bbox 2273 4980 3848 5062">
    <p class='ocr_par' dir='ltr' id='par_1_111' title="bbox 2273 4980 3848 5062">
     <span class='ocr_line' id='line_1_111' title="bbox 2273 4980 3848 5062; baseline -0.005 -22"><span class='ocrx_word' id='word_1_727' title='bbox 2273 4983 2506 5062; x_wconf 77' lang='grc' dir='ltr'>Ἀϐἐρκιε</span> <span class='ocrx_word' id='word_1_728' title='bbox 2549 4981 2837 5058; x_wconf 75' lang='grc' dir='ltr'>Μάρκελλε,</span> <span class='ocrx_word' id='word_1_729' title='bbox 2883 4983 3186 5058; x_wconf 80' lang='grc' dir='ltr'>ἐπιταχθεὶς</span> <span class='ocrx_word' id='word_1_730' title='bbox 3239 4986 3340 5038; x_wconf 82' lang='grc' dir='ltr'>ὑπὸ</span> <span class='ocrx_word' id='word_1_731' title='bbox 3396 4985 3492 5039; x_wconf 78' lang='grc' dir='ltr'><strong>σοῦ</strong></span> <span class='ocrx_word' id='word_1_732' title='bbox 3563 4980 3848 5058; x_wconf 62' lang='grc' dir='ltr'>συγγράψαι</span> 
     </span>
    </p>
   </div>
   <div class='ocr_carea' id='block_1_112' title="bbox 2273 5071 3849 5147">
    <p class='ocr_par' dir='ltr' id='par_1_112' title="bbox 2273 5071 3849 5147">
     <span class='ocr_line' id='line_1_112' title="bbox 2273 5071 3849 5147; baseline -0.003 -18"><span class='ocrx_word' id='word_1_733' title='bbox 2273 5079 2390 5129; x_wconf 81' lang='grc' dir='ltr'>τινὰ</span> <span class='ocrx_word' id='word_1_734' title='bbox 2418 5075 2568 5147; x_wconf 79' lang='grc' dir='ltr'>λόγον</span> <span class='ocrx_word' id='word_1_735' title='bbox 2607 5075 2678 5137; x_wconf 80' lang='grc' dir='ltr'>εἰς</span> <span class='ocrx_word' id='word_1_736' title='bbox 2723 5079 2812 5134; x_wconf 78' lang='grc' dir='ltr'>τὴν</span> <span class='ocrx_word' id='word_1_737' title='bbox 2868 5083 2966 5127; x_wconf 87' lang='grc' dir='ltr'><strong>τῶν</strong></span> <span class='ocrx_word' id='word_1_738' title='bbox 3014 5077 3150 5128; x_wconf 82' lang='grc' dir='ltr'>κατὰ</span> <span class='ocrx_word' id='word_1_739' title='bbox 3206 5071 3526 5140; x_wconf 81' lang='grc' dir='ltr'>Μιλτιάδην,</span> <span class='ocrx_word' id='word_1_740' title='bbox 3558 5077 3678 5129; x_wconf 79' lang='grc' dir='ltr'>ἴσον</span> <span class='ocrx_word' id='word_1_741' title='bbox 3705 5071 3753 5128; x_wconf 86' lang='grc' dir='ltr'><strong>δ’</strong></span> <span class='ocrx_word' id='word_1_742' title='bbox 3791 5073 3849 5125; x_wconf 68' lang='grc' dir='ltr'><strong>εει</strong></span> 
     </span>
    </p>
   </div>
   <div class='ocr_carea' id='block_1_113' title="bbox 2269 5153 3846 5240">
    <p class='ocr_par' dir='ltr' id='par_1_113' title="bbox 2269 5153 3846 5240">
     <span class='ocr_line' id='line_1_113' title="bbox 2269 5153 3846 5240; baseline -0.004 -22"><span class='ocrx_word' id='word_1_743' title='bbox 2269 5173 2382 5218; x_wconf 82' lang='grc' dir='ltr'>πεῖν</span> <span class='ocrx_word' id='word_1_744' title='bbox 2441 5167 2724 5232; x_wconf 86' lang='grc' dir='ltr'>Μοντανόν,</span> <span class='ocrx_word' id='word_1_745' title='bbox 2788 5163 3009 5238; x_wconf 80' lang='grc' dir='ltr'>αἳρεσιν,</span> <span class='ocrx_word' id='word_1_746' title='bbox 3087 5153 3482 5240; x_wconf 61' lang='grc' dir='ltr'>ἔφεκτικώτερόν</span> <span class='ocrx_word' id='word_1_747' title='bbox 3549 5181 3660 5226; x_wconf 80' lang='grc' dir='ltr'><strong>πως</strong></span> <span class='ocrx_word' id='word_1_748' title='bbox 3709 5167 3846 5236; x_wconf 75' lang='grc' dir='ltr'>μέχρι</span> 
     </span>
    </p>
   </div>
   <div class='ocr_carea' id='block_1_114' title="bbox 2269 5249 3842 5327">
    <p class='ocr_par' dir='ltr' id='par_1_114' title="bbox 2269 5249 3842 5327">
     <span class='ocr_line' id='line_1_114' title="bbox 2269 5249 3842 5327; baseline -0.004 -21"><span class='ocrx_word' id='word_1_749' title='bbox 2269 5262 2356 5306; x_wconf 85' lang='grc' dir='ltr'>νῦν</span> <span class='ocrx_word' id='word_1_750' title='bbox 2437 5251 2728 5327; x_wconf 78' lang='grc' dir='ltr'>διεκείμην,</span> <span class='ocrx_word' id='word_1_751' title='bbox 2784 5253 2877 5306; x_wconf 86' lang='grc' dir='ltr'><strong>ούκ</strong></span> <span class='ocrx_word' id='word_1_752' title='bbox 2929 5252 3125 5327; x_wconf 81' lang='grc' dir='ltr'>ἀπορίᾳ</span> <span class='ocrx_word' id='word_1_753' title='bbox 3174 5261 3263 5306; x_wconf 81' lang='grc' dir='ltr'>τοῦ</span> <span class='ocrx_word' id='word_1_754' title='bbox 3313 5249 3581 5306; x_wconf 79' lang='grc' dir='ltr'>δύνασθαι</span> <span class='ocrx_word' id='word_1_755' title='bbox 3637 5253 3842 5324; x_wconf 71' lang='grc' dir='ltr'>ἐλέγχειν</span> 
     </span>
    </p>
   </div>
   <div class='ocr_carea' id='block_1_115' title="bbox 2268 5335 3842 5420">
    <p class='ocr_par' dir='ltr' id='par_1_115' title="bbox 2268 5335 3842 5420">
     <span class='ocr_line' id='line_1_115' title="bbox 2268 5335 3842 5420; baseline -0.004 -22"><span class='ocrx_word' id='word_1_756' title='bbox 2268 5347 2358 5417; x_wconf 74' lang='grc' dir='ltr'><strong>μὲν</strong></span> <span class='ocrx_word' id='word_1_757' title='bbox 2415 5346 2472 5397; x_wconf 88' lang='grc' dir='ltr'>τὸ</span> <span class='ocrx_word' id='word_1_758' title='bbox 2520 5339 2735 5414; x_wconf 77' lang='grc' dir='ltr'>ψεῦδος,</span> <span class='ocrx_word' id='word_1_759' title='bbox 2767 5351 3045 5420; x_wconf 82' lang='grc' dir='ltr'>μαρτυρεῖν</span> <span class='ocrx_word' id='word_1_760' title='bbox 3088 5341 3146 5396; x_wconf 65' lang='grc' dir='ltr'><strong>δὲ</strong></span> <span class='ocrx_word' id='word_1_761' title='bbox 3175 5351 3237 5416; x_wconf 73' lang='grc' dir='ltr'><strong>τῇ</strong></span> <span class='ocrx_word' id='word_1_762' title='bbox 3293 5341 3509 5417; x_wconf 74' lang='grc' dir='ltr'>ἀληθείᾳ</span> <span class='ocrx_word' id='word_1_763' title='bbox 3539 5361 3554 5377; x_wconf 70' lang='grc' dir='ltr'><strong>ο</strong></span> <span class='ocrx_word' id='word_1_764' title='bbox 3591 5335 3842 5404; x_wconf 67' lang='grc' dir='ltr'>δεδιώςόε</span> 
     </span>
    </p>
   </div>
   <div class='ocr_carea' id='block_1_116' title="bbox 2266 5429 3841 5508">
    <p class='ocr_par' dir='ltr' id='par_1_116' title="bbox 2266 5429 3841 5508">
     <span class='ocr_line' id='line_1_116' title="bbox 2266 5429 3841 5508; baseline -0.003 -22"><span class='ocrx_word' id='word_1_765' title='bbox 2266 5437 2356 5486; x_wconf 84' lang='grc' dir='ltr'>καὶ</span> <span class='ocrx_word' id='word_1_766' title='bbox 2385 5431 2774 5506; x_wconf 76' lang='grc' dir='ltr'>εὐλαϐούμενος,</span> <span class='ocrx_word' id='word_1_767' title='bbox 2819 5437 2891 5506; x_wconf 81' lang='grc' dir='ltr'><strong>μὴ</strong></span> <span class='ocrx_word' id='word_1_768' title='bbox 2941 5451 3050 5496; x_wconf 86' lang='grc' dir='ltr'><strong>πως</strong></span> <span class='ocrx_word' id='word_1_769' title='bbox 3095 5429 3233 5496; x_wconf 77' lang='grc' dir='ltr'>δόξω</span> <span class='ocrx_word' id='word_1_770' title='bbox 3262 5435 3402 5485; x_wconf 77' lang='grc' dir='ltr'>τισὶν</span> <span class='ocrx_word' id='word_1_771' title='bbox 3454 5433 3841 5508; x_wconf 66' lang='grc' dir='ltr'>ἄπισυγγροίγειν</span> 
     </span>
    </p>
   </div>
   <div class='ocr_carea' id='block_1_117' title="bbox 2244 5519 3840 5602">
    <p class='ocr_par' dir='ltr' id='par_1_117' title="bbox 2244 5519 3840 5602">
     <span class='ocr_line' id='line_1_117' title="bbox 2244 5519 3840 5602; baseline 0.002 -24"><span class='ocrx_word' id='word_1_772' title='bbox 2244 5523 2296 5602; x_wconf 74' lang='grc' dir='ltr'><strong>⁸ἦ</strong></span> <span class='ocrx_word' id='word_1_773' title='bbox 2344 5519 2823 5580; x_wconf 74' lang='grc' dir='ltr'>ἔπιδιατοὶσσεσθαι</span> <span class='ocrx_word' id='word_1_774' title='bbox 2876 5531 2952 5598; x_wconf 81' lang='grc' dir='ltr'>τῷ</span> <span class='ocrx_word' id='word_1_775' title='bbox 3003 5531 3100 5588; x_wconf 77' lang='grc' dir='ltr'>τῆς</span> <span class='ocrx_word' id='word_1_776' title='bbox 3151 5529 3244 5578; x_wconf 84' lang='grc' dir='ltr'>τοῦ</span> <span class='ocrx_word' id='word_1_777' title='bbox 3301 5521 3624 5600; x_wconf 78' lang='grc' dir='ltr'>Εὐαγγελίου</span> <span class='ocrx_word' id='word_1_778' title='bbox 3679 5527 3840 5584; x_wconf 69' lang='grc' dir='ltr'>καινῆς</span> 
     </span>
    </p>
   </div>
  </div>
