4000 6220
188 310 212 363 l
223 302 328 365 037

186 436 448 493 Διαθήκης
510 433 645 505 λόγῳ
679 452 692 466 ·

187 520 412 576 δυνατὸν
458 531 530 593 τῷ
580 526 716 576 κατὰ
760 527 819 575 τό
869 524 1179 594 Εύαγγέλιον
1231 524 1358 577 αύτό
1416 524 1779 578 πολιτεύεσθαι

184 632 394 688 προῃρη
425 616 558 683 μένῳ
599 630 612 642 ·
646 615 962 686 προσφάτως
1017 609 1075 665 δὲ
1123 619 1388 685 γενόμενος
1441 612 1489 665 ἐν
1544 613 1780 686 Ἀγκύρᾳ

183 709 285 764 τῆς
345 701 623 767 Γαλατίας,
684 707 771 754 καὶ
831 701 1131 754 καταλαϐὼν
1179 708 1274 761 τὴν
1329 706 1465 755 κατὰ
1513 707 1670 755 τόπον
1701 704 1783 754 ἐκ·

181 790 430 857 κλησίαν,
485 792 584 843 ὑπὸ
630 800 726 852 τῆς
776 795 891 853 νέας
945 794 1160 856 ταύτης,
1201 791 1306 862 οὐχ
1340 795 1409 853 ὡς
1448 792 1596 845 αὐτοί
1631 811 1778 864 φασι,

180 883 522 951 προγητείας,
567 879 697 932 πολὺ
757 876 815 932 δὲ
861 879 1070 952 μᾶλλον,
1125 883 1192 941 ὡς
1239 877 1604 951 δειχθήσεται,
1657 879 1783 951 ψευ-

181 963 592 1041 δοπροφητείας,
645 966 1164 1042 ὃιατεθρυλλημένης,
1219 971 1335 1021 καθ’
1375 971 1495 1022 ὅσον
1536 967 1778 1036 δυνατὸν,

176 1065 276 1110 τοῦ
312 1063 507 1133 Κυρίου
538 1064 930 1132 παρασχόντος,
984 1063 1101 1132 περὶ
1148 1058 1314 1110 αὐτῶν
1357 1078 1410 1111 τε
1461 1061 1655 1111 τούτων
1689 1063 1779 1110 καὶ

174 1155 283 1198 τῶν
339 1152 743 1220 προτεινομένων
801 1149 888 1200 ὑπ’
943 1148 1112 1198 αὐτῶν
1159 1148 1356 1200 ἕκαστά
1403 1167 1458 1200 τε
1505 1145 1781 1220 διελέχθη·

174 1239 276 1307 μεὸ
328 1239 548 1312 ἡμέραις
600 1237 803 1289 πλείοσι
859 1244 921 1309 τῇ
983 1235 1274 1308 Ἐκκλησία
1322 1256 1335 1270 ’
1405 1241 1493 1288 καὶ
1550 1239 1779 1295 ἡσθῆναι

169 1329 271 1396 μεν
335 1331 423 1384 τὴν
475 1325 806 1392 Ἐκκλησίαν,
885 1325 1330 1397 ἀντικρουσθῆναι
1418 1323 1476 1378 δὲ
1547 1329 1669 1386 τοὺς
1727 1326 1780 1388 ἑξ

171 1415 427 1476 ἐναντίας.
459 1436 488 1468 ››
529 1417 794 1487 Ἐμφαίνει
838 1411 918 1476 δὲ,
973 1417 1042 1476 ὡς
1083 1423 1182 1466 τῶν
1239 1413 1404 1466 ἐκεισε
1446 1413 1777 1476 ἀξιωσάντων

168 1507 267 1556 τόν
305 1509 569 1576 γενόμενον
616 1513 688 1575 τῷ
724 1509 839 1557 τότε
892 1500 1137 1574 διάλογον
1184 1507 1270 1555 καὶ
1315 1507 1564 1577 ἔγγραφον
1600 1505 1778 1566 αὐτοῖς

167 1597 446 1663 ἐκθέσθαι,
523 1592 876 1666 πρεσϐυτέρου
961 1600 1193 1645 Ζωτικοῦ
1275 1612 1408 1654 τινος
1483 1595 1776 1665 Ὀστρηνοῦ

168 1685 520 1754 μεμνημένος.
593 1679 719 1734 Εἶτα
792 1683 1031 1738 ἐκτίθησι
1087 1681 1270 1754 μικρὸν
1344 1682 1636 1733 ὑποκατιὼν
1712 1682 1778 1733 τὰ

1223 305 1783 368 ECCLESIASTICIE
1823 307 2179 368 HISTORIA?
2223 311 2359 368 LIB.
2401 311 2497 370 IV.

741 434 779 504 ᾧ
835 438 968 506 μήτε
1021 435 1348 506 προσθεῖναι,
1405 439 1537 507 μήτε
1584 433 1767 508 ἀφελεῖν

1889 437 2052 509 quod
2077 438 2292 494 veritus
2317 438 2428 494 sim
2457 442 2515 494 et
2543 437 2903 508 caverim,ne
2931 437 3027 494 cui
3049 437 3282 494 viderer
3321 439 3543 511 scripto

3403 312 3542 370 1038

1891 531 1947 581 et
1973 525 2385 583 lucubratione
2417 543 2551 582 mea
2593 527 2821 599 aliquid
2854 526 2933 582 ad
2981 526 3280 596 Evangelii
3316 532 3370 583 et
3393 528 3545 585 Novi

1891 617 2247 672 Testamenti
2295 616 2480 672 libros
2520 616 2739 672 addere
2772 633 2784 670 2
2814 616 3035 689 quibus
3082 623 3257 683 certe,
3289 617 3389 689 qui
3429 617 3537 674 sibi

1892 718 1964 759 ex
2006 704 2356 776 praescripto
2386 704 2680 775 Evangelii
2719 705 2904 760 vitam
2944 705 3282 776 degendam
3319 706 3546 762 consti-

1893 793 2019 858 tuit,
2049 809 2245 864 neque
2275 793 2503 864 adjicit,
2540 809 2733 866 neque
2773 794 2984 850 adimit
3007 795 3366 867 quidquam.
3391 797 3542 852 Cum

1892 885 2092 936 autem
2146 897 2336 953 nuper
2379 887 2677 954 Ancyram
2734 881 2999 951 Galatiaa,
3027 887 3083 938 et
3135 883 3195 938 in
3222 884 3540 940 ecclesiam

1890 969 2021 1040 ejus
2071 971 2206 1038 loci,
2268 987 2404 1043 quae
2456 987 2628 1028 novas
2667 973 2854 1038 istius,
2901 987 3021 1028 non
3059 977 3124 1028 ut
3165 973 3281 1044 ipsi
3310 973 3538 1039 dicunt,

1890 1060 2238 1131 prophetiae,
2270 1059 2375 1116 sed
2405 1061 2622 1132 potius,
2665 1061 2748 1116 uti
2778 1060 3142 1125 ostendetur,
3172 1062 3542 1134 pseudopro-

1891 1147 2106 1219 phetiae
2137 1151 2379 1205 nomine
2408 1155 2496 1205 est
2522 1150 2859 1214 decantata,
2891 1151 3213 1217 venissem,
3243 1166 3352 1222 pro
3383 1151 3539 1207 virili

1889 1253 2044 1303 mea,
2075 1239 2308 1294 Domini
2341 1238 2532 1308 gratia
2563 1239 3006 1310 suppeditante,
3048 1239 3123 1296 de
3162 1239 3245 1294 eis
3275 1240 3437 1312 ipsis,
3482 1245 3540 1296 et

1888 1343 2022 1400 quae
2043 1327 2120 1383 ab
2168 1328 2252 1383 eis
2294 1327 2732 1398 objiciebantur
2769 1328 3073 1393 omnibus,
3113 1328 3326 1385 diebus
3356 1328 3540 1400 pluri-

1885 1416 2002 1470 bus
2029 1415 2307 1481 ecclesiae,
2333 1417 2540 1472 omnia
2560 1417 2870 1489 disputans
2902 1417 3177 1472 disserui.
3211 1417 3380 1483 Quod
3405 1419 3538 1490 qui-

1886 1505 2046 1570 dem,
2079 1506 2438 1562 adversariis
2465 1506 2983 1576 repugnantibus“
3003 1506 3276 1563 Ecclesiae
3303 1523 3541 1578 pergra-

1887 1600 2012 1649 tum
2065 1595 2298 1650 accidit.
2353 1616 2380 1648 »
2442 1595 2708 1652 Ostendit
2773 1601 3080 1666 praeterea,
3125 1597 3292 1668 quod
3321 1602 3536 1666 rogatu

1885 1683 2314 1754 quorumdam,
2356 1684 2662 1756 dialogum
2707 1689 2764 1740 et
2793 1683 3262 1756 disputationem
3296 1690 3420 1741 tum
3449 1686 3534 1741 ibi

167 1775 314 1824 κατὰ
341 1772 623 1834 Μοντανόν,
674 1774 750 1831 τίς
781 1766 862 1834 ἧν,
895 1775 983 1822 καὶ
1031 1771 1162 1833 ὅθεν,
1222 1773 1311 1821 καὶ
1348 1774 1400 1821 τί
1429 1766 1732 1844 ἐληρὼδησε
1759 1789 1767 1802 ε

1883 1771 2154 1828 habitam
2189 1773 2251 1827 in
2302 1774 2590 1844 scriptum
2641 1772 2922 1840 retulerit,
2981 1773 3157 1829 Zotici
3214 1774 3535 1845 cujusdam

173 1857 382 1931 σχεδόν
413 1865 586 1934 ὥσπερ
613 1862 766 1931 ἡμεῖς
809 1863 872 1911 τὰ
918 1864 1034 1931 περὶ
1081 1859 1239 1910 αὐτοῦ
1279 1855 1633 1931 διεξήλθομεν.
1677 1864 1776 1912 Καὶ

170 1949 222 2002 εν
255 1953 346 2022 μὲν
377 1951 446 2020 τῷ
500 1954 689 2024 πρώτῳ
745 1948 882 2020 λόγῳ
939 1955 1104 2000 ταῦτα
1149 1943 1389 2016 διέξεισι,
1438 1956 1528 2008 τῆς
1579 1947 1774 2010 πλάνης

167 2042 265 2092 τόν
318 2038 534 2110 ἔλεγχον
586 2040 845 2110 ἱστορῶν·
905 2036 952 2089 ἐν
1007 2033 1065 2088 δὲ
1114 2044 1187 2106 τῷ
1237 2032 1462 2108 δευτέρῳ
1508 2042 1625 2110 περὶ
1680 2046 1777 2096 τῆς

168 2128 348 2180 αὐτῶν
403 2127 634 2187 τελευτῆς
664 2127 830 2178 ταῦτά
887 2144 1045 2198 φησιν
1079 2144 1091 2157 ⁸
1125 2144 1150 2175 α
1215 2125 1360 2180 Ἐπεὶ
1400 2121 1464 2182 δὴ
1490 2129 1660 2177 τοίνυν
1687 2132 1775 2178 καὶ

166 2221 603 2292 προφητοφόντας
655 2218 797 2288 ἡμᾶς
869 2213 1178 2278 ἀπεκάλουν,
1242 2216 1321 2266 ὅτι
1372 2218 1443 2284 μὴ
1501 2218 1595 2274 τὰς
1654 2213 1775 2286 ἀμε-

166 2313 463 2380 τροτρώνους
523 2305 690 2358 αὐτῶν
761 2309 1076 2377 προφητείας
1153 2301 1513 2374 ἐξεδεξάμεθα,
1562 2306 1775 2366 τούτους

165 2400 272 2470 γὰρ
333 2415 490 2467 φασιν
544 2403 694 2460 εἰναι,
762 2393 850 2454 οὓς
904 2392 1242 2465 ἐπηγγείλατο
1278 2402 1348 2463 τῷ
1403 2392 1509 2463 λαῷ
1554 2393 1773 2464 πέμψειν

168 2487 196 2537 ὁ
234 2487 431 2559 Κύριος
460 2502 472 2514 ’
521 2483 990 2557 ἀποκρινάσθωσαν
1050 2485 1174 2554 ἡμῖν
1230 2486 1356 2556 πρὸς
1402 2489 1536 2535 Θεοῦ
1571 2504 1583 2516 ο
1617 2482 1774 2536 Ἐστι

165 2593 267 2645 τις,
297 2575 338 2624 ὧ
371 2573 654 2645 βέλτιστοι,
699 2574 894 2624 τούτων
956 2570 1056 2622 ἀπὸ
1111 2578 1375 2623 Μοντανοῦ
1422 2576 1511 2623 καὶ
1548 2580 1644 2624 τῶν
1677 2592 1775 2643 γυ-

166 2671 359 2714 ναικῶν
411 2661 578 2714 λαλεῖν
632 2660 948 2736 ἀρξάμένων,
1006 2662 1146 2720 ὅστις
1184 2662 1284 2712 ύπό
1325 2657 1596 2712 Ἰουδαίων
1626 2657 1778 2713 ἐδιώ-

171 2754 310 2824 χθη,
341 2755 428 2802 καὶ
454 2752 554 2802 ὑπό
584 2755 897 2821 παρανόμων
951 2747 1245 2806 ἀπεκτάνθη
1276 2765 1294 2815 ;
1345 2748 1480 2801 Ἀλλ’
1530 2747 1656 2802 ούδέ
1692 2770 1775 2813 τις

172 2842 340 2892 αὐτῶν
397 2841 675 2914 κρατηθεὶς
730 2841 857 2910 ὑπὲρ
935 2845 1027 2889 τοῦ
1093 2842 1252 2909 νόμόυ
1331 2837 1697 2912 ἀνεσταυρώθη
1753 2859 1768 2874 ο

171 2926 297 2982 οὐδὲ
321 2928 368 2981 ἐν
401 2935 734 2999 συναγωγαῖς
786 2923 1059 2980 Ἰουδαίων
1099 2925 1454 2999 ἐμαστιγώθη.
1509 2927 1681 2999 Ἀλλῳ
1713 2926 1772 2982 δε

167 3021 374 3089 θανάτῳ
436 3017 745 3076 τελευτῆσαι
820 3018 1079 3078 Μοντανός
1156 3035 1210 3068 τε
1287 3021 1378 3068 καὶ
1447 3017 1766 3089 Μαξιμίλλα.

157 3111 387 3168 Τούτους
439 3110 540 3180 γὰρ
610 3108 709 3158 ὑπό
763 3108 1048 3175 πνεύματος
1097 3103 1446 3178 βλαψίφρονος
1497 3106 1769 3180 ἑκατέρους

1887 1862 2111 1918 Ostreni
2135 1861 2462 1934 presbyteri
2513 1863 2594 1933 (1)
2630 1863 2996 1917 mentionem
3036 1863 3277 1920 faciens.
3314 1863 3536 1936 Deinde

1885 1956 2019 2022 post
2044 1951 2284 2006 brevem
2301 1951 2756 2019 digressionem,
2789 1967 2882 2006 res
2904 1951 3181 2015 Montani,
3203 1951 3306 2024 qui
3338 1952 3536 2022 fuerit,

1887 2039 2043 2095 unde
2081 2038 2388 2110 prodierit,
2415 2045 2472 2095 et
2499 2056 2629 2110 qua
2659 2039 2918 2096 delirans
2943 2045 3207 2110 nugatus
3230 2043 3323 2108 sit,
3357 2057 3538 2114 expc-,-

1883 2129 2007 2185 nit:
2048 2129 2123 2182 ad
2155 2145 2294 2184 eum
2325 2129 2443 2184 fere
2467 2130 2754 2194 modum,
2785 2129 2958 2184 sicuti
2991 2145 3103 2185 nos
3139 2130 3214 2185 de
3244 2145 3314 2185 eo
3347 2130 3531 2202 paulo

1884 2224 2020 2272 ante
2051 2217 2421 2289 scripsimus.
2465 2220 2652 2289 Atque
2679 2218 2805 2272 haec
2821 2218 3090 2289 quidem,
3125 2217 3398 2274 fraudem
3440 2235 3536 2275 se-

1881 2305 2345 2378 ductionemque
2367 2307 2494 2377 ejus
2514 2323 2796 2377 arguens,
2819 2306 2879 2362 in
2900 2307 3266 2378 primoﬂibro
3277 2308 3536 2365 disserit.

1883 2399 1944 2451 In
1975 2396 2240 2450 secundo
2276 2401 2478 2451 autem
2517 2396 2592 2451 de
2629 2395 2798 2451 obitu
2838 2397 2966 2466 ejus
3004 2395 3086 2452 ita
3119 2396 3313 2452 refert.
3351 2397 3522 2468 321

1883 2484 2373 2556 Quandoquidem
2387 2501 2523 2540 vero
2537 2484 2978 2556 propheticidas
2991 2501 3112 2541 non
3125 2488 3534 2558 vocant,quod

1882 2574 2209 2628 immensas
2230 2573 2676 2645 prophetiarum
2705 2589 2911 2629 eorum
2939 2573 3229 2644 ambages
3243 2590 3366 2631 non
3390 2575 3536 2631 reci-

1881 2663 2080 2734 pimus
2125 2664 2251 2733 (eos
2293 2678 2353 2718 se
2406 2678 2671 2735 namque
2701 2663 2928 2733 jactant
2965 2679 3118 2728 esse,
3151 2679 3273 2735 quo
3306 2663 3531 2735 populo

1881 2753 2209 2807 missurum
2241 2767 2302 2806 se
2337 2751 2623 2808 Dominus
2655 2752 2972 2823 promisit),
2991 2752 3399 2824 respondeant
3427 2768 3533 2809 no-

1879 2840 1994 2904 bis,
2048 2857 2153 2910 per
2189 2840 2588 2896 immortalem
2634 2844 2860 2896 Deum:
2897 2843 3070 2897 Estne
3123 2843 3449 2914 quispiam,
3492 2857 3529 2898 o

1879 2929 1982 2984 viri
2020 2930 2184 2995 boni,
2212 2945 2284 2984 ex
2312 2929 2594 2985 omnibus
2622 2929 2696 2984 iis
2724 2931 2829 3001 qui
2872 2945 2909 2986 a
2938 2930 3244 2996 Montano,
3276 2932 3526 3002 ejusque

1878 3019 2167 3074 uxoribus
2193 3019 2604 3090 provenientes
2646 3018 2860 3074 docere
2891 3023 3222 3089 cmperunt.
3257 3020 3360 3091 qui
3392 3036 3528 3092 per-

1876 3109 2245 3164 secutionem
2271 3108 2542 3164 aludaais
2591 3124 2836 3178 passus,
2865 3113 2922 3164 et
2943 3125 2980 3163 a
3007 3108 3157 3179 legis
3192 3115 3524 3180 transgres-

158 3199 578 3257 ὑποκινήσαντος
616 3195 769 3266 λόγος
825 3193 1116 3268 ἀναρτῆσαι
1170 3194 1390 3256 ἑαυτοὺς
1440 3195 1545 3267 οὐχ
1575 3197 1705 3268 ὁμοῦ
1739 3213 1754 3227 °

1877 3197 2107 3254 scribus
2147 3197 2379 3254 occisus
2431 3199 2506 3252 sit
2529 3196 2692 3253 ?Sed
2721 3213 2917 3270 neque
2975 3198 3294 3270 quisquem
3315 3215 3525 3254 eorum

153 3292 250 3339 καὶ
309 3286 443 3338 οὕτω
497 3285 828 3348 τελευτῆσαι,
889 3288 977 3336 καὶ
1037 3287 1124 3335 τὸν
1207 3283 1323 3357 βίον
1403 3285 1761 3357 καταστρέψαι

154 3373 344 3434 Ἰούδα
380 3382 472 3427 τοῦ
509 3370 774 3448 προδότου
808 3370 963 3432 δίκην
995 3390 1007 3403 ·
1042 3375 1215 3448 ὥσπερ
1273 3370 1340 3432 δὴ
1373 3378 1463 3426 καὶ
1497 3378 1583 3426 τόν
1613 3385 1760 3449 πρῶ-

148 3484 249 3518 τον
294 3464 569 3540 ἐπίτροπον
615 3471 706 3523 τῆς
743 3463 912 3514 αὐτῶν
967 3467 1284 3536 προφητείας
1338 3467 1424 3515 τόν
1455 3465 1757 3536 θαυμαστὸν

149 3551 419 3607 Θεόδοτον
497 3555 766 3625 αἰρόμενον
820 3571 944 3604 ποτε
1013 3557 1102 3604 καὶ
1158 3551 1640 3624 ἀναλαμϐανόμενον
1689 3554 1757 3615 εἰς

147 3641 438 3718 αὖρανοὺς,
491 3649 849 3714 παρεκστῆναι
897 3638 956 3693 δε
1020 3646 1110 3693 καὶ
1170 3649 1592 3694 καταπιστεύσαι
1639 3642 1754 3695 ἑαυ-

145 3737 246 3786 τὸν
297 3741 370 3802 τῷ
423 3739 520 3793 τῆς
573 3730 776 3792 ἀπάτης
812 3733 1088 3802 πνεύματι,
1134 3734 1224 3781 καὶ
1264 3727 1624 3794 δισκευθέντα,
1658 3751 1752 3783 κα-

142 3831 261 3884 κῶς
305 3821 632 3878 τελευτῆσαι.
671 3840 695 3871 ε
744 3819 824 3872 Ἐν
874 3815 932 3871 δι
979 3826 1052 3889 τῷ
1103 3819 1242 3890 αύτῷ
1297 3825 1642 3893 παρίστησιν,
1685 3824 1754 3883 ὡς

141 3917 249 3966 καὶ
304 3913 428 3984 ἱεροὶ
497 3911 622 3962 θεῖοι
678 3905 865 3983 ἄνδρες
924 3916 1104 3984 πεῖραν
1164 3918 1432 3982 προσῆγον
1486 3913 1542 3962 τὸ
1591 3908 1639 3960 ἓν
1687 3917 1748 3982 τῇ

144 3999 454 4073 Μαξιμίλλη
523 4002 750 4072 πονηρόν
793 3997 1103 4070 ἀπελέγχειν
1163 4005 1404 4070 πνεῦμα·
1459 3999 1752 4051 κωλύεσθαι

146 4089 215 4144 δὲ
250 4093 378 4163 πρὸς
431 4088 609 4162 ἑτέρων
663 4086 875 4146 δηλαδή
908 4095 979 4157 τῷ
1038 4089 1292 4159 πνεύματι
1347 4090 1750 4162 συνεργούντων.

144 4179 288 4234 Εἶτα
335 4182 424 4231 καὶ
453 4186 544 4231 τοῦ
577 4183 774 4252 χρόνον
827 4182 1042 4252 προῖὼν,
1099 4173 1362 4248 διελέγχει
1411 4181 1500 4238 τὰς
1539 4174 1756 4247 ψευδεῖς

143 4273 474 4343 προφητείας
533 4267 881 4339 Μαξιμίλλης,
951 4264 1384 4342 τρισκαιδέκατον
1442 4270 1546 4329 ἔτος
1597 4267 1756 4338 λέγων

146 4357 397 4424 διελθεῖν,
439 4361 528 4409 καὶ
580 4355 745 4429 μηδὲν
791 4358 1034 4428 γενέσθαι
1072 4354 1139 4408 ὧν
1191 4356 1580 4429 προεφοίϐασεν.
1616 4352 1757 4409 Ούδε

141 4451 257 4521 γὰρ
320 4449 551 4520 μερικός,
619 4446 679 4498 ού
743 4444 1021 4506 καθολικὸς
1072 4449 1249 4517 γίγονε
1299 4445 1560 4518 πόλεμος·
1630 4444 1758 4498 ἀλλὰ

141 4541 246 4589 καὶ
303 4543 636 4609 Χριστιανοῖς
682 4534 872 4608 μᾶλλον
933 4534 1110 4608 εἰρήνη
1143 4535 1196 4598 ἐξ
1246 4533 1415 4596 ἐλέους
1453 4542 1607 4588 Θεοῦ.
1662 4533 1756 4591 Ἐν

144 4646 213 4699 γε
273 4629 377 4698 μὴν
433 4633 505 4695 τῷ
567 4628 724 4698 τρίτῳ
798 4620 1058 4696 διελέγχει
1141 4627 1260 4685 τοὺς
1319 4624 1634 4696 αὐχοῦντας,
1694 4628 1758 4686 ὡς

147 4716 365 4778 πλείους
416 4715 538 4788 παρ’
586 4718 766 4776 αὐτοῖς
816 4716 1077 4787 μάρτυρές
1129 4713 1260 4766 εἰσιν
1291 4731 1304 4745 ⁶
1357 4716 1478 4790 ὅπερ
1520 4720 1610 4767 καὶ
1645 4733 1756 4767 τεκο

147 4809 349 4880 μήριον
406 4807 592 4856 πιστόν
646 4800 777 4856 εἶναι
827 4803 994 4874 ἔλεγον
1055 4810 1146 4855 τοῦ
1205 4804 1328 4876 παρ’
1391 4805 1571 4865 αὐτοῖς
1618 4804 1760 4874 λεγο-

145 4899 312 4968 μένου
361 4900 690 4966 προφητικοῦ
747 4895 1054 4964 πνεύματος.
1105 4913 1132 4944 (ι
1164 4896 1233 4945 Τό
1280 4889 1331 4946 δ’
1367 4894 1508 4946 ἐστὶν
1562 4895 1667 4965 ἄρα
1695 4895 1759 4947 ὡς

150 4987 290 5037 ἔοικε
322 4986 513 5042 παντὸς
541 4981 731 5054 μᾶλλον
791 4981 883 5032 ούκ
924 4980 1129 5042 ἀληθές.
1168 4983 1273 5036 Καὶ
1313 4985 1414 5057 γὰρ
1457 4991 1556 5034 τῶν
1597 4982 1758 5033 ἄλλων

149 5076 405 5147 αἱρέσεων
457 5088 584 5132 τινες
640 5071 919 5132 πλείστους
994 5071 1143 5122 ὃσουί
1195 5074 1384 5142 ἔχουσι
1440 5073 1754 5144 μάρτυρας·

148 5169 247 5216 καὶ
304 5162 362 5213 ού
418 5163 560 5236 παρὰ
616 5168 764 5212 τοῦτο
831 5157 1006 5218 δήπου
1070 5163 1599 5232 συγκαταθησόμεθα.
1660 5163 1760 5212 Καὶ

149 5255 360 5324 πρῶτοί
411 5269 467 5322 γε
525 5249 625 5301 ἀπὸ
680 5258 771 5308 τῆβ
835 5251 1138 5321 Μαρκίωνος
1192 5252 1454 5325 αἱρέσεως,
1515 5257 1760 5325 Μαρκιω-

223 5395 305 5466 (l)
337 5394 567 5466 Zoticus
584 5391 868 5448 Ostrenus
890 5393 1223 5466 presbyter,
1248 5401 1299 5449 et
1318 5393 1594 5449 Julianus
1616 5398 1765 5465 Apa.

145 5463 384 5529 manus,
409 5464 681 5537 spiritum
708 5463 1028 5537 Maxnmillae
1047 5464 1328 5520 cohibere
1351 5472 1488 5521 sunt
1511 5463 1760 5535 agressi.

144 5537 396 5608 (Euseb.
426 5536 538 5608 lib.
577 5551 632 5591 γ.
664 5553 803 5608 cap.
844 5536 952 5606 16).

227 5611 310 5684 (‘2)
343 5605 893 5684 Pseudopropheta,
945 5606 1049 5680 qui
1078 5620 1275 5680 neque
1318 5605 1536 5664 timore
1567 5622 1768 5683 neque

1869 3287 2362 3359 comprehensus,
2389 3293 2492 3342 aut
2517 3301 2624 3358 pro
2653 3285 2782 3355 lege
2801 3287 2932 3358 ipsa
2957 3286 3298 3353 cruciﬁxus,
3327 3303 3523 3360 neque

1866 3387 1928 3444 in
1958 3377 2302 3433 Iudaeorum
2333 3375 2660 3448 synagogis
2686 3375 2936 3445 ﬂagellis
2966 3392 3162 3432 caesus
3192 3382 3300 3432 est.
3333 3378 3523 3433 Aliam

1867 3473 2069 3522 autem
2119 3470 2374 3521 mortem
2427 3465 2652 3520 obiisse
2709 3467 3022 3520 Montanus
3086 3471 3145 3521 et
3201 3466 3522 3522 Maximilla

1865 3556 2163 3611 dicuntur.
2209 3558 2255 3607 A
2292 3554 2502 3625 spiritu
2540 3569 2803 3626 namque
2847 3569 3072 3609 vesano
3107 3559 3355 3626 uterque
3397 3557 3527 3624 agi-

1863 3649 2021 3710 tatus
2054 3645 2152 3715 ('2),
2172 3644 2440 3714 seipsum
2469 3643 2718 3697 seorsim
2749 3642 3080 3712 suspendit,
3113 3657 3306 3713 eoque
3333 3643 3518 3699 modo

1865 3733 1944 3788 ad
1974 3733 2160 3787 instar
2187 3731 2357 3786 Judae
2374 3731 2694 3802 proditoris
2728 3730 2913 3786 vitam
2936 3729 3108 3786 ﬁniit.
3131 3731 3311 3786 Sicuti
3337 3733 3515 3788 etiam

1863 3824 2093 3894 primus
2105 3820 2555 3892 prophetiarum
2568 3835 2777 3875 eorum
2795 3818 3094 3885 defensor,
3123 3819 3523 3876 admirandus

1862 3911 1958 3980 ille
1977 3910 2345 3971 Theodorus,
2377 3925 2516 3964 cum
2560 3924 2620 3963 se
2674 3907 3038 3963 seductionis
3083 3908 3317 3979 spiritui
3361 3924 3524 3965 como

1861 4001 2226 4064 mendasset,
2255 3997 2653 4070 potestatique
2685 3997 2814 4068 ejus
2841 3998 3230 4069 permisisset,
3256 3998 3524 4069 jactatus

1864 4098 2043 4163 atque
2087 4088 2360 4144 sublatus
2399 4087 2458 4142 in
2480 4087 2699 4142 cmlum
2740 4087 2840 4158 (3),
2870 4101 2940 4142 ac
2961 4103 3206 4142 rursum
3232 4087 3523 4159 delapsus

1864 4179 2122 4252 pessime
2150 4178 2395 4250 periit.»
2427 4177 2492 4230 in
2547 4175 2758 4232 eodem
2799 4175 2950 4232 libro
3008 4176 3238 4242 astruit,
3281 4177 3521 4233 divinos

1864 4267 2164 4341 quosdam
2205 4267 2360 4320 viros
2405 4264 2738 4337 periculum
2791 4264 3026 4331 fecisse,
3082 4269 3145 4321 ut
3182 4265 3522 4322 Maximilla

1865 4356 2136 4428 spiritum
2213 4354 2550 4425 malignum
2622 4354 3068 4423 redarguerem,
3120 4355 3524 4427 vanitatisque

1865 4445 2325 4502 convincerent:
2371 4443 2475 4499 sed
2519 4443 2596 4497 ab
2653 4443 2786 4498 aliis
2841 4443 3162 4514 impeditos
3219 4460 3370 4509 esse,
3422 4445 3527 4516 qui

1865 4535 2129 4591 daamoni
2173 4534 2225 4589 ei
2278 4533 2748 4588 subservierunt.
2785 4532 3172 4602 Progrediens
3213 4534 3518 4604 deinceps,

1867 4642 1936 4682 ex
1966 4625 2096 4697 ipso
2135 4628 2403 4694 tempore
2442 4621 2790 4693 prophetias
2820 4620 3089 4692 ejusdem
3130 4621 3310 4676 falsas
3336 4622 3522 4678 fuisse
3603 4620 3614 4627 ”

1865 4715 2124 4773 ostendit
2155 4730 2169 4768 :
2199 4711 2632 4777 Tredecimum,
2653 4710 2878 4776 dicens,
2901 4711 3232 4782 praeterisse
3267 4727 3526 4778 annum,

1865 4806 2129 4876 nihilque
2156 4817 2365 4857 earum
2403 4817 2604 4856 rerum
2643 4816 2779 4872 quae
2813 4801 2942 4872 ipsa
2981 4800 3372 4868 divinaverat,
3414 4816 3518 4857 ac-

1867 4894 2100 4949 cidisse.
2144 4895 2342 4962 Neque
2386 4891 2545 4945 enim
2582 4889 2672 4944 vel
2716 4889 2777 4943 in
2817 4889 3097 4944 universo
3141 4889 3308 4957 orbe,
3347 4890 3433 4945 vel
3455 4892 3518 4946 in

1866 4984 2106 5052 regione
2136 4981 2340 5053 aliqua
2375 4979 2602 5035 bellum
2645 4978 2787 5033 fuit:
2814 4978 2919 5033 sed
2967 4983 3022 5034 et
3062 4977 3406 5034 Christianis
3447 4995 3537 5036 ex.

1867 5069 2274 5128 misericordia
2313 5073 2367 5124 et
2431 5067 2620 5138 gratia
2666 5065 2767 5121 Dei
2819 5082 2937 5135 pax
3003 5072 3060 5121 et
3118 5067 3518 5138 tranquillitas

1867 5162 2027 5217 data.
2057 5160 2123 5214 In
2185 5158 2350 5214 tertio
2402 5172 2580 5228 porro
2635 5155 2807 5220 libro,
2845 5153 3167 5222 gloriantes
3196 5171 3320 5219 eos,
3350 5154 3516 5226 quod

1869 5253 2067 5322 plures
2099 5248 2261 5320 apud
2294 5263 2358 5300 se
2401 5247 2517 5300 sint
2552 5251 2861 5315 martyres,
2902 5244 3084 5316 idque
3123 5250 3353 5300 certum
3391 5259 3518 5299 esse

1869 5395 2123 5446 tremore
2161 5388 2414 5450 ducitur,
2439 5386 2497 5438 in
2529 5387 3006 5440 consternatione
3028 5384 3214 5440 animi
3255 5385 3518 5453 sinistra,

1869 5478 1905 5517 a
1931 5477 2052 5517 non
2082 5459 2418 5515 voluntaria
2443 5457 2646 5525 incipit
2675 5456 2932 5519 inscitia,
2955 5461 3011 5511 et
3035 5457 3094 5511 in
3119 5455 3519 5513 voluntariam

1869 5533 2094 5589 desinit
2121 5533 2341 5603 animae
2357 5528 2675 5583 insaniam.
2718 5529 2955 5593 (Euseb.
2993 5527 3096 5583 lib.
3123 5543 3180 5594 ν,
3223 5543 3354 5601 cap.
3389 5528 3486 5586 17.
3499 5539 3521 5603 j

1943 5604 2022 5680 (3)
2041 5603 2257 5660 Euseb.
2285 5600 2389 5658 lib.
2411 5616 2465 5666 γ,
2503 5613 2638 5672 cap.
2691 5603 2780 5657 15.
