4000 6220
483 287 622 342 1039

1779 275 2168 336 NICEPHORI
2209 278 2522 337 CALLISTI

3665 283 3776 338 1040

479 411 770 468 indicium
799 409 1152 484 prophetici,
1180 408 1354 464 sicuti
1385 407 1462 463 ab
1488 406 1572 462 eis
1603 404 1836 468 dicitur,
1862 400 2126 476 spiritus,

2243 409 2416 458 νεστοιὶ
2465 403 2791 476 καλούμενοι,
2842 403 3114 466 πλείστους
3144 403 3288 474 ἔχειν
3341 411 3565 478 Χριστοῦ
3611 426 3776 478 μαρτν.

479 501 710 558 refellit.
752 519 781 551 «
813 501 938 555 Hoc
967 515 1109 554 vero
1139 500 1339 570 ipsum
1375 497 1552 565 longe
1577 495 1876 563 omnium,
1913 495 2126 566 inquit,

482 595 571 646 est
635 589 1045 646 falsissimum.
1089 587 1396 658 Siquidem
1445 590 1503 640 et
1550 583 1804 640 aliarum
1829 584 2130 638 haeresum

482 677 784 734 nonnullae
828 676 1312 749 quamplurimos
1359 673 1582 728 habent
1627 676 1944 742 martyres,
2011 685 2131 727 non

481 768 618 824 ideo
661 771 862 823 tamen
893 765 1151 838 pedibus
1186 766 1248 819 in
1285 763 1520 818 illorum
1559 761 1716 816 imus
1755 761 2131 816 sententiam.

481 861 564 913 Ac
615 857 796 928 primi
843 855 1042 912 statim
1092 870 1128 910 a
1191 853 1501 909 Marcionis
1557 857 1718 906 secta
1751 849 2132 905 Marcionistae

483 946 624 1001 dicti
655 944 946 1017 plurimos
973 945 1195 1000 habere
1231 947 1524 1013 martyres
1551 941 1818 994 feruntur
1850 955 1862 992 :
1897 954 2134 993 verum-

481 1039 682 1092 tamen
709 1034 1006 1090 Christum
1045 1033 1245 1103 ipsum
1294 1031 1465 1101 juxta
1503 1029 1809 1084 veritatem
1839 1043 1962 1084 non
2003 1043 2136 1099 pro-

481 1123 740 1181 ﬁtentur.
769 1144 798 1175 »
833 1125 896 1178 Et
922 1122 1104 1194 paulo
1135 1125 1267 1192 post
1291 1141 1304 1175 :
1325 1139 1354 1171 ‹‹
1387 1119 1636 1174 Proinde
1658 1133 1794 1172 cum
1818 1115 2136 1172 Christiani

483 1229 558 1270 ex
607 1212 862 1269 Ecclesia
904 1212 982 1268 ad
1023 1209 1380 1282 martyrium
1412 1214 1468 1263 et
1505 1207 1942 1279 professionem
1983 1221 2134 1261 verm

481 1302 624 1358 ﬁdei
653 1309 711 1358 et
747 1301 1130 1373 pietatis,una
1153 1315 1292 1354 cum
1315 1299 1402 1352 eis
1435 1295 1798 1368 martyribus
1821 1296 1924 1366 qui
1953 1296 2137 1366 Phry-

482 1405 630 1462 gum
654 1391 897 1446 haeresis
929 1389 1070 1446 dicti
1100 1393 1257 1454 sunt,
1299 1391 1614 1450 vocantur,
1647 1384 1920 1449 seorsim,
1956 1384 2130 1454 322

481 1495 592 1536 nec
623 1479 1013 1535 assentientes
1043 1479 1147 1545 eis,
1175 1492 1370 1548 neque
1399 1491 1538 1530 cum
1565 1475 1648 1530 eis
1681 1475 2134 1528 communican-

2237 513 2328 568 ρας
2383 494 2642 564 λέγουσιν.
2697 491 2859 546 Ἀλλὰ
2913 495 3001 544 τὸν
3039 495 3274 564 Χριστόν
3327 491 3479 544 αὐτὸν
3517 497 3637 546 κατὰ
3685 495 3788 553 ἁλή-

2242 586 2380 636 θειαν
2436 582 2542 654 οὐχ
2597 581 2933 653 ὁμολογοῦσι.
2967 601 3000 634 ι)
3059 586 3162 634 Καὶ
3213 582 3325 654 μετ’
3365 581 3514 652 ὀλίγα
3539 602 3553 615 ·
3591 602 3619 634 ι(
3641 583 3790 638 Ἔνθεν

2241 691 2322 724 τοι
2349 677 2438 723 καὶ
2468 668 2675 724 ἐπειδᾶν
2709 675 2767 722 τὸ
2828 678 2920 731 τῆς
2969 672 3106 722 κατὰ
3163 669 3406 728 ἀλήθειαν
3457 676 3657 733 πίστεως
3685 693 3792 748 μαρ-

2240 764 2416 834 τύριον
2467 760 2736 821 κληθέντες
2791 757 2892 812 ἀπὸ
2941 768 3034 820 τῆς
3071 759 3388 820 Ἐκκλησίας
3439 763 3640 832 τύχωσι
3689 767 3797 835 μετὰ

2239 859 2391 903 τινῶν
2448 858 2548 902 τῶν
2617 849 2716 902 ἀπὸ
2797 857 2892 911 τῆς
2975 855 3188 923 Φρυγῶν
3249 852 3490 924 αἱρέσεως
3549 850 3796 923 λεγομὲνων

2241 942 2538 1014 μαρτύρων,
2573 935 2908 1010 διαφέρονται
2960 943 3092 1010 πρὸς
3144 939 3352 1005 αὐτοὺς,
3396 943 3485 992 καὶ
3539 945 3606 1012 μή
3651 961 3798 994 κοινωο

2241 1035 2490 1089 νήσαντες
2540 1028 2737 1092 αὐτοῖς,
2788 1028 3121 1094 τελειοῦνται,
3173 1025 3269 1081 διὰ
3323 1033 3380 1082 τὸ
3432 1033 3502 1101 μή
3554 1028 3798 1102 βούλεσθαι

2245 1119 2676 1189 συγκαταθέσθαι
2722 1125 2794 1188 τῷ
2842 1113 2936 1170 διὰ
2989 1125 3260 1170 Μοντανοῦ
3307 1125 3398 1170 καὶ
3447 1127 3546 1171 τῶν
3577 1129 3798 1190 γυναικῶν

2239 1209 2515 1279 πνεύματι.
2604 1211 2705 1259 Καὶ
2779 1208 2857 1259 ὃτι
2903 1207 3047 1259 τοῦτ’
3105 1207 3289 1269 ἀληθὲς
3345 1213 3437 1260 καὶ
3495 1206 3545 1260 ἐν
3607 1210 3801 1284 ἡμετέρῳ

2243 1302 2418 1368 χρόνῳ
2484 1295 2532 1347 ἐν
2601 1296 2861 1368 Ἀπαμείᾳ
2913 1304 2975 1368 τῇ
3029 1300 3156 1372 πρὸς
3223 1295 3524 1371 Μαιάνδρῳ
3582 1301 3803 1370 τυγχάνει

2241 1389 2593 1457 γεγενημένον,
2675 1383 2724 1436 ἐν
2783 1393 2894 1446 τοίς
2959 1389 3076 1460 περὶ
3144 1389 3297 1438 Γάίον
3359 1391 3450 1438 καὶ
3502 1383 3804 1459 Ἀλέξανδρον

2242 1479 2360 1547 περὶ
2382 1473 2658 1545 Εὑμενείας
2682 1475 2760 1546 (Ι)
2799 1479 3179 1549 μαρτυρήσασι
3208 1472 3476 1550 πρόδηλον
3507 1498 3556 1531 ν.

481 1574 592 1639 tes,
643 1568 992 1633 moriuntur,
1021 1571 1338 1639 propterea
1375 1563 1542 1636 quod
1591 1563 1780 1618 nolint
1837 1563 1895 1617 in
1925 1561 2184 1618 Montani
2241 1563 2852 1637 muliercularumque
2873 1565 3005 1634 ejus
3036 1565 3282 1636 spiritus
3305 1565 3662 1622 sententiam
3697 1582 3808 1622 con-

483 1659 716 1715 cedere.
749 1658 813 1713 Id
845 1663 1044 1714 autem
1074 1671 1284 1710 verum
1315 1669 1466 1718 esse,
1493 1653 1660 1723 quod
1692 1657 1894 1707 nostro
1945 1667 2190 1722 quoque
2224 1667 2354 1707 aava
2405 1653 2708 1722 Apameae,
2741 1669 2878 1725 quas
2923 1653 3004 1709 ad
3053 1655 3420 1710 Maeandrum
3451 1653 3698 1710 ﬂuvium
3721 1657 3807 1710 sita

481 1747 828 1812 est.accidit,
885 1744 1229 1816 exemplum
1269 1743 1555 1807 declarat,
1583 1740 1641 1796 in
1700 1739 1838 1796 Caio
1887 1744 1944 1795 et
1992 1739 2328 1798 Alexandro
2381 1742 2683 1797 Eumenis:
2727 1743 3054 1814 prognatis,
3083 1743 3191 1815 qui
3241 1745 3598 1817 martyrium
3631 1743 3810 1800 subie-

483 1841 644 1894 runt.
680 1857 706 1888 ν

1083 1923 1310 1978 CAPUT
1352 1920 1530 1976 XXIV.

487 2015 630 2084 Quae
654 2014 831 2072 etiam
877 2012 1194 2076 Miltiades,
1228 2009 1818 2093 vir_eccle_siasticus.
1863 2009 2140 2064 adversus

1082 2099 1207 2140 eam
1233 2088 1558 2151 scripserit.

557 2175 724 2232 Idem
763 2173 1053 2245 scriptum
1097 2171 1370 2228 Miltiadis
1413 2169 1714 2242 scriptoris
1751 2185 1994 2242 quoque
2021 2183 2143 2224 me-

485 2265 664 2322 minit
683 2263 1020 2335 cujusdam,
1046 2262 1151 2334 qui
1179 2266 1236 2316 et
1259 2261 1388 2332 ipse
1418 2266 1626 2316 contra
1652 2259 1930 2314 eamdem
1959 2259 2142 2314 haere-

486 2355 602 2410 sim
631 2354 804 2409 docte
847 2351 1168 2424 scripserit,
1209 2350 1370 2405 dicta
1399 2349 1683 2420 quaedam
1720 2349 1848 2417 ejus
1875 2348 1953 2404 ad
1983 2349 2142 2404 hunc

483 2459 675 2516 prope
705 2441 950 2498 modum
981 2441 1168 2497 citans
1189 2457 1205 2495 :
1229 2441 1430 2504 «Haec,
1462 2455 1600 2494 cum
1627 2439 1685 2493 in
1709 2437 2142 2494 commentario

485 2531 754 2606 quodam
786 2530 868 2602 (2)
903 2529 1177 2585 Miltiadis
1209 2529 1431 2592 fratris,
1463 2529 1525 2582 in
1546 2543 1668 2599 quo
1696 2527 1905 2582 asserit
1930 2533 1987 2582 et
2011 2541 2118 2596 pro

483 2620 614 2685 bat,
634 2620 960 2692 prophetas
984 2635 1106 2674 non
1131 2619 1192 2674 in
1215 2617 1437 2672 exstasi
1467 2622 1524 2671 et
1559 2615 2042 2672 consternatione
2058 2616 2143 2670 to-

487 2711 587 2781 qui
611 2715 906 2781 oportere,
933 2707 1322 2772 invenissem,
1350 2708 1410 2761 in
1437 2706 1738 2776 epitomen
1777 2711 1832 2760 et
1861 2720 2144 2776 compen-

486 2798 654 2854 dium
667 2797 889 2869 redegi.
920 2795 1309 2866 Progrediens
1325 2795 1540 2850 deiude
1553 2796 1822 2850 oratione
1848 2811 1974 2860 sua,
1999 2794 2142 2850 Novi

485 2887 847 2942 Testamenti
877 2885 1201 2958 prophetas
1239 2890 1570 2948 enumerat,
1611 2883 1673 2937 in
1707 2883 1930 2954 quibus
1961 2885 2143 2939 etiam

486 2975 788 3032 Ammiam
817 2973 1236 3046 quamdam,et
1252 2972 1623 3038 Quadratum
1637 2977 1922 3026 recenset.
1943 2972 2142 3028 Talem

490 3069 694 3121 autem
725 3065 1082 3136 prophetam
1105 3079 1178 3118 ex
1202 3062 1484 3118 omnibus
1511 3061 1592 3117 eis
1613 3061 1892 3132 quivelin
1929 3061 2140 3128 Veteri,

490 3151 664 3206 velin
691 3151 858 3208 Novo
886 3153 1286 3215 Testamento,
1320 3149 1531 3220 spiritu
1561 3155 1701 3204 sunt
1721 3150 1854 3214 acti,
1911 3149 2142 3204 nullum

2854 1923 3102 1978 ΚΕΦΑΛ.
3133 1921 3246 1976 ΚΔ’.

2247 2007 2416 2061 Ὀσα
2469 2013 2576 2062 καὶ
2629 2007 2998 2086 Μιλτιάδης
3071 2012 3634 2086 ἑκκλησιαστικὸς
3683 2012 3807 2086 ἀνὴρ

2694 2083 2835 2133 κατ’
2874 2086 3032 2142 αὑτῆ
3053 2104 3076 2145 ς
3113 2083 3406 2156 ἔγραψεν.

2318 2171 2402 2224 Ἐν
2469 2166 2530 2222 δὲ
2607 2177 2681 2224 τῶ
2758 2175 2900 2244 αὐτῷ
2953 2175 3329 2247 συγγράμματι
3401 2179 3498 2227 καὶ
3557 2171 3812 2232 Μιλτιάδου

2249 2264 2424 2333 μνείαν
2499 2267 2722 2312 ποιεῖται
2801 2265 3142 2336 συγγραφέως
3213 2267 3370 2330 τινὸς,
3419 2267 3490 2325 ὡς
3549 2269 3637 2316 καὶ
3683 2263 3812 2315 αὐτοῦ

2249 2348 2470 2418 λογικῶς
2522 2357 2582 2421 τῇ
2633 2351 2846 2423 τοιαύτῃ
2889 2353 3089 2424 αἱρέσει
3140 2358 3690 2426 προσαπαντήσαντος.
3735 2359 3813 2406 Καὶ

2249 2438 2407 2502 λέξεις
2461 2435 2520 2491 δέ
2579 2458 2720 2500 τινας
2801 2443 2992 2493 ἐκείνου
3045 2445 3388 2516 παρατίθεται
3439 2451 3518 2514 τῷ
3579 2444 3816 2514 συγγράμο

2250 2548 2378 2598 ματι
2403 2527 2536 2580 οὕτω
2567 2530 2778 2600 φάσκων
2812 2550 2827 2564 ·
2865 2549 2893 2580 ι(
2925 2537 3103 2584 Ταῦτα
3130 2531 3289 2608 εὑρὼν
3336 2535 3386 2584 ἔν
3423 2553 3534 2585 τινι
3583 2535 3820 2606 συγγράμ-

2245 2637 2379 2690 ματι
2407 2615 2702 2672 Μιλτιάδου
2757 2625 2851 2671 τοῦ
2899 2616 3148 2691 ἀδελφοῦ,
3201 2620 3250 2673 ἐν
3359 2619 3702 2676 ἀποδείκνυσι
3725 2627 3818 2692 περὶ

2250 2714 2344 2758 τοῦ
2401 2703 2510 2760 δεῖν
2557 2711 2828 2780 προφήτας
2881 2708 2932 2761 ἐν
2979 2712 3225 2763 ἐκστάσει
3268 2711 3460 2774 λαλεῖν,
3515 2710 3817 2783 ἑπετιμόμην.

2253 2801 2454 2869 Προῑὼν
2497 2793 2556 2849 δε
2585 2805 2658 2867 τῷ
2688 2798 2841 2870 λόγῳ,
2873 2803 2990 2860 τοὺς
3041 2803 3178 2852 κατὰ
3227 2806 3320 2859 τήν
3361 2807 3561 2860 Καινήν
3589 2805 3819 2874 προφήτας

2253 2884 2580 2959 ἀπαριθμεῐ”
2609 2884 2658 2937 ἐν
2716 2887 2791 2948 οἷς
2843 2893 2933 2940 καὶ
2986 2891 3218 2960 ’Δρ-μίαν
3269 2894 3386 2942 τινὰ
3437 2897 3534 2943 καὶ
3587 2887 3820 2965 Κοδρᾶτον

2251 2973 2542 3045 καταλέγει.
2583 2982 2775 3028 Τοῦτον
2828 2973 2889 3029 δὲ
2939 2981 3028 3030 τὸν
3077 2983 3265 3054 τρόπον
3295 2983 3411 3032 οὔτε
3440 2984 3562 3033 τινὰ
3597 2987 3691 3032 τῶν
3712 2982 3822 3030 κατὰ

2251 3069 2344 3122 τήν
2376 3064 2628 3131 Παλαιὰν,
2673 3068 2791 3118 οὔτε
2837 3075 2936 3118 τῶν
2981 3071 3118 3120 κατὰ
3157 3073 3254 3127 τήν
3313 3075 3514 3129 Καινήν
3571 3086 3822 3141 πνευματοο

2252 3155 2590 3225 φορηθέντων,
2663 3159 2934 3228 προφήτην
3013 3153 3186 3220 δεῖξαι
3263 3154 3588 3216 δυνήσονται
3653 3174 3666 3187 ’
3729 3161 3822 3211 οὔτε

488 3240 754 3297 indicare
785 3245 1298 3312 poteruntmeque
1341 3237 1747 3308 velAgabnm,
1781 3237 1873 3292 vel
1897 3239 1924 3292 J
1935 3239 2133 3304 udam,

2253 3239 2504 3312 Ἀγαυον,
2537 3245 2653 3295 οὔτε
2698 3241 2922 3309 Ἰούδαν,
2976 3247 3094 3298 οὔτε
3149 3245 3351 3312 Σίλλαν,
3401 3251 3526 3302 οὔτε
3553 3253 3647 3310 τὰς
3673 3249 3822 3300 011i:-

486 3330 582 3386 vel
607 3331 810 3396 Silam,
841 3344 1038 3402 neque
1095 3330 1275 3384 etiam
1327 3326 1574 3400 Philippi
1600 3327 1773 3393 tilias,
1814 3335 1916 3383 aut
1954 3328 2143 3384 Phila-

487 3419 880 3492 delphensem
894 3419 1324 3486 Ammiam,aut
1338 3417 1831 3483 Quadratum,aut
1848 3417 2140 3487 quosdam

489 3509 636 3565 alios
666 3508 1004 3582 quidquam
1022 3507 1102 3563 ad
1127 3523 1190 3562 se
1211 3507 1502 3579 pertinere
1515 3505 2140 3576 gloriabuntur.Paulo

486 3603 625 3670 post
653 3599 870 3654 deinde
901 3600 1018 3652 :Ac
1049 3597 1346 3670 siquidem
1379 3601 1511 3666 post
1532 3595 1900 3660 Quadratum
1931 3601 2138 3651 etAm-

485 3688 698 3756 miam,
739 3687 914 3742 sicuti
948 3687 1241 3758 jactitant,
1284 3685 1542 3741 Montani
1580 3683 1859 3740 mulieres
1907 3685 2140 3740 donum

481 3777 900 3850 propheticum
932 3779 1312 3847 acceperunt,
1343 3775 1590 3847 quinam
1623 3773 1721 3830 alii
1755 3781 1890 3846 post
1918 3777 2137 3832 Monta-

479 3881 630 3922 num
651 3872 708 3922 et
731 3867 860 3937 ejus
900 3880 1114 3921 uxores
1163 3880 1268 3936 per
1315 3864 1756 3919 successionem
1787 3864 1846 3918 id
1886 3879 2136 3935 accepe-

479 3956 600 4012 rint
637 3954 976 4012 ostendant.
1014 3955 1294 4025 Oportere
1333 3953 1491 4007 enim
1541 3953 1838 4008 charisma
1881 3953 2133 4024 prophe-

479 4045 742 4100 ticumin
768 4043 932 4100 omni
959 4043 1218 4098 Ecclesia
1257 4058 1388 4097 esse
1430 4057 1618 4112 usque
1665 4042 1740 4096 ad
1783 4057 2134 4112 supremum

481 4133 691 4190 Christi
721 4132 1072 4196 adventum,
1131 4129 1457 4201 Apostolus
1513 4130 1834 4186 arbitratus
1875 4137 1981 4186 est.
2020 4129 2132 4186 Sed

477 4236 658 4293 quem
677 4221 850 4276 nobis
867 4220 1280 4285 indicent,non
1301 4218 1546 4274 habent.
1579 4219 1855 4274 Decimus
1880 4225 2132 4291 quartus

471 4325 740 4382 namque
748 4311 872 4380 jam
887 4310 1311 4378 agiturannus,
1339 4323 1410 4363 ex
1439 4324 1560 4380 quo
1573 4307 1878 4364 Miximilla
1895 4315 2132 4368 mortua

473 4403 586 4454 est.
617 4420 645 4449 »
667 4397 1053 4469 Haecquidem
1090 4397 1139 4451 is
1169 4397 1440 4466 scriptor.
1476 4397 1759 4452 Miltiades
1779 4403 1978 4454 autem
2021 4400 2128 4456 iste

471 4488 592 4544 alia
612 4489 792 4543 etiam
819 4486 991 4542 nobis
1014 4486 1192 4540 studii
1220 4485 1662 4557 diligentiaeque
1689 4503 1810 4542 suae
1835 4487 1910 4542 de
1946 4490 2126 4545 rebus

473 4578 660 4634 sacris
679 4576 917 4648 reliquit
939 4581 1350 4630 monumenta.
1379 4577 1570 4630 Unum
1592 4577 1886 4647 siquidem
1906 4576 2122 4633 librum

2251 3350 2349 3383 που
2405 3333 2712 3405 θυγατέρας,
2783 3336 2901 3386 οὔτε
2965 3339 3059 3393 τήν
3112 3335 3164 3387 ἐν
3231 3333 3554 3411 Φιλαδελφίᾳ
3603 3338 3819 3411 Ἀμμίαν,

2223 3424 2364 3472 ,οὔτε
2434 3417 2720 3494 Κοδρᾶτον,
2799 3425 2916 3476 οὔτε
2980 3427 3120 3484 τινὰς
3185 3425 3372 3489 ἄλλους
3437 3425 3609 3500 μηδὲν
3671 3429 3822 3488 αὐτοῖς

2247 3515 2605 3581 προσήκοντας
2657 3517 3044 3583 καυχήσονται.
3101 3533 3130 3566 ››
3161 3520 3264 3568 Καὶ
3313 3516 3425 3588 μετ’
3491 3517 3680 3588 ὀλίγαι
3705 3537 3732 3568 ε
3775 3517 3822 3569 Εἰ

2246 3601 2347 3673 γὰρ
2382 3601 2513 3670 μετὰ
2565 3597 2833 3673 Κοδρᾶτον
2880 3607 2972 3654 καὶ
3023 3601 3274 3676 Ἀμμίαν,
3323 3607 3390 3666 ὧς
3431 3611 3496 3678 γε
3562 3625 3730 3678 φασιν,
3777 3609 3822 3656 αἱ

2245 3693 2364 3762 περὶ
2413 3693 2676 3742 Μοντανόν
2737 3688 3036 3754 διεδέξαντο
3104 3701 3348 3765 γυναῖκες
3399 3700 3464 3748 τὸ
3529 3701 3822 3768 προφητικὸν

2243 3779 2513 3851 χάρισμα,
2541 3786 2674 3840 τίνες
2725 3780 2872 3834 οῖλλοι
2921 3781 3021 3834 ἀπὸ
3077 3785 3345 3838 Μοντανοῦ
3389 3791 3486 3838 καὶ
3525 3795 3625 3838 τῶν
3665 3805 3825 3857 γυναι-

2244 3875 2345 3918 κῶν
2393 3864 2714 3934 διεδέξαντο,
2769 3867 3112 3934 δειξάτωσαν.
3171 3881 3280 3926 Δεῖν
3310 3875 3411 3949 γὰρ
3463 3871 3600 3928 εἶναι
3639 3880 3696 3928 τὸ
3723 3895 3824 3948 προ-

2243 3959 2458 4028 φητικὸν
2482 3960 2734 4031 χάρισμα
2785 3959 2836 4012 ἓν
2886 3963 3031 4034 πάσῃ
3085 3963 3368 4036 Ἐκκλησία
3415 3975 3585 4038 μεχρι
3618 3974 3712 4026 τῆς
3751 3983 3820 4016 τε-

2241 4041 2380 4106 λείας
2437 4052 2724 4122 παρουσίας
2789 4050 2815 4100 ὀ
2869 4049 3188 4113 Ἀπὸστολος
3239 4052 3398 4116 ἀξιοῖ,
3462 4054 3600 4108 ’Δλλ’
3647 4059 3734 4108 οὐκ
3773 4053 3821 4104 ἂν

2241 4135 2410 4205 ἔχοιεν
2465 4133 2634 4199 δεῖξαι
2675 4156 2690 4170 ο
2743 4138 3320 4213 τεσσαρεσκαιδέκατον
3375 4145 3479 4217 γὰρ
3539 4141 3648 4202 ἤδη
3691 4151 3818 4196 τοῦτο

2241 4225 2350 4284 ἔτος
2408 4221 2508 4276 ἀπὸ
2581 4234 2676 4288 τῆς
2731 4227 3060 4300 Μαξιμίλλης
3123 4231 3331 4289 τελευτή
3343 4253 3384 4298 ς,
3419 4255 3449 4284 »
3519 4241 3698 4287 Ταῦτα
3747 4235 3818 4305 μεν

2239 4307 2415 4373 οὖτος⁸
2457 4314 2483 4364 ὁ
2535 4309 2596 4367 δὲ
2643 4313 2945 4380 Μιλτιάδης
2995 4323 3143 4381 ουτος
3201 4325 3290 4374 καὶ
3349 4321 3510 4383 ἄλλας
3559 4325 3685 4396 ἡμῖν
3739 4331 3816 4383 τῆς

2236 4405 2458 4474 περὶτὰ
2511 4405 2623 4457 θεῖα
2677 4403 2920 4470 σπουδῆς
2973 4409 3131 4462 αὐτοῦ
3187 4416 3400 4484 μνήμας
3445 4413 3814 4466 καταλέλοιπα.

2238 4489 2333 4551 Εἷς
2369 4494 2589 4566 μὲνγὰρ
2637 4493 2778 4566 αὐτῷ
2839 4497 2992 4568 λόγος
3041 4501 3174 4572 πρὸς
3223 4501 3500 4568 Ἕλληνας,
3557 4505 3722 4576 ἔτερος
3769 4498 3816 4553 δι

2233 4583 2360 4653 πρὸς
2393 4579 2705 4650 Ἰουδαίους,
2761 4584 2816 4636 εὖ
2869 4585 3010 4658 μάλα
3061 4593 3152 4641 καὶ
3201 4590 3358 4663 ἄμφω
3403 4595 3810 4666 συντεθειμένου

472 4667 552 4725 ad
579 4665 1024 4737 Grmcos,323
1051 4664 1302 4720 alterum
1320 4680 1462 4719 vero
1488 4665 1562 4719 ad
1577 4665 1604 4718 J
1613 4665 1814 4720 udaeos
1832 4680 2124 4739 perquam

2243 4673 2324 4720 καὶ
2349 4669 2500 4732 ἄλλος
2539 4668 2598 4725 δὲ
2626 4678 2805 4748 τρίτος
2843 4655 2984 4748 αὐτῷ
3038 4655 3324 4754 σννεγράφή
3375 4685 3510 4756 πρὸς
3555 4655 3810 4756 ἄρχοντας,

466 4756 696 4813 erudite
721 4755 1062 4827 composuit
1095 4773 1107 4813 :
1131 4753 1238 4808 sed
1257 4759 1314 4808 et
1343 4753 1578 4808 tertium
1611 4755 1841 4825 scripsit
1875 4756 1949 4810 ad
1967 4755 2124 4828 prin-

467 4845 1072 4918 cipes,defensionem
1101 4859 1209 4916 pro
1227 4859 1300 4900 ea
1313 4859 1497 4916 quam
1519 4842 1870 4915 complexus
1893 4845 2124 4917 estphi-

462 4934 742 5006 losophia
777 4936 1112 4991 instituens.

1079 5021 1302 5080 CAPUT
1338 5022 1504 5078 XXV.

465 5111 634 5183 Quod
663 5121 714 5170 et
741 5113 1098 5184 Apollonius
1151 5113 1442 5168 Romanus
1493 5118 1706 5184 contra
1747 5127 1876 5168 eam
1927 5115 2116 5183 ipsam

946 5184 1216 5241 haeresim
1255 5181 1636 5253 pugnaverit.

533 5275 739 5332 Utrum
797 5275 1100 5330 enimvero
1133 5279 1190 5329 et
1229 5273 1601 5345 Apollonius,
1653 5279 1905 5346 scriptor
1929 5275 2118 5332 eccle-

459 5364 756 5430 siasticus,
791 5363 1161 5420 orationibus
1219 5363 1394 5418 editis
1446 5363 1722 5418 haeresim
1780 5365 2112 5421 secundum

2233 4756 2512 4831 ἀπολογίαν
2575 4759 2942 4827 διασκευάζων
3022 4768 3148 4843 ὑπὲρ
3231 4769 3296 4830 ἧς
3361 4777 3546 4846 μετῄει
3629 4774 3810 4846 φιλοσυ-

2233 4869 2348 4920 φιας
2359 4895 2370 4908 ,

2823 5039 3069 5088 ΚΕΦΔΛ.
3113 5031 3232 5091 κε’.

2225 5111 2318 5176 Ὠς
2355 5121 2462 5170 καὶ
2503 5117 2926 5196 Ἀπολλώνιος
2954 5125 2980 5174 ὁ
3017 5121 3322 5196 Ῥωμαῖος
3350 5130 3518 5180 κατὰ
3557 5137 3678 5192 τῆς
3711 5147 3804 5180 τοι⁴

2531 5194 2725 5253 αὺτης
2763 5193 3067 5269 αἱρέσεως
3105 5193 3524 5261 ἄντετάξατο.

2297 5277 2373 5330 Ou’
2411 5282 2514 5350 μήν
2547 5277 2606 5334 δι
2669 5280 2795 5334 ἀλλὰ
2853 5288 2942 5336 καὶ
2995 5285 3356 5354 Ἀπολλώνιος,
3393 5288 3802 5349 ἐκκλησιαστικὸς

2225 5373 2575 5442 συγγραφεὺς,
2639 5370 2814 5444 λόγοις
2866 5371 3097 5448 ἐλέγχων
3150 5375 3334 5450 βάλλει
3398 5385 3484 5438 τὴν
3555 5382 3798 5456 εἰρημένιν

531 5478 608 5550 (1)
637 5484 762 5552 Περί
792 5479 1068 5552 Εὐμενεὶας
1097 5482 1490 5553 μαρτυρήσασι,
1515 5477 1758 5554 Niceph.
1787 5478 1886 5534 ἀπὸ
1921 5485 2132 5556 Ευμενεὶ

2259 5483 2501 5558 (Euseb.
2533 5485 2638 5548 lib.
2669 5503 2727 5556 v,
2760 5505 2894 5564 cap.
2943 5491 3053 5568 t6.)

531 5567 609 5644 (2)
639 5569 853 5625 Euseb.
878 5568 984 5626 lib.
1023 5584 1083 5635 v,
1115 5583 1244 5642 caps
1292 5573 1377 5628 t7.
