4040 6224
265 331 404 386 1041

263 460 465 528 αἵρεσιν
511 458 648 510 κατὰ
705 459 912 532 Φρύγας
947 460 1063 510 τότε
1121 457 1484 531 ἀκμάζουσαν,
1547 463 1670 534 πρὸς
1726 460 1859 524 λέξιν
1891 464 1938 518 Α

261 549 353 615 μὲν
429 546 722 621 ἀνατρέπων
808 549 899 607 τὰς
979 543 1195 618 ψευδεῖς
1270 547 1438 600 αύτῶν
1521 555 1859 626 προφητείας,

262 633 542 707 ἐξελέγχων
596 631 655 688 δι
684 639 774 688 καὶ
803 639 888 688 τόν
929 634 1043 710 βίον
1091 644 1190 688 τῶν
1247 636 1500 711 ἀρχηγῶν
1539 647 1633 702 τῆς
1663 640 1860 701 πλάνης

263 724 453 792 αὐτῶν,
481 726 555 786 οἷς
592 724 727 777 οὓτω
767 721 1014 788 διέξεισιν
1039 741 1052 756 ·
1097 744 1126 776 ιι
1168 727 1333 787 Οὗτός
1377 726 1519 780 ἐστιν
1566 730 1591 780 6
1633 725 1861 793 διδάξας

259 813 436 876 λύσεις
487 816 687 886 γάμων,
746 815 772 866 6
818 820 1060 878 νηστείας
1118 817 1489 888 νομοθετήσας,
1520 820 1546 870 6
1589 819 1860 880 Πέπουζαν

259 909 351 955 καὶ
397 907 592 976 Τύμιον
654 904 994 978 Ἰερουσαλήμ
1037 906 1298 977 ὀνομάσας
1328 928 1343 940 ·
1394 907 1566 968 πόλείς
1609 905 1660 960 δ’
1727 909 1858 962 εἰσὶν

260 989 419 1044 αὗται
482 997 667 1067 μικραὶ
721 1001 810 1055 τῆς
866 999 1092 1067 Φρυγίας
1124 1013 1136 1025 °
1198 1000 1319 1057 τούς
1381 1000 1709 1068 πανταχόθεν
1757 997 1862 1050 ἐκεῖ

261 1091 660 1154 συνεισαγαγεῖν
711 1082 888 1136 ἐθέλων
923 1101 936 1114 ’
997 1085 1023 1136 6
1066 1093 1370 1160 πρακτῆρας
1421 1089 1712 1159 χρημάτων
1768 1107 1859 1138 κα-

257 1175 529 1234 ταστήσας
561 1192 574 1205 ·
609 1174 634 1225 ό
675 1174 756 1226 ἐπ’
800 1173 1014 1246 ὀνόματι
1051 1184 1358 1250 προσφορῶν
1396 1180 1490 1234 τήν
1521 1172 1856 1248 δωροληψίαν

257 1263 662 1335 ἐπιτεχνώμενος
695 1280 707 1293 ⁸
754 1264 779 1315 6
834 1263 1060 1338 σαλάρια
1106 1273 1354 1340 χορηγῶν
1401 1271 1512 1327 τοῖς
1557 1268 1856 1337 κηρύσσου-

257 1369 342 1402 σιν
397 1351 558 1404 αύτοῦ
603 1355 689 1404 τὸν
736 1352 907 1424 λόγον,
949 1355 1032 1405 ἵνα
1076 1350 1170 1406 διά
1202 1361 1291 1414 τῆς
1341 1359 1770 1428 γαστριμαργίας
1821 1357 1851 1413 ή

257 1435 588 1492 διδασκαλία
638 1449 730 1494 τοῦ
777 1441 936 1513 λόγου
993 1445 1330 1513 κρατύνηται.
1374 1466 1402 1491 ››
1458 1447 1578 1513 Περὶ
1624 1446 1714 1514 μὲν
1765 1439 1854 1494 οὖν

255 1537 346 1581 τοῦ
412 1537 679 1584 Μοντανοῦ
735 1538 936 1584 ταῦτα·
994 1533 1080 1583 οἶα
1118 1528 1178 1584 δι
1233 1537 1323 1583 καὶ
1376 1537 1493 1606 περὶ
1550 1541 1647 1584 τῶν
1695 1532 1854 1584 αὐτοῦ

248 1616 588 1692 προφητίδων
647 1625 826 1693 φησὶν,
889 1622 1047 1673 ἄκουε
1084 1639 1097 1653 ·
1167 1642 1196 1673 ιι
1225 1626 1496 1694 Δείκνυμεν
1551 1618 1637 1674 οὖν
1696 1621 1853 1682 αὐτὰς

251 1714 464 1780 πρώτας
547 1711 636 1770 τάς
711 1707 1065 1786 προφήτιδας,
1138 1709 1220 1783 ἀφ’
1297 1711 1358 1764 οὗ
1421 1718 1510 1764 τοῦ
1564 1714 1854 1784 πνεύματος

250 1794 652 1872 ἐπληρώθησαν,
700 1803 820 1860 τούς
878 1798 1078 1873 ἄνδρας
1127 1800 1404 1862 λιπούσας.
1442 1807 1556 1861 Πῶς
1586 1797 1676 1853 οὖν
1705 1801 1852 1872 ἐψεύ-

252 1881 409 1939 δοντο
457 1892 691 1959 Πρίσκαν
734 1891 984 1959 παρθένον
1041 1889 1421 1951 ἀποκαλοῦντες
1455 1905 1469 1956 ;
1502 1911 1531 1941 ›)
1585 1889 1712 1943 Εἶτα
1759 1895 1853 1942 καὶ

251 1984 424 2029 ταῦτα
474 1980 824 2052 προστίθησιν
857 1995 871 2008 °
926 1997 954 2029 ιι
1009 1979 1084 2031 Ou’
1136 1977 1282 2032 δοκεῖ
1339 1999 1422 2032 σοι
1477 1986 1626 2032 πᾶσα
1673 1984 1849 2052 Γραφή

248 2065 464 2119 κωλύειν
514 2071 782 2141 προφήτας
849 2067 1128 2140 λαμϐάνειν
1183 2067 1333 2143 δῶρα
1390 2072 1482 2122 καὶ
1539 2074 1851 2141 χρήματα;

249 2153 416 2208 Ὀταν
455 2153 544 2209 ούν
599 2154 700 2210 ἴδω
759 2161 850 2215 τήν
898 2165 1154 2230 προφῆτιν
1202 2159 1466 2230 εἰληφυῖαν
1504 2164 1593 2211 καὶ
1645 2162 1852 2230 χρυσόν

245 2250 342 2298 καὶ
373 2247 602 2320 ἄργυρον
652 2251 742 2300 καὶ
788 2247 1080 2310 πολυτελεῖς
1119 2247 1360 2310 ἐσθῆτας,
1411 2257 1521 2309 πῶς
1575 2247 1738 2306 αύτήν
1775 2252 1846 2321 μή

247 2340 715 2410 παραιτήσωμαι;
759 2356 788 2388 »
849 2341 1047 2409 Μικρὸν
1119 2334 1179 2390 δε
1250 2341 1441 2390 κατιὼν
1511 2342 1628 2412 περί
1700 2357 1850 2389 τινων

247 2423 367 2476 κατ’
432 2425 618 2488 αύτούς
672 2425 1006 2498 όμολογητῶν
1053 2428 1220 2478 ταῦτά
1283 2447 1439 2498 φησιν
1481 2444 1496 2456 ·
1566 2449 1595 2476 ιι
1624 2425 1742 2480 Ἔτι
1790 2423 1849 2480 δι

250 2518 524 2585 Θεομίσων
579 2515 606 2566 6
651 2519 746 2572 τήν
791 2513 1097 2578 ἀξιόπιστον
1151 2515 1442 2578 πλεονεξίαν
1481 2514 1847 2588 ἀμφιεσμένος,

250 2605 276 2654 6
304 2607 378 2676 μή
433 2601 715 2676 βαστάσας
743 2612 834 2666 τῆς
872 2605 1156 2677 ὁμολογίας
1210 2609 1268 2658 τὸ
1311 2613 1523 2678 σημεῖον
1567 2607 1666 2678 (1),
1721 2604 1850 2657 ἀλλά

247 2693 437 2752 πλήθει
483 2696 776 2766 χρημάτων
839 2694 1153 2767 ἀποθέμενος
1235 2697 1302 2748 τά
1378 2693 1591 2767 δεσμά·
1652 2694 1734 2748 ἐπὶ
1791 2692 1850 2748 δε

250 2784 414 2854 τούτῳ
454 2790 864 2855 ταπεινοφρονεῖν
923 2786 987 2844 ὡς
1043 2785 1246 2856 μάρτυς
1297 2789 1656 2856 καυχώμενος,
1713 2783 1850 2837 ἐτόλ-

249 2891 384 2943 μησε
439 2874 757 2944 μιμούμενος
811 2875 898 2924 τὸν
956 2872 1294 2938 Ἀπόστολον,
1332 2873 1612 2931 καθολικὴν
1662 2893 1849 2926 συντα-

245 2960 460 3032 ξάμενος
509 2959 804 3025 ἐπιστολήν,
853 2969 1112 3033 κατηχεῖν
1160 2966 1248 3033 μεν
1284 2966 1401 3023 τοὺς
1446 2964 1652 3034 ἄμεινον
1697 2983 1848 3016 πεπι-

244 3055 542 3116 στευκότας,
601 3051 1053 3122 συναγωνίζεσθαι
1110 3048 1169 3104 δε
1230 3058 1338 3114 τοῖς
1394 3061 1488 3112 τῆς
1543 3057 1846 3126 κενοφωνίας

238 3139 434 3212 λόγοις,
463 3138 850 3213 βλασφημῆσαι
897 3139 956 3193 δε
1014 3141 1082 3202 εἰς
1127 3145 1212 3193 τὸν
1267 3143 1455 3212 Κύριον
1507 3147 1596 3194 καὶ
1628 3147 1699 3204 εὶς
1727 3146 1845 3205 τοὺς

241 3229 568 3292 ἀποστόλους
632 3235 723 3282 καὶ
770 3235 859 3288 τήν
914 3231 1068 3302 ἁγίαν
1121 3229 1455 3287 Ἐκκλησίαν.
1515 3251 1542 3282 ››
1614 3231 1729 3284 Ἐπὶ
1783 3228 1843 3284 δὲ

239 3323 447 3383 τούτοις
503 3319 760 3392 ἐξελέγχει
809 3323 926 3372 τινὰ
977 3319 1100 3393 παρ’
1163 3319 1341 3381 αὐτοῖς
1399 3322 1642 3394 μάρτυρα
1697 3321 1842 3374 Ἀλέ-

238 3406 485 3482 ξανδρον,
541 3413 594 3462 ὃν
647 3411 718 3472 ὡς
763 3408 961 3468 ληστήν
993 3409 1206 3479 ἁλόντα,
1239 3417 1301 3482 τῇ
1357 3417 1448 3461 τοῦ
1494 3415 1676 3483 κυρίου
1730 3413 1838 3462 ἐπι-

235 3499 424 3556 κλήσει
471 3497 814 3568 ἀπολυθῆναι,
863 3503 950 3551 καὶ
1011 3505 1238 3551 συνεῖναι
1295 3501 1385 3570 μὲν
1438 3504 1839 3570 συνεστιώμενον

235 3596 302 3660 τῇ
345 3584 636 3661 προφήτιδι
674 3592 764 3640 καὶ
795 3589 1253 3662 χρηματιζόμενον
1280 3605 1292 3617 ·
1350 3608 1375 3638 ε
1411 3587 1508 3651 Οὗ,
1551 3592 1702 3658 φησὶ,
1751 3591 1840 3648 τάς

233 3677 484 3750 λῃστείας
512 3681 603 3729 καὶ
656 3679 724 3729 τά
766 3677 895 3729 ἄλλα
937 3677 1242 3748 τολμήματα
1287 3676 1362 3748 ἐφ’
1395 3677 1470 3738 οἷς
1501 3677 1836 3743 κεκόλασται,

233 3766 344 3838 ούχ
382 3767 520 3838 ἡμᾶς
561 3763 644 3818 δεῖ
697 3765 860 3837 λέγειν
894 3782 907 3796 ⁸
956 3765 1064 3818 ἀλλ’
1095 3767 1120 3817 6
1153 3762 1510 3836 ὀπισθόδομος
1561 3767 1694 3835 ἔχει.
1743 3770 1838 3827 Τίς

231 3853 326 3908 οὖν
371 3859 474 3907 τίνι
519 3855 805 3928 χαρίζεται
834 3857 900 3906 τά
947 3854 1303 3926 ἁμαρτήματα
1334 3871 1347 3920 ;
1388 3857 1601 3926 πότερον
1640 3855 1670 3910 ή
1704 3873 1839 3927 προ-

233 3953 393 4016 φῆτις
419 3946 514 4006 τάς
541 3943 787 4016 λῃστείας
833 3951 906 4012 τῷ
935 3947 1182 4017 μάρτυρι,
1214 3946 1244 4000 ἧ
1301 3943 1326 3992 6
1372 3943 1568 4014 μάρτυς
1615 3949 1676 4013 τῇ
1711 3961 1835 4015 προ-

231 4029 424 4107 φήτιδι
471 4036 561 4093 τάς
623 4032 955 4097 πλεονεξίας;
991 4053 1018 4081 »
1082 4036 1181 4085 Καὶ
1238 4031 1411 4097 πάλιν,
1450 4035 1570 4104 περὶ
1621 4031 1689 4081 ὧν
1745 4031 1836 4083 αύ-

227 4131 401 4196 χοῦσι
455 4130 751 4196 προφητῶν,
811 4122 958 4173 ταῦτ’
1009 4120 1232 4192 ἐπιλέγει
1262 4137 1276 4150 ·
1338 4140 1366 4171 ιι
1409 4120 1526 4174 Ἐὰν
1580 4118 1834 4194 ἀρνῶνται

229 4209 385 4286 δῶρα
438 4214 555 4272 τοὺς
599 4215 866 4286 προφήτας
911 4209 1077 4261 αὐτῶν
1131 4209 1406 4281 εἰληφέναι,
1456 4211 1600 4262 τοῦθ’
1654 4210 1832 4281 ὁμολο-

226 4303 576 4374 γησάτωσαν,
637 4302 717 4352 ὅτι
768 4299 852 4352 ἐὰν
900 4298 1218 4370 ἐλεγχθῶσιν
1273 4299 1554 4370 εἰληφότες,
1595 4299 1690 4352 ούκ
1729 4300 1832 4352 εἰσὶ

225 4397 498 4464 προφῆται
531 4407 544 4420 ·
603 4394 689 4442 καὶ
744 4393 932 4462 μυρίας
969 4385 1262 4450 ἀποδείξεις
1313 4391 1506 4441 τούτων
1560 4393 1832 4460 παραστή-

230 4499 410 4552 σομεν.
445 4480 752 4549 Ἀναγκαῖον
801 4475 862 4531 δε
919 4477 1031 4530 ἐστι
1082 4480 1278 4538 πάντας
1327 4481 1554 4552 καρπούς
1610 4475 1830 4550 δοκιμάο

229 4571 418 4633 ζεσθαι
473 4573 764 4642 προφήτου.
821 4573 1121 4640 Προφήτης,
1199 4568 1307 4620 εἰπέ
1353 4587 1461 4640 μοι,
1527 4565 1909 4640 βάπτεταιςῙ)

223 4663 502 4731 προφήτης
575 4656 918 4723 στιϐίζεται;
963 4663 1235 4731 προφήτης
1297 4658 1646 4731 φιλοκοσμεί;
1707 4677 1830 4731 προ-

225 4755 400 4822 φήτης
437 4747 654 4809 ταύλαις
691 4752 781 4799 καὶ
829 4746 1006 4807 κύϐοις
1049 4748 1272 4814 παίζει;
1327 4753 1598 4820 προφήτης
1654 4743 1830 4800 δανεί-

225 4841 354 4904 ζεις
396 4859 423 4890 ››
484 4841 621 4910 Πρὸς
671 4834 739 4896 δή
795 4839 995 4897 τούτοις
1051 4842 1137 4889 καὶ
1188 4837 1326 4890 τοῦτ’
1372 4835 1713 4897 Ἀπολλώνιος
1765 4844 1824 4910 τῇ

223 4929 390 4981 αὐτοῦ
462 4931 799 5000 πραγματείᾳ
895 4923 1181 4993 δείκνυσιν,
1265 4930 1335 4988 ὡς
1403 4930 1827 4998 τεσσαρακοστὸν

224 5022 360 5082 ἔτος,
419 5015 472 5080 ἐξ
523 5015 583 5069 οὗ
612 5025 674 5090 τῇ
734 5021 1076 5090 προσποιήτῳ
1128 5020 1217 5067 καὶ
1252 5011 1590 5087 δαιμονιώδει
1627 5035 1827 5088 προφη-

222 5111 339 5178 τεία
385 5105 596 5158 ἐπίϐαλέ
653 5109 938 5170 Μοντανός,
993 5103 1249 5176 ἐτύγχανε
1300 5113 1372 5174 τῷ
1426 5107 1822 5176 συγγράμματι.

221 5195 445 5270 Ἱστορεῖ
494 5191 573 5259 δὲ,
627 5198 694 5256 ὡς
744 5199 834 5246 καὶ
867 5197 1098 5255 Ζωτικός
1139 5195 1164 5244 6
1214 5195 1527 5265 Ὀστρηνός,
1559 5193 1620 5244 ού
1669 5199 1755 5246 καὶ
1799 5197 1823 5247 6

221 5287 326 5358 πρό
375 5285 559 5337 τούτου
607 5285 864 5354 ἱστορικὸς
910 5287 1086 5354 μνείαν
1143 5286 1440 5347 πεποίηται,
1500 5278 1607 5342 ήδη
1653 5283 1823 5346 Μαξι-

221 5373 408 5448 μίλλης
475 5381 547 5443 τῷ
609 5375 948 5446 προφητεύειν
1025 5375 1504 5446 ἐπικεχειρηκυίας,
1585 5375 1818 5438 ὲπιστάς,

223 5461 514 5536 διελέγχειν
557 5465 616 5515 τὸ
683 5459 954 5536 δαιμόνιον
1006 5461 1264 5538 ἐπειρᾶτο.
1342 5461 1574 5533 Ἐσχέθη
1631 5459 1681 5514 δ’
1733 5460 1820 5516 οὖν

1879 3199 1920 3256 C

297 5616 378 5690 (t)
405 5615 685 5690 Ὀμολογας
725 5621 959 5689 σημεῖον,
990 5615 1104 5674 hoc
1129 5619 1241 5680 est,
1270 5613 1653 5687 martyrium.

1298 332 1870 392 ECCLESIASTICIE
1913 333 2272 394 HISTORIE
2311 337 2446 396 LIB.
2488 338 2584 396 IV.

3484 339 3624 398 1042

1975 461 2239 534 Phrygas
2252 467 2367 518 tum
2381 464 2672 534 vigentem
2685 465 3212 538 oppugnavit,cum
3228 464 3408 522 falsas
3422 481 3622 522 eorum

1970 552 2316 623 prophetias
2336 554 2410 609 ad
2432 553 2676 611 verbum
2694 555 2984 620 refellens,
3001 561 3127 611 tum
3149 556 3330 610 vitam
3348 560 3404 610 el;
3427 570 3624 611 mores

1969 646 2286 697 auctorum
2311 643 2442 713 ejus
2473 645 2686 699 erroris
2722 645 3044 700 traducens
3073 644 3187 712 his,
3219 644 3323 714 qui
3352 659 3623 716 sequun-

1969 733 2085 796 tur,
2109 731 2306 786 verbis
2341 748 2352 785 :
2390 751 2418 783 «
2446 733 2544 788 Hic
2573 733 2667 788 ille
2685 738 2792 798 est,
2814 733 2917 805 qui
2943 732 3325 789 matrimonia
3344 733 3622 789 dirimere

1969 819 2200 875 docuit:
2217 821 2330 890 hic,
2354 822 2456 893 qui
2475 821 2704 894 jejunia
2721 823 2951 892 legibus
2974 822 3111 878 latis
3133 823 3362 878 sanxit:
3382 822 3498 886 hic,
3517 821 3624 893 qui

1971 912 2261 980 Pepuzam
2283 917 2336 966 et
2357 912 2652 982 Tymium,
2678 927 2898 984 parvas
2923 911 3189 984 Phrygiae
3211 912 3497 977 civitates,
3519 910 3624 967 ubi

1967 1013 2119 1069 quos
2152 999 2551 1072 undequaque
2579 999 2653 1055 ad
2683 1015 2744 1055 se
2775 1000 3158 1072 pertraxisset
3181 1000 3459 1055 homines
3483 1015 3623 1055 con-

1968 1087 2198 1143 trahere
2227 1094 2658 1158 etcongregare
2679 1089 3230 1153 voluit,Jerusalem
3253 1089 3616 1145 nominavit:

1965 1177 2084 1244 hic,
2116 1179 2218 1250 qui
2262 1186 2648 1235 aeruscatores
2678 1185 2734 1235 et
2769 1180 3163 1253 pecuniarum
3195 1185 3501 1236 exactores
3532 1178 3622 1234 in-

1966 1267 2192 1322 stituit:
2243 1269 2344 1341 qui
2395 1269 2507 1324 sub
2555 1273 2847 1341 praetextu
2897 1274 2953 1325 et
3004 1269 3249 1324 nomine
3297 1267 3619 1324 oblationis

1967 1358 2225 1412 avaritia
2249 1357 2453 1412 sordes
2471 1363 2526 1413 et
2542 1374 2863 1414 munerum
2884 1359 3298 1414 emunctiones
3319 1363 3442 1413 arte
3469 1372 3622 1428 qua-

1964 1445 2108 1500 dam
2132 1447 2380 1501 invenit:
2396 1448 2496 1518 qui
2512 1447 2727 1503 salaria
2741 1448 2991 1503 verbum
3006 1448 3136 1518 ejus
3153 1445 3620 1518 praedicantibus

1964 1536 2318 1602 numeravit,
2363 1543 2424 1592 ut
2454 1553 2559 1609 per
2597 1539 2816 1594 ventris
2841 1553 3050 1594 curam
3081 1537 3354 1592 doctrina
3383 1536 3511 1607 ejus
3535 1536 3621 1592 in-

1963 1625 2285 1681 valesceret
2322 1631 2500 1698 atque
2549 1627 3026 1684 conﬁrmaretur.
3061 1647 3088 1677 »
3135 1632 3324 1698 Atque
3367 1625 3498 1681 haec
3542 1625 3620 1682 de

1965 1716 2286 1771 Montano:
2335 1715 2638 1787 deinceps,
2687 1733 2825 1787 quas
2875 1716 3056 1772 etiam
3103 1715 3180 1773 de
3227 1714 3618 1786 prophetissis

1963 1803 2091 1874 ejus
2109 1803 2286 1870 dicat,
2309 1806 2450 1860 audi
2475 1822 2486 1860 :
2521 1825 2548 1857 ιι
2573 1806 2958 1862 Ostendimus
2985 1806 3161 1877 igitur
3180 1805 3290 1860 has
3311 1805 3475 1875 ipsas
3496 1803 3622 1876 pri-

1961 1893 2181 1948 marias
2208 1895 2633 1966 prophetissas,
2661 1911 2728 1950 ex
2757 1910 2879 1966 quo
2917 1895 3128 1966 spiritu
3160 1899 3301 1948 sunt
3350 1892 3616 1964 replette,

1961 1997 1996 2037 a
2022 1982 2160 2036 viris
2187 1983 2308 2037 suis
2331 1982 2668 2054 profugisse
2700 2000 2714 2038 :
2748 1983 2850 2056 qui
2875 1998 3016 2055 ergo
3046 1983 3132 2048 ﬁt,
3168 1986 3233 2038 ut
3263 1986 3385 2038 tam
3415 1981 3618 2052 impu-

1960 2070 2170 2126 denter
2181 2071 2443 2128 Priscam
2457 2073 2747 2142 virginem
2765 2070 3612 2144 appellantes,mentiantur?»

1964 2161 2184 2216 Deinde
2204 2161 2330 2217 haec
2351 2177 2593 2234 quoque
2615 2161 2818 2218 addit:
2848 2184 2869 2211 ι
2905 2163 3032 2218 Non
3065 2161 3167 2216 tibi
3194 2160 3432 2216 videtur
3462 2159 3617 2217 Scri-

1959 2255 2134 2321 ptura
2175 2252 2371 2306 omnis
2414 2251 2748 2322 prohibere,
2781 2266 2857 2306 ne
2906 2249 3214 2323 propheta;
3255 2264 3510 2305 numera
3561 2252 3620 2305 et

1959 2339 2246 2409 pecunias
2284 2339 2633 2412 accipiant?
2660 2356 2797 2396 cum
2842 2340 3044 2412 itaque
3082 2339 3389 2409 egregiam
3436 2338 3617 2394 istam

1959 2429 2400 2499 prophetissam
2430 2446 2668 2495 aurum,
2702 2433 3038 2499 argentum,
3061 2434 3118 2484 et
3141 2433 3367 2483 vestem
3401 2427 3619 2500 pretio-

1957 2533 2088 2574 sam
2119 2519 2386 2590 accipere
2417 2519 2683 2585 viderim,
2711 2518 3022 2590 quomodo
3046 2533 3183 2573 eam
3211 2531 3333 2572 non
3354 2516 3617 2572 detester

1956 2613 2012 2662 et
2039 2608 2354 2664 abominer
2378 2609 2405 2664 ἲ
2436 2629 2464 2657 ››
2495 2610 2560 2663 Et
2584 2606 2763 2678 paulo
2792 2610 2946 2679 post,
2975 2605 3051 2662 de
3077 2605 3448 2678 quibusdam
3474 2619 3617 2662 con-

1957 2697 2284 2753 fessoribus
2307 2712 2514 2752 eorum
2535 2697 2664 2752 haec
2689 2696 2868 2751 dicit:
2897 2715 2922 2745 α
2952 2698 3237 2751 Praeterea
3257 2694 3615 2750 Theomison

1958 2786 2329 2856 inexplebilis
2355 2787 2618 2842 avaritiae
2646 2785 2926 2841 sordibus
2950 2783 3293 2848 obvolutus,
3315 2783 3419 2855 qui
3446 2781 3616 2854 quod

1956 2875 2348 2931 confessionis
2364 2875 2604 2945 signum
2621 2874 2879 2946 perferre
2897 2888 3018 2928 non
3038 2873 3250 2944 potuit,
3275 2887 3500 2941 magna
3517 2886 3619 2943 pe-

1955 2967 2146 3020 cuniae
2170 2965 2225 3020 vi
2244 2964 2487 3020 vincula
2504 2980 2612 3019 sua
2631 2963 2887 3018 redemit
2905 2979 2918 3018 :
2939 2977 3060 3035 quo
3078 2961 3175 3017 ille
3191 2962 3456 3027 nomine,
3471 2976 3614 3016 cun-

1954 3054 2309 3109 submissius
2323 3071 2384 3108 se
2397 3068 2600 3124 gerere
2616 3053 2876 3116 deberet,
2894 3051 3213 3123 gloriosius
3231 3065 3338 3122 pro
3353 3055 3612 3123 martyre

1952 3141 2296 3198 venditavit.
2317 3148 2510 3198 Ausus
2537 3145 2584 3196 is
2605 3143 2782 3197 etiam
2812 3146 2904 3196 est
2934 3139 3014 3196 ad
3041 3139 3433 3196 imitationem
3460 3143 3617 3212 Apo-

1951 3232 2106 3296 stoli,
2135 3232 2494 3288 catholicam
2525 3231 2602 3288 ad
2635 3231 2944 3286 universos
2975 3229 3355 3286 conscribere
3385 3228 3614 3301 episto-

1951 3321 2068 3377 lam
2102 3339 2113 3376 :
2149 3323 2208 3377 in
2238 3337 2382 3393 qua,
2417 3321 2468 3376 si
2498 3321 2610 3376 diis
2641 3319 2854 3392 placet,
2897 3334 3001 3374 eos
3032 3319 3226 3384 docet,
3260 3319 3363 3389 qui
3396 3318 3614 3374 melius

1949 3416 2134 3482 quam
2157 3411 2285 3482 ipse
2309 3410 2384 3465 de
2411 3408 2528 3464 ﬁde
2551 3414 2690 3464 sunt
2711 3407 2986 3480 persuasi
3015 3423 3028 3462 :
3066 3413 3122 3464 et
3145 3406 3612 3478 vaniloquentia:

1949 3499 2134 3555 verba
2171 3499 2459 3566 defendit,
2492 3497 2794 3569 simulque
2838 3496 3198 3567 blasphema
3228 3501 3285 3551 et
3323 3495 3512 3567 impia
3550 3494 3612 3548 in

1950 3590 2268 3644 Dominum
2285 3596 2339 3643 et
2352 3587 2663 3658 apostolos
2678 3591 3073 3658 sanctamque
3092 3584 3411 3640 Ecclesiam
3427 3583 3612 3640 verba

1946 3677 2218 3732 effundit.
2251 3676 2431 3749 324
2462 3675 2584 3733 Sub
2614 3676 2743 3731 haec
2769 3676 3097 3746 quemdam
3120 3672 3286 3744 apud
3315 3688 3418 3727 eos
3448 3687 3613 3727 mar-

1948 3770 2137 3836 tyrem
2187 3765 2589 3821 Alexandrum
2642 3763 2966 3831 redarguit,
3010 3763 3116 3833 qui
3167 3766 3232 3816 ut
3269 3760 3475 3832 praedo
3513 3775 3614 3816 ca-

1946 3861 2102 3925 ptus,
2122 3860 2179 3909 et
2193 3855 2425 3910 domini
2449 3852 2849 3924 appellatione
2873 3851 3105 3907 solutus
3125 3855 3306 3922 atque
3321 3849 3609 3905 dimissus

1944 3942 2312 3998 familiariter
2353 3943 2581 3997 eisdem
2662 3939 2722 3994 in
2761 3939 2996 3994 aedibus
3037 3955 3178 3994 cum
3228 3937 3609 4010 prophetissa

1942 4031 2105 4095 vixit,
2131 4032 2302 4104 eique
2324 4031 2646 4102 pecuniam
2666 4029 2972 4097 ingentem
3001 4027 3277 4099 quaesivit
3305 4044 3318 4083 :
3345 4046 3372 4077 ιι
3398 4026 3605 4096 Cujus,

1941 4122 2153 4193 inquit,
2185 4122 2422 4193 praedas
2452 4125 2508 4174 et
2543 4118 2874 4183 latrocinia,
2916 4117 3156 4190 aliaque
3179 4117 3450 4192 audacia
3479 4117 3609 4173 fau-

1940 4227 2108 4276 nora,
2153 4220 2393 4282 propter
2431 4225 2565 4282 quae
2606 4214 2693 4264 est
2731 4208 3128 4274 excruciatus,
3168 4222 3290 4263 non
3322 4222 3476 4279 opus
3514 4210 3606 4263 est

1939 4317 2051 4357 nos
2090 4315 2585 4362 commemorare.
2616 4314 2749 4354 cum
2775 4313 2846 4354 ea
2871 4297 2930 4353 in
2959 4303 3090 4354 acta
3120 4296 3363 4369 publica
3392 4295 3598 4362 relata,

1939 4392 2104 4446 curia
2126 4391 2360 4446 habeat.
2386 4393 2591 4461 Itaque
2607 4389 2860 4443 istorum
2883 4387 3022 4459 quis
3045 4387 3140 4442 cui
3158 4402 3379 4442 noxam
3401 4386 3603 4442 remit-

1940 4479 2064 4535 tet?
2083 4484 2278 4534 utrum
2303 4477 2684 4550 prophetissa
2710 4477 2955 4549 martyri
2982 4475 3314 4539 latrocinia,
3339 4491 3416 4530 an
3443 4490 3601 4530 mar-

1941 4577 2032 4641 tyr
2043 4567 2432 4640 prophetissae
2445 4567 2712 4622 avaritiae
2734 4566 2927 4622 lucra?
2946 4587 2965 4616 ι
2985 4569 3236 4621 Rursum
3253 4564 3327 4620 de
3342 4564 3600 4636 prophe-

1939 4659 2036 4723 tis,
2051 4673 2305 4730 quorum
2327 4656 2568 4711 nomine
2583 4655 2698 4726 ipsi
2713 4655 2826 4709 sibi
2848 4655 3170 4725 gloriantes
3192 4653 3448 4726 placent,
3470 4654 3598 4708 haec

1938 4748 2146 4803 infert:
2177 4769 2196 4796 ι
2226 4746 2394 4812 Quod
2418 4747 2463 4799 si
2484 4753 2704 4816 negant
2723 4745 3047 4816 prophetas
3070 4759 3210 4798 suos
3233 4756 3486 4798 munera
3503 4757 3599 4798 ca-

1937 4851 2096 4907 pere,
2111 4835 2254 4890 illud
2277 4834 2690 4899 confiteantur,
2711 4833 2758 4887 si
2787 4831 3042 4888 convicti
3061 4830 3283 4886 fuerint
3307 4845 3410 4884 eos
3431 4829 3596 4886 dona

1934 4926 2246 4998 recepisse,
2265 4939 2385 4978 non
2398 4939 2526 4977 esse
2541 4923 2861 4994 prephetas
2879 4937 2889 4975 :
2907 4918 3593 4974 etinnumerabilibusid

1934 5013 2222 5086 exemplis
2248 5012 2660 5085 probabimus.
2703 5007 3216 5064 Pernecessarium
3261 5013 3463 5062 autem
3505 5013 3592 5064 est

1933 5121 2144 5161 omnes
2167 5104 2469 5174 prOphetm
2494 5101 2719 5156 fructus
2739 5097 3049 5167 explorare
3070 5102 3125 5151 et
3147 5101 3436 5152 excutere.
3465 5097 3587 5164 Dic,

1931 5210 2100 5264 rogo,
2118 5193 2432 5261 mihi,num
2451 5190 2738 5261 propheta
2751 5202 2992 5242 cerussa
3006 5186 3241 5241 fucatur
3253 5186 3280 5240 ‘I
3295 5185 3587 5256 propheta

1933 5285 2108 5339 stibio
2120 5281 2351 5338 linitur?
2367 5280 2657 5351 propheta
2669 5277 2924 5331 formam
2939 5274 3183 5330 excolit?
3196 5273 3489 5345 prapheta
3502 5279 3584 5330 ta-

1932 5373 2086 5427 bulis
2113 5377 2170 5426 et
2199 5370 2330 5426 talis
2358 5365 2554 5423 ludit?
2577 5365 2865 5436 prOpheta
2887 5365 3154 5428 fcenerat,
3188 5370 3245 5418 et
3271 5363 3437 5418 lucro
3464 5367 3585 5418 stu-

1931 5461 2110 5518 det?»
2131 5461 2216 5516 Ad
2231 5459 2362 5515 hinc
2381 5456 2540 5512 idem
2557 5453 2904 5527 Apollonius
2924 5454 2985 5510 in
3001 5467 3183 5524 opere
3201 5467 3311 5509 suo
3329 5451 3474 5508 illud
3493 5451 3584 5508 in-
