4040 6224
512 301 652 365 1043

1823 291 2212 354 NICEPHOPJ
2249 289 2560 350 CALLISTI

3703 283 3822 364 ws

507 428 670 485 dicat
707 427 872 501 quod
909 425 1378 500 quadragesimo
1415 427 1554 500 post
1581 439 1744 482 anno
1775 423 2060 494 scriptum
2095 418 2159 476 id

2271 419 2403 489 ὅμως
2439 415 2584 490 παρὰ
2619 421 2720 467 τῶν
2763 414 2830 465 τὰ
2879 411 2976 464 ἶσα
3024 412 3187 482 εκείνη
3217 425 3550 482 φρονουντων.
3581 410 3676 460 Καὶ
3709 409 3824 481 μάρ-

509 516 860 581 condiderit,
893 532 965 572 ex
998 530 1122 587 quo
1151 517 1464 572 Montanus
1503 513 1918 570 assimulatam
1955 515 2012 566 et
2035 509 2157 564 dre-

509 607 852 663 moniacam
877 603 1256 676 prophetiam
1293 603 1562 660 instituit.
1595 601 1890 658 Memoriae
1915 613 2159 672 quoque

507 695 767 760 tradidit,
791 693 1054 750 Zoticum
1076 695 1416 757 Ostrenum,
1439 693 1609 762 cujus
1631 691 1903 761 superior
1923 686 2160 744 histori-

510 800 616 840 cus
633 784 996 840 mentionem
1013 781 1168 846 fecit,
1184 797 1320 836 cum
1331 782 1458 852 jam
1475 779 1790 838 Maximilla
1803 777 2160 849 prophetare

508 873 670 944 apud
693 873 986 944 Pepuzam
1010 871 1304 941 coepisset,
1329 870 1697 926 daemonium
1717 869 1778 924 id
1807 866 2160 923 convincere

508 961 861 1028 instituisse;
882 959 1248 1031 prohibitum
1269 964 1468 1016 tamen
1489 959 1564 1014 ab
1587 959 1667 1012 eis
1685 973 1838 1022 esse,
1858 956 1960 1028 qui
1984 959 2160 1010 secta

505 1049 665 1106 illius
706 1049 928 1106 addicti
971 1048 1154 1104 fuere.
1199 1049 1457 1106 Meminit
1483 1063 1727 1119 quoque
1753 1047 2023 1102 Thraseae
2063 1059 2161 1098 cu-

505 1139 752 1211 jusdam
783 1138 1080 1209 martyris.
1123 1138 1408 1192 Praeterea
1440 1153 1512 1192 ex
1541 1141 1806 1190 veterum
1847 1131 2162 1189 traditione

2265 526 2420 579 τυρός
2461 501 2520 558 δέ
2575 523 2716 566 τινος
2763 506 2979 575 Θρασέα
3033 504 3290 572 μέμνηται
3329 513 3344 527 ·
3401 499 3537 568 ἔχειν
3577 493 3631 548 δε
3665 501 3746 550 καὶ
3779 497 3826 550 ἐκ

2267 592 2632 670 παραδόσεως,
2675 597 2744 656 ὡς
2798 593 2904 666 ἄρα
2955 598 3059 650 τοῖς
3117 585 3430 648 ἀποστόλοις
3493 589 3710 656 Χριστὸς
3759 585 3830 639 ἐπὶ

2270 681 2481 738 δώδεκα
2529 686 2616 740 ἔτη
2671 687 2742 754 μή
2793 680 3124 752 χωρίζεσθαι
3161 686 3254 738 τῆς
3307 673 3642 746 Ἰερουσαλήμ
3699 671 3833 726 ἐντεί-

2267 774 2480 827 λασθαι.
2515 780 2721 846 Χρῆται
2770 767 2828 823 δε
2887 767 2938 822 ἐν
2981 767 3186 828 πολλοῖς
3227 764 3272 826 ἐς
3325 767 3612 836 μαρτυρίαν
3649 771 3737 814 τῶν
3761 763 3832 814 λόο

2267 884 2372 936 γων
2430 861 2530 914 ἀπό
2577 869 2670 922 τῆς
2721 857 3122 928 Ἀποκαλύψεως
3175 857 3434 920 Ἰωάννου,
3485 855 3539 906 ὃν
3595 871 3718 924 φησι
3761 859 3832 905 καὶ

2268 953 2443 1023 νεκρὸν
2489 953 2685 1026 ἕγεῖραι
2737 951 2872 1001 κατὰ
2931 951 3023 1006 τὴν
3101 945 3340 1020 Ἔφεσον.
3429 947 3530 996 Καὶ
3577 941 3702 993 ἄλλα
3737 945 3834 994 τινὰ

2273 1044 2487 1114 ἱστορεῖ,
2539 1037 2819 1114 διευρύνων
2873 1041 2967 1096 τήν
3021 1036 3217 1093 πλάνην
3265 1042 3358 1095 τῆς
3409 1035 3738 1105 προκειμένης
3771 1033 3833 1084 αἱ·

2267 1149 2480 1206 ρεσεως.

511 1245 574 1286 se
591 1227 884 1300 recepisse
901 1207 1154 1299 scripsit,
1178 1227 1471 1282 Christum
1495 1224 1778 1298 apostolis
1800 1222 2175 1295 praecepisse,
2197 1222 2260 1276 ut
2277 1235 2348 1274 ne
2373 1221 2510 1274 ante
2527 1215 2955 1272 duodecimum
2973 1229 3204 1270 annum
3222 1209 3646 1282 Hierosolymis
3674 1207 3836 1263 disce-

485 1299 742 1374 derent;
767 1318 954 1373 Utitur
977 1331 1218 1389 quoque
1247 1316 1306 1370 in
1341 1315 1541 1370 multis
1571 1305 1715 1370 locis
1747 1311 2102 1368 testimoniis
2126 1325 2198 1364 ex
2223 1306 2582 1381 Apocalypsi
2607 1304 2856 1361 Joannis
2877 1302 3094 1376 petitis,
3127 1317 3310 1374 quem
3349 1299 3528 1389 etiam
3561 1303 3834 1389 mortuum

511 1406 912 1464 exsuscitasse
940 1385 1156 1478 Ephesi
1182 1405 1342 1460 dicit.
1379 1404 1588 1460 Scribit
1616 1405 1860 1474 insuper
1897 1400 2014 1456 alia
2041 1397 2348 1471 quaedam,
2381 1395 2652 1452 fraudem
2683 1399 2740 1450 et
2767 1409 3028 1450 errorem
3057 1389 3356 1462 ejusmodi
3383 1387 3623 1444 haeresis
3659 1385 3838 1458 expla-

509 1511 688 1554 nans.

1117 1603 1340 1658 CAPUT
1381 1603 1556 1657 XXVI.

511 1693 693 1750 Hunc
737 1692 932 1763 ipsum
969 1691 1354 1818 Apollontiuzu
1394 1693 1592 1748 Romae
1633 1689 1994 1760 martyrium
2032 1701 2161 1757 per-

1249 1780 1284 1818 u
1315 1778 1444 1818 asse.

485 1799 490 1802 -
1222 1771 1444 1820 tulisse.

489 1895 502 1910 ο
581 1873 744 1930 Idem
767 1871 862 1928 hic
882 1871 1230 1944 Apollonius
1251 1871 1354 1942 (l),
1372 1870 1432 1926 in
1454 1870 1614 1925 omni
1640 1883 1852 1939 genere
1875 1866 2161 1923 doctrinas

489 1977 492 1980 '
513 1967 571 2020 et
585 1961 889 2035 sapientiae
911 1961 1125 2026 clarus,
1139 1963 1343 2016 Romm
1359 1959 1621 2032 martyrii
1643 1959 1883 2030 perfecit
1897 1973 2157 2012 cursum.

509 2055 660 2109 Nam
686 2051 800 2108 sub
831 2050 1160 2107 Commodo
1191 2065 1296 2122 per
1325 2050 1673 2104 universum
1703 2048 1910 2104 orbem
1951 2062 2071 2117 pax
2107 2051 2163 2100 et

509 2139 910 2214 tranquillitas
947 2139 1216 2209 religioni
1257 2144 1479 2194 nostra
1527 2137 1672 2194 data
1717 2143 1823 2202 est,
1881 2137 2056 2208 325
2105 2139 2164 2190 et

509 2231 882 2287 salutiferam
907 2228 1160 2285 verbum
1185 2243 1428 2284 omnem
1459 2229 1729 2283 animam
1759 2243 1832 2282 ex
1861 2227 2026 2282 omni
2059 2239 2160 2294 ge-

508 2335 650 2376 nere
675 2317 993 2376 hominum
1023 2317 1102 2374 ad
1131 2333 1338 2372 verum
1373 2317 1468 2372 Dei
1499 2317 1726 2372 cultum
1755 2315 2034 2388 perduxit
2059 2333 2074 2382 ;
2107 2318 2164 2368 et

509 2411 712 2466 Romae
751 2412 886 2464 totae
917 2407 1136 2464 domus
1166 2411 1223 2463 et
1250 2405 1488 2461 familiae
1525 2405 1704 2460 simul
1735 2405 1810 2461 ad
1837 2405 2018 2460 ﬁdem
2049 2403 2163 2457 sin-

511 2515 710 2556 ceram
739 2500 1159 2571 pervenerunt.
1193 2495 1509 2562 Quomodo
1542 2499 1744 2552 autem
1783 2495 1842 2550 id
1885 2494 2062 2552 ferret
2089 2495 2160 2558 is.

509 2589 613 2661 qui
643 2586 904 2661 pulchris
934 2587 1276 2658 sanctisque
1305 2586 1485 2642 rebus
1519 2599 1756 2656 semper
1797 2585 2110 2640 insidiatur
2135 2587 2163 2642 ?

511 2681 884 2750 Quapropter
900 2691 1039 2732 cum
1065 2675 1255 2730 multa
1268 2673 1385 2730 alia
1405 2679 1612 2730 contra
1633 2689 1742 2729 nos
1755 2673 2163 2730 fraudulenter

510 2767 884 2838 excogitavit,
935 2771 1061 2821 tum
1115 2764 1432 2819 scelestum
1484 2763 1812 2835 quemdam
1861 2765 1939 2820 ad
1987 2781 2162 2820 suam

485 2857 698 2931 'ipsius
731 2855 1006 2912 fraudem
1053 2869 1424 2926 propensum
1471 2853 1786 2922 instigavit,
1823 2859 1884 2909 ut
1931 2855 2164 2925 Apollo-

2845 1593 3090 1646 ΚΕΦΑΛ.
3133 1593 3274 1671 Κς¹.

2273 1699 2415 1752 Ὀτι
2453 1703 2560 1751 καὶ
2599 1697 2655 1750 ἒν
2693 1697 2887 1771 Ῥώμη
2932 1698 2958 1749 6
2997 1696 3192 1757 αὐτὸς
3233 1692 3838 1764 Ἀπολλώνιοςὲμαρ-
3903 1691 3910 1706 ³

2911 1771 3070 1842 τύρη
3089 1787 3214 1821 σεν.

2335 1877 2397 1931 Ὀ
2438 1874 2488 1931 δ’
2521 1877 2678 1940 αὐτὸς
2716 1873 2862 1937 οὗτος
2911 1873 3276 1940 Ἀπολλώνιος,
3307 1877 3396 1926 καὶ
3451 1871 3500 1924 ἓν
3527 1868 3736 1942 παιδείᾳ
3767 1874 3838 1922 καὶ

2273 1971 2431 2040 σοφίᾳ
2483 1965 2763 2028 διαϐόητος
2827 1970 2915 2028 ὧν,
2975 1963 3058 2017 ἐπὶ
3099 1963 3301 2034 Ῥώμης
3341 1965 3430 2014 καὶ
3473 1965 3562 2014 τόν
3613 1979 3838 2034 μαρτυρι-

2269 2059 2359 2109 κόν
2413 2053 2635 2115 διήνυσε
2683 2053 2918 2108 δίαυλον.
2971 2053 3088 2107 Ἐπὶ
3141 2056 3244 2128 γὰρ
3315 2047 3582 2122 Κομόδου,
3635 2051 3754 2122 πρὸς
3791 2051 3837 2099 τὸ

2269 2152 2432 2218 πρᾶον
2486 2153 2582 2206 τῆς
2633 2149 2750 2219 περὶ
2831 2147 2969 2216 ἡμᾶς
3040 2143 3240 2218 εἰρήνης
3297 2139 3704 2214 μεταϐληθείσης
3743 2137 3838 2189 καθ’

2271 2235 2392 2297 ὅλης
2445 2241 2540 2296 τῆς
2617 2233 2942 2306 οἰκουμένης,
3017 2233 3042 2284 ό
3115 2236 3374 2302 σωτήριος
3438 2230 3592 2301 λόγος
3643 2227 3722 2280 ἐπὶ
3763 2231 3837 2284 τὸν

2271 2324 2436 2382 ἀληθῆ
2509 2326 2792 2398 θρησκείαν
2867 2327 3042 2375 πᾶσαν
3127 2321 3316 2391 ψυχὴν
3371 2327 3472 2372 τῶν
3549 2319 3606 2370 ἐκ
3681 2319 3838 2375 παντὸς

2269 2413 2570 2484 ὑπηγάγετο
2607 2419 2800 2483 γενους.
2842 2413 2959 2464 Ἐπὶ
3015 2407 3072 2462 δὲ
3117 2409 3316 2482 Ῥώμης
3365 2413 3456 2460 καὶ
3509 2407 3654 2468 ὅλους
3697 2409 3840 2462 οἴκους

2269 2507 2514 2574 παγγενεὶ
2585 2503 2744 2572 ὁμόσε
2813 2509 2875 2559 τῆ
2957 2500 3228 2572 ἀκραιφνεῖ
3269 2503 3446 2552 πίστει
3501 2503 3690 2570 χωρεῖν
3733 2513 3840 2565 παρ-

2271 2591 2535 2651 εσκεύαζε.
2593 2597 2710 2652 Πῶς
2765 2587 2815 2642 δ’
2860 2591 2920 2642 ἄν
2969 2589 3139 2660 ἔμελλε
3193 2595 3346 2641 τοῦτο
3401 2588 3582 2640 οἰστὸν
3623 2581 3744 2638 εἶναι
3779 2591 3835 2652 τῷ

2271 2679 2348 2732 ἀεὶ
2388 2687 2496 2742 τοῖς
2553 2679 2726 2742 καλοῖς
2785 2677 3155 2754 ἐφεδρεύοντι;
3213 2678 3366 2730 Ὀθεν
3423 2677 3590 2730 πολλὰ
3638 2677 3721 2748 μὲν
3763 2677 3835 2723 καὶ

2269 2769 2398 2821 ἄλλα
2425 2773 2834 2842 ἐπιτεχνώμενος
2883 2766 2965 2832 ἦν,
2998 2774 3088 2820 καὶ
3125 2788 3240 2820 τινα
3281 2763 3332 2819 δ’
3372 2765 3532 2838 ἐναγῆ
3575 2773 3644 2817 τῶ
3681 2761 3836 2818 Ἀπολ-

2268 2858 2432 2930 λωνίῳ
2463 2879 2476 2891 ·
2537 2864 2626 2910 καὶ
2679 2859 2750 2919 εἰς
2807 2856 3147 2932 δικαστήριον
3225 2857 3360 2928 ἄγει.
3417 2861 3522 2910 Καὶ
3571 2857 3598 2906 6
3649 2857 3732 2926 μεν
3777 2855 3834 2923 μή

509 2947 679 3004 nium
728 2945 807 3002 ad
854 2943 1114 3000 tribunal
1155 2941 1544 3014 protraheret,
1594 2944 2160 3014 accusationemque

2271 2951 2634 3022 προσηκόντως
2691 2952 2783 3006 τήν
2851 2944 3006 3005 δίκην
3064 2947 3310 3016 ὑπελθὼν,
3373 2947 3438 2997 τὰ
3496 2944 3650 3001 σκέλη
3701 2939 3834 2994 διετί-

511 3040 722 3092 contra
763 3049 902 3089 eum
932 3032 1330 3088 constitueret.
1379 3031 1432 3086 Is
1473 3047 1653 3102 porro
1699 3031 1950 3098 delator,
1997 3033 2162 3104 quod

511 3139 635 3181 non
678 3124 936 3194 legitime
985 3121 1282 3177 actionem
1333 3120 1704 3184 intendisset,
1759 3121 2042 3176 Perennio
2081 3121 2160 3193 ('2)
2213 3117 2216 3120 ’

512 3213 870 3270 sententiam
889 3212 1128 3278 ferente,
1142 3209 1416 3265 cruribus
1435 3209 1560 3280 ejus
1583 3210 1801 3273 fractis,
1815 3211 2164 3266 debitasluit

509 3318 723 3375 pcenas
751 3317 862 3356 :ex
887 3299 1316 3356 consuetudine
1341 3298 1628 3370 quadam,
1656 3314 1789 3370 quae
1825 3307 2032 3354 contra
2061 3316 2162 3355 eos

509 3395 712 3449 Romae
739 3389 1006 3456 invaluit,
1040 3389 1144 3461 qui
1181 3403 1276 3443 res
1307 3387 1450 3443 tales
1482 3387 1558 3442 ad
1583 3387 1815 3456 judices
1847 3387 2158 3444 deferrent.

509 3483 640 3553 Ipse
670 3485 872 3536 autem
893 3483 1141 3550 martyr,
1171 3493 1308 3534 cum
1340 3477 1402 3532 in
1423 3483 1633 3532 senatu
1655 3479 1945 3544 Romano,
1961 3478 2162 3547 judice

507 3571 592 3627 ita
623 3573 941 3634 statuente,
977 3569 1268 3623 rationem
1301 3565 1683 3637 professionis
1711 3567 1846 3622 ﬁdei
1879 3583 2002 3622 sua;
2031 3583 2161 3624 ora-

508 3661 667 3717 tione
685 3658 992 3715 luculenta
1005 3656 1386 3720 reddidisset,
1408 3655 1481 3710 de
1513 3655 1802 3711 sententia
1819 3662 2064 3712 senatus
2081 3659 2157 3728 (3)

509 3747 746 3820 capitali
767 3745 1015 3803 affectus
1039 3745 1351 3818 supplicio,
1371 3759 1402 3800 e
1420 3744 1536 3801 vita
1567 3745 1864 3814 migravit.
1887 3746 1993 3810 Qui
2019 3761 2159 3801 vero

2273 3037 2483 3091 θλαστο.
2535 3041 2804 3111 Περεννίου
2846 3041 2938 3095 τὴν
3002 3033 3156 3094 δίκην
3215 3033 3590 3106 ἐπαγαγόντος,
3643 3033 3764 3084 κατά
3799 3047 3837 3080 τι

2269 3129 2381 3188 ἔθος
2431 3133 2702 3198 κρατῆσαν
2768 3125 3053 3197 Ῥωμαϊκὸν
3134 3129 3256 3185 τοὺς
3311 3126 3376 3176 τὰ
3433 3131 3654 3176 τοιαῦτα
3701 3137 3839 3170 κατα-

2270 3217 2560 3287 μηνύοντας
2594 3217 2844 3286 πάσχειν.
2893 3214 2953 3266 Ὀ
3003 3211 3061 3266 δὲ
3105 3217 3311 3285 μάρτυς
3359 3213 3514 3284 λόγον
3553 3211 3836 3269 αἰτήσαντος

2270 3311 2361 3356 τοῦ
2395 3300 2702 3366 δικάζοντος
2753 3304 2836 3356 ἰπὶ
2869 3311 2965 3365 τῆς
2997 3302 3293 3374 συγκλήτου
3345 3301 3562 3374 βουλῆς,
3611 3304 3695 3352 καὶ
3737 3299 3838 3349 ταύ-

2271 3411 2364 3451 την
2417 3392 2576 3455 ἀξίως
2625 3399 2717 3444 τοῦ
2769 3397 3013 3467 σφετέρου
3075 3391 3229 3460 λόγου
3283 3393 3410 3464 ὑπερ
3469 3399 3568 3452 τῆς
3649 3393 3837 3444 πίστεως

2269 3486 2582 3554 παρασχών,
2652 3487 2880 3554 τιμωρίᾳ
2933 3481 3180 3554 κεφαλικῇ
3229 3476 3460 3552 δόγματι
3509 3487 3602 3540 τῆς
3643 3475 3836 3546 mli-

2267 3589 2356 3622 του
2403 3577 2494 3622 τοῦ
2549 3569 2666 3644 βίου
2723 3569 2982 3633 ἐξίστατο.
3020 3575 3079 3622 Εἴ
3121 3590 3196 3631 τις
3241 3575 3414 3622 τοίνυν
3443 3570 3523 3622 ἐπ’
3556 3567 3752 3642 ἀκριϐὴς
3787 3567 3838 3616 τὰ

2269 3659 2383 3710 κατ’
2439 3659 2593 3711 αὐτόν
2649 3655 2932 3730 διαγνῶναι
3015 3659 3266 3724 θελήσειε,
3320 3667 3502 3712 τοῦτον
3555 3667 3626 3728 τῷ
3673 3656 3836 3708 ἐκείνου

2267 3753 2536 3822 μαρτυρίῳ
2577 3747 2910 3820 ἐντυγχάνειν
2939 3753 3310 3823 προτρέπομεν.

510 3838 724 3894 certius
753 3835 1211 3908 accuratiusque
1257 3851 1351 3890 res
1382 3835 1510 3906 ejus
1559 3849 1918 3905 cognoscere
1961 3835 2114 3900 velit,
2149 3851 2288 3892 eum
2333 3837 2412 3892 ad
2451 3837 2804 3910 martyrium
2854 3839 3003 3908 ejus,
3045 3838 3210 3910 quod
3255 3838 3314 3892 in
3355 3838 3578 3894 litteras
3617 3835 3835 3892 relatum

509 3931 615 3995 est,
647 3925 973 3998 legendum
1003 3924 1409 3981 cohortamur.

1110 4044 1333 4100 CAPUT
1371 4043 1572 4098 XXVII.

590 4153 661 4209 Ut
698 4151 992 4224 Serapion
1022 4151 1363 4224 Antiochia
1395 4151 1700 4224 episcopus
1739 4149 2091 4208 Montanum

901 4225 1214 4294 refellerit,
1249 4229 1300 4278 et
1323 4223 1396 4278 de
1427 4222 1594 4278 libris
1624 4224 1769 4292 ejus.

584 4402 952 4474 Scriptorum
967 4415 1107 4456 vero
1127 4415 1264 4472 qua:
1285 4397 1640 4469 Apollinaris
1666 4405 1870 4455 contra
1891 4399 2163 4456 haeresim

510 4491 844 4548 secundum
894 4490 1160 4562 Phryges
1213 4489 1575 4559 composuit,
1626 4489 1803 4544 etiam
1855 4489 2160 4560 Serapion,

509 4597 686 4656 quem
703 4579 1024 4636 Antiochiae
1041 4579 1115 4634 ad
1134 4580 1412 4634 Orontem
1429 4577 1726 4634 Maximini
1743 4579 1800 4632 in
1816 4579 2164 4650 episcopatu

509 4685 920 4728 successorem
939 4667 1122 4726 fuisse
1141 4666 1554 4734 indicavimus,
1577 4667 1848 4722 meminit
1867 4668 1922 4721 in
1949 4669 2166 4738 episto-

507 4759 567 4818 la
595 4759 864 4833 quadam
891 4757 970 4814 ad
998 4757 1346 4814 Cariconem
1377 4761 1432 4811 et
1463 4755 1738 4811 Pontium
1772 4755 1872 4828 (4),
1907 4757 1982 4811 ita
2026 4757 2166 4811 scri-

505 4847 659 4906 bens
701 4865 714 4904 :
749 4869 778 4900 «
805 4850 874 4904 Ut
902 4862 1040 4904 vero
1079 4844 1443 4915 intelligatis,
1475 4861 1610 4916 quae
1642 4845 1702 4898 in
1743 4849 1863 4900 toto
1903 4845 2046 4900 orbe
2078 4849 2164 4900 est

507 4936 962 5002 fraternitatem,
985 4934 1264 4992 detestari
1297 4933 1632 5006 praestigias
1660 4933 1886 4988 ordinis
1909 4939 1964 4988 et
1989 4939 2162 4990 sectze

509 5027 666 5100 ejus,
693 5043 828 5098 quae
862 5040 1035 5081 novae
1068 5023 1396 5096 prophetia!
1425 5022 1659 5086 dicitur,
1695 5021 1916 5078 litteras
1949 5023 2164 5079 beatis-

511 5117 646 5174 simi
681 5115 906 5176 Claudii
937 5112 1295 5186 Apollinaris
1335 5111 1756 5183 Hierapolitani
1788 5111 1847 5167 in
1879 5113 2014 5169 Asia
2045 5113 2165 5183 epi-

581 5227 655 5297 (l)
707 5221 1159 5297 Secundi__hu_ic
1223 5234 1446 5276 nomen
1498 5217 1630 5274 fuit.
1667 5219 1852 5297 _l_lier.
1907 5220 2165 5297 de_v_iris

509 5290 712 5380 illusi...
727 5291 1226 5368 quiApollonium
1241 5297 1576 5347 senatorem
1595 5290 1755 5346 urbis
1773 5293 1969 5346 Romae
1985 5291 2164 5348 fuisse

512 5367 1004 5510 εοξὲἷῗίθνοηηὶυε
1044 5435 1359 5510 praefectus
1389 5433 1611 5510 multos
1649 5433 1942 5490 nobilium
1982 5435 2162 5490 inter-

511 5507 668 5568 fecit.
713 5507 1063 5582 (Lamprid.,
1093 5507 1434 5576 Herodian.)

581 5583 658 5656 (3)
687 5575 766 5638 Eo
795 5575 962 5656 quod
991 5581 1086 5638 lex
1113 5581 1313 5636 Romae
1339 5580 1510 5648 esset,
1543 5591 1662 5634 non
1689 5577 1906 5634 debere
1933 5575 2160 5634 absolvi

2869 4047 3113 4100 ΚΕΦΑΛ.
3159 4043 3274 4099 KZ'.

2271 4149 2362 4210 Ὡς
2414 4155 2520 4204 καὶ
2563 4156 2885 4224 Σεραπίων
2940 4153 2966 4204 ὀ
3023 4154 3448 4224 Ἀντιοχείας
3503 4155 3652 4212 τοὺς
3715 4149 3836 4218 περὶ

2343 4223 2666 4276 Μοντανόν
2723 4223 3095 4297 ἀπελέγχει,
3145 4229 3252 4276 καὶ
3305 4228 3455 4297 περὶ
3493 4231 3615 4275 τῶν
3672 4239 3838 4289 συγγ-

2345 4297 2687 4368 ραμμάτων
2727 4295 2942 4348 αὐτοῦ.

2342 4407 2452 4452 Τῶν
2493 4397 2543 4453 δ’
2595 4399 2966 4474 Ἀπολλιναρίῳ
3018 4404 3371 4474 πεποιημένων
3416 4403 3552 4452 κατὰ
3603 4407 3692 4460 τῆς
3731 4403 3837 4468 Φρνο

2272 4497 2374 4562 γῶν
2415 4491 2654 4562 αἱρέσεως
2709 4496 2796 4544 καὶ
2849 4495 3108 4562 Σεραπίων
3163 4492 3215 4542 ὃν
3255 4492 3338 4542 ἐπὶ
3382 4497 3441 4564 τῇ
3487 4493 3621 4562 πρὸς
3649 4487 3832 4560 Ὀρόντῃ

2275 4579 2574 4652 Ἀντιοχείᾳ
2613 4581 2742 4652 μετὰ
2793 4579 3078 4654 Μαξιμῖνον
3117 4576 3380 4652 διάδοχον
3429 4589 3524 4641 τῆς
3579 4581 3836 4632 ἐπισκοπῆς

2275 4667 2632 4742 ἐδηλώσαμεν,
2665 4675 2920 4742 μέμνηται
2963 4672 3010 4722 ἓν
3067 4689 3170 4722 τινι
3223 4679 3322 4721 τῶν
3365 4666 3513 4722 ἰδίων
3563 4665 3832 4723 ἐπιστολῶν,

2279 4763 2538 4830 Καρίκωνι
2590 4763 2678 4810 καὶ
2757 4765 2960 4830 Ποντίῳ
3021 4761 3337 4832 πεμφθείση,
3395 4760 3607 4832 γράφων
3663 4757 3830 4812 οὕτως’

2279 4869 2306 4896 ‹‹
2331 4847 2509 4909 Ὅπως
2541 4843 2599 4899 δὲ
2645 4853 2732 4898 καὶ
2779 4855 2929 4900 τοῦτο
2961 4843 3155 4914 εἰδῆτε,
3196 4849 3275 4900 ὅτι
3303 4855 3392 4908 τῆς
3419 4843 3647 4918 ψευδοῦς
3673 4845 3833 4898 ταύτης

2277 4936 2462 4998 τάξεως
2511 4944 2600 4996 τῆς
2666 4935 3070 5008 ἐπικαλουμένης
3125 4940 3239 4996 νέας
3295 4939 3602 5008 προφητείας
3659 4927 3830 4985 £660.9-

2276 5045 2396 5077 κται
2449 5025 2477 5083 ἡ
2532 5023 2756 5098 ἐνέργεια
2785 5027 2928 5098 παρὰ
2973 5027 3116 5097 πείσῃ
3160 5033 3222 5097 τῇ
3269 5027 3316 5076 ἓν
3369 5033 3441 5096 τῷ
3494 5027 3672 5094 κόσμῳ
3711 5015 3831 5072 ἅδε).-

2277 5117 2484 5188 φότητι,
2535 5117 2780 5186 πέπομφα
2833 5115 2953 5186 ὑμῖν
3009 5121 3099 5166 καὶ
3155 5109 3418 5167 Κλαυδίου
3475 5111 3828 5182 Ἀπολλιναρίου

2273 5221 2578 5276 hominem
2599 5221 3020 5288 Christianum,
3050 5221 3150 5293 qui
3175 5235 3284 5292 pro
3311 5219 3586 5275 tribunali
3617 5227 3826 5293 causam

2273 5293 2535 5357 dixisset,
2593 5293 2700 5347 nisi
2763 5287 3137 5364 propositum
3177 5287 3470 5348 'mutaret.
3532 5287 3825 5362 (Eusebius,

2271 5363 2374 5418 lib.
2407 5381 2460 5428 ν,
2492 5379 2623 5434 cap.
2657 5363 2768 5434 21).
3148 5433 3151 5434 ν
3321 5433 3325 5434 ν
3751 5430 3787 5434 Α

2297 5381 2374 5418 ID.
2407 5381 2460 5418 ν.
2492 5381 2623 5418 (33.0.
2657 5381 2768 5418 21).

2346 5379 3010 5506 Ἐϐιῗὲἒὸῗιίίάνίιιιιηι
3061 5433 3262 5498 habet,
3315 5433 3418 5490 lib.
3469 5450 3523 5502 ν,
3562 5445 3700 5506 τοι).
3741 5430 3824 5488 t9;

2273 5504 2415 5564 item
2442 5507 2776 5563 Ponticum.
2801 5505 2909 5562 Alii
2949 5507 3128 5563 etiam
3155 5507 3436 5564 Carinum
3477 5504 3708 5562 habent.
