4000 6220
144 317 290 376 1045

1189 316 1763 376 ECCLESIASTICE
1802 313 2160 373 HISTORL‘E
2198 315 2335 372 LIB.
2378 317 2471 374 IV.

3366 310 3507 367 1046

138 453 235 497 τοῦ
318 439 752 520 μακαριωτάτους
810 445 858 498 ἓν
935 445 1232 520 Ἱεραπόλει,
1308 450 1580 520 γενομένου
1647 454 1731 508 τῆς

1855 442 2019 515 scopi
2051 443 2129 499 ad
2160 458 2264 499 vos
2287 443 2444 502 misi.
2480 463 2509 496 »
2540 443 2606 500 In
2627 442 2841 500 eadem
2883 439 3222 513 Serapionis
3252 437 3510 512 epistola

133 539 309 596 Δσίας
375 537 688 602 ἐπισκόπου,
747 537 1056 609 γράμματα.
1113 538 1198 588 Ἐν
1251 540 1383 609 αὐτῇ
1440 534 1500 590 δε
1553 543 1616 608 τῇ
1650 542 1740 588 τοῦ

139 629 464 700 Σεραπίωνος
533 624 776 684 ἐπιστολῆ
859 629 948 678 καὶ
1016 627 1437 698 ύπόσημειώσεις
1507 628 1742 699 φέρονται

139 709 409 787 διαφόρων
448 716 743 766 ἐπισκόπων
776 731 790 745 ⁸
823 713 890 767 ὧν
930 717 956 767 6
983 711 1102 788 ’μέν
1149 735 1231 778 τις
1272 712 1378 768 ὧδέ
1405 735 1512 776 πως
1543 716 1744 772 ύπεση-

137 807 343 875 μήνατο
406 820 421 834 °
484 823 510 854 ιι
563 803 821 878 Δύρήλιός
903 805 1161 880 Κυρήνιος
1212 806 1409 877 μάρτυς
1483 802 1742 879 ἐρρῶσθαι

139 893 282 964 ὑμᾶς
326 895 574 966 εὔχομαι.
632 913 660 945 ν
723 893 782 946 Ὁ
841 891 900 947 δέ
963 914 1046 956 τις
1103 901 1282 947 τοῦτον
1349 896 1437 946 τὸν
1493 897 1684 965 τρόπον
1717 907 1733 922 ·

139 1001 168 1032 α
229 983 406 1043 Αἴλιος
454 983 710 1044 Πούπλιος
741 983 974 1048 Ἰούλιος,
1030 983 1130 1036 ἀπὸ
1186 993 1280 1046 τῆς
1312 982 1558 1044 Δεϐελτῆς
1585 981 1743 1034 κολω-

133 1076 278 1132 νείας
303 1080 399 1134 τῆς
447 1074 657 1148 Θράκης
703 1072 982 1134 ἐπίσκοπος
1014 1090 1028 1103 '
1078 1081 1149 1146 Ζῇ
1205 1076 1230 1125 6
1281 1076 1410 1134 Θεὸς
1466 1073 1492 1124 6
1536 1076 1586 1124 ἓν
1631 1078 1741 1133 τοῖς

129 1161 393 1235 οὐρανοῖς,
432 1163 514 1214 ὃτι
543 1167 717 1224 Σώτας
745 1164 771 1214 ὁ
821 1170 1076 1237 μακάριος
1128 1164 1154 1214 6
1181 1165 1230 1216 ἓν
1286 1161 1558 1234 Ἀγχιάλῳ
1616 1162 1740 1220 ἠθέ-

132 1250 270 1309 λησε
325 1255 414 1303 τόν
466 1247 695 1324 δαίμονα
743 1255 830 1304 τόν
875 1252 1193 1328 Πρισκίλλης
1250 1251 1476 1305 ἐκϐαλεῖν
1510 1268 1522 1282 ·
1568 1255 1658 1303 καὶ
1691 1252 1740 1303 οἱ

132 1340 423 1414 ὑποκριταὶ
477 1341 572 1393 ούκ
625 1340 848 1414 ἀφῆκαν.
909 1359 939 1394 ›
997 1347 1098 1396 Καὶ
1153 1341 1316 1394 ἄλλων
1368 1341 1608 1394 πλειόνων
1654 1343 1739 1392 τόν

131 1427 364 1502 ἀριθμόν
401 1428 699 1483 ἐπισκόπων
739 1431 1036 1504 συμψήφων
1095 1435 1299 1494 τούτοις
1328 1433 1378 1484 εν
1430 1437 1535 1491 τοῖς
1566 1425 1741 1488 δηλω-

134 1520 280 1572 θεῖσι
347 1522 654 1595 γράμμασιν
716 1520 1036 1594 αύτόγραφοι
1111 1526 1349 1596 φέρονται
1403 1525 1736 1592 σημειώσεις.

129 1609 214 1662 Τὰ
254 1610 346 1680 μεν
399 1608 494 1661 οὔκ
559 1613 694 1669 κατή
750 1611 1012 1664 Μοντανόν
1071 1614 1162 1664 καὶ
1210 1619 1302 1672 τῆς
1356 1612 1493 1663 κατὰ
1535 1611 1741 1684 Φρύγας

131 1699 387 1770 αἱρέσεως
413 1697 461 1750 ἓν
491 1701 714 1760 τούτοις.

732 1806 976 1862 ΚΕΦΑΛ.
1014 1807 1139 1860 KH'.

131 1901 234 1964 Ὠς
284 1906 389 1980 καὶ
436 1905 465 1962 ἠ
525 1910 635 1980 τοῦ
690 1907 1068 1980 Μαρκίωνος,
1111 1909 1371 1979 αἵρεσις
1427 1904 1738 1967 εἰςπολλὰ

356 1971 653 2052 διῃρέθη,
711 1971 820 2032 καὶ
871 1983 1013 2032 τίνα
1050 1971 1519 2054 ίτεράτεύοντο.

207 2153 457 2226 Μαρκίων
505 2150 615 2207 δὶό
666 2159 932 2222 Ποντικός,
977 2157 1037 2209 οὗ
1073 2160 1164 2209 καὶ
1216 2157 1406 2208 ἄνωθεν
1447 2159 1624 2229 μνείαν
1647 2174 1735 2208 πε-

129 2245 387 2314 ποίημαι,
445 2246 504 2295 τὸ
543 2251 636 2297 τοῦ
708 2241 972 2316 Κίρδωνος
1023 2244 1203 2308 ἀσεϐὲς
1253 2245 1533 2318 ἐπιμᾶλλον
1575 2245 1735 2308 αύξῆ-

135 2350 256 2396 σας,
289 2335 554 2407 τέσσαρας
610 2332 916 2406 ἆγεννήτους
969 2335 1153 2398 οὐσίας
1209 2343 1282 2406 τῷ
1332 2335 1468 2407 λόγῳ
1516 2331 1734 2387 διέπλα-

134 2439 222 2473 σεν
254 2439 268 2454 ο
303 2421 370 2472 ὧν
420 2425 506 2474 τὸν
537 2425 626 2494 μὲν
682 2422 879 2495 ἀγαθόν
915 2443 968 2477 τε
1014 2429 1104 2477 καὶ
1165 2426 1432 2496 ἄγνωστον
1465 2428 1734 2498 προσηγό-

131 2529 334 2585 ρευσεν,
363 2510 388 2563 ὃ
419 2515 625 2584 Πατέρα
651 2521 744 2566 τοῦ
793 2521 1020 2586 Χριστοῦ
1057 2513 1192 2586 λέγει
1225 2533 1238 2547 ·
1292 2516 1378 2565 τόν
1428 2510 1487 2566 δε
1526 2510 1730 2566 δίκαιον

132 2604 223 2652 καὶ
254 2600 586 2673 δημιομργόν
620 2619 634 2632 ·
675 2610 859 2655 τοῦτον
905 2600 964 2656 δὲ
1016 2607 1238 2678 πονηρόν
1287 2602 1528 2675 ὀνομάζει
1570 2621 1583 2634 ·

137 2691 265 2762 πρός
322 2693 528 2752 τούτοις
575 2691 702 2749 ὕλην
753 2698 919 2751 κακην
970 2711 1022 2745 τε
1077 2689 1258 2758 οὖσαν,
1312 2698 1402 2745 καὶ
1458 2691 1544 2745 ὑπ’
1593 2691 1729 2764 οῖλλῳ

1637 2607 1729 2655 καὶ

135 2785 210 2848 τῷ
237 2779 378 2849 κακῷ
430 2780 798 2837 συντελοῦσαν.
855 2783 952 2835 Τόν
979 2801 1038 2854 γε
1073 2787 1175 2853 μὴν
1216 2779 1542 2857 δημιουργόν
1580 2801 1730 2856 περι-

139 2871 398 2938 γενόμενον
436 2876 530 2921 τοῦ
568 2878 734 2922 κακοῦ
783 2875 875 2930 τήν
928 2871 1052 2929 ὕλην
1109 2870 1282 2924 λαϐεῖν
1333 2876 1423 2923 καὶ
1469 2868 1732 2945 δημιουρ-

138 2963 304 3024 γῆσαι
333 2959 398 3008 τὰ
459 2961 761 3030 σύμπαντα.
819 2960 912 3014 Ἐκ
971 2963 1061 3033 μεν
1091 2968 1182 3012 τοῦ
1230 2962 1602 3035 καθαρωτάτου
1643 2965 1731 3013 τόν

133 3045 347 3120 οὐρανὸν
405 3052 494 3099 καὶ
553 3051 620 3101 τὰ
665 3049 796 3102 ἄλλα
844 3047 1040 3108 διηθῶν
1080 3052 1213 3121 λέγει
1241 3047 1583 3124 δημιουργεῖν
1623 3067 1636 3081 ⁸
1676 3054 1731 3104 ἑκ

130 3139 440 3208 παχυτέρου
499 3134 559 3190 δε
609 3141 695 3190 τόν
745 3159 799 3192 τε
841 3136 1186 3213 παράδεισον,
1218 3145 1308 3192 καὶ
1343 3139 1530 3192 ἐκεῖθεν
1552 3140 1608 3192 ἐκ
1632 3139 1732 3214 βω·
1762 3171 1803 3228 C

131 3223 221 3276 λου
246 3228 334 3277 τὸν
367 3223 543 3299 Ἀδάμ
577 3243 591 3258 ⁶
623 3226 677 3279 ἐκ
727 3235 819 3291 τῆς
859 3229 1052 3290 οἰκείας
1079 3225 1138 3282 δε
1169 3229 1349 3291 ούσίας
1375 3225 1559 3282 δοῦναι
1588 3231 1730 3303 αὐτῷ

127 3318 225 3372 τὴν
247 3313 438 3386 ψυχήν
473 3333 487 3346 ·

127 3410 237 3474 χῆς
294 3409 385 3457 καὶ
437 3413 529 3458 τοῦ
581 3413 840 3480 σώματος.
895 3406 1244 3480 Ἀγαθὼτερον
1275 3404 1334 3460 δὲ
1375 3413 1464 3461 καὶ
1503 3412 1589 3460 τὸν
1617 3413 1730 3482 ὅφιν

128 3491 349 3544 πλάττει
400 3502 490 3546 τοῦ
545 3492 895 3568 δημιουργοῦ.
926 3503 1068 3568 Τιμᾴ
1096 3495 1155 3550 δὲ
1202 3496 1355 3558 αὐτὸς
1383 3503 1470 3550 καὶ
1503 3500 1589 3550 τὸν
1620 3501 1732 3571 ὅφιν

131 3580 444 3654 Βλασφημεῖ
496 3581 555 3637 δὲ
604 3591 695 3638 καὶ
745 3590 863 3648 τούς
914 3589 1251 3661 πατριύρχας
1306 3593 1394 3640 καὶ
1441 3591 1562 3648 τούς
1607 3607 1732 3662 προ-

128 3674 323 3741 φήτας.
355 3673 448 3726 Ἐκ
486 3677 576 3746 μὲν
607 3671 694 3726 οὖν
747 3683 846 3727 τῶν
900 3675 1220 3747 Εύαγγελίων
1259 3679 1317 3728 τό
1357 3678 1493 3728 κατὰ
1524 3682 1731 3730 Λουκᾶν

125 3763 285 3830 μόνον
350 3757 587 3833 δέχεται,
659 3769 750 3822 τὴν
801 3765 1128 3836 γενεαλογίαν
1201 3784 1500 3838 περιαιρων.
1557 3766 1733 3820 Ἐννέα

126 3844 190 3900 δὲ
221 3854 380 3921 μόνας
428 3859 518 3904 τοῦ
567 3851 890 3907 Ἀπόστόλου
936 3859 1209 3926 προσίεται
1262 3853 1590 3915 Ἐπιστολάς·
1640 3859 1730 3907 καὶ

556 3315 826 3369 κάντεῦθεν
883 3314 1014 3371 εἶναι
1069 3322 1163 3378 τὴν
1203 3315 1482 3390 διαμάχην
1512 3319 1732 3391 τῆςψυ-

123 3941 329 3990 τούτων
385 3941 672 4015 περικόψας
726 3945 792 3995 τὰ
836 3943 1080 4000 πλεῖστα.
1125 3947 1229 4001 Τὴν
1269 3941 1330 3996 δὲ
1360 3943 1584 3995 παλαιὰν
1613 3950 1728 3997 Δια-

128 4030 295 4086 θήκην
358 4035 449 4083 καὶ
499 4035 620 4094 τοὺς
681 4036 954 4105 Προφήτας
1021 4031 1294 4085 ἀπελαύνει
1372 4035 1724 4099 παντάπασιν,

123 4120 199 4179 ὡς
257 4117 359 4170 ύπό
387 4118 655 4193 ἀλλοτρίου
707 4118 992 4193 δεδομένην
1046 4129 1200 4175 amr
1243 4126 1512 4194 Φαντασίᾳ
1551 4119 1609 4176 δε
1638 4127 1728 4175 καὶ

122 4207 404 4280 ἄνθρωωον
434 4211 523 4261 τὸν
575 4215 805 4285 Χριστόν
843 4213 1111 4282 γενέσθαι.
1152 4210 1356 4283 Ἐξάγει
1389 4208 1448 4264 δὲ
1473 4219 1564 4264 τού
1604 4211 1726 4285 βίου

124 4301 220 4348 καὶ
266 4301 361 4355 τὴν
409 4297 716 4355 ἀνάστασιν.
778 4300 937 4362 Οὗτος
983 4304 1072 4353 τὸν
1128 4304 1217 4373 μὲν
1268 4303 1398 4356 Κάῖν
1452 4307 1541 4354 καὶ
1612 4307 1729 4366 τούς

123 4381 419 4458 Σοδομίτας
474 4387 608 4460 λέγει
667 4395 928 4463 σωτηρίας
977 4397 1264 4462 μετασχεῖν
1317 4394 1629 4465 προσιόντας
1679 4391 1726 4444 ἓν

122 4470 236 4548 ἆδῃ
266 4483 484 4550 Χριστῷ
518 4495 530 4508 ·
560 4479 672 4548 ετόν
721 4479 878 4536 ⁴Αϐελ
931 4477 1009 4545 δὲ,
1050 4483 1138 4532 τόν
1179 4479 1349 4552 Ἑνὼχ
1368 4485 1459 4532 καὶ
1483 4483 1566 4532 νόν
1592 4488 1724 4550 Νῶε,

121 4566 248 4627 τούς
280 4583 335 4616 τε
379 4570 715 4643 πατριάρχας
761 4575 851 4623 καὶ
906 4573 1171 4642 προφήτας
1217 4574 1307 4622 καὶ
1347 4565 1608 4636 δικαίους,
1650 4575 1722 4643 μὴ

1445 4664 1543 4713 Καὶ
1594 4660 1724 4714 ἄλλα

120 4742 344 4796 πλεῖστα
374 4749 505 4799 κατά
548 4755 682 4800 Θεοῦ
721 4747 994 4806 ἐλύττησεν
1025 4765 1038 4779 ·
1080 4749 1147 4799 ὧν
1200 4752 1267 4801 τὰ
1321 4747 1477 4801 πλείω
1508 4759 1723 4822 παρῆκα

119 4653 505 4726 προσελθόντας
584 4661 775 4730 ἐκείνῳ,
847 4661 934 4711 τὸν
985 4655 1121 4730 ᾅδην
1191 4659 1366 4714 οἰκεῖν.

119 4839 277 4904 σιγῇ.
311 4833 471 4888 Ἀλλὰ
515 4841 606 4889 καὶ
659 4839 688 4896 ἡ
743 4840 929 4890 τούτου
961 4837 1162 4909 φάλαγξ
1199 4838 1413 4910 ὕστερον
1449 4838 1521 4901 εἰς
1559 4839 1723 4892 πολλὰ

120 4919 371 4996 διῃρέθη.
422 4926 676 4989 Ἀπελλῆς
726 4929 824 5000 γὰρ
869 4947 950 4989 τις
1008 4936 1118 4988 τοῖς
1174 4927 1368 4981 ἐκείνου
1423 4931 1720 5001 ἄγεννήτοις

118 5015 381 5084 τέσσαρσι
431 5021 520 5067 καὶ
571 5016 738 5089 ἕτερον
794 5019 1082 5092 προσέθηκε
1133 5020 1362 5091 πύρινον.
1415 5016 1617 5090 βιϐλίον
1659 5016 1720 5071 δέ

118 5119 173 5151 τι
234 5103 438 5164 συνθεὶς
492 5103 806 5178 Φιλουμένης
864 5110 1174 5179 προφητείαν
1232 5111 1490 5180 ὠνόμασε.
1559 5114 1720 5181 Περι-

119 5190 317 5242 τέθεικε
373 5187 430 5243 δε
485 5202 556 5264 τῷ
611 5201 824 5267 Χριστῷ
877 5198 963 5245 καὶ
1022 5203 1176 5267 σῶμα
1221 5196 1315 5248 ούκ
1373 5195 1714 5270 ἀνθρώπινον,

120 5277 232 5331 ἀλλ’
258 5277 315 5332 ἐκ
344 5289 438 5344 τῆς
467 5291 560 5335 τοῦ
587 5285 711 5358 παρ’
743 5283 920 5344 αὐτοῖς
947 5287 1149 5357 κόσμου
1180 5283 1378 5347 ούσίας.

196 5571 282 5644 (1)
313 5593 335 5644 ι
371 5570 553 5642 Igitur
573 5569 657 5644 de
680 5567 955 5644 calcaria,
988 5568 1155 5644 quod
1180 5569 1300 5644 dici
1333 5569 1480 5644 solet
1509 5570 1570 5626 in
1600 5586 1725 5628 car-

119 5641 466 5709 bonariam,
521 5657 558 5701 a
606 5641 904 5701 Marciane
944 5641 1024 5699 ad
1051 5641 1310 5714 Apellem
1343 5662 1357 5698 :
1391 5642 1506 5700 hoc
1547 5646 1654 5711 est,
1687 5658 1725 5700 a

1774 1812 1819 1868 Β

1853 532 2294 603 adnotationes,
2311 534 2432 588 sive
2447 533 2910 605 subscriptiones
2924 531 3186 604 plurium
3199 530 3508 602 episcopo-

1851 637 1986 677 rum
2011 627 2412 690 recensentur,
2436 638 2691 695 quorum
2705 619 3176 694 quidamitafere
3190 633 3375 674 manu
3397 633 3508 675 sua

1853 709 1904 765 ei
1930 709 2314 781 subscripsit:
2344 711 2655 766 «Aurelius
2683 710 2968 782 Cyrenius
2995 714 3222 779 martyr
3237 711 3380 778 opto
3402 722 3507 761 vos

1852 798 2114 855 valere.»
2131 799 2385 865 Quidam
2400 800 2513 855 hoc
2537 800 2745 856 modo:
2769 819 2798 850 α
2814 798 3002 854 λίΕιίιιε
3025 796 3270 853 Publius
3292 795 3503 852 Julius.

1851 887 2073 944 Debelti
2119 889 2366 946 coloniae
2411 889 2674 946 Thraciae
2725 889 3047 960 episcopue
3081 903 3094 940 :
3129 885 3306 957 326
3363 884 3505 940 Vivit

1851 976 2152 1048 Deus,qui
2191 977 2436 1033 incmlis
2459 984 2566 1047 est,
2605 978 2770 1049 quod
2797 977 3011 1032 beatus
3053 975 3250 1042 Sotas,
3280 973 3386 1045 qui
3412 977 3506 1029 est

1851 1067 2140 1132 Anchiali,
2168 1067 2535 1123 dmmonium
2573 1065 2850 1122 Priscillm
2885 1065 3098 1136 ejicere
3134 1063 3352 1120 voluit:
3399 1062 3506 1119 sed

1848 1156 2177 1228 hypocritm
2228 1157 2290 1211 id
2319 1171 2440 1212 non
2479 1155 2821 1228 permisere.
2847 1175 2872 1206 υ
2919 1157 2984 1209 Et
3030 1153 3128 1208 alii
3161 1151 3502 1224 complures

1850 1245 2113 1316 episcopi
2145 1244 2372 1300 calculo
2411 1252 2466 1300 et
2497 1245 2792 1300 sententia
2821 1258 2935 1299 sua
2962 1242 3188 1299 litteras
3208 1257 3312 1297 eas
3342 1257 3503 1298 com-

1851 1333 2198 1405 probantes,
2231 1335 2354 1388 suis
2401 1333 2676 1405 ipsorum
2706 1331 2992 1389 manibus
3021 1345 3106 1387 eis
3138 1330 3504 1402 subscripse-

1849 1426 2008 1478 runt.
2041 1423 2109 1477 Et
2128 1421 2650 1494 Montaniquidem
2675 1426 2855 1494 atque
2876 1420 3211 1477 secundum
3239 1420 3503 1491 Phryges

1849 1512 2090 1570 haeresis
2114 1512 2194 1568 sic
2235 1527 2297 1568 se
2322 1511 2560 1569 habuit.

2422 1798 2653 1856 CAPUT
2689 1797 2916 1855 XXVIII.

1851 1898 1921 1955 Ut
1951 1898 2274 1978 Marcionis
2305 1899 2544 1956 haeresis
2572 1903 2624 1955 et
2640 1901 2796 1954 secta
2819 1897 2885 1952 in
2897 1895 3119 1978 multas
3144 1894 3220 1950 sit
3247 1893 3500 1950 dissecta

1914 1976 2135 2099 partes;
2176 1977 2229 2028 et
2261 1987 2440 2044 quam
2473 1977 2878 2027 monstruosas
2911 1976 3220 2038 opiniones
3259 1981 3329 2024 ea
3355 1980 3502 2036 pro-

1945 2057 1982 2097 ιι
2014 2058 2099 2099 ενι
2133 2084 2146 2098 .

1917 2151 2174 2206 Marcion
2222 2154 2424 2206 autem
2464 2149 2766 2215 Ponticus,
2816 2148 2990 2220 cujus
3026 2148 3204 2204 antea
3254 2155 3499 2218 quoque

1846 2240 2255 2308 meminimus,
2277 2240 2563 2297 Cerdonis
2589 2240 2959 2312 impietatem
2980 2235 3250 2301 adauxit,
3283 2239 3504 2306 etqua-

1847 2331 2355 2386 tuorsubstantias
2382 2331 2679 2400 ingenitas
2703 2329 3024 2385 verborum
3044 2325 3336 2399 portentis
3359 2339 3500 2380 con-

1843 2418 2358 2492 ﬁnxit.Exquibus
2374 2437 2449 2475 un
2461 2437 2560 2476 um
2573 2419 2816 2493 quidem
2832 2415 3497 2486 bonum,eumdemque

1842 2507 2214 2578 incognitum
2237 2509 2518 2581 appellat,
2550 2515 2606 2565 et
2643 2512 2873 2566 Patrem
2924 2505 3140 2563 Christi
3179 2504 3322 2560 dicit
3350 2517 3367 2559 :
3401 2519 3497 2558 se-

1840 2599 2108 2654 cundum
2127 2614 2267 2654 vero
2285 2603 2514 2670 justum
2530 2605 2586 2654 et
2603 2598 2996 2663 conditorem,
3014 2610 3272 2668 pravum
3293 2598 3497 2651 tamen

1840 2688 2132 2743 nominat.
2173 2686 2462 2744 Praeterea
2492 2688 2806 2744 materiam
2840 2686 3064 2742 malam
3103 2682 3290 2740 dicit:
3331 2687 3388 2738 et
3416 2681 3496 2738 ab

1843 2776 1962 2832 alio
1995 2777 2152 2832 malo
2177 2777 2501 2850 perfectam
2531 2785 2710 2850 atque
2740 2774 3102 2832 absolutam.
3136 2775 3200 2829 Et
3230 2771 3497 2828 condito-

1841 2881 1968 2920 rem
1987 2865 2143 2922 malo
2172 2868 2562 2939 superiorem,
2578 2865 2894 2923 materiam
2913 2863 3241 2934 accepisse,
3275 2867 3331 2918 et
3353 2875 3498 2918 con-

1841 2955 2093 3011 didissse
2123 2957 2329 3012 omnia
2364 2976 2376 3015 :
2425 2961 2481 3012 et
2504 2955 2753 3028 quidem
2778 2971 2852 3010 ex
2882 2953 3207 3025 purissimo
3246 2965 3492 3024 quoque

1842 3043 2060 3099 cmlum
2096 3052 2152 3100 et
2176 3044 2294 3101 alia
2317 3045 2688 3101 excolantem
2722 3044 2938 3100 fecisse
2967 3041 3143 3097 refert
3169 3058 3182 3108 ;
3235 3057 3304 3096 ex
3330 3055 3493 3096 cras-

1841 3134 1994 3189 siore
2025 3139 2226 3190 autem
2251 3141 2414 3206 parte
2445 3135 2817 3206 paradisum,
2857 3137 3041 3204 atque
3061 3146 3134 3187 ex
3160 3129 3332 3200 gleba
3361 3133 3494 3200 ejus

1839 3223 2030 3279 Adam
2060 3245 2074 3280 :
2113 3225 2206 3279 cui
2236 3240 2307 3279 ex
2345 3225 2588 3296 propria
2605 3223 2941 3279 substantia
2966 3220 3238 3278 animam
3263 3219 3494 3276 indide-

1837 3314 1932 3381 rit,
1960 3313 2118 3368 unde
2148 3321 2437 3386 perpetua
2466 3313 2565 3370 illa
2589 3328 2796 3386 pugna
2832 3314 2984 3368 inter
3014 3327 3234 3383 corpus
3266 3315 3324 3367 et
3353 3308 3489 3366 ani-

1840 3419 2003 3459 mam
2028 3409 2237 3460 exstet.
2265 3406 2558 3460 Meliorem
2589 3419 2726 3460 vero
2755 3403 2938 3459 etiam
2964 3406 3304 3473 serpentem
3331 3415 3490 3457 crea-

1840 3497 1962 3548 tore
1991 3493 2123 3564 ipso
2154 3493 2344 3562 ﬁngit,
2381 3493 2704 3565 ipsumque
2725 3492 2876 3548 adeo
2891 3496 3232 3563 serpentem
3261 3489 3491 3545 honore

1839 3581 2019 3637 etiam
2054 3584 2451 3654 prosequitur.
2502 3581 2895 3654 Blasphemiis
2942 3585 2998 3636 et
3036 3580 3236 3650 impiis
3287 3577 3490 3634 verbis

1837 3671 2131 3726 invehitur
2161 3673 2218 3726 in
2240 3671 2604 3741 patriarchas
2619 3677 2675 3726 et
2690 3671 3034 3742 prophetas.
3051 3671 3131 3724 Ex
3154 3666 3488 3738 Evangeliis

1838 3760 2030 3817 solum
2047 3759 2106 3814 id
2122 3761 2288 3832 quod
2309 3761 2642 3815 secundum
2669 3760 2892 3815 Lucam
2921 3765 3029 3823 est,
3043 3758 3262 3829 rejecta
3287 3762 3492 3812 tamen

1837 3848 2215 3920 Genealogia,
2245 3849 2468 3922 recipit.
2490 3853 2956 3905 Novemtantum
2978 3846 3246 3917 Apostoli
3269 3845 3493 3918 Episto-

1835 3938 1924 3994 las
1952 3939 2188 4010 probat,
2219 3945 2396 4011 atque
2426 3940 2486 3993 in
2513 3939 2582 3993 iis
2613 3944 2839 3994 resecat
2857 3937 2993 3993 loca
3011 3935 3486 4008 quamplurima.

1838 4029 2012 4084 Vetus
2045 4028 2491 4084 Testamentum
2516 4033 2575 4084 et
2615 4027 2932 4099 Prophetas
2971 4025 3178 4097 abjicit
3209 4023 3484 4089 omnino,

1836 4116 2012 4173 veluti
2049 4117 2126 4173 ab
2152 4116 2346 4172 alieno
2384 4117 2575 4172 editos
2617 4119 2734 4172 Deo
2769 4132 2783 4171 :
2822 4115 3125 4171 Christum
3167 4111 3488 4186 phantasia

1835 4211 2065 4262 tantum
2096 4211 2152 4261 et
2194 4206 2393 4278 specie
2422 4205 2729 4261 hominem
2766 4203 2958 4260 fuisse
3007 4209 3290 4274 nugatur.
3321 4201 3490 4258 Tollit

1836 4295 2014 4351 etiam
2040 4311 2070 4350 e
2117 4296 2237 4352 vita
2269 4295 2781 4351 resurrectionem.
2827 4293 3014 4359 Idem,
3043 4294 3184 4349 Cain
3217 4297 3276 4348 et
3305 4292 3488 4349 Sodo-

1834 4385 2012 4440 mitas
2061 4384 2314 4440 salutem
2367 4388 2720 4440 consecutos
2769 4399 2899 4440 esse
2939 4383 3161 4447 scribit,
3201 4381 3369 4454 quod
3406 4380 3487 4437 ad

1833 4473 2132 4530 Christum
2162 4473 2328 4545 apud
2372 4474 2589 4528 inferos
2619 4473 2981 4529 accesserint
3010 4489 3025 4528 :
3082 4472 3231 4528 Abel
3260 4475 3481 4536 autem,

1835 4563 2052 4629 Enoch,
2076 4566 2214 4627 Noe,
2245 4563 2632 4634 patriarchas,
2661 4562 3007 4635 prophetas,
3026 4566 3083 4618 et
3107 4561 3368 4633 reliquos
3384 4563 3486 4629 ju-

1832 4659 1974 4718 stos,
2013 4653 2178 4725 quod
2232 4652 2310 4709 ad
2359 4653 2524 4708 illum
2573 4668 2694 4708 non
2741 4651 3029 4717 venerint,
3067 4651 3229 4722 apud
3255 4650 3480 4705 inferos

1833 4757 2094 4798 manere.
2133 4742 2247 4798 Sed
2292 4747 2348 4798 et
2391 4742 2510 4797 aliu
2539 4741 2992 4813 quamplurima
3033 4745 3242 4796 contra
3294 4741 3481 4794 Deum

1830 4846 1936 4902 per
1984 4833 2283 4888 insaniam
2332 4833 2545 4887 mentis
2574 4831 2842 4886 elatravit
2870 4845 2884 4886 :
2912 4845 3171 4901 quorum
3203 4828 3482 4900 pleraque

1831 4921 2063 4977 silentio
2081 4921 2566 4977 commendanda
2585 4921 2890 4976 duximus.
2915 4921 3248 4975 Sectatores
3281 4923 3483 4975 autem

1829 5012 1957 5081 ejus
1987 5010 2048 5066 in
2098 5011 2317 5066 multas
2361 5010 2535 5066 divisi
2585 5014 2726 5065 sunt
2763 5012 2971 5064 sectas.
3017 5009 3190 5080 327
3255 5007 3483 5080 Apelles

1828 5101 1988 5156 enim
2042 5102 2292 5174 quidam
2341 5101 2417 5172 (t)
2466 5100 2620 5156 illius
2654 5103 2912 5171 quatuor
2948 5098 3226 5169 ingenitis
3291 5097 3479 5154 alium

1831 5192 2317 5263 addiditigneum
2335 5207 2348 5244 :
2369 5195 2424 5246 et
2449 5191 2600 5246 libro
2615 5205 2722 5246 ase
2739 5188 3094 5260 composito,
3111 5187 3478 5244 Philumenae

1830 5282 2144 5353 prophetia
2193 5296 2416 5337 nomen
2457 5278 2715 5337 indidit:
2755 5277 2982 5334 Christo
3011 5281 3212 5334 autem
3251 5292 3472 5348 corpus

1832 5371 2030 5426 tribuit
2056 5387 2178 5427 non
2203 5371 2560 5434 humanum,
2589 5367 2694 5424 sed
2723 5383 2795 5424 ex
2820 5367 2950 5438 ejus
2981 5367 3084 5440 qui
3114 5366 3278 5439 apud
3307 5366 3474 5438 ipsos

1833 5465 1920 5516 est
1948 5461 2157 5516 mundi
2198 5459 2558 5516 substantia.

1831 5569 2386 5713 gialo)praeceptore
2413 5567 2490 5625 ad
2519 5566 2649 5639 ejus
2676 5564 3057 5641 discipulum.
3090 5585 3118 5618 »
3159 5562 3482 5638 (Tertullia-

1879 5656 1969 5696 us.

1879 5656 1969 5696 US.
