4000 6220
561 275 702 336 1047

1155 407 1386 466 CAPUT
1423 406 1612 462 XXIX.

553 516 642 573 De
655 515 955 585 Rhodone,
979 530 1110 588 qum
1135 521 1344 572 contra
1355 516 1718 572 Murcianem
1747 513 2162 588 conscripserit
2190 526 2212 567 :

895 595 950 645 et
981 586 1054 644 de
1085 589 1224 644 aliis
1263 589 1527 658 ejusdem
1555 586 1872 656 opusculis.

539 799 544 802 -
625 765 840 822 Contra
893 763 1029 830 hos,
1061 779 1392 836 eorumque
1441 763 1636 819 varias
1699 765 1912 826 sectas,
1957 760 2210 817 Rhodon

553 853 809 910 Asianus
839 869 1072 924 genere,
1101 854 1352 920 Tatiani,
1387 853 1462 908 de
1491 869 1612 925 quo
1640 857 1816 908 antea
1840 851 2068 906 dictum
2097 855 2208 906 est,

553 943 810 1009 auditor,
861 943 1084 1000 librum
1135 942 1508 1014 composuit:
1543 959 1680 998 cum
1707 942 2070 1012 impietatem
2113 957 2210 998 eo-

551 1048 688 1090 rum
741 1033 1034 1098 refellens,
1083 1037 1208 1088 tum
1257 1039 1530 1088 auctores
1581 1048 1787 1088 eorum
1831 1031 2206 1086 dissectionis

552 1128 828 1180 accurate
853 1137 1192 1178 recensens.
1220 1141 1248 1174 «
1283 1125 1617 1192 Propterea,
1651 1121 1862 1192 inquit,
1898 1119 2205 1174 discordes

545 1212 702 1268 inter
728 1227 790 1266 se
821 1217 978 1278 sunt,
1009 1210 1176 1282 quod
1205 1211 1558 1266 sententiain
1589 1225 1724 1280 quas
1761 1208 2084 1264 consistere
2121 1213 2204 1263 at-

549 1316 669 1373 que
689 1305 924 1356 exstare
949 1315 1340 1372 nequaquam
1367 1305 1579 1371 potest,
1613 1305 1850 1354 tuentur
1891 1303 2072 1369 atque
2099 1297 2204 1353 de-

549 1389 822 1446 fendunt.
855 1391 934 1445 Ex
963 1389 1206 1446 cohorte
1229 1390 1386 1444 enim
1411 1405 1620 1444 eorum
1649 1403 2002 1458 progressus
2029 1387 2204 1458 Apel-

547 1479 654 1544 les,
711 1479 834 1535 vita
877 1479 1011 1550 ipsa
1065 1483 1124 1534 et
1164 1477 1328 1534 senio
1383 1477 1824 1533 venerationem
1867 1475 2202 1548 quamdam

549 1571 932 1636 consecutus,
959 1583 1147 1622 unum
1181 1567 1537 1638 principium
1565 1566 1873 1638 profitetur
1903 1581 1914 1620 :
1949 1564 2203 1637 prophe-

547 1657 661 1713 tias
691 1661 894 1714 autem
931 1655 1005 1712 ab
1037 1656 1385 1712 adversario
1433 1655 1744 1728 provenire
1786 1655 1998 1724 spiritu
2037 1654 2199 1722 dicit,

547 1746 723 1802 dictis
751 1750 932 1818 atque
955 1745 1258 1816 responsis
1281 1745 1528 1814 virginis
1556 1761 1592 1800 a
1617 1743 1919 1799 daemonio
1937 1743 2198 1812 agitatae,
2239 1757 2276 1810 Β

543 1835 644 1891 cui
680 1850 903 1891 nomen
925 1834 1277 1890 Philumena
1305 1833 1434 1898 fuit,
1467 1849 1807 1905 persuasus.
1839 1832 1944 1888 Alii
1971 1835 2195 1897 autem,

541 1924 700 1979 sicut
729 1927 785 1979 et
807 1924 932 1995 ipse
969 1923 1250 1988 Marcion,
1291 1921 1413 1978 duo
1441 1921 1736 1993 principia
1761 1921 2091 1976 inducunt:
2126 1937 2200 1976 ex

546 2013 767 2086 quibus
798 2013 1216 2068 suntPotimus
1241 2016 1297 2066 et
1315 2011 1664 2066 Basiliscus:
1695 2011 2003 2066 Ponticum
2029 2009 2196 2064 illum

545 2102 759 2174 lupum
789 2101 996 2170 secuti,
1028 2101 1130 2173 qui
1176 2101 1356 2158 nudis
1395 2100 1611 2165 verbis,
1642 2115 1713 2156 ac
1754 2101 1880 2156 sine
1909 2101 2074 2156 omni
2101 2099 2200 2154 de-

537 2191 976 2248 monstratione
1051 2195 1234 2262 atque
1285 2189 1662 2260 probatione,
1711 2188 1834 2244 duo
1909 2189 2201 2260 principia

539 2279 897 2336 constituit:
947 2281 1204 2352 Syneros
1245 2294 1384 2334 vero
1431 2279 1540 2334 tria
1589 2279 1804 2350 posuit.
1847 2278 2061 2334 Scribit
2111 2277 2199 2334 ili-

543 2370 684 2426 dem
731 2368 1005 2434 Rhodon,
1050 2384 1112 2424 se
1160 2385 1300 2424 cum
1337 2367 1538 2439 Apelle
1583 2382 1974 2437 congressum
2017 2373 2196 2439 atque

541 2458 906 2516 collocutum
957 2474 1106 2514 esse.
1141 2457 1408 2530 Apellem
1449 2471 1713 2528 namque
1757 2463 2040 2528 provecta
2069 2457 2196 2526 jam

543 2551 734 2614 astate,
769 2563 908 2604 cum
953 2563 1016 2602 se
1062 2545 1236 2602 nobis
1268 2547 1708 2612 immiscuisset,
1751 2545 1940 2602 multa
1993 2561 2200 2617 perpe-

541 2653 673 2694 ram
711 2636 951 2702 dixisse,
983 2640 1166 2708 atque
1209 2637 1392 2692 etiam
1445 2635 1795 2700 asseruisse,
1836 2651 2047 2690 omnes
2095 2635 2198 2690 ho-

544 2727 735 2782 mines
765 2727 824 2782 in
864 2725 1222 2784 cruxiﬁxum
1265 2724 1574 2780 credentes
1615 2725 1693 2794 (l)
1727 2723 1926 2780 salvos
1967 2724 2113 2790 ﬁeri,
2151 2723 2198 2778 si

542 2817 728 2872 modo
759 2815 940 2871 bonis
972 2815 1256 2886 operibus
1282 2813 1572 2886 explorati
1599 2813 1955 2886 probatique
2000 2815 2137 2870 sint.
2171 2835 2194 2866 υ

544 2905 767 2962 Deinde
795 2919 1040 2960 omnem
1067 2904 1196 2974 ejus
1239 2904 1588 2976 opinionem
1619 2919 1956 2974 recensens,
1983 2903 2062 2959 ita
2109 2903 2201 2958 in-

541 2995 652 3051 fert
684 3011 748 3050 :«
776 2995 920 3049 Cum
947 2999 1148 3048 autem
1189 2992 1242 3048 ei
1271 2993 1532 3048 dicerem
1568 3015 1580 3046 :
1613 2991 1776 3049 Unde
1807 2992 1964 3048 hanc
2012 2992 2200 3048 habes

1881 275 2268 334 NICEPHORI
2307 275 2626 336 CALLISTI

2239 406 2286 462 Α

3447 55 3848 119 -ι-μ

3745 285 3860 342 1048

2907 409 3150 460 ΚΕΦΛΛ.
3185 403 3320 464 ΚΘ’.

2321 518 2473 586 Περὶ
2523 511 2820 574 Ῥόδωνος
2857 527 2874 544 ⁸
2931 517 3006 574 ὡς
3075 516 3242 565 κατὰ
3291 517 3663 586 Μαρκίωνος
3715 536 3861 572 σννεο

2387 585 2712 662 γράψατμο·
2769 591 2878 638 καὶ
2929 589 3074 658 περὶ
3119 593 3241 638 τῶν
3275 585 3478 638 ἄλλων
3509 587 3694 640 αὐτοῦ
3738 607 3862 662 συγ-

2388 659 2652 730 γραμμά
2673 677 2808 710 των.

2393 767 2540 818 Κατὰ
2568 761 2636 823 δὴ
2667 767 2872 830 τούτου,
2913 769 3004 816 καὶ
3045 768 3140 823 τὴν
3171 763 3339 816 αὐτῶν
3388 761 3665 838 διαίρεσιν,
3709 765 3860 820 Ῥόδων

2311 854 2556 914 Ἀσιανὸς
2607 858 2770 926 γένος,
2814 861 2887 924 τῷ
2943 853 3294 928 προρῥηθίντι
3343 859 3601 926 φοιτήσας
3643 863 3856 926 Tutia-41;,

2315 940 2516 1016 βιϐλίον
2561 944 2815 1015 ἐξήνεγκε,
2873 948 2970 1002 τήν
3007 963 3062 995 τε
3115 940 3428 996 δυσσέϐειαν
3487 943 3654 996 αὐτῶν
3711 945 3858 1016 ὲξελέγο

2311 1053 2446 1104 χων,
2489 1037 2579 1086 καὶ
2633 1037 2756 1094 τοὺς
2801 1037 2895 1092 τὴν
2951 1029 3240 1086 διάστασιν
3293 1031 3368 1084 ἐπ’
3405 1029 3582 1095 αὐτοῖς
3627 1033 3858 1105 imp-7mi-

2311 1143 2404 1184 τας
2458 1127 2583 1195 πρὸς
2633 1123 2814 1174 λεπτὸν
2869 1121 3177 1196 ἀναγράφων
3212 1139 3224 1150 ·
3257 1143 3284 1172 ιι
3359 1125 3456 1174 Διὰ
3507 1131 3676 1188 τοῦτο,
3721 1122 3858 1194 λόγων,

2309 1217 2399 1264 καὶ
2467 1212 2590 1286 παρ’
2649 1211 2850 1274 ἑαυτοῖς
2901 1211 3206 1282 ἀσύμφωνοι
3253 1215 3552 1282 γεγόνασιν,
3607 1213 3856 1266 ἀσυστάτου

2307 1305 2514 1373 γνώμης
2567 1299 2999 1372 ἀντιποιούμενοι.
3061 1301 3190 1352 Ἀπὸ
3243 1301 3344 1374 γὰρ
3395 1308 3492 1362 τῆς
3543 1303 3728 1352 τούτων

2307 1387 2401 1449 λης
2450 1389 2698 1449 Ἀπελλῆς
2741 1393 2832 1461 μὲν
2883 1390 2910 1441 6
2969 1392 3063 1446 τὴν
3111 1388 3370 1441 πολιτείαν
3403 1391 3756 1460 σεμνυνόμενος
3797 1399 3854 1442 καὶ

2307 1483 2366 1530 τὸ
2403 1486 2569 1553 γῆρας
2626 1483 2748 1551 μίαν
2797 1477 2974 1551 ἀρχὴν
3021 1478 3301 1550 ὀμολογεί’
3347 1480 3438 1539 τὰς
3493 1475 3554 1530 δε
3605 1487 3860 1552 προφητείας

2309 1567 2362 1630 ἐξ
2429 1567 2775 1640 ἀντικειμένου
2831 1567 2967 1638 λέγει
3030 1570 3344 1639 πνεύματος,
3427 1569 3723 1638 πειθόμενος
3771 1569 3860 1622 ἀπο-

2309 1659 2572 1730 φθέγμασι
2631 1653 3017 1729 δαιμονιώδους
3066 1658 3322 1728 παρθένου
3361 1661 3528 1729 ὄνομα
3569 1657 3855 1728 Φιλουμένης.

2307 1745 2514 1821 Ἔτεροι
2553 1744 2630 1810 δὲ,
2683 1749 2852 1807 καθὼς
2901 1752 2997 1820 ⁸καὶ
3051 1745 3204 1806 αὐτός
3253 1751 3528 1820 Μαρκίων,
3591 1743 3682 1799 δύο
3731 1747 3860 1820 ἀρχὰς

2310 1835 2646 1908 εἰσηγοῦνται
2679 1853 2692 1865 ·
2735 1836 2820 1908 ἀφ’
2869 1837 2938 1888 ὧν
2989 1836 3092 1888 εἰσι
3133 1837 3375 1896 Ηοντικός
3404 1855 3458 1888 τε
3494 1841 3584 1888 καὶ
3615 1837 3860 1899 Βασιλικος,

2308 1929 2398 1977 καὶ
2445 1921 2586 1978 οὗτοι
2617 1933 2689 1996 τῷ
2725 1933 2957 1996 ῐιοντικῳ
3007 1927 3164 1996 Λύκῳ
3206 1925 3740 1987 κατακολουθήσαντες
3767 1945 3778 1956 ·
3825 1927 3860 1988 ὃς

2309 2009 2407 2066 δύο
2463 2013 2632 2088 ἀρχὰς
2687 2013 2980 2088 ἀπεφήνατο
3019 2014 3184 2086 ψιλῶς
3221 2019 3312 2067 καὶ
3361 2011 3762 2078 ἀναποδείκτως.
3793 2023 3861 2068 Καὶ

2309 2105 2533 2176 Σύνερως
2601 2101 2660 2156 δε
2705 2110 2840 2178 τρεῖς
2911 2104 3258 2174 εἰσηγήσατο.
3321 2107 3514 2180 Γράφει
3579 2100 3636 2157 δε
3699 2108 3759 2166 ὡς
3811 2114 3861 2172 τῷ

2309 2193 2544 2248 Ἀπελλεί
2591 2193 2659 2255 εἰς
2719 2193 2905 2264 λόγους
2959 2191 3106 2252 ἦλθεν
3139 2195 3164 2246 6
3221 2190 3412 2246 Ῥόδων
3455 2213 3470 2226 ·
3527 2195 3552 2246 6
3609 2197 3703 2268 γὰρ
3741 2199 3860 2266 γέρων

2309 2281 2560 2344 Ἀπελλῆς
2633 2283 2898 2354 συμμίξας
2948 2285 3093 2355 ἡμῖν,
3138 2283 3302 2335 πολλὰ
3355 2287 3443 2356 μεν
3497 2283 3636 2354 ἔλεγε
3687 2293 3859 2346 unda;-

2307 2373 2536 2424 ὑπετίθει
2569 2369 2627 2425 δὲ
2665 2379 2756 2425 καὶ
2801 2374 3000 2434 πάντας
3039 2375 3306 2436 σώζεσθαι
3359 2377 3484 2436 τοὺς
3542 2381 3615 2444 τῷ
3653 2372 3860 2446 ἐσταυρω-

2306 2465 2440 2532 μίνῳ
2493 2463 2894 2528 πιστεύσαντας,
2945 2465 3050 2533 εἴγε
3095 2467 3248 2534 μόνον
3305 2465 3480 2537 ἔργοις
3541 2461 3744 2534 ἀγαθοῖς
3785 2461 3858 2524 ἑξε-

2307 2551 2565 2611 τάζοιντο.
2597 2573 2624 2600 ››
2687 2551 2940 2624 Ἐπιφέρει
2995 2547 3052 2603 δὲ
3083 2556 3173 2604 καί
3203 2557 3377 2604 πᾶσαν
3409 2551 3576 2604 αύτού
3607 2557 3693 2611 τὴν
3721 2548 3860 2618 δόξαν,

2309 2641 2520 2712 φάσκων
2553 2641 2714 2703 οὕτως
2740 2656 2752 2668 ·
2801 2663 2821 2691 ε
2867 2645 3116 2712 Λέγοντος
3171 2637 3232 2693 δέ
3273 2661 3374 2714 μου
3427 2645 3564 2714 πρὸς
3595 2641 3758 2710 αὐτὸν,
3791 2648 3860 2694 Πο-

2311 2731 2391 2782 θεν
2421 2731 2451 2788 ἡ
2483 2727 2752 2793 ἀπόδειξις
2791 2729 2923 2788 αὕτη
2959 2749 3042 2782 σοι
3071 2747 3085 2798 ;
3117 2731 3146 2789 ἢ
3179 2739 3290 2792 πῶς
3341 2726 3576 2783 δύνασαι
3605 2731 3750 2802 λέγειν
3771 2735 3860 2802 μίαν

2311 2819 2486 2892 ἀρχὴν
2532 2837 2546 2886 ;
2606 2822 2808 2892 Φράσον
2886 2822 3010 2891 ἡμῖν
3053 2841 3065 2852 ·
3127 2821 3246 2892 ἔφη,
3295 2823 3388 2882 τὰς
3451 2823 3545 2892 μὲν
3597 2825 3860 2893 προφητείας

2309 2908 2498 2970 ἑαυτὰς
2549 2907 2781 2980 ἐλέγχειν
2828 2905 2922 2960 διὰ
2961 2912 3018 2960 τὸ
3067 2905 3233 2981 μὴδεν
3291 2908 3420 2971 ὅλως
3471 2908 3670 2970 ἀληθῶς
3712 2909 3862 2984 εἰρηκέ-

2309 3017 2414 3051 ναι.
2475 3000 2808 3070 ’Δσύμφωνοι
2859 3001 2960 3074 γὰρ
3013 3000 3325 3070 ὑπάρχουσι
3379 3003 3474 3051 καὶ
3537 2995 3755 3070 ψευδεῖς,
3799 3003 3860 3048 καὶ

541 3083 1120 3140 demonstrationem
1133 3083 1161 3140 ?
1185 3088 1288 3138 aut.
1311 3081 1620 3153 quomodo
1637 3098 1821 3137 unum
1837 3081 2198 3154 principium

2311 3086 2511 3146 ἑαυτοῖς
2563 3084 2928 3158 ἆντικείμεναι.
2983 3091 3062 3168 Τὸ.
3104 3083 3162 3140 δε
3213 3095 3320 3148 πῶς
3361 3089 3478 3139 ἔστι
3507 3091 3608 3160 μία
3641 3089 3788 3158 ἀρχὴ.
3809 3091 3860 3156 μὲ

541 3189 676 3230 esse
709 3187 974 3230 asserere
1019 3176 1188 3242 potes
1219 3170 1246 3225 ‘?
1299 3171 1404 3226 Dic
1442 3170 1616 3227 nobis
1647 3190 1662 3241 ;
1693 3177 1822 3226 tum
1875 3171 1970 3226 ille
2003 3187 2016 3224 :
2063 3174 2196 3226 Pro-

541 3262 778 3335 phetiae,
821 3261 1032 3334 inquit,
1084 3277 1221 3332 quae
1279 3260 1432 3320 nihil
1481 3276 1724 3332 prorsus
1789 3277 1924 3316 vere
1976 3260 2198 3332 dicant,

543 3352 770 3424 seipsas
789 3350 1084 3416 refellunt,
1109 3351 1330 3423 quippe
1347 3349 1706 3406 dissidentes
1728 3351 1878 3406 inter
1899 3365 1983 3416 se,
2007 3350 2196 3417 falsze,

543 3447 602 3498 et
651 3441 768 3497 sibi
805 3441 956 3512 ipsis
985 3439 1276 3496 adversm.
1307 3439 1624 3505 Quomodo
1656 3445 1856 3496 autem
1890 3456 2075 3496 unum
2127 3442 2201 3497 sit

542 3529 926 3604 principium,
961 3529 1187 3584 nescire
1217 3543 1302 3593 se,
1329 3545 1400 3585 ac
1418 3527 1837 3584 tantummodo
1865 3527 1948 3582 sic
1975 3530 2198 3584 moveri

545 3625 602 3676 et
647 3617 887 3683 adduci,
921 3617 1088 3673 dixit.
1121 3617 1410 3688 Deinceps
1435 3617 1778 3687 juramento
1804 3633 1962 3682 eum,
1997 3623 2060 3672 ut
2100 3633 2199 3674 ve-

543 3724 682 3766 rum
718 3707 962 3776 diceret,
991 3705 1188 3776 adegi.
1229 3707 1296 3762 Et
1327 3705 1423 3762 ille
1444 3707 1699 3777 juratus,
1734 3723 1874 3762 vera
1901 3723 1965 3762 se
2005 3707 2201 3763 dicere

545 3797 1058 3871 inquitzignorare
1089 3803 1311 3860 autem,
1346 3795 1655 3868 quomodo
1688 3796 1760 3850 sit
1791 3812 1946 3850 unus
1975 3796 2203 3866 ingeni-

545 3893 640 3946 tus
663 3888 860 3953 Deus;
897 3885 1005 3941 sed
1037 3890 1240 3940 tamen
1287 3899 1350 3940 se
1381 3885 1464 3940 ita
1509 3883 1766 3940 credere.
1817 3887 2015 3956 Itaque
2062 3902 2202 3942 eum

545 3976 670 4042 risi,
703 3983 758 4032 et
780 3975 978 4047 rejeci,
1019 3975 1198 4046 328
1229 3974 1394 4046 quod
1421 3989 1530 4045 pro
1569 3973 1814 4032 doctore
1853 3991 1928 4044 se,
1954 3983 2200 4046 gereret,

548 4070 606 4122 et
641 4063 976 4122 doctrinam
1007 4081 1180 4120 suam
1226 4063 1584 4120 conﬁrmare
1631 4070 1688 4118 et
1715 4064 2034 4120 defendere
2081 4081 2203 4122 non

549 4159 778 4228 posset.
813 4175 842 4207 »
867 4153 1308 4209 Rhodonistein
1325 4153 1480 4210 libro
1505 4168 1688 4224 quem
1703 4154 1778 4208 ad
1796 4154 2204 4212 Callistionem

549 4243 806 4316 scripsit,
839 4245 1042 4299 Romus
1070 4241 1300 4298 Tatiani
1330 4259 1391 4298 se
1421 4243 1782 4314 discipulum
1815 4243 1998 4298 fuisse
2025 4244 2204 4314 signi-

549 4333 710 4390 ﬁcat.
747 4337 790 4386 A
834 4345 956 4403 quo
986 4346 1142 4402 opus
1193 4331 1421 4386 editum
1475 4346 1602 4386 esse
1645 4338 2099 4398 commemorat,
2143 4335 2204 4389 in

551 4435 674 4493 quo
695 4423 876 4476 tectos
901 4425 958 4474 et
977 4419 1268 4474 obscuros
1297 4419 1638 4475 divinarum
1661 4421 2008 4476 Litterarum
2037 4421 2204 4478 locos

549 4525 616 4566 se
654 4508 1090 4564 illustraturum
1130 4509 1662 4580 expositurumque
1725 4509 2021 4579 pollicitus
2083 4512 2154 4566 sit
2187 4533 2199 4578 ;

551 4599 800 4671 ipseque
829 4597 1102 4664 Rhodon,
1135 4597 1376 4669 proprio
1411 4597 1680 4669 quodam
1713 4599 1950 4668 scripto,
1985 4615 2046 4654 se
2070 4617 2206 4672 pro-

551 4687 882 4746 hiematum
937 4693 994 4742 et
1025 4685 1504 4758 propositionum
1537 4687 1691 4742 illius
1745 4687 2075 4744 solutiones
2109 4705 2201 4746 ex-

2308 3181 2582 3246 γινώσκειν
2635 3175 2800 3246 ἔλεγεν
2857 3198 2870 3210 ·
2919 3177 3082 3238 οὖνως
3134 3173 3193 3228 δὲ
3250 3179 3512 3230 κινεῖσθαι
3559 3182 3726 3248 μόνον.
3767 3173 3860 3230 Εἴτε

2309 3263 2698 3338 ἑπομόσαμένου
2753 3285 2853 3337 μου
2907 3265 3127 3328 τάληθὲς
3180 3266 3357 3332 εἰπεῖν,
3401 3271 3600 3338 ὤμνυεν
3651 3265 3860 3324 ἀληθεύειν

2309 3353 2467 3425 λέγων
2497 3371 2510 3384 ’
2543 3359 2614 3427 μὴ
2667 3353 2989 3408 ἐπίστασθαι
3041 3351 3122 3422 δε,
3173 3363 3278 3416 πῶς
3323 3352 3396 3417 εἷς
3441 3355 3583 3408 ἐστιν
3641 3355 3860 3426 ags-nm;

2309 3446 2336 3496 6
2359 3447 2486 3504 Θεὸς
2509 3463 2522 3476 ”

2309 3537 2464 3603 ἐγνων
2528 3533 2706 3598 αὑτοῦ,

2565 3447 2728 3516 τούτῳ
2779 3441 2838 3496 δὲ
2889 3447 3170 3499 πιστεύειν.
3217 3445 3350 3516 Ἐγὼ
3392 3441 3454 3498 δὲ
3507 3444 3740 3516 γελάσας,
3775 3461 3862 3494 κατε

2787 3529 2928 3585 διότι
3001 3529 3323 3594 διδασκαλος
3382 3529 3512 3586 εἶναι
3583 3533 3748 3606 λέγων,
3796 3532 3862 3583 οὐκ

2311 3618 2431 3694 ᾔδει
2479 3624 2536 3674 τὸ
2587 3619 2970 3694 διδασκόμενον
3025 3623 3112 3674 ὑπ’
3159 3623 3326 3675 αύτού
3373 3626 3664 3696 κρατύνειν.
3701 3645 3718 3672 ι
3751 3621 3796 3674 Ὀ
3827 3617 3859 3670 δ’

2311 3711 2470 3773 αύτὸς
2519 3716 2610 3762 καὶ
2663 3711 2713 3762 ἐν
2764 3719 2834 3782 τῷ
2883 3715 3012 3784 πρὸς
3079 3711 3436 3764 Καλλιστίωνα
3503 3717 3860 3784 προσφωνήματι
3941 3767 3943 3784 i

2311 3805 2396 3854 επὶ
2463 3799 2662 3872 Ῥώμης
2723 3801 3118 3872 μαθητευθῆναι
3191 3801 3327 3872 λέγει
3401 3807 3658 3872 Τατιανῷ,
3707 3802 3742 3870 ᾧ
3799 3803 3860 3848 καὶ

2314 3887 2512 3962 βιϐλίον
2547 3891 2738 3961 ἱστορεί
2781 3885 3150 3942 ἐσπουδάσθαι
3178 3909 3190 3922 ·
3227 3886 3301 3942 δι’
3332 3890 3394 3942 οὗ
3424 3894 3484 3942 τὸ
3534 3890 3858 3962 κεκαλυμμένοι

2312 3987 2411 4030 τῶν
2440 3980 2584 4030 θείων
2633 3985 2848 4052 Γραφῶν
2882 3980 3299 4050 ὑπισχνούμενος
3351 3975 3574 4037 εὔδηλον
3629 3983 3856 4052 παριστᾲν.
3939 4005 3941 4052 Ι

2313 4069 2361 4118 ἓν
2399 4063 2518 4137 ἰδίῳ
2565 4070 2938 4142 συγγράμματι
2980 4063 3173 4120 Ῥόδων
3223 4064 3368 4129 οὗτος
3404 4075 3498 4122 καὶ
3538 4071 3631 4132 τὰς
3653 4077 3741 4120 τῶν
3772 4083 3858 4140 προ-

2314 4156 2586 4226 ϐλημάτων
2639 4157 2834 4210 ἐκείνου
2899 4158 3076 4218 λύσεις
3143 4157 3462 4216 ἐκθήσεσθαι
3530 4157 3855 4230 ἑπαγγέλλπαι·

2317 4251 2416 4299 Καὶ
2465 4247 2536 4308 εἰς
2589 4251 2681 4305 τὴν
2751 4247 3068 4319 Ἐξαήμερον
3133 4245 3192 4299 δὲ
3251 4247 3407 4300 αύτοῡ
3472 4248 3618 4320 λόγοι
3669 4245 3858 4317 διάφοροι

2313 4339 2570 4408 φέρονται.
2619 4335 2790 4389 Πολλὰ
2849 4333 2906 4388 δε
2954 4339 2979 4387 6
3029 4336 3290 4408 εἰρημένος
3343 4336 3594 4398 Ἀπελλῆς
3641 4339 3760 4388 κατὰ
3797 4339 3856 4384 τοῦ

2314 4431 2602 4478 Μωσαῐκού
2663 4425 2984 4500 παρετάξατο
3041 4429 3222 4496 νόμου,
3269 4426 3338 4486 εἲς
3385 4425 3680 4498 ἀνατροπὴν
3713 4424 3852 4477 ἐκείνου

2313 4514 2407 4566 ούκ
2455 4514 2741 4586 ἐλαχίστην
2799 4511 3147 4586 ἐνδειξάμενος
3201 4520 3294 4574 τὴν
3355 4514 3617 4576 σπουδὴν.
3685 4521 3854 4568 Τοιαῦτα

2312 4607 2401 4656 καὶ
2431 4603 2500 4664 εἰς
2553 4605 2618 4654 τὰ
2663 4606 2799 4656 κατὰ
2847 4609 2941 4660 τήν
2993 4600 3258 4676 διαίρεσιν
3305 4613 3396 4666 τῆς
3425 4610 3723 4680 Μαρκίωνος
3745 4600 3852 4664 δόξις

2319 4697 2683 4766 συγγραφέντα
2711 4700 2783 4762 τῷ
2807 4689 3041 4746 Ῥόδωνι.

549 4776 936 4848 planaturum
985 4775 1294 4848 promittit.
1354 4778 1640 4831 Feruntur
1666 4777 1842 4832 etiam
1885 4778 2028 4833 varii
2075 4780 2204 4848 ejus
2249 4779 2382 4836 libri
2435 4782 2492 4836 in
2533 4785 2956 4837 Hexaemeron.
2989 4781 3225 4853 Apelles
3255 4786 3480 4853 autem,
3529 4799 3702 4857 quem
3749 4775 3848 4834 dixi'

553 4882 712 4930 mus,
745 4865 933 4922 multa
961 4866 1140 4922 etiam
1177 4870 1384 4920 contra
1441 4867 1756 4922 Mosaicam
1787 4867 1984 4935 legem
2033 4871 2392 4940 composuit,
2437 4870 2762 4941 plurimum
2807 4870 2984 4926 studii
3021 4871 3098 4926 ad
3131 4887 3264 4927 eam
3309 4875 3692 4930 evertendam
3723 4869 3848 4928 collo-

553 4969 724 5011 cans.
753 4955 885 5010 Haec
907 4953 1159 5012 Rhodon
1191 4954 1478 5011 adversus
1507 4954 1866 5010 divisionem
1905 4957 2218 5012 Marcionis
2249 4959 2548 5030 opinionis
2577 4959 2948 5031 conscripsit.

628 5151 708 5224 (l)
751 5149 975 5226 Euseb.
1021 5151 1138 5226 lib.
1179 5168 1431 5226 v,_cap.ﬁ
1457 5153 1542 5220 13,
1569 5151 1874 5216 ἠλπικότας,
1933 5151 2048 5207 hoc
2079 5155 2184 5216 est,

557 5223 884 5296 sperantes.
915 5223 1080 5280 Idem
1113 5223 1357 5296 Apelles
1375 5225 1537 5290 dixit,
1589 5239 1834 5298 prorsus
1873 5238 2028 5295 opus
2067 5239 2190 5278 non

2299 5169 2434 5210 esse
2459 5153 2750 5236 rationem
2771 5154 2908 5210 ﬁdei
2925 5155 3247 5236 inquirere.
3269 5157 3374 5213 sed
3395 5159 3838 5236 ipsusquemque

2297 5229 2688 5296 persuasione
2717 5241 3097 5298 perseverare
3119 5229 3359 5284 debere.
3387 5230 3502 5300 (1d.
3527 5229 3774 5298 ibidem.)
