  <div class='ocr_page' id='page_1' title='image "/cluster/home/n/w/nwhite01/storage/ocr_20150623/145/hvd.32044054086921/530.png"; bbox 0 0 4040 6224; ppageno 0'>
   <div class='ocr_carea' id='block_1_1' title="bbox 223 313 364 372">
    <p class='ocr_par' dir='ltr' id='par_1_1' title="bbox 223 313 364 372">
     <span class='ocr_line' id='line_1_1' title="bbox 223 313 364 372; baseline 0 0"><span class='ocrx_word' id='word_1_1' title='bbox 223 317 246 372; x_wconf 89' lang='grc'><strong>1</strong></span> <span class='ocrx_word' id='word_1_2' title='bbox 255 313 364 372; x_wconf 75' lang='grc'><strong><em>049</em></strong></span> 
     </span>
    </p>
   </div>
   <div class='ocr_carea' id='block_1_2' title="bbox 836 442 1198 499">
    <p class='ocr_par' dir='ltr' id='par_1_2' title="bbox 836 442 1198 499">
     <span class='ocr_line' id='line_1_2' title="bbox 836 442 1198 499; baseline 0.003 -1"><span class='ocrx_word' id='word_1_3' title='bbox 836 442 1080 499; x_wconf 77' lang='grc' dir='ltr'><strong><em>ΚΕΦΑΛ.</em></strong></span> <span class='ocrx_word' id='word_1_4' title='bbox 1116 442 1198 499; x_wconf 85' lang='grc' dir='ltr'><strong><em>Λ’.</em></strong></span> 
     </span>
    </p>
   </div>
   <div class='ocr_carea' id='block_1_3' title="bbox 218 550 1818 626">
    <p class='ocr_par' dir='ltr' id='par_1_3' title="bbox 218 550 1818 626">
     <span class='ocr_line' id='line_1_3' title="bbox 218 550 1818 626; baseline -0.001 -22"><span class='ocrx_word' id='word_1_5' title='bbox 218 555 382 626; x_wconf 75' lang='grc' dir='ltr'>Περὶ</span> <span class='ocrx_word' id='word_1_6' title='bbox 440 557 550 603; x_wconf 81' lang='grc' dir='ltr'>τοῦ</span> <span class='ocrx_word' id='word_1_7' title='bbox 611 553 778 602; x_wconf 89' lang='grc' dir='ltr'><strong><em>κατά</em></strong></span> <span class='ocrx_word' id='word_1_8' title='bbox 846 550 1132 603; x_wconf 77' lang='grc' dir='ltr'>Βλάστον</span> <span class='ocrx_word' id='word_1_9' title='bbox 1189 555 1306 603; x_wconf 85' lang='grc' dir='ltr'>καὶ</span> <span class='ocrx_word' id='word_1_10' title='bbox 1375 550 1696 626; x_wconf 83' lang='grc' dir='ltr'>Φλωρῖνον</span> <span class='ocrx_word' id='word_1_11' title='bbox 1760 550 1818 626; x_wconf 69' lang='grc' dir='ltr'>ἓν</span> 
     </span>
    </p>
   </div>
   <div class='ocr_carea' id='block_1_4' title="bbox 291 622 1820 696">
    <p class='ocr_par' dir='ltr' id='par_1_4' title="bbox 291 622 1820 696">
     <span class='ocr_line' id='line_1_4' title="bbox 291 622 1820 696; baseline -0.001 -21"><span class='ocrx_word' id='word_1_12' title='bbox 291 622 485 696; x_wconf 76' lang='grc' dir='ltr'>Ῥώμῃ</span> <span class='ocrx_word' id='word_1_13' title='bbox 547 626 928 696; x_wconf 64' lang='grc' dir='ltr'><strong><em>γινομένου⁸</em></strong></span> <span class='ocrx_word' id='word_1_14' title='bbox 957 627 1339 696; x_wconf 86' lang='grc' dir='ltr'>σχίσματος</span> <span class='ocrx_word' id='word_1_15' title='bbox 1365 642 1379 654; x_wconf 90' lang='grc'>·</span> <span class='ocrx_word' id='word_1_16' title='bbox 1409 622 1531 675; x_wconf 72' lang='grc' dir='ltr'><strong>καῖ</strong></span> <span class='ocrx_word' id='word_1_17' title='bbox 1561 624 1686 676; x_wconf 85' lang='grc' dir='ltr'>ὅσα</span> <span class='ocrx_word' id='word_1_18' title='bbox 1723 623 1820 675; x_wconf 83' lang='grc' dir='ltr'><strong><em>Εἰ-</em></strong></span> 
     </span>
    </p>
   </div>
   <div class='ocr_carea' id='block_1_5' title="bbox 290 691 1821 768">
    <p class='ocr_par' dir='ltr' id='par_1_5' title="bbox 290 691 1821 768">
     <span class='ocr_line' id='line_1_5' title="bbox 290 691 1821 768; baseline 0.001 -22"><span class='ocrx_word' id='word_1_19' title='bbox 290 691 837 768; x_wconf 40' lang='grc' dir='ltr'>ρηναῖος-αὐτοῖς</span> <span class='ocrx_word' id='word_1_20' title='bbox 899 691 1264 767; x_wconf 73' lang='grc' dir='ltr'>διελέχθη·</span> <span class='ocrx_word' id='word_1_21' title='bbox 1315 699 1424 747; x_wconf 81' lang='grc' dir='ltr'>καὶ</span> <span class='ocrx_word' id='word_1_22' title='bbox 1488 701 1635 768; x_wconf 86' lang='grc' dir='ltr'>περὶ</span> <span class='ocrx_word' id='word_1_23' title='bbox 1701 703 1821 748; x_wconf 89' lang='grc' dir='ltr'><strong><em>τῶν</em></strong></span> 
     </span>
    </p>
   </div>
   <div class='ocr_carea' id='block_1_6' title="bbox 289 765 1320 840">
    <p class='ocr_par' dir='ltr' id='par_1_6' title="bbox 289 765 1320 840">
     <span class='ocr_line' id='line_1_6' title="bbox 289 765 1320 840; baseline 0.001 -21"><span class='ocrx_word' id='word_1_24' title='bbox 289 765 490 819; x_wconf 76' lang='grc' dir='ltr'>ἄλλων</span> <span class='ocrx_word' id='word_1_25' title='bbox 531 765 730 819; x_wconf 72' lang='grc' dir='ltr'>αὐτοῦ</span> <span class='ocrx_word' id='word_1_26' title='bbox 772 765 1320 840; x_wconf 81' lang='grc' dir='ltr'>συγγραμμάτων.</span> 
     </span>
    </p>
   </div>
   <div class='ocr_carea' id='block_1_7' title="bbox 286 897 1822 975">
    <p class='ocr_par' dir='ltr' id='par_1_7' title="bbox 286 897 1822 975">
     <span class='ocr_line' id='line_1_7' title="bbox 286 897 1822 975; baseline -0.003 -21"><span class='ocrx_word' id='word_1_27' title='bbox 286 907 407 962; x_wconf 85' lang='grc' dir='ltr'><strong><em>Τοῖς</em></strong></span> <span class='ocrx_word' id='word_1_28' title='bbox 451 897 511 954; x_wconf 65' lang='grc' dir='ltr'>δὲ</span> <span class='ocrx_word' id='word_1_29' title='bbox 564 905 683 975; x_wconf 85' lang='grc' dir='ltr'>περὶ</span> <span class='ocrx_word' id='word_1_30' title='bbox 731 900 982 974; x_wconf 73' lang='grc' dir='ltr'>Φλωρῖνον</span> <span class='ocrx_word' id='word_1_31' title='bbox 1027 906 1116 953; x_wconf 82' lang='grc' dir='ltr'>καὶ</span> <span class='ocrx_word' id='word_1_32' title='bbox 1158 899 1387 973; x_wconf 85' lang='grc' dir='ltr'>βλάστον</span> <span class='ocrx_word' id='word_1_33' title='bbox 1445 901 1582 953; x_wconf 85' lang='grc' dir='ltr'><strong><em>κατά</em></strong></span> <span class='ocrx_word' id='word_1_34' title='bbox 1623 899 1822 973; x_wconf 83' lang='grc' dir='ltr'>Ῥώμην</span> 
     </span>
    </p>
   </div>
   <div class='ocr_carea' id='block_1_8' title="bbox 211 987 1825 1064">
    <p class='ocr_par' dir='ltr' id='par_1_8' title="bbox 211 987 1825 1064">
     <span class='ocr_line' id='line_1_8' title="bbox 211 987 1825 1064; baseline -0.001 -20"><span class='ocrx_word' id='word_1_35' title='bbox 211 991 290 1052; x_wconf 88' lang='grc' dir='ltr'><strong><em>εἰς</em></strong></span> <span class='ocrx_word' id='word_1_36' title='bbox 368 989 684 1052; x_wconf 71' lang='grc' dir='ltr'><strong><em>ἀντιπάλους</em></strong></span> <span class='ocrx_word' id='word_1_37' title='bbox 757 996 947 1063; x_wconf 81' lang='grc' dir='ltr'><strong><em>μοίρας</em></strong></span> <span class='ocrx_word' id='word_1_38' title='bbox 1023 987 1396 1064; x_wconf 87' lang='grc' dir='ltr'>διακριθεῖσιν,</span> <span class='ocrx_word' id='word_1_39' title='bbox 1446 989 1524 1052; x_wconf 84' lang='grc' dir='ltr'>οἶς</span> <span class='ocrx_word' id='word_1_40' title='bbox 1577 990 1710 1042; x_wconf 88' lang='grc' dir='ltr'>κατά</span> <span class='ocrx_word' id='word_1_41' title='bbox 1772 1009 1825 1044; x_wconf 87' lang='grc' dir='ltr'><strong><em>τι</em></strong></span> 
     </span>
    </p>
   </div>
   <div class='ocr_carea' id='block_1_9' title="bbox 215 1076 1824 1152">
    <p class='ocr_par' dir='ltr' id='par_1_9' title="bbox 215 1076 1824 1152">
     <span class='ocr_line' id='line_1_9' title="bbox 215 1076 1824 1152; baseline -0.001 -20"><span class='ocrx_word' id='word_1_42' title='bbox 215 1083 522 1152; x_wconf 84' lang='grc' dir='ltr'>σύμπτωμα</span> <span class='ocrx_word' id='word_1_43' title='bbox 596 1087 688 1132; x_wconf 84' lang='grc' dir='ltr'>τοῦ</span> <span class='ocrx_word' id='word_1_44' title='bbox 768 1079 1146 1152; x_wconf 81' lang='grc' dir='ltr'>πρεσϐυτερίου</span> <span class='ocrx_word' id='word_1_45' title='bbox 1235 1076 1653 1143; x_wconf 87' lang='grc' dir='ltr'>διαπεπτωκόσι,</span> <span class='ocrx_word' id='word_1_46' title='bbox 1735 1089 1824 1138; x_wconf 80' lang='grc' dir='ltr'>καὶ</span> 
     </span>
    </p>
   </div>
   <div class='ocr_carea' id='block_1_10' title="bbox 208 1161 1820 1239">
    <p class='ocr_par' dir='ltr' id='par_1_10' title="bbox 208 1161 1820 1239">
     <span class='ocr_line' id='line_1_10' title="bbox 208 1161 1820 1239; baseline -0.002 -20"><span class='ocrx_word' id='word_1_47' title='bbox 208 1174 328 1227; x_wconf 82' lang='grc' dir='ltr'>ταῖς</span> <span class='ocrx_word' id='word_1_48' title='bbox 380 1169 684 1239; x_wconf 75' lang='grc' dir='ltr'><strong><em>Μαρκίωνος</em></strong></span> <span class='ocrx_word' id='word_1_49' title='bbox 723 1161 903 1228; x_wconf 84' lang='grc' dir='ltr'><strong><em>δόξαις</em></strong></span> <span class='ocrx_word' id='word_1_50' title='bbox 963 1161 1058 1217; x_wconf 78' lang='grc' dir='ltr'>διὰ</span> <span class='ocrx_word' id='word_1_51' title='bbox 1097 1163 1414 1226; x_wconf 81' lang='grc' dir='ltr'>ζηλοτυπίας</span> <span class='ocrx_word' id='word_1_52' title='bbox 1461 1167 1627 1238; x_wconf 77' lang='grc' dir='ltr'>ἔρωτα</span> <span class='ocrx_word' id='word_1_53' title='bbox 1676 1183 1820 1238; x_wconf 91' lang='grc' dir='ltr'>περι-</span> 
     </span>
    </p>
   </div>
   <div class='ocr_carea' id='block_1_11' title="bbox 209 1253 1820 1328">
    <p class='ocr_par' dir='ltr' id='par_1_11' title="bbox 209 1253 1820 1328">
     <span class='ocr_line' id='line_1_11' title="bbox 209 1253 1820 1328; baseline -0.002 -20"><span class='ocrx_word' id='word_1_54' title='bbox 209 1255 544 1328; x_wconf 79' lang='grc' dir='ltr'>ειλουμένοις,</span> <span class='ocrx_word' id='word_1_55' title='bbox 598 1259 689 1306; x_wconf 82' lang='grc' dir='ltr'><strong><em>καὶ</em></strong></span> <span class='ocrx_word' id='word_1_56' title='bbox 743 1257 829 1306; x_wconf 89' lang='grc' dir='ltr'><strong><em>τόν</em></strong></span> <span class='ocrx_word' id='word_1_57' title='bbox 879 1253 1314 1311; x_wconf 74' lang='grc' dir='ltr'><strong><em>ἐκκλησιαστικὸν</em></strong></span> <span class='ocrx_word' id='word_1_58' title='bbox 1376 1256 1564 1326; x_wconf 84' lang='grc' dir='ltr'>θεσμόν</span> <span class='ocrx_word' id='word_1_59' title='bbox 1628 1272 1820 1328; x_wconf 84' lang='grc' dir='ltr'>πειρω-</span> 
     </span>
    </p>
   </div>
   <div class='ocr_carea' id='block_1_12' title="bbox 205 1343 1818 1418">
    <p class='ocr_par' dir='ltr' id='par_1_12' title="bbox 205 1343 1818 1418">
     <span class='ocr_line' id='line_1_12' title="bbox 205 1343 1818 1418; baseline -0.002 -21"><span class='ocrx_word' id='word_1_60' title='bbox 205 1349 382 1416; x_wconf 81' lang='grc' dir='ltr'>μένοις</span> <span class='ocrx_word' id='word_1_61' title='bbox 445 1344 896 1418; x_wconf 74' lang='grc' dir='ltr'>παραχαράττειν,</span> <span class='ocrx_word' id='word_1_62' title='bbox 965 1343 1238 1416; x_wconf 81' lang='grc' dir='ltr'>Εἰρηναῖος</span> <span class='ocrx_word' id='word_1_63' title='bbox 1303 1345 1379 1396; x_wconf 80' lang='grc' dir='ltr'>ἕτι</span> <span class='ocrx_word' id='word_1_64' title='bbox 1461 1347 1671 1415; x_wconf 86' lang='grc' dir='ltr'>περιών,</span> <span class='ocrx_word' id='word_1_65' title='bbox 1729 1348 1818 1394; x_wconf 84' lang='grc' dir='ltr'>καὶ</span> 
     </span>
    </p>
   </div>
   <div class='ocr_carea' id='block_1_13' title="bbox 207 1431 1815 1507">
    <p class='ocr_par' dir='ltr' id='par_1_13' title="bbox 207 1431 1815 1507">
     <span class='ocr_line' id='line_1_13' title="bbox 207 1431 1815 1507; baseline -0.003 -20"><span class='ocrx_word' id='word_1_66' title='bbox 207 1436 369 1507; x_wconf 72' lang='grc' dir='ltr'>ἄμφω</span> <span class='ocrx_word' id='word_1_67' title='bbox 450 1432 726 1493; x_wconf 78' lang='grc' dir='ltr'>ἕπιστολάς</span> <span class='ocrx_word' id='word_1_68' title='bbox 779 1435 1012 1504; x_wconf 83' lang='grc' dir='ltr'>ἔπεμπε·</span> <span class='ocrx_word' id='word_1_69' title='bbox 1078 1437 1171 1490; x_wconf 79' lang='grc' dir='ltr'>τὴν</span> <span class='ocrx_word' id='word_1_70' title='bbox 1229 1435 1318 1505; x_wconf 71' lang='grc' dir='ltr'>μὲν</span> <span class='ocrx_word' id='word_1_71' title='bbox 1382 1434 1515 1506; x_wconf 84' lang='grc' dir='ltr'>πρὸς</span> <span class='ocrx_word' id='word_1_72' title='bbox 1587 1431 1815 1484; x_wconf 81' lang='grc' dir='ltr'>Βλάστον</span> 
     </span>
    </p>
   </div>
   <div class='ocr_carea' id='block_1_14' title="bbox 212 1521 1814 1598">
    <p class='ocr_par' dir='ltr' id='par_1_14' title="bbox 212 1521 1814 1598">
     <span class='ocr_line' id='line_1_14' title="bbox 212 1521 1814 1598; baseline -0.003 -21"><span class='ocrx_word' id='word_1_73' title='bbox 212 1522 698 1598; x_wconf 71' lang='grc' dir='ltr'>ἐπιγράψαςΠερὶ</span> <span class='ocrx_word' id='word_1_74' title='bbox 750 1527 1067 1595; x_wconf 87' lang='grc' dir='ltr'>σχίσματος,</span> <span class='ocrx_word' id='word_1_75' title='bbox 1119 1527 1213 1581; x_wconf 82' lang='grc' dir='ltr'>τὴν</span> <span class='ocrx_word' id='word_1_76' title='bbox 1268 1521 1328 1574; x_wconf 75' lang='grc' dir='ltr'><strong><em>δε</em></strong></span> <span class='ocrx_word' id='word_1_77' title='bbox 1382 1525 1506 1596; x_wconf 87' lang='grc' dir='ltr'>πρὸς</span> <span class='ocrx_word' id='word_1_78' title='bbox 1563 1521 1814 1595; x_wconf 81' lang='grc' dir='ltr'>Φλωρῖνον</span> 
     </span>
    </p>
   </div>
   <div class='ocr_carea' id='block_1_15' title="bbox 214 1609 1814 1688">
    <p class='ocr_par' dir='ltr' id='par_1_15' title="bbox 214 1609 1814 1688">
     <span class='ocr_line' id='line_1_15' title="bbox 214 1609 1814 1688; baseline -0.003 -22"><span class='ocrx_word' id='word_1_79' title='bbox 214 1618 344 1688; x_wconf 84' lang='grc' dir='ltr'>Περὶ</span> <span class='ocrx_word' id='word_1_80' title='bbox 374 1616 693 1686; x_wconf 79' lang='grc' dir='ltr'>μοναρχίας,</span> <span class='ocrx_word' id='word_1_81' title='bbox 723 1612 753 1670; x_wconf 78' lang='grc' dir='ltr'><strong>ἣ</strong></span> <span class='ocrx_word' id='word_1_82' title='bbox 787 1616 904 1686; x_wconf 87' lang='grc' dir='ltr'>περὶ</span> <span class='ocrx_word' id='word_1_83' title='bbox 951 1619 1044 1663; x_wconf 86' lang='grc' dir='ltr'>τοῦ</span> <span class='ocrx_word' id='word_1_84' title='bbox 1075 1616 1146 1684; x_wconf 86' lang='grc' dir='ltr'>μὴ</span> <span class='ocrx_word' id='word_1_85' title='bbox 1181 1609 1311 1664; x_wconf 83' lang='grc' dir='ltr'>εἶναι</span> <span class='ocrx_word' id='word_1_86' title='bbox 1349 1614 1438 1663; x_wconf 86' lang='grc' dir='ltr'>τὸν</span> <span class='ocrx_word' id='word_1_87' title='bbox 1482 1614 1612 1664; x_wconf 84' lang='grc' dir='ltr'>Θεὸν</span> <span class='ocrx_word' id='word_1_88' title='bbox 1657 1630 1814 1668; x_wconf 88' lang='grc' dir='ltr'>ποιη-</span> 
     </span>
    </p>
   </div>
   <div class='ocr_carea' id='block_1_16' title="bbox 205 1700 1813 1774">
    <p class='ocr_par' dir='ltr' id='par_1_16' title="bbox 205 1700 1813 1774">
     <span class='ocr_line' id='line_1_16' title="bbox 205 1700 1813 1774; baseline -0.002 -19"><span class='ocrx_word' id='word_1_89' title='bbox 205 1706 304 1760; x_wconf 76' lang='grc' dir='ltr'>τὴν</span> <span class='ocrx_word' id='word_1_90' title='bbox 352 1709 545 1755; x_wconf 81' lang='grc' dir='ltr'><strong><em>κακῶν.</em></strong></span> <span class='ocrx_word' id='word_1_91' title='bbox 605 1704 985 1772; x_wconf 82' lang='grc' dir='ltr'>Προασπιστὴς</span> <span class='ocrx_word' id='word_1_92' title='bbox 1033 1702 1136 1774; x_wconf 85' lang='grc' dir='ltr'><strong><em>γὰρ</em></strong></span> <span class='ocrx_word' id='word_1_93' title='bbox 1196 1700 1348 1760; x_wconf 81' lang='grc' dir='ltr'>οὗτος</span> <span class='ocrx_word' id='word_1_94' title='bbox 1421 1709 1518 1762; x_wconf 84' lang='grc' dir='ltr'>τῆς</span> <span class='ocrx_word' id='word_1_95' title='bbox 1567 1702 1813 1761; x_wconf 80' lang='grc' dir='ltr'>τοιαύτης</span> 
     </span>
    </p>
   </div>
   <div class='ocr_carea' id='block_1_17' title="bbox 206 1786 1887 1886">
    <p class='ocr_par' dir='ltr' id='par_1_17' title="bbox 206 1786 1887 1886">
     <span class='ocr_line' id='line_1_17' title="bbox 206 1786 1887 1886; baseline -0.002 -42"><span class='ocrx_word' id='word_1_96' title='bbox 206 1787 374 1854; x_wconf 83' lang='grc' dir='ltr'>δόξης</span> <span class='ocrx_word' id='word_1_97' title='bbox 413 1788 543 1843; x_wconf 84' lang='grc' dir='ltr'>εἶναι</span> <span class='ocrx_word' id='word_1_98' title='bbox 596 1786 766 1842; x_wconf 74' lang='grc' dir='ltr'>ἐδόκει</span> <span class='ocrx_word' id='word_1_99' title='bbox 801 1806 814 1820; x_wconf 88' lang='grc'><strong>·</strong></span> <span class='ocrx_word' id='word_1_100' title='bbox 848 1786 920 1842; x_wconf 82' lang='grc' dir='ltr'><strong><em>δι’</em></strong></span> <span class='ocrx_word' id='word_1_101' title='bbox 951 1790 1002 1842; x_wconf 88' lang='grc' dir='ltr'>ὃν</span> <span class='ocrx_word' id='word_1_102' title='bbox 1051 1786 1198 1850; x_wconf 83' lang='grc' dir='ltr'>αὖθις</span> <span class='ocrx_word' id='word_1_103' title='bbox 1227 1794 1316 1842; x_wconf 85' lang='grc' dir='ltr'>καὶ</span> <span class='ocrx_word' id='word_1_104' title='bbox 1356 1791 1429 1842; x_wconf 77' lang='grc' dir='ltr'>ἔτι</span> <span class='ocrx_word' id='word_1_105' title='bbox 1475 1797 1547 1860; x_wconf 83' lang='grc' dir='ltr'>τῷ</span> <span class='ocrx_word' id='word_1_106' title='bbox 1596 1789 1814 1841; x_wconf 87' lang='grc' dir='ltr'>ἀσταθεί</span> <span class='ocrx_word' id='word_1_107' title='bbox 1843 1831 1887 1886; x_wconf 81' lang='grc' dir='ltr'>Β</span> 
     </span>
    </p>
   </div>
   <div class='ocr_carea' id='block_1_18' title="bbox 203 1875 1812 1951">
    <p class='ocr_par' dir='ltr' id='par_1_18' title="bbox 203 1875 1812 1951">
     <span class='ocr_line' id='line_1_18' title="bbox 203 1875 1812 1951; baseline -0.001 -19"><span class='ocrx_word' id='word_1_108' title='bbox 203 1888 304 1940; x_wconf 83' lang='grc' dir='ltr'>τῆς</span> <span class='ocrx_word' id='word_1_109' title='bbox 351 1885 565 1951; x_wconf 80' lang='grc' dir='ltr'>γνώμης</span> <span class='ocrx_word' id='word_1_110' title='bbox 601 1883 692 1930; x_wconf 90' lang='grc' dir='ltr'>καὶ</span> <span class='ocrx_word' id='word_1_111' title='bbox 747 1877 818 1940; x_wconf 84' lang='grc' dir='ltr'><strong><em>εἰς</em></strong></span> <span class='ocrx_word' id='word_1_112' title='bbox 870 1882 964 1937; x_wconf 74' lang='grc' dir='ltr'>τὴν</span> <span class='ocrx_word' id='word_1_113' title='bbox 1022 1877 1362 1932; x_wconf 76' lang='grc' dir='ltr'>Οὐαλεντίνου</span> <span class='ocrx_word' id='word_1_114' title='bbox 1412 1875 1570 1942; x_wconf 81' lang='grc' dir='ltr'>δόξαν</span> <span class='ocrx_word' id='word_1_115' title='bbox 1615 1881 1812 1930; x_wconf 80' lang='grc' dir='ltr'>ύποσυ-</span> 
     </span>
    </p>
   </div>
   <div class='ocr_carea' id='block_1_19' title="bbox 183 1965 1813 2043">
    <p class='ocr_par' dir='ltr' id='par_1_19' title="bbox 183 1965 1813 2043">
     <span class='ocr_line' id='line_1_19' title="bbox 183 1965 1813 2043; baseline -0.001 -21"><span class='ocrx_word' id='word_1_116' title='bbox 183 1974 421 2042; x_wconf 89' lang='grc' dir='ltr'>·ρόμενον</span> <span class='ocrx_word' id='word_1_117' title='bbox 477 1973 566 2020; x_wconf 87' lang='grc' dir='ltr'>καὶ</span> <span class='ocrx_word' id='word_1_118' title='bbox 620 1970 787 2043; x_wconf 77' lang='grc' dir='ltr'>ἕτερον</span> <span class='ocrx_word' id='word_1_119' title='bbox 825 1975 897 2038; x_wconf 84' lang='grc' dir='ltr'>τῷ</span> <span class='ocrx_word' id='word_1_120' title='bbox 953 1967 1210 2041; x_wconf 84' lang='grc' dir='ltr'>Εἰρηναίῳ</span> <span class='ocrx_word' id='word_1_121' title='bbox 1267 1965 1628 2029; x_wconf 78' lang='grc' dir='ltr'>σπουδάζεται</span> <span class='ocrx_word' id='word_1_122' title='bbox 1681 1970 1813 2039; x_wconf 89' lang='grc' dir='ltr'>σύγ-</span> 
     </span>
    </p>
   </div>
   <div class='ocr_carea' id='block_1_20' title="bbox 189 2053 1811 2134">
    <p class='ocr_par' dir='ltr' id='par_1_20' title="bbox 189 2053 1811 2134">
     <span class='ocr_line' id='line_1_20' title="bbox 189 2053 1811 2134; baseline -0.001 -24"><span class='ocrx_word' id='word_1_123' title='bbox 189 2070 448 2134; x_wconf 72' lang='grc' dir='ltr'><strong><em>¹γραμμαί,</em></strong></span> <span class='ocrx_word' id='word_1_124' title='bbox 515 2060 541 2110; x_wconf 88' lang='grc' dir='ltr'>ὁ</span> <span class='ocrx_word' id='word_1_125' title='bbox 573 2063 698 2131; x_wconf 87' lang='grc' dir='ltr'><strong><em>Περὶ</em></strong></span> <span class='ocrx_word' id='word_1_126' title='bbox 749 2065 846 2118; x_wconf 86' lang='grc' dir='ltr'>τῆς</span> <span class='ocrx_word' id='word_1_127' title='bbox 887 2053 1153 2128; x_wconf 76' lang='grc' dir='ltr'><strong><em>ὀγδοάδος</em></strong></span> <span class='ocrx_word' id='word_1_128' title='bbox 1212 2060 1326 2130; x_wconf 77' lang='grc' dir='ltr'>ἔχει</span> <span class='ocrx_word' id='word_1_129' title='bbox 1383 2057 1673 2132; x_wconf 79' lang='grc' dir='ltr'>ἐπιγραφήν</span> <span class='ocrx_word' id='word_1_130' title='bbox 1705 2075 1717 2086; x_wconf 94' lang='grc'><strong>·</strong></span> <span class='ocrx_word' id='word_1_131' title='bbox 1763 2060 1811 2110; x_wconf 73' lang='grc' dir='ltr'>ἓν</span> 
     </span>
    </p>
   </div>
   <div class='ocr_carea' id='block_1_21' title="bbox 200 2144 1809 2220">
    <p class='ocr_par' dir='ltr' id='par_1_21' title="bbox 200 2144 1809 2220">
     <span class='ocr_line' id='line_1_21' title="bbox 200 2144 1809 2220; baseline -0.001 -21"><span class='ocrx_word' id='word_1_132' title='bbox 200 2148 344 2220; x_wconf 84' lang='grc' dir='ltr'>ᾧπερ</span> <span class='ocrx_word' id='word_1_133' title='bbox 378 2144 665 2212; x_wconf 85' lang='grc' dir='ltr'>δείκνυσιν,</span> <span class='ocrx_word' id='word_1_134' title='bbox 699 2149 768 2209; x_wconf 87' lang='grc' dir='ltr'>ὡς</span> <span class='ocrx_word' id='word_1_135' title='bbox 816 2155 907 2207; x_wconf 85' lang='grc' dir='ltr'>τῆς</span> <span class='ocrx_word' id='word_1_136' title='bbox 945 2153 1158 2219; x_wconf 85' lang='grc' dir='ltr'>πρώτης</span> <span class='ocrx_word' id='word_1_137' title='bbox 1210 2152 1300 2199; x_wconf 84' lang='grc' dir='ltr'>καὶ</span> <span class='ocrx_word' id='word_1_138' title='bbox 1346 2147 1494 2208; x_wconf 79' lang='grc' dir='ltr'>οὗτος</span> <span class='ocrx_word' id='word_1_139' title='bbox 1532 2156 1632 2198; x_wconf 89' lang='grc' dir='ltr'><strong><em>τῶν</em></strong></span> <span class='ocrx_word' id='word_1_140' title='bbox 1673 2146 1809 2199; x_wconf 87' lang='grc' dir='ltr'>ἀπο-</span> 
     </span>
    </p>
   </div>
   <div class='ocr_carea' id='block_1_22' title="bbox 202 2232 1811 2311">
    <p class='ocr_par' dir='ltr' id='par_1_22' title="bbox 202 2232 1811 2311">
     <span class='ocr_line' id='line_1_22' title="bbox 202 2232 1811 2311; baseline -0.002 -20"><span class='ocrx_word' id='word_1_141' title='bbox 202 2238 401 2291; x_wconf 82' lang='grc' dir='ltr'>στόλων</span> <span class='ocrx_word' id='word_1_142' title='bbox 449 2235 744 2309; x_wconf 74' lang='grc' dir='ltr'><strong><em>μετειλήφει</em></strong></span> <span class='ocrx_word' id='word_1_143' title='bbox 795 2232 1093 2308; x_wconf 74' lang='grc' dir='ltr'>διαδοχῆς.</span> <span class='ocrx_word' id='word_1_144' title='bbox 1135 2236 1216 2290; x_wconf 80' lang='grc' dir='ltr'>Ἐν</span> <span class='ocrx_word' id='word_1_145' title='bbox 1263 2233 1322 2289; x_wconf 71' lang='grc' dir='ltr'><strong><em>δε</em></strong></span> <span class='ocrx_word' id='word_1_146' title='bbox 1360 2245 1432 2308; x_wconf 86' lang='grc' dir='ltr'>τῷ</span> <span class='ocrx_word' id='word_1_147' title='bbox 1483 2240 1670 2311; x_wconf 77' lang='grc' dir='ltr'>πέρατι</span> <span class='ocrx_word' id='word_1_148' title='bbox 1720 2243 1811 2290; x_wconf 87' lang='grc' dir='ltr'>τοῦ</span> 
     </span>
    </p>
   </div>
   <div class='ocr_carea' id='block_1_23' title="bbox 185 2327 1813 2401">
    <p class='ocr_par' dir='ltr' id='par_1_23' title="bbox 185 2327 1813 2401">
     <span class='ocr_line' id='line_1_23' title="bbox 185 2327 1813 2401; baseline -0.001 -20"><span class='ocrx_word' id='word_1_149' title='bbox 185 2330 591 2401; x_wconf 86' lang='grc' dir='ltr'>,συγγάμματος</span> <span class='ocrx_word' id='word_1_150' title='bbox 671 2327 883 2379; x_wconf 82' lang='grc' dir='ltr'>ἀστείαν</span> <span class='ocrx_word' id='word_1_151' title='bbox 958 2330 1075 2380; x_wconf 81' lang='grc' dir='ltr'>τινὰ</span> <span class='ocrx_word' id='word_1_152' title='bbox 1171 2331 1607 2401; x_wconf 87' lang='grc' dir='ltr'>παρασημείωσιν</span> <span class='ocrx_word' id='word_1_153' title='bbox 1679 2329 1813 2380; x_wconf 87' lang='grc' dir='ltr'>τίθε-</span> 
     </span>
    </p>
   </div>
   <div class='ocr_carea' id='block_1_24' title="bbox 195 2413 1810 2486">
    <p class='ocr_par' dir='ltr' id='par_1_24' title="bbox 195 2413 1810 2486">
     <span class='ocr_line' id='line_1_24' title="bbox 195 2413 1810 2486; baseline -0.002 -15"><span class='ocrx_word' id='word_1_154' title='bbox 195 2438 306 2484; x_wconf 88' lang='grc' dir='ltr'>ται,</span> <span class='ocrx_word' id='word_1_155' title='bbox 365 2417 427 2476; x_wconf 74' lang='grc' dir='ltr'>ἠν</span> <span class='ocrx_word' id='word_1_156' title='bbox 483 2413 552 2476; x_wconf 76' lang='grc' dir='ltr'>δὴ</span> <span class='ocrx_word' id='word_1_157' title='bbox 611 2421 702 2469; x_wconf 80' lang='grc' dir='ltr'>καὶ</span> <span class='ocrx_word' id='word_1_158' title='bbox 763 2415 986 2469; x_wconf 76' lang='grc' dir='ltr'>ἐκθεῖναι</span> <span class='ocrx_word' id='word_1_159' title='bbox 1041 2422 1148 2477; x_wconf 88' lang='grc' dir='ltr'>τοῖς</span> <span class='ocrx_word' id='word_1_160' title='bbox 1201 2415 1401 2478; x_wconf 82' lang='grc' dir='ltr'>λοιποῖς</span> <span class='ocrx_word' id='word_1_161' title='bbox 1451 2416 1544 2469; x_wconf 83' lang='grc' dir='ltr'><strong><em>ούκ</em></strong></span> <span class='ocrx_word' id='word_1_162' title='bbox 1605 2413 1810 2486; x_wconf 81' lang='grc' dir='ltr'>ἀπᾷδον</span> 
     </span>
    </p>
   </div>
   <div class='ocr_carea' id='block_1_25' title="bbox 195 2502 1811 2579">
    <p class='ocr_par' dir='ltr' id='par_1_25' title="bbox 195 2502 1811 2579">
     <span class='ocr_line' id='line_1_25' title="bbox 195 2502 1811 2579; baseline -0.002 -19"><span class='ocrx_word' id='word_1_163' title='bbox 195 2507 542 2579; x_wconf 70' lang='grc' dir='ltr'>ἐλογισάμην.</span> <span class='ocrx_word' id='word_1_164' title='bbox 598 2510 750 2578; x_wconf 77' lang='grc' dir='ltr'>Λέγει</span> <span class='ocrx_word' id='word_1_165' title='bbox 804 2502 864 2558; x_wconf 67' lang='grc' dir='ltr'><strong><em>δι</em></strong></span> <span class='ocrx_word' id='word_1_166' title='bbox 894 2506 1052 2567; x_wconf 73' lang='grc' dir='ltr'>οὕτως</span> <span class='ocrx_word' id='word_1_167' title='bbox 1086 2520 1101 2535; x_wconf 82' lang='grc'><strong><em>⁸</em></strong></span> <span class='ocrx_word' id='word_1_168' title='bbox 1143 2527 1171 2555; x_wconf 77' lang='grc' dir='ltr'>ε(</span> <span class='ocrx_word' id='word_1_169' title='bbox 1223 2505 1453 2579; x_wconf 79' lang='grc' dir='ltr'>Ὁρκίζω</span> <span class='ocrx_word' id='word_1_170' title='bbox 1503 2525 1560 2558; x_wconf 90' lang='grc' dir='ltr'><strong><em>σε</em></strong></span> <span class='ocrx_word' id='word_1_171' title='bbox 1599 2508 1686 2558; x_wconf 88' lang='grc' dir='ltr'><strong><em>τόν</em></strong></span> <span class='ocrx_word' id='word_1_172' title='bbox 1716 2525 1811 2577; x_wconf 86' lang='grc' dir='ltr'>με-</span> 
     </span>
    </p>
   </div>
   <div class='ocr_carea' id='block_1_26' title="bbox 198 2593 1806 2669">
    <p class='ocr_par' dir='ltr' id='par_1_26' title="bbox 198 2593 1806 2669">
     <span class='ocr_line' id='line_1_26' title="bbox 198 2593 1806 2669; baseline -0.002 -19"><span class='ocrx_word' id='word_1_173' title='bbox 198 2596 605 2669; x_wconf 73' lang='grc' dir='ltr'>ταγραψάμενον</span> <span class='ocrx_word' id='word_1_174' title='bbox 671 2599 729 2648; x_wconf 90' lang='grc' dir='ltr'><strong><em>τό</em></strong></span> <span class='ocrx_word' id='word_1_175' title='bbox 790 2593 993 2668; x_wconf 82' lang='grc' dir='ltr'>βιϐλίον</span> <span class='ocrx_word' id='word_1_176' title='bbox 1045 2602 1196 2648; x_wconf 84' lang='grc' dir='ltr'>τοῦτο</span> <span class='ocrx_word' id='word_1_177' title='bbox 1273 2597 1410 2647; x_wconf 83' lang='grc' dir='ltr'>κατὰ</span> <span class='ocrx_word' id='word_1_178' title='bbox 1464 2602 1556 2647; x_wconf 85' lang='grc' dir='ltr'>τοῦ</span> <span class='ocrx_word' id='word_1_179' title='bbox 1607 2597 1806 2668; x_wconf 87' lang='grc' dir='ltr'>Κυρίόυ</span> 
     </span>
    </p>
   </div>
   <div class='ocr_carea' id='block_1_27' title="bbox 199 2680 1806 2760">
    <p class='ocr_par' dir='ltr' id='par_1_27' title="bbox 199 2680 1806 2760">
     <span class='ocr_line' id='line_1_27' title="bbox 199 2680 1806 2760; baseline -0.001 -24"><span class='ocrx_word' id='word_1_180' title='bbox 199 2687 350 2758; x_wconf 84' lang='grc' dir='ltr'>ἡμῶν</span> <span class='ocrx_word' id='word_1_181' title='bbox 383 2685 561 2743; x_wconf 83' lang='grc' dir='ltr'>Ἰησοῦ</span> <span class='ocrx_word' id='word_1_182' title='bbox 593 2692 850 2760; x_wconf 84' lang='grc' dir='ltr'>Χριστοῦ,</span> <span class='ocrx_word' id='word_1_183' title='bbox 881 2689 971 2736; x_wconf 81' lang='grc' dir='ltr'>καὶ</span> <span class='ocrx_word' id='word_1_184' title='bbox 1009 2686 1146 2736; x_wconf 88' lang='grc' dir='ltr'><strong><em>κατά</em></strong></span> <span class='ocrx_word' id='word_1_185' title='bbox 1193 2691 1286 2746; x_wconf 82' lang='grc' dir='ltr'>τῆς</span> <span class='ocrx_word' id='word_1_186' title='bbox 1337 2680 1548 2746; x_wconf 84' lang='grc' dir='ltr'>ἐνδόξου</span> <span class='ocrx_word' id='word_1_187' title='bbox 1603 2702 1806 2757; x_wconf 88' lang='grc' dir='ltr'>παρου-</span> 
     </span>
    </p>
   </div>
   <div class='ocr_carea' id='block_1_28' title="bbox 209 2773 1802 2848">
    <p class='ocr_par' dir='ltr' id='par_1_28' title="bbox 209 2773 1802 2848">
     <span class='ocr_line' id='line_1_28' title="bbox 209 2773 1802 2848; baseline -0.002 -21"><span class='ocrx_word' id='word_1_188' title='bbox 209 2780 330 2836; x_wconf 87' lang='grc' dir='ltr'>σίας</span> <span class='ocrx_word' id='word_1_189' title='bbox 367 2774 551 2841; x_wconf 83' lang='grc' dir='ltr'>αύτοῦ,</span> <span class='ocrx_word' id='word_1_190' title='bbox 596 2774 654 2835; x_wconf 74' lang='grc' dir='ltr'>ἧς</span> <span class='ocrx_word' id='word_1_191' title='bbox 704 2776 918 2848; x_wconf 76' lang='grc' dir='ltr'>ἔρχεται</span> <span class='ocrx_word' id='word_1_192' title='bbox 975 2779 1147 2843; x_wconf 87' lang='grc' dir='ltr'>κρῖναι</span> <span class='ocrx_word' id='word_1_193' title='bbox 1196 2773 1393 2835; x_wconf 89' lang='grc' dir='ltr'>ζῶντας</span> <span class='ocrx_word' id='word_1_194' title='bbox 1445 2777 1535 2825; x_wconf 83' lang='grc' dir='ltr'>καὶ</span> <span class='ocrx_word' id='word_1_195' title='bbox 1573 2776 1802 2846; x_wconf 87' lang='grc' dir='ltr'>νεκρούς,</span> 
     </span>
    </p>
   </div>
   <div class='ocr_carea' id='block_1_29' title="bbox 206 2862 1801 2937">
    <p class='ocr_par' dir='ltr' id='par_1_29' title="bbox 206 2862 1801 2937">
     <span class='ocr_line' id='line_1_29' title="bbox 206 2862 1801 2937; baseline -0.002 -21"><span class='ocrx_word' id='word_1_196' title='bbox 206 2865 291 2916; x_wconf 81' lang='grc' dir='ltr'>ἶνα</span> <span class='ocrx_word' id='word_1_197' title='bbox 329 2863 610 2936; x_wconf 80' lang='grc' dir='ltr'>ἀντιϐάλῃς</span> <span class='ocrx_word' id='word_1_198' title='bbox 647 2863 673 2916; x_wconf 88' lang='grc' dir='ltr'><strong>ὃ</strong></span> <span class='ocrx_word' id='word_1_199' title='bbox 730 2862 1061 2937; x_wconf 78' lang='grc' dir='ltr'>μετεγράψω,</span> <span class='ocrx_word' id='word_1_200' title='bbox 1138 2867 1228 2915; x_wconf 79' lang='grc' dir='ltr'>καὶ</span> <span class='ocrx_word' id='word_1_201' title='bbox 1283 2863 1624 2936; x_wconf 75' lang='grc' dir='ltr'>κατορθώσῃς</span> <span class='ocrx_word' id='word_1_202' title='bbox 1677 2862 1801 2914; x_wconf 72' lang='grc' dir='ltr'>αὐτὸ</span> 
     </span>
    </p>
   </div>
   <div class='ocr_carea' id='block_1_30' title="bbox 198 2951 1802 3028">
    <p class='ocr_par' dir='ltr' id='par_1_30' title="bbox 198 2951 1802 3028">
     <span class='ocr_line' id='line_1_30' title="bbox 198 2951 1802 3028; baseline -0.002 -22"><span class='ocrx_word' id='word_1_203' title='bbox 198 2957 326 3028; x_wconf 86' lang='grc' dir='ltr'>πρὸς</span> <span class='ocrx_word' id='word_1_204' title='bbox 379 2958 438 3006; x_wconf 88' lang='grc' dir='ltr'><strong><em>τό</em></strong></span> <span class='ocrx_word' id='word_1_205' title='bbox 499 2953 811 3026; x_wconf 76' lang='grc' dir='ltr'>ἀντίγραφον</span> <span class='ocrx_word' id='word_1_206' title='bbox 853 2960 1024 3017; x_wconf 83' lang='grc' dir='ltr'>τοῦτο,</span> <span class='ocrx_word' id='word_1_207' title='bbox 1077 2953 1188 3005; x_wconf 86' lang='grc' dir='ltr'>ὅθεν</span> <span class='ocrx_word' id='word_1_208' title='bbox 1237 2952 1565 3026; x_wconf 71' lang='grc' dir='ltr'>μετεγράψω,</span> <span class='ocrx_word' id='word_1_209' title='bbox 1631 2951 1802 3024; x_wconf 77' lang='grc' dir='ltr'>ἐπιμε-</span> 
     </span>
    </p>
   </div>
   <div class='ocr_carea' id='block_1_31' title="bbox 194 3041 1800 3116">
    <p class='ocr_par' dir='ltr' id='par_1_31' title="bbox 194 3041 1800 3116">
     <span class='ocr_line' id='line_1_31' title="bbox 194 3041 1800 3116; baseline -0.001 -21"><span class='ocrx_word' id='word_1_210' title='bbox 194 3043 298 3104; x_wconf 87' lang='grc' dir='ltr'><strong><em>λῶς</em></strong></span> <span class='ocrx_word' id='word_1_211' title='bbox 339 3058 353 3073; x_wconf 83' lang='grc'>⁶</span> <span class='ocrx_word' id='word_1_212' title='bbox 393 3047 484 3096; x_wconf 83' lang='grc' dir='ltr'>καὶ</span> <span class='ocrx_word' id='word_1_213' title='bbox 540 3046 627 3095; x_wconf 87' lang='grc' dir='ltr'><strong><em>τόν</em></strong></span> <span class='ocrx_word' id='word_1_214' title='bbox 681 3044 832 3116; x_wconf 86' lang='grc' dir='ltr'>ὅρκον</span> <span class='ocrx_word' id='word_1_215' title='bbox 879 3049 1060 3095; x_wconf 81' lang='grc' dir='ltr'>τοῦτον</span> <span class='ocrx_word' id='word_1_216' title='bbox 1109 3043 1298 3114; x_wconf 87' lang='grc' dir='ltr'>ὁμοίως</span> <span class='ocrx_word' id='word_1_217' title='bbox 1351 3041 1678 3116; x_wconf 79' lang='grc' dir='ltr'>μεταγράψς,</span> <span class='ocrx_word' id='word_1_218' title='bbox 1712 3045 1800 3094; x_wconf 78' lang='grc' dir='ltr'>καὶ</span> 
     </span>
    </p>
   </div>
   <div class='ocr_carea' id='block_1_32' title="bbox 193 3129 1800 3204">
    <p class='ocr_par' dir='ltr' id='par_1_32' title="bbox 193 3129 1800 3204">
     <span class='ocr_line' id='line_1_32' title="bbox 193 3129 1800 3204; baseline -0.002 -18"><span class='ocrx_word' id='word_1_219' title='bbox 193 3135 382 3194; x_wconf 80' lang='grc' dir='ltr'>θήσεις</span> <span class='ocrx_word' id='word_1_220' title='bbox 434 3131 483 3185; x_wconf 79' lang='grc' dir='ltr'>ἐν</span> <span class='ocrx_word' id='word_1_221' title='bbox 521 3140 594 3203; x_wconf 85' lang='grc' dir='ltr'>τῷ</span> <span class='ocrx_word' id='word_1_222' title='bbox 625 3129 946 3204; x_wconf 71' lang='grc' dir='ltr'>ἀντιγράφω.</span> <span class='ocrx_word' id='word_1_223' title='bbox 983 3151 1008 3182; x_wconf 70' lang='grc' dir='ltr'><strong><em>ν</em></strong></span> <span class='ocrx_word' id='word_1_224' title='bbox 1073 3135 1174 3184; x_wconf 78' lang='grc' dir='ltr'><strong><em>Καὶ</em></strong></span> <span class='ocrx_word' id='word_1_225' title='bbox 1211 3131 1358 3184; x_wconf 84' lang='grc' dir='ltr'>ταῦτ’</span> <span class='ocrx_word' id='word_1_226' title='bbox 1412 3131 1471 3183; x_wconf 86' lang='grc' dir='ltr'><strong><em>ού</em></strong></span> <span class='ocrx_word' id='word_1_227' title='bbox 1521 3134 1800 3204; x_wconf 75' lang='grc' dir='ltr'>περιεργως</span> 
     </span>
    </p>
   </div>
   <div class='ocr_carea' id='block_1_33' title="bbox 197 3216 1800 3296">
    <p class='ocr_par' dir='ltr' id='par_1_33' title="bbox 197 3216 1800 3296">
     <span class='ocr_line' id='line_1_33' title="bbox 197 3216 1800 3296; baseline -0.001 -22"><span class='ocrx_word' id='word_1_228' title='bbox 197 3225 501 3296; x_wconf 73' lang='grc' dir='ltr'>παρεθέμην</span> <span class='ocrx_word' id='word_1_229' title='bbox 533 3239 546 3254; x_wconf 75' lang='grc' dir='ltr'><strong><em>ο</em></strong></span> <span class='ocrx_word' id='word_1_230' title='bbox 609 3219 715 3273; x_wconf 85' lang='grc' dir='ltr'>αλλ’</span> <span class='ocrx_word' id='word_1_231' title='bbox 770 3222 852 3273; x_wconf 90' lang='grc' dir='ltr'>ἶνα</span> <span class='ocrx_word' id='word_1_232' title='bbox 910 3220 978 3281; x_wconf 83' lang='grc' dir='ltr'><strong><em>εἰς</em></strong></span> <span class='ocrx_word' id='word_1_233' title='bbox 1054 3216 1356 3293; x_wconf 76' lang='grc' dir='ltr'>ὑπόδειγμα</span> <span class='ocrx_word' id='word_1_234' title='bbox 1402 3223 1604 3293; x_wconf 82' lang='grc' dir='ltr'>ἔχωμεν</span> <span class='ocrx_word' id='word_1_235' title='bbox 1677 3223 1800 3280; x_wconf 84' lang='grc' dir='ltr'>τούς</span> 
     </span>
    </p>
   </div>
   <div class='ocr_carea' id='block_1_34' title="bbox 198 3308 1799 3385">
    <p class='ocr_par' dir='ltr' id='par_1_34' title="bbox 198 3308 1799 3385">
     <span class='ocr_line' id='line_1_34' title="bbox 198 3308 1799 3385; baseline -0.001 -21"><span class='ocrx_word' id='word_1_236' title='bbox 198 3315 368 3385; x_wconf 86' lang='grc' dir='ltr'>ἱερούς</span> <span class='ocrx_word' id='word_1_237' title='bbox 423 3310 642 3372; x_wconf 77' lang='grc' dir='ltr'>ἐκείνους</span> <span class='ocrx_word' id='word_1_238' title='bbox 689 3315 781 3364; x_wconf 88' lang='grc' dir='ltr'>καὶ</span> <span class='ocrx_word' id='word_1_239' title='bbox 823 3308 1153 3373; x_wconf 81' lang='grc' dir='ltr'>σπουδαίους</span> <span class='ocrx_word' id='word_1_240' title='bbox 1208 3308 1420 3385; x_wconf 85' lang='grc' dir='ltr'>ἀνδρας,</span> <span class='ocrx_word' id='word_1_241' title='bbox 1483 3312 1612 3370; x_wconf 85' lang='grc' dir='ltr'>ὅσην</span> <span class='ocrx_word' id='word_1_242' title='bbox 1661 3311 1799 3363; x_wconf 77' lang='grc' dir='ltr'>ἐποι-</span> 
     </span>
    </p>
   </div>
   <div class='ocr_carea' id='block_1_35' title="bbox 195 3397 1802 3475">
    <p class='ocr_par' dir='ltr' id='par_1_35' title="bbox 195 3397 1802 3475">
     <span class='ocr_line' id='line_1_35' title="bbox 195 3397 1802 3475; baseline -0.002 -20"><span class='ocrx_word' id='word_1_243' title='bbox 195 3410 353 3455; x_wconf 87' lang='grc' dir='ltr'>οῦντο</span> <span class='ocrx_word' id='word_1_244' title='bbox 411 3399 716 3472; x_wconf 80' lang='grc' dir='ltr'>ἀσφάλειαν,</span> <span class='ocrx_word' id='word_1_245' title='bbox 787 3397 881 3453; x_wconf 82' lang='grc' dir='ltr'><strong><em>διὰ</em></strong></span> <span class='ocrx_word' id='word_1_246' title='bbox 936 3403 994 3453; x_wconf 88' lang='grc' dir='ltr'><strong><em>τό</em></strong></span> <span class='ocrx_word' id='word_1_247' title='bbox 1052 3404 1124 3473; x_wconf 81' lang='grc' dir='ltr'>μὴ</span> <span class='ocrx_word' id='word_1_248' title='bbox 1174 3403 1686 3475; x_wconf 84' lang='grc' dir='ltr'>παραχαράττεσθαι</span> <span class='ocrx_word' id='word_1_249' title='bbox 1734 3402 1802 3452; x_wconf 80' lang='grc' dir='ltr'>τὰ</span> 
     </span>
    </p>
   </div>
   <div class='ocr_carea' id='block_1_36' title="bbox 194 3487 1799 3566">
    <p class='ocr_par' dir='ltr' id='par_1_36' title="bbox 194 3487 1799 3566">
     <span class='ocr_line' id='line_1_36' title="bbox 194 3487 1799 3566; baseline -0.002 -22"><span class='ocrx_word' id='word_1_250' title='bbox 194 3500 304 3544; x_wconf 87' lang='grc' dir='ltr'><strong><em>τῶν</em></strong></span> <span class='ocrx_word' id='word_1_251' title='bbox 375 3489 612 3564; x_wconf 85' lang='grc' dir='ltr'>ἀρχαίων</span> <span class='ocrx_word' id='word_1_252' title='bbox 671 3492 1086 3566; x_wconf 82' lang='grc' dir='ltr'>συγγράμματα.</span> <span class='ocrx_word' id='word_1_253' title='bbox 1129 3498 1201 3564; x_wconf 73' lang='grc' dir='ltr'><strong><em>Τῇ</em></strong></span> <span class='ocrx_word' id='word_1_254' title='bbox 1257 3487 1318 3544; x_wconf 71' lang='grc' dir='ltr'>δὲ</span> <span class='ocrx_word' id='word_1_255' title='bbox 1362 3493 1493 3563; x_wconf 89' lang='grc' dir='ltr'>πρὸς</span> <span class='ocrx_word' id='word_1_256' title='bbox 1547 3489 1799 3561; x_wconf 75' lang='grc' dir='ltr'>Φλωρῖνον</span> 
     </span>
    </p>
   </div>
   <div class='ocr_carea' id='block_1_37' title="bbox 193 3576 1800 3653">
    <p class='ocr_par' dir='ltr' id='par_1_37' title="bbox 193 3576 1800 3653">
     <span class='ocr_line' id='line_1_37' title="bbox 193 3576 1800 3653; baseline -0.002 -19"><span class='ocrx_word' id='word_1_257' title='bbox 193 3579 662 3653; x_wconf 58' lang='grc' dir='ltr'>τούτουλέπιστολῇ</span> <span class='ocrx_word' id='word_1_258' title='bbox 722 3584 812 3632; x_wconf 88' lang='grc' dir='ltr'>καὶ</span> <span class='ocrx_word' id='word_1_259' title='bbox 864 3580 958 3642; x_wconf 79' lang='grc' dir='ltr'>τῆς</span> <span class='ocrx_word' id='word_1_260' title='bbox 1012 3583 1143 3652; x_wconf 82' lang='grc' dir='ltr'>μετὰ</span> <span class='ocrx_word' id='word_1_261' title='bbox 1196 3578 1541 3653; x_wconf 84' lang='grc' dir='ltr'>Πολυκάρπου</span> <span class='ocrx_word' id='word_1_262' title='bbox 1596 3576 1800 3652; x_wconf 83' lang='grc' dir='ltr'>διατρι-</span> 
     </span>
    </p>
   </div>
   <div class='ocr_carea' id='block_1_38' title="bbox 193 3669 1796 3743">
    <p class='ocr_par' dir='ltr' id='par_1_38' title="bbox 193 3669 1796 3743">
     <span class='ocr_line' id='line_1_38' title="bbox 193 3669 1796 3743; baseline -0.002 -20"><span class='ocrx_word' id='word_1_263' title='bbox 193 3669 296 3732; x_wconf 83' lang='grc' dir='ltr'>ϐῆς</span> <span class='ocrx_word' id='word_1_264' title='bbox 354 3669 515 3721; x_wconf 74' lang='grc' dir='ltr'>αὐτοῦ</span> <span class='ocrx_word' id='word_1_265' title='bbox 571 3673 850 3742; x_wconf 79' lang='grc' dir='ltr'>μέμνηται,</span> <span class='ocrx_word' id='word_1_266' title='bbox 908 3677 1089 3721; x_wconf 82' lang='grc' dir='ltr'>τοῦτον</span> <span class='ocrx_word' id='word_1_267' title='bbox 1147 3671 1364 3742; x_wconf 85' lang='grc' dir='ltr'>ἱστορῶν</span> <span class='ocrx_word' id='word_1_268' title='bbox 1421 3671 1507 3721; x_wconf 86' lang='grc' dir='ltr'><strong><em>τόν</em></strong></span> <span class='ocrx_word' id='word_1_269' title='bbox 1559 3673 1748 3743; x_wconf 87' lang='grc' dir='ltr'>τρόπον</span> <span class='ocrx_word' id='word_1_270' title='bbox 1782 3683 1796 3697; x_wconf 88' lang='grc'>⁶</span> 
     </span>
    </p>
   </div>
   <div class='ocr_carea' id='block_1_39' title="bbox 195 3755 1800 3832">
    <p class='ocr_par' dir='ltr' id='par_1_39' title="bbox 195 3755 1800 3832">
     <span class='ocr_line' id='line_1_39' title="bbox 195 3755 1800 3832; baseline -0.001 -23"><span class='ocrx_word' id='word_1_271' title='bbox 195 3784 223 3809; x_wconf 85' lang='grc'><strong><em>‹‹</em></strong></span> <span class='ocrx_word' id='word_1_272' title='bbox 277 3765 457 3812; x_wconf 80' lang='grc' dir='ltr'>Ταῦτα</span> <span class='ocrx_word' id='word_1_273' title='bbox 501 3760 567 3812; x_wconf 87' lang='grc' dir='ltr'><strong><em>τά</em></strong></span> <span class='ocrx_word' id='word_1_274' title='bbox 630 3755 893 3831; x_wconf 84' lang='grc' dir='ltr'>δόγματα,</span> <span class='ocrx_word' id='word_1_275' title='bbox 973 3758 1210 3832; x_wconf 75' lang='grc' dir='ltr'>Φλωρῖνε,</span> <span class='ocrx_word' id='word_1_276' title='bbox 1298 3759 1380 3809; x_wconf 87' lang='grc' dir='ltr'><strong><em>ἱνα</em></strong></span> <span class='ocrx_word' id='word_1_277' title='bbox 1452 3761 1800 3830; x_wconf 71' lang='grc' dir='ltr'>πεφεισμένως</span> 
     </span>
    </p>
   </div>
   <div class='ocr_carea' id='block_1_40' title="bbox 192 3844 1801 3920">
    <p class='ocr_par' dir='ltr' id='par_1_40' title="bbox 192 3844 1801 3920">
     <span class='ocr_line' id='line_1_40' title="bbox 192 3844 1801 3920; baseline -0.002 -18"><span class='ocrx_word' id='word_1_278' title='bbox 192 3853 349 3916; x_wconf 81' lang='grc' dir='ltr'>εἴπω,</span> <span class='ocrx_word' id='word_1_279' title='bbox 377 3848 471 3900; x_wconf 81' lang='grc' dir='ltr'><strong><em>ούκ</em></strong></span> <span class='ocrx_word' id='word_1_280' title='bbox 510 3851 647 3902; x_wconf 81' lang='grc' dir='ltr'>ἔστιν</span> <span class='ocrx_word' id='word_1_281' title='bbox 687 3856 869 3920; x_wconf 82' lang='grc' dir='ltr'>υγιοῦς</span> <span class='ocrx_word' id='word_1_282' title='bbox 925 3854 1156 3920; x_wconf 83' lang='grc' dir='ltr'>γνώμης.</span> <span class='ocrx_word' id='word_1_283' title='bbox 1214 3853 1393 3900; x_wconf 84' lang='grc' dir='ltr'>Ταῦτα</span> <span class='ocrx_word' id='word_1_284' title='bbox 1449 3849 1515 3898; x_wconf 77' lang='grc' dir='ltr'>τὰ</span> <span class='ocrx_word' id='word_1_285' title='bbox 1554 3844 1801 3917; x_wconf 83' lang='grc' dir='ltr'>δόγματα</span> 
     </span>
    </p>
   </div>
   <div class='ocr_carea' id='block_1_41' title="bbox 190 3933 1797 4011">
    <p class='ocr_par' dir='ltr' id='par_1_41' title="bbox 190 3933 1797 4011">
     <span class='ocr_line' id='line_1_41' title="bbox 190 3933 1797 4011; baseline -0.002 -21"><span class='ocrx_word' id='word_1_286' title='bbox 190 3937 488 4010; x_wconf 75' lang='grc' dir='ltr'>ἀσύμφωνα</span> <span class='ocrx_word' id='word_1_287' title='bbox 532 3937 644 3990; x_wconf 73' lang='grc' dir='ltr'>ἐστι</span> <span class='ocrx_word' id='word_1_288' title='bbox 686 3946 745 4011; x_wconf 75' lang='grc' dir='ltr'>τῇ</span> <span class='ocrx_word' id='word_1_289' title='bbox 780 3937 1088 4010; x_wconf 80' lang='grc' dir='ltr'>Ἐκκλησία,</span> <span class='ocrx_word' id='word_1_290' title='bbox 1123 3937 1194 3998; x_wconf 84' lang='grc' dir='ltr'>εἰς</span> <span class='ocrx_word' id='word_1_291' title='bbox 1248 3941 1501 4008; x_wconf 85' lang='grc' dir='ltr'>μεγίστην</span> <span class='ocrx_word' id='word_1_292' title='bbox 1553 3933 1797 3987; x_wconf 80' lang='grc' dir='ltr'>ἀσέϐειαν</span> 
     </span>
    </p>
   </div>
   <div class='ocr_carea' id='block_1_42' title="bbox 193 4020 1800 4100">
    <p class='ocr_par' dir='ltr' id='par_1_42' title="bbox 193 4020 1800 4100">
     <span class='ocr_line' id='line_1_42' title="bbox 193 4020 1800 4100; baseline -0.001 -20"><span class='ocrx_word' id='word_1_293' title='bbox 193 4025 594 4100; x_wconf 74' lang='grc' dir='ltr'>περιϐάλλοντα,</span> <span class='ocrx_word' id='word_1_294' title='bbox 637 4031 754 4089; x_wconf 83' lang='grc' dir='ltr'>τοὺς</span> <span class='ocrx_word' id='word_1_295' title='bbox 809 4029 1162 4100; x_wconf 74' lang='grc' dir='ltr'>πειθομένους.</span> <span class='ocrx_word' id='word_1_296' title='bbox 1210 4034 1391 4080; x_wconf 80' lang='grc' dir='ltr'>Ταῦτα</span> <span class='ocrx_word' id='word_1_297' title='bbox 1431 4027 1496 4078; x_wconf 83' lang='grc' dir='ltr'>τὰ</span> <span class='ocrx_word' id='word_1_298' title='bbox 1553 4020 1800 4096; x_wconf 85' lang='grc' dir='ltr'>δόγματα</span> 
     </span>
    </p>
   </div>
   <div class='ocr_carea' id='block_1_43' title="bbox 191 4112 1796 4188">
    <p class='ocr_par' dir='ltr' id='par_1_43' title="bbox 191 4112 1796 4188">
     <span class='ocr_line' id='line_1_43' title="bbox 191 4112 1796 4188; baseline -0.002 -19"><span class='ocrx_word' id='word_1_299' title='bbox 191 4113 324 4170; x_wconf 72' lang='grc' dir='ltr'>οὐδὲ</span> <span class='ocrx_word' id='word_1_300' title='bbox 391 4118 440 4168; x_wconf 83' lang='grc' dir='ltr'>οἱ</span> <span class='ocrx_word' id='word_1_301' title='bbox 493 4117 586 4180; x_wconf 76' lang='grc' dir='ltr'><strong><em>ἔξω</em></strong></span> <span class='ocrx_word' id='word_1_302' title='bbox 642 4125 737 4178; x_wconf 84' lang='grc' dir='ltr'>τῆς</span> <span class='ocrx_word' id='word_1_303' title='bbox 804 4116 1115 4176; x_wconf 89' lang='grc' dir='ltr'>Ἐκκλησίας</span> <span class='ocrx_word' id='word_1_304' title='bbox 1185 4117 1435 4188; x_wconf 86' lang='grc' dir='ltr'>αἱρετικοὶ</span> <span class='ocrx_word' id='word_1_305' title='bbox 1504 4112 1796 4186; x_wconf 73' lang='grc' dir='ltr'>ἐτόλμησαν</span> 
     </span>
    </p>
   </div>
   <div class='ocr_carea' id='block_1_44' title="bbox 191 4201 1796 4277">
    <p class='ocr_par' dir='ltr' id='par_1_44' title="bbox 191 4201 1796 4277">
     <span class='ocr_line' id='line_1_44' title="bbox 191 4201 1796 4277; baseline -0.002 -19"><span class='ocrx_word' id='word_1_306' title='bbox 191 4207 570 4277; x_wconf 73' lang='grc' dir='ltr'>ἀποφήνασθαι</span> <span class='ocrx_word' id='word_1_307' title='bbox 614 4225 754 4259; x_wconf 82' lang='grc' dir='ltr'>ποτε.</span> <span class='ocrx_word' id='word_1_308' title='bbox 799 4212 979 4258; x_wconf 82' lang='grc' dir='ltr'>Ταῦτα</span> <span class='ocrx_word' id='word_1_309' title='bbox 1025 4208 1090 4257; x_wconf 82' lang='grc' dir='ltr'>τὰ</span> <span class='ocrx_word' id='word_1_310' title='bbox 1130 4201 1374 4276; x_wconf 58' lang='grc' dir='ltr'>δογματα</span> <span class='ocrx_word' id='word_1_311' title='bbox 1420 4206 1469 4256; x_wconf 79' lang='lat' dir='ltr'><strong><em>oi</em></strong></span> <span class='ocrx_word' id='word_1_312' title='bbox 1499 4207 1598 4277; x_wconf 85' lang='grc' dir='ltr'>πρὸ</span> <span class='ocrx_word' id='word_1_313' title='bbox 1648 4205 1796 4274; x_wconf 84' lang='grc' dir='ltr'>ἡμῶν</span> 
     </span>
    </p>
   </div>
   <div class='ocr_carea' id='block_1_45' title="bbox 191 4293 1792 4370">
    <p class='ocr_par' dir='ltr' id='par_1_45' title="bbox 191 4293 1792 4370">
     <span class='ocr_line' id='line_1_45' title="bbox 191 4293 1792 4370; baseline -0.001 -25"><span class='ocrx_word' id='word_1_314' title='bbox 191 4293 562 4370; x_wconf 84' lang='grc' dir='ltr'>πρεσϐύτεροι,</span> <span class='ocrx_word' id='word_1_315' title='bbox 617 4295 665 4346; x_wconf 82' lang='grc' dir='ltr'>οἱ</span> <span class='ocrx_word' id='word_1_316' title='bbox 713 4298 803 4346; x_wconf 79' lang='grc' dir='ltr'>καὶ</span> <span class='ocrx_word' id='word_1_317' title='bbox 858 4302 967 4356; x_wconf 90' lang='grc' dir='ltr'><strong><em>τοίς</em></strong></span> <span class='ocrx_word' id='word_1_318' title='bbox 1017 4293 1330 4355; x_wconf 79' lang='grc' dir='ltr'>ἀποστόλοις</span> <span class='ocrx_word' id='word_1_319' title='bbox 1397 4298 1792 4366; x_wconf 77' lang='grc' dir='ltr'>συμφοιτήσανο</span> 
     </span>
    </p>
   </div>
   <div class='ocr_carea' id='block_1_46' title="bbox 192 4379 1795 4458">
    <p class='ocr_par' dir='ltr' id='par_1_46' title="bbox 192 4379 1795 4458">
     <span class='ocr_line' id='line_1_46' title="bbox 192 4379 1795 4458; baseline 0 -22"><span class='ocrx_word' id='word_1_320' title='bbox 192 4403 298 4449; x_wconf 80' lang='grc' dir='ltr'>τις,</span> <span class='ocrx_word' id='word_1_321' title='bbox 331 4382 389 4434; x_wconf 81' lang='grc' dir='ltr'><strong><em>ού</em></strong></span> <span class='ocrx_word' id='word_1_322' title='bbox 420 4379 728 4458; x_wconf 81' lang='grc' dir='ltr'>παρέδωκάν</span> <span class='ocrx_word' id='word_1_323' title='bbox 771 4402 876 4438; x_wconf 89' lang='grc' dir='ltr'>σοι.</span> <span class='ocrx_word' id='word_1_324' title='bbox 923 4379 1078 4437; x_wconf 82' lang='grc' dir='ltr'>Εἶδον</span> <span class='ocrx_word' id='word_1_325' title='bbox 1123 4384 1227 4458; x_wconf 84' lang='grc' dir='ltr'><strong><em>γάρ</em></strong></span> <span class='ocrx_word' id='word_1_326' title='bbox 1271 4402 1328 4436; x_wconf 91' lang='grc' dir='ltr'><strong><em>σε</em></strong></span> <span class='ocrx_word' id='word_1_327' title='bbox 1373 4390 1497 4444; x_wconf 86' lang='grc' dir='ltr'>παῖς</span> <span class='ocrx_word' id='word_1_328' title='bbox 1528 4383 1596 4434; x_wconf 84' lang='grc' dir='ltr'><strong><em>ὡν</em></strong></span> <span class='ocrx_word' id='word_1_329' title='bbox 1641 4385 1716 4435; x_wconf 80' lang='grc' dir='ltr'>ἔτι</span> <span class='ocrx_word' id='word_1_330' title='bbox 1747 4385 1795 4436; x_wconf 76' lang='grc' dir='ltr'>ἓν</span> 
     </span>
    </p>
   </div>
   <div class='ocr_carea' id='block_1_47' title="bbox 191 4471 1796 4547">
    <p class='ocr_par' dir='ltr' id='par_1_47' title="bbox 191 4471 1796 4547">
     <span class='ocr_line' id='line_1_47' title="bbox 191 4471 1796 4547; baseline -0.001 -21"><span class='ocrx_word' id='word_1_331' title='bbox 191 4480 258 4546; x_wconf 73' lang='grc' dir='ltr'>τῇ</span> <span class='ocrx_word' id='word_1_332' title='bbox 328 4473 469 4524; x_wconf 86' lang='grc' dir='ltr'>κάτω</span> <span class='ocrx_word' id='word_1_333' title='bbox 538 4471 693 4544; x_wconf 85' lang='grc' dir='ltr'>Ἀσίᾳ</span> <span class='ocrx_word' id='word_1_334' title='bbox 741 4474 884 4547; x_wconf 88' lang='grc' dir='ltr'><strong><em>παρά</em></strong></span> <span class='ocrx_word' id='word_1_335' title='bbox 952 4472 1275 4544; x_wconf 83' lang='grc' dir='ltr'>Πολυκάρπῳ</span> <span class='ocrx_word' id='word_1_336' title='bbox 1331 4471 1575 4544; x_wconf 86' lang='grc' dir='ltr'>λαμπρῶς</span> <span class='ocrx_word' id='word_1_337' title='bbox 1627 4474 1796 4546; x_wconf 87' lang='grc' dir='ltr'>πράσ-</span> 
     </span>
    </p>
   </div>
   <div class='ocr_carea' id='block_1_48' title="bbox 194 4550 1876 4635">
    <p class='ocr_par' dir='ltr' id='par_1_48' title="bbox 194 4550 1876 4635">
     <span class='ocr_line' id='line_1_48' title="bbox 194 4550 1876 4635; baseline -0.001 -21"><span class='ocrx_word' id='word_1_338' title='bbox 194 4580 360 4614; x_wconf 88' lang='grc' dir='ltr'>σοντα</span> <span class='ocrx_word' id='word_1_339' title='bbox 389 4563 438 4612; x_wconf 79' lang='grc' dir='ltr'>ἓν</span> <span class='ocrx_word' id='word_1_340' title='bbox 486 4561 549 4634; x_wconf 68' lang='grc' dir='ltr'>τῇ</span> <span class='ocrx_word' id='word_1_341' title='bbox 576 4559 833 4634; x_wconf 76' lang='grc' dir='ltr'>,βασιλικῇ</span> <span class='ocrx_word' id='word_1_342' title='bbox 878 4561 1032 4634; x_wconf 76' lang='grc' dir='ltr'>αὐλῇ,</span> <span class='ocrx_word' id='word_1_343' title='bbox 1085 4566 1175 4614; x_wconf 84' lang='grc' dir='ltr'>καὶ</span> <span class='ocrx_word' id='word_1_344' title='bbox 1234 4567 1541 4635; x_wconf 86' lang='grc' dir='ltr'>πειρμὼενον</span> <span class='ocrx_word' id='word_1_345' title='bbox 1589 4557 1794 4614; x_wconf 71' lang='grc' dir='ltr'>εὐδοκιο</span> <span class='ocrx_word' id='word_1_346' title='bbox 1829 4550 1876 4604; x_wconf 79' lang='lat' dir='ltr'>D</span> 
     </span>
    </p>
   </div>
   <div class='ocr_carea' id='block_1_49' title="bbox 1832 3192 1872 3250">
    <p class='ocr_par' dir='ltr' id='par_1_49' title="bbox 1832 3192 1872 3250">
     <span class='ocr_line' id='line_1_49' title="bbox 1832 3192 1872 3250; baseline 0 0"><span class='ocrx_word' id='word_1_347' title='bbox 1832 3192 1872 3250; x_wconf 90' lang='lat' dir='ltr'>C</span> 
     </span>
    </p>
   </div>
   <div class='ocr_carea' id='block_1_50' title="bbox 193 4649 1795 4726">
    <p class='ocr_par' dir='ltr' id='par_1_50' title="bbox 193 4649 1795 4726">
     <span class='ocr_line' id='line_1_50' title="bbox 193 4649 1795 4726; baseline 0 -23"><span class='ocrx_word' id='word_1_348' title='bbox 193 4657 312 4724; x_wconf 85' lang='grc' dir='ltr'>μεῖν</span> <span class='ocrx_word' id='word_1_349' title='bbox 340 4649 464 4725; x_wconf 89' lang='grc' dir='ltr'>παρ’</span> <span class='ocrx_word' id='word_1_350' title='bbox 503 4651 664 4723; x_wconf 82' lang='grc' dir='ltr'>αύτῷ.</span> <span class='ocrx_word' id='word_1_351' title='bbox 720 4651 924 4705; x_wconf 81' lang='grc' dir='ltr'>Μᾶλλον</span> <span class='ocrx_word' id='word_1_352' title='bbox 966 4654 1065 4726; x_wconf 82' lang='grc' dir='ltr'><strong><em>γὰρ</em></strong></span> <span class='ocrx_word' id='word_1_353' title='bbox 1116 4653 1183 4704; x_wconf 80' lang='grc' dir='ltr'>τὰ</span> <span class='ocrx_word' id='word_1_354' title='bbox 1238 4655 1352 4704; x_wconf 85' lang='grc' dir='ltr'>τότε</span> <span class='ocrx_word' id='word_1_355' title='bbox 1398 4649 1795 4723; x_wconf 79' lang='grc' dir='ltr'>διαμνημονεύω</span> 
     </span>
    </p>
   </div>
   <div class='ocr_carea' id='block_1_51' title="bbox 193 4737 1790 4814">
    <p class='ocr_par' dir='ltr' id='par_1_51' title="bbox 193 4737 1790 4814">
     <span class='ocr_line' id='line_1_51' title="bbox 193 4737 1790 4814; baseline -0.001 -20"><span class='ocrx_word' id='word_1_356' title='bbox 193 4749 301 4794; x_wconf 84' lang='grc' dir='ltr'><strong><em>τῶν</em></strong></span> <span class='ocrx_word' id='word_1_357' title='bbox 335 4743 558 4813; x_wconf 78' lang='grc' dir='ltr'>ἔναγχος</span> <span class='ocrx_word' id='word_1_358' title='bbox 605 4746 899 4814; x_wconf 81' lang='grc' dir='ltr'>γινομένων.</span> <span class='ocrx_word' id='word_1_359' title='bbox 942 4742 1010 4796; x_wconf 89' lang='grc' dir='ltr'><strong>Αἱ</strong></span> <span class='ocrx_word' id='word_1_360' title='bbox 1055 4744 1154 4814; x_wconf 82' lang='grc' dir='ltr'><strong><em>γὰρ</em></strong></span> <span class='ocrx_word' id='word_1_361' title='bbox 1183 4743 1238 4794; x_wconf 80' lang='grc' dir='ltr'>ἓκ</span> <span class='ocrx_word' id='word_1_362' title='bbox 1266 4737 1469 4794; x_wconf 83' lang='grc' dir='ltr'>παίδων</span> <span class='ocrx_word' id='word_1_363' title='bbox 1512 4743 1790 4814; x_wconf 73' lang='grc' dir='ltr'>μαθήσεις,</span> 
     </span>
    </p>
   </div>
   <div class='ocr_carea' id='block_1_52' title="bbox 195 4829 1797 4904">
    <p class='ocr_par' dir='ltr' id='par_1_52' title="bbox 195 4829 1797 4904">
     <span class='ocr_line' id='line_1_52' title="bbox 195 4829 1797 4904; baseline -0.001 -21"><span class='ocrx_word' id='word_1_364' title='bbox 195 4829 557 4892; x_wconf 85' lang='grc' dir='ltr'>συναύξουσαι</span> <span class='ocrx_word' id='word_1_365' title='bbox 596 4839 656 4904; x_wconf 78' lang='grc' dir='ltr'>τῇ</span> <span class='ocrx_word' id='word_1_366' title='bbox 708 4830 887 4904; x_wconf 71' lang='grc' dir='ltr'>ψυχῇ,</span> <span class='ocrx_word' id='word_1_367' title='bbox 922 4831 1150 4884; x_wconf 78' lang='grc' dir='ltr'>ἐνοῦνται</span> <span class='ocrx_word' id='word_1_368' title='bbox 1199 4829 1328 4903; x_wconf 73' lang='grc' dir='ltr'>αὐτῇ</span> <span class='ocrx_word' id='word_1_369' title='bbox 1365 4851 1377 4863; x_wconf 80' lang='grc' dir='ltr'><strong><em>ο</em></strong></span> <span class='ocrx_word' id='word_1_370' title='bbox 1411 4831 1544 4882; x_wconf 81' lang='grc' dir='ltr'>ὥστε</span> <span class='ocrx_word' id='word_1_371' title='bbox 1599 4850 1662 4902; x_wconf 88' lang='grc' dir='ltr'><strong><em>με</em></strong></span> <span class='ocrx_word' id='word_1_372' title='bbox 1703 4829 1797 4883; x_wconf 84' lang='grc' dir='ltr'>δύ-</span> 
     </span>
    </p>
   </div>
   <div class='ocr_carea' id='block_1_53' title="bbox 192 4916 1798 4991">
    <p class='ocr_par' dir='ltr' id='par_1_53' title="bbox 192 4916 1798 4991">
     <span class='ocr_line' id='line_1_53' title="bbox 192 4916 1798 4991; baseline 0.001 -20"><span class='ocrx_word' id='word_1_373' title='bbox 192 4921 392 4972; x_wconf 91' lang='grc' dir='ltr'>νασθαι</span> <span class='ocrx_word' id='word_1_374' title='bbox 431 4919 586 4972; x_wconf 84' lang='grc' dir='ltr'>εἰπεῖν</span> <span class='ocrx_word' id='word_1_375' title='bbox 637 4923 844 4972; x_wconf 79' lang='grc' dir='ltr'>καὶτὸν</span> <span class='ocrx_word' id='word_1_376' title='bbox 873 4924 1028 4972; x_wconf 86' lang='grc' dir='ltr'>τόπον</span> <span class='ocrx_word' id='word_1_377' title='bbox 1077 4919 1124 4971; x_wconf 78' lang='grc' dir='ltr'>ἓν</span> <span class='ocrx_word' id='word_1_378' title='bbox 1261 4921 1592 4991; x_wconf 85' lang='grc' dir='ltr'>καθεόςμενος</span> <span class='ocrx_word' id='word_1_379' title='bbox 1636 4916 1798 4972; x_wconf 78' lang='grc' dir='ltr'>διελέ-</span> 
     </span>
    </p>
   </div>
   <div class='ocr_carea' id='block_1_54' title="bbox 192 5005 1796 5083">
    <p class='ocr_par' dir='ltr' id='par_1_54' title="bbox 192 5005 1796 5083">
     <span class='ocr_line' id='line_1_54' title="bbox 192 5005 1796 5083; baseline 0.001 -22"><span class='ocrx_word' id='word_1_380' title='bbox 192 5028 319 5080; x_wconf 89' lang='grc' dir='ltr'>γετο</span> <span class='ocrx_word' id='word_1_381' title='bbox 362 5010 386 5060; x_wconf 89' lang='grc' dir='ltr'><strong><em>ό</em></strong></span> <span class='ocrx_word' id='word_1_382' title='bbox 425 5011 682 5083; x_wconf 87' lang='grc' dir='ltr'>μακάριος</span> <span class='ocrx_word' id='word_1_383' title='bbox 716 5007 1070 5082; x_wconf 86' lang='grc' dir='ltr'>Πολύκαρπος,</span> <span class='ocrx_word' id='word_1_384' title='bbox 1124 5013 1214 5061; x_wconf 83' lang='grc' dir='ltr'>καὶ</span> <span class='ocrx_word' id='word_1_385' title='bbox 1262 5011 1356 5071; x_wconf 78' lang='grc' dir='ltr'><strong><em>τὰς</em></strong></span> <span class='ocrx_word' id='word_1_386' title='bbox 1393 5005 1650 5082; x_wconf 86' lang='grc' dir='ltr'>προόδους</span> <span class='ocrx_word' id='word_1_387' title='bbox 1701 5009 1796 5062; x_wconf 82' lang='grc' dir='ltr'>αύ-</span> 
     </span>
    </p>
   </div>
   <div class='ocr_carea' id='block_1_55' title="bbox 191 5095 1793 5172">
    <p class='ocr_par' dir='ltr' id='par_1_55' title="bbox 191 5095 1793 5172">
     <span class='ocr_line' id='line_1_55' title="bbox 191 5095 1793 5172; baseline -0.001 -20"><span class='ocrx_word' id='word_1_388' title='bbox 191 5105 290 5152; x_wconf 84' lang='grc' dir='ltr'>τοῦ</span> <span class='ocrx_word' id='word_1_389' title='bbox 317 5101 526 5160; x_wconf 79' lang='grc' dir='ltr'>καὶτὰς</span> <span class='ocrx_word' id='word_1_390' title='bbox 579 5095 835 5165; x_wconf 84' lang='grc' dir='ltr'>εἰσόδους,</span> <span class='ocrx_word' id='word_1_391' title='bbox 876 5103 962 5150; x_wconf 72' lang='grc' dir='ltr'>καὶ</span> <span class='ocrx_word' id='word_1_392' title='bbox 1018 5101 1102 5150; x_wconf 90' lang='grc' dir='ltr'><strong><em>τόν</em></strong></span> <span class='ocrx_word' id='word_1_393' title='bbox 1151 5106 1472 5172; x_wconf 81' lang='grc' dir='ltr'>χαρακτῆρα</span> <span class='ocrx_word' id='word_1_394' title='bbox 1509 5105 1600 5150; x_wconf 81' lang='grc' dir='ltr'>τοῦ</span> <span class='ocrx_word' id='word_1_395' title='bbox 1652 5095 1793 5170; x_wconf 89' lang='grc' dir='ltr'>βίου.</span> 
     </span>
    </p>
   </div>
   <div class='ocr_carea' id='block_1_56' title="bbox 193 5183 1798 5261">
    <p class='ocr_par' dir='ltr' id='par_1_56' title="bbox 193 5183 1798 5261">
     <span class='ocr_line' id='line_1_56' title="bbox 193 5183 1798 5261; baseline 0 -23"><span class='ocrx_word' id='word_1_396' title='bbox 193 5192 290 5239; x_wconf 81' lang='grc' dir='ltr'>καὶ</span> <span class='ocrx_word' id='word_1_397' title='bbox 326 5192 420 5246; x_wconf 85' lang='grc' dir='ltr'>τὴν</span> <span class='ocrx_word' id='word_1_398' title='bbox 477 5195 570 5240; x_wconf 85' lang='grc' dir='ltr'>τοῦ</span> <span class='ocrx_word' id='word_1_399' title='bbox 624 5193 867 5261; x_wconf 87' lang='grc' dir='ltr'>σώματος</span> <span class='ocrx_word' id='word_1_400' title='bbox 922 5183 1085 5253; x_wconf 85' lang='grc' dir='ltr'>ἰδέαν,</span> <span class='ocrx_word' id='word_1_401' title='bbox 1143 5192 1232 5239; x_wconf 83' lang='grc' dir='ltr'>καὶ</span> <span class='ocrx_word' id='word_1_402' title='bbox 1289 5195 1378 5248; x_wconf 79' lang='grc' dir='ltr'><strong><em>τας</em></strong></span> <span class='ocrx_word' id='word_1_403' title='bbox 1427 5184 1681 5250; x_wconf 82' lang='grc' dir='ltr'>διαλέξεις</span> <span class='ocrx_word' id='word_1_404' title='bbox 1734 5187 1798 5250; x_wconf 81' lang='grc' dir='ltr'>ἃς</span> 
     </span>
    </p>
   </div>
   <div class='ocr_carea' id='block_1_57' title="bbox 197 5276 1794 5350">
    <p class='ocr_par' dir='ltr' id='par_1_57' title="bbox 197 5276 1794 5350">
     <span class='ocr_line' id='line_1_57' title="bbox 197 5276 1794 5350; baseline 0.001 -21"><span class='ocrx_word' id='word_1_405' title='bbox 197 5276 422 5330; x_wconf 71' lang='grc' dir='ltr'>ἐποιεῖτο</span> <span class='ocrx_word' id='word_1_406' title='bbox 478 5281 604 5350; x_wconf 88' lang='grc' dir='ltr'>πρὸς</span> <span class='ocrx_word' id='word_1_407' title='bbox 648 5281 704 5329; x_wconf 89' lang='grc' dir='ltr'>τὸ</span> <span class='ocrx_word' id='word_1_408' title='bbox 779 5277 992 5344; x_wconf 84' lang='grc' dir='ltr'>πλῆθος,</span> <span class='ocrx_word' id='word_1_409' title='bbox 1062 5281 1151 5330; x_wconf 85' lang='grc' dir='ltr'>καὶ</span> <span class='ocrx_word' id='word_1_410' title='bbox 1211 5280 1306 5335; x_wconf 84' lang='grc' dir='ltr'>τὴν</span> <span class='ocrx_word' id='word_1_411' title='bbox 1371 5296 1503 5349; x_wconf 87' lang='grc' dir='ltr'>μετα</span> <span class='ocrx_word' id='word_1_412' title='bbox 1554 5277 1794 5331; x_wconf 89' lang='grc' dir='ltr'>Ἰωάννου</span> 
     </span>
    </p>
   </div>
   <div class='ocr_carea' id='block_1_58' title="bbox 196 5364 1796 5440">
    <p class='ocr_par' dir='ltr' id='par_1_58' title="bbox 196 5364 1796 5440">
     <span class='ocr_line' id='line_1_58' title="bbox 196 5364 1796 5440; baseline 0.001 -22"><span class='ocrx_word' id='word_1_413' title='bbox 196 5364 528 5440; x_wconf 71' lang='grc' dir='ltr'>ἀναστροφὴν</span> <span class='ocrx_word' id='word_1_414' title='bbox 581 5367 651 5428; x_wconf 85' lang='grc' dir='ltr'><strong><em>ὡς</em></strong></span> <span class='ocrx_word' id='word_1_415' title='bbox 702 5365 1008 5440; x_wconf 80' lang='grc' dir='ltr'>ἀπήγγελλε,</span> <span class='ocrx_word' id='word_1_416' title='bbox 1057 5371 1148 5419; x_wconf 82' lang='grc' dir='ltr'>καὶ</span> <span class='ocrx_word' id='word_1_417' title='bbox 1204 5370 1298 5426; x_wconf 76' lang='grc' dir='ltr'>τὴν</span> <span class='ocrx_word' id='word_1_418' title='bbox 1336 5369 1468 5439; x_wconf 86' lang='grc' dir='ltr'><strong><em>μετά</em></strong></span> <span class='ocrx_word' id='word_1_419' title='bbox 1545 5375 1645 5419; x_wconf 88' lang='grc' dir='ltr'><strong><em>τῶν</em></strong></span> <span class='ocrx_word' id='word_1_420' title='bbox 1692 5366 1796 5420; x_wconf 79' lang='grc' dir='ltr'>λοι·</span> 
     </span>
    </p>
   </div>
   <div class='ocr_carea' id='block_1_59' title="bbox 200 5455 1797 5532">
    <p class='ocr_par' dir='ltr' id='par_1_59' title="bbox 200 5455 1797 5532">
     <span class='ocr_line' id='line_1_59' title="bbox 200 5455 1797 5532; baseline 0 -24"><span class='ocrx_word' id='word_1_421' title='bbox 200 5463 311 5508; x_wconf 86' lang='grc' dir='ltr'><strong><em>πῶν</em></strong></span> <span class='ocrx_word' id='word_1_422' title='bbox 361 5465 462 5508; x_wconf 89' lang='grc' dir='ltr'><strong><em>τῶν</em></strong></span> <span class='ocrx_word' id='word_1_423' title='bbox 506 5455 800 5530; x_wconf 72' lang='grc' dir='ltr'>ἑωρακότων</span> <span class='ocrx_word' id='word_1_424' title='bbox 854 5460 939 5510; x_wconf 86' lang='grc' dir='ltr'><strong><em>τόν</em></strong></span> <span class='ocrx_word' id='word_1_425' title='bbox 993 5459 1183 5532; x_wconf 82' lang='grc' dir='ltr'>Κύριον</span> <span class='ocrx_word' id='word_1_426' title='bbox 1223 5473 1238 5487; x_wconf 91' lang='grc'><strong>·</strong></span> <span class='ocrx_word' id='word_1_427' title='bbox 1294 5460 1384 5508; x_wconf 80' lang='grc' dir='ltr'>καὶ</span> <span class='ocrx_word' id='word_1_428' title='bbox 1446 5460 1514 5518; x_wconf 87' lang='grc' dir='ltr'>ὡς</span> <span class='ocrx_word' id='word_1_429' title='bbox 1570 5455 1797 5530; x_wconf 86' lang='grc' dir='ltr'>ἀπεμνη-</span> 
     </span>
    </p>
   </div>
   <div class='ocr_carea' id='block_1_60' title="bbox 198 5545 1794 5620">
    <p class='ocr_par' dir='ltr' id='par_1_60' title="bbox 198 5545 1794 5620">
     <span class='ocr_line' id='line_1_60' title="bbox 198 5545 1794 5620; baseline 0.001 -24"><span class='ocrx_word' id='word_1_430' title='bbox 198 5546 384 5619; x_wconf 85' lang='grc' dir='ltr'>μόνευε</span> <span class='ocrx_word' id='word_1_431' title='bbox 436 5549 558 5609; x_wconf 81' lang='grc' dir='ltr'>τοὺς</span> <span class='ocrx_word' id='word_1_432' title='bbox 611 5545 795 5618; x_wconf 91' lang='grc' dir='ltr'>λόγους</span> <span class='ocrx_word' id='word_1_433' title='bbox 846 5545 1049 5600; x_wconf 70' lang='grc' dir='ltr'>αὐτῶνθ</span> <span class='ocrx_word' id='word_1_434' title='bbox 1114 5550 1205 5598; x_wconf 84' lang='grc' dir='ltr'>καὶ</span> <span class='ocrx_word' id='word_1_435' title='bbox 1254 5549 1372 5618; x_wconf 80' lang='grc' dir='ltr'>περὶ</span> <span class='ocrx_word' id='word_1_436' title='bbox 1427 5553 1519 5599; x_wconf 74' lang='grc' dir='ltr'>τοῦ</span> <span class='ocrx_word' id='word_1_437' title='bbox 1578 5551 1794 5620; x_wconf 77' lang='grc' dir='ltr'>Κυρίου,</span> 
     </span>
    </p>
   </div>
   <div class='ocr_carea' id='block_1_61' title="bbox 201 5633 1799 5713">
    <p class='ocr_par' dir='ltr' id='par_1_61' title="bbox 201 5633 1799 5713">
     <span class='ocr_line' id='line_1_61' title="bbox 201 5633 1799 5713; baseline -0.001 -24"><span class='ocrx_word' id='word_1_438' title='bbox 201 5638 320 5692; x_wconf 88' lang='grc' dir='ltr'>τίνα</span> <span class='ocrx_word' id='word_1_439' title='bbox 349 5633 411 5696; x_wconf 82' lang='grc' dir='ltr'>ἦν</span> <span class='ocrx_word' id='word_1_440' title='bbox 448 5636 484 5689; x_wconf 85' lang='grc' dir='ltr'>ἃ</span> <span class='ocrx_word' id='word_1_441' title='bbox 533 5638 656 5712; x_wconf 89' lang='grc' dir='ltr'>παρ’</span> <span class='ocrx_word' id='word_1_442' title='bbox 703 5639 902 5690; x_wconf 73' lang='grc' dir='ltr'>ἓκείνων</span> <span class='ocrx_word' id='word_1_443' title='bbox 959 5639 1174 5696; x_wconf 76' lang='grc' dir='ltr'>ἠκηκόει</span> <span class='ocrx_word' id='word_1_444' title='bbox 1201 5653 1218 5671; x_wconf 85' lang='grc'>⁶</span> <span class='ocrx_word' id='word_1_445' title='bbox 1265 5639 1354 5690; x_wconf 80' lang='grc' dir='ltr'>καὶ</span> <span class='ocrx_word' id='word_1_446' title='bbox 1402 5640 1520 5713; x_wconf 84' lang='grc' dir='ltr'>περὶ</span> <span class='ocrx_word' id='word_1_447' title='bbox 1558 5643 1658 5689; x_wconf 88' lang='grc' dir='ltr'><strong><em>τῶν</em></strong></span> <span class='ocrx_word' id='word_1_448' title='bbox 1698 5633 1799 5690; x_wconf 87' lang='grc' dir='ltr'>δυ-</span> 
     </span>
    </p>
   </div>
   <div class='ocr_carea' id='block_1_62' title="bbox 1274 313 2539 378">
    <p class='ocr_par' dir='ltr' id='par_1_62' title="bbox 1274 313 2539 378">
     <span class='ocr_line' id='line_1_62' title="bbox 1274 313 2539 378; baseline 0.003 -5"><span class='ocrx_word' id='word_1_449' title='bbox 1274 313 1836 376; x_wconf 74' lang='lat' dir='ltr'><strong><em>ECCLESIASTlC/E</em></strong></span> <span class='ocrx_word' id='word_1_450' title='bbox 1873 317 2230 377; x_wconf 71' lang='lat' dir='ltr'><strong><em>HISTORIE</em></strong></span> <span class='ocrx_word' id='word_1_451' title='bbox 2269 319 2407 377; x_wconf 87' lang='lat' dir='ltr'><strong><em>LIB.</em></strong></span> <span class='ocrx_word' id='word_1_452' title='bbox 2446 320 2539 378; x_wconf 85' lang='lat' dir='ltr'><strong><em>IV.</em></strong></span> 
     </span>
    </p>
   </div>
   <div class='ocr_carea' id='block_1_63' title="bbox 1854 446 1901 502">
    <p class='ocr_par' dir='ltr' id='par_1_63' title="bbox 1854 446 1901 502">
     <span class='ocr_line' id='line_1_63' title="bbox 1854 446 1901 502; baseline 0 0"><span class='ocrx_word' id='word_1_453' title='bbox 1854 446 1901 502; x_wconf 84' lang='lat' dir='ltr'><strong>A</strong></span> 
     </span>
    </p>
   </div>
   <div class='ocr_carea' id='block_1_64' title="bbox 3449 322 3590 380">
    <p class='ocr_par' dir='ltr' id='par_1_64' title="bbox 3449 322 3590 380">
     <span class='ocr_line' id='line_1_64' title="bbox 3449 322 3590 380; baseline 0.021 -3"><span class='ocrx_word' id='word_1_454' title='bbox 3449 322 3590 380; x_wconf 76' lang='grc'><strong><em>1050</em></strong></span> 
     </span>
    </p>
   </div>
   <div class='ocr_carea' id='block_1_65' title="bbox 2543 443 2969 505">
    <p class='ocr_par' dir='ltr' id='par_1_65' title="bbox 2543 443 2969 505">
     <span class='ocr_line' id='line_1_65' title="bbox 2543 443 2969 505; baseline -0.007 0"><span class='ocrx_word' id='word_1_455' title='bbox 2543 443 2774 505; x_wconf 80' lang='lat' dir='ltr'><strong><em>CAPUT</em></strong></span> <span class='ocrx_word' id='word_1_456' title='bbox 2811 446 2969 504; x_wconf 79' lang='lat' dir='ltr'><strong><em>XXX.</em></strong></span> 
     </span>
    </p>
   </div>
   <div class='ocr_carea' id='block_1_66' title="bbox 1927 553 3586 628">
    <p class='ocr_par' dir='ltr' id='par_1_66' title="bbox 1927 553 3586 628">
     <span class='ocr_line' id='line_1_66' title="bbox 1927 553 3586 628; baseline 0.001 -18"><span class='ocrx_word' id='word_1_457' title='bbox 1927 553 2358 628; x_wconf 29' lang='lat' dir='ltr'><strong><em>Deischismate</em></strong></span> <span class='ocrx_word' id='word_1_458' title='bbox 2385 561 2438 612; x_wconf 81' lang='lat' dir='ltr'><strong><em>et</em></strong></span> <span class='ocrx_word' id='word_1_459' title='bbox 2463 553 2704 612; x_wconf 79' lang='lat' dir='ltr'><strong><em>dissidio</em></strong></span> <span class='ocrx_word' id='word_1_460' title='bbox 2733 557 2926 612; x_wconf 71' lang='lat' dir='ltr'><strong><em>Romae</em></strong></span> <span class='ocrx_word' id='word_1_461' title='bbox 2950 563 3203 628; x_wconf 79' lang='lat' dir='ltr'><strong><em>propter</em></strong></span> <span class='ocrx_word' id='word_1_462' title='bbox 3231 555 3504 611; x_wconf 85' lang='lat' dir='ltr'><strong><em>Blastum</em></strong></span> <span class='ocrx_word' id='word_1_463' title='bbox 3529 564 3586 628; x_wconf 83' lang='lat' dir='ltr'><strong><em>et</em></strong></span> 
     </span>
    </p>
   </div>
   <div class='ocr_carea' id='block_1_67' title="bbox 1914 627 3582 700">
    <p class='ocr_par' dir='ltr' id='par_1_67' title="bbox 1914 627 3582 700">
     <span class='ocr_line' id='line_1_67' title="bbox 1914 627 3582 700; baseline 0.001 -18"><span class='ocrx_word' id='word_1_464' title='bbox 1914 655 1920 662; x_wconf 89' lang='lat'>-</span> <span class='ocrx_word' id='word_1_465' title='bbox 1997 627 2314 700; x_wconf 70' lang='lat' dir='ltr'><strong><em>Florinum</em></strong></span> <span class='ocrx_word' id='word_1_466' title='bbox 2328 633 2556 692; x_wconf 72' lang='lat' dir='ltr'><strong><em>exorto,</em></strong></span> <span class='ocrx_word' id='word_1_467' title='bbox 2571 635 2623 684; x_wconf 84' lang='lat' dir='ltr'><strong><em>et</em></strong></span> <span class='ocrx_word' id='word_1_468' title='bbox 2637 644 2766 700; x_wconf 72' lang='lat' dir='ltr'><strong><em>quae</em></strong></span> <span class='ocrx_word' id='word_1_469' title='bbox 2778 630 2858 684; x_wconf 86' lang='lat' dir='ltr'><strong><em>ad</em></strong></span> <span class='ocrx_word' id='word_1_470' title='bbox 2872 627 2967 685; x_wconf 80' lang='lat' dir='ltr'><strong><em>eos</em></strong></span> <span class='ocrx_word' id='word_1_471' title='bbox 2981 629 3239 686; x_wconf 62' lang='lat' dir='ltr'><strong><em>Irenaus</em></strong></span> <span class='ocrx_word' id='word_1_472' title='bbox 3255 627 3582 698; x_wconf 79' lang='lat' dir='ltr'><strong><em>scripserit,</em></strong></span> 
     </span>
    </p>
   </div>
   <div class='ocr_carea' id='block_1_68' title="bbox 2000 699 2835 769">
    <p class='ocr_par' dir='ltr' id='par_1_68' title="bbox 2000 699 2835 769">
     <span class='ocr_line' id='line_1_68' title="bbox 2000 699 2835 769; baseline 0.001 -15"><span class='ocrx_word' id='word_1_473' title='bbox 2000 703 2056 754; x_wconf 84' lang='lat' dir='ltr'><strong><em>et</em></strong></span> <span class='ocrx_word' id='word_1_474' title='bbox 2087 699 2160 755; x_wconf 86' lang='lat' dir='ltr'><strong><em>de</em></strong></span> <span class='ocrx_word' id='word_1_475' title='bbox 2187 699 2323 755; x_wconf 78' lang='lat' dir='ltr'><strong><em>aliis</em></strong></span> <span class='ocrx_word' id='word_1_476' title='bbox 2353 700 2611 769; x_wconf 82' lang='lat' dir='ltr'><strong><em>ejusdem</em></strong></span> <span class='ocrx_word' id='word_1_477' title='bbox 2645 699 2835 756; x_wconf 81' lang='lat' dir='ltr'><strong><em>libris.</em></strong></span> 
     </span>
    </p>
   </div>
   <div class='ocr_carea' id='block_1_69' title="bbox 2003 903 3584 970">
    <p class='ocr_par' dir='ltr' id='par_1_69' title="bbox 2003 903 3584 970">
     <span class='ocr_line' id='line_1_69' title="bbox 2003 903 3584 970; baseline -0.001 -10"><span class='ocrx_word' id='word_1_478' title='bbox 2003 904 2289 960; x_wconf 70' lang='lat' dir='ltr'><strong><em>Cmterum</em></strong></span> <span class='ocrx_word' id='word_1_479' title='bbox 2322 903 2614 960; x_wconf 88' lang='lat' dir='ltr'><strong><em>adversus</em></strong></span> <span class='ocrx_word' id='word_1_480' title='bbox 2647 904 2946 961; x_wconf 86' lang='lat' dir='ltr'><strong><em>Florinum</em></strong></span> <span class='ocrx_word' id='word_1_481' title='bbox 2977 908 3032 961; x_wconf 90' lang='lat' dir='ltr'><strong><em>et</em></strong></span> <span class='ocrx_word' id='word_1_482' title='bbox 3062 905 3344 970; x_wconf 88' lang='lat' dir='ltr'><strong><em>Blastum,</em></strong></span> <span class='ocrx_word' id='word_1_483' title='bbox 3381 906 3584 960; x_wconf 67' lang='lat' dir='ltr'><strong><em>Romae</em></strong></span> 
     </span>
    </p>
   </div>
   <div class='ocr_carea' id='block_1_70' title="bbox 1929 992 3584 1066">
    <p class='ocr_par' dir='ltr' id='par_1_70' title="bbox 1929 992 3584 1066">
     <span class='ocr_line' id='line_1_70' title="bbox 1929 992 3584 1066; baseline 0 -18"><span class='ocrx_word' id='word_1_484' title='bbox 1929 992 2014 1048; x_wconf 85' lang='lat' dir='ltr'><strong><em>rei</em></strong></span> <span class='ocrx_word' id='word_1_485' title='bbox 2045 992 2456 1048; x_wconf 69' lang='lat' dir='ltr'><strong><em>ecclesiasticas</em></strong></span> <span class='ocrx_word' id='word_1_486' title='bbox 2483 993 2684 1050; x_wconf 80' lang='lat' dir='ltr'><strong><em>hostes</em></strong></span> <span class='ocrx_word' id='word_1_487' title='bbox 2710 994 3034 1066; x_wconf 89' lang='lat' dir='ltr'><strong><em>judicatos,</em></strong></span> <span class='ocrx_word' id='word_1_488' title='bbox 3067 995 3167 1066; x_wconf 89' lang='lat' dir='ltr'><strong><em>qui</em></strong></span> <span class='ocrx_word' id='word_1_489' title='bbox 3201 993 3280 1048; x_wconf 93' lang='lat' dir='ltr'><strong><em>ob</em></strong></span> <span class='ocrx_word' id='word_1_490' title='bbox 3320 993 3584 1065; x_wconf 83' lang='lat' dir='ltr'><strong><em>aliquem</em></strong></span> 
     </span>
    </p>
   </div>
   <div class='ocr_carea' id='block_1_71' title="bbox 1927 1080 3590 1155">
    <p class='ocr_par' dir='ltr' id='par_1_71' title="bbox 1927 1080 3590 1155">
     <span class='ocr_line' id='line_1_71' title="bbox 1927 1080 3590 1155; baseline 0.001 -18"><span class='ocrx_word' id='word_1_491' title='bbox 1927 1080 2164 1154; x_wconf 90' lang='lat' dir='ltr'><strong><em>lapsum</em></strong></span> <span class='ocrx_word' id='word_1_492' title='bbox 2199 1082 2548 1154; x_wconf 81' lang='lat' dir='ltr'><strong><em>presbyterii</em></strong></span> <span class='ocrx_word' id='word_1_493' title='bbox 2575 1083 2769 1153; x_wconf 85' lang='lat' dir='ltr'><strong><em>gradu</em></strong></span> <span class='ocrx_word' id='word_1_494' title='bbox 2799 1083 3080 1149; x_wconf 83' lang='lat' dir='ltr'><strong><em>abdicati,</em></strong></span> <span class='ocrx_word' id='word_1_495' title='bbox 3112 1081 3409 1155; x_wconf 89' lang='lat' dir='ltr'><strong><em>zelotypia</em></strong></span> <span class='ocrx_word' id='word_1_496' title='bbox 3437 1098 3590 1154; x_wconf 88' lang='lat' dir='ltr'><strong><em>qua-</em></strong></span> 
     </span>
    </p>
   </div>
   <div class='ocr_carea' id='block_1_72' title="bbox 1927 1171 3585 1242">
    <p class='ocr_par' dir='ltr' id='par_1_72' title="bbox 1927 1171 3585 1242">
     <span class='ocr_line' id='line_1_72' title="bbox 1927 1171 3585 1242; baseline 0 -16"><span class='ocrx_word' id='word_1_497' title='bbox 1927 1171 2068 1226; x_wconf 91' lang='lat' dir='ltr'><strong><em>dam</em></strong></span> <span class='ocrx_word' id='word_1_498' title='bbox 2097 1176 2152 1226; x_wconf 91' lang='lat' dir='ltr'><strong><em>et</em></strong></span> <span class='ocrx_word' id='word_1_499' title='bbox 2177 1171 2501 1227; x_wconf 71' lang='lat' dir='ltr'><strong><em>aemulandi</em></strong></span> <span class='ocrx_word' id='word_1_500' title='bbox 2525 1172 2746 1239; x_wconf 89' lang='lat' dir='ltr'><strong><em>studio,</em></strong></span> <span class='ocrx_word' id='word_1_501' title='bbox 2771 1173 3078 1228; x_wconf 84' lang='lat' dir='ltr'><strong><em>Marcionis</em></strong></span> <span class='ocrx_word' id='word_1_502' title='bbox 3106 1174 3287 1228; x_wconf 89' lang='lat' dir='ltr'><strong><em>errori</em></strong></span> <span class='ocrx_word' id='word_1_503' title='bbox 3311 1171 3585 1242; x_wconf 86' lang='lat' dir='ltr'><strong><em>involuti,</em></strong></span> 
     </span>
    </p>
   </div>
   <div class='ocr_carea' id='block_1_73' title="bbox 1925 1260 3584 1333">
    <p class='ocr_par' dir='ltr' id='par_1_73' title="bbox 1925 1260 3584 1333">
     <span class='ocr_line' id='line_1_73' title="bbox 1925 1260 3584 1333; baseline -0.002 -17"><span class='ocrx_word' id='word_1_504' title='bbox 1925 1265 1982 1316; x_wconf 87' lang='lat' dir='ltr'><strong><em>et</em></strong></span> <span class='ocrx_word' id='word_1_505' title='bbox 2005 1260 2440 1317; x_wconf 88' lang='lat' dir='ltr'><strong><em>ecclesiasticas</em></strong></span> <span class='ocrx_word' id='word_1_506' title='bbox 2470 1262 2809 1317; x_wconf 79' lang='lat' dir='ltr'><strong><em>sanctiones</em></strong></span> <span class='ocrx_word' id='word_1_507' title='bbox 2837 1261 3168 1333; x_wconf 82' lang='lat' dir='ltr'><strong><em>depravare</em></strong></span> <span class='ocrx_word' id='word_1_508' title='bbox 3197 1261 3396 1318; x_wconf 83' lang='lat' dir='ltr'><strong><em>conati</em></strong></span> <span class='ocrx_word' id='word_1_509' title='bbox 3423 1265 3584 1316; x_wconf 63' lang='lat' dir='ltr'><strong><em>sunt,</em></strong></span> 
     </span>
    </p>
   </div>
   <div class='ocr_carea' id='block_1_74' title="bbox 1923 1348 3586 1423">
    <p class='ocr_par' dir='ltr' id='par_1_74' title="bbox 1923 1348 3586 1423">
     <span class='ocr_line' id='line_1_74' title="bbox 1923 1348 3586 1423; baseline 0 -19"><span class='ocrx_word' id='word_1_510' title='bbox 1923 1348 2180 1405; x_wconf 69' lang='lat' dir='ltr'><strong><em>lrenteus</em></strong></span> <span class='ocrx_word' id='word_1_511' title='bbox 2225 1350 2423 1406; x_wconf 89' lang='lat' dir='ltr'><strong><em>adhuc</em></strong></span> <span class='ocrx_word' id='word_1_512' title='bbox 2463 1355 2766 1423; x_wconf 80' lang='lat' dir='ltr'><strong><em>superstes</em></strong></span> <span class='ocrx_word' id='word_1_513' title='bbox 2809 1350 2962 1406; x_wconf 89' lang='lat' dir='ltr'><strong><em>duas</em></strong></span> <span class='ocrx_word' id='word_1_514' title='bbox 3010 1349 3248 1422; x_wconf 80' lang='lat' dir='ltr'><strong><em>scripsit</em></strong></span> <span class='ocrx_word' id='word_1_515' title='bbox 3281 1349 3586 1421; x_wconf 82' lang='lat' dir='ltr'><strong><em>epistolas,</em></strong></span> 
     </span>
    </p>
   </div>
   <div class='ocr_carea' id='block_1_75' title="bbox 1923 1437 3583 1506">
    <p class='ocr_par' dir='ltr' id='par_1_75' title="bbox 1923 1437 3583 1506">
     <span class='ocr_line' id='line_1_75' title="bbox 1923 1437 3583 1506; baseline 0.001 -14"><span class='ocrx_word' id='word_1_516' title='bbox 1923 1443 1978 1494; x_wconf 90' lang='lat' dir='ltr'><strong><em>et</em></strong></span> <span class='ocrx_word' id='word_1_517' title='bbox 2016 1438 2263 1495; x_wconf 84' lang='lat' dir='ltr'><strong><em>alteram</em></strong></span> <span class='ocrx_word' id='word_1_518' title='bbox 2304 1439 2381 1494; x_wconf 86' lang='lat' dir='ltr'><strong><em>ad</em></strong></span> <span class='ocrx_word' id='word_1_519' title='bbox 2421 1439 2706 1505; x_wconf 89' lang='lat' dir='ltr'><strong><em>Blastum,</em></strong></span> <span class='ocrx_word' id='word_1_520' title='bbox 2751 1439 2824 1494; x_wconf 90' lang='lat' dir='ltr'><strong><em>de</em></strong></span> <span class='ocrx_word' id='word_1_521' title='bbox 2860 1439 3180 1495; x_wconf 88' lang='lat' dir='ltr'><strong><em>schismate</em></strong></span> <span class='ocrx_word' id='word_1_522' title='bbox 3210 1443 3266 1494; x_wconf 90' lang='lat' dir='ltr'><strong><em>et</em></strong></span> <span class='ocrx_word' id='word_1_523' title='bbox 3296 1437 3583 1506; x_wconf 85' lang='lat' dir='ltr'><strong><em>dissidio;</em></strong></span> 
     </span>
    </p>
   </div>
   <div class='ocr_carea' id='block_1_76' title="bbox 1921 1526 3586 1594">
    <p class='ocr_par' dir='ltr' id='par_1_76' title="bbox 1921 1526 3586 1594">
     <span class='ocr_line' id='line_1_76' title="bbox 1921 1526 3586 1594; baseline 0.001 -12"><span class='ocrx_word' id='word_1_524' title='bbox 1921 1526 2170 1583; x_wconf 85' lang='lat' dir='ltr'><strong><em>alteram</em></strong></span> <span class='ocrx_word' id='word_1_525' title='bbox 2211 1528 2287 1584; x_wconf 90' lang='lat' dir='ltr'><strong><em>ad</em></strong></span> <span class='ocrx_word' id='word_1_526' title='bbox 2330 1527 2630 1584; x_wconf 85' lang='lat' dir='ltr'><strong><em>Florinum</em></strong></span> <span class='ocrx_word' id='word_1_527' title='bbox 2680 1529 2754 1584; x_wconf 92' lang='lat' dir='ltr'><strong><em>de</em></strong></span> <span class='ocrx_word' id='word_1_528' title='bbox 2803 1529 3179 1594; x_wconf 88' lang='lat' dir='ltr'><strong><em>monarchia,</em></strong></span> <span class='ocrx_word' id='word_1_529' title='bbox 3227 1529 3350 1584; x_wconf 88' lang='lat' dir='ltr'><strong><em>sive</em></strong></span> <span class='ocrx_word' id='word_1_530' title='bbox 3397 1529 3586 1584; x_wconf 92' lang='lat' dir='ltr'><strong><em>Deum</em></strong></span> 
     </span>
    </p>
   </div>
   <div class='ocr_carea' id='block_1_77' title="bbox 1921 1617 3589 1689">
    <p class='ocr_par' dir='ltr' id='par_1_77' title="bbox 1921 1617 3589 1689">
     <span class='ocr_line' id='line_1_77' title="bbox 1921 1617 3589 1689; baseline 0.001 -19"><span class='ocrx_word' id='word_1_531' title='bbox 1921 1631 2041 1672; x_wconf 87' lang='lat' dir='ltr'><strong><em>non</em></strong></span> <span class='ocrx_word' id='word_1_532' title='bbox 2083 1633 2214 1672; x_wconf 89' lang='lat' dir='ltr'><strong><em>esse</em></strong></span> <span class='ocrx_word' id='word_1_533' title='bbox 2254 1622 2557 1673; x_wconf 83' lang='lat' dir='ltr'><strong><em>auctorem</em></strong></span> <span class='ocrx_word' id='word_1_534' title='bbox 2603 1618 2923 1683; x_wconf 90' lang='lat' dir='ltr'><strong><em>malorum,</em></strong></span> <span class='ocrx_word' id='word_1_535' title='bbox 2967 1617 3290 1689; x_wconf 87' lang='lat' dir='ltr'><strong><em>inscripsit,</em></strong></span> <span class='ocrx_word' id='word_1_536' title='bbox 3331 1617 3497 1688; x_wconf 88' lang='lat' dir='ltr'><strong><em>quod</em></strong></span> <span class='ocrx_word' id='word_1_537' title='bbox 3539 1617 3589 1671; x_wconf 91' lang='lat' dir='ltr'><strong><em>is</em></strong></span> 
     </span>
    </p>
   </div>
   <div class='ocr_carea' id='block_1_78' title="bbox 1921 1706 3587 1777">
    <p class='ocr_par' dir='ltr' id='par_1_78' title="bbox 1921 1706 3587 1777">
     <span class='ocr_line' id='line_1_78' title="bbox 1921 1706 3587 1777; baseline 0.002 -17"><span class='ocrx_word' id='word_1_538' title='bbox 1921 1711 2334 1777; x_wconf 85' lang='lat' dir='ltr'><strong><em>propugnator</em></strong></span> <span class='ocrx_word' id='word_1_539' title='bbox 2371 1707 2503 1777; x_wconf 89' lang='lat' dir='ltr'><strong><em>ejus</em></strong></span> <span class='ocrx_word' id='word_1_540' title='bbox 2543 1707 2760 1763; x_wconf 88' lang='lat' dir='ltr'><strong><em>erroris</em></strong></span> <span class='ocrx_word' id='word_1_541' title='bbox 2795 1706 2982 1765; x_wconf 82' lang='lat' dir='ltr'><strong><em>fuisse</em></strong></span> <span class='ocrx_word' id='word_1_542' title='bbox 3015 1709 3089 1762; x_wconf 87' lang='lat' dir='ltr'><strong><em>sit</em></strong></span> <span class='ocrx_word' id='word_1_543' title='bbox 3118 1708 3301 1762; x_wconf 91' lang='lat' dir='ltr'><strong><em>visus.</em></strong></span> <span class='ocrx_word' id='word_1_544' title='bbox 3337 1707 3445 1772; x_wconf 88' lang='lat' dir='ltr'><strong><em>Qui</em></strong></span> <span class='ocrx_word' id='word_1_545' title='bbox 3488 1707 3587 1763; x_wconf 86' lang='lat' dir='ltr'><strong><em>de-</em></strong></span> 
     </span>
    </p>
   </div>
   <div class='ocr_carea' id='block_1_79' title="bbox 1921 1794 3583 1868">
    <p class='ocr_par' dir='ltr' id='par_1_79' title="bbox 1921 1794 3583 1868">
     <span class='ocr_line' id='line_1_79' title="bbox 1921 1794 3583 1868; baseline 0.001 -18"><span class='ocrx_word' id='word_1_546' title='bbox 1921 1794 2061 1850; x_wconf 91' lang='lat' dir='ltr'><strong><em>inde</em></strong></span> <span class='ocrx_word' id='word_1_547' title='bbox 2104 1799 2348 1868; x_wconf 86' lang='lat' dir='ltr'><strong><em>propter</em></strong></span> <span class='ocrx_word' id='word_1_548' title='bbox 2385 1795 2717 1853; x_wconf 88' lang='lat' dir='ltr'><strong><em>variantem</em></strong></span> <span class='ocrx_word' id='word_1_549' title='bbox 2760 1797 3068 1852; x_wconf 70' lang='lat' dir='ltr'><strong><em>sententia:</em></strong></span> <span class='ocrx_word' id='word_1_550' title='bbox 3109 1795 3583 1863; x_wconf 86' lang='lat' dir='ltr'><strong><em>instabilitatem,</em></strong></span> 
     </span>
    </p>
   </div>
   <div class='ocr_carea' id='block_1_80' title="bbox 1923 1884 3584 1958">
    <p class='ocr_par' dir='ltr' id='par_1_80' title="bbox 1923 1884 3584 1958">
     <span class='ocr_line' id='line_1_80' title="bbox 1923 1884 3584 1958; baseline 0.001 -18"><span class='ocrx_word' id='word_1_551' title='bbox 1923 1884 2103 1940; x_wconf 88' lang='lat' dir='ltr'><strong><em>etiam</em></strong></span> <span class='ocrx_word' id='word_1_552' title='bbox 2155 1884 2213 1940; x_wconf 92' lang='lat' dir='ltr'><strong><em>in</em></strong></span> <span class='ocrx_word' id='word_1_553' title='bbox 2263 1884 2554 1941; x_wconf 85' lang='lat' dir='ltr'><strong><em>Valentini</em></strong></span> <span class='ocrx_word' id='word_1_554' title='bbox 2599 1885 2869 1942; x_wconf 70' lang='lat' dir='ltr'><strong><em>haeresim</em></strong></span> <span class='ocrx_word' id='word_1_555' title='bbox 2922 1891 3278 1958; x_wconf 86' lang='lat' dir='ltr'><strong><em>protractus,</em></strong></span> <span class='ocrx_word' id='word_1_556' title='bbox 3329 1901 3584 1941; x_wconf 84' lang='lat' dir='ltr'><strong><em>causam</em></strong></span> 
     </span>
    </p>
   </div>
   <div class='ocr_carea' id='block_1_81' title="bbox 1921 1973 3583 2047">
    <p class='ocr_par' dir='ltr' id='par_1_81' title="bbox 1921 1973 3583 2047">
     <span class='ocr_line' id='line_1_81' title="bbox 1921 1973 3583 2047; baseline 0.001 -18"><span class='ocrx_word' id='word_1_557' title='bbox 1921 1975 2144 2030; x_wconf 65' lang='lat' dir='ltr'><strong><em>Irenaeo</em></strong></span> <span class='ocrx_word' id='word_1_558' title='bbox 2166 1973 2445 2046; x_wconf 73' lang='lat' dir='ltr'><strong><em>praebuit,</em></strong></span> <span class='ocrx_word' id='word_1_559' title='bbox 2469 1979 2535 2030; x_wconf 90' lang='lat' dir='ltr'><strong><em>ut</em></strong></span> <span class='ocrx_word' id='word_1_560' title='bbox 2555 1975 2605 2030; x_wconf 91' lang='lat' dir='ltr'><strong><em>is</em></strong></span> <span class='ocrx_word' id='word_1_561' title='bbox 2625 1974 2785 2030; x_wconf 86' lang='lat' dir='ltr'><strong><em>aliud</em></strong></span> <span class='ocrx_word' id='word_1_562' title='bbox 2807 1980 3192 2047; x_wconf 83' lang='lat' dir='ltr'><strong><em>componeret</em></strong></span> <span class='ocrx_word' id='word_1_563' title='bbox 3213 1991 3387 2047; x_wconf 88' lang='lat' dir='ltr'><strong><em>opus,</em></strong></span> <span class='ocrx_word' id='word_1_564' title='bbox 3411 1975 3583 2045; x_wconf 89' lang='lat' dir='ltr'><strong><em>cujus</em></strong></span> 
     </span>
    </p>
   </div>
   <div class='ocr_carea' id='block_1_82' title="bbox 1921 2062 3582 2134">
    <p class='ocr_par' dir='ltr' id='par_1_82' title="bbox 1921 2062 3582 2134">
     <span class='ocr_line' id='line_1_82' title="bbox 1921 2062 3582 2134; baseline 0 -14"><span class='ocrx_word' id='word_1_565' title='bbox 1921 2063 2124 2120; x_wconf 86' lang='lat' dir='ltr'><strong><em>titulus</em></strong></span> <span class='ocrx_word' id='word_1_566' title='bbox 2183 2067 2294 2129; x_wconf 89' lang='lat' dir='ltr'><strong><em>est,</em></strong></span> <span class='ocrx_word' id='word_1_567' title='bbox 2345 2063 2419 2119; x_wconf 91' lang='lat' dir='ltr'><strong><em>de</em></strong></span> <span class='ocrx_word' id='word_1_568' title='bbox 2469 2062 2750 2134; x_wconf 87' lang='lat' dir='ltr'><strong><em>Ogdoade</em></strong></span> <span class='ocrx_word' id='word_1_569' title='bbox 2795 2079 2901 2120; x_wconf 89' lang='lat' dir='ltr'><strong><em>seu</em></strong></span> <span class='ocrx_word' id='word_1_570' title='bbox 2947 2064 3256 2120; x_wconf 88' lang='lat' dir='ltr'><strong><em>octonario</em></strong></span> <span class='ocrx_word' id='word_1_571' title='bbox 3307 2063 3411 2119; x_wconf 90' lang='lat' dir='ltr'><strong><em>:in</em></strong></span> <span class='ocrx_word' id='word_1_572' title='bbox 3460 2079 3582 2134; x_wconf 89' lang='lat' dir='ltr'><strong><em>quo</em></strong></span> 
     </span>
    </p>
   </div>
   <div class='ocr_carea' id='block_1_83' title="bbox 1921 2152 3587 2226">
    <p class='ocr_par' dir='ltr' id='par_1_83' title="bbox 1921 2152 3587 2226">
     <span class='ocr_line' id='line_1_83' title="bbox 1921 2152 3587 2226; baseline -0.001 -16"><span class='ocrx_word' id='word_1_573' title='bbox 1921 2169 2100 2225; x_wconf 90' lang='lat' dir='ltr'><strong><em>opere</em></strong></span> <span class='ocrx_word' id='word_1_574' title='bbox 2133 2170 2194 2210; x_wconf 92' lang='lat' dir='ltr'><strong><em>se</em></strong></span> <span class='ocrx_word' id='word_1_575' title='bbox 2233 2153 2490 2225; x_wconf 88' lang='lat' dir='ltr'><strong><em>primam</em></strong></span> <span class='ocrx_word' id='word_1_576' title='bbox 2533 2153 2947 2226; x_wconf 86' lang='lat' dir='ltr'><strong><em>apostolorum</em></strong></span> <span class='ocrx_word' id='word_1_577' title='bbox 2982 2153 3424 2210; x_wconf 87' lang='lat' dir='ltr'><strong><em>successionem</em></strong></span> <span class='ocrx_word' id='word_1_578' title='bbox 3457 2152 3587 2209; x_wconf 89' lang='lat' dir='ltr'><strong><em>atti-</em></strong></span> 
     </span>
    </p>
   </div>
   <div class='ocr_carea' id='block_1_84' title="bbox 1920 2241 3585 2314">
    <p class='ocr_par' dir='ltr' id='par_1_84' title="bbox 1920 2241 3585 2314">
     <span class='ocr_line' id='line_1_84' title="bbox 1920 2241 3585 2314; baseline 0.001 -17"><span class='ocrx_word' id='word_1_579' title='bbox 1920 2243 2080 2314; x_wconf 89' lang='lat' dir='ltr'><strong><em>gisse</em></strong></span> <span class='ocrx_word' id='word_1_580' title='bbox 2120 2243 2399 2299; x_wconf 85' lang='lat' dir='ltr'><strong><em>ostendit.</em></strong></span> <span class='ocrx_word' id='word_1_581' title='bbox 2437 2243 2526 2298; x_wconf 83' lang='lat' dir='ltr'><strong><em>Ad</em></strong></span> <span class='ocrx_word' id='word_1_582' title='bbox 2563 2242 2748 2298; x_wconf 87' lang='lat' dir='ltr'><strong><em>ﬁnem</em></strong></span> <span class='ocrx_word' id='word_1_583' title='bbox 2790 2258 2932 2299; x_wconf 88' lang='lat' dir='ltr'><strong><em>vero</em></strong></span> <span class='ocrx_word' id='word_1_584' title='bbox 2971 2243 3101 2314; x_wconf 90' lang='lat' dir='ltr'><strong><em>ejus</em></strong></span> <span class='ocrx_word' id='word_1_585' title='bbox 3139 2242 3294 2308; x_wconf 87' lang='lat' dir='ltr'><strong><em>libri,</em></strong></span> <span class='ocrx_word' id='word_1_586' title='bbox 3335 2241 3585 2298; x_wconf 88' lang='lat' dir='ltr'><strong><em>adnota-</em></strong></span> 
     </span>
    </p>
   </div>
   <div class='ocr_carea' id='block_1_85' title="bbox 1922 2331 3582 2405">
    <p class='ocr_par' dir='ltr' id='par_1_85' title="bbox 1922 2331 3582 2405">
     <span class='ocr_line' id='line_1_85' title="bbox 1922 2331 3582 2405; baseline -0.001 -17"><span class='ocrx_word' id='word_1_587' title='bbox 1922 2333 2144 2389; x_wconf 90' lang='lat' dir='ltr'><strong><em>tionem</em></strong></span> <span class='ocrx_word' id='word_1_588' title='bbox 2174 2347 2319 2389; x_wconf 89' lang='lat' dir='ltr'><strong><em>sane</em></strong></span> <span class='ocrx_word' id='word_1_589' title='bbox 2349 2348 2534 2405; x_wconf 91' lang='lat' dir='ltr'><strong><em>quam</em></strong></span> <span class='ocrx_word' id='word_1_590' title='bbox 2563 2333 2770 2388; x_wconf 84' lang='lat' dir='ltr'><strong><em>scitam</em></strong></span> <span class='ocrx_word' id='word_1_591' title='bbox 2814 2331 3053 2403; x_wconf 88' lang='lat' dir='ltr'><strong><em>adjecit,</em></strong></span> <span class='ocrx_word' id='word_1_592' title='bbox 3085 2347 3270 2402; x_wconf 91' lang='lat' dir='ltr'><strong><em>quam</em></strong></span> <span class='ocrx_word' id='word_1_593' title='bbox 3301 2331 3418 2387; x_wconf 91' lang='lat' dir='ltr'><strong><em>hoc</em></strong></span> <span class='ocrx_word' id='word_1_594' title='bbox 3446 2331 3582 2387; x_wconf 92' lang='lat' dir='ltr'><strong><em>loco</em></strong></span> 
     </span>
    </p>
   </div>
   <div class='ocr_carea' id='block_1_86' title="bbox 1920 2420 3581 2493">
    <p class='ocr_par' dir='ltr' id='par_1_86' title="bbox 1920 2420 3581 2493">
     <span class='ocr_line' id='line_1_86' title="bbox 1920 2420 3581 2493; baseline -0.001 -16"><span class='ocrx_word' id='word_1_595' title='bbox 1920 2422 2136 2478; x_wconf 87' lang='lat' dir='ltr'><strong><em>referre</em></strong></span> <span class='ocrx_word' id='word_1_596' title='bbox 2179 2437 2300 2478; x_wconf 90' lang='lat' dir='ltr'><strong><em>non</em></strong></span> <span class='ocrx_word' id='word_1_597' title='bbox 2342 2422 2831 2493; x_wconf 87' lang='lat' dir='ltr'><strong><em>intempestivum</em></strong></span> <span class='ocrx_word' id='word_1_598' title='bbox 2881 2436 3009 2476; x_wconf 90' lang='lat' dir='ltr'><strong><em>esse</em></strong></span> <span class='ocrx_word' id='word_1_599' title='bbox 3046 2420 3334 2492; x_wconf 89' lang='lat' dir='ltr'><strong><em>judicavi.</em></strong></span> <span class='ocrx_word' id='word_1_600' title='bbox 3388 2420 3581 2476; x_wconf 90' lang='lat' dir='ltr'><strong><em>Verba</em></strong></span> 
     </span>
    </p>
   </div>
   <div class='ocr_carea' id='block_1_87' title="bbox 1919 2509 3580 2583">
    <p class='ocr_par' dir='ltr' id='par_1_87' title="bbox 1919 2509 3580 2583">
     <span class='ocr_line' id='line_1_87' title="bbox 1919 2509 3580 2583; baseline -0.001 -17"><span class='ocrx_word' id='word_1_601' title='bbox 1919 2511 2049 2582; x_wconf 88' lang='lat' dir='ltr'><strong><em>ejus</em></strong></span> <span class='ocrx_word' id='word_1_602' title='bbox 2077 2511 2206 2567; x_wconf 60' lang='lat' dir='ltr'><strong><em>haec</em></strong></span> <span class='ocrx_word' id='word_1_603' title='bbox 2245 2515 2382 2567; x_wconf 90' lang='lat' dir='ltr'><strong><em>sunt</em></strong></span> <span class='ocrx_word' id='word_1_604' title='bbox 2410 2529 2426 2566; x_wconf 88' lang='lat'>:</span> <span class='ocrx_word' id='word_1_605' title='bbox 2461 2532 2489 2561; x_wconf 87' lang='grc'><strong>‹‹</strong></span> <span class='ocrx_word' id='word_1_606' title='bbox 2532 2511 2756 2582; x_wconf 84' lang='lat' dir='ltr'><strong><em>Adjuro</em></strong></span> <span class='ocrx_word' id='word_1_607' title='bbox 2787 2514 2862 2576; x_wconf 90' lang='lat' dir='ltr'><strong><em>te,</em></strong></span> <span class='ocrx_word' id='word_1_608' title='bbox 2895 2509 2996 2583; x_wconf 89' lang='lat' dir='ltr'><strong><em>qui</em></strong></span> <span class='ocrx_word' id='word_1_609' title='bbox 3025 2510 3186 2566; x_wconf 87' lang='lat' dir='ltr'><strong><em>hunc</em></strong></span> <span class='ocrx_word' id='word_1_610' title='bbox 3215 2509 3434 2566; x_wconf 89' lang='lat' dir='ltr'><strong><em>librum</em></strong></span> <span class='ocrx_word' id='word_1_611' title='bbox 3478 2509 3580 2564; x_wconf 88' lang='lat' dir='ltr'><strong><em>de-</em></strong></span> 
     </span>
    </p>
   </div>
   <div class='ocr_carea' id='block_1_88' title="bbox 1918 2599 3576 2672">
    <p class='ocr_par' dir='ltr' id='par_1_88' title="bbox 1918 2599 3576 2672">
     <span class='ocr_line' id='line_1_88' title="bbox 1918 2599 3576 2672; baseline -0.001 -18"><span class='ocrx_word' id='word_1_612' title='bbox 1918 2600 2228 2672; x_wconf 89' lang='lat' dir='ltr'><strong><em>scripsisti,</em></strong></span> <span class='ocrx_word' id='word_1_613' title='bbox 2251 2616 2358 2672; x_wconf 91' lang='lat' dir='ltr'><strong><em>per</em></strong></span> <span class='ocrx_word' id='word_1_614' title='bbox 2381 2600 2698 2656; x_wconf 90' lang='lat' dir='ltr'><strong><em>Dominum</em></strong></span> <span class='ocrx_word' id='word_1_615' title='bbox 2727 2605 3002 2656; x_wconf 61' lang='lat' dir='ltr'><strong><em>noStrum</em></strong></span> <span class='ocrx_word' id='word_1_616' title='bbox 3027 2602 3228 2655; x_wconf 86' lang='lat' dir='ltr'><strong><em>Jesum</em></strong></span> <span class='ocrx_word' id='word_1_617' title='bbox 3257 2599 3576 2663; x_wconf 81' lang='lat' dir='ltr'><strong><em>Christum,</em></strong></span> 
     </span>
    </p>
   </div>
   <div class='ocr_carea' id='block_1_89' title="bbox 1916 2689 3580 2761">
    <p class='ocr_par' dir='ltr' id='par_1_89' title="bbox 1916 2689 3580 2761">
     <span class='ocr_line' id='line_1_89' title="bbox 1916 2689 3580 2761; baseline -0.001 -16"><span class='ocrx_word' id='word_1_618' title='bbox 1916 2695 1972 2745; x_wconf 90' lang='lat' dir='ltr'><strong><em>et</em></strong></span> <span class='ocrx_word' id='word_1_619' title='bbox 2003 2705 2108 2760; x_wconf 92' lang='lat' dir='ltr'><strong><em>per</em></strong></span> <span class='ocrx_word' id='word_1_620' title='bbox 2132 2689 2456 2760; x_wconf 89' lang='lat' dir='ltr'><strong><em>gloriosum</em></strong></span> <span class='ocrx_word' id='word_1_621' title='bbox 2481 2689 2811 2746; x_wconf 86' lang='lat' dir='ltr'><strong><em>adventum</em></strong></span> <span class='ocrx_word' id='word_1_622' title='bbox 2843 2689 2995 2760; x_wconf 88' lang='lat' dir='ltr'><strong><em>ejus,</em></strong></span> <span class='ocrx_word' id='word_1_623' title='bbox 3026 2704 3149 2761; x_wconf 89' lang='lat' dir='ltr'><strong><em>quo</em></strong></span> <span class='ocrx_word' id='word_1_624' title='bbox 3179 2694 3465 2744; x_wconf 86' lang='lat' dir='ltr'><strong><em>venturus</em></strong></span> <span class='ocrx_word' id='word_1_625' title='bbox 3490 2692 3580 2744; x_wconf 86' lang='lat' dir='ltr'><strong><em>est</em></strong></span> 
     </span>
    </p>
   </div>
   <div class='ocr_carea' id='block_1_90' title="bbox 1909 2775 3580 2850">
    <p class='ocr_par' dir='ltr' id='par_1_90' title="bbox 1909 2775 3580 2850">
     <span class='ocr_line' id='line_1_90' title="bbox 1909 2775 3580 2850; baseline -0.001 -16"><span class='ocrx_word' id='word_1_626' title='bbox 1909 2778 2178 2849; x_wconf 89' lang='lat' dir='ltr'><strong><em>judicare</em></strong></span> <span class='ocrx_word' id='word_1_627' title='bbox 2204 2779 2375 2835; x_wconf 91' lang='lat' dir='ltr'><strong><em>vivos</em></strong></span> <span class='ocrx_word' id='word_1_628' title='bbox 2401 2785 2454 2835; x_wconf 92' lang='lat' dir='ltr'><strong><em>et</em></strong></span> <span class='ocrx_word' id='word_1_629' title='bbox 2483 2783 2775 2844; x_wconf 88' lang='lat' dir='ltr'><strong><em>mortuos,</em></strong></span> <span class='ocrx_word' id='word_1_630' title='bbox 2811 2779 2992 2850; x_wconf 73' lang='lat'><strong><em>329</em></strong></span> <span class='ocrx_word' id='word_1_631' title='bbox 3025 2783 3087 2834; x_wconf 91' lang='lat' dir='ltr'><strong><em>ut</em></strong></span> <span class='ocrx_word' id='word_1_632' title='bbox 3111 2777 3385 2833; x_wconf 81' lang='lat' dir='ltr'><strong><em>conferas</em></strong></span> <span class='ocrx_word' id='word_1_633' title='bbox 3409 2775 3580 2849; x_wconf 92' lang='lat' dir='ltr'><strong><em>quod</em></strong></span> 
     </span>
    </p>
   </div>
   <div class='ocr_carea' id='block_1_91' title="bbox 1914 2865 3576 2941">
    <p class='ocr_par' dir='ltr' id='par_1_91' title="bbox 1914 2865 3576 2941">
     <span class='ocr_line' id='line_1_91' title="bbox 1914 2865 3576 2941; baseline -0.001 -17"><span class='ocrx_word' id='word_1_634' title='bbox 1914 2867 2361 2941; x_wconf 87' lang='lat' dir='ltr'><strong><em>transcripsisti,</em></strong></span> <span class='ocrx_word' id='word_1_635' title='bbox 2393 2874 2450 2924; x_wconf 90' lang='lat' dir='ltr'><strong><em>et</em></strong></span> <span class='ocrx_word' id='word_1_636' title='bbox 2487 2869 2738 2939; x_wconf 78' lang='lat' dir='ltr'><strong><em>castiges</em></strong></span> <span class='ocrx_word' id='word_1_637' title='bbox 2769 2870 2845 2924; x_wconf 90' lang='lat' dir='ltr'><strong><em>ad</em></strong></span> <span class='ocrx_word' id='word_1_638' title='bbox 2875 2866 3184 2939; x_wconf 85' lang='lat' dir='ltr'><strong><em>exemplar</em></strong></span> <span class='ocrx_word' id='word_1_639' title='bbox 3212 2865 3370 2922; x_wconf 90' lang='lat' dir='ltr'><strong><em>istud</em></strong></span> <span class='ocrx_word' id='word_1_640' title='bbox 3413 2865 3576 2922; x_wconf 89' lang='lat' dir='ltr'><strong><em>unde</em></strong></span> 
     </span>
    </p>
   </div>
   <div class='ocr_carea' id='block_1_92' title="bbox 1911 2956 3578 3028">
    <p class='ocr_par' dir='ltr' id='par_1_92' title="bbox 1911 2956 3578 3028">
     <span class='ocr_line' id='line_1_92' title="bbox 1911 2956 3578 3028; baseline -0.002 -15"><span class='ocrx_word' id='word_1_641' title='bbox 1911 2956 2297 3028; x_wconf 88' lang='lat' dir='ltr'><strong><em>descripsisti,</em></strong></span> <span class='ocrx_word' id='word_1_642' title='bbox 2357 2962 2631 3014; x_wconf 89' lang='lat' dir='ltr'><strong><em>accurate</em></strong></span> <span class='ocrx_word' id='word_1_643' title='bbox 2685 2974 2699 3012; x_wconf 91' lang='lat'>:</span> <span class='ocrx_word' id='word_1_644' title='bbox 2751 2961 2810 3013; x_wconf 89' lang='lat' dir='ltr'><strong><em>et</em></strong></span> <span class='ocrx_word' id='word_1_645' title='bbox 2864 2957 3273 3028; x_wconf 87' lang='lat' dir='ltr'><strong><em>juramentum</em></strong></span> <span class='ocrx_word' id='word_1_646' title='bbox 3325 2956 3463 3024; x_wconf 90' lang='lat' dir='ltr'><strong><em>hoc,</em></strong></span> <span class='ocrx_word' id='word_1_647' title='bbox 3512 2959 3578 3010; x_wconf 92' lang='lat' dir='ltr'><strong><em>ut</em></strong></span> 
     </span>
    </p>
   </div>
   <div class='ocr_carea' id='block_1_93' title="bbox 1909 3045 3576 3117">
    <p class='ocr_par' dir='ltr' id='par_1_93' title="bbox 1909 3045 3576 3117">
     <span class='ocr_line' id='line_1_93' title="bbox 1909 3045 3576 3117; baseline -0.001 -16"><span class='ocrx_word' id='word_1_648' title='bbox 1909 3045 2108 3102; x_wconf 88' lang='lat' dir='ltr'><strong><em>itidem</em></strong></span> <span class='ocrx_word' id='word_1_649' title='bbox 2149 3045 2481 3116; x_wconf 87' lang='lat' dir='ltr'><strong><em>describas,</em></strong></span> <span class='ocrx_word' id='word_1_650' title='bbox 2515 3051 2572 3102; x_wconf 91' lang='lat' dir='ltr'><strong><em>et</em></strong></span> <span class='ocrx_word' id='word_1_651' title='bbox 2600 3045 2878 3117; x_wconf 86' lang='lat' dir='ltr'><strong><em>exemplo</em></strong></span> <span class='ocrx_word' id='word_1_652' title='bbox 2912 3051 3016 3102; x_wconf 91' lang='lat' dir='ltr'><strong><em>tuo</em></strong></span> <span class='ocrx_word' id='word_1_653' title='bbox 3047 3061 3345 3117; x_wconf 88' lang='lat' dir='ltr'><strong><em>apponas.</em></strong></span> <span class='ocrx_word' id='word_1_654' title='bbox 3377 3065 3406 3098; x_wconf 72' lang='grc' dir='ltr'><strong><em>υ</em></strong></span> <span class='ocrx_word' id='word_1_655' title='bbox 3449 3047 3576 3100; x_wconf 89' lang='lat' dir='ltr'><strong><em>Non</em></strong></span> 
     </span>
    </p>
   </div>
   <div class='ocr_carea' id='block_1_94' title="bbox 1910 3134 3577 3207">
    <p class='ocr_par' dir='ltr' id='par_1_94' title="bbox 1910 3134 3577 3207">
     <span class='ocr_line' id='line_1_94' title="bbox 1910 3134 3577 3207; baseline -0.001 -15"><span class='ocrx_word' id='word_1_656' title='bbox 1910 3137 2094 3192; x_wconf 90' lang='lat' dir='ltr'><strong><em>otiose</em></strong></span> <span class='ocrx_word' id='word_1_657' title='bbox 2139 3152 2283 3192; x_wconf 88' lang='lat' dir='ltr'><strong><em>sane</em></strong></span> <span class='ocrx_word' id='word_1_658' title='bbox 2328 3136 2444 3192; x_wconf 92' lang='lat' dir='ltr'><strong><em>hoc</em></strong></span> <span class='ocrx_word' id='word_1_659' title='bbox 2486 3135 2572 3191; x_wconf 88' lang='lat' dir='ltr'><strong><em>sic</em></strong></span> <span class='ocrx_word' id='word_1_660' title='bbox 2607 3135 2958 3207; x_wconf 89' lang='lat' dir='ltr'><strong><em>adjecimus,</em></strong></span> <span class='ocrx_word' id='word_1_661' title='bbox 3009 3141 3072 3190; x_wconf 90' lang='lat' dir='ltr'><strong><em>ut</em></strong></span> <span class='ocrx_word' id='word_1_662' title='bbox 3121 3134 3340 3190; x_wconf 88' lang='lat' dir='ltr'><strong><em>scilicet</em></strong></span> <span class='ocrx_word' id='word_1_663' title='bbox 3382 3149 3577 3190; x_wconf 83' lang='lat' dir='ltr'><strong><em>exem-</em></strong></span> 
     </span>
    </p>
   </div>
   <div class='ocr_carea' id='block_1_95' title="bbox 1910 3222 3578 3298">
    <p class='ocr_par' dir='ltr' id='par_1_95' title="bbox 1910 3222 3578 3298">
     <span class='ocr_line' id='line_1_95' title="bbox 1910 3222 3578 3298; baseline -0.001 -18"><span class='ocrx_word' id='word_1_664' title='bbox 1910 3224 2074 3298; x_wconf 87' lang='lat' dir='ltr'><strong><em>plum</em></strong></span> <span class='ocrx_word' id='word_1_665' title='bbox 2094 3225 2470 3298; x_wconf 90' lang='lat' dir='ltr'><strong><em>propositum</em></strong></span> <span class='ocrx_word' id='word_1_666' title='bbox 2489 3223 2846 3292; x_wconf 84' lang='lat' dir='ltr'><strong><em>habeamus,</em></strong></span> <span class='ocrx_word' id='word_1_667' title='bbox 2866 3240 2986 3296; x_wconf 91' lang='lat' dir='ltr'><strong><em>qua</em></strong></span> <span class='ocrx_word' id='word_1_668' title='bbox 3016 3240 3160 3280; x_wconf 90' lang='lat' dir='ltr'><strong><em>cura</em></strong></span> <span class='ocrx_word' id='word_1_669' title='bbox 3181 3229 3236 3279; x_wconf 89' lang='lat' dir='ltr'><strong><em>et</em></strong></span> <span class='ocrx_word' id='word_1_670' title='bbox 3255 3222 3578 3296; x_wconf 88' lang='lat' dir='ltr'><strong><em>providen-</em></strong></span> 
     </span>
    </p>
   </div>
   <div class='ocr_carea' id='block_1_96' title="bbox 1908 3311 3574 3376">
    <p class='ocr_par' dir='ltr' id='par_1_96' title="bbox 1908 3311 3574 3376">
     <span class='ocr_line' id='line_1_96' title="bbox 1908 3311 3574 3376; baseline -0.002 -5"><span class='ocrx_word' id='word_1_671' title='bbox 1908 3314 1992 3371; x_wconf 87' lang='lat' dir='ltr'><strong><em>tia</em></strong></span> <span class='ocrx_word' id='word_1_672' title='bbox 2042 3313 2197 3369; x_wconf 90' lang='lat' dir='ltr'><strong><em>sacri</em></strong></span> <span class='ocrx_word' id='word_1_673' title='bbox 2255 3312 2339 3368; x_wconf 88' lang='lat' dir='ltr'><strong><em>illi</em></strong></span> <span class='ocrx_word' id='word_1_674' title='bbox 2389 3318 2446 3369; x_wconf 90' lang='lat' dir='ltr'><strong><em>et</em></strong></span> <span class='ocrx_word' id='word_1_675' title='bbox 2495 3313 2638 3369; x_wconf 91' lang='lat' dir='ltr'><strong><em>boni</em></strong></span> <span class='ocrx_word' id='word_1_676' title='bbox 2692 3311 2804 3368; x_wconf 85' lang='lat' dir='ltr'><strong><em>viri</em></strong></span> <span class='ocrx_word' id='word_1_677' title='bbox 2850 3312 3135 3376; x_wconf 85' lang='lat' dir='ltr'><strong><em>caverint,</em></strong></span> <span class='ocrx_word' id='word_1_678' title='bbox 3183 3327 3258 3367; x_wconf 90' lang='lat' dir='ltr'><strong><em>ne</em></strong></span> <span class='ocrx_word' id='word_1_679' title='bbox 3306 3324 3574 3367; x_wconf 75' lang='lat' dir='ltr'><strong><em>veterum</em></strong></span> 
     </span>
    </p>
   </div>
   <div class='ocr_carea' id='block_1_97' title="bbox 1909 3399 3578 3474">
    <p class='ocr_par' dir='ltr' id='par_1_97' title="bbox 1909 3399 3578 3474">
     <span class='ocr_line' id='line_1_97' title="bbox 1909 3399 3578 3474; baseline -0.001 -16"><span class='ocrx_word' id='word_1_680' title='bbox 1909 3402 2128 3473; x_wconf 90' lang='lat' dir='ltr'><strong><em>scripta</em></strong></span> <span class='ocrx_word' id='word_1_681' title='bbox 2156 3401 2652 3474; x_wconf 89' lang='lat' dir='ltr'><strong><em>depravarentur.</em></strong></span> <span class='ocrx_word' id='word_1_682' title='bbox 2692 3403 2755 3457; x_wconf 91' lang='lat' dir='ltr'><strong><em>In</em></strong></span> <span class='ocrx_word' id='word_1_683' title='bbox 2798 3401 3053 3474; x_wconf 90' lang='lat' dir='ltr'><strong><em>epistola</em></strong></span> <span class='ocrx_word' id='word_1_684' title='bbox 3092 3417 3233 3457; x_wconf 89' lang='lat' dir='ltr'><strong><em>vero</em></strong></span> <span class='ocrx_word' id='word_1_685' title='bbox 3273 3400 3346 3456; x_wconf 92' lang='lat' dir='ltr'><strong><em>ad</em></strong></span> <span class='ocrx_word' id='word_1_686' title='bbox 3390 3399 3578 3457; x_wconf 88' lang='lat' dir='ltr'><strong><em>Flori-</em></strong></span> 
     </span>
    </p>
   </div>
   <div class='ocr_carea' id='block_1_98' title="bbox 1909 3489 3571 3563">
    <p class='ocr_par' dir='ltr' id='par_1_98' title="bbox 1909 3489 3571 3563">
     <span class='ocr_line' id='line_1_98' title="bbox 1909 3489 3571 3563; baseline -0.002 -15"><span class='ocrx_word' id='word_1_687' title='bbox 1909 3507 2056 3548; x_wconf 89' lang='lat' dir='ltr'><strong><em>num</em></strong></span> <span class='ocrx_word' id='word_1_688' title='bbox 2087 3491 2562 3547; x_wconf 83' lang='lat' dir='ltr'><strong><em>conversationis</em></strong></span> <span class='ocrx_word' id='word_1_689' title='bbox 2593 3507 2716 3547; x_wconf 70' lang='lat' dir='ltr'><strong><em>suae</em></strong></span> <span class='ocrx_word' id='word_1_690' title='bbox 2747 3507 2884 3547; x_wconf 89' lang='lat' dir='ltr'><strong><em>cum</em></strong></span> <span class='ocrx_word' id='word_1_691' title='bbox 2921 3491 3250 3563; x_wconf 88' lang='lat' dir='ltr'><strong><em>Polycarpo</em></strong></span> <span class='ocrx_word' id='word_1_692' title='bbox 3279 3489 3571 3553; x_wconf 89' lang='lat' dir='ltr'><strong><em>meminit,</em></strong></span> 
     </span>
    </p>
   </div>
   <div class='ocr_carea' id='block_1_99' title="bbox 1909 3579 3574 3650">
    <p class='ocr_par' dir='ltr' id='par_1_99' title="bbox 1909 3579 3574 3650">
     <span class='ocr_line' id='line_1_99' title="bbox 1909 3579 3574 3650; baseline -0.001 -13"><span class='ocrx_word' id='word_1_693' title='bbox 1909 3581 1988 3637; x_wconf 90' lang='lat' dir='ltr'><strong><em>ad</em></strong></span> <span class='ocrx_word' id='word_1_694' title='bbox 2008 3581 2170 3637; x_wconf 89' lang='lat' dir='ltr'><strong><em>hunc</em></strong></span> <span class='ocrx_word' id='word_1_695' title='bbox 2186 3581 2455 3636; x_wconf 91' lang='lat' dir='ltr'><strong><em>scribens</em></strong></span> <span class='ocrx_word' id='word_1_696' title='bbox 2473 3580 2726 3636; x_wconf 89' lang='lat' dir='ltr'><strong><em>modum</em></strong></span> <span class='ocrx_word' id='word_1_697' title='bbox 2747 3596 2760 3634; x_wconf 88' lang='lat'>:</span> <span class='ocrx_word' id='word_1_698' title='bbox 2793 3600 2820 3631; x_wconf 84' lang='lat'>«</span> <span class='ocrx_word' id='word_1_699' title='bbox 2839 3583 2970 3636; x_wconf 67' lang='lat' dir='ltr'><strong><em>Haec</em></strong></span> <span class='ocrx_word' id='word_1_700' title='bbox 2989 3580 3299 3650; x_wconf 81' lang='lat' dir='ltr'><strong><em>dogmata,</em></strong></span> <span class='ocrx_word' id='word_1_701' title='bbox 3321 3579 3574 3644; x_wconf 87' lang='lat' dir='ltr'><strong><em>Florine,</em></strong></span> 
     </span>
    </p>
   </div>
   <div class='ocr_carea' id='block_1_100' title="bbox 1911 3669 3576 3742">
    <p class='ocr_par' dir='ltr' id='par_1_100' title="bbox 1911 3669 3576 3742">
     <span class='ocr_line' id='line_1_100' title="bbox 1911 3669 3576 3742; baseline -0.001 -18"><span class='ocrx_word' id='word_1_702' title='bbox 1911 3678 1973 3725; x_wconf 88' lang='lat' dir='ltr'><strong><em>ut</em></strong></span> <span class='ocrx_word' id='word_1_703' title='bbox 1995 3686 2170 3742; x_wconf 89' lang='lat' dir='ltr'><strong><em>parce</em></strong></span> <span class='ocrx_word' id='word_1_704' title='bbox 2197 3674 2254 3726; x_wconf 90' lang='lat' dir='ltr'><strong><em>et</em></strong></span> <span class='ocrx_word' id='word_1_705' title='bbox 2285 3669 2552 3726; x_wconf 86' lang='lat' dir='ltr'><strong><em>modeste</em></strong></span> <span class='ocrx_word' id='word_1_706' title='bbox 2579 3670 2800 3734; x_wconf 89' lang='lat' dir='ltr'><strong><em>dicam,</em></strong></span> <span class='ocrx_word' id='word_1_707' title='bbox 2830 3685 2952 3725; x_wconf 92' lang='lat' dir='ltr'><strong><em>non</em></strong></span> <span class='ocrx_word' id='word_1_708' title='bbox 2980 3674 3118 3724; x_wconf 90' lang='lat' dir='ltr'><strong><em>sunt</em></strong></span> <span class='ocrx_word' id='word_1_709' title='bbox 3143 3683 3307 3724; x_wconf 61' lang='lat' dir='ltr'><strong><em>sanie</em></strong></span> <span class='ocrx_word' id='word_1_710' title='bbox 3335 3671 3576 3724; x_wconf 88' lang='lat' dir='ltr'><strong><em>senten-</em></strong></span> 
     </span>
    </p>
   </div>
   <div class='ocr_carea' id='block_1_101' title="bbox 1910 3756 3574 3830">
    <p class='ocr_par' dir='ltr' id='par_1_101' title="bbox 1910 3756 3574 3830">
     <span class='ocr_line' id='line_1_101' title="bbox 1910 3756 3574 3830; baseline -0.002 -15"><span class='ocrx_word' id='word_1_711' title='bbox 1910 3759 2023 3815; x_wconf 58' lang='lat' dir='ltr'><strong><em>tias.</em></strong></span> <span class='ocrx_word' id='word_1_712' title='bbox 2067 3759 2202 3814; x_wconf 65' lang='lat' dir='ltr'><strong><em>Haec</em></strong></span> <span class='ocrx_word' id='word_1_713' title='bbox 2231 3759 2520 3830; x_wconf 83' lang='lat' dir='ltr'><strong><em>dogmata</em></strong></span> <span class='ocrx_word' id='word_1_714' title='bbox 2551 3757 2798 3814; x_wconf 91' lang='lat' dir='ltr'><strong><em>dissona</em></strong></span> <span class='ocrx_word' id='word_1_715' title='bbox 2823 3763 2880 3815; x_wconf 88' lang='lat' dir='ltr'><strong><em>et</em></strong></span> <span class='ocrx_word' id='word_1_716' title='bbox 2908 3758 3150 3814; x_wconf 85' lang='lat' dir='ltr'><strong><em>diversa</em></strong></span> <span class='ocrx_word' id='word_1_717' title='bbox 3181 3762 3322 3812; x_wconf 88' lang='lat' dir='ltr'><strong><em>sunt</em></strong></span> <span class='ocrx_word' id='word_1_718' title='bbox 3352 3756 3430 3813; x_wconf 89' lang='lat' dir='ltr'><strong><em>ab</em></strong></span> <span class='ocrx_word' id='word_1_719' title='bbox 3471 3759 3574 3812; x_wconf 89' lang='lat' dir='ltr'><strong><em>Ec-</em></strong></span> 
     </span>
    </p>
   </div>
   <div class='ocr_carea' id='block_1_102' title="bbox 1909 3845 3572 3918">
    <p class='ocr_par' dir='ltr' id='par_1_102' title="bbox 1909 3845 3572 3918">
     <span class='ocr_line' id='line_1_102' title="bbox 1909 3845 3572 3918; baseline -0.001 -16"><span class='ocrx_word' id='word_1_720' title='bbox 1909 3847 2109 3913; x_wconf 90' lang='lat' dir='ltr'><strong><em>clesia,</em></strong></span> <span class='ocrx_word' id='word_1_721' title='bbox 2152 3861 2288 3918; x_wconf 63' lang='lat' dir='ltr'><strong><em>quas</em></strong></span> <span class='ocrx_word' id='word_1_722' title='bbox 2331 3847 2415 3902; x_wconf 87' lang='lat' dir='ltr'><strong><em>eis</em></strong></span> <span class='ocrx_word' id='word_1_723' title='bbox 2455 3847 2854 3918; x_wconf 87' lang='lat' dir='ltr'><strong><em>obsequentes</em></strong></span> <span class='ocrx_word' id='word_1_724' title='bbox 2895 3847 2956 3902; x_wconf 88' lang='lat' dir='ltr'><strong><em>in</em></strong></span> <span class='ocrx_word' id='word_1_725' title='bbox 3005 3847 3332 3902; x_wconf 80' lang='lat' dir='ltr'><strong><em>maximam</em></strong></span> <span class='ocrx_word' id='word_1_726' title='bbox 3379 3845 3572 3917; x_wconf 90' lang='lat' dir='ltr'><strong><em>conji-</em></strong></span> 
     </span>
    </p>
   </div>
   <div class='ocr_carea' id='block_1_103' title="bbox 1909 3934 3566 4007">
    <p class='ocr_par' dir='ltr' id='par_1_103' title="bbox 1909 3934 3566 4007">
     <span class='ocr_line' id='line_1_103' title="bbox 1909 3934 3566 4007; baseline -0.002 -15"><span class='ocrx_word' id='word_1_727' title='bbox 1909 3937 2072 3992; x_wconf 90' lang='lat' dir='ltr'><strong><em>ciunt</em></strong></span> <span class='ocrx_word' id='word_1_728' title='bbox 2114 3935 2503 4007; x_wconf 84' lang='lat' dir='ltr'><strong><em>impietatem.</em></strong></span> <span class='ocrx_word' id='word_1_729' title='bbox 2554 3937 2690 3992; x_wconf 74' lang='lat' dir='ltr'><strong><em>Haec</em></strong></span> <span class='ocrx_word' id='word_1_730' title='bbox 2728 3935 3017 4006; x_wconf 89' lang='lat' dir='ltr'><strong><em>dogmata</em></strong></span> <span class='ocrx_word' id='word_1_731' title='bbox 3059 3951 3132 3991; x_wconf 89' lang='lat' dir='ltr'><strong><em>ne</em></strong></span> <span class='ocrx_word' id='word_1_732' title='bbox 3173 3935 3256 3990; x_wconf 89' lang='lat' dir='ltr'><strong><em>illi</em></strong></span> <span class='ocrx_word' id='word_1_733' title='bbox 3298 3934 3566 4006; x_wconf 87' lang='lat' dir='ltr'><strong><em>quidem,</em></strong></span> 
     </span>
    </p>
   </div>
   <div class='ocr_carea' id='block_1_104' title="bbox 1907 4025 3570 4099">
    <p class='ocr_par' dir='ltr' id='par_1_104' title="bbox 1907 4025 3570 4099">
     <span class='ocr_line' id='line_1_104' title="bbox 1907 4025 3570 4099; baseline -0.001 -18"><span class='ocrx_word' id='word_1_734' title='bbox 1907 4026 2012 4099; x_wconf 90' lang='lat' dir='ltr'><strong><em>qui</em></strong></span> <span class='ocrx_word' id='word_1_735' title='bbox 2035 4025 2112 4082; x_wconf 91' lang='lat' dir='ltr'><strong><em>ab</em></strong></span> <span class='ocrx_word' id='word_1_736' title='bbox 2141 4025 2404 4080; x_wconf 87' lang='lat' dir='ltr'><strong><em>Ecclesia</em></strong></span> <span class='ocrx_word' id='word_1_737' title='bbox 2428 4029 2564 4080; x_wconf 89' lang='lat' dir='ltr'><strong><em>sunt</em></strong></span> <span class='ocrx_word' id='word_1_738' title='bbox 2583 4025 2806 4082; x_wconf 84' lang='lat' dir='ltr'><strong><em>exclusi</em></strong></span> <span class='ocrx_word' id='word_1_739' title='bbox 2833 4025 3112 4091; x_wconf 66' lang='lat' dir='ltr'><strong><em>haeretici,</em></strong></span> <span class='ocrx_word' id='word_1_740' title='bbox 3139 4040 3406 4098; x_wconf 88' lang='lat' dir='ltr'><strong><em>unquam</em></strong></span> <span class='ocrx_word' id='word_1_741' title='bbox 3434 4039 3570 4094; x_wconf 88' lang='lat' dir='ltr'><strong><em>pro-</em></strong></span> 
     </span>
    </p>
   </div>
   <div class='ocr_carea' id='block_1_105' title="bbox 1906 4113 3571 4186">
    <p class='ocr_par' dir='ltr' id='par_1_105' title="bbox 1906 4113 3571 4186">
     <span class='ocr_line' id='line_1_105' title="bbox 1906 4113 3571 4186; baseline -0.002 -15"><span class='ocrx_word' id='word_1_742' title='bbox 1906 4115 2180 4186; x_wconf 88' lang='lat' dir='ltr'><strong><em>mulgare</em></strong></span> <span class='ocrx_word' id='word_1_743' title='bbox 2231 4119 2370 4170; x_wconf 93' lang='lat' dir='ltr'><strong><em>sunt</em></strong></span> <span class='ocrx_word' id='word_1_744' title='bbox 2409 4114 2560 4170; x_wconf 90' lang='lat' dir='ltr'><strong><em>ausi.</em></strong></span> <span class='ocrx_word' id='word_1_745' title='bbox 2605 4117 2737 4170; x_wconf 83' lang='lat' dir='ltr'><strong><em>Haec</em></strong></span> <span class='ocrx_word' id='word_1_746' title='bbox 2775 4114 3080 4184; x_wconf 84' lang='lat' dir='ltr'><strong><em>dogmata,</em></strong></span> <span class='ocrx_word' id='word_1_747' title='bbox 3124 4113 3226 4186; x_wconf 93' lang='lat' dir='ltr'><strong><em>qui</em></strong></span> <span class='ocrx_word' id='word_1_748' title='bbox 3267 4119 3404 4170; x_wconf 88' lang='lat' dir='ltr'><strong><em>ante</em></strong></span> <span class='ocrx_word' id='word_1_749' title='bbox 3459 4128 3571 4170; x_wconf 90' lang='lat' dir='ltr'><strong><em>nos</em></strong></span> 
     </span>
    </p>
   </div>
   <div class='ocr_carea' id='block_1_106' title="bbox 1907 4201 3570 4276">
    <p class='ocr_par' dir='ltr' id='par_1_106' title="bbox 1907 4201 3570 4276">
     <span class='ocr_line' id='line_1_106' title="bbox 1907 4201 3570 4276; baseline -0.002 -15"><span class='ocrx_word' id='word_1_750' title='bbox 1907 4204 2090 4271; x_wconf 85' lang='lat' dir='ltr'><strong><em>fuere,</em></strong></span> <span class='ocrx_word' id='word_1_751' title='bbox 2110 4202 2332 4276; x_wconf 89' lang='lat' dir='ltr'><strong><em>quique</em></strong></span> <span class='ocrx_word' id='word_1_752' title='bbox 2351 4219 2485 4259; x_wconf 89' lang='lat' dir='ltr'><strong><em>cum</em></strong></span> <span class='ocrx_word' id='word_1_753' title='bbox 2508 4202 2794 4274; x_wconf 89' lang='lat' dir='ltr'><strong><em>apostolis</em></strong></span> <span class='ocrx_word' id='word_1_754' title='bbox 2811 4203 3142 4259; x_wconf 90' lang='lat' dir='ltr'><strong><em>conversati</em></strong></span> <span class='ocrx_word' id='word_1_755' title='bbox 3162 4208 3298 4258; x_wconf 88' lang='lat' dir='ltr'><strong><em>sunt</em></strong></span> <span class='ocrx_word' id='word_1_756' title='bbox 3315 4201 3570 4276; x_wconf 87' lang='lat' dir='ltr'><strong><em>presby-</em></strong></span> 
     </span>
    </p>
   </div>
   <div class='ocr_carea' id='block_1_107' title="bbox 1907 4291 3572 4364">
    <p class='ocr_par' dir='ltr' id='par_1_107' title="bbox 1907 4291 3572 4364">
     <span class='ocr_line' id='line_1_107' title="bbox 1907 4291 3572 4364; baseline -0.001 -15"><span class='ocrx_word' id='word_1_757' title='bbox 1907 4294 2034 4358; x_wconf 88' lang='lat' dir='ltr'><strong><em>teri,</em></strong></span> <span class='ocrx_word' id='word_1_758' title='bbox 2075 4295 2181 4350; x_wconf 90' lang='lat' dir='ltr'><strong><em>tibi</em></strong></span> <span class='ocrx_word' id='word_1_759' title='bbox 2216 4308 2339 4349; x_wconf 90' lang='lat' dir='ltr'><strong><em>non</em></strong></span> <span class='ocrx_word' id='word_1_760' title='bbox 2383 4291 2702 4348; x_wconf 87' lang='lat' dir='ltr'><strong><em>tradidere.</em></strong></span> <span class='ocrx_word' id='word_1_761' title='bbox 2742 4291 2868 4348; x_wconf 89' lang='lat' dir='ltr'><strong><em>Vidi</em></strong></span> <span class='ocrx_word' id='word_1_762' title='bbox 2914 4292 3073 4347; x_wconf 91' lang='lat' dir='ltr'><strong><em>enim</em></strong></span> <span class='ocrx_word' id='word_1_763' title='bbox 3121 4296 3195 4358; x_wconf 89' lang='lat' dir='ltr'><strong><em>te,</em></strong></span> <span class='ocrx_word' id='word_1_764' title='bbox 3237 4308 3374 4348; x_wconf 90' lang='lat' dir='ltr'><strong><em>cum</em></strong></span> <span class='ocrx_word' id='word_1_765' title='bbox 3421 4307 3572 4364; x_wconf 90' lang='lat' dir='ltr'><strong><em>puer</em></strong></span> 
     </span>
    </p>
   </div>
   <div class='ocr_carea' id='block_1_108' title="bbox 1906 4381 3569 4454">
    <p class='ocr_par' dir='ltr' id='par_1_108' title="bbox 1906 4381 3569 4454">
     <span class='ocr_line' id='line_1_108' title="bbox 1906 4381 3569 4454; baseline -0.002 -14"><span class='ocrx_word' id='word_1_766' title='bbox 1906 4383 2106 4440; x_wconf 87' lang='lat' dir='ltr'><strong><em>adhuc</em></strong></span> <span class='ocrx_word' id='word_1_767' title='bbox 2144 4384 2203 4438; x_wconf 91' lang='lat' dir='ltr'><strong><em>in</em></strong></span> <span class='ocrx_word' id='word_1_768' title='bbox 2233 4382 2510 4438; x_wconf 86' lang='lat' dir='ltr'><strong><em>inferiore</em></strong></span> <span class='ocrx_word' id='word_1_769' title='bbox 2552 4382 2691 4438; x_wconf 83' lang='lat' dir='ltr'><strong><em>Asia</em></strong></span> <span class='ocrx_word' id='word_1_770' title='bbox 2721 4381 2885 4454; x_wconf 89' lang='lat' dir='ltr'><strong><em>apud</em></strong></span> <span class='ocrx_word' id='word_1_771' title='bbox 2916 4381 3310 4454; x_wconf 88' lang='lat' dir='ltr'><strong><em>Polycarpum</em></strong></span> <span class='ocrx_word' id='word_1_772' title='bbox 3352 4397 3569 4437; x_wconf 59' lang='lat' dir='ltr'><strong><em>essem:</em></strong></span> 
     </span>
    </p>
   </div>
   <div class='ocr_carea' id='block_1_109' title="bbox 1905 4470 3573 4544">
    <p class='ocr_par' dir='ltr' id='par_1_109' title="bbox 1905 4470 3573 4544">
     <span class='ocr_line' id='line_1_109' title="bbox 1905 4470 3573 4544; baseline -0.004 -15"><span class='ocrx_word' id='word_1_773' title='bbox 1905 4472 2287 4544; x_wconf 90' lang='lat' dir='ltr'><strong><em>splendidum</em></strong></span> <span class='ocrx_word' id='word_1_774' title='bbox 2337 4472 2558 4527; x_wconf 90' lang='lat' dir='ltr'><strong><em>habere</em></strong></span> <span class='ocrx_word' id='word_1_775' title='bbox 2606 4471 2808 4526; x_wconf 86' lang='lat' dir='ltr'><strong><em>locum</em></strong></span> <span class='ocrx_word' id='word_1_776' title='bbox 2861 4471 2921 4526; x_wconf 89' lang='lat' dir='ltr'><strong><em>in</em></strong></span> <span class='ocrx_word' id='word_1_777' title='bbox 2970 4470 3260 4544; x_wconf 88' lang='lat' dir='ltr'><strong><em>imperiali</em></strong></span> <span class='ocrx_word' id='word_1_778' title='bbox 3306 4470 3468 4535; x_wconf 91' lang='lat' dir='ltr'><strong><em>aula,</em></strong></span> <span class='ocrx_word' id='word_1_779' title='bbox 3516 4470 3573 4525; x_wconf 89' lang='lat' dir='ltr'><strong><em>et</em></strong></span> 
     </span>
    </p>
   </div>
   <div class='ocr_carea' id='block_1_110' title="bbox 1906 4559 3571 4633">
    <p class='ocr_par' dir='ltr' id='par_1_110' title="bbox 1906 4559 3571 4633">
     <span class='ocr_line' id='line_1_110' title="bbox 1906 4559 3571 4633; baseline -0.002 -16"><span class='ocrx_word' id='word_1_780' title='bbox 1906 4561 2135 4618; x_wconf 83' lang='lat' dir='ltr'><strong><em>famam</em></strong></span> <span class='ocrx_word' id='word_1_781' title='bbox 2161 4560 2522 4632; x_wconf 87' lang='lat' dir='ltr'><strong><em>laudemque</em></strong></span> <span class='ocrx_word' id='word_1_782' title='bbox 2555 4560 2721 4632; x_wconf 90' lang='lat' dir='ltr'><strong><em>apud</em></strong></span> <span class='ocrx_word' id='word_1_783' title='bbox 2747 4575 2881 4616; x_wconf 89' lang='lat' dir='ltr'><strong><em>eum</em></strong></span> <span class='ocrx_word' id='word_1_784' title='bbox 2911 4565 3333 4633; x_wconf 89' lang='lat' dir='ltr'><strong><em>aucupantem.</em></strong></span> <span class='ocrx_word' id='word_1_785' title='bbox 3368 4559 3571 4615; x_wconf 86' lang='lat' dir='ltr'><strong><em>Melius</em></strong></span> 
     </span>
    </p>
   </div>
   <div class='ocr_carea' id='block_1_111' title="bbox 1908 4648 3571 4723">
    <p class='ocr_par' dir='ltr' id='par_1_111' title="bbox 1908 4648 3571 4723">
     <span class='ocr_line' id='line_1_111' title="bbox 1908 4648 3571 4723; baseline -0.002 -17"><span class='ocrx_word' id='word_1_786' title='bbox 1908 4666 2172 4723; x_wconf 89' lang='lat' dir='ltr'><strong><em>namque</em></strong></span> <span class='ocrx_word' id='word_1_787' title='bbox 2213 4666 2314 4706; x_wconf 90' lang='lat' dir='ltr'><strong><em>eas</em></strong></span> <span class='ocrx_word' id='word_1_788' title='bbox 2358 4665 2470 4717; x_wconf 88' lang='lat' dir='ltr'><strong><em>res,</em></strong></span> <span class='ocrx_word' id='word_1_789' title='bbox 2503 4666 2692 4722; x_wconf 91' lang='lat' dir='ltr'><strong><em>quam</em></strong></span> <span class='ocrx_word' id='word_1_790' title='bbox 2731 4665 2867 4722; x_wconf 71' lang='lat' dir='ltr'><strong><em>quae</em></strong></span> <span class='ocrx_word' id='word_1_791' title='bbox 2899 4651 3169 4721; x_wconf 82' lang='lat' dir='ltr'><strong><em>proxime</em></strong></span> <span class='ocrx_word' id='word_1_792' title='bbox 3200 4648 3571 4714; x_wconf 88' lang='lat' dir='ltr'><strong><em>acciderunt,</em></strong></span> 
     </span>
    </p>
   </div>
   <div class='ocr_carea' id='block_1_112' title="bbox 1907 4737 3565 4812">
    <p class='ocr_par' dir='ltr' id='par_1_112' title="bbox 1907 4737 3565 4812">
     <span class='ocr_line' id='line_1_112' title="bbox 1907 4737 3565 4812; baseline -0.002 -16"><span class='ocrx_word' id='word_1_793' title='bbox 1907 4740 2201 4796; x_wconf 88' lang='lat' dir='ltr'><strong><em>memoria</em></strong></span> <span class='ocrx_word' id='word_1_794' title='bbox 2228 4746 2398 4796; x_wconf 87' lang='lat' dir='ltr'><strong><em>teneo</em></strong></span> <span class='ocrx_word' id='word_1_795' title='bbox 2421 4757 2434 4794; x_wconf 89' lang='lat'>:</span> <span class='ocrx_word' id='word_1_796' title='bbox 2465 4739 2629 4812; x_wconf 92' lang='lat' dir='ltr'><strong><em>quod</em></strong></span> <span class='ocrx_word' id='word_1_797' title='bbox 2651 4755 2744 4794; x_wconf 93' lang='lat' dir='ltr'><strong><em>res</em></strong></span> <span class='ocrx_word' id='word_1_798' title='bbox 2765 4755 2919 4810; x_wconf 80' lang='lat' dir='ltr'><strong><em>quas</em></strong></span> <span class='ocrx_word' id='word_1_799' title='bbox 2943 4755 2980 4794; x_wconf 91' lang='lat' dir='ltr'><strong><em>a</em></strong></span> <span class='ocrx_word' id='word_1_800' title='bbox 3000 4738 3199 4811; x_wconf 89' lang='lat' dir='ltr'><strong><em>pueris</em></strong></span> <span class='ocrx_word' id='word_1_801' title='bbox 3220 4737 3565 4804; x_wconf 89' lang='lat' dir='ltr'><strong><em>didicimus,</em></strong></span> 
     </span>
    </p>
   </div>
   <div class='ocr_carea' id='block_1_113' title="bbox 1908 4825 3564 4898">
    <p class='ocr_par' dir='ltr' id='par_1_113' title="bbox 1908 4825 3564 4898">
     <span class='ocr_line' id='line_1_113' title="bbox 1908 4825 3564 4898; baseline -0.004 -13"><span class='ocrx_word' id='word_1_802' title='bbox 1908 4845 2044 4885; x_wconf 90' lang='lat' dir='ltr'><strong><em>cum</em></strong></span> <span class='ocrx_word' id='word_1_803' title='bbox 2073 4830 2277 4884; x_wconf 89' lang='lat' dir='ltr'><strong><em>anima</em></strong></span> <span class='ocrx_word' id='word_1_804' title='bbox 2304 4828 2729 4893; x_wconf 86' lang='lat' dir='ltr'><strong><em>coalescentes,</em></strong></span> <span class='ocrx_word' id='word_1_805' title='bbox 2759 4827 2951 4883; x_wconf 89' lang='lat' dir='ltr'><strong><em>eidem</em></strong></span> <span class='ocrx_word' id='word_1_806' title='bbox 2978 4843 3226 4898; x_wconf 89' lang='lat' dir='ltr'><strong><em>prorsus</em></strong></span> <span class='ocrx_word' id='word_1_807' title='bbox 3254 4825 3564 4881; x_wconf 86' lang='lat' dir='ltr'><strong><em>uniuntur.</em></strong></span> 
     </span>
    </p>
   </div>
   <div class='ocr_carea' id='block_1_114' title="bbox 1909 4914 3566 4990">
    <p class='ocr_par' dir='ltr' id='par_1_114' title="bbox 1909 4914 3566 4990">
     <span class='ocr_line' id='line_1_114' title="bbox 1909 4914 3566 4990; baseline -0.001 -18"><span class='ocrx_word' id='word_1_808' title='bbox 1909 4918 2116 4990; x_wconf 90' lang='lat' dir='ltr'><strong><em>Itaque</em></strong></span> <span class='ocrx_word' id='word_1_809' title='bbox 2165 4918 2362 4973; x_wconf 90' lang='lat' dir='ltr'><strong><em>dicere</em></strong></span> <span class='ocrx_word' id='word_1_810' title='bbox 2418 4933 2669 4990; x_wconf 90' lang='lat' dir='ltr'><strong><em>possum</em></strong></span> <span class='ocrx_word' id='word_1_811' title='bbox 2711 4917 2911 4972; x_wconf 91' lang='lat' dir='ltr'><strong><em>locum</em></strong></span> <span class='ocrx_word' id='word_1_812' title='bbox 2964 4916 3026 4971; x_wconf 93' lang='lat' dir='ltr'><strong><em>in</em></strong></span> <span class='ocrx_word' id='word_1_813' title='bbox 3075 4931 3196 4988; x_wconf 92' lang='lat' dir='ltr'><strong><em>quo</em></strong></span> <span class='ocrx_word' id='word_1_814' title='bbox 3247 4914 3566 4971; x_wconf 89' lang='lat' dir='ltr'><strong><em>considens</em></strong></span> 
     </span>
    </p>
   </div>
   <div class='ocr_carea' id='block_1_115' title="bbox 1907 5005 3565 5079">
    <p class='ocr_par' dir='ltr' id='par_1_115' title="bbox 1907 5005 3565 5079">
     <span class='ocr_line' id='line_1_115' title="bbox 1907 5005 3565 5079; baseline -0.002 -15"><span class='ocrx_word' id='word_1_815' title='bbox 1907 5007 2122 5064; x_wconf 88' lang='lat' dir='ltr'><strong><em>beatus</em></strong></span> <span class='ocrx_word' id='word_1_816' title='bbox 2153 5006 2516 5079; x_wconf 88' lang='lat' dir='ltr'><strong><em>Polycarpus</em></strong></span> <span class='ocrx_word' id='word_1_817' title='bbox 2553 5005 2832 5063; x_wconf 87' lang='lat' dir='ltr'><strong><em>disseruit</em></strong></span> <span class='ocrx_word' id='word_1_818' title='bbox 2873 5024 2886 5065; x_wconf 92' lang='lat'>:</span> <span class='ocrx_word' id='word_1_819' title='bbox 2932 5019 3286 5076; x_wconf 88' lang='lat' dir='ltr'><strong><em>progressus</em></strong></span> <span class='ocrx_word' id='word_1_820' title='bbox 3321 5019 3565 5077; x_wconf 89' lang='lat' dir='ltr'><strong><em>quoque</em></strong></span> 
     </span>
    </p>
   </div>
   <div class='ocr_carea' id='block_1_116' title="bbox 1907 5092 3566 5167">
    <p class='ocr_par' dir='ltr' id='par_1_116' title="bbox 1907 5092 3566 5167">
     <span class='ocr_line' id='line_1_116' title="bbox 1907 5092 3566 5167; baseline -0.002 -15"><span class='ocrx_word' id='word_1_821' title='bbox 1907 5101 1964 5152; x_wconf 88' lang='lat' dir='ltr'><strong><em>et</em></strong></span> <span class='ocrx_word' id='word_1_822' title='bbox 2004 5096 2310 5167; x_wconf 88' lang='lat' dir='ltr'><strong><em>ingressus</em></strong></span> <span class='ocrx_word' id='word_1_823' title='bbox 2360 5096 2512 5167; x_wconf 88' lang='lat' dir='ltr'><strong><em>ejus,</em></strong></span> <span class='ocrx_word' id='word_1_824' title='bbox 2557 5096 2688 5151; x_wconf 70' lang='lat' dir='ltr'><strong><em>vitae</em></strong></span> <span class='ocrx_word' id='word_1_825' title='bbox 2729 5093 3003 5162; x_wconf 91' lang='lat' dir='ltr'><strong><em>modum,</em></strong></span> <span class='ocrx_word' id='word_1_826' title='bbox 3049 5098 3106 5148; x_wconf 91' lang='lat' dir='ltr'><strong><em>et</em></strong></span> <span class='ocrx_word' id='word_1_827' title='bbox 3143 5092 3409 5164; x_wconf 86' lang='lat' dir='ltr'><strong><em>corporis</em></strong></span> <span class='ocrx_word' id='word_1_828' title='bbox 3449 5093 3566 5149; x_wconf 88' lang='lat' dir='ltr'><strong><em>t&#39;or-</em></strong></span> 
     </span>
    </p>
   </div>
   <div class='ocr_carea' id='block_1_117' title="bbox 1907 5182 3563 5256">
    <p class='ocr_par' dir='ltr' id='par_1_117' title="bbox 1907 5182 3563 5256">
     <span class='ocr_line' id='line_1_117' title="bbox 1907 5182 3563 5256; baseline -0.002 -13"><span class='ocrx_word' id='word_1_829' title='bbox 1907 5202 2107 5254; x_wconf 88' lang='lat' dir='ltr'><strong><em>mam;</em></strong></span> <span class='ocrx_word' id='word_1_830' title='bbox 2142 5187 2440 5243; x_wconf 90' lang='lat' dir='ltr'><strong><em>orationes</em></strong></span> <span class='ocrx_word' id='word_1_831' title='bbox 2473 5187 2654 5242; x_wconf 88' lang='lat' dir='ltr'><strong><em>etiam</em></strong></span> <span class='ocrx_word' id='word_1_832' title='bbox 2685 5199 2837 5256; x_wconf 88' lang='lat' dir='ltr'><strong><em>quas</em></strong></span> <span class='ocrx_word' id='word_1_833' title='bbox 2870 5184 2945 5238; x_wconf 90' lang='lat' dir='ltr'><strong><em>ad</em></strong></span> <span class='ocrx_word' id='word_1_834' title='bbox 2980 5183 3421 5239; x_wconf 90' lang='lat' dir='ltr'><strong><em>multitudinem</em></strong></span> <span class='ocrx_word' id='word_1_835' title='bbox 3453 5182 3563 5240; x_wconf 91' lang='lat' dir='ltr'><strong><em>ha-</em></strong></span> 
     </span>
    </p>
   </div>
   <div class='ocr_carea' id='block_1_118' title="bbox 1904 5271 3560 5350">
    <p class='ocr_par' dir='ltr' id='par_1_118' title="bbox 1904 5271 3560 5350">
     <span class='ocr_line' id='line_1_118' title="bbox 1904 5271 3560 5350; baseline -0.003 -18"><span class='ocrx_word' id='word_1_836' title='bbox 1904 5275 2070 5343; x_wconf 89' lang='lat' dir='ltr'><strong><em>buit;</em></strong></span> <span class='ocrx_word' id='word_1_837' title='bbox 2103 5283 2391 5350; x_wconf 74' lang='lat' dir='ltr'><strong><em>praeterea</em></strong></span> <span class='ocrx_word' id='word_1_838' title='bbox 2431 5275 2786 5332; x_wconf 84' lang='lat' dir='ltr'><strong><em>familiarem</em></strong></span> <span class='ocrx_word' id='word_1_839' title='bbox 2826 5273 3343 5337; x_wconf 90' lang='lat' dir='ltr'><strong><em>consuetudinem,</em></strong></span> <span class='ocrx_word' id='word_1_840' title='bbox 3389 5271 3560 5330; x_wconf 89' lang='lat' dir='ltr'><strong><em>sicuti</em></strong></span> 
     </span>
    </p>
   </div>
   <div class='ocr_carea' id='block_1_119' title="bbox 1904 5361 3563 5438">
    <p class='ocr_par' dir='ltr' id='par_1_119' title="bbox 1904 5361 3563 5438">
     <span class='ocr_line' id='line_1_119' title="bbox 1904 5361 3563 5438; baseline -0.002 -17"><span class='ocrx_word' id='word_1_841' title='bbox 1904 5365 2031 5438; x_wconf 90' lang='lat' dir='ltr'><strong><em>ipse</em></strong></span> <span class='ocrx_word' id='word_1_842' title='bbox 2065 5367 2346 5430; x_wconf 88' lang='lat' dir='ltr'><strong><em>narravit,</em></strong></span> <span class='ocrx_word' id='word_1_843' title='bbox 2382 5381 2517 5438; x_wconf 68' lang='lat' dir='ltr'><strong><em>qua:</em></strong></span> <span class='ocrx_word' id='word_1_844' title='bbox 2557 5364 2610 5420; x_wconf 88' lang='lat' dir='ltr'><strong><em>ei</em></strong></span> <span class='ocrx_word' id='word_1_845' title='bbox 2645 5379 2781 5419; x_wconf 91' lang='lat' dir='ltr'><strong><em>cum</em></strong></span> <span class='ocrx_word' id='word_1_846' title='bbox 2816 5363 3047 5419; x_wconf 86' lang='lat' dir='ltr'><strong><em>Joanne</em></strong></span> <span class='ocrx_word' id='word_1_847' title='bbox 3081 5366 3137 5417; x_wconf 91' lang='lat' dir='ltr'><strong><em>et</em></strong></span> <span class='ocrx_word' id='word_1_848' title='bbox 3171 5361 3418 5434; x_wconf 89' lang='lat' dir='ltr'><strong><em>reliquis</em></strong></span> <span class='ocrx_word' id='word_1_849' title='bbox 3457 5362 3563 5434; x_wconf 89' lang='lat' dir='ltr'><strong><em>qui</em></strong></span> 
     </span>
    </p>
   </div>
   <div class='ocr_carea' id='block_1_120' title="bbox 1906 5452 3562 5522">
    <p class='ocr_par' dir='ltr' id='par_1_120' title="bbox 1906 5452 3562 5522">
     <span class='ocr_line' id='line_1_120' title="bbox 1906 5452 3562 5522; baseline -0.002 -10"><span class='ocrx_word' id='word_1_850' title='bbox 1906 5457 2225 5512; x_wconf 90' lang='lat' dir='ltr'><strong><em>Dominum</em></strong></span> <span class='ocrx_word' id='word_1_851' title='bbox 2246 5454 2435 5512; x_wconf 91' lang='lat' dir='ltr'><strong><em>oculis</em></strong></span> <span class='ocrx_word' id='word_1_852' title='bbox 2458 5454 2579 5509; x_wconf 90' lang='lat' dir='ltr'><strong><em>suis</em></strong></span> <span class='ocrx_word' id='word_1_853' title='bbox 2604 5453 2825 5519; x_wconf 91' lang='lat' dir='ltr'><strong><em>videre,</em></strong></span> <span class='ocrx_word' id='word_1_854' title='bbox 2858 5452 3184 5508; x_wconf 90' lang='lat' dir='ltr'><strong><em>intercessit</em></strong></span> <span class='ocrx_word' id='word_1_855' title='bbox 3210 5468 3224 5518; x_wconf 92' lang='lat'>;</span> <span class='ocrx_word' id='word_1_856' title='bbox 3250 5452 3562 5522; x_wconf 91' lang='lat' dir='ltr'><strong><em>quomodo</em></strong></span> 
     </span>
    </p>
   </div>
   <div class='ocr_carea' id='block_1_121' title="bbox 1905 5541 3564 5614">
    <p class='ocr_par' dir='ltr' id='par_1_121' title="bbox 1905 5541 3564 5614">
     <span class='ocr_line' id='line_1_121' title="bbox 1905 5541 3564 5614; baseline -0.003 -12"><span class='ocrx_word' id='word_1_857' title='bbox 1905 5546 2086 5602; x_wconf 89' lang='lat' dir='ltr'><strong><em>etiam</em></strong></span> <span class='ocrx_word' id='word_1_858' title='bbox 2109 5545 2270 5602; x_wconf 91' lang='lat' dir='ltr'><strong><em>dicta</em></strong></span> <span class='ocrx_word' id='word_1_859' title='bbox 2295 5559 2522 5608; x_wconf 86' lang='lat' dir='ltr'><strong><em>eorum,</em></strong></span> <span class='ocrx_word' id='word_1_860' title='bbox 2549 5548 2605 5599; x_wconf 89' lang='lat' dir='ltr'><strong><em>et</em></strong></span> <span class='ocrx_word' id='word_1_861' title='bbox 2631 5544 2772 5600; x_wconf 89' lang='lat' dir='ltr'><strong><em>item</em></strong></span> <span class='ocrx_word' id='word_1_862' title='bbox 2801 5542 3036 5598; x_wconf 89' lang='lat' dir='ltr'><strong><em>Domini</em></strong></span> <span class='ocrx_word' id='word_1_863' title='bbox 3067 5542 3278 5614; x_wconf 87' lang='lat' dir='ltr'><strong><em>ipsius,</em></strong></span> <span class='ocrx_word' id='word_1_864' title='bbox 3315 5557 3450 5614; x_wconf 67' lang='lat' dir='ltr'><strong><em>quas</em></strong></span> <span class='ocrx_word' id='word_1_865' title='bbox 3481 5541 3564 5598; x_wconf 90' lang='lat' dir='ltr'><strong><em>illi</em></strong></span> 
     </span>
    </p>
   </div>
   <div class='ocr_carea' id='block_1_122' title="bbox 1908 5631 3564 5706">
    <p class='ocr_par' dir='ltr' id='par_1_122' title="bbox 1908 5631 3564 5706">
     <span class='ocr_line' id='line_1_122' title="bbox 1908 5631 3564 5706; baseline -0.003 -14"><span class='ocrx_word' id='word_1_866' title='bbox 1908 5651 1980 5693; x_wconf 80' lang='lat' dir='ltr'><strong><em>ex</em></strong></span> <span class='ocrx_word' id='word_1_867' title='bbox 1998 5651 2070 5692; x_wconf 91' lang='lat' dir='ltr'><strong><em>eo</em></strong></span> <span class='ocrx_word' id='word_1_868' title='bbox 2088 5635 2422 5700; x_wconf 86' lang='lat' dir='ltr'><strong><em>audierant,</em></strong></span> <span class='ocrx_word' id='word_1_869' title='bbox 2446 5633 2722 5701; x_wconf 88' lang='lat' dir='ltr'><strong><em>recitarit;</em></strong></span> <span class='ocrx_word' id='word_1_870' title='bbox 2740 5633 2903 5701; x_wconf 89' lang='lat' dir='ltr'><strong><em>item,</em></strong></span> <span class='ocrx_word' id='word_1_871' title='bbox 2919 5647 3055 5706; x_wconf 70' lang='lat' dir='ltr'><strong><em>quas</em></strong></span> <span class='ocrx_word' id='word_1_872' title='bbox 3073 5631 3148 5689; x_wconf 92' lang='lat' dir='ltr'><strong><em>de</em></strong></span> <span class='ocrx_word' id='word_1_873' title='bbox 3165 5631 3483 5688; x_wconf 87' lang='lat' dir='ltr'><strong><em>virtutibus</em></strong></span> <span class='ocrx_word' id='word_1_874' title='bbox 3506 5635 3564 5688; x_wconf 92' lang='lat' dir='ltr'><strong><em>et</em></strong></span> 
     </span>
    </p>
   </div>
  </div>
