4040 6224
545 263 678 322 1051

1845 267 2103 328 NICEPH
2111 267 2236 326 OB!
2275 219 2593 328 CiALLIS'l‘I

3735 275 3856 332 1052

541 389 830 446 doctrinis
849 391 977 464 ejus
993 391 1208 450 dixerit
1223 412 1238 456 :
1259 396 1322 450 ut
1335 394 1594 468 denique
1609 395 1970 469 Polycarpus
1985 395 2191 452 omnia

2299 397 2495 469 νοξμεων
2524 395 2685 450 αὑτοῦ
2713 409 2728 426 “
2783 399 3018 469 καὶπερὶ
3053 403 3146 458 τῆς
3195 392 3550 460 διδασκαλίας
3575 415 3592 432 ·
3639 399 3700 459 ὣς
3735 403 3859 474 παρὰ

541 495 580 536 a
617 481 1053 552 spectatoribus
1083 483 1226 556 ipsis
1257 484 1390 541 vitm
1425 485 1600 542 Verbi
1637 489 1906 558 accepta,
1945 487 2001 542 et
2041 485 2188 542 Scri-

539 569 732 640 pturis
774 572 1166 629 consonantia
1213 575 1553 632 memoriter
1595 575 1811 632 referre
1852 574 2057 631 solitus
2093 573 2187 629 sit.

541 657 676 714 Haec
705 663 834 714 tum
867 675 969 731 per
1001 677 1134 717 eam
1166 679 1300 735 quas
1333 664 1476 720 mihi
1506 679 1792 720 concessa
1821 669 1912 720 est
1941 663 2045 720 Dei
2075 663 2191 719 mi-

543 747 947 819 sericordiam,
980 751 1289 822 diligenter
1318 759 1374 808 et
1405 753 1671 810 studiose
1702 753 1925 818 audivi,
1959 768 2192 809 memo-

537 837 642 892 τίω
671 838 970 894 mandans
1009 855 1130 897 non
1169 841 1230 898 in
1269 843 1496 909 charta,
1543 845 1652 900 sed
1695 844 1756 898 in
1805 844 1983 898 corde
2019 857 2186 908 meo;

536 939 668 996 quae
695 925 1026 984 etiamnum
1053 945 1290 1004 semper
1317 947 1423 1004 per
1453 932 1706 1002 gratiam
1739 933 1840 988 Dei
1871 931 2099 987 sincere
2127 931 2190 986 in

535 1012 751 1070 intimo
800 1032 975 1072 verso
1021 1025 1199 1092 atque
1247 1021 1488 1078 revolvo
1537 1023 1761 1078 animo.
1803 1024 1870 1076 Et
1923 1019 2190 1092 profecto

538 1101 842 1161 afﬁrmare
871 1113 928 1162 et
957 1109 1156 1166 testari
1183 1125 1433 1182 possum
1463 1111 1524 1166 in
1545 1115 1864 1182 conspectu
1887 1109 2004 1176 Dei,
2025 1107 2192 1181 quod

540 1191 590 1246 si
629 1193 776 1266 quid
819 1195 934 1252 tale
983 1199 1311 1256 audivisset
1347 1200 1560 1257 beatus
1597 1201 1692 1258 ille
1731 1207 1785 1258 et
1825 1199 2190 1273 apostolicus

537 1281 870 1354 presbyter,
901 1286 1266 1354 exclamans,
1296 1294 1350 1346 et
1371 1307 1548 1346 aures
1573 1291 1888 1355 obturans,
1917 1289 2192 1361 frequen-

539 1369 778 1444 tiusque
821 1383 1176 1447 usurpatum
1217 1379 1362 1436 illud
1403 1381 1514 1436 sibi
1557 1382 1805 1438 verbum
1835 1379 2190 1442 vociferans,

537 1459 784 1518 dixisset
813 1480 826 1518 :
861 1465 1039 1538 330
1071 1468 1114 1524 Ο
1145 1467 1303 1524 bone
1333 1470 1506 1538 Deus,
1538 1469 1600 1525 in
1631 1485 1765 1542 quae
1797 1474 2070 1540 tempora
2099 1481 2195 1522 me

541 1553 926 1618 conservasti,
959 1561 1024 1610 ut
1061 1556 1188 1612 haec
1230 1558 1601 1616 sustineam?
1636 1576 1708 1616 ex
1743 1575 1814 1616 eo
1847 1558 2028 1614 etiam
2065 1570 2197 1626 pro-

537 1635 792 1710 fugisset
817 1641 972 1710 loco,
1007 1643 1108 1700 ubi
1139 1645 1228 1702 vel
1259 1647 1493 1714 sedens,
1524 1648 1620 1704 vel
1650 1653 1817 1704 stans
1845 1641 2198 1716 hujusmodi

535 1727 864 1818 audivisset
887 1748 1248 1792 sermonem.
1277 1737 1390 1794 Sed
1415 1744 1472 1798 et
1491 1753 1564 1794 ex
1583 1737 1846 1810 epistolis
1873 1735 1923 1808 ej
1935 1751 2022 1800 us,
2041 1745 2195 1806 quas
2227 1761 2272 1818 Β

540 1817 632 1874 vel
680 1819 756 1876 ad
806 1821 1033 1878 vicinas
1064 1825 1368 1894 ecclesias,
1415 1843 1518 1884 eas
1563 1826 1949 1890 conﬁrmans,
1987 1821 2079 1878 vel
2120 1820 2200 1878 ad

533 1906 749 1964 fratres
787 1914 1108 1984 quosdam,
1145 1931 1248 1971 eos
1296 1915 1598 1974 instruens
1635 1921 1690 1972 et
1727 1915 1968 1980 docens,
2011 1910 2193 1976 dedit,

533 1998 766 2069 puritas
805 2001 1090 2058 doctrinae
1133 2003 1262 2073 ejus
1302 2005 1496 2076 colligi
1535 2009 1747 2078 potest.
1783 2025 1810 2056 π)
1849 2007 1982 2060 Haec
2021 2004 2096 2060 de
2125 2003 2196 2058 iis

533 2088 639 2160 qui
661 2091 863 2146 Roma:
877 2089 1200 2150 Ecclesiam
1224 2101 1676 2166 oppugnarunt,
1691 2096 1768 2152 ab
1787 2111 1859 2152 ea
1879 2095 2192 2166 segregati.

1149 2201 1280 2258 CAP
1291 2204 1374 2258 UT
1409 2203 1589 2259 XXXI.

531 2303 618 2358 De
647 2303 982 2375 Hippolyto
1011 2307 1228 2363 Portus
1267 2309 1432 2365 urbis
1471 2311 1668 2366 Romae
1705 2311 1994 2380 episcopo,
2037 2313 2092 2366 et
2119 2308 2192 2366 de

1081 2381 1321 2449 scriptis
1360 2383 1642 2450 ejusdem.

605 2481 997 2553 Temporibus
1065 2487 1262 2542 Severi
1329 2488 1676 2562 Hippolytus
1737 2489 1916 2545 etiam
1981 2491 2188 2545 Portus

535 2573 783 2627 Romani
821 2574 1140 2646 episcopus
1183 2575 1382 2632 ﬂoruit
1413 2595 1426 2630 :
1459 2579 1566 2650 qui
1597 2595 1736 2634 cum
1774 2579 1892 2635 alia
1929 2579 2190 2650 plurima

535 2661 760 2732 scripta
787 2663 1111 2734 prudenter
1135 2669 1192 2721 et
1219 2667 1390 2722 docte
1415 2667 1616 2732 edidit,
1643 2675 1765 2724 tum
1798 2669 1872 2724 de
1901 2669 2188 2724 Paschate

531 2749 748 2804 librum
789 2755 1146 2824 composuit,
1179 2755 1239 2810 in
1271 2772 1390 2828 quo
1417 2757 1818 2829 descriptione
1849 2763 2189 2829 temporum

535 2843 590 2894 et
635 2839 810 2894 veluti
851 2843 1156 2898 Fastorum
1199 2845 1360 2912 inita,
1394 2851 1451 2901 et
1491 2863 1720 2902 canone
1759 2863 2058 2904 annorum
2103 2863 2190 2904 se-

535 2927 731 2982 decim
755 2929 826 2983 de
853 2930 1140 2988 Paschate
1164 2935 1492 3006 proposito,
1523 2937 1813 2991 rationem
1844 2941 2187 3008 temporum

537 3031 730 3088 usque
751 3019 826 3074 ad
855 3025 1114 3091 primum
1139 3037 1364 3079 annum
1387 3025 1706 3082 Alexandri
1732 3026 1991 3082 deducit.
2023 3027 2188 3082 Cata-

2298 491 2398 536 τῶν
2459 484 2726 538 αὐτοπτῶν
2777 492 2869 546 τῆς
2927 485 3063 546 ζωῆς
3111 493 3206 538 τοῦ
3277 489 3452 557 Λόγου
3517 485 3858 562 παρειληφὼςό

2299 573 2639 647 Πολύκαρπος
2695 572 2979 646 ἀπήγγειλε
3051 576 3223 628 πάντα
3293 577 3546 648 σύμφωνα
3597 583 3707 636 ταῖς
3757 583 3857 652 Γρα-

2299 669 2438 736 φαῑς.
2467 669 2650 736 Ταῦτα
2678 667 2770 716 καὶ
2811 666 2928 715 τότε
2959 659 2993 715 δ
2999 664 3054 715 ιὰ
3089 667 3148 716 τὸ
3185 663 3323 727 ἵλεος
3357 672 3454 716 τοῦ
3479 671 3612 718 Θεοῦ
3657 669 3713 717 τὸ
3741 686 3860 739 γεγο-

2297 755 2382 815 νὸς
2435 751 2512 804 ἐπ’
2561 753 2676 825 ἐμοὶ
2740 748 3041 812 σπουδαίως
3095 755 3286 810 ἤκουον
3354 753 3860 828 ὑποπνηματιζόμινος

2299 841 2434 894 αὐτὰ
2479 841 2574 894 οῦκ
2603 839 2651 894 ἐν
2697 843 2899 915 χάρτρ,
2938 839 3046 894 ἀλλ’
3079 841 3128 894 ἐν
3167 850 3229 916 τῇ
3271 840 3366 916 ἐμῇ
3419 839 3620 916 καρδίᾳ
3650 859 3664 874 ·
3695 849 3778 898 καὶ
3803 847 3858 899 ἁ.ιὶ

2300 927 2396 984 διὰ
2445 935 2538 990 τὴν
2589 932 2752 1004 χάριν
2781 939 2874 984 τοῦ
2925 939 3061 984 Θεοῦ
3105 936 3334 1003 γνησίως
3363 932 3501 985 αῦτὰ
3555 933 3860 1009 ἀναμαρυκῶ-

2298 1041 2416 1092 μαι.
2477 1025 2580 1074 Καὶ
2633 1017 2865 1093 δύναμαι
2925 1016 3394 1096 διαμαρτύρασθαι
3469 1023 3752 1098 ἔμπροσθεν
3793 1031 3861 1076 τοῦ

2301 1116 2454 1176 Θεοῦ,
2487 1110 2572 1162 ὃτι
2621 1112 2666 1162 εἶ
2709 1129 2762 1162 τι
2789 1117 3024 1162 τοιοῦτον
3077 1108 3294 1168 ἀκηκόει
3341 1109 3534 1174 ἐκεῖνος
3577 1112 3604 1162 ὁ
3645 1113 3862 1184 μακάριος

2299 1203 2390 1252 καὶ
2469 1197 2818 1260 ἁποστολικὸς
2875 1197 3247 1274 πρεσϐύτερος,
3330 1199 3624 1273 ἀνακράξας
3695 1199 3750 1252 ἂν
3797 1207 3864 1254 καὶ

2303 1287 2566 1362 ἐμφράξας
2615 1290 2682 1340 τὰ
2729 1285 2838 1340 ὦτα
2883 1287 3066 1352 αὐτοῦ,
3101 1293 3190 1340 καὶ
3238 1290 3378 1342 κατὰ
3403 1291 3463 1342 τὸ
3496 1290 3714 1352 σύνηθες
3757 1289 3863 1360 αὐτῷ

2303 1377 2478 1445 εἰπὼν,
2511 1377 2580 1428 Ὢ
2625 1375 2747 1429 καλε
2785 1379 2894 1444 Θεε,
2943 1377 3014 1440 εἰς
3044 1378 3187 1440 οῐους
3231 1397 3296 1450 με
3343 1381 3564 1452 καιροὺς
3591 1383 3864 1452 τετήρηκας,

2305 1469 2388 1520 ἱνα
2441 1469 2638 1520 τούτων
2686 1465 3004 1539 ἀνέχωμαι;
3063 1469 3312 1539 πεφεύγοι
3355 1466 3418 1518 ἂν
3462 1471 3558 1520 καὶ
3615 1471 3699 1521 τὸν
3743 1473 3866 1520 τόπον

2305 1555 2354 1609 ἐν
2511 1556 2849 1630 καθεζόμενος
2895 1557 2925 1616 ἡ
2985 1555 3168 1620 ἑστὼς,
3237 1559 3323 1608 τόν
3377 1563 3615 1608 τοιοῦτον
3691 1554 3868 1614 ἀκηκόει

2304 1645 2476 1718 λόγον.
2521 1649 2618 1699 Καὶ
2651 1644 2708 1697 ἔκ
2747 1653 2850 1700 τῶν
2895 1644 3180 1698 ἓπιστολῶν
3235 1641 3296 1698 δὲ
3349 1645 3511 1698 αὐτοῦ
3567 1642 3634 1698 ὧν
3685 1643 3870 1698 ἐπέστει-

2305 1734 2384 1788 λεν
2457 1739 2576 1796 ἤτοι
2621 1741 2732 1796 ταῖς
2785 1739 3118 1806 γειτνιώσαις
3205 1733 3514 1797 ἐκκλησίαις
3567 1733 3866 1808 ἐπιστηρςίων

2306 1823 2486 1892 αὐτὰς,
2545 1825 2574 1886 ᾖ
2621 1832 2719 1877 τῶν
2769 1821 3003 1897 ἀδελφῶν
3049 1843 3184 1892 τισι,
3238 1826 3490 1878 νουθετῶν
3575 1824 3758 1886 αὐτοὺς
3799 1827 3866 1877 καὶ

2305 1917 2734 1989 προτρεπόμενος,
2769 1909 2992 1967 δύναται
3025 1915 3402 1986 φανερωθῆναι.
3445 1935 3476 1964 ››
3531 1913 3690 1966 Ἀλλὰ
3737 1921 3868 1966 ταῦτα

2302 2006 2394 2077 μὲν
2449 2008 2540 2057 καὶ
2592 2009 2711 2078 περὶ
2764 2010 2864 2058 τῶν
2913 2001 2963 2055 ἄν
3013 2006 3182 2076 Ῥώμῃ
3236 2003 3289 2066 ἐξ
3361 2005 3590 2066 ἐναντίας
3657 1999 3692 2056 δ
3695 2021 3864 2078 ιαφερο-

2300 2095 2486 2166 μένων.

2894 2204 3137 2254 ΚΕΦΔΛ.
3169 2199 3302 2255 AA'.

2299 2311 2453 2385 Περὶ
2487 2305 2874 2361 Ἱππολύτου
2913 2311 3172 2385 Πόρτου.
3218 2305 3461 2385 πόλεως
3499 2303 3741 2378 Ῥώμης
3771 2301 3869 2358 καὶ

2617 2387 2737 2432 τῶν
2777 2377 3302 2451 συγγραμμάτων
3341 2377 3564 2434 αὐτοῦ.

2365 2491 2487 2546 Τοῖς
2545 2481 2604 2538 δὲ
2659 2487 2798 2537 κατὰ
2849 2493 3072 2560 Σευῆρον
3119 2489 3338 2558 χρόνοις
3387 2489 3484 2538 καὶ
3539 2483 3861 2546 Ἱππόλυτοςὸ

2297 2577 2498 2646 Πόρτου
2579 2583 2675 2636 τῆς
2727 2573 2924 2646 Ῥώμης
2989 2573 3276 2636 ἐπίσκοπος
3357 2578 3592 2646 γεγονὼς
3647 2573 3863 2646 ἀκμάζων

2295 2659 2381 2721 ἧν.
2439 2667 2540 2717 Καὶ
2593 2659 2662 2722 δὴ
2695 2664 2891 2716 πολλῶν
2922 2665 3310 2736 ὑπομνημάτων
3357 2671 3586 2716 συνετῶν
3624 2663 3761 2734 αὐτῷ
3791 2681 3866 2734 γι-

2293 2757 2623 2826 γραμμένων,
2668 2757 2758 2804 καὶ
2803 2757 2859 2806 τὸ
2897 2758 3016 2828 περὶ
3061 2761 3155 2805 τοῦ
3203 2753 3404 2824 Ποίσχα
3461 2751 3720 2806 ἐκτίθεται
3761 2753 3867 2822 σύγ.

2293 2861 2533 2914 γραμμα,
2605 2839 2654 2893 ἓν
2801 2849 2900 2893 τῶν
2957 2845 3162 2914 χρόνων
3243 2839 3550 2916 ἀναγραφὴν
3609 2842 3862 2912 ἓκθίμενος,

2295 2935 2386 2982 καὶ
2435 2949 2550 2983 τινα
2603 2934 2794 2983 κανόνα
2868 2927 3390 3004 ἐκκαιδεκαετηρίδος
3465 2934 3584 3004 περὶ
3643 2937 3729 2982 τοῦ
3777 2929 3868 2981 Πιξ-

2297 3037 2413 3092 σχα
2447 3021 2677 3094 προθεὶς,
2729 3018 2812 3072 ίπὶ
2855 3022 2913 3071 τὸ
2951 3027 3154 3094 πρῶτον
3193 3021 3298 3080 ἔτος
3353 3015 3702 3094 Ἀλεξάνδρου
3743 3037 3866 3092 περι-

533 3105 708 3177 logus
741 3106 1030 3165 librorum
1057 3111 1187 3182 ejus
1218 3113 1301 3168 sic
1331 3113 1513 3170 habet
1545 3131 1558 3170 :
1588 3115 1755 3172 Liber
1781 3117 1844 3171 in
1870 3117 2190 3172 Hexaeme-

2298 3111 2480 3183 γράφει
2531 3112 2648 3169 τοὺς
2697 3113 2944 3182 χρόνους.
2999 3110 3080 3161 Td
3142 3127 3200 3180 γε
3253 3111 3352 3180 μὴν
3408 3108 3574 3162 αῦτοῦ
3627 3109 3867 3182 συγγράμ-

535 3211 686 3266 ron;
710 3201 768 3252 et
790 3198 938 3254 alter
957 3207 1092 3269 post
1119 3203 1550 3270 Hexaemeron,
1579 3205 1957 3262 refutatorius
1981 3211 2190 3261 contra

535 3285 929 3359 Marcionem;
979 3289 1053 3344 In
1097 3291 1407 3348 Canticum
1455 3295 1840 3360 canticorum,
1879 3294 1942 3350 in
1989 3298 2189 3364 partes

531 3373 878 3442 Ezechielis,
894 3376 968 3434 de
981 3378 1289 3446 Paschate,
1305 3397 1460 3452 opus
1481 3383 1706 3439 Contra
1725 3384 1967 3441 hareses
1979 3399 2191 3439 omnes

533 3461 708 3534 longe
741 3465 1146 3534 utilissimum,
1177 3471 1264 3526 De
1291 3471 1550 3528 adventu
1578 3473 1948 3540 Antichristi,
1985 3475 2072 3530 De
2105 3491 2193 3531 re-

533 3555 902 3612 surrectione
923 3574 944 3620 ;
973 3564 1026 3612 et
1069 3557 1186 3614 alia
1227 3559 1487 3631 plurima
1521 3581 1534 3620 :
1565 3561 1637 3618 In
1677 3563 2066 3630 Zachariam,
2111 3565 2193 3620 De

533 3641 812 3710 Psalmis,
827 3645 890 3699 in
913 3645 1156 3714 Isaiam,
1171 3649 1232 3704 in
1259 3651 1562 3708 Danielem
1582 3653 1601 3720 (
1615 3657 1626 3704 t
1643 3653 1676 3720 ),
1699 3653 1786 3708 De
1805 3653 2190 3723 Apocalypsi,

533 3731 620 3786 De
647 3732 1008 3800 Proverbiis,
1049 3735 1134 3793 De
1171 3739 1326 3794 Saul
1365 3746 1420 3795 et
1466 3739 1769 3810 Pythone;
1801 3741 1884 3797 De
1914 3743 2191 3798 laudibus

531 3821 771 3877 Domini
807 3824 1004 3879 nostri
1037 3827 1208 3882 Jesus
1247 3827 1488 3896 Christi,
1529 3829 1603 3884 de
1641 3829 1863 3902 quibus
1901 3837 2192 3902 praesente

535 3911 785 3981 Origene
816 3929 1156 3970 sermonem
1185 3913 1416 3973 habuit.
1445 3917 1734 3983 Qutedam
1765 3935 1942 3990 porro
1974 3921 2194 3992 scripta

533 3999 664 4070 ejus
719 4017 858 4056 cum
905 4003 1366 4074 reprehensione
1415 4021 1536 4062 non
1585 4013 1848 4074 careant,
1905 4009 2193 4082 martyrio

529 4091 744 4158 postea
795 4105 903 4161 pro
953 4090 1164 4147 Christi
1205 4094 1448 4150 nomine
1494 4095 1790 4163 absoluto,
1841 4097 2192 4167 ignorantia;

531 4175 660 4246 ejus
697 4177 999 4235 maculam
1031 4180 1266 4237 detrivit
1297 4187 1476 4256 atque
1507 4185 1767 4241 detersit.
1803 4187 1966 4242 Unde
1998 4188 2196 4258 Orige-

531 4279 672 4320 nem
725 4267 889 4323 aiunt
948 4267 1182 4326 initium
1235 4271 1816 4330 Commentariorum
1871 4276 1932 4332 in
1985 4293 2192 4333 sacras

533 4354 868 4426 Scripturas
903 4357 1358 4418 scribendorum
1396 4362 1746 4434 sumpsisse.
1781 4363 1916 4421 Haec
1954 4365 2028 4423 de
2059 4367 2196 4440 Hip-

530 4445 738 4516 polyto
775 4445 874 4518 (2).

1036 4627 1206 4700 331
1245 4629 1472 4688 CAPUT
1501 4633 1696 4690 XXXII.

531 4731 612 4788 De
631 4735 916 4816 Panlazno
935 4738 980 4816 Α
993 4740 1351 4816 ίεᾳῖαηιίνὶηο
1371 4743 1746 4816 philosopho,
1765 4747 1893 4802 viro
1915 4747 2196 4814 apostoli-

600 4821 686 4872 co,
720 4811 786 4884 et
830 4809 904 4884 de
939 4811 1138 4868 divino
1177 4809 1426 4884 prorsus
1474 4809 1788 4873 sacrarum
1830 4809 2192 4876 Litterarum

601 4879 792 4934 studio
834 4883 984 4952 ejus.

603 4987 919 5043 Pantmnus
942 4990 1119 5048 etiam
1142 4991 1430 5065 sapientia
1453 4995 1670 5062 clarus,
1691 4995 1804 5052 sub
1831 4997 2189 5062 Commodo.

530 5073 752 5165 divinae
801 5079 964 5149 apud
1011 5081 1435 5140 Alexandriam
1489 5085 1724 5156 praefuit
1769 5085 2012 5151 scholae,
2059 5087 2186 5158 jam

529 5165 673 5222 Inde
711 5169 790 5223 ab
827 5169 1076 5242 antiquo
1117 5188 1427 5230 sacrarum
1465 5173 1550 5230 ibi
1591 5175 1946 5231 Litterarum
1987 5175 2189 5232 studio

531 5255 803 5324 ﬂorenti;
837 5259 1002 5330 quod
1037 5275 1182 5317 sane
1211 5261 1289 5318 ad
1323 5263 1511 5320 multa
1549 5263 1725 5320 etiam
1767 5264 2005 5321 duravit
2045 5271 2190 5321 tem-

530 5363 701 5420 pora,
743 5349 944 5406 multis
988 5349 1139 5407 inter
1175 5368 1238 5408 se
1279 5353 1338 5408 in
1374 5353 1540 5410 omni
1584 5369 1799 5424 genere
1842 5353 2190 5427 disciplina-

603 5511 681 5587 (l)
726 5515 1080 5588 Hippolytus
1119 5514 1178 5588 in
1216 5513 1483 5588 visiones
1513 5513 1771 5588 Danielis
1812 5516 2188 5588 Commenta-

531 5583 688 5647 rium
723 5583 976 5661 scripsit,
1024 5591 1082 5644 et
1113 5586 1174 5644 in
1209 5585 1528 5646 Proverbia
1570 5586 1926 5646 Salomonis.
1971 5587 2186 5661 (Suid.)

2296 3217 2438 3270 ματα
2488 3199 2654 3250 ταῡτοί
2681 3197 2784 3250 εἰσι
2817 3217 2830 3231 ·
2867 3195 3121 3250 Βιϐλίον
3161 3197 3266 3258 Εἰς
3304 3201 3419 3256 τὸν
3458 3197 3865 3270 Ἑξαήμερον·

2297 3288 2464 3362 ἕτερον
2519 3287 2625 3349 Εἰς
2685 3288 2761 3340 τὰ
2815 3288 2978 3360 μετὰ
3043 3285 3484 3360 Ἐξαήμερον·
3537 3285 3870 3362 ἂντιῤῥητικός

2297 3375 2872 3448 πρόςΜαρκίωνα.Εἰς
2907 3377 2977 3427 τὸ
3015 3373 3229 3448 ’ᾼσμα
3267 3383 3392 3428 τῶν
3431 3373 3870 3448 ᾁσμοίτωνἘὶς

2297 3469 2454 3538 μέρη
2495 3471 2607 3518 τοῦ
2645 3465 2987 3528 Ἰεζεκιήλ·
3015 3469 3167 3539 Περὶ
3199 3471 3309 3517 τοῦ
3337 3465 3872 3536 Πάσχωσύνταγμι

2301 3557 2466 3626 ῐΙρὸς
2504 3555 2722 3614 πάσας
2759 3556 2872 3615 τὰς
2909 3555 3198 3627 αἱρέσεις
3237 3551 3650 3627 βιωφελέστατον
3683 3572 3698 3584 ·
3747 3555 3872 3628 Περὶ

2301 3651 2416 3705 τῆς
2451 3647 2822 3719 παρουσίας
2859 3651 2970 3696 τοῦ
3009 3643 3511 3717 Ἀντιχρίστου·
3539 3647 3692 3716 Περὶ
3721 3641 3874 3694 ἀνασ-

2299 3733 2550 3794 τάσεως
2580 3747 2592 3762 ·
2619 3736 2709 3784 καὶ
2737 3731 2866 3784 ἄλλα
2895 3731 3116 3785 πλεῖστα
3149 3749 3162 3762 ·
3193 3731 3303 3794 Εἰς
3339 3737 3682 3807 Ζαχαρίαν
3709 3750 3723 3764 ·
3745 3733 3872 3802 Περὶ

2299 3819 2570 3893 ψαλμῶν
2601 3841 2620 3856 ο
2669 3821 2770 3882 Εἰς
2805 3823 2921 3874 τόν
2959 3820 3228 3874 Ἠσαίαν
3277 3841 3294 3855 ·
3339 3821 3440 3882 Et;
3479 3825 3588 3873 τὸν
3629 3819 3870 3878 Δανιὴλ·

2303 3915 2457 3984 Περὶ
2497 3909 3032 3981 Ἀποιιαλῦτιῑσεως⁸
3075 3915 3228 3982 Περὶ
3271 3915 3692 3984 Παροιμιῶν·
3743 3910 3872 3980 Περὶ

2303 3998 2509 4052 Σαοὺλ
2547 4004 2651 4052 καὶ
2693 4001 2988 4060 Πύθωνος
3019 4015 3034 4030 °
3085 4003 3246 4072 Περὶ
3307 4001 3592 4052 ἐπαίνων
3649 4007 3744 4052 τοῦ
3781 4005 3872 4052 Κυ-

2300 4093 2444 4163 ρίου
2483 4090 2658 4161 ἠμῶν
2697 4089 2913 4148 Ἰησοῦ
2951 4095 3275 4164 Χριστοῦ·
3301 4087 3350 4140 ἐν
3375 4085 3454 4150 οἷς
3482 4093 3736 4162 παρόντος
3758 4088 3872 4160 Ὠρι-

2299 4181 2480 4250 γένους
2509 4178 2760 4250 ὡμίλησε.
2787 4181 2914 4231 Τινὰ
2941 4174 3001 4231 δὲ
3029 4186 3128 4231 τῶν
3154 4179 3584 4252 συγγραμμάτων
3613 4175 3871 4248 ἕπιλήψιμα

2302 4268 2462 4338 ἔχων,
2493 4274 2566 4337 τῷ
2607 4267 2733 4340 ὑπὲρ
2761 4273 2998 4341 Χριστοῦ
3029 4271 3302 4340 μαρτυρίῳ
3333 4267 3465 4338 μετὰ
3512 4273 3681 4319 ταῦτα
3707 4263 3872 4318 τελειω-

2303 4357 2428 4422 θεὶς,
2457 4357 2546 4407 τόν
2575 4363 2670 4417 τῆς
2713 4354 2924 4427 ἀγνοίας
2955 4355 3276 4428 ἀπετρίψατο
3304 4363 3505 4428 μῶμον.
3559 4354 3647 4418 Ἐξ
3675 4355 3740 4406 ὧν
3767 4369 3870 4426 φασι

2227 4485 2273 4542 D
2301 4449 2393 4496 καὶ
2433 4443 2700 4516 Ὠριγίνην
2731 4443 2906 4520 ἀρχὴν
2938 4443 3227 4517 ἔσχηκέναι
3255 4450 3369 4506 ταῖς
3417 4446 3586 4508 θείαις
3615 4441 3868 4498 ἐπιϐάλλειν

2305 4539 2552 4606 Γραφαῖς.
2583 4540 2830 4586 Τοσαῦτα
2867 4530 2926 4586 δὲ
2965 4538 3054 4586 καὶ
3082 4536 3149 4586 τὰ
3183 4533 3512 4590 Ἱππολύτου.

2889 4641 3110 4695 ΚΕΦΛΛ
3125 4685 3138 4698 .
3185 4639 3314 4696 AB’.

2307 4753 2468 4824 Περὶ
2507 4755 2617 4802 τοῦ
2655 4751 2714 4801 ἐν
2758 4746 3214 4824 έΑλεξαν-δρείᾳ
3250 4752 3620 4824 Πανταίνου
3659 4753 3763 4802 τοῦ
3801 4763 3868 4816 φι-

2373 4817 2674 4894 λοσόφου,
2740 4817 3200 4894 *ἀποστολίκοῦ
3271 4817 3550 4894 ἀνδρὸς·
3615 4825 3722 4894 καί
3779 4823 3866 4874 τῆς

2375 4897 2517 4968 περὶ
2543 4887 2704 4954 ’τοὺς
2739 4891 2972 4965 λόγους
3009 4891 3223 4946 ἐνθέου
3264 4887 3465 4944 αὐτοῦ
3509 4887 3812 4949 σπουδῆς-

2377 5004 2476 5054 Καὶ
2533 5001 2560 5052 ὀ
2612 4997 2768 5061 πολὺς
2819 4997 2878 5052 δε
2924 5003 3018 5058 τὴν
3077 5005 3224 5053 σοίαν
3269 5001 3553 5062 Πάνταινος
3604 4998 3689 5052 ἐπὶ
3737 4997 3866 5066 Κατιό-

2305 5085 2402 5142 δου
2433 5097 2524 5150 τῆς
2569 5089 2684 5140 κατ’
2741 5085 3131 5163 Ἀλεξάνδρειαν
3182 5091 3322 5151 θείας
3367 5089 3546 5161 ἠγεῖτο
3595 5083 3860 5162 διατριϐῆς,

2303 5181 2405 5232 ἔθει
2451 5177 2661 5251 ἀρχαίῳ
2711 5177 2846 5252 ἱεροῦ
2903 5174 3276 5230 διδασκαλείου
3316 5177 3482 5231 ἐκεῖσε
3532 5173 3601 5236 δὴ
3649 5175 3863 5228 συνὲπῶ

2300 5287 2385 5328 τος
2417 5283 2432 5298 ⁸
2493 5267 2519 5319 ὃ
2557 5271 2646 5319 καὶ
2699 5269 2778 5320 ἰπὶ
2824 5267 2954 5320 πολὺ
3011 5275 3105 5320 τοῦ
3193 5271 3388 5340 χρόνου
3441 5272 3728 5340 προήνεγκε
3791 5267 3861 5319 τῆς

2299 5360 2417 5432 περὶ
2465 5357 2590 5418 τοὺς
2635 5355 2814 5428 λόγους
2864 5352 3124 5422 σπουδῆς,
3164 5356 3362 5409 πολλῶν
3417 5355 3642 5410 ἐνταῦθα
3687 5353 3858 5422 τιθεμέ-

2370 5519 2446 5590 (2)
2487 5515 2672 5592 Hujus
2696 5517 3041 5592 passionem
3073 5518 3306 5592 hymno
3334 5516 3650 5590 prolixiora
3677 5525 3852 5590 prose-

2299 5589 2472 5648 cutus
2499 5594 2592 5647 est
2615 5589 2990 5648 Prudentius.
