4000 6220
127 285 274 342 1053

1188 286 1766 348 ECCLESIASTICE
1802 287 2160 350 HISTORIA?)
2198 289 2331 346 LIB.
2374 291 2467 347 IV.

3342 283 3484 347 1054

116 432 215 464 νων
246 416 335 472 τὴν
388 411 629 484 ἅμιλλαν.
671 413 759 468 Ἐν
811 409 871 466 δὲ
907 419 1014 477 τοῖς
1045 418 1251 470 πώποτε
1278 421 1368 469 καὶ
1408 424 1588 470 τοῦτον
1641 413 1709 479 δὴ

1821 430 1956 472 rum
1976 415 2358 473 aemulatione
2380 419 2881 476 concertantibus.
2911 420 3065 476 inter
3091 420 3318 474 veteres
3348 416 3482 473 illos

119 498 335 576 σφόδρα
361 498 811 577 διαθρυλληθῆναι
840 503 1010 574 λόγος,
1057 504 1137 556 οἵτ’
1178 503 1233 557 ἔκ
1282 515 1373 567 τῆς
1420 515 1519 558 τῶν
1558 513 1715 559 Στωῑ-

116 598 219 642 κῶν
289 590 570 663 φιλοσόφου
647 588 925 665 διατριϐῆς
1001 592 1085 647 ἐπὶ
1146 596 1286 647 τοῦτ’
1341 594 1710 650 ἀποκλίναντα.

115 682 394 738 Τοσαύτην
455 677 515 732 δέ
557 700 685 752 φασι
733 679 973 741 σπουδὴν
1021 683 1413 756 εἰσενέγκασθαι
1450 688 1538 737 τὸν
1582 687 1712 739 θεῖον

115 769 417 832 ἐπαυξῆσαι
460 768 631 840 λόγον,
677 773 747 833 ὡς
797 776 888 824 καὶ
943 777 1150 844 κήρυκα
1195 781 1300 834 τοῖς
1339 774 1418 826 ἐπ’
1462 773 1713 836 ἀνατολῆς

115 861 288 911 ἔθνεσι
344 866 435 911 τοῦ
493 867 726 932 Χριστοῦ
791 870 1136 932 καταστῆναι,
1223 869 1312 918 καὶ
1377 868 1471 923 τὴν
1522 868 1715 938 μέχρις

114 945 299 1002 Ἰνδῶν
342 949 666 1002 στείλασθαι.
702 949 884 1004 Πολλοὶ
921 953 1024 1025 γὰρ
1082 955 1171 1004 καὶ
1224 951 1474 1011 τηνικάδε
1505 950 1716 1027 διέπρε-

114 1055 210 1089 πον
265 1040 513 1110 πρόθεσιν
575 1039 656 1090 ὅτι
704 1039 936 1111 μάλιστα
1003 1045 1240 1112 γενναίαν
1312 1041 1715 1117 προϐεϐλημένοι

112 1125 198 1178 ἐπὶ
230 1126 496 1200 καταϐολῇ
529 1131 620 1180 καὶ
653 1128 872 1191 αὐξήσει
912 1137 1004 1182 τοῦ
1061 1132 1197 1184 θείου
1245 1136 1336 1184 καὶ
1378 1132 1714 1204 ὠαγγελικοῦ

115 1217 342 1288 σπόρου.
393 1216 489 1269 Ὧν
544 1218 617 1279 εἰς
662 1223 753 1270 καὶ
803 1220 829 1270 6
877 1226 964 1271 νῦν
1013 1222 1137 1291 ἡμῖν
1184 1225 1516 1295 προκείμενος
1563 1241 1716 1293 γεγο-

111 1309 234 1370 νὼς,
279 1309 367 1357 καὶ
417 1309 613 1380 μὲχρις
667 1303 846 1370 Ἰνδῶν
907 1311 1149 1380 γενέσθαι
1204 1312 1400 1368 ἣκιστα
1457 1315 1709 1370 ὤκνησεν.

110 1395 298 1467 Εύρεῖν
336 1398 512 1466 μέντοι
557 1397 723 1449 ἐκεῖσε
774 1399 832 1449 τὸ
867 1399 1002 1450 κατά
1049 1399 1318 1454 Ματθαῖον
1377 1402 1508 1475 ἱερὸν
1539 1399 1714 1472 Εὐαγ-

109 1483 285 1555 γέλιον
339 1486 539 1558 ἱστορεῖ
574 1493 717 1558 παρα
754 1505 866 1539 τισι
903 1494 1004 1539 τῶν
1047 1497 1266 1555 πιστῶν,
1309 1491 1410 1542 ὑπὸ
1461 1488 1710 1564 Βαρθολοο

108 1577 278 1644 μαίου
319 1571 562 1648 Ἐϐραΐδι
622 1571 878 1647 διαλέκτῳ
931 1581 1300 1649 προσφωνηθέν
1329 1595 1346 1612 ⁸
1395 1582 1467 1642 ὡς
1519 1583 1609 1631 καὶ
1661 1579 1712 1640 ἐς

108 1666 317 1736 μακρὸν
369 1662 634 1736 προελθεῖν
691 1671 782 1717 τοῦ
827 1666 1023 1740 χρόνου
1076 1675 1168 1718 τοῦ
1209 1673 1428 1742 πρώτως
1471 1668 1710 1742 γράψαν-

1823 504 2176 574 Pantaenum
2201 505 2363 562 hunc
2393 507 2454 562 in
2487 509 2692 578 primis
2722 508 3016 565 celebrem
3049 507 3234 564 fuisse
3262 506 3481 569 ferunt,

1821 594 1926 665 qui
1968 594 2188 652 scilicet
2225 611 2297 650 ex
2339 595 2674 654 Stoicorum
2715 597 3214 670 philosophorum
3250 594 3480 652 familia

1823 683 1899 738 ad
1928 689 2192 740 nostram
2212 686 2507 741 transierit
2527 686 2982 758 professionem.
3003 686 3150 742 Tam
3167 684 3480 740 studiosus

1821 777 2021 828 autem
2053 773 2433 844 propagandi
2464 775 2651 830 divini
2694 776 2859 832 verbi
2902 775 3030 844 fuit,
3072 781 3134 830 ut
3174 773 3476 830 Christum

1821 861 2001 916 etiam
2063 861 2458 918 Orientalibus
2504 863 2742 936 populis
2806 864 3241 936 praedicaverit,
3290 871 3347 917 et
3395 861 3477 918 ad

1822 949 2005 1006 Indos
2037 967 2228 1023 usque
2260 953 2608 1023 pervenerit.
2639 952 2920 1008 Permulti
2939 969 3082 1009 sane
3109 968 3180 1009 eo
3207 955 3477 1024 tempore

1823 1040 2172 1096 exstiterunt
2198 1040 2303 1096 viri
2335 1042 2640 1111 generosis
2661 1058 2909 1113 prorsus
2933 1041 3173 1106 animis,
3205 1041 3310 1112 qui
3342 1056 3479 1096 cum

1822 1143 2048 1198 magna
2076 1128 2255 1185 laude
2300 1129 2506 1185 divino
2541 1136 2597 1186 et
2634 1131 2980 1201 evangelica
3013 1129 3229 1186 semini
3257 1129 3480 1201 ubique

1823 1222 2113 1275 terrarum
2135 1219 2387 1275 serendo
2410 1224 2464 1274 et
2494 1219 2924 1291 ampliﬁcando
2952 1219 3374 1276 incubuerunt.
3411 1220 3476 1274 In

1821 1307 2041 1378 quibus
2067 1313 2123 1362 et
2161 1307 2258 1364 hic
2287 1313 2491 1364 noster
2524 1309 2651 1376 fuit,
2693 1309 2796 1382 qui
2838 1313 2962 1364 tam
3000 1309 3247 1378 longam
3297 1311 3480 1379 atque

1819 1395 2122 1452 difﬁcilem
2147 1397 2572 1468 profectionem
2602 1399 2780 1455 etiam
2808 1399 2885 1454 ad
2917 1399 3095 1454 Indos
3127 1413 3317 1470 usque
3353 1410 3480 1453 non

1819 1483 2184 1542 detrectavit.
2217 1486 2408 1543 Refert
2448 1487 2516 1554 is,
2549 1488 2715 1559 apud
2754 1489 3052 1560 quosdam
3083 1486 3290 1542 ﬁdeles
3339 1488 3480 1542 Mat-

1820 1573 1958 1630 tbaei
2013 1575 2399 1645 Evangelium
2430 1576 2512 1633 ibi
2543 1576 2849 1633 inventum
2901 1592 3053 1642 esse,
3094 1593 3130 1632 a
3177 1575 3479 1632 Bartholo—

1819 1678 1976 1718 ωωο
2007 1664 2293 1721 Hebraico
2321 1681 2598 1722 sermone
2613 1669 2980 1738 expositum:
3009 1665 3176 1738 quod
3198 1664 3258 1720 in
3292 1663 3482 1720 multa

111 1771 197 1814 τος
256 1751 490 1824 ἀκριϐεῖς
525 1749 561 1806 δ
566 1753 793 1815 ιασῶζον
850 1758 967 1816 τοὺς
1003 1764 1372 1828 χαρακτῆρας.
1407 1756 1620 1821 Πολλοῖς
1653 1755 1709 1812 δί

1821 1756 2092 1824 tempora
2139 1753 2363 1810 formas
2409 1754 2739 1811 litterarum
2771 1755 2922 1825 ejus,
2961 1754 3065 1827 qui
3105 1754 3168 1811 id
3211 1753 3476 1825 primum

111 1843 491 1916 κατορθώμασι
543 1839 851 1915 διαλάμφας
887 1844 1023 1919 ἄχρι
1079 1841 1147 1904 δὴ
1192 1849 1280 1898 καὶ
1316 1847 1367 1908 ἐς
1421 1846 1584 1910 τέλος,
1616 1856 1713 1910 τῆς

111 1931 230 1982 κατ’
314 1927 709 2004 Ἀλεξάνδρειαν
785 1934 922 2005 ἱερᾶς
1003 1935 1179 2004 ἡγεῖτο
1260 1932 1560 2008 διατριϐῆς,
1621 1941 1711 1990 καὶ

115 2019 267 2092 ζώσῃ
344 2019 560 2093 γλώσσῃ
619 2025 709 2073 καὶ
767 2029 945 2094 σοφοῖς
1017 2025 1359 2097 ὑπομνήμασι
1413 2033 1514 2078 τῶν
1565 2027 1711 2079 θείων

113 2105 399 2180 δογμάτων
438 2111 526 2170 τὰς
553 2113 751 2184 Γραφὰς
780 2108 1154 2171 ἀναπτύσσων,

724 2290 968 2344 ΚΕΦΑΛ.
997 2289 1116 2346 ΛΓ.

114 2397 265 2467 Περὶ
333 2393 698 2470 Κλήμεντος
735 2401 847 2470 τού
915 2401 1368 2470 Στρωματέως,
1411 2401 1518 2450 καὶ
1593 2407 1713 2450 τῶν

189 2468 719 2542 συγγραμμάτων
768 2467 1018 2520 αὐτοῦ’·
1079 2467 1186 2522 καὶ
1243 2470 1362 2522 ὃσα
1415 2474 1561 2542 περὶ
1596 2478 1714 2522 τῶν

187 2538 376 2590 θείων
408 2538 579 2610 λέγει
620 2545 902 2611 Γραφῶν.

184 2652 257 2717 Τῇ
293 2642 343 2696 δ’
376 2644 510 2717 αὐτῇ
552 2652 644 2698 τοῦ
681 2650 878 2719 χρόνου
931 2653 1064 2719 φορᾴ
1102 2652 1191 2700 καὶ
1245 2647 1456 2720 Κλήμης
1493 2647 1717 2720 πρεσϐύ-

114 2753 282 2806 τερος,
334 2735 383 2795 ὃς
436 2739 774 2809 Στρωματὲύς
833 2734 1112 2801 ἐπεκλήθη,
1177 2737 1261 2790 ἐπὶ
1326 2747 1418 2799 τῆς
1472 2737 1714 2801 Ἀλεξαν-

119 2819 299 2897 δρείας
347 2829 433 2876 καὶ
500 2823 658 2884 αὐτὸς
717 2828 1130 2898 συνασκούμενος
1187 2823 1248 2885 ἦν
1312 2846 1382 2898 τῳ
1428 2833 1715 2900 Πανταίνῳ,

112 2917 206 2964 καὶ
253 2917 340 2964 τὸν
390 2917 504 2965 ῖσον
564 2910 757 2986 δρόμον
820 2916 990 2986 ἐκείνῳ
1053 2920 1140 2967 καὶ
1191 2919 1284 2974 τὴν
1342 2913 1582 2975 σπουδὴν
1635 2917 1718 2970 ἐπὶ

111 2999 295 3076 διαίτη
348 3006 436 3054 καὶ
483 3010 545 3074 τῇ
605 2999 853 3076 διατριϐῆ
904 3007 1245 3076 κεκτημένος.
1282 3010 1382 3059 Καὶ
1435 3011 1634 3080 πατέρα
1659 3003 1719 3059 δὲ

1820 1840 2075 1912 scripsit,
2115 1841 2334 1898 illaesas
2381 1843 2770 1898 conservarit.
2805 1843 2910 1898 Hic
2957 1842 3160 1899 multis
3192 1841 3476 1914 praeclare

1818 1928 1898 1985 ad
1921 1929 2104 1986 ﬁnem
2137 1947 2325 2002 usque
2356 1931 2488 1987 vitae
2516 1932 2662 1987 actis
2703 1931 2966 2000 illustris,
3009 1947 3194 1988 sacrae
3227 1931 3476 1988 Alexan-

1819 2018 2007 2075 drinas
2045 2019 2266 2076 scholae
2297 2021 2505 2092 praelii,
2547 2020 2850 2094 simulque
2938 2025 2993 2076 et
3051 2020 3189 2076 viva
3219 2035 3364 2076 voce
3420 2023 3479 2076 et

1819 2107 2008 2164 doctis
2019 2109 2467 2166 commentariis
2480 2109 2822 2167 divinorum
2835 2109 3190 2182 dogmatum
3209 2109 3476 2182 Scriptu-

1818 2211 1918 2252 ras
1947 2197 2252 2270 explicuit.

2406 2289 2630 2344 CAPUT
2668 2287 2886 2344 XXXIII.

1822 2393 1907 2450 De
1919 2392 2210 2467 Clemente
2222 2399 2653 2467 contemtorem
2666 2396 2941 2462 operibus
2967 2396 3095 2463 ejus
3120 2414 3141 2452 :
3171 2399 3227 2452 et
3259 2408 3390 2467 qua
3404 2393 3476 2451 de

2148 2465 2366 2522 divinis
2395 2467 2727 2537 Seripturis
2757 2467 2861 2525 ille
2890 2467 3135 2524 dixerit.

1895 2641 2118 2699 Eodem
2142 2646 2480 2715 temporum
2513 2644 2812 2704 curriculo
2843 2649 2897 2701 et
2919 2644 3194 2702 Clemens
3226 2643 3477 2718 presby-

1825 2734 1932 2801 ter,
1963 2731 2065 2804 qui
2113 2737 2450 2806 Στρωματεὺς
2493 2750 2598 2789 seu
2653 2737 2970 2792 Contextor
3013 2734 3478 2804 cognominatus

1825 2825 1932 2886 est,
1972 2821 2341 2878 Alexandria:
2369 2822 2563 2879 eidem
2595 2824 2792 2880 studio
2823 2840 2961 2880 cum
2996 2827 3277 2880 Panteano
3310 2823 3480 2878 incu-

1824 2909 1973 2975 buit,
2006 2911 2408 2983 eumdemque
2437 2928 2680 2968 cursum
2725 2918 2781 2969 et
2822 2913 3056 2968 vivendi
3103 2913 3367 2968 instituto
3421 2917 3480 2967 et

1825 2998 2080 3054 docendi
2123 3001 2558 3057 consuetudine
2589 3003 2794 3057 tenuit.
2843 3005 3070 3059 Patrem
3095 3006 3250 3057 certe
3292 3000 3476 3057 libro-

102 3100 205 3143 τῶν
276 3091 442 3163 λόγων
512 3093 560 3144 ἓν
629 3100 746 3153 ταῖς
820 3092 980 3145 αὐτοῦ
1063 3095 1259 3146 οὑτωσὶ
1331 3100 1709 3168 γεγραμμέναις

1825 3103 1959 3142 rum
1993 3104 2263 3152 suorum,
2295 3089 2357 3144 in
2390 3091 2881 3159 Dispositionibus
2911 3107 3064 3163 quas
3105 3093 3297 3154 vocat,
3328 3089 3474 3156 suis,

102 3187 596 3235 ’Υποτυπώσεσι
629 3184 717 3233 τὸν
771 3184 1067 3235 Πάνταινον
1117 3185 1358 3257 ἱστορεῖ⁹
1415 3189 1506 3237 καὶ
1555 3187 1604 3237 ἓν
1643 3193 1715 3256 τῷ

102 3276 296 3343 πρώτῳ
324 3268 383 3324 δε
422 3279 520 3323 τῶν
552 3279 666 3342 Στρ
684 3292 772 3343 ωμ
791 3275 991 3324 ατέων
1023 3278 1204 3325 τοῦτον
1236 3269 1382 3325 δοκεῖ
1418 3293 1508 3345 μοι
1547 3274 1714 3327 αἰνίτ-

99 3362 291 3414 τεσθαι
319 3378 332 3390 ·
376 3362 458 3413 ὅτε
505 3365 629 3421 τοὺς
666 3363 914 3433 ἔμφανείς
945 3370 1044 3413 τῶν
1077 3361 1380 3414 ἀποστόλων
1416 3360 1716 3435 διαδόχους

101 3451 418 3523 ἀπαριθμεῖ,
467 3451 677 3524 γράφων
715 3450 876 3511 οὕτως
909 3465 923 3479 ·
975 3448 1171 3508 «³Ἠδη
1221 3448 1280 3504 δε
1323 3451 1383 3503 ού
1433 3457 1606 3524 γραφὴ
1640 3454 1714 3516 εἰς

98 3536 363 3602 ἐπίδειξιν
420 3543 827 3610 τετεχνασμένη,
891 3538 1018 3592 ἀλλά
1077 3560 1168 3612 μοι
1224 3542 1577 3614 ὑπομνήματα
1639 3544 1711 3606 εἰς

377 3629 777 3698 θησαυρίζεται,
863 3628 924 3687 λή
936 3631 1026 3689 θης
1121 3631 1410 3703 φάρμακον,

94 3723 336 3792 ἐναργῶς
376 3723 467 3770 καὶ
519 3722 847 3790 σκιαγραφία
897 3727 996 3770 τῶν
1044 3717 1269 3792 ἐναργῶν
1310 3724 1396 3772 καὶ
1451 3719 1706 3792 ἐμψύχων

94 3806 330 3871 ἐκείνων,
385 3807 450 3857 ὧν
525 3807 858 3869 κατηξιώθην
937 3805 1230 3859 ἐπακοῦσαι
1289 3807 1452 3879 λόγων
1517 3827 1571 3860 τε
1617 3814 1706 3862 καὶ

97 3639 271 3703 γῆρας
377 3629 777 3698 θησαυρίζεται,
863 3628 1026 3689 λήθης
1121 3631 1410 3703 φάρμακον,
1497 3628 1708 3684 εἷδωλον

96 3893 335 3970 ἀνδρῶν,
378 3900 643 3968 μακαρίων
681 3900 771 3948 καὶ
827 3904 900 3966 τῷ
947 3899 1054 3948 ὅντε
1095 3895 1396 3968 ἀξιολόγων.
1442 3899 1646 3950 Τούτων
1678 3900 1704 3951 6

91 3987 192 4055 μὲν
234 3982 321 4036 ἐπὶ
375 3992 468 4046 τῆς
518 3980 770 4045 Ἑλλάδος
799 3986 824 4036 6
875 3985 1122 4050 Ἰωνικὸς,
1155 3987 1181 4037 6
1209 3982 1269 4038 δε
1312 3986 1398 4038 ἐπὶ
1428 3995 1518 4047 τῆς
1549 3989 1705 4058 μιγά-

92 4074 197 4133 λης
251 4069 544 4138 Ἑλλάδος’
579 4081 673 4136 τῆς
733 4072 918 4134 Κοίλης
986 4075 1194 4149 θάτερος
1271 4074 1439 4127 αὐτῶν
1517 4079 1703 4149 Συρίας

95 4159 162 4221 ἧν
195 4181 210 4194 ο
246 4163 274 4214 6
307 4158 365 4214 δὲ
395 4159 483 4214 ἀπ’
532 4162 798 4234 Αἰγύπτου
834 4182 847 4195 ·
881 4162 1025 4215 ἄλλοι
1052 4159 1112 4216 δὲ
1151 4161 1246 4215 ἀνὰ
1284 4167 1375 4223 τὴν
1407 4162 1656 4223 ἀνατολήν
1686 4182 1698 4195 ·

90 4256 191 4304 καὶ
255 4253 443 4312 ταύτης
498 4252 524 4303 6
562 4255 652 4323 μέν
703 4272 786 4313 τις
849 4261 940 4313 τῆς
988 4251 1312 4326 Ἀσσυρίων,
1345 4254 1371 4304 6
1423 4248 1480 4306 δὲ
1535 4255 1583 4307 ἐν
1635 4261 1698 4327 τῇ

94 4340 430 4413 Παλαιστίνη
504 4339 742 4413 Ἐϐραῖος
817 4339 1077 4395 ἀνέκαθεν.
1152 4341 1383 4413 ’Υστάτῳ
1461 4338 1520 4394 δε
1562 4361 1704 4415 περι-

97 4435 308 4502 τυχὼν,
347 4426 570 4501 δυνάμει
611 4426 669 4483 δὲ
713 4431 818 4504 ἄρα
865 4438 1064 4503 πρῶτος
1116 4428 1198 4495 ἦν,
1249 4430 1622 4504 ἀνεπαυσάμην
1654 4434 1703 4485 ἓν

90 4521 383 4590 Αἰγύπτῳ,
445 4521 684 4592 θηράσας
729 4519 997 4577 λεληθότα.
1038 4519 1182 4573 ”Αλλ’
1233 4522 1282 4573 οἱ
1311 4523 1401 4592 μὲν
1452 4525 1546 4580 τὴν
1581 4520 1704 4580 ἀλή-

93 4611 246 4661 θειαν
294 4615 390 4670 τῆς
442 4610 580 4670 θείας
652 4611 904 4671 σώζοντες
971 4605 1346 4675 διδασκαλίας,
1406 4607 1705 4684 παράδοσιν

93 4699 252 4758 εὐθὺς
301 4698 403 4750 οἱπό
458 4701 656 4772 Πέτρου
708 4703 797 4750 καὶ
858 4697 1131 4764 Ἰακώϐου,
1209 4698 1447 4753 Ἰωάννου
1508 4718 1561 4752 τε
1616 4704 1706 4753 καὶ

93 4786 335 4856 Παύλου,
365 4795 464 4839 τῶν
507 4785 669 4857 ἁγίων
710 4785 1030 4853 ἀποστόλων,
1078 4794 1202 4850 παῖς
1245 4791 1439 4860 πατρὸν
1494 4784 1706 4850 ἐκδεξά-

89 4895 271 4948 μενος,
327 4874 492 4946 ὀλίγοι
547 4872 606 4928 δὶ
657 4877 706 4927 οὶ
757 4877 1018 4949 πατράσιν
1072 4878 1264 4946 ὅμοιοι,
1315 4877 1440 4935 ἧκον
1491 4872 1558 4934 δὴ
1611 4879 1704 4928 σὺν

92 4972 212 5034 Θεῷ
259 4968 350 5016 καὶ
402 4965 470 5025 εἰς
539 4967 697 5037 ἡμᾶς,
755 4967 819 5017 τὰ
869 4969 1156 5038 προγονικά
1214 4967 1380 5018 ἐκεῖνα
1439 4970 1530 5017 καὶ
1575 4963 1704 5018 ἀπο-

93 5052 329 5107 στολικά
365 5055 706 5125 καταθέμενοι
738 5058 1032 5126 σπέρματα,
1084 5075 1113 5108 ››
1161 5058 1259 5107 Τὸν
1319 5051 1377 5108 δὲ
1428 5055 1705 5108 Πάνταινον

93 5144 326 5212 Κλήμης
381 5139 776 5215 διαδεξάμενος,
848 5152 941 5205 τῆς
1015 5140 1298 5218 διατριϐῆς
1375 5146 1701 5213 καθηγεῖτο⁹

91 5237 167 5293 ὡς
200 5231 320 5284 κατ’
354 5231 514 5284 ἐκεῖνο
561 5239 651 5284 τοῦ
701 5239 886 5306 καιροῦ
943 5236 1032 5283 καὶ
1077 5235 1162 5285 τὸν
1215 5232 1482 5305 Ὠριγένην
1533 5227 1706 5284 παῖδα

92 5327 230 5374 ὅντα
260 5319 382 5395 παρ’
417 5321 557 5392 αὐτῷ
589 5327 859 5393 φοιτῆσαι.
909 5327 1020 5372 Τῶν
1052 5316 1110 5373 δὲ
1132 5324 1557 5394 Στρωματέων
1608 5324 1702 5380 τὴν

91 5409 290 5483 βίϐλον
339 5412 578 5485 ἱστορῶν,
633 5413 692 5462 τὸ
741 5417 944 5483 πρῶτον
995 5411 1316 5482 σύγγραμμα
1363 5409 1429 5472 εἰς
1481 5413 1573 5468 τὴν
1607 5415 1702 5463 Κο-

85 5496 277 5574 μόδου
343 5499 580 5558 τελευτὴν
627 5500 952 5577 περιγράφει,
1007 5500 1077 5560 ὼς
1131 5496 1191 5549 ἆν
1248 5503 1501 5572 χρονικήν
1552 5501 1701 5551 ἵστο-

83 5593 223 5668 ρίαν
264 5591 602 5665 συγγράφων.
663 5589 829 5642 Ὀκτὼ
884 5584 964 5662 δὲ.
989 5586 1039 5641 οἰ
1065 5588 1248 5648 πάντες
1279 5585 1381 5640 εἰσὶ
1414 5594 1487 5641 Στ
1498 5606 1526 5661 ρ
1542 5608 1581 5638 ω
1591 5607 1629 5661 μ
1642 5607 1699 5642 α-

1825 3179 2172 3232 Pantaenum
2200 3183 2510 3235 memorat.
2541 3180 2677 3235 Etin
2705 3179 2900 3251 primo
2923 3179 3075 3234 libro
3102 3180 3475 3254 Στρωματὲωυ,

1826 3281 1933 3320 seu
1966 3267 2411 3332 Conteztorum,
2435 3267 2689 3324 obscure
2720 3268 2881 3324 hunc
2907 3267 3384 3338 mihidesignare
3397 3266 3479 3321 vi-

1822 3354 2017 3421 detur,
2069 3372 2206 3412 cum
2257 3355 2580 3428 praeclaros
2627 3358 3042 3428 apostolorum
3101 3371 3478 3412 successores

1822 3450 2152 3510 enumerat,
2199 3446 2282 3501 sic
2313 3446 2620 3504 scribens:
2667 3466 2695 3498 «
2747 3447 2901 3502 Libri
2951 3461 3132 3517 porro
3160 3446 3263 3517 qui
3309 3461 3346 3500 a
3384 3459 3478 3500 me

1821 3535 2180 3604 scribuntur,
2223 3551 2344 3591 non
2392 3540 2529 3591 sunt
2573 3536 2650 3591 ad
2687 3536 3151 3592 ostentationem
3201 3534 3476 3599 instituti,

1821 3624 1996 3696 332
2022 3623 2128 3680 sed
2149 3629 2544 3680 monumenta
2562 3625 2865 3679 memoriae
2894 3623 3086 3694 gratia
3113 3623 3191 3679 ad
3213 3627 3478 3677 senectu-

1818 3718 1937 3768 tem
1959 3713 2314 3784 composita,
2345 3718 2407 3768 ut
2427 3712 2548 3768 sint
2567 3713 2884 3768 oblivionis
2906 3712 3262 3777 remedium,
3290 3712 3476 3766 simu-

1814 3800 2166 3874 lacrumque
2192 3802 2457 3866 evidens,
2487 3807 2545 3858 et
2569 3802 2951 3858 adumbratio
2981 3801 3260 3858 dilucida:
3303 3805 3360 3856 et
3388 3799 3480 3855 vi-

1815 3890 1966 3946 vidae
1997 3891 2149 3946 illius
2187 3890 2496 3956 doctrinae,
2528 3907 2713 3964 quam
2745 3890 3094 3960 dignatione
3135 3890 3238 3944 Dei
3269 3887 3476 3945 audivi

1813 3987 1870 4035 et
1895 3979 2074 4034 didici
2099 3996 2134 4036 a
2173 3979 2366 4036 beatis
2397 3979 2511 4035 illis
2541 3985 2596 4035 et
2641 3979 3064 4050 praestantibus
3106 3979 3249 4036 viris
3281 3999 3296 4036 :
3329 3993 3480 4050 quo-

1812 4085 1949 4126 rum
2003 4069 2248 4142 quidem
2280 4068 2432 4124 alius
2487 4069 2548 4124 in
2602 4069 2827 4126 Graecia
2878 4068 3114 4124 Ionicus
3159 4067 3289 4133 fuit,
3321 4067 3477 4124 alius

1813 4164 2012 4214 autem
2044 4158 2105 4213 in
2145 4173 2367 4230 magna
2395 4158 2640 4222 Gracia,
2670 4157 2822 4214 alius
2851 4173 3090 4214 rursum
3119 4158 3182 4212 in
3213 4157 3473 4228 leesy-

1811 4248 1918 4311 ria,
1965 4247 2116 4304 alius
2165 4263 2301 4304 vero
2333 4249 2392 4304 in
2423 4251 2696 4320 Egypto,
2727 4247 2825 4304 alii
2867 4263 3046 4318 porro
3098 4249 3160 4304 in
3193 4247 3427 4304 Oriente
3461 4265 3475 4315 ;

1811 4323 2016 4409 ibique
2043 4337 2195 4393 alius
2227 4338 2288 4392 in
2317 4339 2583 4408 Assyria,
2616 4337 2768 4394 alius
2795 4338 2853 4394 in
2890 4336 3208 4394 Palaestina
3235 4337 3478 4394 Judaeus

1815 4442 1852 4483 a
1897 4426 2224 4497 majoribus
2269 4426 2410 4481 suis.
2449 4427 2514 4482 In
2559 4426 2836 4482 ultimum
2874 4426 3092 4482 deinde
3125 4427 3326 4492 incidi,
3373 4427 3479 4499 qui

1813 4515 2180 4588 reliquorum
2210 4515 2482 4570 omnium
2514 4515 2567 4571 vi
2611 4521 2790 4588 atque
2817 4516 3027 4572 virtute
3054 4516 3336 4590 princeps
3371 4516 3480 4571 fuit

1813 4597 1876 4660 in
1906 4608 2182 4676 Egypto,
2211 4609 2391 4676 atque
2421 4604 2525 4670 ibi,
2569 4621 2704 4676 quae
2737 4610 2912 4661 antea
2956 4606 3253 4661 latuerant
3284 4620 3480 4675 reper-

1817 4695 1910 4759 tis,
1956 4695 2075 4750 alia
2115 4692 2416 4765 inquirere
2474 4693 2642 4750 desii.
2677 4695 2766 4750 illi
2829 4694 3128 4766 siquidem
3169 4693 3477 4749 veritatem

1816 4784 2033 4838 divinae
2062 4781 2342 4838 doctrinae
2371 4787 2819 4849 conservarunt,
2849 4789 2905 4838 et
2945 4784 3326 4838 traditionem
3361 4789 3477 4840 sta-

1817 4873 1919 4928 tim
1944 4888 1980 4928 a
2018 4872 2183 4926 Petro
2215 4876 2271 4926 et
2314 4872 2538 4927 Jacobo
2570 4878 2626 4928 et
2656 4874 2886 4928 Joanne
2930 4877 2989 4928 et
3019 4873 3218 4940 Paulo,
3254 4873 3475 4928 sanctis

1815 4963 1926 5018 illis
1957 4960 2273 5034 apostolis,
2297 4961 2458 5016 velut
2484 4961 2588 5017 ﬁlii
2610 4977 2644 5017 a
2660 4962 2932 5033 patribus
2967 4963 3346 5018 successione
3368 4977 3473 5034 per

1818 5067 2033 5108 manus
2061 5056 2450 5122 acceperunt;
2485 5051 2660 5120 pauci
2700 5055 2903 5107 autem
2934 5057 3074 5107 sunt
3102 5051 3373 5122 patribus
3400 5052 3476 5108 si-

1815 5140 2006 5205 miles,
2033 5140 2432 5212 eamdemque
2459 5140 2578 5194 Deo
2632 5139 2902 5211 ducente,
2936 5139 3015 5197 ad
3064 5156 3175 5196 nos
3224 5156 3470 5213 quoque

1817 5229 2290 5298 transmiserunt,
2323 5228 2486 5294 apud
2509 5244 2620 5283 nos
2648 5228 2852 5284 itidem
2880 5229 3180 5301 majorum
3214 5245 3464 5286 suorum

1813 5319 2205 5392 ipsorumque
2261 5317 2672 5388 apostolorum
2725 5318 2958 5374 semina
3004 5318 3390 5389 deponentes.
3433 5339 3460 5370 »

1812 5411 2090 5464 Pantaeno
2121 5407 2390 5464 Clemens
2419 5405 2746 5461 succedens
2776 5405 3047 5465 scholam
3079 5407 3244 5472 rexit,
3275 5423 3464 5480 quam

1809 5498 1992 5555 etiam
2020 5511 2091 5552 eo
2120 5501 2386 5567 tempore
2408 5494 2690 5564 Origenes
2721 5495 2919 5551 adhuc
2943 5511 3091 5568 puer
3120 5496 3458 5568 frequenta-

1807 5586 1908 5643 vit.
1941 5587 2003 5642 In
2032 5583 2332 5649 volumine
2362 5582 2787 5643 Contextorum
2817 5585 3080 5658 primum
3101 5583 3321 5642 librum
3360 5600 3454 5642 us-
