4000 6220
559 295 706 356 1055

1903 295 2296 356 NICEPHORI
2333 294 2656 354 CALLISTI

3759 307 3869 364 1056

562 449 684 507 que
703 435 783 491 ad
797 434 1111 493 Commodi
1132 434 1364 492 obitum
1377 434 1637 503 deducit,
1651 440 1941 508 tanquam
1959 433 2207 491 annales

2316 439 2464 494 τεῖς.
2500 433 2781 505 Ισάριθμοι
2837 427 2916 486 δέ
2945 437 3154 495 τούτοις
3199 439 3290 488 καὶ
3321 435 3410 498 οῦς
3445 434 3867 503 ’Υποτυπὼσιις

555 525 964 581 conscribcns.
1003 524 1428 581 Contextorum
1467 541 1608 582 vero
1650 532 1784 582 octo
1825 529 1965 580 sunt
2001 523 2138 580 libri
2187 537 2204 580 :

560 614 828 678 totidem,
860 629 1016 686 quos
1047 614 1535 684 Dispositionum,
1577 631 1680 672 seu
1709 613 2206 671 informationum

559 707 754 768 vocat,
787 703 886 759 ubi
912 704 1188 773 magistri
1219 703 1331 770 sui,
1356 705 1529 760 sicuti
1549 703 1774 760 dictum
1801 708 1910 772 est,
1941 701 2205 758 Pantaani

560 793 928 848 mentionem
958 793 1116 863 facit,
1148 793 1374 850 dictata
1394 794 1672 866 quaedam
1705 794 1834 864 ejus
1861 797 1917 848 et
1945 791 2208 848 traditio-

560 897 666 938 nes
712 897 1050 938 recensens.
1105 883 1346 955 Scripsit
1394 899 1638 956 quoque
1681 883 1760 940 ad
1813 886 2043 938 Grmeos
2083 881 2206 936 sive

562 975 766 1041 gentes
791 971 1010 1027 librum
1044 973 1536 1038 exhortatorium,
1565 979 1622 1028 et
1654 978 1770 1028 tres
1810 972 1959 1028 alios
2001 970 2203 1035 libros,

558 1075 712 1130 quos
724 1060 1080 1132 Paedagogos
1103 1062 1594 1117 nominat.A1ium
1609 1062 1748 1117 item
1761 1059 2204 1129 lectudiguum,

561 1153 619 1203 et
642 1149 819 1205 docte
843 1150 1264 1220 compositum,
1299 1151 1470 1222 cujus
1493 1151 1694 1206 titulus
1715 1155 1802 1206 est
1835 1169 1848 1205 :
1883 1149 2020 1215 Quis
2045 1149 2206 1204 dives

559 1239 764 1294 salvus
808 1239 935 1306 fiat.
993 1241 1277 1295 Praeterea
1325 1241 1613 1310 scriptum
1647 1237 1830 1304 aliud,
1876 1239 1936 1294 in
1979 1253 2102 1309 quo
2131 1236 2206 1291 de

557 1325 846 1383 Paschate
883 1327 1139 1384 disserit.
1185 1329 1328 1384 Item
1372 1328 1653 1384 homilias
1713 1328 1788 1383 de
1833 1327 2082 1398 jejunio,
2131 1325 2206 1380 de

557 1417 1005 1472 obtrectatione.
1053 1420 1309 1472 Rursum
1353 1416 1834 1473 Cohortationem
1873 1415 1951 1471 ad
1982 1415 2209 1487 patien-

561 1503 732 1562 tiam.
763 1505 960 1560 Alium
985 1521 1228 1578 quoque
1273 1506 1352 1561 ad
1383 1522 1590 1562 recens
1621 1506 2006 1561 illuminatos.
2043 1508 2209 1558 Insu-

559 1609 668 1665 per
696 1595 956 1666 eumqui
987 1596 1439 1652 Ecclesiasticus
1469 1611 1661 1652 canon
1693 1595 1770 1650 ab
1801 1610 1872 1650 eo
1895 1605 1983 1648 est
2001 1591 2210 1648 inscri-

561 1691 724 1756 ptus,
749 1689 804 1740 et
832 1699 1014 1756 quem
1057 1691 1265 1740 contra
1300 1685 1671 1756 judaizantes
1700 1685 1778 1739 ad
1807 1683 2208 1740 Alexandrum

562 1774 917 1844 episcopum
941 1773 1142 1829 edidit.
1159 1775 1220 1829 ln
1239 1775 1662 1831 Contextorum
1680 1773 1847 1828 libris
1873 1788 1992 1828 non
2012 1771 2209 1827 solum
2239 1794 2284 1850 Β

564 1863 852 1934 pleraque
901 1879 974 1918 ex
1029 1863 1248 1918 divinis
1295 1863 1517 1918 Litteris
1578 1863 1782 1918 sternit
1833 1867 2012 1934 atque
2069 1875 2207 1916 con-

555 1951 716 2017 texit,
762 1968 968 2006 verum
1001 1953 1179 2008 etiam
1220 1953 1266 2006 si
1298 1953 1444 2025 quid
1473 1953 1636 2024 apud
1668 1955 1897 2008 Graecos
1937 1957 2030 2006 est
2058 1949 2210 2004 scitu

558 2041 830 2112 dignum,
863 2040 1033 2096 affert
1065 2058 1079 2108 ;
1110 2046 1166 2096 et
1196 2042 1376 2096 simul
1408 2043 1742 2098 Graecorum
1777 2047 1956 2114 atque
1990 2039 2210 2096 Barba-

557 2145 764 2185 rorum
793 2130 1101 2200 dogmata,
1135 2145 1243 2185 nec
1271 2145 1390 2186 non
1420 2131 1570 2186 falso
1595 2131 1922 2186 nominata;
1952 2128 2210 2184 scientias

557 2219 1092 2275 hmresiarcharum
1105 2225 1160 2275 et
1175 2219 1674 2292 philosophorum
1695 2219 2011 2291 opiniones
2031 2218 2207 2290 333

559 2309 888 2380 explicans,
948 2308 1326 2379 multijugam
1371 2308 1565 2364 omnis
1632 2309 1864 2380 generis
1917 2308 2206 2364 doctrinae

557 2397 794 2453 exhibet
813 2397 1269 2454 institutionem.
1295 2401 1668 2470 Quapropter
1683 2415 1756 2454 ex
1781 2399 2068 2454 varietate
2086 2413 2209 2454 ma-

558 2487 718 2542 teriae
763 2488 973 2542 merito
1007 2486 1088 2542 illi
1120 2486 1296 2542 talem
1335 2488 1522 2543 sortiti
1553 2493 1693 2542 sunt
1735 2487 2206 2558 inscriptionem.

559 2577 744 2633 Utitur
791 2577 850 2630 in
889 2577 973 2631 eis
1005 2576 1354 2632 testimoniis
1397 2576 1789 2634 Ecclesiastici
1837 2575 2066 2645 Sirach,
2100 2591 2209 2631 nec

555 2679 680 2722 non
735 2666 1039 2730 Barnabaa,
1075 2669 1132 2720 et
1169 2665 1485 2722 Clementis
1529 2665 1817 2737 epistolae.
1852 2665 2209 2722 Mentionem

557 2755 736 2810 etiam
783 2755 922 2810 facit
962 2753 1096 2810 libri
1134 2755 1359 2810 Tatiani
1392 2755 1470 2810 ad
1522 2757 1775 2821 Graecos,
1820 2760 1876 2810 et
1919 2753 2205 2820 Cassiani,

557 2847 660 2917 qui
686 2847 741 2900 et
761 2844 888 2915 ipse
901 2842 1146 2899 annales
1175 2848 1634 2916 temporumque
1662 2846 1920 2901 rationes
1943 2843 2206 2915 scripsit:

557 2933 728 2988 sicuti
773 2933 952 2988 etiam
995 2932 1278 2997 Philonis,
1320 2937 1378 2988 et
1416 2933 1752 2999 Aristobuli,
1787 2939 1843 2989 et
1867 2933 2110 3006 Josephi
2157 2939 2213 2990 et

557 3021 848 3086 Demetrii,
891 3025 946 3076 et
1001 3021 1772 3096 Eupolemi,‘Judaicorum
1827 3022 2208 3094 scriptorum.

558 3113 635 3166 Ex
672 3110 892 3182 quibus
921 3111 1138 3166 astruit
1181 3117 1238 3166 et
1267 3112 1502 3182 probat,
1540 3113 1738 3167 Mosen
1780 3111 2210 3181 antiquissimis

555 3200 898 3272 quibusque
953 3199 1297 3256 Graecorum
1345 3201 1724 3256 vetustiorem
1781 3216 1931 3256 esse.
1992 3199 2211 3257 Omnes

557 3293 712 3344 certe
759 3287 894 3344 libri
945 3289 1054 3344 viri
1113 3289 1240 3360 ejus
1286 3289 1620 3346 eruditione
1668 3295 1722 3346 et
1772 3289 2046 3346 doctrina
2085 3287 2210 3344 utili

557 3382 696 3432 sunt
745 3376 961 3434 referti.
1007 3378 1232 3434 lndicat
1279 3394 1523 3451 quoque
1577 3379 1636 3434 in
1686 3378 1840 3435 libro
1891 3378 2104 3450 primo,
2146 3393 2211 3434 se

557 3465 830 3537 proxime
855 3465 932 3522 ad
953 3467 1361 3538 apostolorum
1390 3467 1828 3524 successionem
1861 3467 2207 3534 accessisse,

557 3561 613 3612 et
639 3554 816 3612 simul
856 3556 1330 3612 Commentarios
1371 3573 1434 3612 se
1463 3557 1522 3611 in
1555 3557 1832 3613 Genesim
1865 3556 2210 3612 relicturum

557 3642 883 3714 pollicetur.
911 3645 976 3699 In
1007 3645 1158 3701 libro
1197 3647 1282 3703 De
1311 3646 1605 3702 Paschate
1631 3651 1907 3702 coactum
1938 3661 2000 3700 se
2027 3661 2062 3701 a
2081 3645 2211 3717 qui-

559 3733 821 3789 busdam
873 3733 1035 3802 dicit,
1069 3739 1131 3790 ut
1176 3751 1330 3807 quas
1383 3751 1420 3791 a
1466 3735 1802 3791 senioribus
1848 3733 2210 3808 presbyteris

556 3827 868 3894 acceperat
909 3823 1188 3880 historias
1223 3831 1280 3880 et
1319 3825 1684 3890 traditiones,
1719 3825 1798 3881 ibi
1839 3833 2159 3896 exponeret
2191 3841 2206 3879 :

556 3911 884 3968 Helitonem
905 3913 1246 3980 nominans,
1278 3915 1590 3980 Irneasum,
1623 3919 1678 3970 et
1717 3914 1864 3972 alios
1885 3911 2206 3986 quosdam,

557 4015 815 4072 quorum
841 4001 1019 4058 etiam
1051 4003 1372 4058 sententias
1401 4003 1705 4076 quasdam
1724 4003 1835 4059 sibi
1861 4003 2050 4059 dictas
2077 4017 2210 4072 pro-

555 4091 744 4162 ponit.
785 4093 848 4146 In
895 4092 1061 4148 libris
1111 4109 1254 4148 vero
1303 4095 1772 4165 Dispositionum
1829 4094 2007 4149 totius
2053 4093 2209 4148 Scri-

557 4185 746 4250 pturae
792 4183 1372 4238 testamentariorum
1404 4184 1525 4239 sive
1555 4184 1984 4239 canonicorum
2027 4181 2210 4238 libro-

557 4283 712 4334 rum,
743 4277 804 4324 ut
845 4269 1098 4326 breviter
1143 4271 1363 4336 dicam,
1415 4273 1910 4342 compendiosam
1955 4272 2210 4329 instituit

558 4359 1072 4415 enumerationem
1105 4379 1119 4416 :
1149 4377 1270 4416 non
1293 4361 1748 4434 prmtermittens
1765 4361 1966 4426 etiam,
1985 4361 2209 4434 quibus

557 4447 1001 4513 contradicitur,
1031 4451 1362 4522 Scripturas
1384 4471 1399 4520 ;
1425 4457 1487 4506 ut
1505 4451 1652 4507 Petri
1683 4451 2129 4524 Apocalypsim,
2153 4455 2210 4508 et

559 4537 846 4593 Barnabae
884 4538 1220 4610 epistolam.
1263 4539 1587 4612 Epistolam
1624 4557 1768 4596 sane
1809 4541 1888 4597 ad
1925 4541 2207 4597 Hebraeos

555 4625 718 4682 Pauli
783 4643 912 4682 esse
973 4635 1191 4696 censet,
1253 4629 1510 4686 Hebraeis
1579 4631 1885 4686 Haebraico
1933 4647 2210 4688 sermone

561 4718 844 4788 scriptam
868 4734 881 4770 :
910 4733 946 4774 a
969 4717 1126 4773 Luca
1155 4723 1355 4775 autem
1395 4719 1715 4776 ambitiosa
1747 4720 2061 4790 splendide
2083 4737 2210 4775 ver-

561 4823 693 4863 sam
722 4805 952 4878 lingua,
981 4808 1193 4864 Graacis
1231 4824 1365 4864 esse
1389 4809 1745 4881 expositam.
1775 4813 1856 4865 Ac
1892 4815 2047 4866 recte
2074 4809 2210 4882 qui-

560 4898 700 4952 dem
743 4896 912 4953 illum
953 4897 1112 4964 dicit,
1144 4899 1248 4971 qui
1281 4913 1413 4954 mos
1453 4899 1506 4954 ei
1547 4899 1610 4954 in
1640 4899 1770 4954 aliis
1797 4899 2009 4965 fuerat,
2043 4899 2213 4956 Pauli

559 5001 783 5042 nomen
821 4985 1086 5058 epistolae
1117 4987 1170 5042 ei
1200 5003 1322 5043 non
1345 4988 1689 5060 prmﬁxisse.
1723 4988 1894 5054 Quod
1925 4989 2084 5044 enim
2109 4991 2212 5046 Ju-

561 5074 675 5131 daei
714 5081 839 5131 tum
865 5077 1335 5148 praesumptione
1365 5078 1632 5150 quadam
1681 5083 2026 5150 suspectum
2074 5095 2212 5136 eum

557 5163 868 5230 haberent,
905 5181 979 5220 ne
1028 5167 1226 5222 statim
1257 5167 1318 5222 in
1351 5167 1487 5238 ipsa
1527 5167 1872 5239 praefatione
1908 5167 2145 5225 illorum
2178 5185 2214 5226 a

559 5255 809 5311 lectione
843 5255 1469 5323 absterreretanimos,
1499 5257 1821 5328 prudenter
1845 5257 2076 5326 fecisse,
2108 5259 2213 5330 qui

561 5359 785 5400 nomen
819 5361 996 5400 suum
1027 5345 1483 5417 praetermiserit.
1525 5347 1892 5419 Quapropter
1931 5348 2213 5404 eumdem

560 5449 692 5491 esse
735 5435 930 5506 inquit
967 5435 1253 5491 orationis
1298 5435 1548 5491 ductum
1597 5435 1658 5492 in
1707 5437 1965 5508 Epistola
1994 5436 2073 5492 ad
2105 5439 2214 5493 He-

559 5526 777 5592 braeos,
806 5529 863 5581 et
891 5525 952 5580 in
985 5524 1395 5596 apostolorum
1421 5526 1602 5580 Actis.
1633 5525 1786 5581 Alibi
1806 5541 2048 5600 quoque
2077 5527 2214 5582 scri-

564 5615 690 5670 bit:
724 5635 754 5666 ιι
780 5615 962 5672 Porro
983 5615 1156 5671 sicuti
1184 5613 1398 5673 beatus
1423 5615 1565 5673 dixit
1593 5615 1923 5688 presbyter,
1963 5617 2213 5690 quando

2313 520 2458 573 καλεῖ
2507 520 2690 592 λόγους
2737 519 2920 575 αὐτοῦ.
2971 521 3135 576 Ἔνθα
3189 519 3255 583 δή
3303 527 3374 586 ὡς
3429 527 3631 598 εἴρηται
3680 531 3763 578 καὶ
3805 537 3864 580 τοῦ

2315 606 2646 663 διδασκάλου
2695 616 2986 664 Πανταίνου
3044 617 3221 685 μνείαν
3272 621 3525 678 ποιεῖται,
3585 611 3797 687 ἔκδοχάς
3833 638 3862 670 τε

2313 698 2474 752 αὐτοῦ
2547 705 2638 752 καὶ
2717 697 3041 774 παραδόσεις
3119 704 3555 774 παρατιθέμενος.
3630 708 3728 756 Καὶ
3779 711 3860 778 api;

2310 787 2562 849 Ἕλληνας
2600 783 2659 841 δέ
2698 789 2840 842 αὐτῶ
2889 789 3041 860 λόγος
3099 789 3294 863 ἐγράφη
3353 797 3764 865 προτρεπτικός·
3807 816 3861 850 zz;

2311 885 2444 949 τρεῖς
2491 878 2675 951 ἕτεροι,
2734 879 2820 940 οὒς
2863 875 3361 951 Παιδαγωγούς
3404 879 3672 952 ὀνομάζει.
3717 881 3862 956 Ἐτεας

2315 963 2374 1018 δί
2395 965 2536 1037 αύτῷ
2555 964 2796 1028 σπουδῆς
2815 967 3098 1034 ἄξιος,Τίς
3125 970 3151 1020 ὁ
3175 987 3262 1021 σω
3277 969 3509 1041 ζόμενο
3529 988 3551 1030 ς
3589 969 3740 1022 πλού
3755 991 3864 1034 σιος,

2313 1058 2604 1130 ἐπιγραφὴν
2663 1059 2799 1128 ἔχων
2832 1071 2846 1087 ⁸
2887 1062 2979 1110 καὶ
3035 1060 3358 1132 σύγγραμμά
3409 1078 3464 1110 τι
3517 1064 3640 1131 περὶ
3685 1067 3766 1112 τοῦ
3803 1067 3866 1113 [Iul

2317 1164 2433 1216 σχα
2461 1141 2496 1196 δ
2503 1143 2654 1206 ιεξιόν
2687 1163 2702 1176 ·
2753 1145 2954 1216 ὁμιλίαι
3003 1165 3058 1198 τε
3103 1151 3221 1220 περὶ
3251 1151 3500 1209 νηστείας
3531 1167 3549 1180 ο
3589 1150 3666 1200 ἔτι
3691 1145 3746 1201 δι
3773 1155 3866 1202 xuii

2313 1238 2432 1307 περὶ
2486 1233 2804 1295 καταλαλιᾶς
2839 1249 2853 1263 ·
2891 1239 2982 1288 καὶ
3035 1233 3088 1295 ὃς
3133 1238 3402 1308 ὑπομονὴν
3449 1241 3868 1310 προτρέπεταιοὲ

2315 1326 2444 1397 πρὸς
2499 1327 2617 1384 τοὺς
2673 1328 2858 1376 νεωστὶ
2923 1326 3278 1396 φωτισθέντας
3311 1345 3326 1357 ·
3384 1329 3522 1398 πρὸς
3571 1329 3782 1390 τούτοις,
3839 1329 3870 1389 ὃς

2319 1415 2534 1466 Κανών
2573 1411 3095 1470 έκκλησιαστικὸ
3115 1434 3136 1474 ς
3174 1413 3564 1488 ἐπιγέγραπται
3593 1431 3608 1445 ⁸
3635 1421 3722 1468 καὶ
3747 1418 3768 1468 ό
3789 1425 3873 1488 sps;

2317 1497 2726 1568 Ἰουδαίζοντας,
2783 1501 2836 1554 ὃν
2873 1499 3198 1577 Ἀλεξάνδρῳ
3249 1504 3320 1574 τῷ
3362 1505 3641 1575 ἑπισκόπῳ
3685 1525 3874 1578 προσγυ-

2317 1598 2409 1644 νεῑ.
2445 1591 2536 1645 Ἐν
2578 1595 2669 1660 μὲν
2715 1586 2804 1641 οὖν
2861 1597 2966 1651 τοῖς
3013 1597 3522 1665 Στρωματεῦσιν
3564 1593 3624 1644 ού
3671 1599 3804 1664 μόνον
3835 1601 3874 1647 τι

2317 1687 2414 1741 τῆς
2469 1679 2603 1739 θείας
2650 1684 2861 1750 Γραφῆς
2916 1697 3400 1752 καταστρωννυσιν,
3458 1679 3598 1732 ἀλλὰ
3649 1687 3734 1734 καὶ
3779 1687 3812 1734 εἰ
3845 1704 3876 1734 τι

2315 1775 2422 1830 τοῖς
2476 1766 2700 1827 Ἕλλησι
2749 1765 3237 1840 περισπούδαστον,
3299 1766 3636 1829 διατίθησι.
3685 1777 3776 1824 Καὶ
3807 1779 3880 1825 τοί-

2315 1873 2404 1910 νυν
2473 1867 2569 1910 τῶν
2643 1856 2767 1930 παρ’
2839 1856 3060 1915 Ἕλλησι
3115 1862 3204 1910 καὶ
3267 1855 3566 1932 βαρϐάροις
3631 1857 3876 1933 deﬁnita",

2315 1953 2406 2000 καὶ
2463 1954 2563 1999 τῶν
2615 1945 2670 1998 ἐκ
2723 1953 2815 2006 τῆς
2869 1943 3220 2018 ψευδωνύμου
3273 1953 3520 2019 γνώσεως
3573 1951 3878 2024 αἰρεσιαρχὼ
3949 1953 3951 2020 i

2315 2043 2406 2090 καὶ
2459 2036 2749 2109 φιλοσόφων
2817 2035 3190 2102 ἀναπτύσσων,
3251 2037 3447 2096 πολλήν
3505 2058 3630 2091 τινα
3687 2038 3880 2100 παιδείας

2317 2129 2586 2180 ύπόθεισιν
2654 2130 2880 2199 παρέχει
2910 2141 2926 2158 ⁸
2994 2126 3207 2189 εἰκότως
3263 2123 3315 2179 δ’
3364 2146 3420 2179 εκ
3485 2135 3588 2189 τῆς
3641 2129 3880 2190 ὑποθέσεως

2317 2221 2406 2268 καὶ
2445 2225 2541 2278 τῆς
2589 2219 2840 2277 τοιαύτης
2885 2218 3076 2287 ἔτυχον
3129 2226 3460 2292 προγραφῆς.
3511 2223 3822 2292 Μαρτυρίαις
3841 2217 3881 2271 δὲ
3949 2217 3951 2278 ξ

2316 2315 2521 2378 χρῆται
2569 2307 2618 2356 ἓν
2649 2307 2855 2366 τούτοις
2895 2303 2952 2356 ἐκ
2979 2307 3032 2357 τε
3062 2312 3154 2358 τοῦ
3188 2309 3378 2380 Σιρὰχ,
3417 2311 3511 2360 καὶ
3557 2316 3658 2370 τῆς
3697 2307 3885 2380 Βαρνάϐα

2315 2400 2406 2448 καὶ
2469 2393 2756 2468 Κλήμεντος
2829 2393 3128 2456 ἐπιστολῆς.
3189 2397 3462 2466 Μέμνηται
3533 2393 3592 2448 δ’
3637 2395 3684 2449 ἐν
3735 2401 3886 2456 τούτοις

2316 2492 2408 2538 τοῦ
2439 2488 2568 2558 πρὸς
2616 2483 2861 2544 Ἕλληνας
2909 2485 3168 2540 Τατιανοῦ
3225 2483 3404 2556 λόγου,
3455 2492 3550 2538 καὶ
3609 2493 3883 2554 Kac-amri,

2318 2578 2387 2636 ὡς
2466 2577 2671 2645 χρόνων
2727 2577 2817 2626 καὶ
2891 2573 3055 2626 αὐτοῦ
3141 2575 3450 2635 ἐπιστασίας
3519 2576 3886 2648 καταλέγοντος

2317 2666 2443 2736 πρὸς
2495 2659 2554 2716 δε
2613 2661 2831 2724 Φίλωνος
2890 2667 2980 2715 καὶ
3036 2661 3469 2735 Ἀριστοϐούλου,
3555 2665 3801 2722 Ἰωσήπου
3849 2683 3886 2716 τε

2317 2758 2408 2805 καὶ
2461 2757 2762 2825 Δημητρίου
2819 2756 2910 2804 καὶ
2977 2751 3299 2824 Εὐπολέμου,
3353 2749 3640 2806 Ἰουδαίων
3697 2774 3887 2828 συγγρα-

2313 2845 2448 2915 φέων
2481 2861 2494 2874 ·
2545 2839 2599 2904 ἐξ
2654 2842 2722 2892 ὧν
2788 2845 3088 2913 παρίστησι
3161 2846 3357 2894 Μωσέα
3434 2841 3784 2918 πρεσϐύτερον
3823 2851 3888 2902 τῆς

2312 2933 2441 3005 παρ’
2483 2929 2730 2989 Ἓλλησιν
2793 2929 3191 3005 ἀρχαιολογίας.
3250 2931 3454 2995 Πολλῆς
3505 2929 3570 2986 δὲ
3627 2953 3890 3008 χρηστομ-

2321 3024 2462 3084 θείας
2513 3021 2643 3074 εἰσὶν
2699 3022 2750 3072 οἱ
2805 3027 2898 3073 τοῦ
2951 3017 3141 3094 ἀνδρὸς
3197 3020 3342 3092 λόγοι
3401 3020 3632 3094 ἔμπλεῳ,
3693 3021 3892 3091 Δηλοῐγε

2253 3135 2292 3191 C
2319 3116 2422 3184 μὴν
2475 3109 2524 3162 έν
2581 3118 2654 3181 τῷ
2705 3115 2897 3184 πρώτῳ
2945 3112 3012 3172 ὡς
3061 3113 3286 3182 ἔγγιστα
3335 3119 3432 3172 τῆς
3477 3109 3822 3172 ἁποστολικῆς
3851 3113 3892 3168 ἦν

2321 3195 2616 3272 διαδοχῆς.
2653 3197 3016 3270 ’Υπισχνεῖται
3046 3195 3106 3251 δὲ
3149 3203 3240 3251 καὶ
3271 3199 3342 3262 εἰς
3391 3204 3486 3259 τὴν
3533 3205 3738 3254 Γένεσιν
3771 3220 3893 3252 καττ-

2319 3287 2484 3340 λιπεῖν
2513 3288 2893 3360 ὑπομνήματα.
2941 3286 3328 3348 Ἐκϐιασθῆναι
3359 3286 3422 3342 δέ
3467 3309 3609 3362 φησι
3643 3296 3733 3344 καὶ
3777 3289 3818 3342 ἑν
3841 3297 3891 3340 τῶ

2319 3374 2430 3430 τοῦ
2471 3379 2709 3448 Πάσχα
2743 3376 2880 3448 λόγῳ
2911 3379 3056 3451 παρά
3085 3397 3258 3444 τινων,
3301 3378 3364 3441 οἷς
3388 3381 3578 3450 ἔτυχεν
3613 3377 3762 3440 εἰδὼς
3787 3379 3893 3448 παρὰ

2318 3474 2419 3518 τῶν
2449 3465 2814 3538 πρεσϐυτέρων
2870 3467 3103 3538 ἱστορίας
3152 3471 3242 3518 καὶ
3295 3463 3633 3540 παραδόσεις
3675 3466 3891 3520 ἐκθέσθαι.

2319 3557 2401 3610 Ἐν
2443 3555 2584 3624 αύτῷ
2631 3560 2807 3628 μνείαν
2846 3562 3076 3608 ποιεῖται
3141 3555 3434 3618 Μελίτωνος
3477 3562 3574 3609 καὶ
3635 3558 3889 3630 Εἰρηναίον,

2318 3650 2409 3698 καί
2463 3665 2612 3698 τινων
2661 3645 2844 3718 ἑτέρων
2893 3641 2961 3696 ὧν
3017 3648 3106 3696 καὶ
3151 3647 3217 3697 τὰ
3271 3645 3520 3717 εἰρημένα
3579 3647 3716 3718 αὐτῷ
3767 3665 3892 3718 παρι-

2319 3737 2540 3788 τίθεται.
2595 3733 2655 3786 Ἠ
2715 3729 2774 3786 δὲ
2823 3741 2922 3785 τῶν
2975 3732 3476 3786 ’Υποτυπὼσεων
3535 3736 3784 3808 πρόθεσις
3826 3743 3890 3792 τίς

2319 3821 2637 3882 ἓνδιαθήκου
2695 3824 2876 3883 πάσης
2935 3827 3166 3894 Γραφῆς,
3222 3825 3292 3884 ὡς
3343 3825 3392 3874 ὲν
3453 3828 3700 3896 συντόμῳ
3753 3824 3888 3884 εἰπεῖν,

2319 3914 2631 3966 εὐσύνοπτον
2687 3919 2915 3965 ποιεῖται
2965 3908 3244 3983 διήγησιν,
3303 3916 3374 3984 μὴ
3445 3917 3794 3988 παρατρέχων
3829 3919 3891 3963 χιιι

2319 4007 2413 4064 τὰς
2467 4001 2854 4074 ἀντιλεγομένας
2925 4009 3025 4054 τῶν
3090 4007 3344 4074 Γραφῶιν
3404 3999 3511 4054 οἷον
3581 4007 3680 4060 τὴν
3737 4006 3888 4075 Πέτρον

2319 4091 2694 4164 Ἀποκάλυψιν,
2742 4095 2832 4143 καὶ
2873 4095 2968 4149 τὴν
3031 4089 3272 4164 Βαρνάϐα
3325 4089 3635 4150 ἐπιστολήν.
3699 4097 3790 4145 Καὶ
3827 4095 3890 4146 τὶν

2317 4187 2446 4256 πρὸς
2483 4180 2762 4258 Ἑϐραίους
2815 4176 2874 4233 δε
2927 4179 3136 4233 Παύλου
3194 4183 3286 4252 μεν
3341 4177 3473 4232 εἶναί
3523 4183 3680 4254 φησι,
3727 4187 3820 4242 τοίς
3855 4177 3892 4228 δ’

2314 4272 2572 4348 Ἑϐραίοις
2622 4265 2864 4345 Ἐϐραΐδι
2937 4271 3234 4343 γεγράφθαι
3319 4277 3456 4342 φωνῇ
3490 4285 3506 4300 ⁸
3556 4271 3804 4342 φιλοτίμῳ
3853 4263 3892 4318 ὅς

2315 4362 2519 4434 γλώττῃ
2568 4363 2656 4413 τὸν
2717 4363 2925 4412 Λουκᾶν
2983 4358 3506 4432 μεταγλωττίσαντα,
3555 4359 3778 4412 ἐκθεῖναι
3817 4365 3890 4414 τοῖς

2315 4451 2550 4510 Ἕλλησι.
2609 4455 2709 4504 Καὶ
2759 4449 2966 4510 εἰκότως
3021 4445 3080 4501 δὲ
3136 4448 3289 4520 λέγει,
3350 4445 3490 4520 μηδέ
3547 4451 3622 4512 ὡς
3677 4451 3779 4510 ἔθος
3827 4467 3887 4502 ππ

2319 4541 2566 4601 Παῦλος
2625 4540 2813 4599 κλῆσιν
2863 4539 3132 4614 προθεῖναι
3162 4555 3175 4568 ·
3232 4539 3347 4590 κατ’
3417 4542 3622 4591 ἑκείνου
3687 4541 3780 4612 γὰρ
3815 4543 3888 4592 τοῖς

2318 4627 2596 4691 Ἰουδαίοις
2671 4627 2934 4703 πρόληψιν
2994 4631 3234 4700 ἔχουσιν,
3294 4631 3364 4688 ὡς
3419 4627 3658 4690 ὕποπτος
3707 4630 3788 4694 ὢν,
3835 4627 3886 4676 in

2320 4726 2391 4796 μή
2434 4721 2491 4773 ἐκ
2540 4723 2828 4795 προοιμίων
2881 4717 3170 4791 ἀποτρέψοι
3221 4720 3431 4784 αύτούς,
3464 4725 3704 4779 συνετῶς
3749 4724 3882 4772 ποιῶν,

2321 4817 2525 4884 παρῆκε
2573 4815 2666 4868 τὴν
2715 4807 2922 4868 κλῆσιν.
2985 4809 3072 4860 Διό
3105 4825 3239 4879 φησι
3295 4812 3386 4859 καὶ
3433 4809 3522 4858 τόν
3579 4810 3699 4860 ἴσον
3747 4813 3884 4880 χρὼτς

2323 4897 2453 4954 εἶναι
2499 4907 2590 4952 τοῦ
2639 4898 2796 4970 λόγου
2845 4905 2940 4959 τῆς
2991 4915 3046 4949 τε
3095 4899 3225 4971 πρὸς
3291 4895 3564 4969 Ἑϐραίους
3623 4895 3882 4951 Ἐπιστεῖιῇ

2322 4995 2414 5044 καὶ
2451 4997 2548 5042 τῶν
2605 4985 2872 5062 Πράξεων.
2934 4990 3036 5039 Καὶ
3071 4985 3233 5046 ἄλλως
3265 4981 3327 5038 δέ
3378 5003 3563 5058 φησιν,
3607 5009 3637 5034 cc
3687 4981 3810 5042 Ἧδε
3843 4978 3878 5032 δι

2325 5085 2390 5143 ὡς
2453 5079 2479 5131 ό
2537 5079 2794 5150 μακάριος
2857 5075 2994 5147 ἔλεγε
3049 5073 3421 5148 πρεσϐύτερος,
3477 5077 3594 5128 ἐπεὶ
3645 5077 3672 5128 ό
3715 5077 3872 5146 Κύριος.

2325 5167 2611 5230 ἀπόστολος
2671 5168 2738 5218 ὢν
2811 5173 2903 5218 τοῦ
2967 5168 3410 5240 παντοκράτορος,
3471 5163 3742 5224 ἀπεστάλη
3791 5167 3872 5234 ερὲς

2320 5257 2605 5331 Ἐϐραίους,
2652 5253 2746 5309 διὰ
2797 5273 3111 5328 μετριοτητα
3165 5256 3190 5307 ό
3243 5254 3445 5316 Παῦλος
3499 5257 3564 5314 ὡς
3627 5254 3688 5306 ἆν
3739 5253 3798 5306 εἰς
3833 5255 3872 5300 τι

2323 5351 2440 5406 ἔθνη
2497 5345 2898 5417 ἀπεσταλμένος,
2957 5343 3052 5395 οὐκ
3129 5345 3379 5419 ἐγγράφει
3447 5343 3634 5396 ἑαυτὸν
3681 5341 3870 5416 Ἐϐραίων

2323 5435 2612 5490 ἀπόστολον
2661 5431 2754 5488 διά
2799 5452 2854 5486 τε
2903 5437 2997 5492 τὴν
3039 5435 3171 5506 πρὸς
3221 5437 3309 5485 τὸν
3358 5434 3549 5508 Κύριον
3603 5438 3776 5504 τιμήν,
3815 5424 3866 5478 ὅτε

2321 5545 2376 5580 τε
2429 5530 2488 5580 τὸ
2546 5525 2604 5578 έκ
2655 5527 2961 5597 περιουσίας
3011 5527 3250 5586 καὶτοῖς
3297 5521 3558 5596 Ἑϐραίοις
3613 5517 3864 5575 ἐπιστέλλω

2324 5619 2478 5672 ἐθνῶν
2534 5621 2740 5690 κήρυκα
2789 5617 2882 5668 καὶ
2939 5611 3228 5668 ἀπόστολον
3276 5617 3488 5670 ἄνταμ»
3531 5617 3666 5686 Περὶ
3717 5607 3778 5664 δὲ
3811 5613 3874 5662 τὶς

2242 4493 2285 4548 D
