4000 6220
137 287 282 346 1057

1190 283 1642 350 ECCLESIACIE
1680 286 2154 350 HISTISTORI/E
2211 293 2348 349 LIB.
2389 294 2488 352 IV.

3370 299 3507 354 1058

133 424 240 470 τῶν
297 415 622 487 Εὔαγγελίων
676 416 888 486 τάξεως,
943 420 1012 479 ὡς
1063 417 1257 491 εἰλήφει
1304 420 1448 492 παρὰ
1497 423 1591 477 τὴν
1647 427 1747 471 τῶν

1864 420 2101 494 quidem
2131 420 2440 486 Dominus,
2465 421 2774 493 apostolus
2803 421 3256 494 Omnipotentis,
3290 424 3367 479 ad
3399 427 3512 480 He-

132 504 523 579 πρεσϐυτέρων,
609 503 828 569 διέξεισι
900 506 1082 579 λέγων,
1161 509 1556 582 προγεγράφθαι
1646 516 1747 560 τῶν

134 593 474 666 Εύαγγελίων
523 597 590 647 τὰ
641 600 956 670 περιέχοντα
1007 600 1101 658 τὰς
1158 596 1505 668 γενεαλογίας.
1561 600 1630 650 T6
1690 595 1748 650 δε

132 685 278 736 κατά
323 686 538 758 Μάρκον
567 681 718 743 τόνδ’
772 684 1060 758 ἐσχηκέναι
1112 691 1206 744 τὴν
1259 687 1553 759 οἰκονομίαν
1586 703 1600 716 '
1644 693 1748 739 Τοῦ

135 777 340 846 Πέτρου
371 777 428 826 τὸ
477 773 786 847 Εύαγγέλιον
835 775 974 847 λόγῳ
1012 776 1352 850 κηρύξαντος,
1391 780 1513 837 τοὺς
1563 780 1746 829 συνόν-

132 882 249 925 τας,
303 863 525 926 πολλοῦς
582 869 746 930 ὄντας,
808 864 1172 940 παρακαλέσαι
1235 869 1321 918 τὸν
1388 869 1619 939 Μάρκον,
1681 869 1750 927 ὡς

133 953 197 1005 ἄν
246 952 531 1006 ἀκόλουθον
582 959 671 1007 καὶ
712 953 766 1006 ἐκ
804 953 996 1007 πολλοῦ
1047 963 1147 1008 τῶν
1202 955 1479 1030 εἰρημένων
1516 960 1608 1014 τὴν
1657 951 1748 1008 δύ-

131 1061 296 1112 ναμιν
343 1040 636 1113 ἐσχηκότα,
675 1041 980 1117 ἀναγράψαι
1019 1046 1085 1096 τὰ
1113 1043 1356 1118 εἰρημένα
1389 1065 1404 1078 ·
1461 1050 1550 1096 καὶ
1599 1051 1748 1096 τοῦτο

131 1135 461 1196 ποιήσαντα,
510 1127 693 1184 δοῦναι
722 1139 834 1192 τοῖς
887 1132 1176 1195 ἁξιὼσασιν
1209 1152 1222 1165 ο
1257 1133 1282 1186 ὃ
1339 1131 1406 1191 δη
1437 1132 1486 1195 ἐς
1533 1133 1748 1208 ὕστερον

132 1223 224 1272 τὸν
292 1224 478 1294 Πέτρον
534 1221 790 1293 μαθόντα,
837 1221 956 1292 μήτ’
1016 1220 1256 1294 ἐμποδὼν
1303 1224 1565 1293 γενέσθαι,
1618 1226 1750 1294 μήτε

129 1308 559 1383 προτρέψασθαι.
591 1313 690 1363 Τόν
731 1307 789 1362 6":
835 1310 1075 1370 Ἰωάννην
1107 1311 1332 1364 ὕστατον
1372 1310 1602 1378 ἐλθόντα,
1657 1316 1748 1364 καὶ

137 1395 329 1452 ἰδόντα
383 1401 462 1451 ὃτι
509 1401 574 1452 τὰ
618 1403 893 1473 σωματικὰ
930 1408 1042 1463 τοῖς
1077 1401 1408 1474 Εύαγγελίοις
1459 1397 1748 1461 δεδήλωται

134 1493 272 1562 πρός
330 1509 479 1541 τινων
528 1491 728 1563 ἑτέρων,
788 1489 960 1563 πολλῷ
1006 1487 1066 1543 δε
1111 1491 1265 1544 εἰπεῖν
1314 1494 1574 1563 Πνεύματι
1633 1493 1751 1562 θείῳ

133 1582 491 1650 κεκινημένον,
534 1583 880 1652 πνευματικόν
945 1585 1035 1632 καὶ
1091 1581 1212 1633 ὅσον
1285 1580 1550 1652 θεολογίας
1605 1579 1752 1654 ἀκρί-

140 1666 290 1720 ϐειαν
354 1674 639 1740 παριστᾶν,
705 1676 929 1727 ποιῆσαι
980 1673 1038 1721 τὸ
1116 1669 1450 1742 Εύαγγέλιον.
1508 1676 1752 1723 Τοσαῦτα

141 1753 213 1816 δὴ
249 1759 423 1809 καὶτὰ
451 1756 762 1829 Κλήμεντος.

1855 510 2050 566 braos
2080 515 2167 566 est
2203 511 2444 578 missus,
2475 510 2806 566 humilioris
2837 512 3280 568 summissionis
3319 514 3512 580 gratia

1857 598 2103 665 Paulus,
2137 605 2201 655 ut
2228 600 2332 672 qui
2364 599 2439 656 ad
2473 605 2676 669 gentes
2699 600 2932 670 legatus
2959 605 3131 666 esset,
3158 617 3277 658 non
3310 602 3514 657 scribit

1857 704 1922 744 se
1964 688 2344 744 Hebraorum
2387 688 2750 760 apostolum,
2798 696 2921 745 lum
2964 691 3129 762 quod
3169 707 3239 747 eo
3277 691 3507 746 honore

1857 777 2110 833 Domino
2139 778 2330 841 cedat,
2362 782 2487 832 tum
2514 778 2678 848 quod
2706 794 2776 834 ex
2809 779 3160 847 abundanti,
3193 797 3328 836 cum
3367 796 3514 850 gen-

1857 868 2004 922 tium
2056 882 2252 939 praeco
2305 872 2359 923 et
2408 867 2714 938 apostolus
2755 869 2852 933 sit,
2895 869 3074 924 etiam
3115 871 3190 925 ad
3233 871 3512 926 Hebraeos

1858 956 2179 1027 Epistolam
2209 957 2416 1023 mittat,
2453 959 2530 1012 De
2557 957 3012 1028 Evangeliorum
3044 959 3252 1014 ordine
3285 965 3511 1026 autem,

1860 1043 2035 1100 sicuti
2075 1061 2109 1100 a
2148 1046 2573 1101 vetustioribus
2614 1046 2863 1118 accepit,
2907 1047 3085 1119 334
3125 1049 3389 1119 primum
3441 1064 3511 1104 ea

1858 1133 2018 1189 edita
2055 1150 2190 1190 esse
2231 1134 2391 1201 dicit,
2447 1151 2582 1208 qua
2631 1136 3014 1206 genealogias
3056 1143 3508 1209 persequuntur

1859 1223 2036 1278 Marci
2089 1229 2289 1279 autem
2345 1224 2734 1294 Evangelium
2785 1225 3083 1296 ejusmodi
3123 1225 3512 1298 dispositione

1860 1317 2039 1385 atque
2052 1314 2372 1369 occasione
2396 1314 2678 1382 scriptum
2699 1334 2710 1372 :
2729 1315 2872 1369 Cum
2899 1317 3098 1370 Petrus
3119 1315 3509 1385 Evangelium

1861 1402 1994 1458 viva
2009 1417 2153 1457 voce
2172 1401 2576 1473 praedicasset,
2603 1409 2922 1458 sectatores
2942 1404 3072 1474 ejus
3090 1410 3146 1460 et
3165 1404 3511 1471 familiares,

1860 1490 1963 1563 qui
1994 1490 2193 1562 plures
2223 1491 2402 1558 fuere,
2434 1494 2714 1557 Marcum,
2747 1493 3028 1548 comitem
3051 1493 3178 1564 ejus
3208 1493 3508 1559 sedulum,

1859 1579 2276 1652 dictorumque
2307 1581 2436 1650 ejus
2466 1582 2588 1637 vim
2619 1586 2677 1636 et
2709 1583 2985 1638 virtutem
3018 1588 3337 1648 tenentem,
3378 1583 3516 1639 hor-

1860 1673 2016 1725 tatos
2039 1685 2192 1736 esse,
2219 1674 2280 1725 ut
2306 1669 2624 1726 conciones
2649 1670 2806 1726 illius
2829 1671 2887 1726 in
2909 1672 3195 1744 scriptum
3225 1673 3468 1728 referret
3494 1686 3510 1726 :

1862 1758 1926 1814 id
1969 1775 2107 1815 eum
2145 1760 2226 1815 ita
2265 1759 2495 1825 fecisse,
2539 1759 2880 1832 librumque
2916 1777 3077 1826 eum,
3108 1761 3224 1816 illis
3253 1761 3512 1818 dedisse.

139 1846 389 1902 Petrum
427 1861 607 1918 porro
628 1863 768 1902 cum
798 1847 858 1902 id
879 1846 1235 1918 rescivisset,
1265 1863 1459 1920 neque
1487 1847 1834 1919 impediisse
1863 1853 1926 1904 ut
1955 1849 2006 1903 is
2032 1847 2397 1919 vulgaretur,
2429 1865 2626 1921 neque
2655 1849 2990 1905 admodum
3020 1850 3326 1906 hortatum
3362 1867 3514 1907 esse.

139 1937 436 1992 Joannem
464 1940 666 1992 autem
695 1941 1090 2008 postremum,
1119 1953 1258 1992 cum
1287 1936 1820 2004 animadvertisset,
1849 1936 2016 2009 quod
2047 1936 2124 1994 ab
2151 1936 2278 1993 aliis
2309 1937 2673 2009 quibusdam
2706 1938 2764 1993 in
2795 1938 3128 2010 Evangeliis
3168 1939 3506 2011 corporalia

145 2024 298 2080 satis
332 2029 529 2081 essent
565 2026 856 2098 exposita,
898 2024 1105 2081 divino
1147 2026 1368 2098 Spiritu
1403 2025 1811 2081 vehementius
1851 2026 2164 2095 agitatum,
2211 2031 2274 2081 ut
2319 2027 2672 2097 spiritualia,
2710 2034 2764 2083 et
2802 2044 2939 2100 qua
2976 2028 3291 2099 theologia
3327 2033 3510 2102 atque

138 2113 466 2170 divinitatis
496 2113 743 2187 propria
775 2118 935 2180 sunt,
970 2120 1247 2171 accurate
1278 2114 1590 2187 proferret,
1625 2130 1804 2170 suum
1834 2115 2249 2188 composuisse
2293 2116 2705 2185 Evangelium.
2742 2119 2874 2172 Hac
2913 2117 2986 2173 de
3020 2117 3336 2175 Clemente.

747 2208 994 2258 ΚΕΦΑΛ.
1036 2202 1157 2258 ΛΔ’.

219 2296 358 2346 "Et:
413 2295 561 2367 περὶ
613 2292 1084 2366 Τερτυλλιανοῦ
1130 2297 1239 2345 καὶ
1293 2295 1506 2360 Γαίου,
1568 2301 1685 2345 τῶν

427 2364 998 2422 ἂκκλησιαστικῶν
1040 2370 1476 2439 συγγραφέων.

221 2460 326 2507 Τοῦ
367 2450 419 2506 δ’
460 2453 619 2505 αὐτοῦ
677 2456 822 2515 ἔτους
869 2459 958 2506 καὶ
1016 2456 1042 2506 ό
1095 2453 1406 2529 προρρηθεὶς
1450 2453 1752 2528 Τερτυλλια·

148 2547 235 2606 νὸς
307 2541 658 2616 πρεσϐύτερος
734 2546 865 2616 μετὰ
941 2541 1176 2620 βίκτωρα
1249 2547 1340 2596 καὶ
1419 2543 1756 2596 Ἀπολλώνιον

150 2641 263 2696 τοῖς
309 2633 584 2704 Ῥωμαίοις
639 2632 948 2705 ψηφίζεται,
999 2632 1055 2685 ix
1107 2641 1199 2694 τῆς
1251 2629 1612 2707 Καρχηδόνων
1665 2635 1756 2704 μὲν

159 2724 451 2795 ὁρμώμενος
518 2721 792 2794 Ἀφρικῆς,
860 2726 1059 2798 πατρὸς
1116 2719 1176 2775 δὲ
1262 2726 1330 2774 ὥν
1423 2727 1758 2796 κεντυρίωνος

162 2810 562 2866 ἆνθυπατιανοῦ.
615 2810 796 2878 Οὗτος,
831 2807 996 2874 δεινὸς
1044 2816 1132 2864 καὶ
1196 2808 1401 2886 σφόδρα
1449 2831 1509 2884 γε
1570 2811 1757 2884 εὐφυὴς

158 2905 445 2972 γενόμενος.
488 2903 573 2952 ἐπὶ
621 2905 846 2975 Σευήρου
899 2900 1131 2972 μάλιστα
1182 2903 1398 2966 ἤνθησε,
1449 2899 1611 2953 πολλὰ
1668 2899 1757 2971 βι-

160 2988 310 3041 ϐλίων
359 2989 616 3051 συντάξας
660 2992 849 3061 τεύχη.
910 2994 1036 3062 Περὶ
1091 2989 1153 3042 οὔ
1206 2994 1297 3042 καὶ
1348 2989 1546 3049 Παῦλος
1585 2990 1611 3040 6
1656 2987 1757 3041 ἀπό

156 3075 478 3151 Κονκορδίας
541 3085 633 3138 τῆς
687 3077 912 3139 Ἰταλίας
967 3080 1165 3151 ἱστορεῖ
1220 3079 1452 3151 γράφων,
1521 3079 1601 3130 ὅτι
1665 3084 1757 3130 τοῦ

152 3169 560 3242 μακαριωτάτου
629 3173 929 3240 Κυπριανοῦ
993 3171 1230 3240 νοτάριον
1291 3167 1470 3220 λοιπὸν
1534 3165 1756 3241 πρεσϐύ-

151 3275 270 3324 την,
305 3256 380 3309 ἔτι
436 3260 542 3319 νέος
587 3261 674 3325 ὤν,
723 3260 774 3308 ἒν
827 3264 890 3328 τῇ
939 3255 1105 3330 Ῥώμη
1154 3256 1450 3331 ἑωρακέναι,
1491 3261 1582 3309 καὶ
1630 3255 1759 3315 ἀκη-

149 3351 328 3399 κοέναι
370 3345 493 3418 παρ’
531 3345 714 3410 αὐτοῦ,
756 3349 825 3406 ὡς
866 3342 1115 3418 οὐδεμίαν
1166 3343 1366 3417 σχεδόν
1410 3349 1606 3420 ἡμέραν
1651 3343 1757 3398 διε-

149 3435 328 3489 τέλεσε
377 3438 673 3509 Κυπριανός
737 3434 1158 3508 ἀναγνωσμάτων
1224 3435 1595 3510 Τερτυλλιανοῦ
1646 3456 1757 3507 χω-

145 3529 254 3600 ρὶς,
313 3532 548 3597 συνεχῶς
597 3525 834 3596 λέγοντος
889 3532 981 3577 τοῦ
1042 3531 1362 3597 Κυπριανοῦ,
1410 3521 1622 3586 Ἐπίδος
1667 3527 1754 3576 τόν
1793 3557 1834 3615 C

147 3611 500 3680 διδάσκαλον,
561 3613 928 3688 Τερτυλλιανόν
993 3611 1235 3673 δηλονότι
1298 3616 1528 3686 μηνύων.
1589 3613 1754 3676 Οὗτος

145 3705 288 3776 ἄχρι
340 3707 507 3776 μέσης
547 3703 776 3771 ἡλικίας,
815 3701 1161 3777 πρεσϐύτερος
1215 3710 1308 3764 τῆς
1366 3701 1588 3754 καθόλου
1644 3702 1754 3754 Ἐκ-

141 3793 372 3855 κλησίας
413 3798 698 3865 γενόμενος,
747 3797 839 3845 καὶ
879 3795 1014 3845 κατὰ
1051 3799 1143 3844 τοῦ
1183 3797 1450 3844 Μοντανοῦ
1490 3788 1758 3864 δόγματος

140 3881 430 3952 πάμπολλα
487 3880 942 3954 συγγραψάμενος,
1013 3880 1228 3955 ύστερον
1286 3880 1359 3942 εἰς
1421 3884 1480 3932 τό
1560 3880 1754 3933 ἐκείνου

137 3969 561 4044 περιολισθήσας
615 3967 812 4042 δόγμα,
870 3969 1058 4030 πολλὰς
1137 3967 1350 4042 βίϐλους
1405 3965 1558 4031 αὖθις
1627 3970 1753 4043 ὑπὲρ

139 4063 342 4112 ἐκείνου
386 4059 654 4122 συνέταξεν
685 4074 701 4090 ⁶
736 4061 785 4112 ἐν
827 4060 910 4121 αἷς
953 4064 1042 4111 καὶ
1074 4067 1168 4120 τῆς
1208 4066 1392 4120 καινῆς
1438 4062 1757 4132 προφητείας

137 4154 326 4223 μνείαν
374 4156 602 4202 ποιεῖται
633 4166 647 4179 ·
709 4145 782 4201 δι’
827 4148 954 4200 αύτό
997 4167 1056 4220 γε
1107 4152 1210 4220 μὴν
1240 4155 1394 4200 τοῦτο
1432 4153 1522 4199 καὶ
1572 4144 1758 4208 ἰδικως

142 4241 323 4292 Κατά
368 4246 483 4299 τῆς
519 4236 796 4290 καθόλου
847 4237 1232 4298 Ἐκκλησίας
1259 4234 1436 4309 βίϐλον
1461 4237 1752 4291 συν-τάττει.

143 4324 320 4381 Οὐδὲν
351 4323 412 4380 δε
449 4327 602 4385 ἧττον
633 4332 721 4379 καὶ
759 4331 911 4400 Περὶ
966 4329 1386 4401 σωφροσύνης
1432 4329 1597 4400 ἕτερον
1629 4329 1756 4398 σύγ-

137 4437 368 4493 γραμμα
405 4416 700 4469 καταλείπει
733 4433 745 4447 °
775 4420 864 4468 καὶ
896 4420 1050 4488 Περὶ
1089 4420 1500 4488 μονογαμίας
1539 4418 1708 4487 ἕτερον
1737 4432 1753 4446 ⁸

139 4509 222 4559 ἔτι
245 4503 305 4559 δε
327 4510 479 4578 Περὶ
505 4502 797 4578 διωγμοῦ
825 4510 936 4558 καὶ
966 4508 1274 4566 νηστείας
1296 4504 1414 4557 ἀλλο
1436 4507 1753 4578 συγγράφει·

135 4599 272 4669 πρὸς
301 4591 360 4648 δε
388 4600 478 4648 καὶ
531 4599 682 4670 Περὶ
736 4595 1104 4655 ἐκστάσεως
1141 4594 1327 4666 λόγους
1355 4594 1410 4657 ἓξ
1442 4611 1454 4625 ·
1486 4600 1577 4646 καὶ
1607 4591 1757 4647 ἕϐδο-

136 4705 238 4758 μον
280 4687 420 4738 κατὰ
466 4684 840 4750 Ἀπολλωνίου,
894 4689 985 4737 καὶ
1035 4684 1183 4759 ἕτερα
1227 4683 1468 4755 πλεῖστα,
1510 4688 1756 4758 παρατεί.

136 4796 232 4838 νας
260 4779 320 4828 τό
353 4779 447 4848 ζῇν
494 4775 632 4850 οἶχρι
667 4779 841 4846 γήρως
889 4777 1146 4845 ἐσχάτου.
1180 4776 1329 4834 Γάϊος
1377 4771 1437 4827 δὲ
1475 4778 1564 4826 καὶ
1599 4774 1756 4834 αὐτὸς

2443 2205 2670 2262 CAPUT
2709 2207 2935 2263 XXXIV.

1863 2294 2091 2350 Rursus
2129 2293 2202 2350 de
2241 2294 2608 2421 Tertull-iam;
2643 2295 2890 2422 et.bCaio,
2933 2297 3334 2354 ecclesiasticis
3365 2296 3516 2354 scri-

2541 2382 2580 2422 υ
2611 2383 2702 2422 οη
2746 2384 2834 2422 us.

2538 2382 2834 2436 ptorious.

1937 2454 2158 2509 Eadem
2201 2459 2550 2525 tempestate
2584 2461 2637 2510 et
2675 2455 3084 2526 Tertullianus,
3117 2474 3300 2529 quem
3339 2465 3520 2515 antea

1865 2541 2148 2608 diximus,
2195 2544 2508 2616 presbyter
2554 2553 2687 2616 post
2725 2545 3022 2602 Victorem
3052 2552 3106 2602 et
3136 2547 3516 2618 Apollonium

1865 2633 2149 2686 Romanis
2183 2637 2534 2688 accensetur
2565 2649 2580 2688 :
2621 2634 2977 2704 Carthagine
3019 2635 3079 2690 in
3107 2635 3302 2692 Africa
3331 2643 3514 2705 ortus,

1865 2725 2033 2792 patre
2064 2722 2408 2777 centurione
2441 2722 2876 2786 Proconsulari.
2927 2724 3045 2789 Hic,
3090 2741 3227 2780 acer
3273 2731 3329 2781 et
3353 2728 3517 2798 inge-

1864 2809 2072 2865 niosus
2111 2809 2470 2877 admodum,
2510 2811 2623 2867 sub
2662 2813 2880 2869 Severo
2910 2813 3170 2869 maxime
3199 2813 3421 2880 ﬂoruit,
3465 2822 3521 2872 et

1866 2898 2088 2954 multos
2140 2899 2407 2955 condidit
2438 2899 2642 2956 libros.
2681 2901 2761 2956 De
2797 2918 2918 2974 quo
2965 2907 3022 2958 et
3059 2903 3277 2959 Paulus
3304 2921 3338 2960 a
3361 2908 3520 2962 Cou-

1867 2987 2092 3052 cordia,
2160 2988 2362 3054 Italus,
2427 2989 2727 3044 memoria
2787 2991 3116 3057 mandavit,
3177 2992 3396 3047 vidisse
3457 3009 3521 3050 se

1865 3076 2198 3133 etiamnum
2246 3077 2551 3147 juvenem,
2608 3080 2809 3134 Roma
2857 3079 3186 3136 beatissimi
3233 3081 3521 3154 Cypriani

1865 3165 2165 3221 notarium
2195 3164 2599 3236 superstitem,
2624 3167 2751 3237 jam
2781 3167 3210 3238 grandavum:
3238 3175 3420 3242 atque
3448 3186 3520 3228 ex

1865 3269 1936 3310 eo
1975 3253 2295 3320 audivisse,
2347 3255 2578 3311 nullam
2609 3255 2728 3311 fere
2754 3257 2914 3313 diem
2946 3259 3240 3329 praterire
3268 3275 3517 3331 passum

1865 3359 1998 3402 esse
2036 3342 2405 3416 Cyprianum
2441 3345 2568 3400 sine
2604 3346 2943 3402 Tertulliani
2988 3347 3254 3414 lectione,
3301 3349 3543 3405 identi-'

1863 3433 2002 3488 dem
2047 3433 2232 3489 verba
2282 3433 2396 3488 ista
2461 3441 2875 3505 usurpantem,
2930 3435 3088 3492 Cedo
3138 3439 3514 3510 magistrum,

1865 3521 2288 3577 Tertullianum
2329 3523 2603 3579 videlicet
2640 3524 3034 3594 designanda.
3076 3527 3128 3580 Is
3159 3526 3257 3582 lad
3301 3533 3518 3582 statam

1864 3611 2248 3682 mediamque
2263 3616 2520 3676 atatem,
2536 3613 2596 3666 in
2610 3613 2870 3669 Ecclesia
2883 3614 3172 3670 catholica
3187 3616 3518 3687 presbyter,

1864 3699 2038 3772 plura
2060 3700 2345 3755 adversus
2366 3701 2625 3756 Montani
2650 3701 2874 3772 dogma
2905 3703 3279 3776 conscripsit.
3311 3705 3521 3762 Postea

1864 3804 2006 3844 vero
2054 3790 2113 3844 in
2167 3788 2325 3845 illius
2375 3789 2663 3862 delapsus
2710 3807 2970 3846 errorem
3029 3793 3227 3864 plures
3273 3810 3516 3851 rursum

1864 3877 2054 3933 libros
2094 3894 2204 3948 pro
2243 3877 2344 3934 illo
2383 3880 2742 3950 composuit.
2777 3879 2841 3934 In
2880 3881 3103 3951 quibus
3134 3898 3307 3938 nova
3338 3885 3515 3939 etiam

1863 3965 2194 4037 prophetia
2227 3967 2588 4022 mentionem
2617 3967 2776 4035 facit,
2808 3984 3062 4040 eamque
3084 3969 3163 4025 ob
3186 3986 3432 4026 causam
3463 3976 3523 4027 et

1864 4055 2227 4127 peculiarem
2270 4055 2490 4110 Contra
2530 4056 2856 4114 Ecclesium
2893 4059 3251 4115 catholicam
3297 4059 3518 4117 librum

1866 4143 2068 4200 edidit.
2104 4143 2356 4214 Scripsit
2379 4143 2565 4200 alium
2585 4160 2828 4217 quoque
2857 4148 2938 4202 De
2951 4147 3248 4217 pudicitia
3287 4148 3519 4218 ;alium

1865 4234 1952 4290 De
1978 4233 2373 4304 monogamia.
2408 4233 2553 4289 Item
2593 4235 2679 4290 De
2717 4237 3116 4302 persecutione
3145 4259 3167 4308 ,-
3196 4237 3380 4293 alium
3437 4241 3518 4295 De

1854 4322 2089 4393 jejunio
2132 4344 2151 4391 ,-
2185 4329 2473 4394 praterea
2511 4324 2595 4379 De
2631 4325 2855 4380 exstasi
2894 4340 3000 4380 seu
3041 4328 3517 4386 consternatione

1864 4411 2051 4468 libros
2073 4427 2175 4467 sex
2199 4429 2212 4467 :
2244 4411 2421 4483 335
2447 4413 2771 4484 septimum
2796 4413 3088 4470 adversus
3111 4415 3516 4487 Apollonium,

1867 4507 1924 4557 et
1947 4501 2147 4572 plures
2175 4501 2342 4556 alios.
2373 4501 2524 4556 Vixit
2547 4508 2749 4557 autem
2781 4503 2859 4559 ad
2883 4507 3120 4559 atatem
3150 4505 3513 4576 decrepitam

1865 4590 2087 4646 Floruit
2133 4605 2377 4662 quoque
2429 4591 2544 4646 sub
2597 4592 2931 4663 Zephyrino
2978 4593 3181 4648 Roma
3229 4594 3515 4666 episcopo

1867 4679 2065 4744 Calus,
2092 4679 2389 4734 Antonino
2414 4679 2612 4734 Severi
2639 4679 2762 4736 filio
2785 4681 3134 4754 imperante.
3158 4683 3212 4736 Is
3229 4683 3521 4739 adversus

1867 4766 2159 4834 Proclum,
2195 4769 2457 4824 Montani
2497 4769 2859 4840 studiosum,
2905 4771 3382 4828 dissertationem
3422 4789 3523 4829 co-

135 4865 224 4918 έπὶ
306 4869 590 4939 Ζεφυρίνου
670 4871 763 4918 τοῦ
848 4862 1050 4936 Ῥώμης
1124 4863 1413 4916 ἐπισκόπου
1499 4863 1751 4935 ἢκμαζεν.

1867 4857 2273 4930 piosissimam
2286 4859 2982 4929 composuit,temeraria
2995 4860 3261 4916 audacia
3275 4866 3516 4918 etnova

135 4959 256 5007 Ἐπὶ
311 4950 657 5007 δἈνωτνίνου
709 4954 828 5005 υἱοῦ
877 4957 1103 5028 Σευήρου
1159 4949 1387 5014 διάλεξιν
1440 4954 1576 5004 κατὰ
1623 4956 1755 5027 Πρό-

134 5043 263 5097 κλου
325 5039 672 5096 σπουδαστοῦ
728 5048 997 5096 Μοντανοῦ
1057 5039 1266 5114 σφόδρα
1317 5045 1572 5114 μεγίστην
1635 5060 1755 5093 συν-

132 5133 331 5199 έταξεν,
388 5131 610 5185 εὐθύνων
665 5131 820 5185 αὐτὸν
868 5135 1178 5204 προπετείας
1233 5138 1328 5194 τῆς
1385 5138 1570 5192 καινῆς
1625 5149 1750 5204 προ-

135 5226 351 5294 φητείας
397 5224 557 5274 ἕνεκεν
584 5239 597 5252 °
649 5225 698 5274 ἓν
751 5243 791 5293 ῳ
844 5223 1026 5292 τεύχει
1064 5226 1153 5273 καὶ
1201 5216 1551 5292 τρισκαίδεκᾰ
1595 5225 1753 5292 μόνας

133 5319 229 5365 τοῦ
271 5313 410 5364 θείου
470 5310 678 5364 Παύλου
735 5309 1043 5370 Ἐπιστολὰς
1099 5307 1417 5383 ἀριθμεῖται.
1477 5313 1583 5368 Τὴν
1647 5311 1750 5382 γὰρ

130 5405 268 5476 πρὸς
316 5400 585 5476 Ἐϐραίους
634 5395 1220 5474 τεσσαρεσκαιδεκάτην
1275 5395 1436 5452 οὖσαν
1497 5404 1569 5472 μὴ
1624 5419 1748 5471 γνηο

135 5496 259 5544 σίαν
313 5486 442 5544 εἶναι
493 5490 655 5544 αὐτοῦ
697 5497 952 5566 μαρτυρεῖ
981 5503 998 5522 ⁶
1041 5490 1366 5563 προστίθησι
1412 5485 1464 5543 δ’
1511 5490 1591 5542 ὃτι
1657 5495 1749 5543 καὶ

129 5583 281 5655 παρὰ
327 5588 436 5644 τοῖς
487 5579 754 5655 Ῥωμαίοις
800 5580 932 5654 ἄχρι
975 5585 1067 5633 τοῦ
1103 5582 1359 5652 παρόντος
1389 5577 1449 5631 οὐ
1481 5585 1575 5632 τοῦ
1607 5580 1745 5633 θείου

132 5669 392 5752 εἰρήσθω.

1865 4947 2195 5020 prophetia
2228 4949 2470 5002 nomine
2496 4963 2634 5003 eum
2668 4964 2926 5019 arguens
2959 4971 2972 5002 :
3002 4950 3060 5004 in
3079 4965 3201 5021 quo
3221 4950 3420 5006 volum
3444 4967 3519 5007 ne

1863 5035 2153 5093 tredecim
2175 5042 2405 5092 tantum
2426 5035 2551 5092 divi
2569 5037 2728 5093 Pauli
2751 5037 3042 5109 Epistolas
3059 5045 3352 5096 numerat.
3369 5041 3512 5106 Qua

1861 5126 2022 5183 enim
2065 5126 2143 5182 ad
2191 5126 2468 5182 Hebraeos
2505 5131 2614 5193 est,
2656 5127 2952 5183 decimam
2994 5135 3296 5199 quartam,
3341 5136 3523 5200 negat

1859 5231 1990 5272 esse
2023 5214 2164 5272 Paul
2212 5231 2565 5286 germanam
2603 5214 2792 5271 :illud
2821 5216 3072 5283 addens,
3105 5233 3238 5274 eam
3267 5217 3442 5273 etiam
3483 5235 3521 5276 a

1858 5306 2147 5362 Romanis
2192 5321 2384 5378 usque
2425 5304 2506 5360 ad
2541 5319 2806 5376 prasens
2840 5321 2965 5361 non
3005 5321 3138 5362 esse
3175 5322 3285 5378 pro
3328 5306 3529 5363 divini

1857 5395 2020 5452 Pauli
2047 5393 2305 5468 Epistola
2336 5393 2627 5452 habitam.
2665 5395 2801 5452 Hac
2825 5411 3070 5470 quoque
3099 5395 3173 5453 de
3202 5396 3296 5453 his
3341 5394 3510 5460 dicta

1858 5483 2185 5543 suﬁcient.
