4040 6224
593 267 726 332 1059

1166 394 1390 452 CAPUT
1423 395 1620 450 XXXV.

569 506 658 562 De
689 505 828 562 aliis
864 503 1066 562 multis
1095 502 1502 560 ecclesiasticis
1531 500 1941 570 scriptoribus,
1971 500 2214 564 scilicet,

641 577 822 642 Juda,
867 575 1196 646 Heraclito,
1246 575 1532 640 Maximo,
1586 573 1876 638 Candida,
1921 572 2216 643 Appione,

639 649 842 714 Sexto,
871 647 1206 714 Arabians,
1225 653 1280 706 et
1311 646 1466 702 aliis.

639 808 953 864 Multorum
1020 812 1306 878 praeterea
1362 804 1896 864 ecclesiasticorum
1951 804 2218 859 virorum

571 899 1008 962 commentarii,
1041 897 1142 970 qui
1177 901 1467 952 vetustate
1499 894 1670 952 facile
1697 893 1918 968 primas
1949 893 2218 949 obtinue-

566 995 724 1053 runt,
753 988 1061 1058 egregium
1089 987 1162 1042 de
1189 987 1305 1042 ﬁde
1333 991 1389 1040 et
1415 985 1532 1040 vita
1558 985 1890 1044 Christiana
1914 983 2216 1054 specimen

569 1083 624 1133 et
673 1077 940 1131 studium
989 1077 1471 1147 complectentes,
1531 1079 1667 1128 sunt
1717 1072 2020 1142 celebrati,
2079 1088 2216 1128 cum

568 1165 819 1221 aliorum
844 1164 1271 1236 quorumdam,
1295 1167 1422 1217 tum
1439 1163 1567 1233 ejus
1584 1163 1686 1234 qui
1705 1177 1774 1218 eo
1795 1167 2064 1234 tempore
2079 1178 2214 1218 cum

565 1253 809 1326 reliquis
831 1253 1056 1317 enituit,
1081 1251 1248 1307 Judae
1271 1251 1554 1316 historici,
1578 1249 1680 1322 qui
1709 1249 1768 1304 in
1795 1249 2220 1308 hebdomadas

567 1342 820 1398 Danielis
867 1341 1190 1414 plurimum
1223 1355 1420 1412 operae
1460 1339 1784 1404 collocavit,
1821 1343 1874 1394 et
1919 1341 2216 1410 optimum

567 1431 642 1488 de
689 1433 772 1488 eis
807 1447 959 1503 opus
998 1447 1034 1486 a
1073 1445 1134 1486 se
1173 1431 1572 1500 compositum
1613 1429 1866 1502 reliquit.
1910 1428 2216 1500 Siquidem

567 1519 744 1576 veluti
771 1521 1080 1576 historiam
1106 1519 1443 1584 instituens,
1472 1517 1826 1590 scripturam
1857 1535 1992 1573 eam
2028 1533 2216 1589 usque

569 1609 648 1678 ad
682 1609 984 1665 decimum
1024 1608 1220 1664 Severi
1263 1623 1491 1663 annum
1528 1609 1826 1680 producit.
1867 1611 1926 1662 In
1963 1622 2032 1662 eo
2063 1605 2215 1662 libro

567 1699 768 1772 aperte
795 1715 917 1770 prae
943 1714 1005 1753 se
1037 1699 1163 1762 fert,
1191 1698 1248 1752 in
1279 1713 1348 1752 ea
1379 1713 1439 1752 se
1471 1697 1654 1752 fuisse
1686 1697 1998 1762 sententia,
2031 1701 2094 1752 ut
2117 1697 2216 1752 de-

565 1793 876 1846 cantatum
907 1787 1244 1842 Antichristi
1266 1785 1613 1852 adventum,
1647 1785 2014 1858 temporibus
2043 1787 2126 1840 eis
2154 1785 2214 1840 in

566 1877 1005 1950 exspectatione
1062 1891 1214 1941 esse,
1269 1881 1324 1930 et
1379 1875 1868 1948 appropinquare
1927 1874 2213 1930 crederet.

565 1968 740 2023 Auxit
770 1983 904 2022 vero
935 1983 1068 2022 eam
1101 1965 1469 2038 Opinionem,
1505 1964 1953 2038 multorumque
1986 1969 2214 2021 mentes

565 2061 628 2112 ut
656 2072 784 2112 rem
810 2059 1035 2112 tantam
1062 2059 1471 2126 exspectarent
1497 2055 1890 2118 conturbavit,
1926 2055 2217 2111 acerrima

564 2161 702 2219 quas
743 2149 868 2200 tum
914 2151 1074 2200 mota
1113 2148 1202 2198 est
1241 2143 1593 2214 persecutio.
1635 2141 1764 2198 Non
1807 2159 2005 2214 pauca
2035 2143 2214 2199 etiam

569 2233 895 2292 Heraclitus
954 2234 1045 2290 vir
1106 2233 1344 2288 divinus
1407 2233 1766 2304 composuit,
1824 2235 1930 2306 qni
1985 2234 2214 2305 primus

565 2325 974 2380 enarrationes
1005 2323 1118 2378 sibi
1161 2323 1222 2378 in
1265 2321 1614 2394 Apostolum
1648 2321 1996 2378 scribendas
2023 2322 2210 2378 duxit.

564 2414 854 2471 Maximus
871 2418 1072 2468 autem
1094 2427 1274 2484 super
1289 2411 1620 2483 quaestione
1635 2411 1756 2476 illa,
1769 2427 1904 2484 qua:
1923 2411 2214 2468 haereticis

563 2505 626 2560 in
670 2519 771 2559 ore
809 2507 915 2570 est,
970 2503 1136 2560 Unde
1171 2501 1244 2557 sit
1279 2501 1512 2558 malitia
1550 2508 1602 2557 et
1637 2501 1945 2568 vitiositas,
1987 2509 2046 2558 et
2073 2503 2214 2559 item

561 2593 634 2650 de
661 2607 724 2650 eo
745 2593 904 2664 quod
929 2591 1180 2648 materia
1211 2599 1414 2648 creata
1437 2591 1528 2656 sit,
1557 2590 1878 2646 solutiones
1908 2597 2087 2664 atque
2111 2592 2216 2648 de-

565 2681 822 2738 cisiones
871 2679 1310 2752 irrefragabiles
1359 2679 1568 2736 edidit.
1621 2679 1730 2735 Sed
1779 2685 1836 2736 et
1889 2680 2210 2746 Candidus,

564 2787 702 2827 cum
735 2770 996 2843 plurima
1023 2769 1144 2825 alia
1174 2769 1524 2834 elaboravit,
1557 2775 1682 2824 tum
1713 2769 1774 2824 in
1809 2771 2212 2826 Hexaemeron

564 2860 1029 2916 commentarios
1055 2860 1285 2930 primus
1312 2858 1542 2928 scripsit
1573 2874 1585 2912 :
1618 2859 1678 2913 in
1711 2873 1833 2930 quo
1859 2865 2214 2928 argumento

561 2948 768 3006 itidem
810 2949 1046 3021 Appion
1077 2963 1299 3016 magno
1331 2947 1526 3003 studio
1564 2951 1654 3002 est
1687 2952 1970 3004 versatus.
2007 2949 2213 3004 Sextus

563 3053 808 3110 quoque
841 3037 1333 3092 resurrectionem
1375 3035 1605 3106 scriptis
1650 3036 1774 3091 suis
1813 3051 1950 3092 cum
1993 3052 2216 3108 magna

559 3125 738 3182 laude
768 3124 1185 3197 comprobavit
1219 3139 1230 3178 :
1267 3129 1324 3180 et
1355 3125 1692 3181 Arabianus
1717 3125 1959 3196 insuper
1989 3126 2048 3180 in
2080 3126 2212 3182 aliis

560 3215 930 3289 quibusdam
967 3214 1152 3270 sacris
1184 3213 1557 3282 argumentis
1597 3213 1856 3270 multum
1892 3213 2117 3270 laboris
2157 3221 2216 3274 et

559 3320 760 3378 operae
781 3303 998 3375 posuit.
1025 3301 1343 3358 Multorum
1373 3309 1660 3374 praeterea
1687 3303 1942 3358 aliorum
1968 3305 2212 3377 scripto.

559 3409 698 3450 rum
741 3392 999 3464 plurima
1042 3397 1096 3446 et
1147 3391 1404 3448 maxima
1445 3391 1774 3448 litterarum
1821 3399 2214 3451 monumenta

563 3487 704 3538 sunt
725 3481 982 3552 vulgata,
1005 3495 1266 3552 quorum
1291 3495 1486 3552 neque
1515 3489 1808 3552 tempora,
1829 3497 2023 3554 neque
2039 3498 2214 3554 argu-

559 3575 766 3628 menta
791 3569 1096 3641 sigillatim
1123 3568 1292 3634 (nam
1323 3569 1382 3624 id
1413 3569 1678 3625 instituto
1709 3573 2006 3642 praesenti,
2033 3572 2214 3628 histo-

557 3661 778 3734 riaeque
799 3666 1016 3715 nostrae
1039 3674 1162 3714 non
1183 3659 1517 3714 admodum
1534 3659 1830 3732 convenit)
1849 3675 2214 3718 commemo-

560 3749 754 3808 randa
775 3749 1080 3804 duximus.
1109 3747 1286 3819 336
1310 3751 1501 3820 Atque
1525 3747 1566 3803 ii
1590 3748 1836 3821 quidem
1865 3755 2002 3805 ante
2030 3749 2214 3822 Origi-

561 3855 702 3896 nem
722 3839 1042 3910 scriptores
1059 3837 1460 3902 ecclesiastici,
1483 3853 1621 3892 cum
1645 3853 1880 3892 sacram
1901 3838 2214 3896 historiam

559 3927 1020 4000 doctrinamque
1049 3925 1258 3982 ordine
1289 3941 1394 3997 per
1432 3927 1872 3982 successionem
1904 3927 2216 3984 continua-

557 4023 717 4082 runt,
753 4023 880 4072 tum
911 4018 966 4071 in
1006 4031 1109 4072 eos
1137 4015 1242 4088 qui
1269 4014 1444 4086 nugis
1471 4031 1542 4070 ac
1572 4015 1975 4071 deliramentis
2005 4016 2216 4088 depra-

560 4122 700 4163 vare
716 4111 940 4162 rectam
953 4105 1094 4160 ﬁdei
1109 4104 1446 4160 doctrinam
1467 4105 1526 4158 in
1545 4106 1816 4160 animum
1830 4105 2210 4174 induxerant,

1953 249 2346 322 NICEPHORI
2385 261 2706 322 CALLlSTI

3771 263 3894 320 1060

2915 389 3163 445 ΚΕΦΑΛ.
3197 387 3330 444 ΛΕ’.

2329 502 2475 571 Περὶ
2531 497 2731 550 ἄλλων
2781 495 3102 571 πλείστων
3176 493 3738 571 ἓκκλησιαστικῶν.
3779 513 3890 568 συγ-

2395 565 2731 642 γραρέων·
2803 565 3036 642 ⁹ίούδα⁹
3113 566 3562 642 Ἡρακλείτου-,ί
3605 565 3886 642 Magiam.

2399 636 2752 706 Κάνδίδου,
2822 636 3175 705 Ἀπίωνοςί
3221 639 3469 706 Σέξτου,
3517 636 3884 712 Ἀραϐιανοῦ.

2397 719 2503 766 καὶ
2543 713 2788 788 ἐτέρων.

2247 394 2294 446 Α

2400 819 2601 872 Πολλῶν
2659 815 2718 872 δὲ
2775 823 2864 871 καὶ
2929 817 3092 871 ἄλλων
3160 818 3510 890 ὑπομνήματα
3567 815 3886 872 ἐκκλησιαστι-

2327 917 2428 961 κῶν
2482 907 2684 981 ἀνδρῶν
2733 909 2803 978 τῷ
2853 913 3030 980 χρόνῳ
3086 909 3142 961 τὸ
3195 905 3463 982 πρεσϐεῖον
3515 905 3886 978 κληρωσαμένων

2330 993 2783 1070 διατεθρύλληται,
2841 993 3075 1055 σπουδὴν
3121 995 3354 1068 ἐναρέτου
3403 997 3674 1056 πολιτείας
3725 995 3888 1068 ipsepr-

2325 1087 2597 1140 κλείοντα·
2672 1087 2776 1139 οἷον
2847 1087 3040 1160 ὅσαπερ
3115 1085 3259 1136 ἄλλοι
3315 1089 3406 1136 καὶ
3476 1085 3502 1136 ό
3585 1085 3886 1156 συνακμάζων

2325 1163 2574 1225 τηνικάδε
2627 1163 2836 1226 Ἰούδας
2888 1168 2914 1218 ὁ
2997 1167 3326 1238 συγγραφεὺς
3389 1163 3754 1216 καταλέλοιπεν
3785 1179 3795 1192 '
3855 1165 3889 1222 ὃς

2324 1261 2414 1308 καὶ
2462 1257 2534 1318 εἰς
2579 1259 2670 1319 τὰς
2717 1257 2860 1330 παρὰ
2897 1264 2968 1326 τῷ
3018 1255 3209 1313 Δανιὴλ
3239 1250 3548 1326 ἑϐδομάδας
3595 1252 3779 1310 πολλὴν
3815 1252 3890 1304 εἰε-

2326 1349 2538 1418 ενεγκὼν
2608 1350 2702 1404 τὴν
2771 1342 3032 1410 σπουδὴν,
3114 1346 3367 1416 ἔγγραφον
3449 1341 3651 1412 ἀφῆκεν
3713 1343 3890 1414 ἀρίστην

2325 1437 2638 1508 ὑπομνησιν.
2713 1435 2969 1508 Ἱστορίαν
3023 1436 3124 1507 γὰρ
3183 1437 3252 1496 ὡς
3303 1434 3364 1484 ἄν
3421 1431 3668 1496 ἐκτιθεὶς,
3739 1431 3798 1491 εἰς
3853 1431 3892 1482 τὲ

2327 1521 2628 1578 δωδέκατον
2683 1526 2792 1586 ἔτος
2849 1527 3074 1596 Σευὴρου
3141 1527 3234 1580 τὴν
3285 1525 3488 1596 γραφὴν
3538 1519 3754 1578 ἱτησιν·
3805 1521 3890 1590 ivi

2327 1611 2484 1676 δῆλός
2533 1612 2680 1666 ἔστιν
2729 1613 2960 1684 οἰόμενος
3011 1611 3104 1670 τῆν
3165 1611 3588 1686 πολυθρύλλητον
3643 1613 3892 1684 παρουσίαν

2325 1709 2416 1755 τοῦ
2470 1701 2850 1776 Ἀντιχρίστθυ
2901 1700 2983 1753 ἐτι-ι
3049 1707 3156 1763 τοῖς
3213 1705 3328 1752 τότε
3391 1705 3620 1774 χρόνοις
3679 1695 3890 1768 ἐγγίζειν.

2327 1785 2620 1866 ’Δναρέθιζε
2669 1787 2728 1844 δι
2781 1798 2938 1846 τοῦτο
2981 1795 3076 1842 καὶ
3119 1791 3212 1852 τὰς
3259 1797 3359 1840 τῶν
3421 1787 3628 1840 πολλῶν
3701 1781 3896 1848 διανοίας

2325 1879 2566 1952 ἐκύμαινε
2631 1887 2848 1932 τοιῡατα
2913 1875 3220 1954 καροδοκεῖν
3290 1879 3315 1928 ό
3393 1871 3656 1934 τηνικάδε
3707 1877 3894 1935 κινηθεὶς

2325 1966 2673 2044 σφοδρότατος
2725 1965 2975 2040 διωγμὸς.
3025 1967 3144 2024 Ἔτι
3207 1963 3265 2020 δὲ
3321 1971 3412 2018 καὶ
3472 1967 3579 2018 ὅσα
3625 1967 3714 2016 καὶ
3769 1963 3892 2035 Ἰἰριίο

2323 2057 2519 2120 κλειτος
2575 2059 2708 2119 θεῖος
2760 2057 2887 2132 ἀνὴρ
2935 2059 3212 2124 συνετίθει,
3271 2057 3320 2116 ὃς
3375 2059 3466 2107 καὶ
3525 2054 3603 2116 εἰς
3645 2055 3727 2106 τὸν
3769 2053 3894 2108 Ἀπό-

2326 2147 2504 2200 στόλον
2562 2155 2764 2220 πρῶτος
2831 2142 3152 2209 σπουδάςειν
3230 2143 3488 2200 ἐπίϐαλλε,
3579 2143 3806 2214 Μάξιμος
3851 2139 3894 2194 δῖ

2323 2245 2394 2308 τῷ
2455 2233 2691 2309 ᾁδομένῳ
2739 2233 3007 2298 ζητήδατι
3055 2241 3164 2296 τοῖς
3221 2237 3584 2309 αἱρεσιωταις,
3643 2233 3822 2284 Πόθεν
3869 2233 3888 2288 ᾖ

2323 2332 2537 2392 κακία,
2570 2331 2658 2378 καὶ
2699 2331 2854 2398 Περὶ
2909 2323 3021 2378 τοῦ
3075 2327 3389 2395 γεννητὴν
3449 2325 3772 2398 ὑπάρχείν
3811 2325 3892 2378 τήν

2324 2415 2497 2481 ὕλην,
2549 2413 2724 2477 λύσεις
2777 2413 3184 2489 ἁναντιῤῥήτους
3231 2417 3500 2487 παρέσχε.
3585 2415 3688 2468 Καὶ
3743 2405 3892 2462 Κανδι-

2325 2501 2418 2568 δος
2457 2501 2516 2558 δι
2559 2503 2780 2556 πλεῖστὰ
2833 2509 3086 2570 πονήσας,
3133 2503 3200 2562 εἰς
3251 2507 3345 2560 τήν
3389 2501 3710 2574 Ἐξαήμερον
3751 2499 3894 2570 λόγους

2323 2603 2518 2668 πρῶνος
2573 2592 2866 2652 ἐκτίθησιν.
2922 2592 3195 2653 Ὡσαύτως
3251 2586 3310 2644 δε
3357 2595 3450 2642 καὶ
3500 2590 3698 2644 Ἀπιων
3741 2591 3814 2642 ἰπὶ
3849 2595 3892 2660 τῇ

2323 2683 2451 2756 αὐτῇ
2546 2687 2878 2756 πραγματείᾳ
2951 2681 3094 2754 μάλα
3185 2675 3502 2734 ἐσπόδασεν.
3601 2678 3754 2734 Ἀλλὰ
3827 2681 3896 2730 καὶ

2323 2772 2502 2835 Σέξτος
2557 2778 2848 2830 τηνικαῦτα
2897 2773 2963 2823 τὰ
3015 2773 3135 2844 περὶ
3189 2767 3530 2831 ἀναστάσεως
3593 2770 3892 2840 συνεκρο”τει’

2323 2866 2412 2914 καὶ
2487 2859 2794 2934 ’Δραϐιανός
2849 2857 2898 2911 ἐν
2975 2857 3154 2920 οῖλλαις
3219 2866 3318 2910 τῶν
3405 2859 3556 2930 ἱερῶν
3641 2858 3890 2908 ὑποθέσεων

2323 2950 2570 3008 πλείστην
2623 2949 2801 3021 εἰσῆγε
2877 2943 3140 3006 σπουδήν.
3199 2946 3402 3000 Πολλῶν
3457 2943 3518 3000 δε
3595 2951 3686 2998 καὶ
3765 2943 3892 2996 ἀλλων

2326 3042 2666 3112 συγγραφέων
2757 3036 2976 3090 πλεῖστα
3061 3041 3150 3088 καὶ
3229 3035 3452 3108 μέλιστα
3535 3035 3892 3106 ἐξενηνεγμένων

2251 3107 2292 3165 C
2325 3107 2718 3200 σπουδάσματα
2745 3125 3030 3198 ¹ἐξετίθετο,
3073 3123 3138 3178 ὧν
3166 3107 3260 3178 διὰ
3308 3129 3368 3178 τὸ
3415 3128 3489 3196 μὴ
3539 3122 3894 3196 συμϐάλλεσθαι

2322 3225 2383 3290 τῇ
2439 3219 2680 3290 παρούσῃ
2743 3225 3094 3290 πραγματείᾳ,
3154 3216 3271 3267 οὔτε
3337 3217 3462 3274 τοὺς
3509 3214 3752 3288 χρόνους,
3802 3213 3892 3262 οὔτε

2319 3309 2416 3370 τὰς
2467 3306 2636 3360 αὐτῶν
2692 3308 2920 3378 ἱστορίας
2985 3313 3208 3377 μερικῶς
3267 3301 3658 3376 ἀναγράψομεν.
3728 3307 3890 3353 Tacui-

2321 3415 2404 3450 τοι
2429 3399 2520 3468 μεν
2572 3398 2622 3448 οἱ
2671 3399 2766 3468 πρὸ
2818 3401 2915 3446 τοῦ
2973 3393 3267 3470 Ὠριγένους
3315 3391 3744 3452 ἐκκλησιαστικοὶ
3789 3409 3890 3458 συγ-

2319 3493 2554 3558 γραφεῖς,
2613 3487 2848 3559 ἱστορίαν
2891 3503 2943 3536 τε
2976 3485 3030 3536 ἑκ
3089 3479 3359 3554 διαδοχῆς
3409 3481 3722 3542 κατάλοντες
3763 3479 3888 3552 ἱερὰν,

2321 3581 2412 3628 καὶ
2439 3575 2600 3634 ἄλλως
2638 3581 2746 3636 τοῖς
2795 3573 3086 3646 ἐρεσχελεῖν
3135 3574 3416 3645 ᾑρημένοις
3472 3573 3561 3624 οἶά
3619 3589 3730 3624 τινα
3779 3569 3891 3620 θείιὰ

2321 3663 2445 3739 βέλη
2503 3667 2640 3718 κατὰ
2705 3667 2878 3736 στόμα
2937 3671 3400 3738 προσαπαντῶντες
3456 3665 3732 3735 ἱφέροντο⁹
3787 3659 3889 3712 οὕτω

2321 3761 2414 3806 τοῦ
2462 3755 2662 3808 πάντων
2690 3757 3068 3828 προνοουμένου
3128 3759 3282 3822 Θεοῦ,
3317 3753 3452 3823 μετὰ
3479 3755 3606 3814 τους
3659 3749 3691 3804 ἀ
3739 3767 3890 3802 ποστα-

2321 3841 2442 3906 λους
2501 3847 2588 3894 καὶ
2639 3845 2756 3902 τοὺς
2813 3841 2867 3904 ἐξ
2923 3845 3122 3893 ἐκείνων
3179 3837 3350 3902 αὖθις.
3407 3841 3604 3913 αἱμασι
3655 3839 3888 3910 παρτύρων

2323 3937 2414 3984 καὶ
2455 3931 2613 4004 λόγῳ,
2669 3929 2790 4004 βίου
2849 3949 2902 3982 τε
2945 3929 3296 4002 λαμπρότητι,
3347 3931 3414 3982 τὰ
3455 3927 3576 3982 καθ’
3627 3922 3890 4000 ὡμᾶςδιιν-

2327 4021 2566 4082 θύνοντος
2620 4024 2710 4072 καὶ
2765 4019 3103 4093 στηρίζοντος
3131 4021 3181 4080 ες
3221 4013 3574 4090 ἁκράδαντον.
3607 4018 3707 4072 Kal
3731 4017 3788 4068 τὰ
3821 4017 3888 4086 μὲν

2327 4113 2444 4184 περὶ
2473 4110 2666 4162 τούτων
2697 4105 2875 4168 οὕτως.

562 4196 841 4252 cominus
878 4201 1060 4266 atque
1097 4193 1158 4250 in
1203 4193 1419 4250 faciem
1456 4192 1568 4250 illis
1605 4195 1936 4263 congressi,
1975 4195 2155 4266 quasi
2201 4195 2408 4254 divina
2439 4197 2555 4254 tela
2593 4197 2978 4268 conjecerunt
3011 4213 3026 4252 :
3057 4196 3140 4252 ita
3169 4210 3370 4250 rerum
3407 4195 3686 4252 omnium
3719 4194 3822 4248 Deo
3845 4187 3886 4244 id

563 4283 938 4357 providentia
991 4299 1102 4339 sua
1157 4283 1534 4354 disponente,
1612 4287 1677 4338 ut
1733 4289 1870 4355 post
1933 4284 2238 4355 apostolos
2305 4285 2780 4358 eorumdemque
2843 4299 3241 4348 successores,
3299 4299 3541 4340 rursum
3599 4287 3888 4352 martyrum

564 4373 857 4444 sanguine
887 4379 942 4428 et
971 4371 1262 4438 doctrina,
1295 4387 1406 4427 nec
1437 4387 1558 4428 non
1590 4371 1904 4428 sanctioris
1942 4375 2076 4430 vitae
2107 4373 2444 4446 splendore,
2477 4391 2572 4432 res
2605 4374 2952 4432 Christianae
2983 4373 3483 4432 conﬁrmarentur
3515 4387 3530 4428 :
3567 4379 3625 4430 et
3651 4372 3726 4430 ad
3763 4383 3886 4426 sum-

563 4477 751 4530 mum,
783 4466 846 4519 ut
871 4463 1138 4518 immota
1174 4467 1230 4518 et
1259 4459 1761 4533 inexpugnabiles
1787 4467 2012 4528 essent,
2043 4463 2466 4522 stabilirentur.
2499 4463 2581 4522 De
2607 4464 2681 4521 iis
2709 4463 2877 4524 satis.

1156 4587 1381 4645 CAPUT
1405 4587 1628 4646 XXXVI.

563 4697 650 4756 De
665 4692 1043 4762 dissensione,
1073 4711 1207 4768 quae
1228 4701 1348 4752 tum
1373 4697 1445 4752 de
1461 4697 1759 4754 Paschate
1787 4699 1870 4753 est
1904 4699 2222 4756 exorta.De

635 4771 877 4840 synodis
885 4775 1206 4840 propterea
1233 4769 1469 4836 coactis,
1490 4775 1544 4825 et
1571 4773 1636 4824 ut
1658 4784 1857 4826 omnes
1875 4770 1958 4826 ad
1975 4785 2223 4826 concor-

633 4843 796 4898 diam
825 4842 940 4898 sint
969 4840 1224 4898 redacti.

635 4933 951 4988 Enimvero
995 4930 1154 4986 circa
1202 4929 1388 4985 ﬁnem
1433 4929 1666 5002 imperii
1710 4929 2027 4987 Commodi
2071 4931 2223 4988 inter

565 5021 890 5078 Orientales
919 5025 976 5076 et
1005 5018 1417 5076 Occidentales
1453 5019 1737 5076 ecclesias
1769 5035 1890 5075 non
1923 5035 2112 5092 parva
2138 5020 2223 5075 in.

563 5111 706 5168 cidit
751 5109 1020 5183 questio.
1056 5107 1328 5164 Ecclesiae
1373 5123 1632 5179 namque
1669 5109 1901 5164 Asiane
1936 5123 2010 5165 ex
2047 5110 2226 5165 tradi-

563 5203 722 5258 tione
775 5205 1026 5264 vetusta,
1069 5213 1203 5271 qua:
1250 5197 1328 5254 ad
1371 5213 1473 5254 eas
1525 5213 1715 5269 usque
1763 5197 1842 5253 ad
1879 5197 1940 5253 id
1981 5203 2223 5271 tempus

563 5289 918 5348 transmissa
975 5295 1120 5354 erat,
1169 5293 1452 5361 quartum
1500 5287 1794 5344 decimum
1849 5287 2009 5344 diem
2065 5287 2224 5343 lunas

561 5379 1017 5438 observandum
1067 5393 1196 5434 esse
1239 5375 1574 5434 necessario
1611 5377 1934 5444 duxerunt,
1974 5379 2224 5450 quando

565 5477 622 5527 et
651 5469 841 5526 Judaei
879 5485 951 5525 ex
991 5467 1338 5541 prescripto
1379 5465 1529 5538 legis
1574 5481 1801 5538 agnum
1847 5473 2136 5534 mactare,
2169 5471 2228 5524 et

563 5559 789 5622 Pascha
809 5574 986 5617 suum
1007 5555 1377 5616 manducare
1397 5555 1552 5616 soliti
1573 5561 1746 5616 sunt:
1769 5557 2018 5632 perinde
2045 5561 2228 5630 atque

2251 4591 2296 4645 D
2911 4603 3158 4655 ΚΕΦΑΛ.
3197 4590 3349 4673 Ag".

2331 4701 2496 4772 Περὶ
2541 4701 2652 4756 τὴν
2683 4699 2829 4750 τδτ⁶
2865 4701 3218 4769 γενομένης
3257 4693 3610 4772 διαφωνίας
3647 4693 3884 4772 περὶτοῦ

2403 4759 2644 4842 ΙΪάσχα
2671 4789 2684 4803 ·
2716 4772 2839 4842 καὶ
2873 4759 3034 4841 ’περῖ
3061 4777 3178 4820 τῶν
3221 4759 3588 4839 γενομένων
3619 4759 3878 4819 συνόδων·

2401 4847 2511 4894 καὶ
2554 4841 2640 4902 ὡς
2697 4841 2979 4902 ἅπαντες
3037 4843 3506 4912 ὡμοφωνησαν.

2403 4935 2528 5005 Περὶ
2581 4927 2640 4984 δὴ
2683 4933 2750 4984 τὰ
2799 4929 2918 4988 τέλη
2949 4937 3046 4990 τῆς
3099 4925 3341 5001 Romam:
3377 4927 3554 5000 ἀρχῆς
3603 4927 3807 4988 ζήτησις
3841 4917 3882 4970 οὗ
3977 4923 3979 5002 Ξ

2331 5023 2494 5096 μικρὰ
2535 5027 2644 5082 τοῖς
2703 5018 2799 5072 ἀνὰ
2847 5023 2934 5076 τὴν
2989 5019 3052 5070 ἔω
3113 5023 3202 5071 καὶ
3269 5017 3490 5092 ἑσπέραν
3550 5019 3762 5090 ἱερεῦσιν

2331 5127 2465 5166 νετο.
2517 5109 2586 5164 Αἱ
2631 5111 2721 5180 μὴν
2759 5107 2860 5181 γὰρ
2892 5109 3025 5160 κατὰ
3071 5111 3165 5166 τήν
3218 5105 3406 5168 Ἀσίας
3457 5105 3727 5163 ἐκκλησίαι
3765 5103 3820 5158 ὡς
3839 5095 3878 5146 ἂν

2333 5198 2391 5252 ἐκ
2419 5194 2762 5271 παραδόσεως
2807 5195 3039 5270 ἀρχαίας
3081 5201 3247 5268 μέχρι
3283 5192 3349 5254 δὴ
3400 5199 3490 5248 καὶ
3543 5193 3608 5255 εἰς
3639 5184 3878 5248 attito-igit-

2336 5291 2534 5350 θούσης
2578 5291 2672 5345 τὴν
2726 5283 2800 5340 ιδ’
2853 5293 2944 5348 τῆς
2989 5285 3206 5346 σελήνης
3251 5281 3358 5340 δεῖν
3408 5286 3626 5356 ἡγοῦντο
3695 5291 3876 5353 παρατῑι

2333 5385 2439 5452 ρεῖν
2489 5392 2503 5408 ⁸
2537 5377 2761 5435 ὁπηνίκα
2813 5379 2904 5428 καὶ
2960 5371 3236 5436 Ἰουδαίοις
3289 5375 3426 5427 θύειν
3473 5371 3580 5426 ἔδει
3629 5375 3686 5424 τὸ
3733 5363 3876 5442 πρόϐα·

2335 5485 2442 5532 τον,
2483 5470 2574 5520 καὶ
2628 5467 2686 5518 τὸ
2739 5466 2942 5537 Πάσχα
2965 5467 3026 5518 τό
3075 5465 3262 5518 οἰκεῖον
3297 5462 3488 5518 ἐσθίειν
3516 5483 3530 5496 ·
3561 5465 3627 5522 ὡς
3655 5459 3708 5512 ix
3733 5455 3874 5511 παντός

2337 5555 2616 5631 ἀναγκαῖον
2659 5559 2736 5624 ὄν,
2787 5557 2948 5610 ὁποία
2989 5549 3025 5608 δ
3029 5554 3040 5574 ⁸
3083 5553 3142 5608 ἂν
3189 5555 3472 5630 περιτύχοι
3502 5559 3594 5614 τῆς
3633 5539 3872 5622 ἑϐδομέὸοί
