4040 6224
166 260 289 321 1061

155 397 252 444 τῶν
321 391 551 466 ἡμερῶν,
608 391 727 444 κατ’
781 391 946 452 αὐτήν
1008 392 1061 465 γ’
1118 396 1320 453 έκείνην
1383 400 1472 448 καὶ
1543 396 1640 458 τὰς
1699 395 1755 459 ἕξ

156 481 301 541 ἔθους
339 479 641 534 ἐπιλύεσθαι
677 479 907 548 ἀσιτίας,
941 486 1030 535 καὶ
1072 483 1299 545 συνόλως
1336 485 1512 556 φάναι,
1547 487 1754 558 σύναιμα

156 566 443 632 ’ἰουδαίοις
479 574 570 623 xui
600 569 762 633 αὐτὰς
791 574 850 623 τό
890 579 985 623 τοῦ
1025 574 1276 646 ἡμετέρου
1308 575 1510 646 Πάσχα
1548 580 1752 647 μυστὴ-

153 677 265 733 ριον
315 658 621 734 ἐκπληροῦν⁹
674 662 728 712 αἱ
778 657 932 714 δ’ἀνὰ
972 666 1148 714 πᾶσαν
1204 665 1299 720 τὴν
1346 661 1504 721 ἄλλην
1552 666 1616 715 ἕω
1659 667 1750 716 καὶ

151 749 373 822 ἑσπέραν
415 748 688 808 ἐκκλησίαι
727 753 798 822 μὴ
843 749 952 814 ἐξὸν
992 751 1122 803 εἶναι
1164 748 1570 826 διισχυρίζοντο
1613 751 1749 805 οὓτω

150 839 410 912 πράσσειν
442 854 455 870 ’
515 839 889 902 ἁποστολικαῑς
967 836 1026 893 δὲ
1112 837 1475 915 παραδόσεσιν
1558 843 1748 894 ἄνωθεν

151 927 450 999 ἑπομένους,
500 933 558 983 τό
611 928 662 991 ές
711 926 865 1002 δεῦρο
917 937 1186 1004 κρατῆσαν
1243 929 1358 991 ἔθος
1414 930 1748 1003 παραφυλάτ-

149 1020 374 1071 τεσθαι⁶
427 1015 566 1090 μηδὲ
620 1021 724 1093 γὰρ
779 1021 841 1072 ἄν
890 1018 1033 1092 ἑτέρᾳ
1065 1024 1348 1094 προσήκειν
1395 1027 1496 1072 τῶν
1544 1021 1747 1094 ἡμερῶν

148 1109 208 1159 τὸ
263 1110 466 1180 Πάσχα
505 1115 689 1174 ποιεῖν,
743 1112 836 1168 τὴν
877 1112 1120 1168 νηστείαν
1164 1107 1583 1181 ἀπωθουμένους,
1639 1108 1746 1161 ἀλλ’

148 1199 178 1255 ἣ
217 1201 332 1250 κατ’
390 1197 555 1256 αύτὴν
591 1217 652 1269 γε
698 1201 792 1257 τὴν
849 1204 1174 1272 κυριώνυμον
1219 1200 1417 1273 ἡμέραν
1475 1205 1570 1260 τῆς
1628 1196 1748 1250 ἁνα-

149 1291 406 1349 στοὶσεως.
479 1285 745 1340 Ἐντεῦθεν
842 1291 1013 1340 τοίνυν
1084 1286 1396 1360 ἀμφιϐολίας
1500 1286 1748 1347 πλείστης

145 1377 279 1439 ὅσης
359 1375 747 1451 ἐπικρατούσης
824 1383 936 1437 ταῖς
1007 1375 1332 1442 ἐκκλησίαις,
1391 1379 1457 1438 ὡς
1521 1380 1613 1428 καὶ
1677 1374 1749 1435 εἰς

144 1463 425 1518 ἀντίπαλον
504 1461 846 1538 διακριθῆναι
923 1471 1129 1540 μοῖραν,
1214 1465 1445 1518 ἑκάστων
1523 1469 1618 1523 τὴν
1697 1462 1750 1526 ἐξ

146 1552 382 1627 ἀρχαίου
437 1551 738 1628 παράδοσιν
808 1559 1131 1627 πειρωμένων
1183 1556 1472 1629 κρατύνειν,
1537 1550 1750 1606 σύνοδοι

147 1647 445 1697 ἱπισκοπων
511 1647 648 1697 κατά
714 1641 994 1718 διαφόρους
1077 1649 1270 1707 τόπους
1327 1651 1748 1718 συνεκροτοῦντο.

1227 253 1806 326 ΕαειΕεῐΑετιαιΕ
1843 256 2208 328 Htsrohm
2246 274 2379 331 LIB.
2421 261 2520 331 I'v.

3366 269 3505 339 1062

1862 398 2186 455 necessitas
2216 415 2462 472 prorsus
2499 399 2782 472 quaedam
2813 401 3097 474 imposita
3124 403 3210 459 eis
3241 411 3414 472 esset,
3447 409 3508 464 in

1859 501 2285 561 quemcunque
2305 489 2464 545 diem
2485 489 2885 546 hebdomadis
2919 492 3245 560 incidisset,
3275 511 3345 550 eo
3376 497 3507 569 ipso

1859 575 1955 632 die
1987 581 2142 633 stata
2197 583 2602 650 consuetaque
2641 580 3006 636 solverentur
3047 581 3296 653 jejunia,
3329 590 3386 641 et
3420 591 3508 655 (ut

1859 665 2044 721 semel
2065 666 2288 739 dicam)
2315 682 2433 724 una
2453 669 2843 733 cumiudaeis,
2869 669 3032 741 apud
3062 671 3225 743 ipsas
3267 691 3509 748 quoque

1858 770 2096 810 sacrum
2127 756 2314 811 nostri
2351 755 2648 813 Paschatis
2694 759 3048 829 mysterium
3091 761 3506 823 celebraretur.

1856 842 2117 915 Reliquae
2138 860 2278 900 vero
2294 861 2398 916 per
2420 846 2737 912 Orientem,
2769 852 2825 903 et
2845 848 2981 903 item
3006 865 3110 920 per
3131 851 3510 912 Occidentem

1856 932 2116 988 ecclesias
2144 949 2263 989 non
2295 934 2468 990 licere
2498 935 2556 990 id
2588 935 2667 991 ita
2697 935 2888 992 facere
2905 941 3368 1000 asseverabant:
3403 946 3507 1000 sed

1855 1021 2052 1090 potius
2078 1022 2379 1079 obtinente
2405 1029 2554 1092 tum,
2585 1041 2773 1097 quam
2803 1025 3131 1098 antiquitus
3159 1045 3230 1086 ex
3271 1040 3511 1104 aposto-

1855 1107 2048 1164 lorum
2082 1111 2500 1168 traditionibus
2530 1115 2941 1172 continuatam
2958 1119 3340 1191 accepissent,
3373 1139 3511 1179 con-

1856 1197 2171 1253 suetudine
2225 1200 2509 1257 standum
2563 1217 2721 1260 esse.
2771 1207 2898 1259 Non
2951 1207 3109 1261 enim
3144 1208 3352 1266 decere
3391 1213 3508 1270 alio

1855 1300 2041 1356 quam
2087 1291 2532 1346 resurrectionis
2564 1291 2872 1350 Dominico
2909 1293 3025 1360 die,
3082 1296 3312 1369 jejunio
3365 1303 3512 1373 reje-

1857 1380 1954 1430 cto
1985 1377 2084 1447 (1),
2112 1377 2338 1434 Pascha
2368 1379 2691 1436 celebrare.
2720 1385 2838 1438 Hoc
2880 1399 3017 1440 vero
3050 1387 3232 1442 modo
3279 1396 3512 1448 contro-

1856 1466 2052 1520 versia
2067 1470 2124 1520 et
2141 1466 2414 1522 dissodio
2444 1469 2634 1525 multo
2657 1472 2924 1527 maximo
2941 1473 3001 1527 in
3024 1474 3290 1532 ecclesiis
3313 1495 3508 1552 usque

1861 1555 2013 1609 adeo
2039 1559 2264 1620 exorto,
2287 1561 2350 1611 ut
2373 1557 2524 1613 inter
2541 1573 2601 1613 se
2616 1557 2752 1623 sibi,
2783 1560 3262 1620 adversariorum
3284 1576 3504 1639 partes,

1860 1641 2138 1713 utrinque
2167 1643 2497 1715 antiquitus
2527 1647 2806 1703 traditam
2839 1652 3334 1710 consuetudinem
3360 1657 3509 1714 obti-

149 1735 343 1794 Πάντες
398 1731 450 1786 δ’
509 1733 582 1797 εἰς
635 1737 795 1787 ταυτό
847 1742 944 1796 τῆς
988 1739 1202 1807 γνώμης
1253 1733 1578 1799 έλθόντες,ές
1602 1733 1746 1786 ὕστε-

1860 1745 1999 1786 nere
2024 1730 2241 1788 debere
2269 1735 2792 1807 contendentibus,
2818 1747 3142 1807 sumerent,
3181 1752 3508 1802 conventus

148 1842 236 1897 ρον
263 1827 353 1876 καὶ
402 1825 658 1898 ἔγγραφον
710 1820 889 1896 δόγμα
924 1830 1041 1885 ταῖς
1094 1823 1405 1896 ἁπανταχοῦ
1452 1823 1753 1884 ἐκκλησίαις

151 1908 513 1980 διετυποῦντο,
567 1916 632 1974 ὡς
683 1914 746 1966 ἄν
794 1917 866 1986 μὴ
900 1921 991 1966 τοῦ
1019 1913 1202 1966 λοιποῦ
1240 1916 1290 1965 ἓν
1329 1912 1455 1986 ἄλλη
1489 1921 1588 1964 τῶν
1618 1914 1749 1984 ἡμε-

148 2009 272 2077 ρῶν,
329 2001 438 2054 ἆλλ’
496 2001 548 2055 έν
601 2001 731 2075 αὐτῇ
810 2011 873 2076 τῇ
959 2009 1194 2076 Κυριακῇ
1248 2006 1309 2055 τὸ
1385 2004 1598 2074 φρικτόν
1656 2009 1752 2063 τῆς

148 2090 484 2152 ἀναστάσεως
532 2095 624 2145 καὶ
667 2098 756 2144 τοῦ
812 2094 1013 2164 Πάσχα
1059 2092 1255 2144 τελοίτο
1313 2095 1625 2166 μυστήριον,
1686 2092 1750 2150 ὡς

147 2189 244 2243 τῆς
286 2185 528 2242 νηστείας
576 2176 827 2240 τηνικάδε
882 2178 1194 2234 διαλύεσθαι
1261 2180 1590 2252 ὀφειλούσης.
1646 2183 1748 2232 Καὶ

145 2275 346 2342 γραφαὶ
404 2267 464 2324 δὲ
509 2279 609 2323 τῶν
665 2267 918 2330 τηνικάδε
974 2274 1110 2323 κατὰ
1166 2275 1357 2332 τόπους
1404 2273 1749 2342 γεγενημένων

148 2355 386 2412 συνόδων
438 2362 745 2435 έμφέρονται
777 2377 792 2391 ·
846 2361 914 2412 ὧν
979 2362 1008 2420 ἠ
1066 2363 1156 2432 μεν
1217 2358 1300 2413 ἐπὶ
1363 2359 1564 2432 Ῥώμης
1634 2363 1750 2411 Βίκ-

144 2468 286 2523 τωρα
343 2450 631 2522 ἡγούμενον
716 2452 946 2522 ἱστορεῖ·
1023 2458 1115 2510 τῆς
1165 2445 1214 2502 δ’
1277 2450 1325 2500 έν
1375 2447 1751 2521 Ἱεροσολύμοις

145 2540 454 2611 Νάρκισσον
487 2555 502 2570 ⁶
570 2543 661 2591 καὶ
726 2547 823 2602 τῆς
889 2542 938 2592 ἓν
1027 2538 1351 2597 Παλαιστίνη
1435 2541 1746 2612 Καισαρεία.

149 2627 397 2700 Θεόφιλον
431 2643 447 2659 ⁸
492 2632 584 2681 καὶ
623 2630 862 2683 Κάσσιον
908 2635 1005 2690 τῆς
1042 2633 1246 2702 Τυρίων
1285 2631 1565 2700 παροικίας
1595 2643 1609 2658 ⁸
1658 2631 1749 2680 xui

148 2726 248 2770 τῶν
321 2716 370 2770 ἐν
424 2713 745 2789 Πτολεμαΐδι
803 2716 1020 2792 Κλάρον.
1090 2723 1192 2776 Τῆς
1249 2713 1308 2769 δὲ
1363 2719 1500 2768 κατά
1563 2720 1750 2769 Πόντον

149 2809 487 2880 γεγενημένης
535 2806 748 2878 Παλμᾶν
827 2809 914 2858 τὸν
970 2804 1325 2878 ἀρχαιότατον
1379 2807 1751 2880 προκαθῆσθαι

153 2894 305 2967 λέγει.
357 2901 469 2949 Τῶν
523 2892 582 2948 δι
633 2897 768 2948 κατὰ
816 2893 1033 2947 Γαλλίαν
1080 2913 1134 2946 τε
1186 2899 1272 2946 καὶ
1332 2896 1408 2946 ἔτι
1459 2894 1750 2968 Ὀσροηνὴν

148 2988 237 3037 τόν
265 2984 566 3059 Εἰρνηναῖον
607 2986 802 3058 ἱστορεῖ
835 2984 1220 3057 προτάττεσθαι
1252 3001 1265 3012 ⁸
1301 2979 1415 3035 ἰδία
1444 2979 1503 3036 δὲ
1543 2985 1751 3056 Βάκχυ-

144 3072 252 3133 λον.
327 3073 379 3125 ὃν
457 3075 739 3147 Κορινθίων
814 3075 1098 3126 ἐπίσκοπον
1178 3074 1534 3147 ἱστορήσαμεν
1567 3091 1580 3106 ο

140 3163 401 3216 πλείστων
460 3162 624 3215 ἄλλων
666 3161 715 3215 οἳ
765 3167 863 3235 μιᾷ
898 3161 1058 3235 ψήφῳ
1096 3164 1232 3214 κατὰ
1277 3166 1372 3220 τὴν
1427 3167 1750 3236 κυριώνυμον

141 3254 202 3305 τὸ
259 3253 463 3323 Πάσχα
516 3250 759 3305 έπιτελεῖν
800 3253 1070 3326 ἐγγράφως
1108 3255 1386 3322 ὡρίσαντο.
1442 3253 1509 3304 Ο¹ί
1561 3270 1618 3323 γε
1646 3255 1749 3323 μὴν

139 3344 280 3394 κατὰ
359 3340 713 3399 Παλαιστίνην
797 3343 1105 3414 Νάρκισσός
1160 3359 1216 3393 τε
1277 3344 1371 3392 καὶ
1448 3339 1685 3402 Κάσσιος
1723 3343 1749 3393 ό

137 3433 336 3504 Τύρου,
393 3433 484 3483 καὶ
531 3432 557 3482 6
609 3426 965 3502 Πτολεμαῖδος
1035 3429 1255 3501 Κλάρος,
1341 3433 1432 3481 καὶ
1507 3431 1623 3481 ὅσοι
1677 3425 1744 3488 δὴ

139 3519 288 3572 ἄλλοι
369 3521 422 3581 ἃς
475 3522 636 3572 ταυτό
697 3519 971 3585 συνῆλθον,
1063 3523 1229 3592 μυρία
1289 3519 1424 3571 ἄττα
1500 3523 1748 3593 πρότερον

140 3606 434 3672 διελθόντες
480 3614 599 3683 περὶ
637 3616 728 3670 τῆς
771 3608 824 3672 ἐξ
859 3608 1036 3683 ἀρχῆς
1088 3617 1189 3660 τῶν
1240 3606 1542 3661 ἀποστόλων
1579 3627 1748 3682 παρα-

139 3694 343 3759 δόσεως
393 3705 486 3751 τοῦ
527 3699 745 3770 Πάσχα,
803 3703 891 3750 καὶ
950 3695 1000 3758 ές
1053 3696 1243 3759 αὐτοὺς
1295 3696 1567 3762 ἐλθούσης,
1610 3699 1747 3750 κατὰ

135 3791 201 3842 τὸ
230 3787 374 3850 τέλος
402 3795 496 3851 τῆς
552 3785 839 3849 συνοδικῆς
883 3793 1091 3862 γραφῆς
1140 3791 1232 3838 καὶ
1269 3793 1436 3839 ταῦτα
1477 3783 1543 3844 δὴ
1579 3805 1743 3858 προσο

132 3878 350 3931 τιθέασι
380 3893 394 3908 ⁸
425 3898 452 3927 α
484 3882 591 3938 Τῆς
639 3873 699 3930 δε
751 3875 1029 3936 ἐπιστολῆς
1085 3877 1231 3946 ἡμῶν
1284 3877 1566 3947 πειράθητε
1609 3877 1746 3928 κατὰ

131 3973 320 4022 πᾶσαν
385 3964 664 4025 έκκλησίαν
741 3965 1033 4041 ἀντίγραφα
1118 3961 1548 4036 διαπέμψασθαι,
1609 3964 1744 4024 ὅπως

133 4061 213 4130 μὴ
268 4058 445 4128 ἔνοχοι
490 4054 622 4128 ὦμεν
676 4063 787 4117 τοῖς
839 4051 1036 4129 ῥᾳδίως
1087 4054 1350 4107 πλανῶσιν
1401 4051 1597 4106 έαυτῶν
1647 4053 1743 4113 τὰς

131 4147 351 4220 ψυχάς.
391 4143 648 4217 Δηλοῦμεν
700 4141 758 4198 δι
805 4145 948 4217 ὑμῖν,
999 4144 1080 4196 ὃτι
1131 4151 1194 4216 τῇ
1249 4142 1382 4216 αὐτῇ
1437 4143 1610 4217 ἡμέρᾳ
1650 4145 1741 4194 xui

130 4239 185 4289 ἒν
218 4230 590 4308 Ἀλεξανδρείᾳ
635 4235 858 4307 ἄγουσιν
899 4232 1030 4306 ᾗπερ
1079 4236 1170 4284 καὶ
1222 4234 1394 4304 ἡμεῖς.
1429 4231 1561 4307 Παρ’
1592 4233 1740 4304 ἡμῶν

126 4327 239 4400 γὰρ
283 4325 352 4377 τὰ
387 4326 674 4396 γράμματα
719 4322 994 4395 κομίζεται
1032 4320 1226 4388 αὐτοῖς,
1283 4325 1374 4374 καὶ
1427 4323 1553 4394 ἡμῖν
1611 4319 1736 4395 παρ’

129 4419 330 4480 αὐτῶν,
381 4415 516 4466 ὥστε
572 4417 857 4486 συμφώνως
915 4415 1006 4464 καὶ
1058 4411 1187 4484 ὁμοῦ
1238 4411 1383 4483 οἴγειν
1447 4411 1591 4483 ἡμᾶς
1641 4413 1737 4469 την

127 4505 291 4577 ἁγίαν
321 4504 515 4577 ἡμέραν
548 4521 598 4556 ι).

732 4699 974 4751 ΚΕΦΑΛ.
1019 4701 1142 4751 AZ‘.

131 4810 294 4881 Περὶ
353 4812 465 4881 τῆς
523 4802 832 4881 ξιξ-Ἀσίᾳ
892 4800 1245 4881 διαφωνίας
1300 4800 1736 4881 τοῦΑΠάσχα·

207 4875 320 4932 καὶ
360 4880 478 4950 ὄ-σα
512 4879 537 4930 6
573 4875 847 4950 Ἐφέσου
888 4875 1310 4950 Πολυκράτης
1350 4877 1628 4948 Βίκτωρι
1660 4882 1740 4946 τῷ

205 4947 506 5025 προέδρῳ
546 4946 666 5012 τῆς
697 4949 937 5022 Ῥώμης
976 4946 1273 5020 ἔγραψεν.

207 5063 354 5112 Πᾶσι
409 5059 499 5130 μὲν
543 5051 632 5109 οὖν
681 5055 753 5118 εἷς
799 5056 917 5130 ὅρος
964 5055 990 5106 ό
1037 5054 1216 5129 ῥηθεὶς
1273 5051 1636 5116 ἄξενήνεκται·
1691 5053 1740 5104 οἱ

131 5145 188 5202 δ’
225 5147 277 5200 ἄν
319 5145 481 5216 Ἀσίᾳ
535 5148 625 5197 xui
679 5143 756 5196 ἒτι
807 5141 1236 5218 ὃιισχυρίζοντο,
1283 5145 1374 5194 καὶ
1425 5151 1626 5218 χρῆναι
1654 5144 1740 5214 μέ-

128 5257 239 5312 χρι
285 5235 460 5298 τέλους
516 5241 635 5296 ταῖς
682 5232 1054 5295 ἀποστολικαῖς
1109 5231 1345 5304 ἀντέχειν
1405 5228 1740 5306 παραδόσεσι

131 5325 251 5381 δεῖν
311 5329 493 5398 ᾤοντο.
549 5331 656 5385 Τῆς
702 5320 751 5377 δ’
811 5323 889 5377 ἔπ’
939 5323 1150 5384 ἐκείνοις
1194 5319 1350 5384 δόξης
1396 5323 1739 5397 προασπίζων

127 5417 374 5493 μάλιστα
446 5412 790 5487 Πολυκράτης
845 5408 926 5479 ἦν,
995 5413 1021 5465 6
1071 5419 1168 5473 τῆς
1236 5410 1484 5484 Ἐφεσίων
1552 5409 1743 5474 πόλεως

206 5577 291 5656 (t)
329 5578 480 5636 Tum
508 5574 668 5634 enim
693 5572 969 5650 jejunare
1001 5569 1318 5632 Christiani
1354 5569 1665 5632 desinunt.

1861 1818 2279 1892 episcoporum
2311 1823 2493 1878 variis
2521 1823 2581 1878 in
2619 1824 2764 1880 locis
2797 1833 2936 1883 sunt
2964 1830 3100 1886 acti.
3137 1831 3242 1888 Ubi
3273 1850 3410 1890 cum
3443 1837 3507 1891 in

1859 1909 2136 1966 eamdem
2151 1911 2582 1968 concessissent
2598 1915 3193 1989 sententiam,postea
3223 1923 3507 1979 omnibus

1859 1998 2084 2072 ubique
2113 1999 2379 2055 ecclesiis
2419 2001 2724 2058 decretum
2762 2004 2886 2060 sive
2925 2007 3182 2064 edictum
3218 2012 3508 2085 scriptum

1857 2088 2248 2160 promulgaru
2264 2095 2328 2146 ut
2365 2095 2420 2146 et
2451 2099 2910 2163 proposuerunt,
2950 2102 3012 2152 ut
3041 2097 3115 2154 de
3145 2105 3360 2157 caetero
3384 2117 3508 2158 non

1857 2178 1976 2234 alio
1995 2195 2182 2252 quam
2206 2181 2511 2236 Dominico
2537 2181 2631 2236 die
2659 2185 3036 2241 tremendum
3061 2191 3508 2246 resurrectionis

1857 2274 1915 2326 et
1957 2269 2262 2326 Paschatis
2317 2271 2689 2341 mysterium,
2739 2273 2969 2343 jejunio
3013 2280 3139 2332 tum
3197 2279 3505 2349 solvendo,

1859 2359 2273 2416 celebraretur.
2311 2358 2484 2430 337
2521 2359 3024 2420 Circumferuntnr
3059 2367 3236 2422 etiam
3269 2383 3510 2425 numce-

1858 2449 2221 2505 lebratarum
2248 2463 2318 2504 eo
2351 2454 2616 2520 tempore
2669 2451 3041 2520 synodorum
3097 2453 3323 2523 litterae,
3371 2474 3508 2530 quas

1859 2537 2161 2594 variarum
2186 2537 2326 2592 hinc
2347 2542 2404 2592 et
2433 2536 2572 2592 inde
2602 2538 2986 2596 ecclesiarum
3014 2543 3328 2617 episcopos
3356 2547 3510 2603 desi-

1860 2633 2046 2698 gnant
2079 2643 2092 2679 :
2122 2627 2406 2682 Romana:
2442 2625 2664 2683 scilicet
2692 2629 3005 2695 Victorem,
3027 2634 3508 2706 Hierolymitanae

1858 2716 2225 2781 Narcissum,
2256 2716 2538 2772 Caesareae
2591 2715 2915 2774 Palaestinae
2960 2721 3374 2794 Theophilum,
3403 2729 3512 2799 Ty-

1858 2807 2084 2864 riorum
2112 2804 2405 2868 Cassium,
2439 2803 2814 2860 Ptolemaidis
2849 2806 3108 2864 Clarum.
3137 2811 3371 2868 Ewdem
3424 2814 3512 2870 lit-

1859 2901 1998 2952 teras
2037 2895 2206 2950 Ponti
2244 2893 2509 2949 ecclesiis
2551 2900 2676 2949 tum
2727 2895 3034 2966 praefuisse
3060 2898 3328 2958 indicant
3361 2905 3513 2958 anti-

1859 2984 2220 3060 quissimum
2258 2983 2523 3038 Palmam
2559 3000 2572 3039 :
2620 2983 2820 3039 Galliae
2859 2990 3060 3042 autem
3115 2992 3296 3060 atque
3331 2992 3511 3048 etiam

1659 3077 1750 3126 xui
1781 3103 1822 3161 ρ
1861 3079 2136 3134 Οετοθηω
2167 3071 2555 3128 ecclesiarum
2589 3073 2878 3129 Irenaeum
2924 3091 2936 3131 :
2988 3076 3250 3133 Corinthi
3307 3085 3510 3137 autem

1860 3162 2228 3234 Bacchylum
2262 3180 2276 3220 :
2307 3167 2364 3217 et
2387 3161 2830 3232 provinciarum
2887 3163 3141 3220 aliarum
3192 3166 3361 3235 alios,
3402 3168 3510 3242 qui

1859 3269 1981 3310 uno
2018 3251 2304 3322 suffragio
2352 3255 2409 3306 et
2453 3252 2744 3306 sententia
2786 3268 2997 3308 omnes
3053 3254 3362 3312 Dominico
3414 3258 3510 3314 die

1858 3341 2084 3399 Pascha
2106 3339 2534 3396 celebrandum
2556 3347 2901 3396 sanxerunt.
2927 3343 3235 3399 Narcissus
3266 3362 3431 3412 sane,
3455 3353 3512 3404 et

1859 3433 2116 3495 Cassius,
2147 3429 2464 3494 Palaestini,
2497 3435 2554 3485 et
2583 3429 2790 3486 Clarus
2818 3447 2854 3487 a
2889 3432 3274 3501 Ptolemaide,
3319 3443 3374 3491 et
3396 3437 3504 3509 qui

1857 3527 2146 3594 prmterea
2195 3521 2258 3575 in
2296 3519 2571 3575 eamdem
2604 3534 2936 3576 convenere
2990 3523 3314 3594 synodum,
3369 3541 3509 3581 cum

1857 3611 2122 3683 primum
2171 3607 2623 3682 quamplurima
2651 3609 2726 3663 de
2758 3607 3090 3678 traditione,
3123 3628 3309 3684 quam
3338 3612 3508 3668 initio

1856 3699 1935 3756 ab
1965 3697 2257 3771 apostolis
2289 3702 2593 3768 sumptam
2623 3712 2810 3768 usque
2840 3698 2917 3754 ad
2945 3704 3214 3772 tempora
3241 3717 3350 3758 sua
3372 3716 3512 3756 con-

1855 3792 2178 3858 servarant,
2205 3786 2648 3857 exposuissent,
2671 3787 2828 3842 circa
2850 3787 3032 3843 tinem
3061 3790 3368 3860 synodalis
3400 3790 3511 3847 de-

1854 3878 1994 3934 creti
2041 3877 2172 3932 haec
2223 3889 2466 3948 quoque
2509 3874 2796 3930 addidere
2845 3891 2860 3930 :
2911 3895 2940 3927 (ι
2989 3877 3267 3948 Epistolas
3327 3878 3507 3949 hujus

1852 3971 2070 4023 nostrae
2092 3965 2264 4021 facite
2295 3969 2354 4020 ut
2380 3963 2457 4019 ad
2499 3962 2783 4018 ecclesias
2810 3980 3022 4020 omnes
3057 3967 3334 4038 exempla
3367 3969 3509 4024 mit-

1852 4061 2054 4113 tantur
2081 4071 2095 4111 :
2139 4069 2212 4110 ne
2261 4053 2481 4109 scilicet
2512 4053 2594 4108 rei
2627 4058 2805 4126 atque
2851 4055 3169 4127 participes
3191 4056 3380 4112 simus
3403 4073 3509 4114 eo-

1849 4160 2006 4210 rum,
2029 4144 2133 4216 qui
2161 4142 2331 4199 facile
2349 4141 2588 4198 animas
2619 4159 2763 4199 suas
2786 4143 3094 4214 decipiunt
3125 4150 3303 4218 atque
3331 4146 3507 4203 sedu-

1849 4239 2010 4292 cunt.
2041 4233 2322 4289 Certiores
2343 4236 2545 4288 autem
2573 4247 2683 4288 vos
2709 4231 2991 4300 facimus,
3020 4233 3236 4290 eodem
3257 4251 3506 4307 prorsus

1847 4323 1946 4381 die
1966 4319 2357 4386 Alexandriae,
2389 4335 2512 4394 quo
2539 4321 2704 4394 apud
2746 4337 2870 4388 vos,
2911 4323 3139 4380 Pascha
3178 4322 3504 4383 celebrari:

1845 4415 2072 4506 litteras
2097 4427 2363 4506 namque
2392 4427 2464 4468 ea
2496 4410 2662 4506 dere
2701 4411 2780 4468 ad
2809 4411 2940 4506 illos
2991 4412 3292 4482 dedimus,
3326 4420 3507 4487 atque

1844 4501 1928 4578 illi
1969 4504 2178 4562 itidem
2225 4501 2302 4559 ad
2332 4517 2444 4557 nos
2472 4501 2783 4572 scripsere,
2835 4502 2918 4558 ita
2941 4507 2999 4558 ut
3035 4518 3156 4560 uno
3198 4517 3505 4560 consensu

1847 4595 2026 4653 simul
2050 4596 2328 4650 sanctum
2351 4589 2516 4646 hunc
2552 4604 2916 4662 peragamus
2942 4591 3124 4648 diem.
3154 4612 3182 4644 ››

2415 4697 2646 4790 CAPUT
2673 4695 2934 4754 XXXVII.

1845 4813 1931 4870 De
1955 4809 2313 4868 dissensione
2340 4807 2694 4863 Asianorum
2723 4813 2971 4878 propter
2990 4804 3225 4878 Pascha
3251 4817 3271 4860 .°
3299 4811 3354 4863 et
3380 4817 3506 4878 quae

1917 4899 1986 4940 ea
1999 4884 2070 4938 de
2081 4897 2144 4938 re
2157 4881 2503 4950 Polycrates
2516 4878 2809 4950 Ephesius
2821 4877 3128 4947 episcopus
3156 4877 3222 4933 Vi
3230 4877 3508 4934 ctoriRo-

1916 4970 2094 5012 πιαηο
2125 4949 2395 5023 episcbpo
2431 4949 2756 5019 scripserit.

1921 5062 2010 5118 Ad
2057 5075 2267 5117 omnes
2304 5057 2481 5128 igitur
2520 5071 2709 5112 unum
2738 5054 2852 5111 hoc
2883 5055 3300 5127 praescriptum
3329 5058 3386 5111 et
3417 5069 3504 5110 re.

1848 5152 1989 5225 gula
2013 5155 2099 5207 est
2115 5147 2442 5218 divulgata.
2465 5144 2668 5202 Asiani
2698 5149 2900 5200 autem
2924 5144 3276 5200 sententiam
3302 5143 3503 5199 adhuc

1849 5258 2023 5298 suam
2048 5238 2405 5305 retinebant,
2433 5241 2489 5292 et
2519 5252 2582 5290 se
2608 5233 2689 5290 ad
2717 5233 2898 5289 ﬁnem
2932 5249 3121 5306 usque
3150 5233 3504 5290 traditiones

1850 5329 2206 5405 apostolicus
2243 5327 2560 5384 defendere
2596 5329 2868 5397 oportere
2897 5323 3319 5394 opinabantur.
3355 5323 3503 5379 Sen-

1849 5421 2048 5481 tentiis
2086 5435 2295 5478 eorum
2325 5415 2645 5492 primarius
2673 5412 3056 5487 potissimum
3085 5419 3500 5487 propugnator
