4040 6224
567 237 709 292 1063

1877 231 2262 290 NICEPHORI
2307 229 2624 289 CALLISTI

3751 242 3860 300 1064

563 368 694 418 erat
717 361 1074 436 Polycrates,
1101 360 1362 418 ecclesia:
1391 359 1784 433 Ephesiorum
1803 361 2066 416 antistes.
2091 360 2216 426 Hic,

2330 365 2444 423 τοὺς
2497 366 2682 424 οἴακας
2735 361 3215 434 ἐγκεχειρισμένος.
3283 361 3378 424 Ὃς
3431 359 3581 432 δῆτα,
3621 367 3752 430 πολύς
3803 391 3866 434 τις

563 467 824 524 magnus
855 455 910 508 et
935 451 1300 522 apostolicus
1340 451 1430 506 vir
1465 451 1724 518 habitus,
1756 449 2133 506 traditionem
2165 455 2222 505 et

563 542 979 598 auctoritatem
1009 540 1406 611 apostolicam
1438 541 1516 595 ad
1561 545 1838 611 tempora
1864 556 1974 594 sua
2003 539 2222 597 duran-

561 633 683 686 tem
731 631 942 686 Victori
987 629 1269 701 episcopo
1326 635 1382 686 et
1431 629 1688 685 ecclesiae
1737 629 1899 684 urbis
1935 629 2221 685 Romanae

561 718 896 784 declarans,
921 719 998 774 ad
1019 719 1178 774 hunc
1203 719 1448 774 modum
1469 719 1702 790 scripsit
1728 735 1740 773 :
1767 737 1797 769 «
1817 721 1932 774 Nos
1959 718 2222 790 profecto

561 807 722 864 diem
751 807 913 864 hunc
959 808 1376 864 intemeratum
1407 814 1588 880 atque
1619 809 1990 872 inviolatum,
2025 823 2222 880 neque

561 896 870 962 addentes,
895 912 1093 969 neque
1116 897 1448 952 auferentes
1471 897 1826 969 quidquam,
1851 897 2220 967 peregimus.

561 987 628 1042 In
654 987 793 1042 Asia
831 1002 1096 1058 namque
1125 985 1394 1056 ingentia
1444 986 1774 1058 primordia
1816 987 2121 1042 dormiunt
2151 1003 2222 1042 ac

560 1075 1015 1146 conquiescunt,
1045 1091 1182 1148 quae
1201 1074 1450 1147 quidem
1489 1075 1885 1144 resurgentin
1923 1075 2221 1131 adventus

566 1165 748 1236 338
795 1165 1028 1220 Domini
1073 1164 1258 1220 nostri
1287 1165 1382 1219 die
1429 1183 1442 1222 :
1502 1180 1625 1235 quo
1653 1163 1750 1219 die
1776 1180 1916 1220 cum
1963 1165 2152 1234 gloria
2189 1181 2221 1220 e

561 1254 725 1309 caelis
751 1253 966 1320 veniet,
1013 1257 1070 1309 et
1111 1253 1502 1309 exsuscitabit
1523 1269 1734 1309 omnes
1768 1259 2008 1310 sanctos
2040 1271 2052 1309 :
2087 1254 2222 1309 Phi-

558 1341 762 1414 lippus
796 1342 1067 1398 videlicet
1107 1357 1178 1398 ex
1207 1341 1527 1398 duodecim
1556 1342 1843 1415 apostolis
1893 1359 2070 1406 unus,
2116 1339 2220 1416 qui

559 1431 858 1502 Hierapoli
899 1431 1263 1487 obdormivit
1305 1451 1316 1490 :
1363 1431 1622 1504 duasque
1652 1431 1787 1487 filice
1821 1432 1971 1502 ejus,
2011 1432 2091 1488 ad
2120 1433 2218 1488 de-

561 1522 851 1594 crepitam
877 1537 1066 1592 usque
1094 1524 1326 1576 aetatem
1359 1522 1617 1593 virgines
1649 1537 1662 1576 :
1711 1521 1906 1576 etalia
1937 1527 2222 1593 praeterea

559 1609 685 1667 filia
721 1611 872 1680 ejus,
915 1611 976 1665 in
1027 1611 1246 1681 Spiritu
1285 1617 1494 1666 sancto
1543 1625 1719 1665 cursu
1755 1611 1884 1665 vita;
1921 1611 2216 1676 absoluto,

2329 455 2418 503 καὶ
2465 450 2806 511 ἀποστολικὸς
2855 447 2984 502 εἷναι
3045 447 3234 516 δοκῶν,
3301 456 3394 510 τὴν
3447 451 3763 514 ἀποστολικήν
3796 479 3866 512 πα-

2329 537 2552 613 ράδοσιν
2599 547 2689 593 καὶ
2729 540 2998 593 αὖθεντίαν
3045 542 3181 614 ἄχρι
3239 537 3306 600 δή
3349 547 3438 594 καὶ
3481 541 3529 604 ἐς
3573 545 3710 596 αὐτόν
3735 545 3867 599 ἐλθοῦ-

2333 648 2428 681 σαν
2481 633 2704 704 Βίκτωρι
2759 635 2850 682 καὶ
2897 637 2960 702 τῇ
3015 633 3152 682 κατά
3199 629 3400 702 Ῥώμην
3441 629 3707 704 Ἐκκλησία
3739 655 3866 710 παρα-

2333 714 2524 783 δηλῶν,
2583 721 2774 792 ἔγραφε
2815 715 2996 771 τοιάδε
3047 739 3062 753 ·

2328 825 2414 859 τον
2469 807 2662 879 ἄγομεν
2715 811 2808 866 τήν
2859 811 3077 882 ἡμέραν,

3125 741 3147 769 ε
3181 718 3356 790 Ἡμεῖς
3417 716 3504 772 οὖν
3543 719 3866 798 οἱρῥᾳδιούργη-

3163 814 3295 880 μήτε
3365 813 3726 881 προστιθέντες,
3771 819 3865 884 μήτε

2333 895 2719 968 ἀφαιρούμενοι.
2785 902 2886 950 Καὶ
2971 900 3074 969 γάρ
3135 901 3272 950 κατά
3349 903 3444 956 τήν
3503 897 3675 952 Ἀσίαν
3717 903 3868 972 μεγάλε

2333 993 2578 1057 στοιχεῖα
2631 991 2959 1057 κεκοίμηται,
3015 987 3165 1039 ἅτινα
3239 985 3589 1046 ἀναστήσεται
3639 996 3696 1060 τῇ
3743 991 3868 1063 ἠμῖς

2330 1082 2425 1135 τῆς
2505 1080 2804 1145 παρουσίας
2875 1083 2968 1128 τοῦ
3047 1080 3264 1151 Κυρίου,
3325 1075 3374 1128 ἐν
3523 1079 3724 1153 ἔρχεται
3775 1087 3867 1151 μετὰ

2333 1159 2494 1225 δόξης
2569 1163 2622 1226 ἑξ
2698 1171 2946 1238 οὐρανῶν,
3027 1169 3119 1217 καὶ
3201 1163 3490 1224 ἀναστήσει
3563 1169 3739 1228 πάντας
3785 1173 3870 1230 τοὺς

2331 1251 2516 1324 ἀγίους
2547 1269 2559 1282 ·
2625 1251 2876 1306 Φίλιππον
2919 1257 3006 1305 τόν
3070 1262 3170 1305 τῶν
3219 1251 3431 1307 δώδεκα
3473 1253 3754 1308 ἀποστόλων
3797 1257 3870 1320 ὃν,

2329 1343 2385 1404 ὃς
2433 1346 2742 1414 κεκοίμηται
2803 1345 2852 1394 ἐν
2923 1342 3205 1417 Ἱεραπόλει
3239 1365 3252 1377 ·
3345 1349 3434 1396 καὶ
3493 1341 3590 1396 δύο
3651 1347 3872 1418 Θυγατέρες

2332 1430 2494 1483 αὐτοῦ
2563 1439 2912 1505 γεγηρακυῖαι
2990 1435 3236 1506 παρθένοι
3269 1451 3284 1466 ο
3337 1438 3429 1486 καὶ
3489 1435 3520 1490 ἠ
3580 1433 3716 1508 ἑτέρα
3755 1435 3874 1487 αὐτοῦ

2335 1521 2591 1595 θυγάτῆρ,
2673 1519 2722 1573 ἓν
2788 1521 2918 1592 ἁγίῳ
3021 1525 3284 1593 Πνεύματι
3381 1521 3791 1594 πολιτευσαμένη,
3843 1523 3876 1574 έν

2333 1609 2529 1680 Ἐφέσῳ
2570 1609 2909 1663 ἀναπαύεται.
2951 1609 3071 1663 Ἔτι
3109 1608 3170 1664 δὲ
3219 1616 3308 1663 καὶ
3369 1613 3608 1674 Ἰωάννης
3655 1614 3681 1664 ό
3729 1610 3800 1664 ἐπὶ
3835 1617 3876 1664 τὸ

2673 1521 2722 1573 ἓν
2788 1521 2918 1592 ἁγίῳ

558 1699 769 1772 Ephesi
817 1699 1085 1770 quiescit.
1145 1698 1352 1754 Itidem
1384 1705 1439 1754 et
1463 1699 1746 1764 Joannes,
1771 1699 1875 1771 qui
1905 1715 2087 1770 supra
2122 1715 2220 1772 pe-

2336 1701 2530 1762 στῇθος
2571 1707 2663 1752 τοῦ
2723 1704 2919 1774 Κυρίου
2991 1698 3296 1754 ἀναπεσὼν·
3363 1701 3417 1762 ὃς
3476 1703 3684 1773 ἐγενήθη
3743 1704 3876 1774 ἱερεὺς,

559 1795 692 1846 ctus
741 1789 972 1843 Domini
1019 1787 1309 1857 recubuit,
1359 1789 1580 1860 quique
1645 1788 1923 1844 sacerdos
1984 1795 2215 1845 creatus

557 1876 1201 1950 pontiﬁciuminsigne,
1223 1876 1487 1948 petalum
1521 1877 1761 1944 scilicet,
1777 1877 2222 1951 sivelaminam,

558 1971 788 2038 martyr
839 1965 1020 2023 simul
1073 1971 1130 2021 et
1180 1965 1390 2022 doctor
1445 1967 1720 2037 gestavit,
1779 1965 1992 2038 Ephesi
2053 1967 2224 2026 obiit.

559 2055 845 2112 Praeterea
859 2055 956 2110 Pol
961 2069 1224 2127 ycarpus
1238 2056 1656 2126 Smyrenensis
1669 2055 1990 2127 episcopus
2004 2061 2061 2112 et
2075 2073 2225 2112 mar-

561 2152 654 2218 tyr
685 2162 700 2211 ;
735 2145 878 2200 item
907 2143 1202 2199 Thraseas
1242 2145 1543 2200 Eumenius
1574 2144 1914 2217 episcopus,
1943 2145 2226 2217 idemque

559 2240 808 2307 martyr,
837 2233 941 2306 qui
970 2232 1244 2305 Smyrnae
1277 2240 1548 2288 mortuus
1580 2239 1690 2288 est.
1727 2233 1880 2299 Quid
1909 2235 2223 2305 Sangarim

560 2326 912 2398 episcopum
943 2338 975 2378 e
994 2327 1320 2395 martyrem
1351 2323 1573 2388 dicam,
1592 2323 1695 2396 qui
1729 2323 2033 2380 Laodiceae
2059 2341 2222 2380 mor-

561 2419 702 2472 tuus
723 2417 814 2468 est
843 2413 871 2468 ?
901 2415 1184 2468 Praeterea
1215 2411 1424 2468 beatus
1475 2412 1788 2484 Papyrius,
1821 2417 1876 2468 et
1907 2413 2094 2470 Melite
2123 2431 2222 2470 eu-

558 2503 813 2568 nuchus,
865 2501 968 2574 qui
1009 2517 1114 2572 per
1166 2501 1451 2572 Spiritum
1504 2507 1776 2558 sanctum
1827 2504 1950 2558 vita
1981 2509 2222 2574 peracta

559 2592 849 2650 Sardibus
878 2591 1168 2646 humatus
1200 2596 1307 2656 est,
1335 2589 1742 2646 visitationem
1772 2607 1803 2647 e
1835 2591 1998 2648 caelis
2019 2609 2224 2664 exspe-

558 2689 747 2748 ctans,
778 2681 838 2736 in
869 2697 994 2752 qua
1042 2696 1077 2736 a
1122 2681 1374 2736 mortuis
1411 2685 1698 2750 resurget.
1726 2680 1828 2736 Isti
1854 2697 2064 2736 omnes
2093 2683 2224 2738 reti-

557 2777 821 2830 nuerunt
856 2775 912 2825 et
941 2776 1254 2824 servarunt
1278 2769 1576 2824 decimum
1609 2775 1894 2841 quartum
1924 2770 2084 2826 diem
2119 2771 2222 2827 Pa-

559 2861 808 2926 schatis,
853 2860 1027 2930 juxta
1064 2858 1474 2928 Evangelium,
1517 2858 1662 2914 nihil
1695 2860 2220 2928 transgredientes,

557 2949 663 3006 sed
684 2947 1034 3020 praescripto
1052 2948 1268 3003 canoni
1283 2947 1420 3002 fidei
1444 2948 1808 3005 insistentes.
1833 2951 1956 3020 Ego
1977 2949 2220 3021 quidem

555 3046 824 3095 vestrum
849 3043 1027 3108 atque
1049 3035 1202 3091 adeo
1254 3037 1526 3092 omnium
1551 3037 1838 3092 minimus
1872 3037 2221 3109 Polycrates,
2255 3075 2296 3132 ρ

555 3127 727 3200 juxta
768 3130 1164 3195 cognatorum
1207 3140 1502 3188 meorum,
1557 3141 1628 3180 ex
1667 3125 1890 3197 quibus
1921 3127 2222 3199 quosdam

567 3232 700 3272 sum
733 3217 1108 3270 consectatus
1133 3213 1382 3286 (septem
1409 3229 1673 3286 namque
1701 3216 1940 3284 cognati
1970 3216 2086 3272 mei
2107 3221 2226 3286 epi-

558 3305 726 3378 scopi
753 3304 934 3369 fuere,
955 3318 1066 3372 ego
1081 3307 1329 3358 octavus
1354 3303 1510 3374 sum)
1542 3304 1924 3359 traditionem
1953 3305 2222 3363 ambulo.

561 3395 629 3452 Et
681 3392 922 3463 cognati
971 3391 1088 3448 mei
1137 3407 1374 3463 semper
1417 3391 1576 3448 diem
1617 3391 1801 3459 hunc,
1851 3392 1928 3465 (1)
1977 3395 2224 3466 quando

557 3484 902 3542 Iudaeorum
958 3482 1220 3554 populus
1272 3497 1486 3554 azyma
1537 3482 1782 3551 condiit,
1829 3483 2220 3554 celebrarunt.

555 3575 697 3644 Ego,
728 3573 997 3644 inquam,
1036 3569 1270 3638 fratres,
1301 3569 1614 3641 sexaginta
1645 3576 1701 3626 et
1729 3571 2000 3644 quinque
2031 3587 2225 3630 annos

553 3669 730 3720 natus
773 3660 832 3716 in
893 3658 1163 3723 Domino,
1207 3660 1308 3731 qui
1343 3675 1480 3714 cum
1529 3659 1709 3714 totius
1739 3660 1896 3715 orbis
1943 3659 2224 3716 fratribus

558 3753 674 3809 hac
705 3751 780 3806 de
807 3765 868 3806 re
891 3748 1133 3814 contuli,
1176 3753 1234 3803 et
1283 3749 1650 3820 Scripturam
1681 3755 1951 3806 sanctam
1981 3767 2220 3806 omnem

559 3841 803 3912 perlegi,
825 3837 972 3894 nihil
1013 3853 1257 3893 moveor
1287 3843 1388 3893 aut
1419 3837 1732 3910 perturbor
1753 3837 2092 3894 minacibus
2126 3840 2224 3895 de-

557 3927 1040 3988 nuntiationibus
1088 3931 1146 3981 et
1189 3926 1537 3982 terroribus.
1597 3927 1747 3984 Nam
1795 3929 1896 3999 qui
1923 3944 2018 3983 me
2047 3927 2224 4000 longe

562 4021 826 4091 majores
861 4017 1042 4080 fuere,
1071 4015 1207 4088 plus
1258 4015 1665 4072 obediendum
1706 4005 1834 4072 esse
1887 4019 2004 4072 Deo
2035 4033 2222 4089 quam

563 4107 916 4166 hominibus
947 4103 1208 4160 edixere.
1245 4127 1273 4157 ››
1321 4109 1382 4160 ιη
1411 4105 1532 4160 ﬁne
1577 4121 1755 4177 porro
1799 4105 2223 4178 episcoporum

566 4197 838 4254 omnium
851 4194 954 4268 qui
975 4193 1282 4249 sententiae
1299 4210 1422 4249 suae
1444 4195 1882 4250 consentientes
1901 4193 2220 4260 affuerunt,

566 4285 856 4352 meminit,
886 4283 970 4338 sic
1000 4281 1269 4338 scribens
1297 4299 1360 4336 :«
1375 4285 1616 4338 Possem
1639 4283 1886 4354 quidem
1913 4284 2222 4356 episcopo-

2331 1791 2390 1840 τὸ
2425 1787 2640 1840 πέταλον
2679 1793 2992 1860 πεφορεκὼς,
3051 1793 3142 1840 καὶ
3190 1791 3389 1863 μάρτυς
3445 1795 3538 1842 καὶ
3583 1786 3876 1852 διδάσκαλος.

2329 1876 2450 1932 Ἐτι
2509 1874 2568 1930 δε
2611 1882 2700 1930 καὶ
2759 1877 3098 1953 Πολύκαρπος
3139 1879 3164 1930 ό
3200 1877 3249 1930 ἐν
3289 1881 3494 1952 Σμύρνη
3537 1883 3626 1931 καὶ
3651 1879 3880 1940 ἐπίσκοπος

2331 1970 2422 2018 καὶ
2460 1967 2663 2038 μάρτυς
2691 1983 2710 1996 ⁸
2751 1971 2842 2018 καὶ
2897 1971 3160 2042 Θρασέας,
3206 1972 3297 2019 καὶ
3341 1966 3646 2037 ἐπίσκοπος,
3683 1975 3761 2020 καὶ
3785 1972 3879 2041 μείρ-

2331 2075 2425 2116 τυς
2467 2057 2493 2106 ό
2549 2053 2651 2107 ἀπό
2691 2055 2988 2128 Εὗμενειας,
3043 2057 3099 2118 ὃς
3141 2055 3190 2108 ἓν
3239 2059 3443 2129 Σμύρνη
3505 2062 3812 2128 κεκοίμηται.
3837 2063 3881 2110 Τί

2335 2141 2394 2197 δὲ
2451 2141 2534 2197 δεῖ
2586 2145 2748 2216 λέγειν
2819 2148 3078 2218 Σάγγαριν
3161 2145 3447 2198 ἐπίσκοπον
3517 2151 3607 2198 καὶ
3669 2149 3879 2220 μάρτυροι,

2332 2235 2388 2296 ὃς
2449 2233 2497 2285 ἐν
2560 2231 2854 2307 Λαοδικείᾳ
2894 2240 3245 2306 κεκοίμηται;
3291 2237 3368 2288 ἒτι
3427 2231 3488 2288 δὲ
3537 2240 3626 2288 καὶ
3669 2239 3882 2310 [innuptas

2329 2327 2415 2376 τὸν
2475 2325 2752 2399 μακάριον,
2802 2328 2892 2376 καὶ
2943 2324 3210 2377 Μελίτωνα
3247 2328 3334 2376 τὸν
3373 2327 3648 2397 εὐνοῦχον,
3699 2325 3745 2377 ἐν
3785 2325 3881 2396 ἁγίῳ

2331 2415 2596 2484 Πνεύματι
2671 2415 2844 2464 πάντα
2938 2412 3392 2486 πολιτευσάμενον,
3479 2415 3545 2475 ὃς
3633 2421 3785 2467 κεῖται
3851 2413 3883 2464 ἐν

2332 2499 2562 2574 Σάρδεσι
2617 2505 2898 2574 περιμένων
2951 2505 3046 2560 τήν
3116 2501 3216 2554 ἀπὸ
3261 2509 3362 2554 τῶν
3421 2502 3656 2576 οὐρανῶν
3713 2506 3880 2554 ἐπισκο-

2329 2595 2454 2658 πὴν,
2512 2589 2562 2642 ἐν
2713 2589 2767 2642 ἐκ
2814 2599 3003 2663 νεκρῶν
3052 2589 3408 2648 ἀναστήσεται
3453 2610 3466 2660 ;
3539 2592 3699 2644 Οὗτοι
3741 2595 3884 2652 πάντες

2331 2678 2592 2754 ἐτήρησαν
2647 2684 2742 2738 τήν
2798 2681 2993 2753 ἡμέραν
3052 2689 3146 2742 τῆς
3191 2677 3768 2753 τεσσαρεσκαιδεκάτης
3815 2687 3883 2731 τοῦ

2333 2771 2534 2840 Πάσχα
2583 2771 2721 2820 κατά
2773 2772 2829 2820 τὸ
2885 2768 3200 2840 Εὐαγγέλιον
3257 2765 3423 2841 μηδὲν
3481 2771 3882 2843 παραϐαίνοντες,

2333 2857 2462 2910 ἀλλά
2505 2860 2638 2910 κατά
2689 2861 2773 2910 τὸν
2845 2863 3038 2910 κανόνα
3101 2866 3195 2921 τῆς
3242 2863 3464 2920 πίστεως
3517 2858 3884 2922 ἀκολουθοῦντες,

2331 2953 2424 3000 Ετι
2476 2943 2536 2999 δὲ
2585 2946 2732 3018 κάγὼ
2785 2947 2811 2999 ὁ
2859 2949 3162 3020 μικρότερος
3211 2949 3352 3020 ὑμῶν
3411 2952 3498 2998 καὶ
3555 2951 3750 3000 πάντων
3815 2953 3887 2998 Πο-

2330 3035 2614 3109 λυκράτης,
2673 3037 2810 3088 κατά
2861 3033 3159 3108 παραδοσιν
3217 3045 3318 3088 τῶν
3365 3046 3635 3108 συγγενῶν
3685 3057 3794 3110 μου,
3831 3037 3888 3094 οἷς

2331 3129 2423 3177 και
2479 3125 2924 3200 παρηκολούθησα
2983 3131 3124 3178 τισὶν
3181 3125 3350 3178 αὐτῶν
3429 3125 3588 3196 (έπτὰ
3651 3129 3736 3198 μὲν
3789 3121 3888 3182 ἦσαν

2336 3221 2602 3286 συγγενεῖς
2647 3235 2746 3285 μου
2795 3213 3093 3284 ἐπίσκοποι,
3134 3213 3234 3285 ἐγὼ
3289 3211 3348 3266 δε
3409 3211 3628 3285 ὄγδοος,
3673 3220 3756 3268 καὶ
3793 3215 3888 3266 πάν-

2333 3321 2448 3356 τοτε
2485 3307 2577 3362 τὴν
2629 3303 2824 3377 ἡμέραν
2879 3306 3080 3374 ἤγαγον
3127 3305 3175 3355 οἱ
3215 3311 3482 3374 συγγενεῖς
3536 3312 3662 3376 μοῡ,
3713 3305 3786 3356 ὅτε
3815 3309 3890 3352 τῶν
3975 3349 3977 3360 ί

2335 3391 2607 3446 Ἰουδαίων
2663 3394 2688 3444 ὁ
2740 3392 2862 3454 λαὸς
2927 3393 3087 3466 ἤρτυε
3161 3397 3254 3451 τὴν
3333 3394 3578 3465 ζύμην)·
3641 3396 3732 3465 ἐγὼ
3777 3399 3888 3463 γοῦν.

2335 3479 2569 3554 ἀδελφοὶ,
2633 3480 2702 3544 ξε¹
2756 3483 2843 3539 ἔτη
2898 3483 3035 3552 ἔχων
3089 3484 3137 3532 ἰν
3179 3487 3375 3555 Κυρίῳ,
3416 3487 3507 3534 καὶ
3565 3481 3888 3555 συμϐεϐληκὼς

2331 3578 2444 3632 τοῖς
2495 3569 2598 3622 ἀπὸ
2636 3579 2733 3633 τῆς
2783 3570 3082 3642 οἰκουμένης
3135 3567 3396 3642 ἀδελφοῖς,
3446 3575 3542 3623 καὶ
3581 3577 3751 3624 πᾶσαν
3773 3569 3890 3640 ἁγίαν

2333 3663 2540 3735 Γραφήν
2609 3657 2945 3723 διεληλυθὼς,
3013 3659 3072 3710 οὐ
3139 3661 3401 3734 πτύρομαι
3453 3659 3542 3712 ἐπὶ
3613 3668 3722 3722 τοῖς
3769 3679 3891 3711 κατα·-

2331 3749 2756 3820 πλησσομένοις·
2841 3751 2889 3800 οἱ
2973 3750 3072 3820 γὰρ
3149 3747 3275 3821 ἐμοῦ
3366 3749 3606 3821 μείζονες
3667 3749 3889 3825 εἰρήκασι,

2334 3841 2648 3912 Πειθαρχεῖν
2698 3835 2781 3890 δεῖ
2823 3846 2937 3909 Θεῷ
2988 3836 3176 3910 μᾶλλον
3205 3843 3236 3896 ἤ
3283 3837 3598 3910 ἀνθρώποις.
3630 3859 3660 3891 υ
3719 3840 3821 3891 Ἐπὶ
3852 3832 3892 3886 δι

2331 3935 2403 3998 τῷ
2451 3927 2581 3979 τέλει
2633 3932 2720 3979 καὶ
2773 3929 2976 3979 πάντων
3041 3931 3295 3999 μέμνηται
3381 3935 3481 3980 τῶν
3559 3931 3890 4001 συμπαρόντων

2331 4021 2420 4069 καὶ
2474 4013 2863 4088 ὁμοδοξοῦντων
2917 4016 3058 4087 αὐτῷ
3127 4019 3443 4082 ἐπισκόπων,
3501 4026 3679 4070 ταῦτα
3727 4017 3892 4086 λέγων·

2333 4127 2362 4157 α
2420 4103 2725 4179 Ἢδυνάμην
2775 4103 2836 4158 δὲ
2889 4115 2990 4158 τῶν
3047 4104 3345 4160 ἐπισκόπων
3394 4115 3491 4160 τῶν
3555 4109 3892 4180 συμπαρόντων

2331 4201 2706 4268 μνημονεῦσαι,
2759 4195 2850 4256 οὖς
2900 4196 3060 4266 ὑμεῖς,
3117 4195 3378 4258 ἠξιώσατε
3413 4196 3799 4268 μετακληθῆναι
3831 4189 3892 4242 ὑπ’

3259 4285 3328 4337 ὧν
3409 4287 3478 4337 τά
3565 4285 3790 4357 ὀνόματα
3829 4279 3889 4332 ἐὰν

2332 4285 2456 4356 ἐμοῦ
2488 4299 2503 4314 ⁶
2559 4287 2650 4336 καὶ
2711 4283 3132 4357 μετεκαλεσάμην
3165 4305 3180 4318 ο

564 4391 722 4445 rum,
750 4374 854 4448 qui
889 4375 1034 4432 mihi
1073 4373 1314 4437 adsunt,
1342 4371 1516 4426 edere
1541 4371 1812 4437 nomina,
1841 4387 1994 4443 quos
2043 4373 2124 4428 ita
2157 4377 2220 4429 ut

2330 4376 2532 4447 γράφω,
2593 4373 2756 4425 πολλά
2809 4373 2983 4432 πλήθη
3028 4374 3180 4426 εἰσίν.
3240 4375 3306 4426 Οἱ
3347 4370 3405 4426 δὲ
3453 4371 3660 4437 εἰδότες
3711 4378 3788 4427 τὸν
3833 4391 3892 4442 με·

565 4464 858 4532 voluistis,
884 4478 1195 4522 accersens
1219 4460 1491 4516 evocavi:
1520 4461 1626 4515 sed
1657 4475 1866 4516 eorum
1896 4461 2144 4519 nomina
2166 4463 2216 4518 si

567 4555 995 4624 adscriberem,
1031 4550 1347 4610 multitudo
1391 4565 1601 4604 eorum
1631 4549 1692 4605 in
1719 4550 2088 4606 immensum
2119 4567 2216 4608 ex-

566 4651 871 4700 cresceret.
903 4643 986 4700 Illi
1012 4647 1232 4706 autem,
1261 4637 1562 4694 tenuitatis
1587 4654 1737 4694 meae
1763 4638 1944 4711 probe
1970 4641 2215 4710 conscii,

2331 4467 2452 4535 κρόν
2521 4481 2622 4535 μου
2689 4461 2956 4535 ἄνθρωπον
3025 4460 3433 4522 συνηυδόκησαν
3507 4473 3572 4538 τῇ
3657 4461 3888 4530 ἐπιστολῇ,

2332 4549 2528 4614 εἰδότες
2551 4553 2630 4604 ὅτι
2669 4553 2778 4610 εἰκῆ
2813 4551 2996 4614 πολιὰς
3045 4552 3139 4604 οὐκ
3179 4553 3390 4624 ἧνεγκα,
3453 4551 3566 4606 ἀλλ’
3609 4553 3661 4606 ἐν
3713 4555 3888 4627 Χριστῷ

2332 4640 2509 4700 Ἰησοῦ
2539 4643 2758 4695 πάντοτε
2781 4641 3176 4715 πεπολίτευμαι.

565 4733 878 4807 epistolam
909 4731 1204 4789 sententia
1243 4745 1354 4784 sua
1382 4728 1854 4800 comprobarunt
1885 4747 1900 4786 :
1929 4743 2052 4786 non
2075 4729 2420 4800 ignorantes
2443 4747 2540 4788 me
2577 4747 2700 4789 non
2723 4731 2946 4790 frustra
2967 4747 3152 4790 canos
3187 4731 3570 4789 circumferre
3600 4749 3614 4788 :
3657 4739 3798 4790 tum.
3817 4743 3889 4786 au-

572 4829 690 4882 tem
715 4826 896 4881 vitam
929 4837 1024 4880 me
1047 4833 1287 4892 semper
1308 4817 1369 4874 in
1387 4819 1526 4874 Jesu
1549 4818 1779 4875 Christo
1800 4818 1992 4888 egisse
2015 4819 2232 4878 sciunt.

637 4987 716 5053 (1)
745 4984 968 5042 Euseb.
1021 4983 1125 5040 lib.
1171 4999 1230 5050 ν,
1272 4995 1406 5053 cap.
1457 4982 1550 5054 24.
1594 4975 1764 5054 _"0':av
1816 4978 2205 5054 (laedimus

563 5049 660 5117 τὴν
703 5049 909 5127 ζύμην.
961 5049 1225 5127 Νἰοθρὶιέ
1260 5049 1443 5116 addit,
1492 5051 1551 5105 Ὀ
1593 5049 1878 5127 λαόςᾹτῶφ
1927 5049 2200 5127 Ιουδοίίων.

565 5123 903 5200 Legendum
935 5123 1134 5184 tamen
1182 5127 1382 5198 ἄζυμα,
1427 5139 1543 5200 pro?
1573 5127 1667 5200 τὴν
1731 5123 1905 5200 ζύμην
1934 5128 2107 5200 puto.
2139 5126 2206 5180 Et

564 5196 730 5278 apud
751 5206 1072 5275 utrumque
1096 5196 1401 5256 auctorem
1445 5196 1715 5254 notarios
1751 5199 1844 5255 τὴν
1896 5199 2063 5270 ζύμην
2093 5213 2204 5270 pro

2313 4983 2496 5055 ἄζυμα
2519 4982 2826 5056 scripsisse
2857 4982 3057 5050 credo,
3090 4983 3169 5040 ad
3192 4985 3530 5056 Graacorum
3563 4985 3882 5042 sententiam

2313 5055 2721 5181 astrutendam,
2763 5056 2940 5128 quiin
2965 5055 3330 5112 Eucharistia
3357 5069 3511 5126 pane
3551 5057 3876 5114 fermentata

2318 5143 2355 5182 u
2387 5142 2466 5182 un
2503 5141 2598 5182 ur.

2203 5385 2280 5400 .—
