4040 6224
591 219 728 275 1067

1901 211 2286 272 NICEPHORI
2325 211 2640 271 CALLISTI

3751 217 3852 274 {068

584 349 896 406 venerunt.
949 345 1141 416 Atque
1181 341 1460 416 equidem
1513 341 1922 414 maximopere
1973 342 2127 398 inter
2165 359 2204 396 SI

2306 373 2314 395 ι
2345 345 2435 392 καὶ
2464 337 2589 393 οῦδέ
2621 358 2746 392 ποτε
2775 336 2869 390 διὰ
2907 339 2964 390 τὸ
2995 335 3130 400 εἶδός
3167 346 3316 392 τοῦτο
3349 338 3687 397 ἀπεϐλήθησάν
3713 362 3854 405 τινες·

584 441 718 504 ista,
743 435 1062 492 observare
1094 431 1336 498 scilicet,
1377 437 1433 488 et
1463 447 1582 488 non
1608 431 1946 496 observare,
1979 430 2228 488 disside-

584 528 750 585 bant.
773 524 1094 594 Nunquam
1121 527 1324 576 tamen
1383 537 1516 576 eam
1569 521 1648 576 ob
1700 536 1825 576 rem
1867 520 2050 594 aliqui
2092 527 2230 580 sunt

582 615 801 687 rejecti.
836 613 986 677 Quia
1041 610 1154 682 ipsi
1194 625 1314 665 non
1369 609 1781 675 observantes,
1833 609 1937 680 qui
1995 615 2132 666 ante
2177 617 2229 666 te

583 705 819 762 fuerunt
849 699 1198 772 presbyteri,
1237 699 1691 754 advenientibus
1722 713 1792 752 ex
1819 697 2080 754 ecclesiis
2120 699 2227 755 ob-

583 791 960 850 servantibus
1019 787 1444 844 Eucharistiam
1478 789 1561 858 (t)
1617 788 1925 842 miserunt.
1959 791 2039 842 Ac
2089 805 2224 844 cum

579 883 792 940 beatus
833 879 1196 951 Polycarpus
1247 891 1492 948 peregre
1537 875 1794 932 Romam
1843 877 1955 932 sub
1985 877 2226 934 Aniceto

579 972 920 1034 venisset,et
944 965 1382 1039 aliquantulum
1413 964 1492 1020 illi
1519 965 1669 1019 inter
1701 982 1764 1020 se
1793 965 1867 1020 de
1903 966 2078 1020 rebus
2106 982 2224 1024 nou

577 1059 815 1130 magnis
839 1056 1218 1118 dissiderent,
1234 1054 1316 1110 eis
1339 1054 1538 1109 statim
1563 1055 1927 1124 compositis,
1943 1054 2222 1128 deinceps

577 1149 724 1208 nihil
753 1147 1086 1220 quidquam
1115 1144 1528 1200 controversia
1551 1143 1701 1198 inter
1721 1159 1784 1198 se
1813 1144 1886 1199 de
1905 1145 2016 1200 hoc
2031 1147 2222 1217 capite

577 1241 914 1296 moverunt.
947 1235 1147 1305 Neque
1189 1233 1350 1288 enim
1387 1233 1668 1288 Anicetus
1721 1233 2048 1304 Polycarpo
2093 1250 2222 1306 per-

577 1327 828 1384 suadere
859 1323 1070 1398 potuit,
1103 1325 1168 1376 ut
1195 1337 1318 1376 non
1359 1320 1442 1375 ita
1478 1320 1842 1385 observaret,
1869 1323 2094 1394 quippe
2116 1326 2218 1396 qui

573 1418 635 1474 id
667 1421 804 1489 post
836 1415 1130 1468 Joannem
1155 1411 1384 1465 Domini
1425 1410 1609 1465 nostri
1639 1409 2023 1481 discipulum,
2057 1419 2113 1468 et
2133 1427 2219 1468 re-

569 1505 762 1578 liquos
793 1500 1096 1574 apostolos
1132 1515 1270 1554 cum
1307 1497 1528 1570 quibus
1567 1500 1812 1568 vixerat,
1857 1515 2088 1570 semper
2113 1503 2216 1558 ob-

571 1597 904 1650 servasset:
937 1605 1132 1660 neque
1163 1587 1524 1659 Polycarpus
1565 1588 1895 1654 Anicetum,
1933 1595 1992 1644 ut
2015 1590 2217 1646 obser-

567 1687 750 1748 varet,
815 1681 1055 1745 inducit,
1113 1677 1606 1733 consuetudinem
1667 1693 1876 1732 eorum
1930 1679 2034 1750 qui
2107 1697 2216 1736 nos

568 1772 1004 1846 praecesserunt
1017 1767 1498 1838 presbyterorum
1525 1765 1898 1821 retinendam
1928 1783 2058 1823 esse
2081 1769 2216 1825 alle-

567 1867 830 1932 gantem.
851 1860 991 1924 Quae
1020 1873 1156 1910 cum
1186 1859 1266 1910 ita
1283 1871 1346 1910 se
1375 1855 1684 1924 haberent,
1725 1857 2214 1914 communionem

565 1953 717 2008 inter
747 1967 808 2003 se
839 1948 1231 2002 celebrarunt.
1267 1946 1331 1998 Et
1373 1943 1432 1997 in
1485 1943 1620 2014 ipsa
1646 1945 1897 1999 ecclesia
1937 1945 2214 2002 Anicetus

564 2037 948 2096 Eucharistiai
999 2033 1396 2090 ministerium
1436 2031 1739 2104 Polycapo
1787 2034 2032 2089 honoris
2071 2052 2212 2106 ergo

563 2128 848 2202 permisit.
882 2131 1070 2196 Atque
1127 2123 1209 2176 ita
1253 2121 1312 2176 in
1359 2137 1506 2192 pace
1571 2137 1676 2192 per
1704 2122 2034 2178 discessum
2075 2131 2214 2181 sunt

563 2217 814 2288 sejuncti
843 2231 853 2270 :
888 2228 1102 2286 pacem
1117 2226 1360 2283 quoque
1380 2209 1800 2273 ecclesiis,sive
1823 2211 2212 2270 observarent

561 2307 684 2364 sive
729 2321 850 2360 non
884 2303 1292 2363 observarent,
1341 2299 1806 2354 retinentibus.»
1837 2301 2210 2374 Quapropter

559 2396 852 2469 egregius,
895 2399 956 2448 ut
1003 2391 1315 2464 aptissimo
1367 2389 1596 2444 nomini
1640 2405 1750 2443 suo
1801 2391 2205 2462 responderet,

556 2484 903 2558 paciﬁcator
933 2482 1192 2535 lrenaaus
1236 2477 1345 2532 fuit
1390 2477 1494 2548 (2),
1535 2477 1638 2549 qui
1678 2478 1761 2532 sic
1789 2478 2206 2536 intercissioue

557 2589 670 2630 sua
690 2588 898 2645 pacem
927 2568 1198 2624 Ecclesiae
1243 2566 1588 2630 conciliarit,
1622 2573 1676 2622 et
1707 2581 1830 2622 non
1862 2569 2044 2624 modo
2067 2585 2204 2624 cum

553 2660 915 2726 Victore,sed
936 2659 1114 2715 etiam
1153 2673 1292 2712 cum
1309 2656 1435 2712 aliis
1465 2655 1775 2727 permultis
1807 2657 2199 2714 Ecclesiarum

551 2750 933 2818 antistitibus,
975 2746 1366 2816 congruentia
1405 2745 1939 2817 convenientiaque
1962 2747 2044 2802 eis
2069 2763 2202 2819 qum

551 2841 834 2904 diximus,
865 2837 938 2892 de
963 2836 1272 2908 proposita
1291 2833 1620 2905 quaestione
1643 2833 1966 2901 efferendo,
1993 2835 2198 2907 egerit.

552 2929 726 2996 Quod
781 2943 920 2982 vero
959 2940 1157 2981 sermo
1210 2939 1330 2978 non
1383 2924 1702 2994 persuasit,
1733 2923 1794 2978 id
1833 2923 1960 2979 dies
1993 2931 2200 2996 postea

547 3017 814 3092 perfecit.
836 3019 983 3072 Nam
1015 3015 1126 3069 hac
1157 3015 1216 3068 in
1241 3028 1304 3110 re
1329 3013 1468 3110 Asia
1507 3013 1604 3066 vix
1631 3015 1872 3068 tandem
1894 3015 2070 3068 cessit
2101 3030 2113 3068 :
2143 3023 2198 3070 et
2238 3055 2276 3110 Ο

549 3107 774 3178 ubique
805 3111 1096 3160 terrarum
1129 3103 1183 3156 in
1217 3101 1360 3156 orbe
1393 3101 1696 3156 decretum
1723 3107 2035 3168 est,utnon
2059 3119 2197 3160 cum

545 3195 789 3260 Judmis,
833 3191 1005 3264 341
1053 3191 1153 3246 sed
1191 3190 1326 3260 ipso
1365 3190 1673 3244 Dominico
1709 3189 1803 3244 die
1845 3191 2195 3261 mysterium

545 3283 790 3342 Pascha
815 3287 1151 3354 peragatur.
1171 3280 1455 3344 Quamvis
1474 3277 1672 3333 adhuc
1695 3280 1754 3332 in
1773 3280 1908 3334 Asia
1934 3279 2196 3351 reliquiae

541 3373 828 3447 quaedam
870 3373 1174 3434 maneant,
1201 3367 1696 3424 consuetudinem
1730 3383 1862 3424 eam
1899 3369 1956 3422 in
1989 3371 2194 3439 paucis

539 3478 788 3536 prorsus
821 3457 1166 3516 inviolatam
1213 3457 1549 3512 retinentes.
1607 3456 1768 3511 Unde
1811 3459 1990 3512 etiam
2039 3460 2193 3524 Qua-

539 3549 976 3609 tuordecimani
1023 3545 1429 3617 cognominati
1489 3551 1648 3612 sunt,
1699 3547 2190 3604 consuetudinem

540 3657 697 3706 eam,
725 3643 781 3695 et
808 3638 925 3693 alia
963 3636 1246 3708 quaedam
1283 3650 1356 3690 ex
1383 3633 1702 3706 illegitimis
1736 3641 1792 3690 et
1819 3635 1896 3690 ab
1933 3637 2192 3695 Ecclesia

538 3729 774 3800 rejectis
825 3727 991 3782 libris
1041 3725 1325 3796 decerpta
1380 3729 1706 3788 servantes,
1748 3727 1804 3779 et
1843 3725 2189 3781 nominibus

537 3816 944 3892 quorumdam
973 3829 1332 3884 magnorum
1357 3812 1771 3884 apostolorum
1794 3829 1862 3869 ea
1886 3815 1946 3868 in
1963 3831 2025 3870 re
2048 3815 2189 3870 abu-

534 3913 742 3965 tentes.
774 3909 950 3962 Porro
994 3905 1070 3959 de
1129 3903 1414 3959 Paschate
1466 3903 1718 3974 quaestio
1745 3903 1826 3958 ita
1848 3908 1934 3958 est
1961 3903 2182 3970 decisa,

534 4013 668 4054 cum
689 4012 812 4070 qua
834 4000 889 4050 et
911 4009 1017 4049 nos
1041 3993 1224 4048 ﬁnem
1253 3995 1470 4063 quarto
1495 3991 1635 4046 huic
1664 3991 1816 4046 libro
1831 3989 2140 4048 afferimus
2167 4009 2181 4050 :

535 4102 607 4143 ex
619 4103 740 4157 quo
759 4083 1124 4142 Commodus
1137 4082 1381 4154 quidem
1397 4087 1528 4152 post
1543 4080 1936 4136 tredecimum
1953 4082 2186 4154 imperii

533 4191 762 4232 annum
795 4174 978 4229 vitam
999 4171 1170 4235 ﬁniit,
1204 4169 1458 4225 Severus
1492 4185 1630 4224 vero
1654 4175 1792 4240 post
1821 4170 2181 4228 Pertinacem

531 4265 807 4322 nondum
846 4277 1094 4334 prorsus
1139 4275 1375 4315 menses
1424 4275 1527 4314 sex
1561 4261 1622 4314 in
1672 4259 2182 4318 administratione

531 4355 660 4426 ejus
713 4353 1014 4420 transegit.
1057 4348 1331 4404 Continet
1383 4365 1523 4403 vero
1567 4349 1664 4403 hic
1700 4347 1849 4404 liber
1879 4365 2178 4406 annorum

2347 430 2450 482 ἀλλ’
2504 429 2655 481 αὐτοὶ
2713 432 2783 500 μή
2843 435 3120 498 τηροῦντες
3171 430 3219 480 οἱ
3271 431 3370 502 πρὸ
3417 436 3508 481 σοῦ
3560 429 3858 505 πρεσϐύτεροι,

2341 527 2448 581 τοῖς
2486 521 2587 571 άπὸ
2645 526 2744 569 τῶν
2802 525 3086 592 παροικιῶν
3143 525 3396 592 τηροῦσιν
3461 519 3665 589 ἔπεμπον
3728 521 3861 591 Εὐχα-

2339 613 2566 682 ριστίαν.
2620 611 2720 660 Καὶ
2782 613 2872 659 τοῦ
2918 610 3177 680 μακαρίου
3229 604 3286 660 δὲ
3347 605 3674 679 Πολυκάρπου
3723 607 3861 668 imar-

2339 703 2603 770 μήσαντος
2661 696 2710 748 ἐν
2757 696 2924 770 Ῥώμη
2977 694 3060 748 ἐπὶ
3103 695 3408 760 Ἀνικήτου,
3461 702 3549 748 καὶ
3589 701 3694 771 περὶ
3739 699 3861 750 ἄλλων

2337 795 2486 838 τινῶν
2559 789 2722 859 μικρὰ
2795 789 3004 858 ἔχοντες
3075 789 3203 859 πρὸς
3286 785 3549 852 ἀλλήλους,
3619 787 3860 860 εἰρήνευσαν

2335 876 2486 938 εὐθὺς
2559 881 2675 947 περὶ
2749 895 2932 928 τουτου
2989 883 3081 928 τοῦ
3147 874 3445 948 κεφαλαίου,
3493 879 3562 944 μή
3625 875 3863 950 φιλεριστή-

2336 984 2512 1026 σαντες
2567 969 2692 1038 πρὸς
2766 965 2996 1026 ἑαυτούς.
3069 967 3203 1018 Οὔτε
3275 967 3378 1038 γὰρ
3429 966 3454 1016 6
3499 965 3748 1027 Ἀνίκητος
3801 970 3860 1018 τὸν

2335 1053 2670 1127 Πολὺκαρπον
2739 1061 2919 1108 πεῖσαι
2983 1049 3197 1106 ἐδύνατο
3259 1059 3330 1126 μή
3395 1061 3587 1128 τηρεῖν,
3651 1055 3731 1106 ἅτε
3770 1059 3862 1127 μετὰ

2332 1143 2567 1196 Ἰωάννου
2618 1151 2710 1196 τοῦ
2759 1145 2998 1216 μαθητοῦ
3061 1149 3153 1196 τοῦ
3223 1147 3417 1218 Κυρίου
3479 1145 3619 1214 ἡμῶν
3670 1149 3750 1196 καὶ
3793 1153 3862 1196 τῶν

2329 1231 2519 1284 λοιπῶν
2575 1231 2878 1284 ἀποστόλων
2923 1228 3001 1293 οἷς
3047 1228 3411 1304 συνδιέτριψεν
3453 1233 3532 1284 άεὶ
3575 1236 3860 1306 τετηρηκότι,

2330 1325 2446 1372 οὔτε
2510 1323 2536 1374 6
2595 1321 2934 1395 Πολύκαρπος
2997 1324 3085 1372 τόν
3149 1321 3437 1378 Ἀνίκητον
3499 1323 3663 1374 ἔπεισε
3715 1331 3861 1394 τηρεῖν,

2327 1410 2541 1481 λέγοντα
2591 1415 2684 1470 τήν
2727 1412 3001 1468 συνήθειαν
3051 1418 3150 1462 τῶν
3206 1413 3306 1484 πρὸ
3357 1411 3502 1482 ἡμῶν
3561 1409 3864 1484 πρεσϐυτέρων

2329 1499 2542 1572 ὀφείλειν
2624 1503 2888 1572 κατέχειν.
2967 1503 3070 1552 Καὶ
3153 1501 3346 1551 τούτων
3431 1502 3590 1560 οὕτως
3667 1499 3864 1572 ἑχόντων,

2327 1591 2667 1647 ἐκοινώνησαν
2743 1589 2963 1648 ἑαυτοῖς.
3061 1592 3163 1641 Καὶ
3220 1586 3268 1640 ἕν
3325 1596 3386 1646 τη
3447 1589 3693 1660 ἐκκλησίᾳ
3751 1609 3866 1664 παρε-

2255 1694 2293 1747 B
2325 1684 2570 1752 χώρησεν
2633 1680 2658 1730 6
2712 1679 2988 1739 Ἀνίκητος
3055 1681 3149 1735 τήν
3211 1677 3576 1751 Εὐχαριστίαν
3624 1685 3692 1748 τῷ
3745 1679 3867 1731 Πολυ-

2324 1771 2526 1842 κάρπῳ,
2581 1767 2695 1820 κατ’
2763 1765 3011 1841 ἐντροπὴν
3069 1763 3334 1824 δηλονότι.
3393 1771 3495 1820 Καὶ
3551 1768 3658 1840 μετ’
3705 1767 3866 1842 εἰρήνης

2325 1855 2412 1908 ἀπ’
2471 1856 2701 1915 ἀλλήλων
2777 1855 3153 1927 ἀπηλλάγησαν
3228 1857 3402 1917 πάσης
3475 1864 3572 1918 τῆς
3641 1856 3867 1918 ἱκκλησίας

2323 1947 2530 2018 εἰρήνην
2583 1945 2830 2016 ἑχόντων,
2881 1953 2984 1996 τῶν
3057 1946 3349 2016 τηρούντων
3404 1949 3494 1997 καὶ
3555 1949 3624 2018 μή
3696 1949 3866 2018 τηρούν-

2321 2056 2440 2090 των.
2502 2055 2530 2088 ››
2589 2038 2904 2106 Φερωνύμως
2960 2037 3130 2086 τοίνυν
3180 2035 3205 2086 6
3265 2035 3539 2106 Εἰρηναῖος
3599 2033 3868 2108 εἰρηνοποιὰς

2319 2145 2400 2187 τις
2457 2127 2544 2193 ὧν,
2603 2129 2696 2183 τὴν
2752 2123 2958 2198 εἰρήνην
3005 2131 3123 2184 ταῖς
3177 2121 3484 2186 ἐκκ)ησίαις
3539 2123 3812 2198 ἐπρέσϐευεν
3855 2143 3866 2156 ι

2318 2213 2377 2268 οὗ
2430 2221 2502 2284 τῷ
2571 2219 2789 2284 Βικτωρι
2847 2216 3022 2284 μόνον,
3077 2211 3204 2264 ἀλλὰ
3279 2217 3368 2264 καὶ
3419 2209 3686 2288 διαφόροις
3737 2213 3870 2274 ἄλλοις

2318 2303 2603 2360 ἐκκλησιῶν
2697 2303 2921 2374 ἡγεμόσι
3009 2300 3334 2363 καταλλήλως
3431 2310 3540 2363 τοὶς
3631 2307 3870 2376 εἰρημένοις

2315 2398 2432 2466 περὶ
2485 2399 2577 2444 τοῦ
2632 2397 2970 2464 προκειμένου
3031 2395 3327 2464 ζητήματος
3379 2387 3700 2464 διωμιλείτο.
3739 2393 3868 2445 Καίό

2312 2480 2464 2552 λόγος
2503 2481 2598 2533 οὐκ
2641 2483 2831 2546 ἔπεισε,
2871 2487 3022 2532 τοῦτο
3052 2485 3246 2554 χρόνος
3293 2479 3343 2542 ἐς
3393 2484 3612 2554 ὕστερον
3659 2478 3824 2555 ἔδρασε
3854 2497 3866 2514 ·

2312 2577 2402 2624 καὶ
2461 2567 2558 2632 εἶξέ
2593 2589 2652 2642 γε
2681 2571 2709 2628 ἡ
2741 2571 2752 2595 ⁹
2787 2574 2926 2624 Δσία
2970 2573 3121 2641 μόγις
3154 2587 3166 2599 ·
3205 2575 3296 2622 καὶ
3339 2570 3658 2643 ἁπανταχοῦ
3685 2579 3767 2632 τῆς
3807 2571 3866 2622 οἰ·

2310 2665 2564 2731 κουμένης
2617 2664 2688 2732 μή
2742 2661 2874 2730 μετὰ
2928 2667 3026 2710 τῶν
3085 2656 3378 2724 Ἰουδαίων,
3433 2659 3548 2712 ἀλλ’
3605 2659 3652 2712 έν
3701 2667 3758 2733 τῇ
3803 2681 3868 2711 κν·

2309 2753 2551 2822 ριωνύμῳ
2603 2751 2662 2800 τὸ
2719 2756 2810 2800 τοῦ
2875 2750 3076 2820 Πάσχα
3129 2753 3420 2821 μυστήριον
3486 2749 3740 2802 τελεῖσθαι
3791 2745 3871 2800 διέ-

2307 2857 2512 2906 γνωστο
2545 2853 2557 2866 ·
2590 2836 2682 2888 κάν
2721 2839 2798 2888 ἔτι
2837 2835 2886 2888 έν
2927 2844 2989 2908 τῇ
3020 2838 3032 2858 ’
3071 2841 3210 2908 Δσίᾳ
3257 2839 3324 2888 τὰ
3367 2836 3596 2907 λείψανα
3651 2835 3866 2909 διαμένοι,

2307 2923 2680 2998 ἁπαράτρωτον
2763 2928 2820 2977 τὸ
2905 2927 3019 2986 ἔθος
3101 2921 3485 2997 διαμεμενηκός
3574 2925 3623 2978 ἐν
3713 2925 3868 2996 ὀλίγοις

2307 3020 2498 3082 πάντη,
2561 3017 2610 3066 οἰ
2679 3019 2767 3066 καὶ
2829 3011 3474 3088 Τεσσαρεσκαιδεκατίται
3537 3021 3866 3088 προσωνυμίοα

2307 3104 2466 3174 ἔσχον
2509 3120 2521 3132 ·
2553 3105 2745 3161 ταύτην
2797 3110 3073 3175 τηροῦντες
3119 3107 3209 3154 καὶ
3263 3102 3392 3154 ἄλλα
3453 3113 3557 3156 τὼν
3607 3107 3757 3157 νόθων
3801 3107 3868 3154 καὶ

2305 3189 2608 3250 ἆποϐλήτων
2667 3198 2728 3263 τῇ
2782 3191 2792 3210 ’
2825 3191 3096 3264 Εκκλησίᾳ
3155 3189 3370 3264 βίϐλων,
3421 3192 3651 3266 ὀνόμασι
3700 3189 3748 3246 δ’
3803 3191 3868 3244 οὖν

2304 3289 2454 3336 τινῶν
2514 3289 2614 3332 τῶν
2677 3279 2910 3352 μεγάλων
2969 3279 3269 3332 ἀποστόλων
3333 3287 3756 3356 προσχρώμενοι.
3811 3283 3866 3332 Τὰ

2302 3375 2392 3444 μὲν
2421 3366 2509 3422 οὖν
2537 3368 2666 3442 ἀμφὶ
2713 3376 2806 3421 τοῦ
2855 3370 3058 3440 Πάσχα
3101 3369 3404 3440 ζητήματος
3445 3379 3686 3424 τοιοῦτον
3731 3370 3866 3441 εἴληφε

2300 3465 2480 3532 πέρας,
2531 3457 2579 3510 ἐν
2705 3464 2795 3510 καί
2849 3459 2996 3529 ἡμεῖς
3061 3459 3203 3517 τέλος
3255 3467 3318 3532 τῇ
3366 3461 3594 3534 τετάρτη
3653 3459 3866 3531 ἐπάγομιν

2298 3558 2396 3602 τῶν
2454 3549 2739 3621 Ἰστοριῶν,
2795 3543 3036 3619 Κομόδου
3089 3552 3179 3619 μεν
3243 3549 3330 3601 ἐπὶ
3398 3545 3532 3602 δέκα
3585 3555 3676 3602 καὶ
3727 3553 3866 3624 τρισίν

2299 3641 2436 3690 ἔτεσι
2479 3641 2538 3690 τὸ
2595 3635 2746 3708 βιοῦν
2777 3636 3182 3702 καταλύσαντος,
3217 3641 3439 3712 Σευήρου
3489 3635 3554 3691 δε
3597 3641 3724 3712 μετά
3769 3645 3868 3710 [ιερ-

2296 3731 2480 3778 τίνακα
2542 3721 2655 3778 οὐδ’
2709 3724 2848 3786 ὅλοις
2907 3725 2959 3788 ἕξ
3019 3729 3154 3797 μησὶ
3231 3723 3595 3800 δίαγε-νόμενον
3659 3726 3738 3780 ἐπὶ
3793 3731 3865 3783 τὴν

2298 3814 2474 3888 ἀρχὴν
2539 3816 2912 3876 καταστάντος.
2983 3818 3226 3890 Περιέχει
3301 3813 3360 3869 6":
3423 3821 3516 3868 καὶ
3587 3819 3617 3876 ή
3686 3819 3864 3889 τετάρτη

2295 3925 2385 3976 μοι
2415 3907 2546 3962 αὕτη
2599 3902 2780 3976 βίϐλος
2810 3911 2910 3956 τῶν
2967 3913 3278 3978 συγγραφῶν
3309 3906 3500 3980 χρόνον
3553 3905 3679 3959 ἑτῶν
3718 3902 3764 3958 δ’
3797 3908 3866 3955 καί

2295 3994 2549 4058 εἰκοστόν,
2607 3992 2782 4064 ὀλίγου
2847 3989 3049 4060 δέοντα,
3117 3991 3376 4067 ἀρξαμένη
3459 3998 3553 4068 μεν
3631 3993 3728 4047 ἁπό
3795 3999 3864 4052 τῆς

2295 4083 2468 4155 ἀρχῆς
2505 4083 2517 4104 ’
2559 4087 2844 4136 Δντωνίνου
2894 4084 3008 4134 υἱοῦ
3057 4085 3296 4156 Μάρκου,
3351 4083 3702 4147 καταλήξασα
3739 4079 3790 4134 δὲ
3820 4079 3864 4150 ἐν

2294 4172 2382 4244 ὃλῃ
2427 4180 2488 4244 τῇ
2523 4170 2666 4246 ἀρχῇ
2727 4167 2969 4243 Κομόδου
3001 4190 3056 4224 τε
3107 4177 3198 4224 καὶ
3245 4177 3564 4244 Περτίνακος
3594 4191 3606 4202 ’
3673 4173 3866 4230 ὁπηνίκα

2291 4266 2494 4332 κόσμου
2545 4263 2635 4332 μὲν
2692 4261 2856 4321 ἔτοςε
2910 4260 2949 4330 ψ
3002 4259 3087 4311 α’·
3121 4259 3222 4312 ἀπὸ
3283 4257 3342 4314 δε
3389 4269 3484 4324 τῆς
3546 4270 3641 4315 τοῦ
3700 4263 3862 4332 Κυρίου

2295 4351 2434 4411 θείας
2495 4353 2780 4420 γεννήσεως
2837 4348 3116 4402 ἑκατοστὸν
3181 4349 3326 4403 ἕκτον
3388 4355 3480 4404 καὶ
3561 4351 3860 4410 ἐνενηκοστὸν

527 4459 648 4500 non
675 4439 1278 4510 integrorum,viginti
1317 4441 1576 4508 quatuor
1627 4444 1882 4508 tempus,
1921 4439 2181 4495 initium-

2306 4440 2606 4515 ἐπεραίνετο.
2637 4507 2660 4528 ο

525 4549 643 4606 que
673 4530 884 4587 habuit
913 4529 992 4584 ab
1046 4526 1350 4582 Antonino
1395 4527 1520 4581 Veri
1559 4525 1734 4582 fratre
1781 4527 1881 4598 (3),
1929 4527 2114 4582 ﬁnem
2159 4534 2360 4585 autem
2419 4545 2554 4584 cum
2599 4525 2731 4600 ipso
2791 4525 3105 4584 Commodi
3129 4534 3186 4585 et
3227 4529 3549 4586 Pertinacis
3591 4527 3857 4602 imperio:

593 4659 672 4730 (1)
707 4652 1085 4730 Eucharisties
1123 4651 2180 4730 communisparticipatio,commu-

523 4721 741 4797 nionis,
783 4725 1092 4782 charitatis
1121 4729 1178 4781 et
1210 4723 1446 4778 unitatis
1475 4721 1750 4778 Ecclesiin
1776 4724 2178 4781 certissimum

523 4800 891 4876 symbolum.

591 4909 668 4983 (2)
757 4980 772 4983 _
839 4978 851 4983 _
969 4977 1036 4983 __
1138 4902 1464 4983 Concedere
1492 4903 1681 4959 Roma

665 4978 896 5042 Debuit,
919 4977 1134 5040 aiebat,
1172 4981 1372 5046 potius
1395 4989 1572 5046 quam
1610 4989 1886 5044 rumpere
1913 4989 2118 5043 pacem
2149 4991 2170 5039 ;

657 5051 930 5108 Humani
950 5064 1079 5121 qua:
1103 5049 1476 5121 juriserant,
1519 5047 1691 5121 modo
1711 5047 1881 5121 salua
1903 5053 2170 5104 maneret

656 5125 781 5180 Leu:
801 5117 1030 5185 divin—t1,
1053 5117 1198 5188 ﬁdes
1241 5117 1474 5186 Christi,
1497 5119 1792 5186 doctrina,
1819 5119 2070 5174 Senatus

659 5197 846 5264 Quam
869 5192 1104 5264 primus
1132 5191 1266 5246 tulit
1289 5205 1530 5247 oresuo.
1553 5193 1692 5261 quia
1722 5191 1947 5264 tradita
1960 5191 2166 5264 abtpso

657 5263 896 5324 Clu-iste
923 5273 1048 5322 erat
1082 5264 1358 5318 humanae
1405 5264 1642 5318 doctore
1671 5269 1725 5317 et
1759 5263 1977 5318 lumine
2007 5263 2161 5318 vitae.

651 5339 774 5395 Nec
801 5337 1104 5394 curandus
1121 5343 1248 5391 erat
1273 5349 1490 5390 morem
1536 5349 1852 5390 consensus
1889 5333 1952 5388 in
1987 5351 2163 5390 unum

656 5411 846 5483 Usque
873 5411 1043 5467 adeo.
1073 5407 1248 5474 dixit,
1282 5415 1393 5460 etc.

503 5517 772 5594 Baptista
818 5515 1245 5578 Mantuamlib.
1275 5531 1311 5583 ι,
1341 5515 1575 5572 Faster.
1617 5513 1692 5572 de
1719 5513 1775 5572 S.
1813 5512 2050 5572 Hilario.
2096 5515 2162 5574 Et

2287 4653 2416 4709 haec
2435 4653 2768 4725 certissima
2783 4656 2871 4708 est
2886 4653 2960 4707 de
2976 4653 3334 4725 Adiaphoris
3350 4653 3646 4710 omnibus
3659 4651 3855 4722 regula.

2359 4725 2436 4797 (3)
2452 4727 2570 4780 Hoc
2587 4731 2691 4789 est,
2707 4724 2784 4797 ab
2798 4739 2870 4797 eo
2885 4724 3168 4797 tempore,
3189 4741 3312 4796 quo
3325 4725 3616 4782 defuncto
3631 4727 3692 4783 L.
3711 4725 3854 4784 Vero.

2284 4799 2354 4869 _M.
2372 4795 3142 4869 'Antoninusglfhilosophus
3161 4795 3326 4852 salus
3347 4797 3664 4869 imperare
3683 4797 3854 4866 capit.

2283 4867 2378 4924 Isti
2405 4875 2602 4940 autem
2624 4867 2746 4940 divi
2763 4866 2970 4922 fratres
2993 4883 3164 4940 requa
3187 4866 3678 4939 simullpo'testate
3699 4869 3854 4938 impe-

2281 4939 2436 4996 rium
2472 4939 2967 4994 administrarunt
3000 4939 3172 4994 annis
3210 4942 3293 4997 t1.
3339 4943 3374 4996 L
3425 4941 3580 4996 Vero
3623 4945 3852 4998 mortuo,

2281 5014 2348 5066 Μ.
2379 5012 2712 5066 Antoninus
2743 5009 2905 5065 solus
2935 5011 2990 5075 4,
3029 5026 3168 5066 cum
3189 5011 3312 5066 tilio
3353 5012 3695 5068 Commodo
3717 5016 3763 5066 5.
3787 5011 3852 5062 ita

2280 5090 2345 5138 ut
2381 5082 2612 5152 imperii
2659 5083 2726 5137 Μ.
2760 5081 3042 5154 Antonini
3087 5089 3321 5153 tempus
3351 5087 3414 5137 19
3459 5099 3653 5154 prope
3687 5095 3850 5138 annos

2278 5155 2728 5224 complectatur.
2743 5153 3108 5222 Nicephorus
3133 5163 3334 5208 autem
3348 5155 3406 5208 in
3429 5170 3499 5210 ea
3523 5153 3850 5210 fuitseuten-

2277 5225 2376 5292 tia,
2409 5223 2469 5280 ut
2495 5223 2833 5288 crediderit,
2866 5224 2924 5279 Ι..
2952 5225 3161 5279 Verum
3189 5231 3418 5280 tantum
3463 5227 3496 5278 6
3525 5227 3706 5280 annis
3734 5237 3844 5279 cum

2275 5297 2469 5368 Marco
2509 5297 2855 5368 imperasse,
2889 5302 2944 5368 et
2971 5303 3174 5366 postea
3196 5295 3468 5368 Marcum
3500 5295 3686 5351 annis
3711 5297 3846 5368 tO,et

2275 5367 2754 5439 aliquotinsnper
2769 5367 3211 5423 mensibus.Sed
3226 5383 3338 5422 nos
3357 5367 3606 5423 aliorum
3625 5367 3846 5437 scripto-

2270 5454 2406 5512 rum
2437 5439 3147 5512 auctoritatemversjone
3190 5445 3396 5512 nostra
3431 5441 3844 5512 secutisumug

2274 5510 2389 5570 Sed
2411 5509 2570 5569 enim
2583 5516 2722 5586 post
2742 5509 2968 5568 caedem
2987 5509 3324 5584 Commodi,
3339 5510 3612 5571 Pertinax
3631 5505 3843 5586 imperii

3967 3567 3969 3600 l

3967 4369 3969 4388 ι

3967 4999 3969 5032 |

3967 5039 3969 5076 Ι
