4040 6224
169 257 296 315 1069

1211 252 1784 312 ECCLESIASTICE
1823 253 2170 313 HlS’l‘ORI/E
2209 257 2341 314 LIB.
2385 253 2453 314 V.

3372 254 3510 316 1070

167 397 294 440 cum
320 397 357 439 a
381 383 614 440 mundo
639 383 882 440 condito
911 381 1230 455 quinquies
1256 383 1606 440 millesimus
1633 384 2196 454 septingentesimus
2226 390 2281 442 et
2306 385 2534 458 primus
2560 386 2660 460 (1),
2693 402 2729 444 a
2752 385 2957 446 divina
2980 391 3182 446 autem
3207 388 3511 446 nativitate

163 471 511 528 centesimus
547 474 976 543 nonagesimus
1007 475 1209 527 sextus
1241 473 1324 544 (2)
1357 474 1624 544 expletus
1653 479 1809 530 esset
1837 489 2056 529 annus.

164 603 357 643 mense
381 591 435 651 2,
461 587 556 642 die
585 592 673 653 25,
696 588 900 644 Didius
931 595 1132 643 autem
1156 587 1427 644 Julianus
1457 605 1664 644 mense
1687 595 1740 653 2,

162 659 251 732 die
281 663 328 725 ὅ,
369 663 510 732 sunt
547 660 903 732 interempti.
946 661 1011 714 Et
1044 662 1100 714 L.
1123 660 1456 732 Septimius
1493 663 1742 716 Severus

161 730 436 804 adversus
449 730 1156 804 Pescrenniu‘Nigrummb
1169 733 1484 804 exercitum
1495 733 1741 804 Syriaco

159 801 474 858 Antiochiae
486 802 883 874 imperatorem
895 803 1384 874 creatum,copias
1400 801 1740 860 suas'duxit.

864 1197 1785 1317 ΝΙΚΗΦΟΡΟΥ

1854 591 1974 645 Hoc
2013 590 2096 644 sic
2138 594 2451 671 propterea
2497 590 2850 648 adnotatum
2899 599 3007 671 est,
3061 599 3124 650 ut
3165 593 3502 666 Nicephoro

1853 677 2140 716 numerus
2169 669 2226 716 et
2254 669 2407 718 ratio
2432 678 2732 718 annorum
2764 670 3014 720 constet.

1955 738 2002 806 ι)
2029 732 2371 806 secundum
2403 735 2730 806 neotericos
2759 735 3175 806 chronologos,
3205 737 3367 794 4173.

1955 738 2002 797 t)
2029 736 2371 788 Secundum
2403 742 2536 789 neot

1921 736 2002 876 $2)
2034 805 2284 870 Quintus
2315 805 2536 877 potius.

1862 1194 2756 1322 ΚΑΔΛΙΣΤΟΥ

1498 1424 1629 1472 ΤΟΥ
1664 1420 2173 1473 ΞΔΝΘΟΙῙΟΥΛΟΥ

754 1614 2098 1703 ΕΚΚΑΗΣΙΑΣΤΙΚΗΣ
2177 1617 2880 1707 ΙΣΤΟΡΙΑΣ

1577 1821 1937 1886 ΤΟΜΟΣ
2021 1824 2118 1892 Η.

1052 2141 1855 2266 NICEPHORI
1943 2145 2596 2270 CALLISTI

1578 2385 2082 2449 XANTHOPULI

1140 2578 1946 2675 ECCLESIASTICIE
2002 2583 2500 2677 HISTOBIE

1673 2785 1974 2885 TOMUS
2027 2786 2090 2886 V

775 3137 1020 3192 ΚΕΦΔΔ.
1048 3136 1134 3191 A’.

152 3239 479 3308 Διήγησις
519 3233 578 3308 ἐν
616 3234 900 3308 ὶπιτόμῳ
939 3243 1058 3288 τῶν
1098 3235 1333 3308 ἀνώθεν
1373 3233 1752 3307 εἰρημένων,

305 3313 411 3360 καὶ
449 3306 924 3380 μελλόντωντῷ
964 3311 1135 3379 τόμῳ
1172 3306 1608 3381 ῥηθήσεσθαι.

1781 3138 1829 3192 Α

230 3419 358 3488 Φέρε
411 3412 478 3474 δὴ
533 3423 640 3477 τοῖς
681 3415 963 3488 εἰρημένοις
1009 3418 1100 3468 καὶ
1127 3416 1193 3468 τὰ
1228 3413 1468 3466 λείποντα
1510 3416 1758 3490 παραθεῖ-

149 3527 242 3558 ναι
312 3501 712 3576 σπουδάσωμεν,
769 3507 838 3566 ὡς
901 3506 962 3556 άν
1018 3523 1076 3575 γε
1145 3503 1262 3557 καθ’
1329 3505 1502 3575 εἱρμὸν
1549 3506 1674 3576 ἡμῖν
1731 3504 1756 3555 ὁ

148 3596 316 3666 λόγος
351 3599 529 3666 προίῃ,
583 3595 761 3668 ἄρτιον
806 3597 863 3645 τὸ
918 3601 1070 3665 σῶμα
1120 3600 1217 3654 τῆς
1275 3595 1413 3667 ἱερᾶς
1457 3592 1760 3665 ἕξυφαίνου-

145 3703 248 3737 σιν
299 3684 549 3755 ἱστορίας.
603 3685 679 3735 Τὰ
734 3685 824 3753 μὲν
883 3677 970 3733 οὖν
1023 3690 1206 3755 πρῶτα
1262 3689 1354 3742 τῆς
1426 3691 1754 3756 συγγραφῆς,

143 3773 498 3845 προσήκοντά
543 3791 599 3842 γε
661 3767 808 3844 οἶμαι
863 3767 1106 3843 δρῶντες,
1165 3777 1226 3842 τῇ
1304 3769 1492 3844 κεφαλῇ’
1553 3773 1757 3822 πάντων

141 3869 381 3935 Χριστῷ
423 3860 718 3934 ἀνεθέμεθα.
773 3861 850 3914 Τά
897 3878 956 3932 γε
1002 3864 1105 3932 μὴν
1159 3855 1397 3930 δεύτερα,
1429 3866 1535 3921 τοῖς
1586 3859 1757 3930 ἐκείνῳ

143 3954 476 4026 φοιτήσασι,
549 3958 654 4011 τοίς
743 3951 896 4024 ἱεροῖς
983 3951 1128 4020 ἡμῶν
1203 3950 1556 4020 καθηγεμόσιν
1605 3950 1760 4017 ὃμοια

139 4048 445 4107 ποιοῦντες,
517 4038 918 4112 ἁφωσιὼσαριεν.
984 4043 1082 4090 Τὸν
1159 4034 1218 4090 δε
1271 4042 1442 4110 τρίτον
1495 4043 1651 4111 τόμον
1711 4038 1760 4089 οἱ

141 4133 230 4183 τὰ
303 4137 398 4190 τῆς
481 4134 694 4200 πρώτης
749 4127 948 4180 ἐκείνων
1043 4122 1311 4198 διαδοχῆς
1375 4125 1756 4198 ἐκληρώσαντο.

143 4219 256 4275 Ἐν
306 4236 365 4288 γε
419 4222 522 4289 μὴν
551 4226 623 4287 τῷ
661 4218 909 4290 τετάρτῳ,
941 4219 1057 4267 ὅσοι
1087 4212 1154 4273 δὴ
1209 4221 1549 4290 μαρτυρικοίς
1590 4213 1760 4286 ἀγῶσι

137 4313 253 4361 καὶ
305 4306 478 4378 λόγοις
529 4309 595 4358 τὰ
648 4313 744 4366 τῆς
789 4304 987 4364 πλάνης
1026 4303 1354 4378 ὀχυρώματα
1382 4309 1471 4356 καὶ
1501 4309 1594 4362 τὴν
1636 4304 1761 4374 ψευ-

145 4395 406 4467 δώνυμον
469 4403 660 4466 γνῶσιν
737 4397 1066 4458 κατέσεισαν,
1146 4389 1488 4464 διεξήλομεν·
1540 4394 1657 4445 ὅσοι
1708 4411 1762 4444 τε

141 4485 597 4543 ἕκκλησιαστικοὶ
650 4489 969 4555 συγγραφεῖς
997 4498 1008 4510 ·
1053 4486 1141 4534 καὶ
1192 4486 1308 4534 τίνα
1360 4479 1428 4540 δὴ
1461 4480 1762 4534 καταλελοι-

145 4580 318 4635 πὸτες
385 4575 778 4647 συγγράμματα
829 4571 1205 4642 ἀπηλλάγησαν
1235 4588 1247 4600 ·
1281 4574 1356 4623 ἔτι
1414 4568 1473 4623 δε
1519 4575 1607 4622 καὶ
1661 4572 1761 4622 ὅσα

147 4660 444 4720 ἐπισυνέϐη
508 4670 581 4732 τῷ
634 4669 725 4714 τοῦ
776 4663 975 4732 Πάσχα
1018 4660 1304 4732 ζητήματι.
1353 4658 1410 4711 Ὀ
1444 4656 1503 4712 δὲ
1529 4663 1763 4733 πέμπτος

145 4754 334 4818 ρῦτος,
374 4755 441 4805 τά
487 4755 623 4804 κατὰ
673 4755 760 4804 τὸν
806 4751 1264 4821 πολυμαθέστατον
1321 4749 1612 4823 Ὠριγένην,
1674 4751 1761 4800 τὸν

146 4847 252 4896 καὶ
320 4838 694 4914 Ἀδαμάντιον,
745 4840 818 4902 εἰς
872 4840 1050 4892 λεπτὸν
1105 4836 1321 4891 διελθεῖν
1378 4829 1758 4910 ὑπισχνεῖται·

147 4937 252 4986 καὶ
312 4938 424 4994 τοῖς
478 4937 595 5005 περὶ
638 4931 928 4983 αὐτόνςκαί
969 4929 1108 5000 αὐτῷ
1164 4930 1461 4986 πονηθεῖσιν
1506 4929 1632 5001 ὑπερ
1681 4927 1758 4978 εὐ-

154 5021 368 5081 σεϐείας
403 5040 415 5053 ·
459 5022 562 5082 οἷος
612 5039 666 5072 τε
702 5023 874 5091 γέγονε
930 5024 1017 5070 καὶ
1072 5020 1210 5079 ὅπως
1243 5035 1254 5047 ·
1289 5026 1420 5076 ὅσην
1450 5036 1505 5069 τε
1545 5017 1759 5087 εἰσενεγ·

147 5117 265 5165 κών
320 5113 440 5184 περὶ
491 5112 556 5162 τὰ
615 5111 726 5162 θεῖα
776 5103 1033 5174 σπουδὴν,
1089 5106 1307 5168 πολλοὺς
1359 5107 1429 5168 εἰς
1486 5109 1572 5159 τὸν
1630 5106 1758 5178 ὑπέρ

152 5208 410 5275 Χριστοῦ
468 5198 644 5270 ἀγῶνα
688 5199 898 5270 ἠρέθισε
930 5218 943 5230 ·
1013 5202 1101 5248 καὶ
1156 5196 1370 5257 πολλοὺς
1427 5195 1652 5268 ἄραστὰς
1711 5213 1765 5247 τε

149 5297 254 5343 καὶ
310 5285 656 5348 σπουδαστὰς
684 5295 780 5346 τῆς
818 5293 976 5338 αῦτοῡ
1008 5287 1312 5357 φιλοσοφίας
1340 5284 1542 5350 διττῆς,
1577 5288 1705 5356 ἔσχε
1747 5301 1760 5312 ·

148 5385 252 5433 καὶ
292 5381 385 5452 οἵᾳ
435 5380 797 5449 ἐπικεχείρηκε
852 5375 1015 5447 τολμη
1072 5377 1352 5446 παρθενίαν
1408 5375 1583 5426 ἀσκεῖν
1644 5372 1770 5446 βου-

149 5471 420 5543 λόμενος’
485 5473 576 5520 καὶ
651 5471 720 5528 ὼς
789 5466 930 5527 τέλος
1003 5472 1098 5526 τῆς
1157 5463 1352 5523 εὐθείας
1427 5463 1769 5534 ἀποσφαλεὶς,

151 5555 425 5630 ἀπατηλῷ
467 5553 682 5629 δαίμονι
725 5557 1114 5628 πειθαρχήσας,
1157 5559 1249 5605 τοῦ
1293 5553 1474 5622 ὑγιοῦς
1521 5551 1771 5626 ἱξετράπη

2414 3139 2592 3213 344
2634 3142 2856 3198 CAPUT
2885 3142 2926 3198 1.

1863 3236 2414 3312 Succinctaeorum
2447 3254 2579 3310 qua?
2607 3248 2746 3296 ante
2783 3240 2946 3296 dicta
2974 3248 3112 3296 sunt
3147 3241 3438 3312 repetitio,
3464 3248 3522 3300 et

2171 3308 2559 3365 dicendorum
2591 3313 2699 3366 isto
2731 3317 2884 3366 (omo
2914 3308 3223 3382 expositio:

1935 3413 2204 3486 Agedum
2235 3431 2372 3486 quae
2398 3415 2628 3488 reliqua
2652 3423 2808 3482 sunt,
2832 3417 2927 3473 his
2953 3419 3049 3489 adj
3062 3435 3281 3489 ungere
3316 3435 3526 3490 perga-

1866 3518 2024 3566 mus,
2059 3508 2121 3558 ut
2151 3505 2301 3558 serie
2327 3520 2436 3558 sua
2457 3504 2648 3559 oratio
2676 3510 2883 3561 nostra
2913 3507 3350 3576 progrediatur,
3379 3507 3525 3562 inte-

1867 3607 2164 3662 grumque
2184 3607 2371 3646 sacrre
2393 3591 2655 3647 historiae
2672 3609 2890 3664 corpus
2913 3601 3277 3653 contexatur.
3303 3603 3383 3650 Ac
3407 3597 3525 3667 pri-

1867 3697 2035 3736 mum
2057 3679 2303 3751 quidem
2324 3680 2543 3735 librum
2564 3681 2884 3736 voluminis
2905 3684 3084 3753 hujus
3106 3692 3258 3739 recte
3281 3700 3446 3750 sane,
3470 3687 3529 3740 et

1868 3775 1932 3824 ut
1955 3785 2060 3840 par
2087 3768 2214 3834 fuit,
2234 3770 2412 3839 capiti
2433 3769 2704 3824 omnium
2729 3771 2953 3826 Christo
2975 3772 3409 3830 dedicavimus.
3430 3775 3527 3830 Se-

1868 3858 2116 3912 cundum
2132 3857 2517 3913 sectatoribus
2531 3858 2578 3928 ej
2592 3860 2867 3923 us,sacris
2883 3860 3528 3926 auctoribus,ducibus-

1867 3962 1984 4018 que
2007 3949 2248 4013 nostris,
2273 3945 2478 4001 itidem
2502 3947 2713 4002 merito
2736 3950 3242 4004 consecravimus.
3264 3951 3522 4006 Tertium

1868 4037 2044 4106 primi
2056 4051 2264 4091 eorum
2277 4052 2651 4091 successores
2664 4037 2847 4092 sortiti
2861 4037 3085 4092 sunt.In
3099 4045 3314 4109 quarto
3327 4045 3528 4096 autem

1869 4141 1970 4181 eos
1983 4125 2719 4196 commemoravimus,qui
2734 4125 2821 4180 vel
2834 4127 3264 4182 certaminibus
3277 4131 3530 4198 egregiis

1868 4220 2180 4284 martyres,
2201 4213 2294 4268 vel
2313 4214 2560 4269 eruditis
2584 4215 2820 4286 scriptis
2842 4216 3137 4280 doctores,
3163 4218 3378 4273 erroris
3401 4235 3530 4274 mu-

1869 4303 2122 4358 nitiones
2144 4309 2321 4375 atque
2339 4303 2488 4358 falso
2508 4304 2879 4359 nominatam
2899 4305 3206 4361 scientiam
3225 4323 3530 4378 expugna-

1871 4399 2032 4457 runt;
2056 4392 2158 4463 qui
2181 4393 2362 4447 etiam
2383 4392 2758 4449 ecclesiastici
2786 4393 3002 4450 fuerint
3026 4396 3369 4466 scriptores,
3395 4399 3527 4464 qui-

1797 4496 1839 4550 Β
1869 4480 2055 4536 busve
2111 4480 2192 4534 illi
2244 4488 2380 4552 post
2431 4497 2492 4536 se
2543 4481 2758 4537 relictis
2815 4485 3264 4540 commentariis
3319 4485 3525 4540 deces-

1872 4568 2055 4625 serint
2083 4585 2095 4624 :
2123 4575 2246 4624 tum
2273 4576 2492 4636 autem,
2517 4586 2798 4642 quasnam
2819 4571 2893 4627 de
2919 4573 3251 4643 quaestione
3278 4574 3531 4629 Pascha-

1872 4660 1944 4714 tis
1969 4664 2102 4714 acta
2124 4665 2301 4729 atque
2327 4659 2564 4715 decreta
2589 4662 2723 4714 sint.
2751 4662 3000 4726 Quintus
3026 4677 3204 4733 porro
3227 4661 3372 4716 liber
3398 4663 3529 4728 iste,

1870 4764 1965 4804 res
1991 4747 2376 4803 eruditissimi
2397 4747 2684 4818 Origenis,
2714 4751 2816 4821 qui
2841 4757 2897 4805 et
2920 4750 3312 4806 Adamantius
3337 4750 3532 4807 dictus

1873 4843 1979 4902 est,
2003 4836 2351 4908 plenissime
2373 4841 2646 4909 expediet
2669 4857 2680 4894 :
2709 4855 2862 4910 quos
2889 4839 2982 4894 ille
3011 4855 3119 4911 pro
3150 4855 3291 4894 vera
3315 4839 3534 4911 pietate

1874 4927 2083 4982 adierit
2114 4925 2386 4992 labores;
2431 4928 2610 4993 unde,
2649 4936 2703 4982 et
2739 4929 2842 4999 qui
2881 4930 3055 4982 fuerit
3103 4949 3115 4980 :
3157 4935 3213 4983 et
3248 4935 3307 4982 ut
3343 4945 3530 5000 quam

1873 5013 2203 5088 plurimum
2231 5015 2410 5070 studii
2435 5015 2514 5070 ad
2545 5033 2636 5070 res
2658 5016 2887 5070 divxnas
2916 5018 3250 5083 conferens,
3277 5017 3536 5088 permul-

1878 5111 1968 5160 tos
1989 5105 2066 5159 ad
2088 5110 2386 5160 certamen
2410 5121 2519 5176 pro
2537 5103 2768 5160 Christo
2785 5103 3134 5158 obeundum
3158 5106 3534 5162 excitaverit:

1878 5211 2063 5266 quam
2084 5194 2225 5249 item
2251 5195 2464 5250 multos
2487 5200 2785 5248 amatores
2806 5199 2985 5265 atque
3008 5200 3326 5251 sectatores
3355 5193 3532 5267 345

1879 5283 2179 5338 studiosos
2201 5283 2455 5352 duplicis
2479 5282 2874 5353 philosophias
2898 5298 3021 5336 suae
3044 5281 3320 5338 habuerit
3349 5303 3361 5341 :
3393 5301 3530 5356 quae

1879 5372 1942 5427 in
1973 5374 2177 5444 seipso
2207 5387 2389 5428 ausus
2419 5374 2509 5436 sit,
2543 5371 2890 5426 caelibatum
2921 5377 3102 5443 atque
3139 5372 3534 5443 virginitatem

1882 5477 2234 5518 conservare
2267 5460 2469 5517 volens
2503 5479 2516 5517 :
2554 5466 2614 5516 ut
2642 5459 2896 5531 denique
2926 5461 3005 5516 ad
3038 5467 3408 5532 postremum
3439 5478 3533 5518 se-

1883 5551 2114 5606 ductori
2133 5549 2397 5608 daemoni
2416 5548 2760 5616 obsecutus,
2785 5554 2840 5605 et
2861 5565 2898 5607 a
2918 5555 3082 5608 recta
3102 5549 3205 5609 via
3222 5550 3536 5621 aberrarit,
