4040 6224
601 305 730 366 1071

1934 301 2330 360 NICEPHORI
2377 302 2700 362 LIALLISTI

3797 311 3916 368 1072

593 443 649 492 et
669 453 704 492 a
726 451 874 492 sana
893 433 1162 490 doctrina
1182 431 1483 488 exciderit.
1510 431 1940 502 Complectetur
1959 435 2223 502 praeterea

2365 438 2709 508 φρονήματος.
2743 432 3062 504 Διαλήψεταί
3111 453 3170 504 γε
3198 437 3303 506 μὴν
3345 437 3435 488 καὶ
3481 433 3610 488 οἷ).λά
3635 437 3664 494 ἠ
3697 435 3881 510 ἱστορία
3905 457 3918 472 ο

591 525 708 584 alia
734 541 976 596 quoque
1001 539 1014 578 :
1041 537 1286 592 gravem
1313 520 1586 576 videlicet
1605 520 1763 575 illam
1787 521 1900 574 sub
1928 521 2098 576 Decio
2125 535 2254 592 per-

588 615 978 678 secutionem,
1031 611 1538 682 ecclesiarumque
1594 625 1900 665 sacrarum
1941 610 2228 665 antistites

589 711 646 762 et
675 721 812 778 quae
843 703 905 758 in
933 703 1016 758 eis
1041 701 1374 758 acciderint
1393 716 1489 754 res
1517 699 1841 771 inOpinatae
1867 705 1920 755 et
1947 675 2252 756 admirari:

591 797 704 853 dm.
729 793 968 850 Initium
999 797 1199 848 autem
1230 790 1369 846 inde
1398 789 1782 844 sumendum.

1251 899 1474 954 CAPUT
1517 899 1584 952 ll.

585 1014 670 1069 De
692 1009 1100 1080 persecutione
1122 1005 1228 1062 sub
1258 1005 1494 1080 severo,
1523 1004 1586 1058 in
1615 1019 1734 1075 qua
1763 1003 2052 1080 Leonides
2069 1009 2244 1071 pater

729 1082 1017 1152 Origenis,
1038 1084 1284 1149 propter
1312 1076 1610 1132 Christum
1631 1074 1874 1131 mortem
1901 1074 2096 1130 subiit.

656 1257 986 1318 Commodo
1027 1255 1348 1328 imperium
1387 1252 1860 1317 administrante,
1903 1267 1994 1307 res
2043 1251 2239 1308 Chris-

586 1351 762 1408 tiana
811 1353 1039 1420 pacatis
1079 1343 1530 1415 tranquillaeque
1573 1341 1731 1396 fuere
1772 1339 1870 1412 (l).
1913 1341 2236 1411 Postquam

587 1443 786 1498 autem
817 1436 910 1492 ille
941 1451 1012 1490 ex
1051 1432 1282 1490 insidiis
1312 1447 1498 1486 caesus
1539 1435 1644 1498 est,
1678 1435 1730 1486 et
1763 1429 2037 1484 Pertiuax
2073 1429 2237 1484 brevi

585 1527 920 1588 admodum
969 1530 1232 1596 tempore
1273 1518 1608 1591 imperavit,
1649 1523 1826 1590 atque
1865 1519 2003 1573 huic
2044 1518 2238 1588 (sicuti

581 1617 872 1686 diximus)
900 1615 1151 1670 Severus
1173 1609 1474 1674 successit,
1499 1615 1620 1662 tum
1645 1623 1887 1679 quoque
1909 1608 2052 1662 satis
2073 1607 2237 1663 bono

577 1708 713 1764 loco
757 1721 852 1761 res
903 1709 1120 1758 nostrae
1169 1699 1354 1764 fuere,
1399 1697 1708 1767 iudiesque
1757 1696 1896 1752 ﬁdei
1947 1697 2234 1768 professio

2361 525 2430 576 τοί
2465 543 2520 576 τε
2573 529 2690 601 περὶ
2745 531 2839 577 τοῦ
2887 526 3021 576 κατὰ
3069 529 3241 577 Δέκιον
3289 532 3478 598 πικροῦ
3530 521 3782 598 διωγμοῦ,
3817 533 3920 590 τούς

2361 631 2416 665 τε
2469 621 2568 666 τῶν
2625 613 2911 674 ἐκκλησιῶν
2966 615 3240 685 ἡγεμόνας,
3307 619 3398 666 καὶ
3465 615 3532 667 τὰ
3603 615 3680 668 ἐπ’
3743 619 3920 678 ἐκείνοις

2360 699 2656 776 παράδοξα.
2687 703 2928 776 Ἀρκτέον
2963 698 3023 756 δὲ
3053 703 3206 758 ὀῦτω.

2983 904 3224 953 ΚΕΦΑΔ.
3261 898 3330 954 Β’.

2355 1010 2512 1078 Περὶ
2577 1013 2691 1080 Top
2771 1008 2938 1080 κατὰ
3013 1013 3293 1076 Σευῆρον
3379 1003 3692 1080 διωγμο-ῦ,
3759 1005 3832 1080 ἐφ’
3885 1010 3912 1058 ὦ

2425 1073 2758 1154 Λεωνίδης
2859 1082 3070 1150 πατὴρ
3103 1073 3475 1153 Ὠριγένους
3511 1073 3580 1131 τὸ
3621 1075 3729 1131 διὰ
3757 1073 3912 1154 ἴρισ-

2425 1152 2529 1201 τὸν
2570 1149 2752 1210 τέλος
2791 1151 2969 1221 ἔσχε.

2423 1255 2644 1328 Εἰρήνης
2693 1259 2782 1328 μιν
2851 1252 2986 1328 ἦσαν
3043 1257 3215 1327 μεστὰ
3287 1259 3352 1308 τὰ
3413 1258 3658 1330 ἡμέτερα,
3707 1253 3909 1328 Κομόδον

2349 1347 2442 1401 τὴν
2473 1343 2648 1417 ἀρχὴν
2694 1341 2728 1396 δ
2735 1347 3018 1407 ιιθύνοντος
3051 1365 3063 1378 ·
3101 1347 3208 1398 ἐπεὶ
3251 1341 3302 1396 δ’
3343 1344 3532 1397 ἐκεῖνον
3571 1345 3626 1408 ἑξ
3671 1343 3910 1408 ἔπιϐονλῆς

2351 1437 2615 1504 σφαγέντα
2667 1435 2920 1507 Περτίναξ
2995 1439 3188 1510 χρόνον
3243 1433 3560 1506 ἐπίϐραχυν,
3611 1439 3700 1487 καὶ
3761 1443 3908 1488 τοῦτον

2349 1520 2585 1595 Σεϐῆρος,
2639 1525 2709 1585 ὡς
2763 1526 2983 1595 εἳρηται,
3031 1519 3330 1594 διεδέχετο,
3391 1519 3527 1580 ἦσαν
3579 1526 3670 1596 μὲν
3721 1521 3783 1582 δη
3839 1524 3910 1576 κὰν

2345 1613 2510 1682 τούτῳ
2555 1611 2724 1682 ἡρέμα
2777 1631 2886 1672 πως
2936 1614 3126 1683 ἔχοντα
3181 1613 3247 1664 τὰ
3307 1613 3552 1686 ἡμέτερα,
3603 1617 3692 1664 καὶ
3743 1614 3800 1664 τὰ
3838 1621 3910 1674 τῆς

2344 1705 2568 1762 πίστεως
2607 1703 2810 1772 ἤκμαζε
2861 1703 3183 1774 καθημέραν,
3233 1699 3407 1772 λόγοις
3439 1721 3492 1753 τε
3532 1705 3624 1753 καὶ
3671 1697 3908 1754 διδασκα-

577 1799 908 1866 augmenta
937 1807 1044 1847 sua
1073 1789 1247 1862 cepit,
1280 1803 1488 1842 eorum
1519 1802 1671 1858 quos
1701 1788 2106 1842 recensuimus
2145 1801 2223 1841 ec-

2343 1787 2480 1850 λίαις
2509 1797 2616 1852 τοίς
2667 1794 3058 1864 προειρημένοις
3111 1797 3210 1842 τῶν
3263 1789 3552 1848 ἐκκλησιῶν
3599 1786 3908 1851 διδασκάλοις

586 1883 1052 1943 clesiasticorum
1096 1879 1408 1934 doctorum
1451 1875 1680 1945 scriptis
1723 1881 1902 1946 atque
1951 1875 2234 1930 doctrinis

581 1976 750 2034 illam
775 1968 1263 2045 provehentibus,
1296 1966 1474 2036 idque
1501 1965 1560 2018 in
1593 1964 1868 2019 maximis
1895 1965 2236 2036 quibusque

585 2063 966 2140 potissimum
1011 2057 1280 2120 urbibus,
1324 2055 1608 2108 nimirum
1647 2053 2040 2118 Alexandriae,
2081 2059 2138 2108 et
2173 2055 2236 2108 in

591 2171 664 2211 ea
695 2151 841 2208 urbe
867 2164 1000 2222 quae
1027 2145 1105 2202 ab
1130 2143 1418 2200 Antiocho
1443 2147 1530 2197 est
1560 2141 1820 2206 condita,
1847 2141 2031 2207 zEliae,
2053 2146 2112 2197 et
2131 2157 2237 2214 per

589 2241 962 2299 Palaestinam
995 2250 1260 2299 omnem,
1285 2230 1518 2303 Ephesi,
1547 2229 1854 2294 Caesareae,
1877 2235 1933 2284 et
1957 2230 2238 2286 occiden-

594 2339 712 2390 tem
760 2343 971 2386 versus
1019 2321 1472 2386 Thessalonicm.
1519 2319 1782 2384 Athenis,
1821 2319 2082 2375 Corinthi
2121 2338 2135 2373 :
2173 2321 2232 2375 in

587 2420 809 2484 Galliis,
838 2424 894 2474 et
933 2419 1136 2472 Romae
1177 2411 1457 2468 maxime.
1501 2409 1714 2478 Integri
1752 2409 1912 2464 enim
1951 2409 2158 2480 populi
2179 2413 2236 2464 et

585 2512 806 2568 domus
847 2513 986 2562 totae
1026 2503 1100 2559 ad
1133 2500 1313 2556 ﬁdem
1348 2499 1732 2562 accedebant,
1765 2497 2002 2568 quidvis
2040 2496 2234 2554 facere

577 2607 632 2658 et
665 2599 786 2674 pati
817 2599 1062 2669 paratae,
1089 2606 1276 2664 quam
1309 2593 1372 2644 ut
1401 2587 1738 2659 quidquam
1769 2591 1976 2642 contra
2007 2587 2234 2674 religio-7

579 2705 719 2747 nem
769 2689 1042 2742 nostram
1090 2683 1352 2750 agerent,
1399 2681 1504 2732 aut
1555 2681 1864 2732 novarent.
1912 2676 2082 2741 Quod
2131 2673 2234 2732 ubi

583 2781 798 2835 Severo
843 2773 1090 2830 minime
1129 2765 1504 2824 tolerandum
1545 2769 1632 2819 est
1668 2765 1885 2832 visum,
1935 2764 2232 2834 insignem

576 2867 772 2924 statim
797 2868 1005 2920 contra
1037 2857 1358 2914 Ecclesiam
1383 2869 1625 2910 omnem
1651 2854 1838 2908 movit
1867 2855 2234 2924 persecutio-

577 2973 738 3013 nem.
761 2955 824 3008 Et
849 2949 1045 3006 subito
1067 2963 1173 3019 per
1193 2961 1435 3000 omnem
1461 2951 1747 2998 terrarum
1774 2943 1980 2997 orbem
2013 2943 2232 2998 eximia

574 3045 842 3101 instituta
864 3043 1000 3094 sunt
1029 3035 1336 3106 martyria,
1365 3031 1623 3086 maxime
1653 3047 1789 3086 vero
1812 3031 1869 3085 in
1901 3031 2150 3104 zEgypto
2175 3039 2233 3088 et

2343 1874 2672 1944 έπιδιδόντα,
2728 1883 2818 1931 καὶ
2865 1879 3058 1950 μᾶλλον
3120 1883 3170 1932 ἓν
3221 1886 3339 1940 ταῖς
3375 1885 3656 1951 μεγίσταις
3705 1888 3794 1932 τῶν
3835 1885 3906 1932 πό-

2342 1966 2484 2019 λεων.
2549 1963 2717 2021 Αὗται
2767 1964 2817 2018 δ’
2875 1964 3009 2026 ἦσαν
3077 1965 3444 2041 Ἀλεξάνδρειοὶ
3499 1987 3556 2021 τε
3601 1973 3692 2022 καὶ
3743 1969 3770 2028 ᾖ
3839 1975 3902 2021 τόν

2343 2055 2622 2128 Ἀντίοχον
2675 2059 2804 2128 ἔσχε
2854 2053 3146 2132 δομητορα,
3207 2060 3272 2110 τοί
3336 2077 3391 2110 τε
3445 2061 3566 2132 περὶ
3618 2061 3708 2116 τήν
3761 2057 3902 2112 Αἰλίαν

2343 2151 2518 2198 πᾶσαν
2555 2149 2644 2198 καὶ
2685 2145 3059 2212 Παλαιστίνην,
3115 2145 3332 2218 Ἔφεσόν
3371 2165 3426 2198 τε
3467 2151 3560 2199 καὶ
3605 2149 3900 2221 Καισάρειαν,

2341 2237 2432 2285 καὶ
2472 2236 2535 2286 τὰ
2577 2237 2692 2307 περὶ
2739 2237 2830 2292 τήν
2889 2233 3128 2310 ἑσπέραν,
3189 2233 3554 2292 Θεσσαλονίκη
3595 2239 3686 2287 καὶ
3721 2235 3903 2294 Ἀθῆναι

2342 2327 2432 2374 καὶ
2491 2324 2733 2394 Κόρινθος
2781 2319 2974 2374 αὖται⁶
3021 2327 3111 2376 καὶ
3158 2324 3225 2376 τὰ
3276 2327 3396 2398 περὶ
3445 2322 3685 2389 Γαλλίας,
3737 2329 3817 2376 καὶ
3859 2327 3900 2375 τὸ

2341 2411 2489 2464 πλέον
2538 2410 2622 2463 ἐπὶ
2667 2411 2868 2484 Ῥώμην
2913 2411 3072 2470 αὐτὴν
3108 2433 3121 2446 ·
3163 2414 3232 2474 ὡς
3287 2417 3378 2464 καὶ
3432 2409 3717 2485 αὖτανδμα
3763 2411 3896 2468 πλήθη

2341 2507 2430 2553 καὶ
2504 2504 2678 2564 οἳκους
2727 2500 2876 2563 ὅλους
2925 2505 3198 2576 προσιέναι
3263 2510 3325 2572 τῇ
3375 2521 3583 2566 πισττι,
3637 2507 3724 2554 καὶ
3767 2503 3900 2552 πάντα

2343 2586 2473 2664 δρᾴν
2504 2589 2551 2641 έν
2599 2590 2784 2660 ἑτοίμῳ
2813 2592 2954 2661 ἔχειν
2999 2593 3029 2648 ἤ
3090 2610 3142 2642 τι
3171 2595 3472 2663 νεωτερίσαι
3523 2593 3658 2644 κατὰ
3707 2597 3792 2650 τῆς
3833 2593 3900 2640 πί·

2344 2697 2524 2739 στεως.
2589 2678 2728 2732 Ἐπεὶ
2789 2675 2848 2731 δὲ
2900 2683 3108 2752 Σευὴρῳ
3165 2681 3361 2738 ἣκιστα
3437 2683 3667 2752 φορητὸν
3741 2675 3894 2744 ἐδόκει,

2341 2767 2572 2840 λαμπρὸν
2621 2767 2809 2820 αὐτίκα
2858 2771 2946 2820 τόν
3019 2763 3254 2840 διωγμόν
3302 2771 3438 2821 κατὰ
3501 2771 3680 2830 πάσης
3725 2767 3896 2824 Ἐκκλη-

2344 2861 2458 2916 σίας
2519 2854 2791 2930 ἀνεγείρεὶν
2843 2861 2966 2928 ᾤετο
3019 2853 3148 2909 δεῖν.
3215 2863 3314 2910 Καὶ
3377 2865 3595 2929 γενναῖοι
3638 2861 3724 2931 μὲν
3771 2856 3892 2909 ἅπανι

2338 2953 2511 3016 ταχοῦ
2541 2941 2634 3007 τῆς
2689 2953 2790 3016 γῆς
2829 2941 3179 3018 ἑσχεδιοὶξετο
3227 2965 3292 2999 τα
3339 2950 3614 3020 μαρτύρια
3645 2963 3660 2978 ·
3707 2945 3892 3019 μάλιστα

2341 3031 2391 3086 δ’
2435 3033 2482 3085 ἐν
2511 3033 2764 3105 Αἰγύπτῳ
2803 3039 2892 3088 καὶ
2923 3033 3094 3108 Λιϐύῃ
3127 3040 3217 3088 καὶ
3247 3033 3464 3094 Θηϐαίδ
3469 3055 3504 3101 ι,
3567 3040 3658 3090 καὶ
3685 3035 3788 3088 κατ’
3825 3032 3892 3086 αὖ·

583 3131 792 3204 Lubya
833 3135 1012 3200 atque
1056 3121 1376 3180 Thebaide.
1418 3119 1788 3174 Alexandriae
1831 3135 2007 3191 porro
2055 3117 2223 3176 veluti

2337 3126 2430 3179 τήν
2477 3141 2536 3194 ’γε
2572 3127 2667 3180 τὴν
2703 3120 3092 3195 Ἀλεξάνδρειαν
3142 3128 3427 3178 συνίστατο
3471 3126 3604 3198 ὑπὲρ
3648 3133 3738 3187 τῆς
3785 3123 3890 3175 siin-

581 3221 842 3278 stadium
875 3233 1023 3272 verae
1063 3211 1294 3286 pietatis
1333 3211 1738 3272 constitutum,
1793 3207 1892 3264 ubi
1923 3207 2226 3272 fortissimi

577 3312 806 3385 quique
852 3313 908 3362 et
949 3303 1158 3378 optimi
1205 3299 1414 3355 delecti
1465 3305 1775 3369 martyres,
1821 3299 2001 3352 variis
2047 3304 2226 3370 atque

573 3398 880 3472 exquisitis
913 3395 1341 3451 tormentorum
1362 3389 1678 3458 generibus
1703 3387 2086 3459 miriﬁcisque
2117 3389 2224 3442 im-

567 3485 971 3566 pressionibus
999 3481 1280 3550 exceptis,
1313 3495 1348 3533 a
1373 3477 1512 3542 Deo,
1547 3475 1640 3531 cui
1671 3475 1834 3530 chari
1863 3475 2042 3546 fuere,
2075 3493 2222 3548 pra:-

570 3581 692 3640 mia
715 3583 772 3634 et
792 3589 1046 3631 coronas
1075 3573 1448 3640 acceperunt.
1482 3567 1609 3630 Quo
1641 3571 1905 3636 tempore
1933 3571 1990 3620 et
2023 3566 2222 3621 Leoni-

567 3672 729 3734 dem,
766 3663 1035 3734 Origenis
1077 3667 1330 3732 patrem,
1363 3656 1524 3710 obito
1567 3670 1672 3725 pro
1718 3655 1930 3710 Christi
1967 3656 2214 3711 nomine

562 3755 870 3829 martyrio,
909 3769 940 3808 e
979 3751 1098 3806 vita
1141 3745 1464 3803 excessisse
1505 3743 1764 3809 tradunt,
1807 3743 2006 3812 gladio
2055 3743 2218 3801 vide-

555 3849 692 3908 licet
725 3859 970 3908 caesum,
995 3855 1133 3895 cum
1161 3835 1346 3892 ﬁlium
1377 3833 1707 3890 admodum
1737 3833 1935 3888 adhuc
1961 3848 2214 3904 puerum

563 3939 943 4008 relinqueret.
970 3927 1148 4002 346
1175 3925 1445 3993 Quantus
1476 3927 1673 3978 autem
1709 3923 1990 3990 Origenes
2019 3922 2211 3994 fuerit,

557 4035 614 4085 et
643 4042 763 4100 quo
790 4025 986 4079 studio
1013 4017 1318 4087 animique
1348 4013 1742 4068 destinatione
1773 4011 1830 4066 in
1865 4028 2067 4066 sacras
2100 4013 2211 4068 Lit-

559 4125 710 4176 teras
733 4109 1086 4176 incubuerit,
1106 4106 1252 4161 citra
1273 4101 1560 4158 invidiam
1583 4101 1798 4172 exponi
1823 4117 2002 4171 posse
2028 4107 2172 4172 puto
2195 4119 2208 4158 :

565 4223 686 4265 non
709 4203 904 4259 solum
927 4196 1090 4270 quod
1110 4193 1357 4250 celebris
1379 4191 1426 4244 is
1449 4191 1536 4245 vir
1561 4189 1726 4260 apud
1747 4205 1857 4244 nos
1881 4191 1972 4254 sit,
2003 4206 2210 4248 verum

555 4297 734 4354 etiam
767 4289 930 4363 quod
961 4288 1284 4356 ingentem,
1319 4281 1436 4336 vita
1460 4295 1588 4340 sua,
1624 4278 1898 4349 quamvis
1928 4279 2004 4334 ad
2029 4279 2208 4334 linem

556 4399 679 4443 non
711 4383 1004 4448 integram
1031 4387 1304 4446 prorsus,
1333 4369 1561 4424 famam
1593 4373 1652 4422 et
1681 4367 1936 4436 gloriam
1969 4374 2103 4439 post
2142 4384 2208 4424 se

554 4469 876 4546 reliquerit.
935 4467 1148 4519 Verum
1199 4460 1500 4514 enimvero
1553 4456 1838 4524 singulari
1888 4459 2008 4512 otio
2052 4473 2205 4528 opus

549 4570 725 4628 esset,
756 4558 833 4615 ad
861 4556 1040 4612 vitam
1069 4551 1198 4621 ejus
1219 4563 1462 4604 omnem
1481 4546 1686 4601 litteris
1708 4547 2011 4601 memoria:
2039 4563 2204 4602 man-

549 4653 838 4711 dandam.
872 4645 984 4702 Sed
1017 4659 1126 4698 nos
1155 4655 1186 4693 e
1213 4636 1414 4692 multis
1438 4651 1572 4707 quae
1598 4633 1672 4689 de
1697 4649 1767 4689 eo
1797 4639 1936 4689 sunt
1964 4635 2198 4703 tradita,

547 4741 810 4819 plurima
845 4735 1200 4793 resecantes,
1243 4727 1446 4798 aliqua
1487 4729 1716 4779 tantum
1753 4723 2022 4779 Historiae
2061 4725 2200 4780 huic

2338 3209 2479 3272 ϐείας
2529 3215 2587 3262 τὸ
2646 3209 2882 3278 στάδιον,
2956 3211 3267 3286 ἀριστίνδην
3343 3216 3522 3286 ὥσπερ
3583 3213 3888 3286 ἐξειλεγμένων

2335 3307 2452 3362 ταῖς
2500 3299 2760 3360 ποικίλαις
2813 3305 2902 3353 καὶ
2979 3299 3266 3373 φιλοτίμοις
3313 3311 3412 3354 τῶν
3463 3299 3708 3375 βασάνων
3761 3297 3886 3358 ἰδέαις

2333 3394 2422 3440 καὶ
2483 3397 2592 3449 ταῖς
2630 3391 2943 3464 ὑπερφυέσιν
2996 3390 3298 3456 ἔνστοίσεσι,
3341 3393 3470 3466 πρὸς
3521 3399 3657 3445 Θεοῦ
3697 3394 3755 3442 τὰ
3791 3391 3884 3460 γέρα

2331 3485 2431 3528 τῶν
2473 3478 2714 3550 θεοφιλῶν
2774 3481 3052 3553 μαρτύρων
3091 3475 3455 3552 ἁναδουμένων
3483 3497 3497 3509 ·
3555 3482 3642 3532 ὅτε
3691 3476 3752 3537 δή
3787 3496 3882 3548 φησι

2329 3571 2418 3618 καὶ
2459 3564 2726 3626 Λεωνίδην
2779 3571 2864 3620 τὸν
2917 3566 3216 3640 Ὠριγένους
3257 3573 3458 3644 πατέρα
3501 3578 3578 3640 τῷ
3626 3571 3744 3641 ὑπὲρ
3785 3574 3881 3640 Χρι·
3969 3623 3971 3633 ,

2332 3663 2459 3707 στοῦ
2497 3661 2767 3732 μαρτυρίῳ
2804 3655 3072 3709 τελειῶσαι
3123 3661 3210 3709 τὸν
3269 3655 3406 3730 βίον,
3463 3657 3606 3730 ξίφει
3653 3663 3737 3716 τὴν
3781 3659 3882 3718 ζωὲυ
3967 3693 3969 3707 .

2326 3744 2713 3808 καταλύσαντα,
2767 3749 2874 3797 νέον
2927 3741 3124 3817 κομιδῆ
3177 3749 3262 3798 τὸν
3315 3743 3488 3800 παῖδα
3553 3747 3778 3802 λιπόντα.
3823 3743 3880 3792 ’οο
3965 3767 3967 3781 ί

2323 3841 2470 3896 ποῖος
2501 3837 2588 3904 μὲν
2638 3831 2724 3886 οὖν
2763 3831 2909 3897 οὗτος
2941 3833 3154 3907 ἐγένετο,
3203 3837 3290 3907 οἶᾳ
3337 3855 3392 3888 τε
3423 3833 3636 3910 σπουδῇ
3685 3840 3764 3888 καὶ
3789 3851 3878 3906 προ-

2323 3928 2520 3997 αιρέσει
2547 3929 2662 3998 περὶ
2701 3928 2786 3976 τὸν
2835 3925 2966 3998 ἱερὸν
3014 3924 3162 3995 λόγον
3209 3923 3502 3996 ἐχρήσατο,
3541 3925 3601 3978 οὐ
3657 3920 3875 3997 φθόνοςῶ

2320 4015 2518 4082 γένοιτο
2579 4010 2798 4066 διελθεῖν
2831 4029 2844 4043 ·
2901 4013 2960 4066 οὐ
2999 4019 3150 4086 μόνον
3199 4015 3280 4066 ὅτι
3343 4023 3442 4066 τῶν
3481 4015 3606 4068 καθ’
3659 4010 3874 4086 ἡμᾶςκαὶ

2320 4099 2629 4174 περιϐόητος
2681 4103 2831 4177 ἀνὴρ,
2881 4101 3008 4154 ἀλλὰ
3083 4107 3172 4155 καὶ
3229 4111 3300 4172 τῷ
3353 4101 3559 4162 πολλὴν
3619 4101 3762 4166 δόξαν
3812 4105 3875 4156 τὴν

2319 4195 2434 4262 περὶ
2487 4189 2646 4242 αὐτοῦ
2695 4193 2960 4261 ἐπαφεῖναι
3008 4198 3078 4262 τῷ
3119 4187 3240 4263 βίῳ,
3287 4189 3381 4242 κᾶν
3443 4191 3554 4264 οὐχ
3607 4193 3725 4263 ὑγιᾶ
3765 4194 3869 4247 τέως.

2321 4283 2422 4332 Κοιὶ
2471 4298 2528 4351 γε
2572 4279 2770 4352 σχολῆς
2815 4275 2953 4341 ἰδίας
3009 4281 3040 4338 ἡ
3088 4283 3225 4332 κατὰ
3276 4283 3363 4333 τὸν
3431 4279 3554 4353 βίον
3607 4282 3752 4334 αὐτοῦ
3791 4281 3872 4330 σύν-

2317 4367 2458 4430 ταξις
2515 4365 2672 4421 δέοιτ’
2716 4369 2796 4420 ἄν.
2843 4367 2977 4422 Ἀλλ’
3005 4371 3151 4440 ἡμεῖς
3210 4368 3266 4422 έκ
3311 4368 3526 4422 πολλῶν
3557 4379 3654 4424 τῶν
3680 4373 3782 4442 πιρὶ
3809 4364 3871 4416 αὖ·

2315 4465 2405 4510 τοῦ
2467 4457 2742 4531 εἰρημένων
2802 4456 3124 4531 έπιτεμόντες
3195 4461 3261 4511 τὰ
3329 4457 3553 4514 πλεῖστα
3611 4453 3867 4533 παραδῶμεν

2313 4555 2374 4619 τῇ
2433 4546 2664 4620 Ἱστορίᾳ
2693 4563 2706 4576 ·
2765 4549 2848 4600 ἳνα
2883 4555 2993 4609 τοῖς
3047 4547 3357 4620 φιλομαθέσι
3419 4545 3569 4620 μηδὲ
3623 4551 3684 4602 τὰ
3733 4549 3866 4599 τούτου

2311 4638 2556 4708 ἄγνωστα
2607 4639 2706 4694 εἰη.
2759 4639 2838 4689 Τὰ
2865 4639 2966 4710 γὰρ
3009 4643 3098 4690 τοῦ
3144 4633 3355 4712 ἀνδρὸς,
3386 4643 3477 4690 καὶ
3553 4641 3618 4692 τὰ
3665 4637 3713 4701 ἐξ
3747 4635 3862 4688 αὐτῶ

2311 4725 2620 4798 σπαργάνων
2651 4725 2774 4787 ἄξια
2802 4729 3007 4798 μνήμης
3030 4723 3347 4797 λελόγισται.

551 4813 903 4892 inseremus,
931 4828 995 4878 ut
1015 4835 1110 4876 res
1131 4816 1278 4874 tanti
1303 4815 1406 4870 viri
1433 4813 1715 4868 studiosis
1743 4814 2058 4882 incognitae
2089 4831 2210 4870 non
2233 4815 2349 4872 sint
2376 4832 2390 4870 :
2420 4830 2554 4886 quae
2583 4831 2727 4872 sane
2749 4815 2976 4886 judicio
2999 4815 3328 4873 multorum
3343 4815 3548 4886 dignae
3581 4815 3712 4873 visae
3741 4815 3850 4874 sunt,

561 4929 624 4981 ut
651 4919 746 4977 vel
771 4917 848 4974 ab
873 4913 1019 4986 ipsis
1048 4903 1430 4965 incunabulis
1459 4903 1743 4974 repetitae,
1775 4903 2078 4958 memoriae
2111 4904 2504 4963 traderentur.

1200 5011 1424 5070 CAPUT
1453 5011 1544 5065 ΙΙΙ.

543 5139 628 5198 De
660 5129 927 5203 ονίσεηίδ
957 5143 994 5184 α
1021 5139 1204 5203 puero
1232 5119 1445 5176 studiis
1475 5123 1654 5188 atque
1691 5113 2004 5203 exercitiis,
2047 5124 2102 5174 et
2139 5121 2208 5174 ut

614 5197 938 5268 etiarr'mum
997 5197 1336 5254 adolescens
1379 5205 1700 5268 sermonem
1753 5197 2037 5268 veritatis
2070 5206 2205 5268 pro-

609 5261 800 5352 fessus
830 5271 1032 5352 fuerit,
1065 5277 1116 5324 et
1151 5270 1212 5320 ut
1240 5279 1361 5320 sese
1385 5263 1465 5352 uti
1495 5269 1792 5318 certamen
1817 5276 1930 5330 pro
1963 5261 2202 5318 Christo

613 5333 976 5409 subeundum
1001 5333 1461 5410 praeparaverit.

617 5443 822 5501 Statim
863 5445 1128 5502 namque
1167 5427 1245 5482 ab
1285 5425 1469 5487 initio,
1505 5427 1706 5478 tenera
1728 5427 1934 5477 exacta
1969 5425 2142 5477 aetate
2165 5437 2201 5477 a

541 5539 708 5609 patre
749 5525 966 5584 divmis
1007 5520 1273 5574 imbutus
1309 5521 1400 5568 est
1429 5512 1680 5567 Litteris.
1715 5509 1820 5566 Cui
1864 5509 1964 5566 illa
2003 5511 2200 5582 prima

613 5633 690 5714 (1)
735 5627 977 5700 PrOpter
1019 5617 1301 5674 Divorum
1347 5611 1568 5668 scilicet
1617 5609 1870 5666 fratrum
1919 5609 2300 5684 rescriptum.

2954 5015 3197 5064 ΚΕΦΑΛ.
3223 5007 3292 5066 Γ.

2317 5120 2474 5190 Περὶ
2513 5123 2623 5178 τῆς
2683 5117 2745 5168 ἑκ
2799 5111 3040 5190 παιδὸς
3076 5115 3426 5190 όι-σκήσεως
3489 5117 3845 5190 Ὠριγένονς⁶

2387 5183 2459 5249 ὥς
2497 5189 2595 5262 ἔτι
2621 5193 2763 5262 νέος
2792 5185 2886 5254 ὧν,
2915 5193 3022 5262 τὸν
3062 5187 3274 5246 ἀληθῆ
3317 5187 3506 5262 λόγον
3539 5183 3844 5262 ἐπρέσϐευε·

2383 5265 2496 5312 καὶ
2653 5259 2739 5320 εἰς
2769 5265 2873 5312 τόν
2911 5261 3069 5335 ὑπερ
3105 5259 3410 5335 Χριστοῦ
3435 5259 3652 5333 ἀγῶνα
3675 5269 3842 5331 παρεσ-

2381 5332 2715 5392 κευοίζετο.

2381 5420 2548 5482 Εὐθὺς
2594 5422 2684 5493 μεν
2729 5423 2831 5494 γὰρ
2869 5419 2924 5483 ἐξ
2975 5417 3156 5492 ἀρχῆς
3201 5423 3296 5479 τὴν
3355 5417 3558 5478 ἁπαλὴν
3603 5417 3836 5487 ἀποθέμενος

2308 5507 2534 5576 ἠλικίαν,
2593 5509 2737 5582 παρὰ
2811 5515 2902 5562 τοῦ
2963 5511 3160 5586 πατρὸς
3212 5515 3324 5571 ταῖς
3397 5511 3561 5572 θείαις
3635 5505 3828 5568 hum-iu
