4000 6220
228 307 366 364 1073

1264 303 1839 366 ECCLESIASTICE
1879 302 2240 361 HISTORIIE
2280 305 2417 360 LIB.
2458 305 2529 362 V.

3443 298 3578 356 1074

225 439 474 506 Γραφαῖς,
523 437 616 486 τοῦ
670 437 868 508 πατρὸς
917 433 1058 505 αύτῷ
1112 437 1241 509 πρὸς
1292 441 1354 507 τῇ
1401 443 1500 486 τῶν
1541 432 1795 505 ἱγκυκλίω

1931 446 2076 486 cura
2102 430 2228 501 fuit,
2265 434 2328 486 ut
2353 429 2510 486 ﬁlius
2539 445 2662 486 non
2695 430 3008 499 succisiva,
3043 427 3151 486 sed
3181 428 3343 500 justa
3395 443 3584 500 opera

221 518 444 594 παιδείᾳ
472 522 531 574 ού
576 527 844 596 παρέργως
884 519 950 581 δὴ
999 528 1087 575 καὶ
1125 527 1219 582 τὴν
1266 525 1469 576 ἐκείνων
1511 525 1820 593 ποιουμένου

221 607 515 684 φροντίδα·
577 612 712 664 ὥστε
768 608 835 670 δὴ
894 615 981 663 καὶ
1048 615 1147 686 πρὸ
1209 621 1299 673 τῆς
1354 611 1551 665 ἐκείνων
1611 611 1820 683 μελέτης

219 703 440 760 ταύταις
515 698 940 771 ἓνασχολεῖσθαι,
1007 699 1232 763 ἑκάστης
1298 703 1515 772 ἡμέρας,
1603 703 1818 772 μερικὰς

217 788 408 841 ὶκεῖθεν
468 789 781 861 ἐκμαθήσεις
837 794 926 841 καὶ
988 788 1300 859 ἀπαλγελίας
1362 789 1813 862 εἰσπραττόμενον.

218 877 296 929 Ού
347 883 452 950 μήν
501 899 561 950 γε
615 883 705 930 καὶ
762 877 862 930 ἀπὸ
921 883 1265 951 προαιρέσεως
1318 886 1390 948 τῷ
1440 874 1597 931 παιδὶ
1650 885 1816 930 ταῦτα

213 963 371 1025 ἦσαν.
420 966 687 1042 ’Υπερφυεῖ
739 963 798 1020 δέ
843 987 946 1018 τινι
992 969 1255 1040 προθυμίᾳ
1310 972 1427 1039 περὶ
1486 974 1651 1019 ταῦτα
1687 966 1816 1037 μᾶλ-

211 1055 300 1107 λον
353 1059 483 1129 ἤπερ
541 1061 658 1129 περὶ
709 1059 794 1110 τὸν
848 1055 1075 1114 Ἕλληνα
1119 1056 1268 1127 λόγον
1321 1056 1505 1126 ἐπόνει,
1561 1059 1630 1116 ὡς
1676 1053 1814 1128 μηδὲ

210 1148 274 1196 τό
324 1142 518 1197 ἁπλοῦν
572 1145 714 1215 αὐτῷ
742 1153 838 1197 τῶν
881 1147 1025 1216 ἱερῶν
1054 1145 1219 1216 λόγων
1273 1150 1360 1197 καὶ
1407 1150 1688 1218 πρόχειρον
1747 1146 1814 1206 εἰς

206 1234 447 1304 μάθησιν
511 1232 761 1306 ἐξαρκεῖν,
821 1233 947 1286 ἀλλὰ
1006 1239 1095 1286 καὶ
1148 1234 1591 1307 πολυπραγμονεῖν
1654 1237 1813 1307 αἱρεῖ-

209 1323 362 1391 σθαι,
420 1327 510 1375 καὶ
566 1327 625 1375 τὸ
677 1323 963 1396 ἐγκείμενον
1028 1323 1214 1385 αύταῖς
1285 1321 1447 1396 βάθος
1525 1322 1811 1394 ἀνιχνεύειν

206 1414 514 1485 πειρᾶσθαι,
556 1418 646 1465 καὶ
694 1415 983 1487 πράγματα
1027 1421 1100 1484 τῷ
1158 1419 1318 1486 πατρὶ
1356 1417 1626 1485 παρέχειν,
1685 1412 1812 1464 ἀνα-

205 1503 608 1574 πυνθανόμενον,
649 1507 701 1554 τί
743 1501 802 1554 ἂν
851 1503 954 1571 ἄρα
1007 1499 1247 1574 βούλοιτο
1298 1505 1356 1554 τὸ
1395 1504 1617 1575 γράμμα
1657 1509 1805 1557 νοεῖν.

205 1595 294 1660 Τῷ
349 1586 407 1642 δι
450 1596 608 1662 πατρὶ
648 1591 932 1663 θαυμάζειν
971 1595 1061 1663 μὲν
1109 1591 1274 1663 εἰσῂει
1315 1596 1403 1643 καὶ
1456 1593 1576 1643 καθ’
1628 1591 1806 1644 ἑαυτὸν

202 1679 658 1746 καταπλὴτεσθαι,
735 1683 985 1751 γεγηθότι
1062 1680 1140 1732 ὃτι
1216 1684 1345 1742 Θεὸς
1413 1683 1649 1732 τοιούτου
1736 1677 1803 1739 δὴ

201 1773 408 1840 πατέρα
460 1765 649 1829 παιδὸς
693 1771 934 1840 γενέσθαι
981 1768 1129 1832 ἠξίου
1163 1787 1175 1799 ·

200 1876 305 1909 των
353 1853 414 1914 ἧν
459 1861 516 1909 τὸ
549 1854 720 1910 δοκεῖν
749 1854 914 1929 μηδεν
967 1858 1088 1930 παρ’
1137 1858 1344 1916 ἠλικίαν
1400 1864 1490 1911 καὶ
1519 1864 1806 1931 περαιτέρω

199 1953 302 2008 τῆς
358 1945 567 2009 ἀτελοῦς
606 1943 843 2009 διανοίας
903 1950 1074 2010 ζητεῖν
1123 1947 1508 2019 εἰσηγούμενος.
1551 1952 1805 2000 Τοσοῦτον

196 2055 262 2107 γε
319 2041 422 2108 μήν
475 2055 630 2108 φασιν
690 2035 945 2108 ἔκθαμϐον
999 2034 1128 2090 εἶναι
1181 2044 1270 2090 καὶ
1322 2046 1393 2108 τῷ
1465 2035 1654 2110 δοτῆρι
1707 2046 1804 2090 τῶν

199 2123 411 2195 ἀγαθῶν
471 2133 585 2195 Θεῷ
614 2130 707 2184 τὴν
754 2129 917 2200 χάριν
975 2127 1264 2199 ὁμολογεῖν,
1294 2130 1363 2188 ὡς
1410 2125 1686 2185 ἐπιστῆναι
1715 2131 1804 2197 μεν

196 2213 445 2274 πολλάκις
513 2211 720 2266 εὕδοντι
790 2223 862 2286 τῷ
943 2211 1119 2279 παιδὶ,
1181 2214 1581 2287 ἀπογυμνούντα
1637 2213 1694 2269 δε
1746 2219 1804 2268 τὸ

197 2307 432 2376 στέρνον,
519 2301 819 2375 σεϐασμίως
893 2303 1034 2376 μάλα
1097 2305 1420 2377 καταφιλεῖν,
1507 2302 1592 2358 οἶά
1673 2325 1805 2368 τινος

192 2389 346 2444 ἔνδον
395 2393 533 2444 θείου
583 2395 873 2463 Πνεύματος
921 2396 1306 2454 ἒνσκηνοῡντος,
1368 2399 1457 2446 καὶ
1511 2403 1604 2455 τῆς
1662 2394 1804 2447 εύτε-

192 2486 346 2543 κνίας
395 2485 651 2556 μακάριον
704 2481 886 2534 ἑαυτὸν
925 2484 1193 2553 ἡγεῖσθαι.
1231 2482 1512 2536 Κάντεύθεν
1568 2483 1628 2535 ού
1679 2504 1804 2556 σμι-

190 2572 322 2641 κρὰς
384 2568 622 2643 ἀφορμὰς
667 2572 694 2622 6
744 2579 868 2633 παῖς
910 2580 1009 2623 τῶν
1066 2579 1163 2633 τῆς
1220 2577 1446 2634 πίστεως
1499 2577 1588 2625 καὶ
1653 2575 1800 2625 θείων

191 2665 360 2729 λόγων
419 2658 880 2731 καταϐαλλόμενος,
941 2656 994 2712 εὖ
1061 2661 1202 2732 μάλα
1251 2667 1484 2732 κοσμίως
1560 2661 1798 2733 ἀνήγετο,

192 2757 265 2818 τῷ
317 2748 457 2819 αύτῷ
507 2754 668 2821 πατρί
730 2769 784 2802 τε
848 2755 938 2802 καὶ
1000 2747 1309 2821 διδασκάλῳ
1361 2756 1652 2825 χρώμενος,
1712 2757 1801 2805 καὶ

196 2838 396 2910 μεγάλα
485 2839 559 2898 οἷς
655 2835 968 2914 παρεδείκνυ
1060 2837 1276 2911 δράσειν
1334 2841 1790 2912 ὑπισχνούμενος.

195 2933 372 2979 Ταῦτα
416 2932 505 2979 καὶ
555 2936 774 2980 τοιαῦτα
830 2925 898 2986 δὴ
953 2949 1070 2980 τινα
1122 2930 1270 3002 ἔτερα
1317 2937 1540 3000 συγγενῆ
1595 2932 1801 2994 τούτοις

189 3018 260 3067 τά
288 3024 379 3078 τῆς
416 3014 676 3079 παιδικῆς
721 3017 950 3080 ἡλικίαις
1003 3019 1293 3092 Ὠριγένους
1347 3023 1790 3091 μνημονευόμενα,

189 3104 334 3158 Ἐπεὶ
395 3101 454 3157 δὲ
509 3111 714 3177 Σευὴρῳ
769 3103 986 3158 δέκατον
1036 3109 1125 3178 μεν
1177 3107 1268 3166 τῆς
1299 3105 1474 3181 ἀρχῆς
1519 3110 1629 3168 ἔτος
1656 3108 1795 3166 ἠνύε·
1837 3141 1877 3198 C

189 3213 271 3260 το,
327 3200 516 3256 Δαῖτος
562 3191 622 3247 δὲ
666 3197 874 3266 ἡγεμὼν
928 3194 1217 3267 Αἰγύπτου.
1272 3201 1361 3246 καὶ
1407 3193 1800 3266 Ἀλεξανδρείας

182 3284 496 3350 καθίστατο,
553 3288 835 3356 Δημητρίῳ
881 3281 940 3336 δε
986 3287 1118 3355 μετὰ
1159 3285 1439 3338 Ἰουλιανόν
1482 3287 1604 3359 οἰρτι
1659 3291 1799 3357 πρώ-

175 3390 291 3433 τως
339 3374 365 3424 6
415 3380 510 3434 τῆς
559 3370 955 3445 Ἀλεξανδρείας
1000 3375 1173 3446 θρόνος
1229 3373 1592 3447 ἐνεχειρίζετο,
1653 3376 1679 3426 6
1738 3372 1797 3428 dii

181 3471 287 3514 τῶν
334 3461 622 3520 ἐκκλησιῶν
673 3459 911 3535 διωγμὸς
963 3463 1034 3525 εἰς
1080 3467 1215 3534 μέγα
1267 3461 1644 3537 ἀνερριπίζετο,
1707 3470 1796 3516 καὶ

179 3551 363 3603 πολλοὶ
417 3556 663 3623 γενναίως
727 3557 1176 3626 παραταττόμενοι
1239 3559 1350 3612 τοῖς
1419 3553 1592 3612 ἄθλοις
1675 3556 1795 3614 τοὺς

183 3643 470 3712 στεφάνους
511 3638 809 3715 διήρπαζον
844 3659 856 3671 ·
885 3648 1135 3694 τοσοῦτόν
1188 3660 1344 3713 φασιν
1389 3644 1553 3712 ἔρωτα
1593 3661 1796 3715 μαρτυ-

178 3736 302 3803 ρίου
354 3732 595 3802 γενέσθαι
624 3736 713 3782 καὶ
751 3729 1020 3802 Ὠριγένει,
1055 3729 1258 3787 ἁπαλὴν
1296 3727 1493 3800 κομιδῆ
1537 3735 1630 3788 τὴν
1683 3731 1796 3789 ἡλι-

177 3823 303 3871 κίαν
353 3822 707 3892 περικειμένῳ,
764 3822 832 3880 ὡς
891 3824 1109 3891 σκιρτᾷν
1173 3815 1304 3883 ἢδη,
1349 3837 1438 3870 και
1504 3820 1637 3890 ὁρμῇ
1691 3839 1793 3871 τινι

181 3906 401 3979 ἀσχέτῳ
444 3908 604 3979 ὁμόσε
649 3915 760 3969 τοῖς
813 3908 940 3980 ὑπὲρ
992 3915 1224 3980 Χριστοῦ
1273 3903 1533 3967 κινδύνοις
1562 3914 1783 3979 χωρεῖν.

183 4001 290 4050 Καί
325 3995 379 4068 γ’
427 3995 780 4054 ἀπηλλάττετο
817 4001 1089 4072 μαρτυρίῳ
1146 4004 1237 4048 τοῦ
1278 3996 1394 4068 ξῆν,
1445 3995 1488 4047 εἰ
1544 4001 1614 4067 μὴ
1663 4001 1791 4058 Θεὸς

182 4086 339 4160 ἑτέρῳ
393 4091 637 4156 προνοίας
691 4085 825 4157 λόγῳ
894 4093 990 4148 τῆς
1061 4084 1259 4137 πολλῶν
1333 4083 1574 4157 ὠφελείας
1630 4087 1792 4157 χάριν

179 4171 429 4247 ἐμποδὼν
467 4178 559 4232 τῆν
612 4177 814 4248 μητέρα
864 4173 1038 4244 ἐκείνῳ
1089 4175 1336 4227 καθίστα.
1385 4173 1642 4226 Εἰσιοῡσα
1687 4178 1788 4248 γὰρ

179 4267 376 4317 εκείνου
432 4267 519 4315 τὸν
554 4263 802 4335 θάλαμον,
845 4259 1005 4334 φειδώ
1048 4282 1165 4314 τινα
1204 4262 1481 4334 λαμϐάνειν
1533 4271 1622 4324 τῆς
1672 4259 1790 4335 περὶ

181 4357 342 4406 αυτὸν
393 4361 654 4425 μητρικῆς
719 4349 1000 4412 διαθέσεως
1065 4353 1382 4416 καθικέτευε,
1424 4357 1515 4404 καὶ
1570 4357 1641 4424 μὴ
1706 4353 1792 4404 οὖς

179 4462 281 4503 τως
334 4446 422 4500 τὴν
485 4446 687 4515 μητέρα
741 4441 1064 4506 καταλιπεῖν,
1104 4446 1194 4493 καὶ
1243 4443 1446 4515 θρήνοις
1490 4440 1790 4513 ἀκατασχέ-

179 4550 293 4592 τοις
343 4529 667 4604 περιϐάλλειν
737 4531 1037 4604 πειρᾶσθαι.
1093 4529 1182 4590 Ὡς
1249 4526 1307 4582 δὲ
1374 4529 1502 4582 ἑάλω
1559 4529 1699 4600 αύτῷ
1761 4533 1787 4582 6

173 4625 376 4696 πατὴρ,
455 4625 545 4673 καὶ
598 4617 941 4692 δεσμωτηρίῳ
1008 4621 1304 4691 καθεῖρκτο,
1369 4622 1445 4672 ἔτι
1517 4620 1707 4691 μᾶλλον
1761 4621 1786 4672 ὁ

177 4715 309 4785 ἔρως
375 4710 516 4780 αὐτῷ
593 4711 890 4767 ἐπετείνετο,
986 4713 1076 4760 καὶ
1163 4704 1474 4784 δριμύτερος
1568 4707 1786 4783 εὶσέῥρει

174 4801 336 4860 πόθος
383 4805 472 4850 τοῦ
525 4802 837 4872 μαρτυρίου,
886 4801 975 4850 καὶ
1040 4799 1387 4861 καθεκάστην,
1464 4800 1532 4859 ὡς
1604 4797 1781 4861 εἰπεῖν,

175 4895 362 4942 τοῦτον
409 4886 643 4959 ἀνέφλεγε
698 4886 994 4959 πυρπολῶν.
1061 4886 1212 4938 Οὕτω
1272 4882 1324 4938 δ’
1375 4887 1538 4957 ὁρμῆς
1592 4889 1786 4957 ἔχοντα

173 4981 206 5036 ἡ
272 4983 449 5050 μήτηρ
506 4980 591 5028 τόν
649 4975 913 5049 Ὠριγένην
970 4977 1188 5048 ὁρῶντα,
1242 4981 1336 5034 την
1377 4974 1577 5035 ἐσθῆτα
1606 4982 1782 5028 πᾶσαν

171 5068 372 5121 ἐκείνου
421 5065 734 5140 ἀπέκρυπτε,
789 5071 879 5118 καὶ
934 5069 1067 5118 οἶκοι
1145 5069 1306 5133 μένειν
1388 5061 1460 5118 δι’
1551 5063 1784 5136 ἀνάγκης

172 5157 362 5211 ἰποίει.
410 5154 549 5210 Ἐπεὶ
601 5151 651 5207 δ’
705 5154 826 5208 ἄλλο
872 5158 1110 5227 πράττειν
1159 5155 1253 5207 ούκ
1305 5155 1466 5226 εἶχεν,
1539 5153 1780 5217 ἀλείπτης

172 5249 370 5317 ἐγίνετο
417 5253 490 5315 τῷ
540 5247 710 5319 παπρί
743 5262 756 5274 ·
807 5248 897 5296 καὶ
961 5247 1024 5295 τὰ
1073 5247 1430 5319 προτρεπτικά
1486 5245 1779 5296 συντάττων

175 5333 478 5399 ἀπέστελλε,
535 5339 625 5386 καὶ
676 5341 845 5386 ταῦτα
895 5335 1032 5385 κατά
1084 5333 1217 5396 λέξιν
1275 5330 1481 5397 διεξιών
1511 5349 1525 5364 ο
1581 5332 1780 5405 Ἕπεχε

173 5429 251 5498 μὴ
312 5421 386 5476 δι’
442 5425 577 5494 ἡμᾶς
621 5422 742 5475 ἄλλο
789 5442 841 5476 τι
889 5427 1174 5496 φρονήσῃς.
1228 5429 1392 5476 Τοῦτο
1451 5419 1520 5482 δὴ
1578 5432 1778 5499 πρῶτον

177 5518 316 5570 ἱστω
361 5509 557 5586 δεῖγμα
614 5517 930 5586 σαφέστατον
980 5518 1073 5572 τῆς
1131 5510 1187 5564 ἐκ
1242 5517 1470 5586 πρώτης,
1534 5514 1560 5564 6
1626 5531 1775 5586 φασι,

1931 535 2054 575 una
2079 537 2216 576 cum
2267 521 2503 591 cyclicis
2545 520 2872 592 disciplinis
2901 537 3002 576 eas
3046 519 3397 574 addisceret.
3431 519 3586 585 Qua-

1927 615 2170 681 propter
2182 617 2318 664 ante
2345 625 2552 664 earum
2570 609 3024 681 disciplinarum
3037 609 3382 664 exercitium
3396 608 3586 679 quoti-

1925 696 2020 753 die
2039 697 2116 753 ab
2145 713 2238 761 eo,
2253 714 2323 753 ex
2347 698 2532 752 sacris
2562 698 2880 768 Scripturis
2901 697 3336 768 promissiones
3351 701 3407 752 et
3423 702 3584 752 certa

1925 785 2076 852 loca,
2118 803 2253 858 quae
2285 787 2626 842 memoriter
2669 787 2978 851 didicerat,
3018 785 3362 858 requirebat
3394 802 3406 840 :
3446 801 3583 857 quae

1923 891 2018 930 res
2064 876 2310 931 minime
2363 886 2576 947 praeter
2611 876 2907 947 judicium
2939 881 2996 931 et
3026 875 3391 930 voluntatem
3435 889 3585 946 puer

1923 965 2049 1020 fuit.
2093 965 2330 1020 Miriﬁca
2357 965 2518 1020 enim
2545 965 2866 1035 cupiditate
2899 964 3091 1033 magis
3117 965 3176 1018 in
3209 964 3336 1019 haec
3384 963 3584 1020 studia

1923 1070 2108 1125 quam
2142 1055 2199 1109 in
2232 1056 2568 1110 Graecorum
2613 1060 2769 1110 artes
2806 1054 3143 1110 ferebatur:
3187 1069 3374 1125 usque
3405 1054 3580 1120 adeo,

1924 1149 1983 1198 ut
2013 1159 2135 1199 non
2159 1150 2473 1199 contentus
2496 1148 2651 1198 esset
2674 1160 2745 1199 ex
2768 1144 2955 1199 sacris
2980 1143 3261 1206 oraculis.
3289 1158 3425 1214 quae
3443 1141 3583 1197 sim-

1921 1231 2097 1303 plicia
2126 1238 2181 1287 et
2212 1248 2330 1287 non
2364 1233 2445 1289 ita
2475 1233 2742 1288 difﬁcilia
2769 1238 2925 1298 sunt,
2954 1233 3181 1287 discere
3211 1253 3223 1284 :
3251 1232 3357 1286 sed
3389 1231 3584 1286 curio-

1919 1323 2089 1376 sitate
2126 1326 2402 1386 uteretur,
2449 1329 2502 1377 et
2534 1323 2770 1378 abditos
2803 1337 3013 1377 eorum
3060 1337 3272 1376 sensus
3326 1318 3581 1375 scrutari

1917 1416 2256 1478 conaretur,
2308 1411 2684 1483 subindeque
2742 1410 3038 1481 quidnam
3090 1409 3295 1464 arcani
3363 1424 3578 1464 sensus

1917 1498 1976 1553 in
2020 1499 2212 1554 littera
2257 1500 2486 1564 lateret,
2552 1501 2988 1570 perunctando,
3051 1498 3203 1569 patri
3269 1498 3579 1568 negotium

1915 1587 2246 1643 facesseret.
2264 1589 2319 1642 Is
2338 1604 2512 1660 porro
2541 1587 2705 1660 apud
2731 1588 2999 1658 seipsum
3027 1602 3099 1642 ea
3119 1586 3193 1642 de
3225 1602 3409 1642 causa
3438 1603 3580 1642 cum

1915 1677 2307 1733 admiratione
2365 1677 2659 1748 stupebat,
2693 1682 2750 1732 et
2788 1676 2964 1731 valde
3023 1675 3351 1748 gaudebat,
3412 1675 3580 1746 quod

1222 1767 1338 1842 ἰδίᾳ
1388 1789 1448 1842 γε
1497 1774 1600 1842 μὴν
1646 1769 1797 1828 πλήτ-

1915 1765 2068 1820 Deus
2099 1782 2162 1821 se
2198 1773 2430 1838 patrem
2459 1766 2557 1822 tali
2599 1765 2884 1834 dignatus
2917 1769 3077 1820 esset
3110 1764 3254 1819 ﬁlio.
3290 1767 3354 1819 Et
3383 1779 3581 1836 quan-

1914 1853 2114 1926 doque
2148 1856 2422 1926 privatim
2438 1854 2760 1910 simulabat
2774 1869 2835 1909 se
2848 1869 2988 1908 eum
3013 1854 3210 1909 acrius
3230 1853 3578 1926 objurgare,

1916 1960 1990 2000 ne
2019 1945 2166 2016 quid
2193 1960 2376 2016 supra
2405 1951 2642 2000 aetatem
2683 1959 2858 1998 suam
2885 1949 2940 1998 et
2962 1943 3297 2014 simplicem
3329 1958 3575 1999 sensum

1916 2039 2276 2089 scrutaretur
2288 2035 2642 2089 admonens.
2665 2031 2997 2103 Tantopere
3013 2047 3153 2087 vero
3180 2032 3576 2088 admiratione

1915 2123 2043 2192 ejus
2064 2127 2123 2177 et
2151 2129 2590 2187 consternatus,
2621 2121 2916 2176 maximas
2955 2136 3017 2175 se
3047 2119 3239 2176 datori
3271 2120 3573 2176 bonorum

1917 2215 2034 2267 Deo
2055 2212 2275 2281 gratias
2301 2211 2517 2266 debere
2541 2211 2866 2282 professus,
2903 2215 2963 2264 ut
2991 2224 3406 2280 saepenumero
3437 2210 3575 2266 dor-

1915 2299 2120 2354 mienti
2147 2299 2443 2356 assisteret
2483 2315 2690 2370 puero,
2738 2303 3067 2370 pectusque
3098 2298 3229 2368 ejus
3273 2301 3570 2379 nudatum

1913 2405 2053 2444 cum
2083 2389 2457 2445 veneratione
2489 2388 2676 2444 multa
2705 2387 3174 2453 deoscularetur,
3209 2387 3456 2458 perinde
3487 2392 3573 2444 at-

1912 2493 2030 2549 que
2065 2477 2126 2533 in
2168 2494 2239 2532 eo
2269 2478 2508 2532 divinus
2549 2477 2804 2548 Spiritus
2843 2476 3212 2532 domicilium
3252 2492 3431 2532 suum
3463 2476 3571 2533 ha-

1911 2569 2092 2635 beret,
2130 2567 2493 2639 beatumque
2522 2582 2769 2638 prorsus
2801 2581 2862 2620 se
2906 2571 3028 2622 tam
3077 2565 3228 2621 felici
3273 2565 3572 2638 proliﬁca—

1912 2657 2070 2712 tione
2087 2655 2417 2726 judicabat.
2443 2657 2585 2720 Quae
2603 2671 2699 2710 res
2727 2670 3018 2724 magnam
3042 2655 3295 2726 praebuit
3317 2671 3566 2712 causam

1911 2749 1966 2800 et
1979 2745 2378 2809 occasionem,
2397 2749 2460 2798 ut
2479 2760 2625 2814 puer
2645 2743 2862 2798 ﬁedem
2888 2758 3213 2814 sacrasque
3238 2744 3460 2800 litteras
3486 2743 3566 2800 ab

1911 2835 2151 2890 ineunte
2189 2839 2359 2889 aetate
2389 2837 2807 2904 assequeretur
2841 2851 2854 2891 ;
2890 2832 3062 2904 347
3097 2838 3154 2888 et
3178 2837 3332 2887 recte
3355 2832 3565 2889 admo-

1910 2924 2056 2978 dum
2087 2921 2760 2984 etlucaretur.eumdem
2808 2927 2865 2976 et
2893 2927 3126 2993 patrem
3153 2925 3210 2978 et
3245 2927 3569 2992 praecepto-

1910 3029 2036 3068 rem
2068 3013 2318 3077 habens,
2349 3026 2760 3083 magnamque
2775 3010 2850 3066 de
2882 3027 2946 3065 se
2961 3010 3234 3081 praebens
3258 3015 3564 3081 exspecta-

1910 3102 2153 3156 tionem.
2188 3104 2319 3156 Haec
2353 3109 2533 3172 atque
2565 3100 2709 3155 item
2741 3099 2858 3155 alia
2886 3099 2980 3154 his
3013 3098 3234 3154 similia
3253 3098 3327 3154 de
3358 3098 3568 3169 puerili

1908 3195 2080 3246 atate
2112 3190 2381 3259 Origenis
2404 3189 2813 3260 suntprodita.
2834 3189 3156 3258 Postquam
3174 3203 3312 3243 vero
3330 3187 3566 3243 decimo

1909 3279 2104 3334 Severi
2127 3279 2476 3350 imperantis
2517 3293 2700 3340 anno,
2736 3277 2929 3332 Laetus
2955 3278 3211 3348 )Egypto
3241 3280 3298 3332 et
3320 3275 3570 3332 Alexan-

1908 3367 2051 3423 driae
2087 3367 2399 3440 praefectus
2439 3373 2545 3432 est,
2588 3371 2644 3422 et
2691 3365 3018 3421 Demetrius
3057 3364 3291 3421 Juliano
3338 3365 3396 3420 in
3445 3364 3569 3436 epi-

1910 3464 2159 3528 scopatu
2174 3457 2578 3512 Alexandrino
2591 3455 2894 3524 successit,
2911 3453 3420 3525 ecclesiarumque
3434 3469 3567 3524 per-

1907 3547 2131 3601 secutio
2162 3546 2494 3602 admodum
2520 3544 2790 3609 invaluit,
2824 3559 2894 3599 ac
2924 3543 3093 3598 multi
3138 3542 3566 3598 certaminibus

1907 3649 2129 3703 magno
2143 3635 2384 3689 animoo
2400 3633 2601 3688 bviam
2618 3637 2853 3695 euntes,
2881 3646 3136 3686 coronas
3153 3634 3563 3700 reportarunt:

1905 3729 2134 3779 tantam
2163 3722 2369 3776 dicunt
2400 3721 2665 3792 martyrii
2687 3718 3351 3790 cupiditatem.0rigeni
3377 3719 3567 3773 inces-

1905 3814 2071 3877 sisse,
2099 3828 2235 3866 cum
2265 3811 2322 3865 in
2339 3810 2588 3882 juvenili
2617 3807 2950 3864 admodum
2974 3808 3174 3862 adhuc
3192 3812 3366 3863 aetate
3387 3811 3561 3874 esset,

1905 3905 1966 3954 ut
1994 3900 2293 3954 exsultans
2319 3900 2446 3969 jam
2472 3902 2684 3953 ardore
2713 3896 2980 3969 quodam
3014 3894 3370 3960 incredibili,
3404 3895 3562 3967 peri-

1902 3988 2037 4045 cula
2067 4004 2176 4060 pro
2206 3989 2434 4043 Christo
2467 3986 2776 4042 toleranda
2806 3985 3012 4041 adiret.
3044 3987 3107 4040 Et
3133 3984 3420 4039 ﬁnivisset
3465 3985 3561 4040 ille

1897 4079 2025 4150 jam
2058 4085 2183 4133 tum
2217 4076 2502 4148 martyrio
2544 4076 2749 4140 vitam,
2781 4069 2900 4129 nisi
2941 4073 3059 4129 alia
3096 4073 3316 4128 divinas
3364 4074 3562 4130 Provi-

1900 4168 2115 4223 dentiae
2153 4168 2398 4231 ratione,
2440 4164 2701 4220 utilitatis
2751 4162 3080 4219 multorum
3111 4161 3324 4231 gratia,
3367 4170 3559 4219 mater

1900 4258 2029 4326 ejus
2085 4255 2538 4312 intercessisset.
2585 4252 2689 4308 Illa
2732 4252 2891 4306 enim
2944 4252 3004 4306 in
3036 4251 3379 4308 cubiculum
3429 4251 3561 4324 ejus

1901 4346 2192 4415 ingressa,
2223 4344 2474 4415 supplex
2505 4343 2555 4397 ei
2593 4341 2718 4406 fuit,
2755 4345 2814 4396 ut
2845 4355 2938 4403 ne.
2973 4346 3244 4396 materno
3271 4357 3381 4396 suo
3415 4356 3561 4410 erga

1899 4452 2038 4491 eum
2063 4437 2267 4490 animo
2307 4440 2363 4489 et
2387 4432 2578 4488 amori
2623 4446 2895 4500 parcens,
2929 4444 3155 4500 mgram
3188 4444 3251 4484 se
3278 4429 3359 4486 ita
3389 4430 3561 4485 relin-

1898 4531 2122 4598 queret,
2161 4528 2216 4579 et
2253 4521 2610 4578 intolerabili
2656 4520 2839 4576 luctui
2891 4526 2946 4574 et
2991 4520 3234 4575 maerori
3292 4519 3559 4591 objicere

1897 4618 2320 4687 perseveraret.
2377 4611 2476 4667 Ubi
2530 4625 2670 4666 vero
2723 4614 2890 4679 pater
2937 4609 3065 4678 ejus
3114 4613 3329 4679 captus
3381 4613 3438 4663 et
3496 4609 3558 4664 in

1896 4703 2135 4760 vincula
2152 4703 2457 4773 conjectus
2483 4705 2588 4763 est,
2616 4700 2808 4769 major
2821 4715 2958 4754 eum
2987 4699 3167 4753 etiam
3198 4699 3559 4764 amor,acri-

1896 4809 2090 4865 usque
2121 4789 2390 4861 martyrii
2415 4789 2777 4844 desiderium
2802 4787 3036 4852 invasit,
3060 4785 3252 4841 indies
3274 4786 3334 4841 id
3358 4787 3448 4857 (ut
3470 4787 3556 4844 ita

1893 4882 2115 4953 dicam)
2146 4881 2359 4937 ardore
2383 4886 2439 4934 et
2461 4881 2596 4948 igne
2618 4893 2774 4933 novo
2797 4876 3085 4931 excitante
3118 4881 3298 4946 atque
3337 4891 3556 4931 accen-

1892 4972 2092 5027 dente.
2128 4971 2503 5039 Quapropter
2551 4982 2690 5021 cum
2732 4967 2811 5021 ita
2855 4965 3188 5020 animatum
3236 4965 3553 5034 Origenem

1891 5077 2020 5118 esse
2053 5067 2240 5117 mater
2273 5060 2522 5124 videret,
2564 5072 2807 5113 omnem
2838 5055 2966 5126 ejus
3011 5060 3234 5111 vestem
3275 5055 3556 5111 recondi-

1890 5151 1992 5214 dit.
2024 5150 2559 5219 necessitatemque
2602 5146 2654 5201 ei
2697 5144 2863 5200 domi
2895 5144 3180 5200 manendi
3232 5143 3552 5215 imposuit.

1892 5243 1992 5296 Hic
2025 5255 2160 5294 cum
2185 5239 2343 5294 aliud
2370 5237 2562 5292 facere
2593 5250 2711 5289 non
2741 5239 2958 5304 posset,
3003 5233 3224 5304 alipten
3254 5239 3313 5288 et
3348 5238 3555 5288 uncto-

1887 5346 2014 5386 rem
2046 5328 2384 5385 certaminis
2429 5341 2491 5380 se
2521 5324 2673 5396 patri
2700 5323 2973 5395 prmbuit,
2997 5326 3053 5378 et
3087 5322 3428 5394 frequenter
3448 5337 3552 5378 co-

1887 5419 2244 5477 hortatorias
2277 5415 2355 5472 ad
2384 5415 2552 5469 illum
2573 5413 2796 5468 litteras
2818 5411 3072 5483 scripsit,
3095 5412 3246 5466 inter
3275 5411 3392 5468 alia
3410 5427 3548 5467 ver-

1888 5511 1970 5568 ba
1996 5511 2110 5566 ista
2132 5521 2430 5580 usurpans
2471 5503 2762 5569 :Sustine,
2798 5506 2854 5558 et
2879 5516 2952 5558 ne
2983 5501 3128 5576 quid
3158 5499 3398 5558 alterius
3418 5516 3550 5558 sen-
