4040 6224
463 273 602 334 1075

1783 271 2173 331 NICEPHORI
2209 269 2296 330 CA
2309 272 2534 332 LLISTI

3679 273 3824 330 1076

457 403 664 460 "tentia
693 407 796 461 aut
811 403 1046 462 consilii
1075 407 1280 460 nostra
1300 418 1487 460 causa
1517 401 1724 474 capias
1749 400 1903 456 vide.
1931 400 2116 472 Atque

2233 397 2487 472 βαλϐῖδος
2541 402 2656 475 περὶ
2699 401 2829 456 Θεὸν
2875 400 3036 456 αὐτοῦ
3083 405 3310 476 γνησίας
3363 403 3584 463 πίστεώς
3638 419 3695 454 τε
3741 378 3836 452 καἱ

458 491 576 550 hoc
617 493 877 565 primum
921 495 992 549 sit
1031 492 1568 557 evidentissimum,
1605 508 1644 547 a
1677 491 1886 563 primis
1935 490 2119 563 (quod

461 581 705 655 dicitur)
731 582 1087 646 carceribus,
1123 598 1426 653 germanae
1455 581 1614 645 fidei,
1637 579 1968 652 sincerique
1989 580 2119 651 ejus

467 685 614 741 erga
632 673 817 728 Deum
844 672 1050 737 animi,
1079 673 1383 744 specimen
1403 675 1581 743 atque
1613 669 1924 726 indicium.

1119 797 1344 852 CAPUT
1385 795 1470 850 IV.

465 903 553 959 De
603 902 974 960 institutione
1019 911 1070 960 et
1128 903 1471 960 educatione
1515 907 1568 959 et
1605 918 1804 960 eorum
1842 904 1946 974 qui
1989 905 2116 970 eius

535 975 960 1031 consuetudine
989 983 1040 1032 et
1089 977 1364 1032 doctrina
1407 976 1500 1030 usi
1534 975 1670 1030 sint.
1707 975 1782 1030 Et
1819 981 1882 1029 ut
1919 975 2115 1030 decem

536 1055 589 1102 et
612 1053 739 1102 octo
765 1054 942 1103 natus
955 1062 1165 1114 annos,
1183 1047 1230 1102 A
1245 1047 1849 1113 lexandrz’mﬁdelium
1864 1047 2116 1115 praefue-

535 1117 617 1173 rit
654 1119 889 1184 scholae,
928 1120 1083 1175 clari
1105 1135 1355 1190 prorsus
1387 1120 1639 1174 nominis
1669 1119 2028 1175 adolescens.

537 1299 702 1352 Patre
738 1297 886 1368 ejus,
921 1297 1090 1353 sicuti
1129 1297 1408 1364 diximus,
1453 1297 1574 1353 vita
1613 1313 1719 1368 per
1757 1296 2111 1368 martyrium

465 1399 577 1456 pro
591 1384 819 1441 Christo
832 1385 1410 1454 defuncto,nondum
1426 1402 1670 1458 prorsus
1687 1384 2110 1457 septemdecim

465 1488 658 1529 annos
688 1479 1034 1538 natus,cum
1054 1473 1219 1544 apud
1244 1480 1494 1530 matrem
1517 1491 1655 1530 cum
1687 1474 1818 1529 aliis
1840 1489 1944 1528 sex
1969 1477 2112 1527 natu

463 1562 804 1618 minoribus
827 1561 1029 1618 liberis
1058 1569 1232 1628 esset,
1261 1570 1317 1618 et
1337 1565 1501 1636 quod
1521 1564 1950 1634 patrimonium
1981 1563 2110 1634 ejus

463 1667 645 1707 omne
671 1651 962 1724 imperiali
992 1651 1142 1708 ﬁsco
1179 1652 1409 1708 illatum
1441 1652 1648 1718 fuerat,
1679 1667 1801 1707 una
1831 1667 1966 1706 cum
1987 1651 2110 1705 suis

465 1755 803 1796 aerumnose
817 1741 876 1796 in
895 1755 1119 1811 magna
1133 1757 1264 1796 reru
1277 1759 1328 1796 m
1345 1743 1820 1797 necessariarum
1835 1740 2110 1810 angustia

465 1829 648 1902 35.8
701 1835 759 1885 et
803 1831 1056 1901 penuria
1093 1831 1334 1896 viveret,
1389 1831 1590 1886 divino
1637 1831 1690 1886 ei
1733 1833 2112 1886 succurrente

463 1919 738 1985 Numine,
779 1919 1126 1976 incredibile
1157 1925 1512 1976 consecutus
1550 1927 1638 1976 est
1694 1920 2001 1975 auxilium.
2033 1919 2113 1974 Si-

463 2009 712 2080 quidem
751 2011 965 2066 mulier
993 2010 1275 2082 quaedam
1314 2011 1654 2080 ingentibus
1683 2011 1898 2065 divitiis
1929 2015 1985 2065 et
2014 2025 2112 2064 co-

461 2098 578 2170 piis
618 2098 798 2164 clara,
837 2105 894 2155 et
930 2100 1098 2155 aliter
1143 2115 1388 2172 quoque
1440 2099 1810 2156 Alexandriae
1840 2098 2110 2163 celebris,

463 2187 946 2257 magninominis
959 2188 1152 2243 virum
1175 2189 1610 2244 Antiochenum
1633 2205 1869 2260 genere,
1889 2195 1946 2243 et
1965 2189 2115 2242 inter

460 2276 774 2332 haereticos
838 2277 1270 2333 Alexandrinos
1327 2279 1704 2350 primarium,
1762 2283 2115 2334 consectans

463 2370 643 2438 atque
673 2367 1094 2436 complectens,
1123 2367 1410 2437 adoptato
1428 2367 1538 2422 sibi
1561 2367 1666 2422 ﬁlii
1685 2365 1817 2422 loco
1843 2367 2112 2435 Origene,

463 2470 600 2510 cum
636 2456 881 2511 maximi
910 2455 1218 2520 eumfecit,
1243 2461 1370 2510 tum
1403 2455 1452 2510 ei
1477 2456 1719 2529 suisque
1743 2455 2115 2511 omnibusad

453 2544 880 2616 quotidianum
903 2544 1409 2601 usumliberaliter
1432 2547 1738 2616 etcopiose
1759 2545 1965 2600 omnia
1979 2559 2117 2616 sup-

459 2633 765 2704 peditavit.
786 2633 1178 2691 Familiariter
1190 2649 1332 2705 ergo
1357 2651 1496 2690 cum
1520 2634 1939 2706 Paulo(t)(hoc
1957 2634 2116 2688 enim

459 2735 683 2778 nomen
702 2723 1038 2794 maritiejus
1053 2723 1315 2780 mulieris
1332 2726 1482 2792 erat)
1497 2725 1719 2788 vivens,
1743 2739 2058 2795 nunquam
2080 2738 2116 2777 a

461 2816 753 2867 consueta
767 2812 880 2867 sibi
893 2811 1133 2868 deﬂexit
1154 2813 1974 2884 precatione,communicare
1989 2827 2116 2883 pre-

461 2913 562 2956 ces
575 2915 702 2955 cum
717 2900 904 2957 Paulo
915 2900 1186 2956 heretico
1200 2901 1976 2972 nolens,ecclesiasticasque
1990 2916 2117 2956 san-

461 2987 685 3044 ctiones
711 2990 1155 3045 accuratissime
1169 3005 1440 3046 servans:
1461 3006 1598 3046 cum
1615 2990 1859 3062 quidem
1877 2990 1953 3045 ad
1974 2991 2117 3046 Pau-

459 3075 585 3132 lum
618 3077 1372 3150 permultifrequentarent,
1395 3095 1518 3134 non
1541 3078 1735 3135 solum
1751 3079 1853 3150 qui
1869 3095 1940 3134 ex
1958 3081 2115 3135 Grae-

461 3179 671 3221 corum
702 3173 896 3222 essent
916 3167 1359 3238 superstitione,
1383 3167 1488 3222 sed
1518 3169 1694 3224 etiam
1719 3168 1907 3222 nostri
1931 3167 2118 3222 homi-

458 3269 588 3310 nes.
619 3253 962 3311 Grmcorum
977 3271 1157 3328 porro
1177 3255 1509 3327 disciplinis
1523 3257 1884 3328 jampridem
1904 3263 2118 3328 apatre

461 3344 748 3411 imbutus,
783 3346 975 3416 magis
1007 3345 1189 3401 etiam
1221 3345 1282 3400 in
1309 3345 1476 3401 Pauli
1510 3345 1715 3401 schola
1745 3345 2115 3417 proﬁciebat,

461 3431 712 3488 Proinde
753 3439 962 3504 postea
990 3449 1063 3490 ex
1092 3448 1300 3490 earum
1339 3435 1744 3490 doctrinarum
1777 3433 2118 3504 disciplina.

2231 485 2528 553 διαθέσεως.

2846 799 3087 848 ΚΕΦΑΛ.
3130 797 3204 847 Δν.

2227 903 2380 972 Περὶ
2429 906 2538 960 τῆς
2585 900 2718 952 κατ’
2769 899 2961 952 αὐτόν
3011 898 3322 963 παιδείας
3368 903 3475 953 καὶ
3529 900 3826 973 ἀγωγῆς·

2296 975 2403 1023 καὶ
2430 980 2560 1044 ’τῶν
2617 975 2784 1044 αύτῷ
2829 975 3303 1044 φοιτησάντων.
3353 977 3594 1044 Καὶᾲὼς
3647 973 3828 1025 ὀκτω-

2296 1040 2572 1096 καίδεκα
2613 1045 2688 1119 ᾦν
2733 1040 2902 1112 ἐντῶν,
2944 1053 3056 1119 τᾴῆς
3106 1047 3166 1097 ἓν
3204 1042 3670 1119 ’ᾼλεξανδρείᾳ
3715 1053 3827 1097 τῶν

2295 1124 2540 1192 ⁴πιστῶν
2627 1117 2851 1186 ἠγεῖτο
2957 1113 3340 1188 διατριϐῆς,
3443 1113 3826 1192 περιϐόητος

2298 1185 2530 1259 ἁθρόον
2579 1185 2938 1260 γενόμενος.

2293 1300 2397 1346 Τοῦ
2459 1290 2518 1346 δι
2555 1299 2752 1369 πατρὸς
2808 1295 2990 1360 αὐτοῦ,
3046 1298 3114 1356 ὡς
3161 1298 3385 1367 εἴρηται,
3447 1299 3504 1348 τό
3557 1295 3704 1370 βίοῦν
3755 1303 3822 1364 τῷ

2222 1382 2349 1454 ὑπὲρ
2416 1387 2650 1456 Χριστοῦ
2716 1382 3120 1454 μεταλλάξαντος
3189 1387 3472 1456 μαρτυρίῳ,
3555 1384 3612 1436 ού
3695 1387 3824 1436 πάνυ

2221 1490 2270 1523 τι
2327 1470 2525 1545 πλήρης
2582 1477 2648 1524 ὧν
2696 1475 2818 1524 ἑτῶν
2882 1469 3258 1539 ἑπτακαίδεκα,
3321 1475 3466 1548 παρὰ
3667 1482 3826 1546 μητρὶ

2221 1560 2332 1632 μεθ’
2405 1561 2582 1634 ἑτέρων
2639 1561 2691 1624 ἐξ
2765 1559 3107 1634 βραχυτέρων
3176 1559 3382 1615 παίδων
3463 1562 3824 1637 ταλαιπωρῶν,

2219 1657 2313 1710 τῆς
2367 1657 2625 1724 πατρικῆς
2676 1650 2857 1712 ούσίας
2913 1658 3018 1711 τοῖς
3049 1650 3350 1722 βασιλικοῖς
3401 1657 3635 1722 ταμείοις
3671 1671 3828 1704 κατα.

2220 1737 2475 1810 λεγείσης,
2534 1741 2584 1790 ἓν
2635 1739 2854 1812 πλείστη
2916 1741 3100 1794 σπάνει
3183 1749 3282 1792 τῶν
3339 1739 3633 1812 ἀναγκαίων
3691 1745 3826 1812 γενό-

2221 1846 2369 1900 μενος
2419 1830 2549 1899 μετὰ
2597 1835 2697 1879 τῶν
2747 1832 2876 1900 πρὸς
2927 1833 3084 1899 γένος,
3143 1837 3238 1890 τῆς
3313 1831 3448 1890 θείας
3519 1829 3830 1902 ἀντιλαμϐα-

2221 1921 2431 1988 νομένης
2493 1918 2680 1992 ῥοπῆς,
2751 1927 2847 1980 τῆς
2915 1917 3102 1972 ἐκεῖθεν
3177 1918 3406 1994 ἀρρήτου
3473 1923 3830 1992 κατετύγχανε

2225 2002 2532 2068 δεξιώσεως.
2601 2011 2734 2065 Γυνή
2811 2009 2910 2080 γάρ
2983 2027 3080 2073 τις,
3161 2007 3368 2079 πλούτῳ
3433 2011 3523 2076 μὲν
3613 2018 3832 2080 κομῶσι

2226 2095 2399 2168 βαθεῖ,
2459 2101 2742 2168 περιφανής
2795 2093 2854 2149 δὲ
2909 2096 3074 2159 ἄλλως
3127 2105 3224 2149 τῶν
3273 2099 3353 2150 εντ’
3417 2095 3830 2172 Ἀλεξανδρείας,

2224 2189 2314 2236 καί
2365 2205 2482 2237 τινα
2545 2185 2853 2258 περιϐόητον
2910 2183 3102 2258 ἄνδρα,
3152 2187 3437 2259 Ἀντιοχέα
3501 2207 3562 2258 γε
3617 2191 3722 2259 μὴν
3777 2190 3834 2239 τό

2223 2278 2388 2344 γένος,
2436 2282 2536 2326 τῶν
2617 2271 2670 2327 δ’
2721 2276 2800 2327 ἔπ’
2857 2273 3248 2350 Ἀλεξανδρείας
3315 2279 3635 2349 αἰρεσιωτῶν
3691 2281 3834 2348 πρὼ-

2225 2383 2402 2416 τιστον
2455 2368 2794 2436 περιέπουσα,
2851 2367 2993 2417 θετὸν
3037 2367 3148 2417 υἱὸν
3199 2370 3288 2418 τὸν
3335 2367 3604 2440 Ὠριγένην
3672 2366 3832 2437 ἑαυτῇ

2226 2453 2525 2524 εἰσῳκίζετο
2553 2471 2566 2484 ·
2625 2459 2714 2506 καὶ
2767 2457 2815 2506 ἐν
2877 2461 2989 2516 τοῖς
3013 2455 3247 2527 μᾶλιστα
3272 2456 3616 2519 κατατάξασα
3673 2457 3834 2527 ἅφθο·

2224 2545 2286 2594 νά
2338 2562 2392 2595 τε
2441 2549 2531 2595 καὶ
2583 2539 2782 2613 δαψιλῆ
2841 2546 2906 2596 τὰ
2951 2550 3082 2617 πρός
3123 2544 3216 2604 τήν
3257 2527 3446 2618 χρείαν
3475 2546 3618 2618 αύτῳ
3663 2565 3718 2599 τε
3746 2551 3836 2598 καὶ

2225 2640 2327 2694 νοῖς
2381 2633 2589 2694 οἰκείοις
2641 2632 2856 2705 ἐπήρκει
2890 2651 2902 2664 ·
2961 2640 3125 2686 συνών
3183 2632 3244 2688 δι
3294 2644 3367 2707 τῷ
3413 2635 3602 2706 Παύλῳ
3662 2636 3838 2706 (τοῦτο

2223 2725 2323 2794 γὰρ
2383 2719 2442 2780 ἧν
2499 2725 2658 2794 ὄνομα
2709 2731 2782 2792 τῷ
2835 2727 3052 2796 συζύγῳ
3108 2732 3204 2784 τῆς
3241 2729 3530 2796 γυναικὸς),
3566 2721 3694 2777 οὐδε
3729 2744 3840 2776 πω-

2224 2829 2348 2863 ποτε
2393 2819 2488 2872 τῆς
2555 2813 2814 2873 συνήθους
2874 2812 3040 2883 εὐχῆς
3105 2814 3438 2886 παρετράπη,
3487 2818 3606 2873 τοὺς
3655 2811 3838 2872 ἔκκλη-

2228 2903 2534 2961 σιαστικοὺς
2582 2902 2806 2972 θεσμοὺς
2857 2904 2904 2962 ἒς
2957 2903 3115 2974 ἄκρόν
3164 2898 3452 2976 διατηρῶν,
3531 2908 3622 2955 καὶ
3673 2909 3842 2954 ταῦτα

2225 2988 2422 3040 πολλῶν
2471 2985 2611 3047 δῆτα
2659 2997 2734 3058 τῷ
2793 2989 2980 3060 Παύλῳ
3055 2996 3364 3062 φοιτώντων,
3437 2999 3540 3044 τῶν
3615 3010 3670 3044 τε
3743 2999 3842 3053 τῆς

2223 3075 2469 3136 Ἐλλήνων
2543 3079 2847 3148 θρησκείας,
2917 3083 3010 3131 οῦκ
3100 3079 3396 3152 ἐλαχίστων
3476 3084 3652 3152 μέντοι
3749 3085 3840 3132 καί

2224 3168 2500 3240 ἡμετέρων.
2538 3172 2654 3226 Τοῖς
2711 3163 2772 3219 δὲ
2842 3175 2940 3218 τῶν
2991 3167 3232 3228 Ἑλλήνων
3301 3171 3584 3241 μαθήμασι
3655 3189 3841 3242 προτε-

2223 3254 2426 3316 λεσθεὶς
2477 3258 2531 3306 ἐκ
2582 3263 2674 3308 τοῦ
2725 3261 2920 3330 πατρὸς
2973 3256 3264 3330 Ὠριγένης,
3313 3261 3398 3310 ἐπὶ
3470 3256 3664 3330 μᾶλλον
3727 3258 3836 3310 ἐπέ-

2229 3340 2364 3397 δωκε
2441 3351 2503 3416 τῇ
2565 3345 2768 3396 Παύλου
2849 3345 3126 3417 σχολάζων
3194 3343 3442 3419 διατριϐῇ
3475 3366 3489 3380 ο
3559 3346 3844 3406 κᾶντεῦθεύ

2225 3437 2316 3484 καὶ
2372 3429 2610 3503 δαψιλῶς
2664 3441 2764 3484 τῶν
2817 3433 3118 3503 ἀναγκαίων
3169 3439 3336 3507 τούτῳ
3389 3443 3568 3508 μετῆν,
3617 3441 3712 3488 καὶ
3781 3439 3842 3488 ἐκ

463 3521 560 3577 cui
600 3522 872 3594 praeibat,
901 3522 1143 3578 abunde
1168 3539 1261 3578 res
1300 3523 1612 3578 familiaris
1652 3523 1702 3578 ei
1744 3523 2121 3594 suppetebat,

461 3611 848 3684 Posteaquam
863 3616 1054 3667 autem
1069 3613 1496 3683 persecutionis
1513 3613 1710 3667 timore
1725 3611 2008 3667 omnibus
2021 3628 2124 3668 ex-

457 3699 867 3772 pulsis,nullus
881 3701 1236 3757 Alexandriae
1253 3717 1550 3756 sacrorum
1568 3701 1942 3756 oraculorum
1960 3717 2126 3760 enar-

457 3795 621 3845 rator
633 3789 826 3854 fuit,m
837 3789 936 3845 ulti
951 3805 1024 3845 ex
1037 3789 1315 3859 gentibus
1329 3793 1406 3845 ad
1421 3791 1736 3858 Origenem
1750 3791 2122 3858 accedentes,

455 3879 712 3934 verbum
743 3879 843 3933 Dei
876 3879 1311 3949 suntprol'essi:
1341 3879 1633 3950 multique
1662 3879 1900 3934 illorum
1932 3879 2126 3950 patria

457 3981 632 4023 sacra
651 3967 946 4034 detestati,
981 3969 1196 4039 partim
1227 3973 1292 4024 ut
1317 3968 1688 4024 familiariter
1711 3985 1849 4023 cum
1872 3983 1943 4024 eo
1973 3968 2126 4023 vive-

459 4061 610 4122 rent,
625 4057 844 4129 partim
861 4062 925 4112 ut
947 4073 1184 4128 emper
1195 4059 1248 4113 ei
1269 4057 1571 4124 adessent,
1595 4073 1718 4129 prae
1733 4057 1913 4112 rebus
1925 4057 2124 4113 omni-

459 4143 577 4200 bus
597 4145 793 4200 studio
811 4145 922 4200 sibi
939 4145 1301 4202 habuerunt.
1324 4149 1402 4202 Ex
1431 4147 1499 4202 iis
1521 4148 1750 4217 primus
1775 4162 1906 4202 esse
1927 4147 2122 4215 perhi-

457 4233 633 4290 betur
659 4233 1025 4299 Plutarchus,
1043 4251 1182 4290 cum
1209 4235 1341 4290 vita;
1356 4235 1686 4301 sanctitate,
1707 4241 1834 4290 tum
1852 4235 2116 4306 martyrii

2233 4237 2540 4304 σημαίνεταί
2595 4233 2939 4307 Πλούταρχον
2969 4255 2982 4265 ’
3047 4237 3104 4297 ὃς
3169 4242 3508 4312 προσήκοντα
3571 4241 3660 4290 τὸν
3723 4237 3840 4312 βίον

461 4337 686 4379 corona
723 4322 942 4379 clarus.
987 4323 1144 4379 Alter
1175 4323 1254 4380 ab
1285 4324 1400 4379 hoc
1440 4323 1715 4379 Heracles
1761 4329 2116 4388 recensetur,

2233 4327 2605 4396 παρεσχηκὼς,
2661 4329 2752 4376 καὶ
2825 4333 3130 4398 μαρτυρικῷ
3196 4329 3570 4400 κατεκοσμήθη
3643 4331 3836 4402 tri-cgni-

459 4411 754 4468 Plutarchi
787 4412 973 4482 ipsius
1011 4410 1190 4468 frater
1223 4429 1235 4466 :
1264 4413 1368 4485 qui
1399 4417 1630 4468 tantum
1663 4413 1736 4468 de
1767 4429 1828 4468 se
1875 4413 2116 4468 verioris

2233 4433 2297 4484 νῳ
2337 4430 2350 4442 '
2409 4410 2644 4484 δεύτερον
2703 4409 2763 4465 δέ
2830 4415 2962 4484 μετὰ
3009 4423 3188 4466 τοῦτον
3262 4415 3520 4490 Ἠρακλᾶν
3595 4417 3838 4492 ἱστορεῖ·

459 4499 860 4571 philosophias
891 4499 1070 4556 studii
1098 4484 1404 4572 specimen
1429 4501 1700 4572 praebuit,
1739 4506 1798 4556 ut
1820 4508 2026 4572 postea
2057 4502 2116 4556 in

2233 4509 2317 4555 τοῦ
2359 4505 2728 4574 προειρημένου
2775 4499 2834 4554 δε
2901 4502 3246 4576 Πλουτάρχου
3301 4484 3526 4578 άδελφός
3609 4484 3840 4578 ἐτύγχα-

459 4589 710 4646 ecclesia
751 4589 1157 4646 Alexandrina
1199 4592 1491 4646 Demetrio
1532 4606 1841 4646 successor
1872 4591 1947 4645 sit
1977 4589 2116 4646 sul)-

2233 4611 2306 4642 νεν
2365 4591 2431 4642 ὢν
2463 4608 2474 4620 ·
2535 4594 2604 4650 ὡς
2643 4588 2710 4650 δὴ
2767 4595 2852 4644 καὶ
2905 4591 3044 4662 αὐτῷ
3083 4593 3274 4652 πολλὴν
3332 4593 3617 4667 φιλοσόφου
3671 4596 3840 4653 ἀσκή-

458 4685 726 4750 rogatus.
769 4679 948 4735 Porro
999 4681 1302 4734 decimum
1335 4685 1616 4735 octavum
1649 4695 1834 4748 agens
1887 4695 2116 4736 annum

2233 4699 2358 4741 σεως
2423 4679 2816 4751 εἰσενηνεγμένῳ
2881 4677 3169 4748 ἀπόδειξιν,
3223 4683 3249 4733 ό
3295 4691 3388 4743 τῆς
3454 4681 3840 4759 Ἀλεξανδρέων

458 4768 767 4838 Origenes,
801 4766 1022 4822 scholas
1067 4767 1414 4824 catechistes
1441 4769 1500 4823 in
1537 4769 1683 4823 urbe
1714 4767 2115 4824 Alexandrina

2233 4771 2409 4842 θρόνος
2449 4771 2580 4839 μετὰ
2627 4773 2922 4842 Δημήτριον
2972 4767 3272 4844 ἐκληροῦτο.
3323 4767 3554 4842 Ὄγδοον
3603 4768 3664 4826 δὲ
3709 4777 3840 4842 πρὸς

457 4861 567 4913 est.
599 4857 935 4929 praefectus.
961 4859 1183 4912 Etcum
1201 4857 1428 4913 ibidem
1451 4857 1566 4912 sub
1585 4857 1795 4927 Aquila
1811 4855 2116 4927 praefecto-

2233 4853 2431 4927 δεκάτῳ
2482 4859 2594 4918 ἔτος
2639 4865 2734 4917 τῆς
2801 4857 3006 4919 ἡλικίας
3063 4855 3125 4916 ἣν
3189 4859 3460 4932 Ὠριγίνει,
3523 4861 3685 4918 ἡνίκα
3745 4869 3838 4914 τοῦ

455 4946 790 5017 persecutio
821 4946 1084 5001 maxime
1123 4946 1440 5001 exundans
1484 4945 1940 5011 incrudesceret,
1989 4961 2116 5001 ma-

2233 4944 2338 4998 κατ’
2381 4942 2774 5018 Ἀλεξάνδρειαν
2821 4950 3047 5018 προέστη
3101 4943 3477 5002 διδασκαλείου
3523 4957 3625 5012 τῆς
3671 4970 3841 5008 κατη-

457 5049 650 5106 gnum
675 5040 1034 5092 consecutus
1073 5039 1160 5090 est
1187 5050 1412 5091 nomen
1443 5035 1607 5107 apud
1636 5049 1739 5090 eos
1771 5035 1874 5107 qui
1907 5033 2116 5090 Christi

2233 5039 2435 5106 χήσεως
2493 5051 2504 5063 ·
2583 5035 2664 5086 ὅτε
2715 5039 2946 5087 καὶτῶν
3004 5037 3117 5088 κατ’
3177 5037 3400 5091 Ἀκύλαν
3465 5035 3722 5111 διωγμῶν
3787 5043 3838 5092 ἓν

455 5126 702 5181 nomine
739 5131 1062 5181 censentur
1092 5141 1106 5181 :
1136 5125 1302 5196 quod
1333 5131 1390 5180 et
1421 5131 1593 5180 notos
1627 5125 1741 5180 sibi
1775 5130 1832 5180 et
1877 5125 2114 5195 ignotos

2233 5117 2596 5196 Ἀλεξανδρείᾳ
2669 5120 2876 5197 σφόδρα
2940 5123 3457 5198 πλημμυρησάντων,
3529 5133 3666 5200 μέγα
3751 5135 3836 5182 καὶ

456 5211 825 5270 familiariter
861 5213 1166 5285 excipiens
1205 5213 1740 5286 complecteretur:
1785 5219 1841 5270 et
1905 5215 2006 5286 qui
2051 5214 2115 5269 in

2233 5213 2529 5287 περιϐόητον
2572 5213 2722 5274 οὗτος
2759 5215 3018 5270 ἐκτήσατο
3059 5217 3238 5286 ὄνομα,
3281 5217 3353 5276 οἶς
3383 5213 3452 5274 δή
3500 5221 3556 5269 τό
3597 5224 3836 5290 Χριστοῦ

457 5302 712 5359 vinculis
741 5308 930 5368 erant,
959 5302 1167 5359 sedulo
1192 5302 1472 5372 visitaret,
1505 5303 1872 5361 alacritatem
1905 5319 2112 5359 eorum

2233 5301 2341 5360 ἐνῆν
2385 5305 2563 5372 ὄνομα.
2619 5307 2758 5354 Πᾶσι
2799 5303 2900 5374 γὰρ
2939 5307 3028 5355 καὶ
3067 5307 3344 5378 γνωρίμοις
3392 5309 3480 5357 καὶ
3533 5309 3607 5378 μή
3669 5305 3830 5378 πολλῇ

2227 3529 2320 3574 τοῦ
2362 3524 2712 3592 καθηγεῖσθαι
2758 3526 2814 3574 τὸ
2870 3522 3048 3576 λοιπόν
3086 3531 3196 3586 τοῖς
3247 3527 3576 3597 μαθήμασιν.
3631 3525 3722 3598 ’ῼς
3777 3522 3844 3577 δὲ

2229 3613 2432 3663 πάντων
2488 3620 2560 3682 τῷ
2625 3607 2730 3664 δέει
2801 3621 2892 3664 τοῦ
2943 3609 3181 3684 διωγμοῦ
3259 3613 3680 3686 ἀπεληλαμένων,
3749 3619 3816 3667 επ

2233 3696 2623 3771 Ἀλεξανδρείας
2673 3697 2846 3762 οὐδεὶς
2883 3710 2982 3752 τὼν
3027 3705 3170 3774 ἱερῶν
3219 3701 3480 3774 ἐξηγητής
3525 3701 3610 3770 ἦν,
3652 3703 3840 3756 πολλοὶ

2232 3795 2322 3840 καὶ
2375 3797 2472 3842 τῶν
2527 3787 2580 3852 ἐξ
2610 3787 2764 3840 ἐθνῶν
2801 3793 2970 3861 τούτῳ
3001 3787 3068 3848 δή
3105 3797 3412 3863 προσιόντες
3441 3801 3512 3862 τῷ
3557 3792 3841 3866 Ὠριγένει,

2232 3881 2320 3930 τόν
2369 3877 2519 3949 λόγον
2595 3885 2688 3929 τοῦ
2741 3887 2876 3932 Θεοῦ
2927 3880 3326 3952 κατηγγιλλοντο
3369 3901 3382 3914 ·
3443 3881 3622 3935 πολλοὶ
3673 3879 3726 3934 δ’
3789 3881 3842 3944 ἐξ

2232 3965 2432 4019 ἐκείνων
2461 3971 2548 4019 καὶ
2597 3969 2663 4018 τὰ
2703 3969 2901 4041 πάτρια
2955 3965 3384 4042 βδελυσσόμενοι,
3437 3978 3670 4023 συνεῖναι
3723 3971 3844 4023 τάν-

2233 4053 2343 4127 δρὶ,
2407 4060 2494 4108 καὶ
2557 4055 2701 4108 ἄλλοι
2757 4053 2816 4108 δε
2873 4063 3051 4128 φοιτᾴν
3112 4057 3250 4111 ἐσαεὶ
3321 4056 3562 4121 σπουδῆς
3623 4059 3840 4122 ἁπάσης

2230 4145 2432 4197 ἔτίθουν
2501 4146 2800 4220 ὑπέρτερον.
2859 4149 3065 4199 Τούτων
3135 4145 3194 4200 δι
3247 4157 3446 4220 πρῶτον
3499 4148 3650 4210 οὗτος
3731 4149 3842 4202 ἑπι-

2228 4611 2306 4642 νεν
2365 4591 2431 4642 ὢν
2463 4608 2474 4620 ·

527 5483 606 5555 (t)
629 5481 802 5555 Apud
829 5481 1171 5547 Eusebium,
1201 5481 1304 5538 lib.
1338 5497 1566 5556 ποορ.
1600 5481 1652 5550 3,
1673 5486 1780 5550 est,
1809 5481 2060 5540 Paulum
2083 5481 2262 5537 istum
2303 5477 2582 5536 afemiua
2611 5477 3064 5554 adoptatum,et
3084 5482 3400 5558 Origenem
3417 5498 3642 5542 cumeo
3667 5483 3832 5558 apud

454 5569 622 5632 illam
647 5575 950 5631 versatum
971 5571 1180 5632 fuisse.
