4040 6224
179 321 209 377 1
218 323 322 378 077

1246 312 1814 374 ΕΟΕΙ-ΕΞῙΑΞΤΙΟᾹΞ
1853 313 2217 370 HISTORIA?!
2254 314 2390 372 LIB.
2431 316 2496 371 V.

3393 314 3536 371 1078

174 448 373 520 ἐχρῆτο
419 454 481 521 τῇ
536 441 802 510 δεξιότητι
833 463 846 478 ·
899 445 948 497 ἐν
998 463 1052 497 τε
1102 439 1319 516 δεσμοῖς
1348 435 1517 507 οὖσιν,
1561 441 1746 496 ἐπισκο

1880 441 2148 498 excitans
2173 447 2230 499 et
2258 443 2568 514 adaugens
2597 460 2611 500 :
2635 447 2761 501 tum
2776 447 2976 502 autem
3004 459 3106 501 eos
3135 443 3238 518 qui
3268 443 3346 501 ad
3377 459 3534 500 mor-

171 545 280 599 πῆς
309 535 487 601 ἀξιῶν,
537 541 626 590 καὶ
675 537 953 609 ὑπεγείρων
992 537 1050 586 τὸ
1089 535 1354 608 πρόθυμον
1389 551 1400 562 ·
1431 529 1538 592 ἤδη
1574 529 1634 585 δε
1681 535 1770 583 καὶ

168 630 268 684 τήν
306 624 390 679 ἐπὶ
423 627 638 678 θάνατον
687 623 1049 697 ἀπαγομένοις,
1111 622 1408 697 θαρσαλέως
1463 627 1558 676 σὺν
1605 619 1765 692 πολλῇ

165 714 446 790 παῤῥησίᾳ
509 716 755 788 προάγειν
807 718 897 765 καὶ
971 714 1222 785 φιλήματι
1283 711 1722 772 κατασπάζεσθαι
1750 729 1764 742 ·

166 805 236 865 ὡς
285 811 377 856 καὶ
428 803 675 864 πολλάκις
726 811 825 854 τῶν
869 801 1022 854 ἐθνῶν
1076 805 1163 854 τὸν
1213 797 1382 873 δῆμον
1435 800 1764 873 ἐπιμαινόμε-

160 913 250 945 νον
325 893 622 946 καταλεύειν
677 893 984 964 πειρᾶσθαι,
1062 892 1158 943 κᾶν
1233 893 1377 966 παρὰ
1437 887 1596 952 δόξαν
1672 897 1767 950 τῆς

161 983 358 1036 ἄνωθεν
385 979 560 1045 δεξιᾶς
597 981 1000 1055 προασπιζούση
1012 1000 1052 1043 ς,
1111 978 1310 1052 βοηθοῦ
1339 981 1724 1050 κατετύγχανεν
1749 998 1760 1011 ·

159 1074 342 1147 ὥσπερ
385 1069 452 1131 δή
507 1075 596 1124 καὶ
641 1070 724 1124 ἐπὶ
771 1070 935 1123 πολλά
989 1075 1078 1122 καὶ
1109 1069 1353 1132 πολλάκις
1400 1077 1472 1139 τῷ
1512 1070 1764 1142 προθύμῳ

161 1169 257 1222 τῆς
309 1167 427 1234 περὶ
472 1164 558 1213 τόν
614 1163 744 1214 θεῖον
791 1160 940 1230 λόγον
974 1156 1215 1221 σπουδῆς
1249 1178 1304 1212 τε
1341 1164 1431 1211 καὶ
1469 1157 1764 1233 παρῥησίας

157 1248 636 1322 ἐπιϐουλευόμενον,
727 1248 976 1321 ἀνώτερον
1049 1245 1300 1323 διετήρει.
1370 1256 1630 1302 Τοσοῦτον
1705 1245 1764 1300 δι

152 1343 248 1391 τόν
295 1340 514 1412 πόλεμον
565 1339 706 1410 αύτῷ
758 1340 1096 1403 καθεστάναι,
1160 1341 1228 1400 ὡς
1279 1339 1390 1410 μετ’
1467 1337 1559 1390 οῦκ
1615 1335 1761 1408 ἀγεν-

151 1436 278 1491 νοῦς
336 1429 599 1502 φάλαγγος
658 1437 718 1502 τῇ
769 1428 911 1502 οἰκίᾳ
957 1427 1004 1480 ἐν
1160 1433 1428 1500 κατέμενεν
1494 1424 1758 1499 ἐνδημεῖν,

151 1527 258 1570 τῶν
311 1518 434 1591 παρ’
493 1518 633 1589 αύτῷ
680 1521 1090 1591 κατηχουμένων
1126 1522 1220 1576 τήν
1280 1519 1417 1590 ἱερὰν
1477 1513 1758 1570 παίδευσιν

150 1610 215 1659 τό
244 1607 445 1668 πλῆθος
500 1609 856 1681 ὑφορωμένων.
893 1612 994 1660 Καὶ
1046 1614 1290 1667 τοσοῦτος
1341 1608 1367 1658 ὁ
1425 1605 1538 1658 κατ’
1597 1609 1758 1657 αὐτοῦ

152 1692 395 1768 διωγμὸς
461 1698 683 1762 ἀνῆπτο,
740 1700 809 1758 ὡς
868 1696 963 1748 ἀνά
1034 1702 1208 1748 πᾶσαν
1260 1695 1417 1748 αύτόν
1464 1699 1558 1754 τήν
1609 1693 1757 1746 πόλιν

1882 535 1998 586 tem
2016 539 2385 602 raperentur,
2415 533 2596 606 349
2625 552 2764 590 cum
2792 535 2980 592 multa
3013 535 3236 590 fiducia
3265 540 3321 591 et
3358 534 3532 590 liber-

1879 623 1996 676 tate
2043 621 2396 692 produceret
2441 629 2620 695 atque
2647 625 3108 681 exoscularetur.
3157 625 3534 695 Quapropter
3627 675 3631 680 .

1879 725 2041 780 saepe
2071 716 2158 766 est
2188 713 2434 778 factum,
2465 719 2526 768 ut
2548 729 2620 768 ex
2637 713 2914 782 gentibus
2948 713 3150 785 plebes
3181 713 3380 768 furore
3405 728 3533 768 cor-

1878 804 2043 868 repta
2092 799 2395 870 lapidibus
2452 816 2590 857 eum
2643 801 2895 857 obruere
2951 802 3340 858 contenderit.
3416 800 3530 856 Sed

1874 887 2034 942 illum
2087 894 2298 958 praeter
2352 890 2878 960 exspectationem,
2913 892 3140 946 coalitus
3165 891 3374 947 dextra
3425 889 3529 945 Dei

1875 978 2153 1047 praesenti
2205 993 2319 1048 ope
2371 985 2463 1033 est
2518 983 2706 1035 tutata
2736 998 2749 1035 :
2779 979 3301 1052 quemadmodum
3346 978 3527 1034 etiam

1874 1081 2034 1138 saepe
2068 1065 2235 1131 alias,
2271 1077 2509 1138 prOpter
2543 1084 2849 1124 summam
2889 1068 3252 1125 alacritatem
3285 1069 3526 1124 liberta-

1873 1160 2112 1226 temque
2149 1155 2334 1212 divini
2375 1157 2540 1212 verbi
2591 1157 2868 1223 docendi,
2928 1157 3160 1213 insidiis
3198 1158 3522 1229 expetitum

1872 1247 2264 1300 conservavit.
2294 1247 2515 1301 Tantus
2545 1261 2723 1318 porro
2757 1248 3045 1303 adversus
3083 1247 3392 1302 hominem
3420 1262 3521 1301 ex-

1871 1333 2013 1389 stitit
2075 1339 2292 1399 motus,
2347 1339 2410 1390 ut
2460 1334 2633 1405 plebe
2681 1336 2918 1392 ethnica
2967 1341 3346 1408 procurante,
3399 1349 3522 1391 non

1871 1425 2309 1480 contemnenda
2341 1424 2596 1480 militum
2629 1442 2868 1492 manus,
2902 1425 2964 1481 in
2991 1442 3064 1482 ea
3088 1425 3185 1482 ubi
3209 1425 3524 1481 habitabat

1867 1512 2052 1569 domo
2084 1518 2438 1579 versaretur,
2464 1519 2520 1570 et
2551 1514 2788 1571 turbam
2829 1530 3039 1571 eorum
3068 1515 3173 1587 qui
3211 1515 3292 1571 ab
3323 1514 3424 1570 illo
3453 1514 3518 1570 in

1868 1601 2050 1658 sacris
2083 1602 2412 1674 disciplinis
2433 1603 2904 1675 instituerentur,
2931 1609 3216 1660 servaret.
3249 1605 3520 1676 Denique

1868 1707 2060 1762 usque
2090 1707 2161 1747 eo
2190 1692 2522 1762 persecutio
2547 1692 2840 1748 adversus
2867 1709 3003 1749 eum
3026 1693 3293 1760 invaluit,
3324 1699 3385 1748 ut
3414 1708 3521 1764 per

147 1788 331 1858 κρύφα
385 1791 657 1862 περιιέναι,
713 1787 882 1839 οἰκίαν
939 1785 992 1849 ἐξ
1058 1786 1226 1847 οἰκίας
1311 1785 1610 1854 ἀμείϐοντα,
1665 1790 1746 1836 τοι]

1866 1781 2076 1836 urbem
2089 1797 2355 1848 omnem,
2375 1782 2625 1838 domum
2638 1781 2822 1839 domo
2863 1791 3120 1848 mutans,
3150 1782 3306 1838 clam
3330 1782 3514 1837 circui

151 1879 373 1947 στίφους
426 1877 588 1950 χάριν
645 1883 744 1927 τῶν
810 1872 884 1927 δι’
942 1875 1100 1928 αὑτοῦ
1148 1883 1209 1948 τῇ
1275 1877 1386 1948 θείᾳ
1435 1878 1755 1947 προσιόντων

149 1962 385 2022 ἀσκήσει
436 1973 534 2016 τῶν
594 1964 756 2036 λόγων
789 1984 802 1998 ·
849 1963 958 2018 ἐπεί
994 1970 1073 2017 τοί
1124 1983 1182 2035 γε
1240 1964 1298 2016 ού
1346 1964 1530 2036 λόγους
1578 1969 1752 2037 μόνον,

147 2051 284 2106 ἀλλά
333 2057 424 2106 καὶ
462 2057 519 2106 τὸ
568 2054 691 2129 παρ’
744 2055 918 2126 ἐκείνῳ
978 2058 1326 2126 πραττόμενον
1385 2056 1752 2126 γνησιωτάτης

145 2143 460 2215 φιλοσοφίας
511 2142 792 2215 ἐτύγχανεν
847 2140 1082 2206 ἔνδειξις.
1153 2148 1420 2216 Σύμφωνος
1465 2140 1519 2195 δ’
1575 2141 1635 2201 ἧν
1697 2139 1751 2195 εὖ

143 2232 292 2304 μάλα
322 2236 410 2285 καὶ
449 2233 475 2284 ὁ
513 2232 662 2305 λόγος
707 2241 778 2302 τῷ
822 2235 977 2304 ἕργῳ,
1028 2237 1117 2285 καὶ
1161 2233 1396 2303 ἔμπαλιν.
1445 2232 1622 2286 Ἐνθεν
1672 2253 1751 2286 τοι

142 2327 238 2374 καὶ
291 2322 388 2383 τῆς
460 2323 650 2374 ἄνωθεν
735 2326 1104 2396 συναιρομένης
1189 2319 1456 2395 δυνάμεως
1531 2323 1750 2385 πολλοὺς

142 2412 303 2477 εἷλκε,
331 2415 421 2464 καὶ
454 2411 692 2473 ζηλωτὰς
723 2409 984 2464 ἐπεσπᾶτο
1014 2415 1254 2486 μυρίους.

779 2630 1001 2679 ΚΕΦΑΛ
1041 2625 1114 2682 E'.

142 2731 245 2794 Ὠς
280 2730 664 2820 τελεωτέρας
725 2728 1475 2820 φιλοσόφου’διαγωγῆς
1514 2733 1744 2820 ἥψατο,

222 2807 322 2881 καὶ
362 2803 925 2881 τὸνῇεύαγγελικόν
965 2803 1052 2867 είς
1091 2803 1429 2876 ἀκρίϐειαν
1468 2803 1747 2881 παρεφύὲ

223 2875 444 2927 λαττεν
484 2876 649 2948 ὅρον.

217 2981 306 3044 Ὦς
353 2977 412 3034 δε
454 2981 661 3042 πλείους
690 2980 862 3054 ἐκείνῳ
903 2984 1132 3053 ἐγίνοντο
1190 2987 1429 3054 φοιτηταί
1486 2991 1581 3044 τῆς
1630 2980 1745 3037 δια-

140 3069 334 3146 τριϐῆς
436 3077 529 3122 τοῦ
601 3079 856 3143 κατηχεῖν
933 3069 1364 3144 ἐπιτετραμμένης
1441 3070 1614 3144 ἐκείνῳ
1689 3075 1744 3125 ἐκ

139 3162 471 3234 Δημητρίου,
534 3157 838 3232 ἀσύμφωνον
899 3163 966 3222 ὡς
1048 3160 1184 3222 εἰκὸς
1239 3160 1585 3231 λογισάμενος
1650 3167 1743 3221 τήν

1859 3175 1890 3216 a
1925 3159 2218 3214 Demetrio
2247 3159 2357 3213 sibi
2398 3160 2740 3224 commissa,
2775 3159 2920 3214 vidit

135 3255 242 3300 τῶν
293 3247 472 3310 ἔξωθεν
519 3247 684 3318 λόγων
754 3245 998 3300 παιδείαν
1055 3257 1164 3312 τοῖς
1219 3251 1375 3323 ἱεροῖς
1427 3256 1741 3324 καταμίγνυ-

135 3340 290 3401 σθαι,
353 3335 639 3409 ἀφίσταται
701 3341 790 3410 μεν
848 3336 1039 3400 ἐκείνης
1095 3339 1242 3400 εὐθὺς
1297 3349 1394 3402 τῆς
1446 3337 1740 3416 διατριϐῆς,

133 3430 211 3488 ὡς
241 3427 440 3486 ἣκιστα
493 3434 740 3479 τοσοῦτον
795 3426 998 3499 ὠφελεῖν
1052 3425 1359 3502 δυναμένης,
1408 3433 1654 3483 τάναντία
1685 3429 1744 3484 δὲ

129 3520 232 3568 καὶ
284 3524 394 3578 τοῖς
458 3518 614 3588 ἱεροῖς
671 3516 1048 3589 εἰσηγουμένης
1111 3527 1210 3570 τῶν
1284 3518 1468 3590 λόγων.
1527 3519 1744 3574 Ἔπειτα

126 3609 354 3677 γενναίῳ
406 3611 495 3658 καὶ
558 3602 846 3678 ἀνδρώδει,
910 3612 1000 3658 καὶ
1054 3609 1111 3658 τό
1165 3607 1336 3660 πλεῖον
1392 3611 1546 3680 φάναι
1604 3609 1743 3681 φιλο-

131 3697 288 3765 σόφῳ
337 3701 406 3764 τῷ
473 3697 729 3767 λογισμῷ,

127 3779 324 3844 ἐνδεής
369 3785 554 3856 ὁρῷτο,
615 3785 716 3836 ὅσα
769 3804 829 3854 γε
877 3784 1019 3854 αὐτῷ
1076 3781 1210 3842 ἦσαν
1269 3794 1367 3836 τῶν
1424 3784 1637 3858 βιϐλίων
1694 3787 1742 3847 ἐς

809 3693 892 3746 ἳνα
944 3700 1015 3766 μὴ
1095 3695 1368 3770 ἀλλοτρίας
1445 3696 1742 3772 ἐπικουρίας

127 3875 381 3944 περιττὸν
434 3881 526 3934 τῆς
581 3871 882 3945 φιλοκαλίας
952 3871 1358 3945 ἐσπουδασμένα
1421 3873 1584 3945 λόγων
1632 3875 1743 3928 Ἐλ-

125 3961 362 4018 ληνικῶν
401 3959 480 4014 ἐπὶ
538 3970 638 4035 ὠνῇ
690 3970 762 4033 τῷ
821 3959 1113 4034 βουλομένῳ
1160 3965 1386 4034 προθεὶς,
1451 3967 1740 4038 τέσσαρσιν

129 4049 344 4112 ὀϐολοῖς
397 4049 623 4112 ἑκάστης
669 4053 861 4124 ἡμέρας
921 4055 1052 4126 πρὸς
1132 4059 1224 4104 τοῦ
1301 4052 1584 4125 ἐωνημένον
1652 4053 1738 4106 ἐκ-

126 4140 497 4212 ποριζόμενος,
556 4139 638 4191 ἐπὶ
701 4141 939 4194 πλεῖστον
1017 4146 1207 4214 χρόνον
1255 4142 1390 4194 οὕτω
1449 4141 1739 4215 φιλοσοφῶν

129 4226 378 4293 διετέλει,
433 4229 606 4280 πᾶσαν
658 4231 1061 4304 νεωτερίζουσαν
1127 4230 1250 4289 ὓλην
1307 4235 1398 4283 καὶ
1456 4234 1737 4304 ἐπιθυμίαν

127 4319 197 4370 οῦ
276 4321 650 4390 προσήκουσαν
717 4318 770 4382 ἐξ
844 4318 1027 4372 ἑαυτοῦ
1084 4318 1465 4392 ἀπωθούμενος.
1518 4321 1736 4397 Ἡμέρας

127 4410 228 4480 μὲν
285 4402 374 4458 οὖν
439 4403 653 4479 ἐνιδρῶν
702 4410 771 4469 ὡς
817 4407 1081 4471 πλεῖστον,
1132 4411 1330 4482 νύκτωρ
1362 4409 1593 4462 πλείοσιν
1626 4411 1736 4464 ἐπε-

1865 1872 1971 1934 ret,
2004 1867 2400 1926 multitudinis
2441 1873 2569 1941 ejus
2614 1871 2824 1941 gratia,
2873 1887 3007 1944 quae
3062 1872 3335 1927 doctrina
3388 1871 3518 1942 ejus

1865 1958 2128 2015 adducta
2161 1959 2240 2015 ad
2275 1959 2542 2015 divinam
2573 1965 2903 2017 accesserat
2935 1961 3386 2033 professionem.
3437 1959 3519 2016 Si-

1863 2049 2108 2119 quidem
2138 2064 2260 2104 non
2307 2051 2491 2105 verba
2523 2049 2742 2114 solum,
2775 2049 2881 2105 sed
2937 2050 3095 2106 facta
3148 2049 3326 2105 etiam
3387 2049 3518 2120 ejus

1861 2140 2263 2194 certissimum
2293 2139 2766 2207 germanissimae
2789 2137 3182 2210 philosophias
3206 2138 3330 2211 ejus
3351 2137 3514 2195 fuere

1860 2227 2150 2283 indicium
2181 2227 2283 2299 (1).
2339 2231 2583 2284 Prorsus
2624 2242 2909 2300 namque,
2942 2228 3195 2284 orationi
3226 2229 3346 2284 vita
3375 2243 3516 2284 con-

1860 2332 2080 2387 gruens
2117 2317 2538 2390 respondebat.
2572 2319 2765 2382 Quam
2795 2316 2876 2372 ob
2914 2333 3162 2374 causam
3219 2317 3399 2373 etiam
3451 2318 3512 2373 vi

1859 2411 1913 2461 et
1943 2421 2057 2477 ope
2087 2406 2292 2462 divina
2316 2405 2654 2471 auxiliante,
2689 2405 2908 2462 multos
2949 2405 3027 2462 ad
3084 2421 3149 2462 se
3205 2405 3510 2478 pertraxit,

1855 2493 2328 2569 innumerosque
2355 2495 2566 2552 habuit
2590 2495 2939 2552 imitatores.

2527 2621 2750 2677 CAPUT
2779 2623 2846 2677 V.

1865 2731 1936 2787 Ut
1959 2729 2142 2786 vitam
2165 2730 2430 2800 attigerit
2451 2729 2804 2798 philosopho
2823 2727 3250 2800 perfectiorem,
3279 2732 3333 2784 et
3351 2741 3506 2797 pra-

2000 2802 2224 2872 scripta
2248 2803 2586 2872 evangelica
2615 2801 3063 2858 accuratissime
3085 2801 3360 2857 servarit.

1927 2981 2240 3036 Enimvero
2271 2980 2372 3036 ubi
2403 2979 2884 3053 quamplurimos
2925 2981 3006 3036 ad
3047 2995 3110 3035 se
3175 2977 3506 3050 discipulos

1855 3069 2176 3136 conﬂuere,
2212 3086 2455 3125 munere
2489 3070 2822 3126 catechistaa
2859 3085 2980 3125 una
3001 3085 3138 3124 cum
3181 3068 3390 3124 schola
3432 3082 3504 3124 ea

2979 3174 2992 3212 :
3044 3158 3375 3214 absurdum
3403 3157 3508 3228 (ita

1853 3255 1918 3304 ut
1959 3264 2070 3320 par
2118 3254 2264 3314 erat,
2319 3248 2662 3317 arbitratus,
2717 3247 3111 3320 profanarum
3173 3247 3504 3302 litterarum

1852 3338 2244 3393 eruditionem
2300 3353 2485 3392 sacrm
2539 3337 2926 3392 commiscere
2976 3336 3282 3404 doctrinae,
3344 3335 3500 3391 illico

1851 3433 2232 3482 externarum
2263 3430 2478 3482 artium
2513 3426 2780 3482 studium
2821 3425 3168 3497 posthabuit
3222 3441 3237 3491 ;
3271 3425 3496 3497 quippe

1851 3531 1986 3587 quae
2018 3522 2322 3588 tantopere
2352 3516 2519 3570 utiles
2549 3531 2680 3571 esse
2711 3531 2833 3570 non
2872 3519 3138 3586 possent,
3171 3520 3227 3570 et
3256 3515 3499 3569 diversa

1851 3619 1886 3660 a
1915 3605 2098 3659 sacris
2129 3604 2384 3660 oraculis
2415 3604 2624 3659 afferre
2655 3603 2930 3659 solerent.
2967 3603 3186 3659 Deinde
3209 3617 3500 3674 generoso

1851 3698 1907 3749 et
1947 3694 2116 3758 virili,
2158 3693 2454 3764 planeque
2484 3693 2571 3764 (ut
2618 3693 2882 3763 amplius
2931 3692 3227 3765 quiddam
3276 3691 3501 3759 dicam)

1850 3781 2211 3853 philosopho
2243 3782 2463 3847 animo,
2505 3798 2577 3837 ne
2602 3786 2844 3837 externo
2890 3781 3178 3854 quopiam
3232 3779 3502 3835 subsidio

1849 3871 2112 3939 indigere
2140 3869 2452 3935 videretur,
2473 3885 2843 3942 quaecunque
2860 3871 2913 3925 ei
2943 3875 3130 3938 erant,
3155 3868 3498 3924 Graecorum

1849 3958 2138 4015 librorum
2159 3976 2398 4015 summa
2422 3959 2714 4028 elegantia
2733 3964 2789 4014 et
2808 3961 3118 4015 venustate
3145 3957 3501 4013 concinnata

1850 4048 2180 4112 volumina,
2211 4049 2444 4105 venalia
2465 4048 2792 4121 proposuit,
2817 4054 2872 4104 et
2892 4052 3152 4121 quatuor
3180 4045 3499 4103 obolorum

1850 4138 1910 4194 in
1933 4139 2091 4193 diem
2121 4138 2395 4210 quemvis
2419 4139 2672 4210 pretium
2693 4138 2802 4194 sibi
2834 4138 2912 4194 ab
2939 4142 3208 4208 emptore
3239 4134 3500 4208 penden-

1849 4228 2066 4283 dorum
2095 4232 2181 4283 est
2213 4229 2559 4300 stipulatus.
2597 4227 2763 4283 Unde
2803 4227 3066 4299 plurimo
3097 4232 3363 4298 tempore
3415 4225 3493 4280 ad

1850 4333 1987 4372 eum
2040 4317 2290 4373 modum
2349 4317 2754 4390 philosophari
2811 4315 3253 4389 perseverabat,
3318 4314 3496 4386 350

1849 4422 2096 4462 causam
2118 4411 2176 4461 et
2209 4409 2513 4462 materiam
2541 4422 2807 4470 omnem,
2829 4421 2967 4478 quas
2993 4404 3227 4460 allicere
3253 4419 3390 4460 eum
3420 4403 3500 4458 ad

131 4494 300 4550 δίδου
330 4499 526 4559 πόνοις,
578 4499 634 4548 τό
673 4495 842 4549 πλεῖον
880 4501 1034 4570 μέρος
1086 4505 1146 4570 τῇ
1179 4506 1276 4550 τῶν
1333 4500 1476 4550 θείων
1523 4506 1734 4573 Γραφῶν

1859 4514 1944 4553 res
1965 4513 2154 4553 novas
2170 4504 2227 4553 et
2245 4497 2474 4552 illicitas
2495 4504 2713 4568 posset,
2733 4502 2912 4569 atque
2947 4494 3498 4568 concupiscentiam

128 4581 464 4637 ἐκδαπανῶν.
494 4584 558 4639 Εἰ
610 4580 670 4637 δέ
718 4605 816 4638 που
847 4592 938 4638 καὶ
977 4587 1138 4639 ὕπνου
1169 4590 1557 4659 παραγεύεσθαι
1603 4587 1730 4643 ἔδει.

125 4679 217 4728 ἐπὶ
272 4673 430 4745 ψιλοῦ
469 4679 834 4746 κατακείμενος
871 4683 963 4727 τοῦ
995 4673 1234 4748 ἐδάφους,
1295 4677 1389 4728 ούκ
1438 4676 1521 4730 ἐπὶ
1571 4698 1736 4754 στρω-

121 4772 264 4838 lxvii;
345 4762 753 4836 μεταλαμϐάνειν
829 4760 1018 4832 ἐδόκει,
1084 4764 1329 4836 ὀλιγίστῳ
1405 4768 1573 4826 πάντη
1647 4774 1731 4821 καὶ

123 4856 501 4926 μεμετρημένῳ
585 4855 750 4924 τούτῳ
843 4859 1266 4926 προσχρώμενος,
1345 4863 1416 4926 τῷ
1489 4856 1729 4910 πλεῖστον

125 4946 224 5014 μεν
273 4940 492 5008 ἀσιτεῖν,
557 4946 646 4994 καὶ
703 4939 876 5002 ἀλλαις
929 4943 1229 5014 φιλοσόφοις
1279 4950 1599 5016 γυμνασίαις
1646 4949 1732 5018 ἑγ-

122 5038 398 5105 καρτερείν
445 5035 783 5103 γενναιότατα
813 5049 826 5062 ·
869 5039 968 5082 τῶν
1014 5027 1073 5084 δε
1121 5040 1211 5084 τοῦ
1267 5040 1499 5106 Σωτῆρος
1530 5043 1728 5104 φωνῶν,

123 5120 328 5180 ἐκείνας
373 5120 563 5191 μᾶλλον
620 5120 888 5192 φυλάττειν
941 5116 1048 5173 δεῖν
1107 5125 1251 5192 εῷτο,
1310 5124 1432 5174 ὅσαι
1495 5128 1567 5193 μή
1631 5119 1729 5176 δύο

123 5218 386 5283 χιτῶνας,
451 5205 581 5280 μηδ’
657 5206 981 5282 ὑποδήματα
1037 5213 1384 5282 περικεῖσθαι,
1441 5216 1572 5282 μήτε
1628 5217 1730 5284 μήν

123 5306 242 5360 ταῖς
291 5298 552 5351 εἰσέπειτα
605 5303 871 5374 φροντίσιν
938 5295 1337 5352 ἐκδαπανᾶσθαι
1414 5297 1738 5355 διακελεύον-

203 5477 286 5548 (1)
305 5476 443 5550 -Οἶον
489 5481 615 5548 γοῦν
646 5478 734 5528 τὸν
761 5475 934 5548 λόγον,
959 5471 1153 5550 fatévd
1157 5495 1177 5529 ε
1207 5481 1344 5550 φασὶ,
1392 5480 1478 5530 τὸν
1507 5481 1697 5550 τρόπον
1719 5495 1735 5512 ·

127 5543 225 5601 καί
265 5543 380 5601 ὀἷον
431 5543 518 5600 τὸν
564 5553 775 5621 τρόπον,
801 5543 1005 5621 τοιόνδε
1061 5553 1150 5621 καὶ
1197 5543 1282 5602 τόν
1334 5547 1484 5621 λόγον
1538 5543 1738 5604 ἐπεδεί-

130 5639 314 5677 κνυτο.
341 5623 547 5694 Itaque
573 5618 670 5680 ille
681 5618 924 5694 qualem
936 5619 1290 5688 oralionem,
1305 5618 1480 5679 talem
1495 5636 1739 5697 quoque

1243 5737 1251 5762 ι

1848 4587 2222 4642 indecentem
2252 4587 2427 4655 longe
2459 4602 2496 4642 a
2537 4603 2598 4641 se
2650 4585 3013 4659 propellens.
3064 4588 3129 4640 Et
3177 4584 3274 4640 die
3319 4582 3498 4638 sudo-

1846 4676 2010 4731 ribus
2063 4681 2129 4730 ut
2174 4675 2500 4748 plurimum
2543 4682 2800 4746 peracto,
2835 4681 3017 4730 noctu
3064 4675 3242 4729 etiam
3308 4671 3497 4727 multo

1845 4764 2456 4830 incumbebatlabori,
2473 4764 2799 4820 maximam
2813 4765 2940 4836 ejus
2955 4762 3236 4834 temporis
3265 4765 3497 4834 partem

1845 4853 2230 4909 meditatione
2255 4853 2594 4910 divinarum
2627 4855 3071 4925 Scripturarum
3101 4865 3498 4908 consumens.

1844 4941 1901 4996 Si
1917 4942 2164 5013 quando
2185 4943 2365 4998 etiam
2387 4958 2635 4998 somnus
2665 4943 2855 4998 obiter
2875 4941 3293 5011 degustandus
3317 4942 3496 5008 esset,

1845 5046 1964 5088 non
1993 5031 2051 5086 in
2078 5037 2259 5086 strato
2288 5032 2507 5102 aliquo,
2540 5032 2641 5087 sed
2673 5033 2732 5087 in
2759 5031 2924 5086 nuda
2951 5031 3137 5086 humo
3161 5030 3390 5100 jacens,
3418 5041 3497 5084 eo

1846 5120 2193 5190 parcissime
2231 5122 2520 5197 utebatur,
2571 5120 2814 5190 jejuniis
2867 5118 3195 5191 plurimum
3247 5117 3501 5189 aliisque

1845 5208 2277 5281 philosophicis
2307 5210 2598 5266 exercitiis
2630 5209 3111 5265 constantissime
3140 5221 3378 5278 semper
3404 5207 3500 5260 in-

1848 5301 2060 5354 tentus.
2094 5301 2175 5354 Ex
2219 5299 2542 5355 Servatoris
2571 5296 2885 5370 prteceptis
2918 5296 3020 5353 illa
3072 5295 3333 5353 maxime
3375 5310 3498 5350 ser-

1849 5476 2033 5550 vitam
2067 5494 2081 5532 :
2115 5482 2171 5532 et
2199 5477 2437 5550 qualem
2468 5478 2674 5550 vitam,
2716 5475 2891 5550 talem
2931 5475 3110 5532 etiam
3159 5473 3494 5550 orationem

1851 5549 2196 5607 exhibuisse
2217 5547 2460 5606 dicitur.
2495 5549 2717 5608 Euseb.
2753 5547 2833 5607 lib
2863 5564 2941 5622 vn,
2983 5562 3116 5622 cap.
3156 5549 3208 5603 3.
